4198 6440
749 443 821 504 99
1669 443 2001 504 GEORGII
2044 443 2298 502 CYPRII
2339 442 2444 503 CP.
2490 441 3002 501 PATRlAliCliE

3902 445 4002 509 100

746 573 812 611 ea:
835 558 949 622 ipso
975 558 1209 627 accipere
1228 556 1481 627 Spiritum
1503 566 1770 621 sanctum,
1799 558 1951 625 quasi
1980 556 2160 609 divina
2184 558 2327 610 illius
2363 576 2403 631 Α
2434 572 2671 625 quorum
2704 556 2868 609 homo
2914 555 3233 611 Dominicus
3263 558 3423 612 Jesus
3456 557 3713 614 Christus
3760 561 4004 630 repletus

745 666 872 703 caro
904 648 1329 717 conceptaculum
1380 648 1605 718 Spiritus
1634 649 1831 719 factum
1884 658 2054 711 esset,
2114 658 2327 717 propter

746 746 1044 813 spiritantia
1103 744 1290 796 dona:
1345 746 1581 813 adeoque
1626 745 1797 796 sancti
1832 742 2059 812 Spiritus
2114 760 2323 804 nomen,

748 852 850 888 non
883 837 951 887 ad
985 834 1324 889 indicandam
1377 838 1605 905 Spiritus
1632 837 1802 888 sancti
1846 846 2118 899 naturam,
2142 836 2231 888 scd
2257 835 2325 888 ad

746 927 1023 981 indicanda
1086 929 1395 996 spiritualin
1436 929 1575 981 dona
1647 929 1855 996 accipi,
1910 929 1963 980 in
2020 944 2326 996 quocunque

749 1016 1149 1086 Scriptururum
1176 1018 1286 1070 loco
1335 1020 1637 1071 inveniatur
1667 1018 1893 1087 Spiritus
1922 1030 2183 1071 ’cmanans
2208 1059 2221 1082 ,
2246 1020 2327 1088 εῙ-

741 1113 930 1180 ﬂuens,
958 1119 1007 1163 et
1044 1111 1319 1178 prosiiiens
1343 1128 1405 1163 ea:
1450 1110 1609 1164 Filio.

817 1202 961 1254 lntcr
1012 1218 1174 1267 Opera
1232 1202 1418 1270 spuria
1468 1202 1747 1257 homiliam
1781 1204 1922 1257 hanc
1968 1204 2321 1269 ablegandum

740 1290 929 1357 jttbenl
968 1292 1171 1344 Fronto
1249 1293 1499 1355 Dacicus,
1550 1295 1805 1357 Savilius,
1836 1294 2107 1358 Petavius,
2150 1297 2325 1350 Mont-

740 1382 1076 1437 faneonius:
1136 1386 1252 1453 ejus
1291 1386 1439 1438 enim
1466 1396 1662 1439 auctor
1726 1397 1861 1440 totus
1919 1391 2173 1457 strigosus
2222 1397 2319 1454 est,

740 1485 1109 1543 coarctutoquc
1130 1476 1333 1527 dicendi
1362 1491 1548 1544 genere
1576 1478 1773 1541 utitur;
1810 1487 1863 1529 ut
1890 1477 2066 1529 nullus
2093 1494 2324 1546 unquam

741 1568 879 1618 visus
936 1569 998 1619 sit
1048 1569 1417 1636 Chrysostomo
1461 1569 1773 1621 absimilior.
1806 1567 2117 1623 Genuinum
2155 1569 2322 1624 fetum

738 1658 953 1725 putavit
996 1658 1224 1712 l'liotius
1296 1660 1347 1711 in
1389 1659 1713 1713 Bibliotheca
1751 1662 1938 1715 codice
1973 1662 2100 1726 ΞΠ,
2146 1678 2323 1731 neque

739 1749 965 1800 tlubintn
1006 1752 1171 1800 movit
1209 1750 1414 1803 Beccns
1464 1753 1640 1819 capite
1673 1754 1757 1816 ll,
1790 1753 1857 1806 de
1880 1754 2090 1821 Spiritu
2133 1766 2323 1807 sancto

738 1840 879 1907 apud
910 1842 1163 1893 Aliatium
1220 1844 1272 1893 in
1306 1841 1516 1895 Crn'cia
1566 1845 1882 1906 orthodoxa,
1921 1855 2070 1897 tomo
2100 1844 2141 1897 Ι.
2178 1845 2323 1899 Num

2428 657 2566 711 erat,
2600 663 2663 703 ac
2690 647 2757 701 de
2786 648 2991 717 quibus
3032 647 3271 719 Spiritus
3321 661 3546 705 sanctus
3587 651 3889 720 accipiens.
3912 651 4001 705 dio

2430 742 2627 795 tribuit
2660 741 2893 795 caeteris.
2937 741 3051 794 lmo
3107 743 3269 796 verba
3311 743 3399 796 illa
3429 756 3747 798 sanctorum
3774 745 4000 799 Patrum

2426 832 2630 888 chorus
2662 835 2729 887 de
2760 844 2957 887 natura
2998 834 3183 889 divina
3216 834 3505 897 intellexit,
3528 852 3694 906 quam
3731 837 3928 906 accipit
3968 852 4000 891 a

2426 926 2565 981 Filio
2593 927 2834 997 Spiritus
2859 937 3104 993 sanctus,
3142 929 3241 997 ipsi
3281 939 3333 982 et
3366 930 3538 992 Patri,
3574 946 3603 981 a
3637 931 3841 999 quibus
3872 950 4001 1000 pro-

2426 1018 2593 1080 cedit,
2621 1018 2869 1087 a-qualis.
2901 1016 3109 1073 Locum
3139 1020 3340 1074 habeat
3370 1036 3503 1075 vero
3536 1004 3776 1075 humilia:
3805 1035 3999 1076 aucto-

2427 1111 2502 1162 ris
2526 1110 2906 1179 interpretatio
2941 1129 2955 1163 :
2985 1127 3107 1179 quae
3132 1122 3251 1165 tum
3294 1116 3474 1181 primo
3507 1114 3732 1167 minime
3756 1115 4001 1168 excludit

2426 1200 2667 1269 Spiritus
2709 1205 2878 1256 sant-ti
2936 1219 3185 1272 persona:
3232 1204 3546 1259 missionem
3598 1222 3629 1259 a
3674 1205 3812 1261 Filio
3840 1226 3853 1258 ;
3883 1216 3997 1259 tuin

2425 1295 2589 1345 etiam
2620 1295 2845 1348 missum
2866 1295 3129 1363 Spiritum
3161 1305 3411 1351 sanctum
3430 1298 3716 1368 distinguit
3747 1315 3778 1351 a
3839 1298 4001 1353 donis

2426 1398 2547 1450 qua:
2600 1382 3040 1451 suppeditantur.
3079 1380 3202 1438 Huic
3251 1392 3472 1453 praestat
3518 1385 3702 1438 omnia
3753 1383 3997 1437 Joannes

2425 1475 2631 1528 Beccus
2672 1474 2796 1527 loco
2825 1476 3012 1529 citato.
3044 1474 3382 1546 Compendio
3416 1477 3642 1531 collecta
3686 1477 3801 1530 hac
3846 1485 3996 1529 sunt.

2425 1567 2501 1620 Ac
2538 1568 2588 1620 1·
2622 1582 2686 1621 eo
2720 1567 2775 1619 in
2801 1567 2921 1620 loco
2953 1566 3191 1635 Spiritus
3224 1578 3444 1621 sanctus
3476 1568 3565 1621 ille
3592 1578 3696 1633 est,
3723 1569 3815 1636 qui
3855 1569 3995 1621 acci-

2427 1659 2504 1727 pit
2540 1676 2550 1709 :
2584 1676 2759 1728 neque
2794 1670 2902 1712 tam
2932 1660 3169 1714 absurda
3202 1661 3254 1713 in
3282 1659 3467 1714 Jesum
3492 1660 3772 1715 Christum
3798 1661 3995 1715 cadere

2427 1750 2629 1803 locutio
2655 1760 2849 1819 potest,
2906 1762 2963 1804 ut
3011 1753 3073 1803 de
3125 1754 3664 1821 meo{dicat)aceipit
3719 1756 3996 1821 spirituale

2427 1844 2643 1895 donum.
2705 1842 2760 1894 2°
2810 1843 2926 1895 Vim
2991 1841 3265 1897 faciebant
3314 1846 3366 1898 in
3420 1860 3481 1899 ea
3519 1847 3689 1908 vocis,
3752 1848 3993 1915 accipiet,

738 1946 869 1997 ergo
917 1931 1229 1985 (it-iecorum
1284 1944 1596 1986 commento
1641 1935 1818 1988 faveat
1864 1935 2311 2007 Chrysostomus,
2352 1925 2392 1978 Β
2424 1933 2589 1985 veluti
2629 1932 2871 1986 exilitate
2904 1932 3146 1985 hmretici
3184 1952 3194 1984 :
3231 1949 3295 1987 ac
3339 1935 3383 1989 si
3422 1933 3656 2003 Spiritus
3683 1947 3902 1989 sanctus
3925 1939 3994 1991 de

739 2025 823 2075 γυι
870 2025 1119 2092 quisquis
1156 2025 1275 2094 ejus
1315 2024 1552 2078 humilia:
1594 2036 1787 2080 auctor
1828 2028 1944 2081 est?
1998 2029 2111 2081 lino
2156 2029 2308 2098 plura

740 2119 948 2183 reperit
989 2117 1040 2167 in
1075 2134 1137 2168 ea
1172 2118 1396 2179 Beecus,
1432 2134 1552 2187 qua:
1593 2120 1969 2172 adversantur.
2009 2122 2085 2175 Ac
2137 2122 2313 2189 primo

739 2212 981 2263 auctoris
1016 2210 1263 2262 dortrina
1291 2214 1531 2263 occurrit
1553 2210 1620 2264 tle
1642 2213 1811 2263 sancti
1834 2212 2059 2281 Spiritus
2090 2214 2314 2266 nomini-

740 2302 853 2364 bus,
891 2317 1122 2368 quorum
1159 2300 1261 2352 alia
1320 2301 1559 2368 Spiritus
1604 2305 1773 2357 sancti
1801 2315 2051 2358 naturam
2104 2306 2314 2380 signiti-

741 2405 885 2453 tant,
918 2404 972 2445 et
1004 2393 1107 2446 alia
1148 2393 1391 2447 indicant
1429 2394 1570 2446 dona
1601 2394 1720 2463 ejus
1743 2436 1756 2458 ,
1794 2412 1915 2465 quae
1947 2396 2182 2464 Spiritus
2222 2413 2316 2464 ap-

742 2487 1037 2555 peilautnr.
1072 2486 1387 2539 Dortrinam
1422 2486 1563 2540 hanc
1590 2487 1749 2555 longe
1776 2488 1992 2555 lateque
2020 2501 2315 2557 pertracm-

743 2588 850 2629 tant
878 2578 960 2630 his
979 2579 1305 2646 compendio
1324 2578 1530 2647 colligit
1561 2579 1763 2641 verbis,
1797 2594 1946 2631 num.
1971 2580 2036 2632 5:
2062 2599 2078 2627 ι
2109 2581 2314 2647 ltepeto

742 2669 905 2735 igitur
937 2670 1148 2720 nomina
1190 2668 1468 2736 ineﬂ'nbilis
1500 2669 1868 2738 natura::90
1900 2670 2160 2737 Spiritum
2192 2687 2314 2725 san-

740 2772 910 2821 ctum,
948 2759 1207 2822 Spiritum
1243 2760 1357 2822 Dei,
1387 2759 1652 2827 Spiritum
1676 2766 1852 2828 quies
1886 2762 2016 2823 Deo,
2050 2761 2311 2830 Spiritum

742 2851 977 2911 Domini,
1031 2850 1297 2918 Spiritum
1341 2852 1537 2913 Patris,
1571 2851 1831 2919 Spiritunt
1871 2853 2014 2917 Filii,
2043 2854 2312 2921 Spiritum

739 2942 963 3005 Christi,
993 2941 1258 3008 Spiritum
1291 2942 1382 3009 qui
1427 2942 1689 2995 excitavit
1716 2940 2014 3004 Christum,
2048 2942 2313 3010 Spiritum

740 3049 885 3098 utin,
927 3034 1192 3102 Spiritum
1225 3035 1495 3087 veritatis.
1529 3035 1663 3087 Dein
1715 3034 1853 3086 dona
1884 3050 1899 3085 :
1932 3035 2169 3103 Spiritus
2208 3052 2315 3087 vzr-

740 3132 891 3189 tntis,
947 3127 1185 3193 Spiritus
1254 3125 1573 3188 cltaritatis,
1635 3126 1871 3194 Spiritus
1919 3130 2312 3195 temperantia,

742 3218 980 3283 Spiritus
1013 3217 1419 3285 promissionis,
1450 3218 1692 3285 Spiritus
1729 3217 1875 3279 lidei,
1902 3217 2139 3285 Spiritus
2163 3233 2314 3270 reve-

742 3310 982 3371 latioziis,
1033 3310 1269 3376 Spiritus
1317 3308 1626 3375 adoptionis
1687 3307 1921 3359 ﬁliorum
1968 3308 2083 3360 Dei.
2119 3328 2138 3358 ι
2194 3309 2316 3362 Ηέυρ

740 3403 852 3463 ille,
894 3417 1011 3467 «μω
1042 3399 1514 3451 aceuratissimum
1548 3410 1602 3450 u'.
1634 3398 1699 3451 ad
1726 3415 1958 3451 etamen
1986 3399 2312 3466 redigamus,

739 3491 1017 3543 locnsiton
1046 3500 1145 3543 est.
1176 3490 1426 3543 Jamvero
1458 3491 1674 3541 ubinam
1705 3499 1826 3542 sunt
1852 3490 1932 3542 illi
1950 3492 2043 3556 (ait
2064 3491 2311 3558 Beceus),

738 3586 827 3653 qni
862 3584 1178 3635 contendunt
1202 3599 1304 3634 non
1334 3592 1584 3633 naturam
1617 3584 1785 3634 sancti
1807 3580 2034 3648 Spiritus
2054 3583 2311 3645 dcnotari,

738 3675 828 3724 sed
878 3690 1081 3741 semper
1136 3672 1437 3741 spiritantia
1484 3675 1622 3723 dona
1652 3714 1665 3735 ,
1704 3674 1756 3723 in
1810 3688 2118 3741 quacunque
2147 3690 2313 3725 sacra:

740 3765 1028 3831 Scriptum:
1074 3775 1223 3829 parte
1255 3767 1543 3832 reperitur,
1574 3764 1833 3831 Spiritum
1885 3780 2123 3816 sanctum
2183 3782 2309 3827 esse,

742 3873 1011 3919 emanare,
1064 3867 1111 3908 ct
1155 3857 1345 3925 eﬂ‘undi
1388 3871 1450 3908 ex
1502 3854 1654 3908 Filio.
1695 3855 1869 3907 Dahin
1906 3857 2093 3924 procul
2127 3874 2311 3909 nomen

741 3948 1017 4016 iui'ﬂ'obilis
1047 3959 1249 3999 nuturw
1273 3959 1498 4015 USUI'lIal
1520 3947 1773 4001 Christus
1800 3990 1811 4008 .
1843 3950 1959 4002 sive
1985 3964 2107 4000 cunt
2132 3951 2258 4001 dicit
2297 3968 2310 4003 :

743 4040 874 4098 Cum
921 4044 1111 4091 venerit
1166 4039 1254 4092 ille
1289 4038 1514 4109 Spiritus
1548 4042 1785 4091 veritatis
1823 4078 1835 4091 .
1871 4079 1885 4093 .
1923 4080 1936 4093 .
1964 4040 2056 4092 ille
2090 4058 2167 4091 me
2197 4042 2313 4093 cta-

741 4133 964 4198 riﬁrabit
990 4134 1110 4200 quia
1129 4134 1189 4183 de
1225 4148 1335 4183 meo
1373 4133 1612 4199 accipiet,
1652 4142 1699 4183 et
1724 4134 2310 4187 annuntiabitvobis....

743 4225 801 4277 Si
863 4241 965 4275 non
1021 4224 1224 4284 abiero,
1278 4221 1588 4273 Paractetus
1624 4238 1726 4274 non
1773 4223 1941 4275 veniet
1971 4224 2040 4274 ad
2094 4238 2208 4275 ros:
2267 4225 2313 4275 si

744 4329 922 4369 autent
946 4316 1139 4377 ubicro,
1184 4316 1390 4365 mittant
1414 4330 1530 4365 eum
1571 4315 1640 4366 ad
1682 4331 1766 4366 vos
1801 4351 1815 4366 .
1843 4354 1857 4369 .
1891 4354 1905 4367 .
1940 4315 2070 4368 Cum
2120 4316 2312 4367 venerit

748 4408 1074 4471 I’uructctus,
1097 4421 1247 4476 quem
1276 4420 1366 4473 ego
1393 4406 1597 4457 mittam
1613 4407 1756 4457 vobis
1787 4422 1819 4457 a
1852 4405 2029 4467 l‘utre,
2060 4404 2313 4473 Spiritum

743 4503 996 4561 reritatir.
1018 4502 1106 4566 qui
1142 4514 1173 4549 a
1207 4497 1368 4548 Putre
1400 4496 1675 4563 procedit;
1706 4496 1823 4548 sive
1853 4496 2016 4548 etiam
2053 4512 2176 4549 cum
2205 4497 2308 4550 ait:

2413 2024 2573 2078 donis
2611 2024 2816 2079 Christi
2848 2036 3213 2089 mutuaretur,
3244 2043 3365 2095 qua:
3397 2028 3519 2082 aliis
3570 2031 3991 2097 suppeditaret;

2414 2131 2521 2167 non
2555 2117 2697 2167 enim
2749 2116 2861 2170 haec
2914 2117 3100 2170 elierri
3131 2119 3198 2172 de
3234 2136 3468 2187 persona
3499 2121 3684 2175 divina
3740 2133 3993 2191 possunt.

2411 2206 2518 2275 91
2551 2209 2605 2261 ὅτ’
2633 2207 2829 2259 Verum
2867 2210 3089 2263 basilice
3119 2210 3384 2265 falluntur
3406 2212 3483 2266 illi
3516 2232 3531 2265 :
3567 2213 3808 2281 Spiritus
3839 2232 3995 2268 nam-

2412 2314 2519 2366 que
2547 2309 2790 2359 sanctus,
2822 2300 2914 2367 qui
2962 2302 3023 2353 de
3057 2298 3261 2355 Christi
3307 2302 3465 2356 donis
3512 2305 3734 2372 accipit,
3769 2305 3858 2359 ille
3907 2318 3994 2360 est

2414 2389 2505 2457 qui
2546 2390 2884 2443 Dominicum
2936 2392 3209 2445 hominem
3260 2395 3440 2459 unxit,
3500 2398 3871 2464 sancti/icarit,
3915 2398 3992 2451 fe-

2414 2479 2597 2546 citque
2656 2479 2822 2531 veluti
2902 2485 3351 2549 conceptaculum
3408 2486 3651 2539 omnium
3722 2488 3990 2541 donorum

2413 2585 2645 2636 quorum
2683 2571 2933 2625 homines
2970 2584 3153 2627 essent
3184 2575 3496 2645 participes.
3528 2579 3580 2631 4⁸
3607 2579 3723 2631 iam
3753 2597 3882 2632 vero
3917 2584 3995 2636 ita

2415 2663 2552 2714 dona
2585 2678 2679 2713 sua
2712 2663 3026 2729 plenissime
3073 2666 3275 2718 homini
3319 2667 3606 2722 Dotninico
3636 2671 3785 2725 dedit
3818 2671 3994 2740 Spiri-

2416 2762 2502 2805 tus
2554 2766 2791 2812 sanctus.
2851 2757 3103 2807 utetiam
3135 2758 3246 2824 ipse
3294 2759 3489 2811 venerit
3536 2777 3695 2829 super
3746 2779 3885 2825 eum,
3943 2773 3993 2815 et

2415 2844 2667 2893 manserit
2730 2846 2782 2894 in
2836 2859 2943 2897 eo:
2998 2849 3241 2915 adeoque
3304 2851 3417 2916 pari
3474 2852 3681 2906 ratione
3731 2854 3798 2907 de
3832 2856 3994 2910 donis

2414 2934 2615 2987 (Ilii-isti
2681 2950 2963 2989 assumens
2991 2938 3228 3007 Spiritus
3270 2950 3513 3003 sanctus.
3562 2960 3623 2997 ac
3666 2961 3727 2998 ca
3776 2949 3992 3003 cieteris

2416 3024 2446 3076 d
2476 3026 2773 3089 stribueus,
2803 3030 2983 3081 venire
3017 3043 3181 3097 super
3211 3047 3306 3085 eos
3334 3033 3598 3088 dicendus
3623 3049 3725 3098 est,
3750 3048 3802 3091 et
3823 3040 3876 3091 iu
3908 3041 3992 3094 eis

2419 3130 2658 3179 manere,
2710 3116 2775 3169 ad
2827 3133 2965 3185 quos
3008 3120 3265 3173 nimirum
3308 3138 3334 3174 a
3391 3124 3547 3177 l‘atre
3584 3127 3838 3191 mittitur,
3870 3140 3926 3180 ct
3959 3145 3990 3183 a

2421 3204 2576 3258 Filio.
2614 3206 2968 3262 Lueulentius
2998 3211 3197 3279 exponi
3232 3215 3407 3267 missio
3428 3214 3653 3283 Spiritus
3682 3224 3850 3270 sancti
3878 3237 3988 3274 non

2417 3312 2450 3365 p
2476 3308 2649 3357 :terat.
2686 3315 2843 3366 quam
2876 3303 3093 3369 proprie
3130 3302 3329 3356 dictam
3360 3308 3751 3373 appellavimus

2489 3389 2733 3450 l'hotius,
2785 3394 2951 3443 citato
2999 3394 3184 3448 codice
3234 3394 3356 3459 9.77,
3388 3397 3608 3466 d'gnum
3642 3401 3990 3455 animadver-

2416 3481 2570 3533 sione
2596 3483 2646 3533 in
2680 3482 2781 3535 hac
2805 3484 3026 3537 humilia
3060 3497 3245 3539 censet
3279 3504 3291 3538 :
3333 3512 3349 3537 ι
3390 3488 3542 3553 Quod
3567 3493 3991 3562 Clll‘)50$l0:t:ll$

2415 3571 2595 3624 dii-it:
2649 3575 2939 3626 missionem
2988 3592 3163 3644 neque
3200 3577 3435 3641 Fiiium,
3482 3598 3659 3650 neque
3718 3585 3983 3653 Spiritum

2415 3673 2659 3713 sanctum
2703 3664 2967 3717 titinorctn
3002 3666 3179 3721 facere
3213 3667 3572 3740 Patrezquod
3606 3688 3657 3728 et
3690 3676 3801 3743 ipse
3825 3678 3988 3733 l'ater

2416 3754 2661 3807 mittatur
2712 3772 2739 3808 a
2790 3756 3018 3824 Spiritu,
3084 3770 3197 3813 eta
3257 3762 3417 3816 Filio.
3478 3763 3617 3819 Dicit
3674 3769 3758 3822 his
3804 3772 3987 3827 verbis

2416 3846 2493 3916 (τι.
2534 3849 2655 3914 i2):
2693 3848 2749 3901 Si
2785 3852 2878 3903 tibi
2930 3856 3219 3919 ostendero,
3248 3856 3501 3923 [actorem
3537 3863 3654 3913 arti
3711 3874 3759 3914 et
3827 3877 3988 3920 terra

2417 3944 2633 3994 missurn
2674 3960 2779 3996 esse
2812 3962 2841 3996 α
2882 3945 3111 4013 Spiritu,
3144 3959 3191 4000 et
3242 3947 3402 4011 Filio,
3434 3955 3561 4021 quid
3605 3956 3782 4023 facies,
3816 3970 3921 4013 etc.
3958 3981 3980 4012 ι

2416 4033 2617 4087 Locum
2675 4036 2883 4090 sciiiect
2933 4039 3209 4092 adamavit
3258 4041 3502 4100 Photitts.
3556 4061 3664 4114 quo
3693 4063 3792 4099 suo
3826 4065 3983 4103 com-

2419 4136 2599 4177 mento
2628 4128 2863 4180 colorem
2890 4128 3136 4183 adderet.
3182 4130 3425 4201 Dionysii
3459 4133 3663 4187 Petavii
3690 4139 3982 4193 verissima

2413 4218 2711 4272 admonitio
2742 4230 2823 4273 cst
2853 4221 2991 4274 libro
3029 4238 3142 4283 vnt,
3196 4223 3268 4275 De
3319 4229 3651 4280 sanctissima
3700 4227 3976 4292 Trinitatis,

2414 4310 2589 4377 capite
2624 4310 2676 4373 l,
2719 4325 2869 4363 num.
2903 4310 2998 4363 li:
3060 4331 3078 4363 ε
3117 4312 3255 4365 Mitti
3306 4313 3517 4367 Patrem
3570 4318 3622 4370 in
3678 4318 3983 4388 Scripturis

2415 4415 2705 4467 nusquam,
2760 4402 3038 4456 rarissime
3070 4415 3253 4457 autem
3301 4405 3355 4457 in
3389 4417 3699 4461 sanctorum
3754 4411 3979 4466 l'atrnni

2416 4489 2574 4543 libris
2606 4491 2816 4559 legitur,
2858 4493 2900 4546 si
2936 4502 3113 4545 tamen
3138 4496 3337 4563 legitur
3368 4515 3378 4548 :
3414 4515 3523 4549 imo
3558 4516 3687 4554 vero
3715 4504 3849 4555 n.itti
3877 4520 3985 4557 ne-

744 4593 973 4660 Arripite
1030 4588 1283 4658 Spiritum
1330 4596 1614 4650 sanctum;
1662 4590 1777 4639 sive
1814 4601 1936 4639 cum
1971 4587 2120 4653 paria
2150 4586 2309 4639 etl‘crt
2343 4598 2383 4651 ο
2413 4592 2542 4650 gant
2568 4584 2837 4650 expressis
2882 4600 2945 4638 ac
2980 4586 3199 4640 disertis
3256 4590 3436 4641 verbis
3465 4592 3674 4659 antiqui
3711 4595 3977 4663 theologi.

746 4686 945 4737 l‘auius
983 4682 1282 4751 apostolus,
1312 4678 1555 4733 Charitas
1590 4678 1685 4731 Dei
1732 4679 1919 4746 diﬁusa
1954 4689 2027 4729 est
2058 4680 2110 4731 in
2137 4680 2309 4731 cordi-

744 4778 834 4827 bus
872 4776 1059 4827 nostris
1085 4789 1177 4840 per
1212 4773 1470 4841 Spiritum
1510 4779 1776 4833 sanctum,
1823 4770 1912 4836 qui
1937 4770 2091 4822 datus
2121 4779 2194 4822 est
2223 4786 2313 4822 no-

745 4872 819 4922 bis
840 4908 850 4919 .
877 4905 891 4919 .
916 4907 929 4919 .
954 4903 967 4919 .
1002 4863 1237 4919 Membra
1260 4871 1430 4915 vestra
1464 4860 1713 4929 templum
1731 4870 1851 4913 sunt
1869 4859 2097 4929 Spiritus
2117 4863 2308 4926 sancti,

744 4978 898 5030 quem
951 4960 1143 5011 habetis
1195 4958 1247 5009 in
1293 4956 1455 5008 vobis.
1488 4953 1779 5005 lnetl'abilis
1833 4961 2039 5005 natura!
2090 4953 2307 5005 nomina

746 5053 1119 5104 adhibentur:
1176 5047 1421 5113 adeoque
1456 5045 1607 5112 juxta
1666 5050 1904 5093 mentem
1954 5043 2194 5095 auctoris
2241 5042 2309 5094 de

746 5146 857 5196 sola
899 5157 1001 5193 non
1035 5139 1290 5207 agiturin
1320 5136 1555 5188 liislocis
1591 5134 1873 5200 largitione
1890 5132 2180 5196 donorum,
2211 5133 2308 5185 sed

750 5236 862 5302 ipsa
897 5236 963 5285 de
996 5246 1223 5299 pei5ona
1261 5230 1499 5296 Spiritus
1530 5230 1723 5279 sancti.

822 5327 1083 5393 Spiritum
1114 5332 1363 5375 sanctum
1393 5316 1767 5372 Macedoniani
1791 5315 2051 5383 putabant
2085 5315 2309 5368 inferio-

749 5435 860 5470 tein
892 5415 1048 5472 Filio.
1093 5424 1377 5481 propterea
1405 5410 1549 5478 quod
1579 5408 1780 5460 divinis
1812 5408 1865 5458 in
1902 5406 2139 5473 eloquiis
2168 5406 2307 5458 dici-

750 5522 835 5562 tur
866 5528 895 5561 a
945 5525 1001 5560 se
1032 5509 1140 5574 ipso
1175 5522 1277 5557 non
1306 5504 1446 5573 loqui
1470 5544 1483 5565 ,
1526 5511 1573 5553 et
1602 5503 1833 5568 accipere
1859 5500 1920 5551 de
1941 5498 2072 5550 Filio
2107 5514 2126 5551 .'
2160 5497 2305 5565 quod

747 5613 1125 5667 argumentum
1176 5594 1376 5647 releliit
1428 5592 1667 5644 humilia:
1712 5600 1903 5643 auctor
1931 5588 2113 5641 verbis
2149 5602 2309 5655 supc-

749 5704 863 5743 iius
896 5690 1094 5741 relatis.
1132 5686 1467 5739 i’eeuiiarem
1509 5682 1717 5735 invehit
1748 5679 2254 5747 interpretationem
2288 5694 2300 5729 :

748 5783 868 5835 loco
894 5784 946 5832 in
980 5781 1092 5841 illo,
1126 5778 1398 5845 inquiens,
1451 5791 1555 5827 non
1592 5774 1706 5827 licri
1756 5776 2083 5825 mentionem
2119 5770 2182 5820 de
2212 5785 2308 5820 na-

748 5884 891 5934 tura,
920 5886 1075 5937 quam
1118 5868 1341 5935 Spiritus
1370 5876 1577 5918 sanctus
1615 5864 1838 5931 accipiat
1865 5879 1879 5926 ;
1909 5863 2001 5915 scd
2037 5861 2097 5912 de
2130 5860 2300 5924 donis,

2411 4672 2568 4729 Unde
2608 4674 2757 4726 nullo
2792 4676 2971 4737 modo,
3004 4690 3067 4728 ac
3102 4691 3169 4729 ne
3206 4678 3504 4747 improprie
3552 4684 3771 4749 quidem
3810 4702 3977 4736 imir-

2414 4765 2527 4831 pari
2574 4764 2755 4826 debet,
2801 4763 3014 4818 Patrem
3073 4783 3105 4818 a
3156 4769 3360 4836 seipso,
3401 4770 3483 4822 rel
3525 4774 3588 4822 ab
3634 4772 3740 4825 alio
3796 4777 3981 4836 mith‘;

2412 4865 2782 4923 quantumque
2836 4859 3174 4909 extrinsecus
3230 4860 3331 4910 sub
3385 4860 3618 4928 imagine
3666 4864 3863 4928 aliqua,
3922 4880 3988 4920 et

2413 4946 2592 5013 specie
2642 4945 2861 4998 videndi
2932 4947 3015 4999 sui
3073 4948 3281 5013 copiam
3342 4948 3561 5011 iecerit,
3624 4955 3768 5015 citati
3834 4954 3989 5006 inter

2414 5036 2692 5105 theologos
2720 5034 3048 5103 disputatur.
3072 5055 3091 5087 ι
3118 5038 3267 5091 Hanc
3293 5053 3421 5090 vero
3451 5040 3779 5092 locutionem
3812 5060 3986 5094 usnr-

2411 5130 2556 5196 pavit
2578 5128 2741 5195 hujus
2771 5138 2960 5180 auctor
2995 5128 3251 5190 homiiir,
3284 5131 3373 5196 qui
3398 5144 3502 5181 non
3533 5146 3616 5183 εει
3642 5120 3984 5200 Clirysosta;

2412 5234 2552 5273 mus.
2586 5221 2656 5272 De
2694 5219 2953 5273 missione
2997 5222 3220 5271 omnino
3256 5220 3552 5287 impropria
3587 5222 3986 5289 intelligendus

2409 5322 2489 5364 es:
2527 5329 2539 5364 :
2570 5322 2745 5376 neque
2777 5310 2944 5361 ullum
2982 5310 3211 5377 propria:
3252 5310 3372 5361 Filii
3428 5320 3483 5363 et
3524 5307 3763 5378 Spiritus
3796 5314 3981 5364 sancti

2410 5403 2678 5464 missioni,
2710 5402 2977 5469 hnjnsque
2998 5419 3061 5455 ex
3110 5404 3267 5455 Patr-.-
3312 5403 3557 5470 Ftlioiwe
3596 5416 3813 5457 clerum
3844 5421 3983 5471 pr..-

2411 5493 2641 5545 cessioni
2668 5497 2719 5544 in
2756 5494 2869 5560 ipsa
2899 5491 3019 5559 ejus
3056 5494 3314 5545 missione
3357 5496 3760 5561 comprehensa:
3798 5495 3979 5546 ιιι-ιτε-

2411 5598 2652 5638 mentum
2687 5586 2975 5653 irrogatnr.
3018 5585 3183 5657 Addit
3210 5586 3463 5639 l’etarius
3496 5588 3695 5640 ibidem
3724 5590 3977 5656 egregie,

2409 5688 2463 5731 et
2488 5693 2631 5739 vero,
2664 5692 2756 5729 sua
2782 5676 3031 5730 Pliotinin
3061 5679 3318 5745 opinione
3349 5679 3539 5732 falsum
3562 5679 3980 5736 eSsezacillum

2410 5770 2659 5834 factorem
2692 5768 2803 5820 rati
2834 5778 2879 5820 ct
2913 5779 3085 5829 terra'.
3125 5772 3216 5836 qui
3252 5773 3439 5822 missus
3470 5772 3701 5832 dicitur,
3739 5785 3843 5823 non
3876 5770 3980 5823 ill-

2414 5860 2577 5929 tclligi
2609 5861 2841 5923 Patrem,
2865 5860 2955 5913 sed
2986 5861 3170 5929 utique
3205 5861 3416 5921 ﬁlium.
3452 5863 3734 5930 ipsum-[ue
3767 5874 3983 5918 secun-
