4198 6440
178 408 263 471 παι

1338 403 1543 462 VlTA.
1592 427 1656 436 —
1703 400 2217 463 DlSSEi‘tTATIO
2258 403 2308 461 Ι.

3339 402 3437 464 ιω]

174 525 294 573 dum
330 535 582 583 carnem,
608 521 659 574 id
691 531 772 574 est
801 517 1099 575 Christum.
1151 518 1419 574 Ceterum
1447 528 1639 572 auctor
1671 516 1759 570 ille
1795 527 1833 580 Α
1870 516 2239 570 triarchalcm.
2304 513 2412 585 93
2461 514 2854 567 C.rremouiatn
2920 530 3136 570 omnem
3190 517 3442 571 laudatus

172 614 466 664 adversum
506 610 916 664 Macedonianos
962 610 1172 678 agebat,
1219 625 1453 677 quorum
1493 617 1612 660 erat
1659 607 1757 660 im-

173 704 313 768 pium
382 713 759 755 commentum
789 744 800 758 .
834 703 1097 770 Spiritum
1146 709 1394 753 sanctum
1448 699 1664 765 donari.
1697 714 1759 752 ac

173 790 310 843 mitti
355 807 386 843 a
434 791 620 849 Patre.
664 792 827 844 veluti
880 804 947 844 eo
999 791 1286 843 minorem.
1329 788 1484 853 Quod
1535 789 1650 857 ipse
1702 797 1761 841 ut

174 896 567 952 argumentum
615 883 877 942 solveret,
931 883 1226 934 missionem
1262 881 1524 940 admittit.
1562 883 1616 933 in
1654 896 1758 948 qua

174 977 429 1033 Inisutm.
456 975 541 1027 vel
570 976 830 1027 emissum
857 974 1086 1027 inferius
1116 984 1199 1026 est
1225 974 1474 1026 mittente
1499 989 1510 1026 :
1538 986 1594 1025 et
1619 973 1760 1027 hanc

171 1067 230 1116 ad
265 1067 520 1132 Spiritus
558 1067 727 1118 sancti
763 1066 904 1118 dona
942 1064 1132 1122 refert.
1167 1080 1272 1116 non
1299 1067 1364 1117 ad
1399 1067 1567 1133 ipsam
1589 1067 1758 1119 sancti

172 1160 418 1223 Spiritus
471 1172 782 1224 personam.
832 1158 952 1211 Non
983 1165 1102 1209 erat
1144 1171 1209 1209 eo
1259 1158 1385 1220 loci,
1441 1167 1499 1210 ut
1551 1159 1761 1212 ratione

170 1251 292 1300 doni
321 1250 436 1302 dati
467 1250 710 1302 divinam
748 1265 966 1318 qunque
1001 1265 1288 1320 personam
1318 1249 1555 1318 Spiritus
1587 1250 1760 1303 sancti

171 1342 309 1396 dari.
338 1353 398 1394 et
446 1343 589 1395 mitti
627 1342 873 1405 doceret,
914 1351 1172 1412 tanquam
1223 1358 1250 1395 a
1295 1343 1473 1407 Patre,
1507 1359 1569 1396 ac
1595 1343 1760 1397 etiam

171 1448 196 1484 a
231 1433 390 1492 Filio,
439 1435 556 1484 sive
595 1448 692 1501 per
739 1432 936 1486 Filium
985 1435 1374 1504 procedentem
1399 1477 1414 1501 ,
1445 1436 1633 1504 utique
1663 1450 1762 1504 per

172 1526 350 1577 oninia
388 1533 686 1595 aequalem.

715 1705 822 1774 92
852 1703 1080 1760 CAPUT
1127 1706 1232 1760 vn.

173 1843 399 1895 Mortem
427 1841 533 1894 obit
559 1839 813 1909 Iosephus
845 1842 1148 1912 patriarcha
1173 1859 1189 1903 ,'
1213 1843 1297 1894 cui
1326 1841 1578 1912 stt/ficitur
1603 1842 1764 1899 Geor-

242 1913 362 1982 gius
404 1913 659 1980 (.yprins,
691 1914 746 1962 in
777 1911 1090 1978 professione
1121 1916 1410 1966 monastica
1439 1929 1600 1966 sacra
1625 1914 1765 1966 ordi-

245 1983 458 2034 nationi
496 1982 808 2054 ipr_a’_missa
893 1992 1107 2054 vocatus
1163 1983 1467 2049 Gregorius.
1525 1984 1766 2054 Synodus

243 2054 435 2104 habita
488 2053 543 2102 in
584 2050 908 2112 Blachernis,
955 2061 1004 2104 et
1035 2053 1143 2103 alia
1172 2053 1469 2119 Adramytii
1498 2055 1550 2105 in
1569 2050 1768 2107 'Mcrsia

243 2125 490 2175 Asiatica
525 2137 542 2176 :
589 2122 960 2173 Chronotaxis.
989 2121 1319 2190 Golloquium
1353 2141 1470 2175 cum
1507 2123 1690 2185 Becco,
1721 2133 1770 2177 et

241 2195 426 2253 sociis,
487 2190 665 2244 Prusa
719 2194 988 2251 revocatis.
1055 2195 1116 2245 de
1172 2195 1496 2262 processione
1543 2191 1770 2262 Spiritus

246 2266 428 2317 sancti
453 2280 470 2316 :
498 2264 640 2331 quod
661 2261 963 2331 illustratur
986 2263 1550 2317 anitnadverzionibus.
1580 2263 1772 2318 Beccus

245 2336 361 2402 ipse
396 2335 455 2385 in
481 2329 657 2385 arcem
683 2335 853 2385 sancti
881 2329 1115 2402 Gregorii
1147 2333 1428 2404 relegatus.

242 2449 282 2502 l.
319 2448 576 2502 Labente
635 2463 780 2502 anno
830 2447 988 2510 1285,
1035 2449 1144 2503 vita
1202 2449 1475 2516 migravit,
1508 2451 1686 2503 morbo
1724 2459 1774 2504 et

173 2542 319 2595 senio
338 2548 700 2607 consumptus
717 2539 988 2608 Joscphus
1019 2540 1352 2608 patriarcha,
1378 2559 1551 2595 mense
1577 2541 1775 2596 Martio

178 2637 412 2690 ineunte.
462 2640 524 2683 ut
576 2622 667 2683 ait‘
696 2630 1059 2700 Pachymeres
1107 2631 1166 2686 in
1195 2631 1530 2698 Andronico,
1562 2633 1704 2688 libro
1736 2649 1775 2700 t,

183 2725 363 2792 capite
400 2724 495 2776 15.
528 2723 710 2791 Caput
741 2723 906 2792 erigit
955 2723 1369 2776 Arsenianorum
1421 2724 1582 2780 fat-tio
1610 2743 1624 2780 :
1654 2740 1779 2796 age-

184 2816 387 2886 batque
449 2824 646 2869 contra
695 2814 1013 2883 Josephitas.
1071 2815 1300 2870 Mediam
1355 2818 1496 2870 viain
1563 2817 1777 2886 ingredi

183 2908 544 2962 constituens
609 2907 976 2971 Andronicus,
1022 2908 1096 2959 ita
1150 2916 1207 2960 ut
1250 2924 1417 2976 neque
1457 2908 1778 2964 Arsenianos

182 3003 536 3053 contristaret
561 2999 839 3068 (historici
868 2999 1026 3052 verba
1057 3011 1185 3052 sunt
1208 3001 1384 3068 capite
1414 3001 1525 3061 H),
1559 3010 1606 3053 et
1637 3001 1780 3055 lose-

184 3092 359 3160 phitas
406 3100 597 3143 tamen
649 3090 1086 3159 amplecteretur;
1123 3091 1264 3156 eligit
1321 3093 1374 3143 in
1423 3093 1778 3158 patriarcham

184 3185 481 3235 oriundum
514 3200 544 3235 e
587 3181 759 3252 Cypro
787 3182 1086 3252 Georgium,
1115 3187 1280 3237 virum
1327 3185 1578 3238 doctrinis
1619 3188 1778 3238 iv-mu-
1808 3222 1848 3275 ο

190 3276 406 3337 tritum,
431 3292 462 3326 a
485 3275 798 3336 patriarcha
825 3272 1046 3343 Josepho
1074 3277 1396 3336 ordinatum,
1429 3287 1476 3328 et
1506 3288 1783 3347 protoapo«

191 3369 488 3421 stolarium
519 3369 578 3420 in
603 3369 714 3421 crde
759 3367 1036 3421 Palatina.

261 3502 278 3534 ‹
316 3484 460 3536 Rem
511 3481 858 3549 Nicephorius
885 3481 1152 3552 Gregoras
1190 3483 1271 3535 his
1316 3483 1498 3536 verbis
1541 3495 1782 3547 enarrat,

188 3577 283 3629 lib.
311 3591 392 3635 Vl.
430 3575 615 3643 capite
641 3575 688 3636 l,
711 3589 861 3627 num.
883 3575 954 3628 ὃς
989 3593 1006 3624 ‹
1031 3575 1160 3627 Erat
1182 3584 1360 3628 autem
1395 3585 1524 3628 tunc
1556 3577 1784 3645 insignis

189 3668 272 3720 vir
296 3667 569 3720 facundia
598 3680 664 3718 ex
703 3666 1042 3734 imperatorii
1067 3666 1194 3718 cleri
1229 3666 1483 3734 collegio.
1519 3666 1786 3736 Georgius

192 3757 439 3828 Cyprius
481 3797 495 3809 .
538 3797 552 3810 .
593 3795 606 3808 .
639 3755 816 3821 llunc,
845 3772 968 3811 cum
1019 3773 1126 3810 non
1162 3757 1237 3810 ita
1270 3758 1478 3824 pridem
1527 3759 1788 3812 monasti-

191 3866 317 3904 cum
353 3851 612 3904 habitum
647 3850 938 3912 induisset,
972 3849 1025 3902 in
1066 3849 1248 3902 animo
1283 3849 1554 3912 habebat,
1586 3860 1641 3903 et
1666 3859 1786 3904 stu-

193 3942 360 3996 debat
399 3942 708 4010 imperator
743 3941 807 3994 ad
842 3941 1266 4009 patriarchicum
1293 3942 1489 3995 solium
1513 3943 1784 4000 evehere:

196 4051 224 4087 a
282 4039 509 4089 nemine
575 4041 755 4087 tamen
809 4049 998 4089 eorum
1060 4033 1156 4102 qui
1207 4034 1501 4103 participes
1552 4034 1788 4089 fuissent

196 4126 514 4194 dogs-satine
547 4126 795 4177 novitatis
830 4124 926 4192 (ita
951 4123 1144 4194 dogma
1181 4125 1512 4179 catholicum
1549 4125 1615 4178 de
1662 4139 1789 4194 pro-

197 4219 454 4270 cessione
506 4215 753 4284 Spiritus
800 4217 994 4275 sancti.
1057 4215 1361 4285 initamque
1417 4216 1788 4270 Ecclesiarum

202 4311 474 4362 unionem
501 4308 685 4375 vocat)
715 4324 730 4365 :
761 4306 856 4360 sed
894 4306 964 4360 ab
1002 4307 1208 4376 aliquo,
1251 4308 1342 4377 qui
1396 4324 1593 4375 purum
1635 4323 1692 4363 se
1724 4308 1789 4361 ab

198 4403 425 4455 uiarum
457 4401 828 4454 communione
852 4409 1142 4462 servasset,
1172 4414 1365 4452 manus
1393 4402 1442 4452 ei
1473 4399 1676 4468 imponi
1698 4414 1793 4452 vo-

199 4495 394 4547 lebat.
438 4531 453 4545 .
490 4534 504 4545 .
537 4492 637 4545 Est
694 4499 872 4544 tamen
932 4490 1003 4543 ab
1059 4491 1386 4560 imperatore
1448 4501 1570 4559 post
1609 4491 1792 4545 debita

1862 604 2179 674 Leqnienus
2211 608 2407 659 recitat
2432 621 2496 659 ex
2531 605 2765 673 Georgio
2798 606 3090 672 Pbrantza,
3116 617 3172 661 et
3195 606 3438 673 Codino,

1863 712 1924 750 ac
1955 697 2210 750 Simeonc
2239 695 2733 750 Thcs-aloniccnsi.

1934 789 2097 840 Sacra
2129 789 2273 841 nulla
2295 787 2529 857 Cyprius
2555 788 2801 842 initiatus
2829 789 3006 844 fuerat
3030 793 3443 846 consecratione

1865 889 2060 947 prmter
2100 895 2218 931 eam
2287 896 2391 948 qua
2422 881 2704 934 initiantur
2758 883 3015 936 lectores.
3053 884 3265 936 Accidit
3291 901 3439 945 vero,

1863 972 2102 1040 Grcgora
2159 981 2319 1032 teste,
2373 973 2506 1025 ibid.
2561 990 2711 1030 num.
2746 976 2798 1038 6,
2839 975 3091 1044 Mozylem
3122 979 3439 1044 episcopum,

1866 1063 2106 1132 itemque
2144 1067 2439 1133 episcopum
2481 1064 2767 1118 Debrorum
2812 1069 2864 1120 in
2914 1068 3255 1127 Macedonia.
3302 1069 3444 1122 Cun-

1863 1156 2277 1224 stantinopolitn
2302 1157 2663 1210 adt'cntaSse:
2693 1157 2924 1222 Quorum
2967 1169 3182 1229 uterque
3205 1163 3443 1212 animum

1865 1261 2072 1315 semper
2099 1248 2331 1299 alienum
2349 1249 2528 1301 habuit
2555 1266 2586 1300 a
2609 1251 2974 1302 communione
3007 1268 3184 1302 eorum
3207 1255 3295 1320 qui
3322 1255 3418 1322 dog

1869 1340 2073 1391 maticis
2135 1341 2450 1392 novitatibus
2485 1342 2680 1409 seipsos
2719 1351 2904 1409 sponte
2945 1344 3292 1411 subjeccrant.
3326 1341 3448 1412 Epi-

1866 1445 2092 1498 scopum
2121 1429 2368 1500 Cozylcm
2401 1448 2462 1483 ex
2500 1431 2742 1486 Occiduis
2786 1437 3021 1501 partibus
3060 1447 3214 1488 vocat
3241 1435 3446 1505 Pachy-

1871 1536 2086 1579 tneres.
2147 1523 2323 1588 capite
2416 1522 2519 1586 ll,
2575 1524 2791 1578 scilicet
2844 1525 3160 1594 episcopum
3216 1529 3448 1579 fortasse

1872 1611 2083 1665 Acheloi
2133 1612 2236 1665 sub
2265 1612 2542 1682 Naupacto
2593 1616 2900 1685 nietrOpoli,
2951 1618 3293 1684 coniectante
3347 1618 3448 1670 Lc~

1872 1703 2098 1770 quicno,
2121 1712 2263 1758 tomo
2287 1703 2350 1766 ll,
2374 1706 2428 1757 in
2453 1707 2731 1774 provincia
2760 1709 2961 1761 veteris
2981 1709 3149 1778 Epiri,
3179 1727 3331 1763 num.
3356 1712 3442 1763 13.

1871 1795 2019 1848 Idem
2096 1797 2277 1864 itaque
2343 1795 2650 1866 Jlozylcnus
2699 1797 2978 1867 (Grcgora:
3023 1801 3205 1857 verbis
3258 1805 3442 1872 utor),

1803 1880 1840 1933 Β
1871 1890 2085 1942 hortatu
2110 1889 2348 1959 Gregorii
2368 1888 2568 1959 Cyprii,
2591 1890 2914 1946 Germanum
2941 1898 3249 1950 monachum
3269 1915 3447 1968 quem-

1869 1982 1995 2034 dam
2022 1985 2310 2053 inaugurat
2345 1985 2810 2051 metropolitanum
2843 1987 3130 2043 Ileracltra'
3165 1991 3397 2051 Thracia:
3427 2011 3446 2046 .·

1872 2075 1952 2128 hic
1990 2077 2127 2128 enim
2182 2081 2396 2144 antiquo
2437 2079 2710 2149 privilegio
2759 2081 2852 2150 jus
2892 2082 3049 2135 habet
3112 2089 3450 2141 consecrandi

1874 2164 2520 2235 Constantinopolitannm
2551 2173 2940 2240 patriarcham.
2974 2174 3023 2230 ls
3057 2191 3186 2245 ergo
3209 2194 3236 2230 e
3259 2179 3450 2233 lectore

1874 2260 2042 2324 primo
2079 2261 2359 2312 diaconum
2390 2270 2439 2313 et
2466 2264 2814 2329 sacerdotem,
2851 2275 2966 2335 post
2996 2278 3043 2321 et
3083 2273 3449 2338 patriarcham

1875 2354 2194 2404 consecrarit
2251 2353 2502 2422 Cyprium
2527 2395 2540 2418 ,
2574 2357 2773 2411 duobus
2799 2358 2908 2412 illis
2934 2362 3209 2430 episcopis,
3261 2363 3448 2436 Hesy—

1875 2443 2012 2504 leno,
2041 2455 2088 2496 et
2125 2445 2380 2511 Debreno,
2423 2451 2779 2516 adjutoribus.
2835 2451 2909 2508 De
2939 2455 3165 2525 antiquo
3191 2460 3451 2527 praedicto

1880 2533 2261 2591 Heracleensis
2290 2540 2534 2609 episcopi
2563 2543 2687 2612 jure
2720 2544 2938 2601 disserit
2966 2545 3299 2618 Lequienus,
3332 2550 3452 2607 loco

1879 2629 2064 2693 citato,
2097 2645 2215 2698 cap.
2246 2631 2299 2694 4,
2335 2648 2486 2686 num.
2531 2634 2582 2686 6.

1954 2723 2362 2792 Diligentiorem
2427 2725 2778 2797 Pachymeris
2824 2731 3108 2788 historiam
3159 2737 3337 2792 refero
3384 2755 3453 2795 ex

1880 2814 2070 2866 eodem
2123 2825 2321 2883 quarto
2359 2816 2572 2870 decimo
2598 2823 2794 2889 capite.
2849 2823 2924 2878 Ac
2957 2827 3134 2894 primo
3183 2831 3457 2901 episcopus

1881 2903 2116 2973 Cosyles,
2161 2922 2336 2959 mense
2367 2906 2565 2962 Manio
2601 2912 2748 2980 (anni
2779 2914 2956 2982 1283),
3000 2917 3252 2987 Cyprium
3284 2923 3458 2976 intro-

1881 2997 2022 3050 ducit
2079 3016 2195 3051 cum
2223 3003 2401 3067 paucis
2443 3003 2495 3054 in
2545 3007 2946 3073 monasterium,
2983 3027 3015 3063 a
3072 3011 3362 3068 Prodromo
3405 3025 3456 3069 et

1884 3089 2040 3142 l‘e.’ra
2069 3095 2398 3146 nominatum
2429 3112 2447 3148 :
2503 3097 2590 3148 ubi
2629 3102 2884 3151 consuetis
2914 3106 3239 3158 ca'remoniis
3275 3125 3458 3161 mona-

1883 3182 2034 3233 cham
2069 3199 2131 3234 ex
2163 3182 2295 3236 laico
2330 3187 2576 3250 instituit,
2617 3205 2836 3259 moxque
2875 3194 3154 3248 diaconum
3195 3213 3221 3249 e
3267 3201 3458 3252 lectore

1884 3276 2111 3327 antinat.
2167 3276 2221 3327 in
2254 3292 2316 3329 ca
2377 3281 2692 3333 monasticre
2732 3285 3089 3350 professionis
3129 3293 3457 3347 cmremonia

1886 3376 2132 3416 vocamur
2169 3365 2337 3419 luisse
2375 3367 2694 3437 Gregorium
2730 3373 3117 3428 adnotatidcm
3158 3379 3460 3451 Pacbyme-

1886 3471 1994 3517 res,
2033 3459 2210 3524 Capite
2238 3460 2306 3511 ‘22
2349 3477 2360 3512 :
2403 3459 2594 3529 Cyprio
2619 3505 2632 3526 ,
2674 3463 2950 3529 inquiens,
2983 3483 3046 3520 et:
3083 3468 3304 3540 Georgio
3342 3491 3458 3526 mu-

1888 3556 2078 3611 tatum,
2134 3566 2249 3601 cum
2284 3551 2652 3620 professionem
2700 3557 2754 3607 in
2793 3562 3188 3628 pra‘paratione
3221 3567 3460 3629 patriar-

1887 3641 2071 3692 chatus
2117 3653 2425 3699 assumeret
2462 3647 2842 3710 monasticam,
2874 3665 3062 3702 nomen
3095 3652 3332 3721 Gregorii
3368 3656 3456 3707 in-

1886 3730 2113 3788 sederat.
2197 3733 2334 3787 Tum
2394 3751 2523 3788 vero
2590 3737 2659 3789 ab
2745 3738 3073 3808 imperatore
3149 3744 3460 3801 declaratus

1863 3827 2218 3903 patriarcha,
2245 3828 2372 3882 dato
2421 3829 2496 3883 illi
2535 3831 2675 3898 pedo
2708 3833 2988 3899 pastorali.
3029 3836 3271 3905 Denique
3327 3840 3462 3894 Ger-

1890 3934 2103 3982 manus,
2135 3922 2480 3989 metropolita
2514 3922 2911 3985 Heracleensis.
2938 3927 3101 3995 paulo
3125 3940 3281 3983 antea
3312 3933 3464 3985 ordi-

1889 4020 2086 4075 natus,
2143 4013 2372 4065 initiavit
2440 4015 2616 4084 ipsum
2671 4019 2965 4072 sacerdotio
3014 4035 3032 4072 :
3083 4023 3215 4075 etin
3271 4025 3462 4081 celebri

1894 4099 2210 4155 Palmarum
2262 4104 2414 4172 festo,
2475 4117 2790 4177 cooperante
2845 4112 3080 4165 antistite
3107 4111 3350 4181 Cozylez,
3407 4128 3463 4171 ct

1892 4195 2133 4250 antistite
2179 4197 2515 4258 Debrorutn.
2547 4203 2910 4268 patriarcham
2954 4207 3237 4259 ordinavit.
3271 4209 3465 4262 Annus

1897 4287 2038 4340 1285
2083 4289 2372 4357 insignitus
2415 4293 2672 4346 currebat
2702 4293 2845 4363 cyclo
2886 4297 3010 4348 solis
3035 4297 3084 4360 4,
3137 4298 3314 4353 littera
3359 4299 3464 4351 Do-

1894 4382 2132 4434 minicali
2155 4382 2213 4447 C,
2244 4391 2299 4435 et
2322 4399 2482 4436 aureo
2517 4402 2738 4439 numero
2757 4387 2780 4439 l
2797 4389 2815 4440 l
2832 4427 2844 4439 .
2870 4387 3006 4441 Hinc
3025 4405 3238 4442 sacrum
3260 4391 3462 4447 Pascha

1895 4473 2086 4527 invidit
2123 4475 2175 4527 in
2209 4475 2344 4528 diem
2377 4475 2440 4529 18
2475 4478 2711 4544 Aprilis:
2754 4487 2803 4531 et
2843 4477 3155 4534 Palmarum
3195 4481 3466 4537 Dominica

201 4584 464 4652 suﬁragia
488 4592 545 4636 et
574 4581 886 4634 testimonia
920 4580 1240 4650 designatus
1274 4598 1286 4633 :
1317 4590 1372 4634 et
1402 4579 1674 4650 pastorale
1701 4597 1783 4650 pe-

1895 4565 2145 4619 illuxcrat
2184 4567 2266 4618 die
2307 4569 2582 4620 undecima
2618 4570 2858 4638 ejusdem
2894 4574 3116 4626 mensis.

202 4677 323 4724 dum
375 4674 434 4725 in
483 4670 839 4738 imperatorio
869 4681 1121 4738 suggestu
1176 4686 1319 4722 more
1348 4671 1508 4724 veteri
1551 4670 1619 4723 ab
1670 4671 1790 4738 ipso

203 4764 454 4831 principe
496 4771 816 4830 porrectum
873 4763 1106 4828 accepit.
1146 4759 1382 4828 Eratque
1417 4776 1481 4814 ex
1529 4776 1596 4814 eo
1631 4776 1794 4816 occu-

204 4865 361 4922 patus
397 4856 454 4907 in
493 4851 943 4904 administrandis
974 4842 1139 4904 rebus
1185 4867 1307 4918 qum
1337 4853 1443 4906 etsi
1468 4855 1531 4905 ad
1564 4854 1795 4921 patriar-

205 4947 356 4998 chale
412 4957 623 4996 munus
669 4943 1049 5012 pertinerent,
1093 4945 1404 4997 sacerdotio
1454 4954 1636 4997 tamen
1685 4959 1793 4996 non

207 5041 556 5110 indigebant.
608 5057 626 5088 ι
656 5037 907 5091 Veterem
953 5037 1237 5106 praefatum
1271 5053 1477 5091 morem
1499 5079 1516 5100 ,
1553 5053 1662 5107 quo
1695 5054 1792 5108 pa-

210 5134 466 5186 triarchas
500 5129 1098 5199 Constantinopolitani
1131 5130 1200 5182 ab
1230 5129 1646 5198 imperatoribus
1672 5145 1798 5199 pm-

211 5225 604 5282 murc-bantur,
653 5222 1068 5290 diligentissime
1118 5223 1338 5290 exponit
1378 5221 1690 5290 ch:.icnus
1741 5225 1794 5278 in

215 5313 427 5366 Oriente
459 5322 636 5375 sacro,
674 5322 818 5365 tomo
847 5313 894 5374 Ι,
925 5313 1100 5378 capite
1134 5313 1220 5373 l7,
1242 5327 1270 5365 a
1307 5326 1460 5364 nam.
1484 5315 1533 5365 7.
1564 5313 1796 5366 Decreto

213 5405 612 5474 designationis
653 5405 900 5465 recitato,
942 5405 1006 5455 ad
1036 5404 1214 5471 ipsum
1247 5403 1616 5470 patriarcbam
1647 5404 1794 5457 desi-

217 5508 438 5561 gnatum
498 5495 863 5548 mittebantur
918 5493 1162 5563 pallium,
1205 5509 1266 5547 ac
1293 5495 1448 5547 theca
1486 5504 1794 5548 sanctorum

219 5588 460 5657 reliquiis
505 5587 669 5656 plena
701 5587 839 5638 collo
895 5586 1273 5655 appendcnda.
1305 5587 1440 5638 Tum
1487 5588 1599 5654 ipse
1631 5587 1798 5639 bacu-

219 5680 326 5730 lum
357 5677 694 5746 pastoralem
733 5692 984 5742 aureum,
1007 5692 1167 5746 quem
1205 5677 1372 5744 lapilli
1408 5687 1463 5731 et
1497 5679 1800 5748 triatgaritze

218 5774 505 5828 ornabant.
536 5784 567 5821 e
601 5768 852 5820 manibus
883 5767 1229 5837 imperatoris
1261 5770 1565 5836 aet-ipicbat
1593 5787 1607 5823 :
1635 5769 1800 5824 duce-

221 5863 486 5930 baturque
527 5860 750 5914 demum
786 5861 1013 5913 solemni
1063 5875 1253 5930 pompa
1285 5855 1337 5915 in
1392 5861 1667 5916 basilicam
1706 5877 1799 5931 pa~

1964 4657 2027 4710 ll.
2081 4655 2232 4711 Fcria
2258 4661 2484 4712 sectmda
2517 4662 2849 4716 lubdomadis
2897 4681 3055 4732 quam
3117 4669 3469 4738 Διακαινήςιο

1898 4767 2014 4820 μον.
2045 4749 2480 4804 ὓξατινηωὶ.·.ιηιη
2502 4767 2704 4817 vocant,
2725 4756 2904 4809 statim
2925 4760 3184 4823 sequentis
3215 4761 3469 4814 Ἀναστά-

1897 4861 2079 4910 σιμςν,
2116 4846 2250 4896 diem
2289 4843 2723 4909 "esuri-cuiauis,
2751 4847 2988 4901 edictum
3023 4851 3302 4918 imperiale
3337 4867 3467 4920 pro-

1897 4937 2192 5001 titttl,jatu:'.
2246 4938 2653 4992 llcbdomadam
2703 4941 2980 5009 intell‘ge.
3021 4959 3141 5010 que
3181 4945 3323 4996 diem
3372 4947 3469 4998 l'a-

1896 5030 2102 5083 achaei:
2119 5029 2498 5098 subsequitur,
2519 5031 2597 5083 sic
2626 5033 2947 5099 appellatam
2970 5035 3038 5087 ob
3058 5036 3466 5090 renovationcm

1897 5123 2113 5188 gent-ris
2163 5121 2386 5175 humani
2425 5139 2520 5190 prr
2557 5123 2762 5178 Christi
2816 5128 3296 5186 resurrectionem.
3337 5129 3469 5183 Vide

1896 5213 2147 5266 Carolum
2181 5213 2540 5282 Ducangium.
2574 5217 2648 5270 Eo
2678 5217 2830 5285 plura
2866 5218 3132 5285 imperiali
3165 5223 3471 5276 constitue-

1900 5305 2096 5358 bantur
2120 5303 2360 5360 decreto.
2400 5306 2650 5376 Synodus
2681 5309 2840 5360 etiam
2874 5309 3297 5372 convocabatus,
3332 5322 3470 5364 teste

1900 5396 2254 5465 Pachymetc,
2301 5399 2477 5466 capite
2533 5400 2615 5460 l7,
2668 5401 2722 5451 in
2758 5397 3067 5468 Blachernis
3122 5400 3467 5454 celebranda.

1898 5490 2006 5559 94
2025 5492 2266 5559 Deipata‘.
2315 5494 2472 5545 titulo
2501 5509 2653 5545 sacra
2696 5505 2810 5548 erat
2845 5493 3266 5547 Blat-liernarum
3303 5495 3465 5546 ades.

1902 5584 2075 5635 Situm
2100 5585 2219 5651 ejus
2243 5585 2466 5652 inquirit
2486 5601 2548 5638 ac
2573 5583 3082 5652 slatuitDucangius
3111 5585 3162 5636 in
3195 5583 3468 5638 Constan-

1901 5676 2124 5744 tinOpoli
2165 5675 2496 5737 Christiana,
2534 5676 2676 5730 libro
2709 5693 2779 5739 tv,
2836 5676 2862 5745 §
2903 5677 2954 5740 2,
2996 5692 3142 5728 num.
3188 5677 3242 5728 6.
3275 5676 3330 5730 lu
3371 5678 3472 5730 hac

1902 5771 2106 5836 synodo
2146 5769 2314 5837 gradu
2350 5768 2542 5837 dejecti
2581 5770 2872 5834 antistites,
2929 5771 3018 5838 qui
3066 5769 3253 5822 unioui
3291 5768 3476 5822 licclc-

1903 5861 2104 5914 siarutn
2138 5873 2551 5916 consenserant.
