4198 6440
766 443 866 507 MT}

1706 442 2036 506 GEORGII
2082 449 2341 508 CYPRI'I
2387 449 2492 511 (ΣΡ.
2540 453 3050 514 PATRIARCII/E

3907 456 4001 519 105.

831 563 1062 617 Jurunte
1097 574 1267 611 mense
1302 556 1445 610 Maio
1474 556 1719 626 ejusdem
1753 559 1877 611 anni
1926 559 2085 621 1283,
2121 562 2339 631 sangui-
2369 575 2412 626 Α
2442 565 2680 633 majoris)
2711 566 3012 634 supervenit
3048 603 3060 616 .
3095 603 3106 616 .
3139 602 3151 616 .
3185 565 3416 633 plerique
3440 565 3742 620 clericorum
3768 608 3780 621 .
3815 609 3827 620 .
3867 609 3878 619 .
3902 585 4005 621 non

750 660 837 709 nis
882 663 1059 724 guttas
1094 669 1119 704 ε
1148 651 1272 704 caelo
1325 650 1616 703 destillasse
1655 650 1901 718 perhibet
1940 649 2322 721 Pachymeres,

757 747 934 814 capite
990 745 1079 796 18.
1141 742 1198 796 ιιι
1255 744 1532 796 Orientem
1608 740 1977 810 proﬁciscitur
2027 743 2323 811 Augustus.

764 846 932 888 motas
963 837 1029 887 ab
1080 835 1397 888 Arsenianis
1429 835 1614 886 turbas
1655 835 2080 902 compositurus.
2110 835 2328 889 Conve-

763 942 887 979 uere
942 942 1130 981 Omnes
1191 925 1489 993 Adrnmytii
1546 923 1600 976 iu
1674 923 1858 977 Mmsizt
1912 926 2188 991 Asiatica,
2242 927 2328 979 ubi

758 1023 959 1073 cunctis
985 1023 1052 1073 ad
1079 1023 1262 1074 victum
1299 1022 1350 1070 in
1391 1027 1556 1070 totam
1585 1021 1805 1072 hiemem
1838 1022 2152 1083 necessaria,
2182 1020 2327 1089 large

759 1110 1048 1178 imperator
1079 1110 1396 1178 providerat,
1446 1118 1504 1160 ut
1535 1108 1610 1160 ait
1651 1108 2038 1177 Pachymcres,
2076 1125 2192 1176 cap.
2234 1110 2325 1162 2i.

760 1199 1013 1270 Synodus
1059 1200 1240 1251 habita
1293 1199 1399 1252 hoc
1433 1199 1486 1252 in
1539 1199 1678 1258 loco.
1712 1201 1984 1251 assidente
2021 1200 2328 1266 patriarcha

756 1290 975 1359 Cyprio.
1011 1289 1177 1342 Statis
1219 1291 1400 1358 quavis
1433 1290 1751 1341 hebdomade
1796 1291 1988 1350 diebus,
2037 1307 2129 1358 per
2166 1301 2327 1344 totam

760 1380 1242 1450 Quadragesimam
1313 1381 1659 1449 perseveravit
1721 1379 2034 1445 imperator.
2079 1382 2332 1435 Conven-

762 1480 939 1526 tioues
969 1476 1132 1525 etiam
1162 1487 1284 1524 cum
1317 1471 1592 1541 episeopis
1625 1488 1719 1540 per
1755 1473 1929 1538 ignem
1963 1474 2158 1527 habita:
2194 1475 2329 1528 Sab-

761 1568 880 1617 hato
902 1572 1107 1623 sancto,
1145 1562 1358 1614 Pascha:
1387 1563 1587 1629 vigilia.
1621 1565 1773 1617 ll-une
1799 1566 2055 1618 Pessinus
2083 1574 2331 1618 numerat

759 1669 962 1705 annum
1001 1653 1163 1714 l285;
1200 1653 1293 1706 sed
1327 1668 1529 1705 annum
1582 1654 1956 1723 insequentem
1995 1657 2129 1710 1281
2171 1657 2327 1709 eritt-

757 1756 888 1797 cunt
922 1752 1214 1797 memorata
1249 1743 1409 1803 facta,
1446 1760 1566 1811 qua:
1591 1747 1911 1798 acciderunt
1938 1747 2068 1814 feria
2104 1748 2330 1799 secunda

749 1837 1093 1890 hebdomadaz
1153 1836 1414 1904 paschalis
1463 1837 1595 1889 anui
1651 1838 1859 1891 scilicet
1911 1838 2088 1899 1283,
2165 1849 2330 1907 guttae

759 1929 1040 1998 sanguinis
1089 1944 1118 1982 e
1173 1929 1312 1981 eatlo
1363 1929 1677 1982 decidentes
1716 1947 1890 1983 mense
1932 1930 2094 1994 Maio,
2140 1941 2327 1983 exacta

759 2022 1056 2091 Adramytii
1113 2023 1273 2074 hiems
1313 2030 1458 2082 tota,
1518 2020 1702 2089 ibique
1755 2023 1935 2090 plures
1988 2022 2157 2075 habiti
2209 2038 2332 2074 eum

759 2111 1032 2180 episeopis
1093 2120 1396 2163 comentus
1457 2126 1549 2178 per
1603 2120 1769 2162 totam
1835 2109 2331 2179 Quadragesimant.

758 2202 1151 2257 Lomentionis
1184 2217 1315 2271 ergo
1348 2212 1565 2270 pactum
1603 2202 1669 2255 de
1695 2202 1902 2255 chartis
1932 2203 1983 2254 in
2011 2204 2185 2272 ignem
2213 2203 2340 2272 inji-

761 2296 970 2350 ciendis
1002 2294 1066 2348 ad
1108 2295 1546 2364 experimentum
1575 2335 1588 2356 ,
1627 2295 1830 2347 accidit
1887 2294 2118 2348 Sabbuto
2155 2305 2335 2348 sancto

762 2389 891 2441 anni
922 2386 1076 2441 1284.
1109 2386 1442 2440 Numerabat
1476 2371 1564 2440 hic
1594 2401 1771 2439 annus
1810 2385 2010 2453 ryclunt
2043 2385 2168 2438 solis
2198 2386 2250 2448 5,
2281 2394 2336 2438 et

758 2481 998 2532 litteram
1041 2476 1416 2531 Dominicalem
1462 2477 1568 2543 BA,
1599 2487 1653 2531 et
1678 2493 1897 2530 aureum
1945 2494 2219 2530 numerum
2247 2477 2330 2543 1'2,

761 2572 964 2641 quibus
996 2569 1200 2624 Pam-ha
1231 2571 1285 2622 in
1314 2571 1449 2622 diem
1478 2570 1511 2623 9
1549 2567 1744 2638 Aprilis
1781 2569 2101 2621 confertur:
2137 2569 2333 2638 dieque

762 2665 1106 2735 praecedente
1135 2672 1327 2716 octava
1355 2661 1457 2715 fuit
1496 2659 1787 2715 Sabbatunt
1815 2670 2082 2713 sanctum.

840 2757 970 2819 00:13
1022 2756 1280 2824 deinceps
1319 2753 1638 2808 acciderunt
1687 2754 1832 2806 varia
1888 2769 1954 2807 ac
2011 2752 2334 2822 multiplicia

763 2849 940 2917 pergit
967 2863 1190 2900 narrare
1229 2848 1612 2915 l’aehyntercs.
1663 2845 2012 2898 Andronicus
2038 2846 2168 2899 olitu
2200 2845 2330 2898 Sar-

760 2943 948 2994 densis
976 2939 1268 3007 episcopus
1313 2936 1827 3006 ignoininiosissime
1872 2936 2090 3004 ejicitur
2115 2975 2129 2997 ,
2165 2937 2333 2990 veluti

762 3049 893 3087 reus
919 3034 1056 3085 laesa:
1095 3030 1393 3099 maiestatis
1438 3029 1634 3098 (capite
1668 3028 1758 3095 25)
1791 3026 2112 3092 ;Cotaniza,
2146 3043 2335 3080 mona-

763 3128 898 3178 chus
920 3140 982 3178 ex
1016 3122 1227 3176 latrone
1258 3121 1458 3182 factus,
1499 3120 1671 3174 Prusa
1713 3119 1850 3187 fugit
1894 3119 2094 3187 (capite
2123 3119 2248 3186 24);
2279 3119 2332 3172 in

761 3216 1024 3270 oeciduos
1071 3222 1276 3266 tractus
1318 3213 1384 3263 ab
1425 3211 1751 3280 imperatore
1813 3210 2048 3261 mittitur
2101 3209 2336 3264 Tarclta-

769 3311 916 3362 niota
979 3303 1436 3374 protovestiarius
1485 3318 1606 3355 cum
1657 3303 1900 3354 exercitu
1947 3302 2144 3370 (capite
2198 3301 2402 3391 ‘25);c

761 3400 957 3452 classis
1011 3397 1251 3449 liomaua
1319 3393 1647 3461 negligitur,
1700 3405 1764 3444 ac
1834 3391 2036 3444 sensim
2083 3390 2333 3444 aboletur

759 3493 964 3562 (capite
996 3491 1123 3559 26);
1189 3487 1466 3541 Michaelis
1506 3485 1764 3555 principis
1789 3525 1802 3548 ,
1857 3485 1948 3538 ﬁlii
1991 3485 2218 3538 Joannis
2249 3500 2336 3539 se-

763 3583 1158 3638 bastocratoris
1213 3579 1356 3633 sedes
1423 3579 1657 3630 incensa:
1705 3578 1906 3646 (rapite
1945 3577 2059 3646 27).
2097 3577 2338 3645 Tempus

765 3686 915 3730 notat
943 3675 1242 3729 historicus
1269 3689 1284 3724 :
1319 3669 1446 3724 Hcce
1467 3671 1605 3722 circa
1642 3667 1932 3720 Decembris
1964 3669 2188 3720 medium
2217 3676 2335 3721 acta

759 3778 905 3821 sunt.
935 3768 1052 3832 Quo
1099 3779 1227 3818 vero
1281 3762 1332 3816 id
1358 3759 1623 3815 acciderit
1674 3774 1840 3822 anno,
1892 3759 2134 3828 ignotqu
2169 3759 2332 3822 mihi;

766 3860 927 3912 simul
990 3857 1137 3909 enim
1189 3853 1396 3921 colligit
1458 3850 1817 3920 Pacliymeres
1875 3866 2054 3903 rerum
2106 3860 2335 3904 eventus

765 3953 857 4020 qui
895 3966 991 4020 per
1025 3958 1270 4016 tempora
1299 3945 1446 3997 varia
1483 3943 1821 4000 acciderunt.

835 4045 1159 4109 Insequenti:
1184 4039 1441 4092 vicesimo
1467 4047 1661 4089 octavo
1685 4035 1860 4104 capite
1897 4033 2117 4089 disserit
2143 4034 2234 4089 ille
2259 4034 2329 4089 de

760 4151 898 4206 pane
927 4139 1247 4191 consecrato,
1285 4129 1378 4198 qui
1403 4137 1693 4195 corruptus
1723 4127 1775 4178 iu
1816 4142 1968 4179 sacra
2014 4126 2208 4196 pyxide
2246 4141 2330 4179 rc-

766 4237 952 4295 pertus
984 4235 1067 4277 est
1123 4224 1178 4276 in
1212 4221 1400 4291 Magna
1435 4221 1677 4274 Ecclesia
1707 4217 2328 4285 ConstantinOpolttana.

762 4318 888 4371 llatc
924 4317 1095 4376 prima
1141 4323 1269 4366 sunt
1317 4312 1510 4380 capitis
1555 4311 1765 4363 verba:
1808 4309 1916 4363 Hoc
1964 4325 2142 4380 porro,
2171 4322 2224 4362 ut
2265 4309 2333 4362 ad

754 4411 1060 4464 intermissa
1112 4422 1190 4458 me
1239 4405 1506 4472 referam,
1574 4412 1825 4470 tempore.
1893 4401 2131 4469 Tempus
2185 4401 2330 4454 istud

759 4505 958 4553 sistere
1032 4498 1176 4551 intra
1229 4511 1432 4548 annum
1484 4493 1619 4547 i284
1667 4493 1852 4546 nullus
1893 4492 2106 4545 dubito.
2158 4492 2328 4545 Verba

754 4589 1152 4649 animadverte,
1190 4602 1311 4656 qua!
1352 4595 1685 4652 sequuntur:
1719 4602 1737 4634 t
1765 4584 2034 4636 Dominica
2059 4585 2326 4647 illuxerat,

2434 660 2612 709 statint
2655 659 2899 727 expedire
2943 672 3140 710 certum
3192 673 3480 721 assensum,
3541 662 3628 730 qui
3688 661 3757 712 ad
3810 661 4004 732 placita

2436 748 2676 814 qua'dam
2735 748 3058 814 exigebatur,
3093 747 3342 798 valuere:
3392 747 3606 816 quidam
3667 750 3825 801 etiam
3865 749 4006 801 clare

2437 847 2768 901 recusarunt,
2807 848 2861 890 ut
2896 841 2946 891 in
2978 839 3054 890 his
3105 837 3535 890 altercationibus
3587 839 3715 890 hora
3771 839 4005 907 legitima

2434 932 2596 992 sacri,
2649 947 2711 983 ex
2760 929 3214 999 pra'sunctiﬁCatis
3253 928 3350 980 tali
3409 929 3491 981 die
3544 929 3797 983 celebrari
3845 934 4006 992 soliti,

2439 1021 2775 1087 pra’terierit.
2805 1021 2931 1074 llaec
2950 1035 3097 1073 anno
3137 1019 3275 1072 1285
3305 1009 3639 1073 acciderunt.
3655 1023 3785 1074 feria
3814 1037 4004 1090 quarta

2438 1109 2794 1164 hebdomadas
2818 1111 3038 1179 majoris
3073 1121 3198 1166 ante
3237 1112 3469 1166 Pascha.
3496 1111 3678 1178 Itaque
3705 1113 3769 1164 ad
3804 1129 4004 1164 annum

2437 1202 2814 1269 insequentem
2850 1203 2986 1255 1285
3015 1204 3253 1271 pertinet
3285 1202 3561 1254 Dominica
3611 1202 3818 1272 Tyrine.
3884 1219 4006 1253 eum

2437 1308 2590 1347 sacer
2609 1293 2764 1360 panis
2816 1293 2867 1346 iu
2915 1293 3111 1363 pyxide
3142 1303 3435 1361 corruptus
3465 1304 3714 1361 repertus
3738 1303 3838 1345 est.
3887 1292 4008 1345 liae

2437 1384 2624 1438 eadem
2679 1395 2785 1449 est,
2816 1399 2979 1452 quam
3016 1400 3116 1438 nos
3165 1385 3492 1438 Dominicam
3544 1383 4007 1454 Ouinquagesimw

2438 1491 2736 1531 voeamus:
2785 1492 2847 1531 ac
2879 1477 3050 1543 prima
3097 1477 3290 1546 jejunii
3336 1477 3826 1545 quadragesimalis
3863 1475 4004 1541 apud

2431 1567 2652 1621 Graecos
2685 1567 3047 1620 hebdomada.
3083 1568 3423 1622 Consuetutn
3465 1577 3580 1621 erat
3615 1584 3803 1635 porro,
3849 1577 3926 1620 tot
3956 1568 4006 1618 in

2439 1659 2717 1713 Dominica
2750 1659 2934 1728 Tyrine
2967 1659 3273 1713 consecrari
3322 1660 3649 1719 oblationes,
3694 1669 3828 1726 quot
3875 1675 4010 1724 epus

2437 1759 2614 1814 erant,
2678 1758 2737 1802 ut
2788 1751 3143 1815 sequentibus
3187 1750 3544 1804 hebdomade
3602 1750 3798 1802 diebus
3835 1750 4009 1801 missa

2438 1839 2999 1910 prcesanctiﬁcatorum
3029 1841 3459 1894 celebrarentur.
3493 1841 3660 1894 Sacer
3683 1855 3811 1908 ergo
3831 1840 4008 1907 panis.

2438 1931 2528 1997 qui
2569 1939 2862 1997 corruptus
2896 1931 2950 1983 iu
2973 1931 3176 1999 pyxide
3207 1943 3459 2001 repertus
3503 1933 3626 1995 fuit,
3652 1949 3756 1985 una
3793 1947 3858 1984 ex
3903 1931 4010 1983 illis

2438 2022 2808 2077 oblationibus
2854 2023 3206 2086 credebatur,
3231 2040 3351 2092 quae
3389 2039 3534 2078 anno
3571 2024 3851 2092 superiore.
3875 2023 4010 2077 1285

2439 2114 2492 2166 in
2558 2115 2752 2183 pyxide
2805 2114 2990 2166 relicta
3026 2113 3223 2179 fuerat,
3281 2116 3413 2184 feria
3445 2123 3636 2184 quarta
3669 2116 4008 2168 hebdomadis-

2438 2203 2697 2269 majoris,
2760 2204 3332 2270 prtesauctitieatm‘um
3398 2206 3561 2257 missa
3620 2206 4005 2272 praetermissa.

2430 2291 2660 2346 Sacrum
2706 2293 2971 2346 incidisse.
3023 2291 3228 2347 Pascha
3268 2310 3413 2347 anno
3450 2294 3583 2350 1281
3628 2297 4010 2349 adnotavimus

2439 2384 2490 2437 itt
2521 2384 2662 2436 dietn
2692 2383 2725 2437 9
2757 2385 2991 2452 Aprilis:
3018 2387 3160 2439 unde
3192 2387 3467 2440 ﬂaminica
3511 2387 3705 2458 Tyriae
3756 2388 4009 2441 illuxerat

2435 2477 2519 2529 die
2545 2476 2616 2528 '20
2640 2475 2942 2541 Februarii,
2978 2488 3234 2532 currente
3270 2479 3450 2533 littera
3481 2479 3802 2534 Dominieali
3830 2480 3936 2533 BA.

2511 2566 2571 2620 ln
2605 2569 2782 2621 urbem
2812 2567 3346 2639 (Constantinpolitn)
3404 2588 3638 2626 reversus
3694 2574 4007 2642 imperator,

2428 2663 2741 2730 neutiquam
2791 2663 3136 2716 indormiebat
3183 2663 3280 2731 (ait
3333 2663 3650 2725 historicus.
3687 2667 3863 2733 capite
3892 2663 4007 2729 50),

2436 2763 2584 2822 negot
2611 2770 2639 2805 ο
2671 2753 3119 2806 conciliandorum
3153 2754 3436 2820 Ecclesia,
3467 2757 3556 2824 qui
3589 2772 3646 2809 se
3683 2757 3748 2809 ab
3789 2774 3850 2809 ea
3893 2757 3975 2810 dis
3995 2787 4006 2796 -

2434 2845 2690 2897 cideraut.
2723 2844 2887 2913 Signa
2919 2845 3061 2897 edita
3102 2856 3229 2899 sunt
3263 2847 3432 2908 varia,
3471 2849 3673 2916 quibus
3714 2849 4010 2917 imperator

2436 2949 2714 3004 permotus
2733 2937 3107 2990 vehementius
3140 2939 3573 2997 Arseuianoruin.
3609 2948 3663 2993 et
3709 2938 4012 3010 Josephita-

2437 3044 2555 3080 rum
2578 3043 2764 3094 pacem
2795 3027 3038 3096 urgebat.
3061 3027 3178 3081 Jatn
3205 3042 3334 3082 vero
3374 3031 3586 3083 cineres
3608 3031 3841 3091 Arsenii,
3875 3031 4005 3084 olim

2437 3119 2778 3186 patriarchae,
2809 3119 3008 3187 regiam
3041 3119 3094 3172 in
3129 3121 3320 3174 urbem
3375 3126 3621 3177 translati
3645 3123 3843 3191 (capite
3867 3125 3956 3187 3t)
3990 3143 4003 3188 ;

2435 3209 2670 3263 cla-.lium
2732 3211 2895 3262 etiam
2954 3208 3394 3263 Christianorum
3460 3211 3674 3264 initium
3733 3213 3786 3264 in
3847 3213 4006 3282 Syria

2438 3302 2632 3370 (capite
2695 3302 2821 3372 52);
2879 3313 3093 3370 captam
3143 3300 3428 3370 Tripolim,
3466 3313 3786 3372 captamque
3833 3305 4012 3359 l’tnlc-

2439 3394 2668 3445 litttidetll
2719 3392 2887 3446 refert
2927 3393 3284 3463 l'achymeres
3309 3432 3323 3456 ,
3369 3395 3714 3461 sequentium
3753 3396 4010 3450 i‘idelicct

2436 3500 2702 3536 annorum
2761 3495 3093 3552 praevertens
3155 3485 3359 3539 clades.
3408 3485 3477 3538 At
3524 3485 3733 3540 Marino
3774 3487 4004 3550 Sattuto.

2436 3576 2584 3630 dicto
2624 3575 2874 3640 Turscllo,
2913 3586 3050 3630 teste
3096 3577 3237 3630 libro
3280 3593 3357 3642 nt,
3396 3587 3551 3646 parte
3590 3595 3684 3643 su.
3741 3595 3862 3648 cap.
3917 3581 4007 3645 19,

2436 3667 2706 3722 obsidium
2761 3672 2925 3721 castri
2991 3666 3199 3736 Margat
3249 3669 3352 3722 sub
3410 3669 3652 3724 Soldano
3709 3670 4010 3740 Babylonio

2436 3759 2634 3814 aecidit
2663 3774 2807 3813 anno
2832 3759 2991 3822 l‘285.
3034 3760 3123 3814 die
3162 3761 3230 3814 27
3268 3760 3494 3829 April-is,
3511 3761 3743 3830 ejusque
3775 3764 4007 3818 amissio

2435 3863 2556 3922 post
2585 3868 2848 3906 mensem.
2883 3850 3128 3922 Denique
3173 3852 3429 3907 secunda:
3465 3854 3534 3907 ab
3562 3855 3890 3923 imperatore
3917 3871 4009 3911 ce-

2435 3942 2714 3995 lchrantur
2739 3942 2941 4010 nuptiae
2961 3955 3086 3994 eum
3116 3941 3273 3996 [rene
3294 3982 3308 4006 ,
3347 3941 3454 3996 lilia
3483 3944 3820 4000 tuarchionis
3848 3945 4009 4000 Mou-

2434 4032 2691 4084 tisierrati
2725 4033 2923 4100 (capite
2953 4032 3066 4100 55).

2498 4124 2608 4195 98
2636 4124 2772 4178 Tum
2807 4139 2935 4177 vero
2967 4134 3292 4180 evocatuse
3325 4125 3490 4179 Prusa
3527 4123 3764 4181 Joannes
3792 4127 4010 4182 Beceus

2433 4234 2556 4271 cun
2608 4217 2790 4283 sociis,
2837 4217 3198 4271 Constantino
3245 4217 3577 4273 Meliteniote
3605 4261 3622 4285 ,
3672 4231 3725 4273 et
3774 4219 4012 4290 Georgio

2435 4310 2745 4374 Metochita,
2785 4311 3228 4376 arehidiaeonis,
3286 4323 3346 4364 ut
3400 4311 3524 4366 tidei
3570 4330 3680 4366 sua:
3736 4315 4010 4368 rationem

2432 4404 2748 4456 redderent.
2805 4401 3071 4455 lndictum
3121 4418 3254 4470 ergo
3297 4403 3634 4470 colloquium
3684 4404 3738 4457 in
3795 4405 4012 4473 synodo

2431 4495 2947 4555 ecclesiasticorutn,
2977 4508 3096 4561 qua:
3144 4493 3327 4547 habita
3352 4504 3437 4547 est
3488 4495 3541 4547 in
3591 4493 3844 4548 Triclinia
3877 4499 4007 4550 Ale-

2434 4589 2604 4640 sicco.
2656 4587 2851 4639 Aderat
2892 4587 3194 4655 patriarcha
3255 4583 3558 4656 Gregorius.
3611 4589 4010 4644 Alexandrinus

763 4681 982 4750 proprio
1009 4679 1274 4731 vocabulo
1299 4677 1440 4729 dicta
1467 4676 1723 4745 Τυρινῆς,
1747 4675 1956 4743 Tyrius,
1981 4691 2009 4727 a
2034 4674 2175 4727 casei
2203 4683 2332 4727 tunc
2366 4680 2404 4733 D
2432 4695 2635 4748 quoque
2689 4679 3008 4730 Athanasius
3027 4716 3041 4738 ,
3078 4682 3215 4746 quod
3256 4678 3391 4743 forte
3424 4689 3545 4730 tunc
3590 4690 3881 4748 a‘grotuns,
3913 4682 3977 4732 de

753 4773 939 4823 adhuc
972 4785 1070 4822 usu
1099 4768 1413 4836 permisso:
1452 4782 1558 4835 qua
1607 4767 1744 4818 ritus
1769 4775 2066 4818 consuetus
2100 4765 2328 4816 vocabat

757 4863 1101 4914 sacerdotem
1122 4859 1230 4928 95
1253 4859 1317 4911 ad
1353 4857 1733 4927 praeparandus
1773 4857 1827 4910 iu
1861 4871 2014 4908 saera
2035 4857 2229 4926 pyxide
2255 4862 2328 4906 tot

759 4954 1048 5008 oblationes
1100 4952 1402 5005 consecrati
1467 4953 1641 5017 panis.
1684 4959 1818 5016 quot
1857 4949 1922 5000 ad
1975 4947 2330 5000 celebrandas

750 5048 912 5117 juxta
947 5059 1152 5096 morem
1193 5043 1460 5094 instantes
1494 5042 1740 5106 liturgias
1777 5054 1840 5092 ea:
1872 5038 2327 5108 prtrsanctiﬁcatis

759 5136 1068 5206 «mouebat.
1096 5132 1206 5188 Ubi
1232 5147 1362 5200 ergo
1395 5143 1498 5194 εει,
1521 5129 1793 5185 incruenti
1826 5128 2080 5181 sarriticii
2107 5141 2327 5194 peracta

761 5229 1066 5288 .‘onchone,
1103 5234 1290 5294 aperta
1326 5224 1478 5294 pyxis
1517 5223 1582 5275 ad
1640 5221 1990 5276 collocandos
2032 5221 2172 5273 intra
2208 5236 2327 5276 eam

757 5325 1113 5370 consecratos
1137 5330 1327 5385 partes,
1381 5315 1599 5366 iuventa
1640 5313 1788 5366 intus
1815 5312 2068 5380 apparuit
2097 5326 2160 5363 ex
2190 5327 2326 5378 νεω-

756 5405 1112 5460 sanctiﬁeatis
1133 5407 1357 5468 oblatio,
1381 5418 1544 5472 quam
1583 5402 1706 5472 quis
1740 5403 1980 5465 intuens,
2016 5401 2326 5468 suspicare.-

756 5509 850 5550 tur
883 5513 1046 5551 uuam
1073 5513 1136 5549 ex
1170 5499 1233 5549 iis
1257 5512 1399 5560 eSsc,
1441 5512 1561 5563 quas
1599 5495 1729 5562 feria
1759 5503 1950 5563 quarta
1995 5493 2331 5546 hebdomade

758 5593 976 5658 majoris
1003 5606 1124 5644 cum
1147 5590 1335 5643 otIerri
1351 5584 1667 5651 debuisset,
1685 5590 1863 5640 oblata
1885 5587 2106 5640 minime
2130 5586 2330 5647 fuerat,

760 5694 819 5736 ut
853 5686 1148 5736 indicatum
1196 5694 1280 5736 est
1320 5685 1593 5751 superius,
1627 5690 1839 5751 propter
1883 5694 2140 5734 recessum
2170 5681 2332 5734 eccle-

754 5780 1087 5829 ciasticorum
1139 5791 1200 5828 ex
1241 5774 1484 5827 ecclesia.
1517 5793 1533 5824 ι
1580 5773 1843 5841 Superius
1886 5771 2150 5842 caput15
2190 5771 2330 5825 indi-

761 5879 936 5927 tatur.
972 5869 1061 5920 tibi
1090 5868 1155 5920 de
1186 5866 1604 5936 inauguratioue
1629 5865 1816 5933 Cyprii
1864 5864 2188 5933 patriarcha}
2214 5864 2330 5932 agi-

770 5971 876 6013 tur.
908 5959 1027 6013 lin
1055 5961 1123 6014 iiii
1155 5961 1452 6014 habentur:
1497 5956 1559 6010 Ut
1594 5965 1783 6025 quarta
1818 5958 1925 6008 dies
1954 5956 2328 6026 (hebdomadm

2431 4768 2745 4821 cumbeusin
2786 4765 2971 4820 lectulo
3000 4775 3264 4836 portatur.
3303 4764 3443 4819 Ordo
3489 4767 3760 4818 universus
3794 4769 4014 4820 antisti-

2431 4871 2539 4911 tum
2569 4861 2805 4912 convenit
2832 4875 2849 4910 :
2903 4873 2994 4910 nec
3036 4858 3209 4910 clerici
3247 4857 3466 4921 desunt,
3500 4874 3592 4910 nec
3626 4856 3861 4926 plerique
3893 4875 4014 4910 iuo-

2431 4953 2753 5014 nachomm,
2813 4965 2904 5003 nec
2972 4947 3226 5001 laicoiutn
3301 4951 3492 5019 quique
3563 4947 3842 5002 lectissimi.
3910 4948 4012 5002 His

2431 5041 2742 5112 praesidebat
2771 5043 3079 5110 imperator,
3115 5042 3308 5093 circum
3351 5057 3405 5092 se
3444 5041 3637 5093 habens
3681 5046 4012 5094 suminatum

2430 5135 2702 5204 primores.
2765 5131 2828 5185 In
2861 5133 3045 5202 primis
3095 5132 3356 5184 eminebat
3407 5129 3667 5201 logotheta
3706 5121 4012 5202 (Altinio).

2432 5227 2581 5279 llinc
2610 5226 2871 5295 synodum
2921 5224 2986 5276 ad
3031 5224 3158 5276 anui
3194 5224 3332 5276 1284
3373 5223 3570 5276 Maium
3614 5238 3877 5284 mensem.
3912 5237 4017 5279 aut

2429 5316 2650 5370 Juniutn
2677 5315 2840 5368 refert
2872 5315 3150 5368 PoSsinus.
3186 5314 3569 5382 Insequentem
3607 5316 3852 5369 indicare
3888 5331 3996 5368 an-

2433 5425 2560 5461 num
2620 5409 2895 5468 sidentur.
2927 5422 3048 5476 qua:
3095 5408 3238 5460 varia
3296 5421 3476 5459 terum
3515 5407 3840 5474 interposita
3888 5423 4012 5460 me-

2433 5511 2606 5552 morat
2638 5500 2998 5568 Paehymeres
3027 5508 3246 5552 eventa.

2505 5589 2591 5661 LII.
2634 5592 2914 5660 Pr.rcipua
2945 5591 3200 5660 colloquii
3246 5591 3421 5659 capita
3477 5592 3692 5653 refero.
3724 5607 3844 5660 quae
3884 5608 4014 5662 pro-

2430 5683 2672 5735 cessionis
2699 5683 2890 5750 dogma
2941 5693 3228 5750 spectant,
3267 5697 3333 5736 es
3354 5685 3604 5751 ejusdem
3653 5682 4015 5753 Paehymeris

2432 5775 2672 5844 capitulo
2701 5775 2887 5843 35(1).
2910 5773 3172 5843 Gregorio
3198 5777 3544 5844 patriarcha.
3577 5779 3708 5844 quid
3737 5777 4018 5830 Sentireut

2434 5869 2496 5919 de
2546 5871 2787 5936 dogmate
2848 5869 3192 5938 percontanti
3261 5869 3617 5922 archidiaconi
3667 5875 4010 5935 reposuere:

2443 5979 2458 6010 ‹
2501 5959 2820 6029 Beperimus
2855 5959 2906 6012 in
2945 5959 3161 6028 scriptis
3190 5960 3542 6026 authenticis,
3587 5960 3847 6031 Spiritum
3880 5973 4012 6014 sau-
