4198 6440
203 426 305 485 πῖ-
1373 428 1564 485 ΥΙΤΑ.
1609 452 1671 461 -
1716 424 2315 484 ΟΙΞΞΕΣὶΤΑἸῚΟοῘ.

3371 422 3385 481 i
3399 424 3472 485 ῦς

200 558 341 596 (tun.
388 539 852 609 l‘ﬁQTG'JELIVO'v,
911 539 1227 607 διδόμενον,
1293 542 1779 607 ἁποστελὶόμινον,

1893 543 2089 593 nolunt
2152 540 2557 592 ari-indiaconi:
2621 542 2756 603 Quid
2811 543 2877 593 ad
2939 558 3028 593 nos
3084 542 3185 593 ista
3240 542 3475 607 dirigis?

197 634 613 700 :p'.if.l‘3:.ti‘.o‘l
658 634 719 681 ἐκ
755 632 968 701 lla-.96;
1023 631 1089 684 δι’
1130 628 1295 695 Υιοῦ,
1348 634 1586 700 praberi,
1641 634 1781 693 dari,

196 726 349 779 mitti,
387 722 611 788 prodire
655 736 717 772 ex
767 720 931 775 Patre
954 738 1046 790 per
1077 719 1271 773 Filium
1310 738 1326 773 :
1358 722 1627 774 interdum
1669 733 1723 773 et
1757 740 1785 774 a

197 812 530 880 quibusdam
567 812 785 864 Patrum
827 813 958 875 dici,
994 811 1448 879 ικπορευόμενον,
1487 813 1781 878 procedere.

194 909 270 955 Αιι
304 915 500 954 autem
538 914 595 955 et
629 906 694 955 de
729 904 886 957 Patre
933 920 1161 972 magnus
1210 904 1448 957 Joannes
1503 905 1785 957 Uaniascc—

193 1011 294 1045 nus
326 1012 457 1045 esse
504 996 659 1044 ιΗιιιιι
689 1035 702 1055 ,
749 995 1016 1059 προίοὶέα
1046 995 1132 1045 διὰ
1170 994 1329 1059 λόγου
1388 993 1783 1060 ὲχξαντορικοῦ

606 1086 969 1151 producturum
1016 1099 1107 1152 per
1163 1084 1381 1137 Verbum
1437 1087 1786 1138 enuiuiatorii

195 1176 459 1238 Spiritus.
490 1176 546 1226 In
579 1192 707 1227 mue
747 1188 928 1227 autem
961 1176 1291 1242 pi'oductoris
1327 1178 1603 1228 notionem
1640 1179 1784 1243 prin-

191 1268 310 1329 cipii
359 1268 526 1317 actiui
584 1268 717 1331 (seu
779 1282 989 1329 cansze,
1043 1269 1118 1333 τῷ
1167 1269 1359 1335 αἰτίῳ)
1420 1269 1785 1335 agnoscimus.

194 1356 434 1409 Causam
483 1358 648 1421 igitur
686 1374 789 1407 ntru
828 1358 1062 1411 divinius
1094 1357 1287 1411 Filium
1318 1358 1370 1410 iu
1406 1374 1502 1410 sua
1528 1374 1592 1410 es
1631 1357 1785 1410 Patre

193 1449 561 1516 processione
602 1460 775 1499 sancti
811 1449 1085 1516 Spiritus:
1122 1465 1184 1502 ac
1220 1464 1396 1517 neque
1432 1466 1784 1511 concausam;

193 1540 280 1604 qui
319 1540 862 1590 anathematizamus
906 1550 959 1591 et
1020 1540 1299 1605 rejicitnus
1329 1542 1406 1595 sic
1446 1543 1781 1609 loquentem.

194 1630 298 1683 Sed
366 1630 596 1682 Patrem
635 1647 848 1683 causam
897 1649 989 1701 per
1043 1631 1245 1685 Filium
1310 1634 1482 1687 sancti
1549 1634 1786 1700 Spiritus

194 1723 437 1776 dicimus
470 1738 483 1773 :
514 1723 963 1790 quandoquidem
1000 1723 1263 1776 vocabulo
1294 1725 1618 1792 προὸολεύς,
1642 1725 1789 1792 prino

194 1814 315 1881 cipii
363 1814 531 1863 activi
578 1814 691 1879 (seu
721 1810 923 1879 causa)
972 1812 1309 1879 significatus
1341 1813 1546 1865 subest.
1589 1830 1606 1860 ι
1653 1812 1782 1864 Per-

195 1084 548 1145 Πιεὰμιτος,

1889 633 2145 686 Joannem
2180 634 2564 685 Damascenum
2604 634 2817 685 incesse.
2862 634 3011 697 Quod
3036 636 3079 685 si
3109 636 3245 685 tanti
3296 632 3471 685 l'airis

1886 727 2201 777 sententiam
2234 727 2428 777 erroris
2459 728 2753 791 suspicione
2786 726 3112 779 liberandam
3146 742 3319 778 censes
3356 766 3367 776 .
3410 765 3420 773 .

1888 834 1981 867 cur
2048 832 2138 867 nos
2202 818 2451 869 liccrrscos
2524 818 2889 870 accusamur?
2948 817 3100 869 Paria
3165 816 3473 870 docur-rnnt

1890 911 2188 979 iﬁyssenus,
2214 908 2450 975 Cyrillus
2492 910 2917 967 Alexandrinus.
2952 908 3217 961 Maximus
3252 908 3467 961 confes-

1889 1013 1997 1050 sor.
2040 997 2315 1065 Nyssenus
2358 998 2409 1049 in
2441 998 2680 1065 Epistula
2716 1000 2779 1050 ad
2817 1000 3100 1052 Ablavium
3151 1000 3329 1059 docet,
3379 998 3470 1050 Ιί-

1891 1092 2016 1141 lium
2052 1108 2113 1142 ex
2136 1090 2295 1143 Patre
2329 1094 2632 1158 πριιοεχώς,
2657 1096 3002 1145 continenter
3023 1104 3075 1143 et
3095 1092 3211 1144 sine
3247 1092 3427 1143 tncdin
3455 1108 3466 1142 :

1890 1180 2153 1248 Spiritum
2189 1197 2315 1233 vero
2354 1194 2600 1234 sanetum
2638 1199 2730 1250 per
2761 1183 2948 1235 Filium
2978 1224 2989 1242 ,
3018 1185 3107 1251 qui
3140 1184 3471 1235 continenter

1889 1282 1960 1323 est
1992 1287 2053 1323 ex
2077 1272 2252 1324 Patre.
2274 1272 2461 1341 Cyrilli
2486 1274 2648 1325 verba
2677 1285 2802 1326 sunt
2822 1275 2959 1328 libro
2985 1291 2995 1326 ι
3028 1274 3100 1327 Dc
3125 1276 3432 1326 adora/ioue
3451 1290 3467 1323 :

1888 1363 2321 1416 Substuntialiter
2363 1381 2427 1416 ea:
2476 1376 2717 1433 utroque.
2776 1367 3022 1417 nimirum
3055 1383 3117 1417 εκ
3167 1366 3326 1418 Patre
3379 1383 3470 1432 per

1896 1450 2093 1505 Filium
2121 1456 2332 1523 pro/luit
2370 1454 2620 1522 Spiritus.
2667 1454 2912 1522 Denique
2948 1465 3169 1508 sanctus
3202 1457 3469 1509 Maximus

1891 1545 1941 1597 iu
1973 1544 2205 1611 Epistula
2243 1548 2307 1596 ad
2342 1546 2608 1599 Marinum
2643 1565 2655 1599 :
2695 1546 2794 1599 l‘er
2815 1548 3007 1601 Filium
3039 1548 3211 1614 prodit
3238 1546 3467 1612 Spiritus

1886 1648 2099 1689 sanctus
2125 1652 2187 1687 ea:
2232 1636 2414 1690 Patre.
2449 1637 2603 1690 Nulla
2639 1654 2769 1691 vero
2830 1638 3040 1690 laborat
3094 1638 3293 1690 inrinia
3352 1639 3469 1691 siis

1891 1730 2206 1797 pr.rp03itio
2254 1746 2336 1791 ex,
2388 1731 2501 1782 sive
2553 1730 2867 1799 praepositio
2897 1746 3009 1798 per.
3050 1730 3257 1782 ludii-at
3298 1730 3469 1797 prior,

1888 1837 1973 1883 ex,
2007 1821 2419 1889 productionem
2452 1822 2687 1890 Spiritus
2724 1824 2916 1881 sancti.
2952 1838 3072 1890 qua:
3095 1822 3335 1889 aqualis,
3359 1822 3468 1873 inin

193 1905 387 1970 Spicue
429 1914 601 1971 patet.
636 1903 863 1971 perinde
894 1918 1015 1957 esse
1063 1901 1277 1955 Patrem
1308 1920 1401 1970 per
1447 1900 1644 1955 Filium
1677 1919 1783 1955 esse
1812 1905 1859 1963 Β
1892 1926 1994 1962 una
2017 1920 2070 1962 et
2094 1915 2279 1963 eadem
2314 1921 2398 1961 est
2428 1913 2479 1962 iu
2507 1910 2683 1963 rPatre
2721 1911 2985 1977 Filioque.
3025 1912 3233 1964 Initicat
3276 1914 3467 1969 altera.

192 2012 417 2048 causam
456 1995 688 2063 Spiritus
720 1996 910 2057 sancti,
957 2010 1019 2046 ac
1048 1993 1283 2059 Patrem,
1312 2004 1365 2047 et
1398 1994 1591 2047 Filium
1622 2010 1782 2047 unam

191 2102 312 2140 esse
335 2086 595 2155 ejusdem
625 2101 844 2138 causam
870 2123 885 2146 ,
917 2085 988 2138 ob
1019 2101 1179 2137 unam
1215 2086 1473 2154 spirantis
1503 2088 1785 2147 virtutem,

192 2199 357 2251 quam
424 2182 588 2235 Pater
646 2180 807 2234 habet
850 2194 989 2243 sse,
1025 2194 1054 2232 a
1113 2179 1267 2232 Patre
1322 2180 1786 2233 communicatam

194 2274 387 2328 Filius.
433 2271 571 2325 Vide
606 2282 767 2339 caput
798 2272 847 2330 5.
881 2285 1039 2325 num.
1073 2272 1126 2334 3,
1164 2271 1265 2340 (Ξ),
1293 2281 1346 2324 et
1370 2286 1523 2324 num.
1556 2272 1609 2325 4.

265 2365 344 2435 (Ξ)
409 2364 633 2417 Muzalo
658 2378 891 2433 magnus
920 2362 1196 2431 logolheta
1246 2361 1537 2423 inferebat,
1584 2359 1787 2415 Filium

193 2457 246 2507 in
277 2456 693 2525 processioneex
719 2453 880 2507 Patre
904 2454 1071 2508 ssseri
1090 2470 1304 2506 causam
1333 2456 1503 2507 sancti
1534 2452 1783 2523 Spiritus.

197 2547 313 2601 Non
364 2548 443 2600 ita
500 2562 625 2600 esse
684 2546 901 2599 aiebant
935 2545 1341 2600 archidiaconi.
1385 2546 1571 2599 Annon
1624 2550 1787 2610 enim,

192 2640 427 2710 exempli
460 2640 666 2708 gratia,
702 2639 924 2691 dicimus
960 2656 973 2691 :
1032 2638 1194 2691 Pater
1223 2647 1299 2691 est
1334 2640 1595 2708 perfectus
1628 2638 1787 2702 Deus,

194 2731 364 2784 Filius
400 2732 531 2781 item
560 2731 822 2798 perfectus
855 2728 1021 2791 Deus,
1053 2727 1279 2799 Spiritus
1328 2744 1532 2797 quoque
1577 2737 1789 2781 sanctus

197 2834 242 2875 et
269 2826 388 2890 ipse
431 2822 697 2891 perfectus
726 2820 882 2874 Deus.
922 2819 1069 2874 Unde
1096 2824 1208 2890 quis
1240 2838 1342 2875 non
1377 2823 1509 2876 videt
1536 2836 1793 2890 apparere

199 2916 583 2983 inferendam,
615 2930 778 2983 quam
828 2916 1155 2982 respuimus,
1212 2914 1430 2967 deorum
1476 2914 1789 2965 trinitatem.

197 3006 278 3060 Ob
338 3006 618 3061 unitatem
675 3006 1001 3067 Divinitatis,
1037 3021 1156 3075 qua:
1205 3007 1347 3060 inest
1376 3006 1569 3060 eadem
1615 3005 1793 3057 tribus

198 3101 252 3152 in
285 3099 573 3167 personis,
606 3108 719 3152 tres
743 3113 988 3168 personae
1020 3107 1149 3151 sunt
1184 3113 1327 3153 unus
1356 3098 1501 3152 Deus
1530 3115 1543 3151 :
1574 3113 1639 3152 ac
1673 3097 1792 3165 pari

198 3194 366 3247 etiam
409 3194 630 3246 ratione
662 3193 733 3245 ob
788 3194 1051 3245 unitatem
1088 3193 1348 3259 spirantis
1396 3194 1633 3255 virtutis,
1671 3206 1792 3259 qua:

197 3301 227 3339 a
254 3301 313 3339 se
356 3297 440 3338 est
484 3284 541 3335 in
569 3284 752 3347 Patre,
786 3293 841 3337 et
874 3293 951 3337 est
985 3284 1172 3337 eadem
1212 3285 1264 3336 in
1312 3284 1449 3337 Filio
1488 3285 1796 3337 communi-

201 3386 317 3429 cata
357 3391 387 3427 a
426 3376 616 3436 Patre,
647 3375 803 3427 Pater
838 3383 892 3427 et
922 3373 1090 3427 Filius
1125 3374 1227 3442 97
1267 3390 1373 3427 una
1401 3386 1529 3429 sunt
1555 3373 1795 3444 Spiritus

200 3469 382 3520 sancti
417 3482 611 3518 causa.
664 3464 901 3519 Consule
938 3465 1084 3519 dicta
1116 3482 1345 3520 numero
1367 3467 1398 3520 4
1430 3467 1618 3521 citato.

276 3563 351 3625 (δι
389 3560 668 3627 Georgius
694 3559 1071 3628 Moschampar
1093 3600 1106 3622 ,
1140 3562 1226 3628 qui
1254 3570 1375 3611 tunc
1400 3571 1512 3614 erat
1552 3561 1796 3615 Ecclesia

207 3651 624 3719 etiarmphyluz.
672 3652 915 3717 spurium
948 3662 1004 3703 et
1040 3654 1446 3719 supposititium
1487 3669 1610 3706 esse
1655 3653 1797 3706 allic-

209 3744 380 3794 mavit
425 3741 654 3792 allatura
710 3739 1025 3791 Dumasceni
1060 3741 1436 3793 testimonium.
1496 3740 1797 3794 Moschum-

210 3832 326 3899 pari
360 3830 693 3884 adversatus
713 3842 798 3884 est
834 3848 1058 3902 iiiagnus
1088 3833 1397 3900 logothcta:
1435 3833 1541 3886 lloc
1572 3835 1794 3900 dictum,

212 3924 494 3991 inquiens,
538 3939 568 3973 a
614 3935 661 3972 te
688 3924 937 3991 rejectum
970 3934 1024 3975 ut
1082 3927 1460 3995 apocryphum,
1511 3928 1703 3981 diserte
1734 3944 1797 3981 ac

211 4018 430 4087 syllabis
461 4017 679 4067 totidem
725 4027 896 4069 exstat
942 4020 992 4069 in
1026 4016 1182 4071 sacra
1230 4017 1585 4087 Hopfotheca,
1640 4020 1795 4084 libro,

210 4118 266 4159 ut
304 4109 430 4169 scis,
488 4108 823 4158 auctoritatis
875 4110 1017 4159 omni
1062 4109 1358 4176 exceptione
1398 4109 1641 4176 majoris,
1704 4110 1799 4161 ad-

208 4201 395 4269 juncto
438 4201 600 4250 etiam
656 4198 796 4250 clare
824 4201 1033 4251 nomine
1089 4201 1267 4267 magni
1313 4199 1651 4266 Damasceni,
1688 4200 1797 4268 ejus

213 4291 472 4343 auctoris.
506 4286 659 4355 Opus
692 4289 832 4340 istud
864 4290 930 4342 ab
974 4289 1291 4343 Andronico
1316 4288 1607 4344 Camatero
1660 4305 1797 4345 con-

211 4381 502 4434 cinnatum
546 4379 730 4443 fuisse,
762 4381 871 4448 jam
900 4381 1301 4435 adnotavimus.

278 4473 358 4539 (ὁ)
422 4490 442 4520 ι
479 4470 725 4522 Admitto
770 4471 1068 4538 (logotbeta
1131 4472 1340 4525 Muzalo
1390 4472 1589 4539 inquit)
1650 4470 1801 4525 testi-

209 4566 462 4618 monium

208 4657 486 4712 (Laterum
548 4668 657 4706 non
713 4652 1000 4718 assentiar,
1032 4651 1289 4720 Spiritum
1316 4670 1407 4722 per
1476 4652 1698 4707 Verbum
1747 4661 1795 4705 et

210 4746 405 4801 Filium
453 4746 804 4812 originemes
837 4744 995 4798 Patre
1043 4746 1267 4798 trahere.
1298 4746 1387 4799 Sic
1419 4747 1566 4799 enim
1606 4746 1799 4799 dicens

209 4840 482 4893 audacius
513 4838 789 4905 loquerer,
814 4852 975 4904 quam
1006 4837 1053 4889 si
1078 4838 1173 4906 qui
1205 4838 1473 4892 allirmant
1494 4857 1506 4893 :
1531 4855 1595 4892 ex
1616 4836 1797 4901 Patre,

210 4942 255 4983 et
281 4929 421 4984 Filio
434 4936 685 4982 sanctum
710 4929 986 4995 procedere
1010 4925 1289 4995 Spiritum.
1308 4929 1578 4991 Quoniam
1613 4929 1664 4984 in
1694 4929 1799 4984 hoc

210 5022 545 5075 Latinorum
580 5021 729 5073 dicto
762 5019 1073 5072 communio
1109 5020 1510 5089 praepositionis
1538 5036 1621 5083 ea,
1656 5021 1800 5088 pari-

213 5124 293 5166 ter
310 5113 589 5181 adaptalae
623 5111 763 5164 Patri
784 5110 1053 5180 Filioque,
1077 5112 1141 5165 ad
1160 5111 1525 5181 aqualitatem
1546 5112 1798 5182 hyposta~

213 5220 333 5255 sum
364 5203 515 5257 inter
540 5217 596 5255 se
633 5202 981 5254 astruendam
1022 5203 1192 5273 magis
1220 5202 1516 5271 quadrans,
1550 5203 1797 5259 audacia

213 5297 480 5348 inridiam
522 5293 629 5345 nisi
663 5293 819 5360 plane
850 5294 1027 5355 diluit,
1055 5295 1298 5348 emollire
1325 5304 1473 5348 certe
1502 5295 1797 5362 plurimum

216 5397 417 5456 potest.
482 5387 539 5437 In
600 5386 705 5437 alia
757 5401 884 5439 vero
927 5387 1217 5450 sententia,
1259 5386 1387 5440 dum
1450 5386 1689 5456 Spiritus
1736 5404 1799 5440 ex

218 5482 374 5534 Patre
400 5494 502 5549 per
533 5477 727 5530 Filium
755 5478 1020 5532 asscritur
1051 5480 1369 5547 procedere,
1399 5480 1486 5532 illa
1512 5480 1801 5534 diversitas

218 5572 678 5639 praepositionum
731 5569 1030 5636 emphasim
1107 5572 1291 5623 nescio
1340 5586 1502 5638 quam
1536 5571 1796 5625 absonam

217 5664 548 5716 differentia:
598 5663 870 5713 immiscet
899 5701 910 5713 .
937 5700 949 5711 .
978 5702 989 5711 .
1051 5662 1200 5713 velut
1238 5662 1617 5725 subindicans,
1651 5664 1799 5715 aliud

220 5771 325 5807 esse
354 5757 529 5807 sancti
577 5752 809 5822 Spiritus
836 5753 1152 5823 principium
1191 5757 1415 5808 activum
1451 5759 1687 5817 Patrem,
1753 5768 1800 5808 et

222 5848 367 5901 aliud
404 5846 646 5916 ejusdem
686 5845 1004 5913 principium
1042 5852 1266 5899 activum
1306 5845 1524 5902 Filium.
1568 5868 1584 5899 i
1624 5849 1801 5918 Repu-

553 5947 832 6006 Ριτιιοι.
877 5946 993 6003 Gs.
1043 5943 1264 6006 CXLII.

1888 2015 2000 2067 per,
2057 2016 2163 2052 nou
2211 2000 2459 2053 ordinem
2516 1999 2569 2052 in
2624 2000 2846 2061 virtute,
2884 2009 2978 2051 ant
3025 2000 3333 2061 Cnit'it‘nlitl,
3399 2005 3470 2051 oh

1887 2091 2127 2160 ejusdem
2156 2092 2207 2143 in
2248 2092 2404 2143 Patre
2438 2100 2491 2143 et
2534 2090 2670 2143 Filio
2718 2091 3022 2151 unitatem;
3076 2092 3169 2143 sed
3214 2091 3466 2144 ordinem

1888 2182 2034 2235 inter
2063 2196 2322 2249 personas
2345 2182 2546 2245 Patris,
2583 2192 2635 2234 et
2696 2181 2837 2238 Filii.
2875 2184 2963 2245 qui
2993 2182 3226 2234 distincti
3251 2192 3395 2244 sunt,
3421 2193 3469 2233 et

1890 2276 2119 2343 prarbent
2178 2275 2504 2342 suppositum
2568 2275 2898 2342 spirationi:
2950 2276 3025 2326 ita
3073 2276 3269 2327 scilicet
3332 2278 3470 2344 quod

1892 2366 2052 2419 Filius
2094 2367 2244 2418 habet
2274 2384 2305 2417 a
2332 2368 2516 2425 Patre,
2550 2366 2688 2433 quod
2732 2367 2893 2432 spiret
2923 2364 3179 2434 Spiritum
3203 2377 3465 2420 sanctum.

1890 2458 2125 2513 Consule
2170 2468 2418 2511 sanctum
2454 2456 2720 2509 Thomam
2762 2457 2813 2509 in
2848 2458 2866 2510 ι
2896 2458 3023 2511 dist.
3063 2460 3149 2519 12,
3192 2468 3384 2526 quast.
3414 2461 3472 2523 1,

1892 2550 2053 2603 artic.
2086 2550 2139 2611 5,
2164 2558 2221 2601 ct
2260 2564 2271 2599 I
2306 2564 2359 2617 p.
2390 2555 2585 2616 quzest.
2609 2546 2698 2611 36,
2729 2557 2834 2602 art.
2859 2546 2916 2599 Ξ.
2952 2548 3046 2601 νει
3070 2549 3235 2602 etiam
3274 2549 3467 2603 eadem

1895 2640 2007 2710 98
2041 2641 2327 2709 partienla,
2363 2656 2478 2708 per,
2504 2640 2714 2693 clarius
2743 2638 3158 2707 quodammodo
3185 2642 3465 2707 exprimit.

1893 2733 2137 2800 spirandi
2168 2734 2453 2793 virtutem,
2474 2746 2596 2799 qua:
2628 2732 2773 2784 inest
2795 2732 2967 2792 Patri,
2990 2748 3159 2785 uuam
3194 2733 3471 2787 eamdem-

1894 2841 2003 2894 que
2040 2823 2177 2877 Filio
2217 2824 2615 2878 communicari
2658 2839 2683 2875 a
2721 2824 2906 2877 Patre.

1969 2918 2043 2983 (5}
2104 2914 2447 2967 Catholicam
2518 2912 2828 2967 doctrinam
2883 2915 3198 2983 exponebat
3268 2915 3477 2971 Beccns

1893 3008 2143 3077 exemplo
2176 3007 2429 3060 Patribus
2460 3006 2717 3059 familiari
2748 3005 2896 3069 solis,
2930 3008 3091 3068 radii,
3123 3016 3172 3058 et
3215 3008 3365 3072 lucis,
3388 3009 3473 3064 vei

1893 3101 2053 3164 oculi,
2089 3100 2269 3167 fontis,
2302 3114 2455 3168 aquis
2483 3106 2532 3151 et
2567 3098 2737 3166 ﬂuuii.
2772 3098 3018 3167 Namque
3054 3100 3334 3168 splendor,
3358 3100 3474 3154 sive

1902 3188 1992 3241 lux
2027 3197 2109 3241 est
2132 3205 2160 3240 a
2194 3190 2307 3242 sole
2345 3204 2441 3256 per
2495 3188 2706 3242 radium
2741 3207 2752 3241 :
2786 3198 2840 3243 et
2875 3191 3074 3243 fluvius
3118 3206 3213 3259 per
3253 3206 3472 3260 aquam,

1902 3279 2017 3332 sive
2050 3280 2220 3332 rivum
2257 3289 2342 3332 est
2374 3295 2403 3332 a
2440 3278 2612 3332 fonte.
2658 3280 2845 3332 Datam
2888 3281 3329 3335 calumniabatur
3382 3297 3477 3335 e1-

1899 3373 2223 3441 positionem
2253 3373 2552 3439 Gregorius
2586 3373 2895 3442 patriarcha
2926 3392 2940 3427 :
2966 3391 3027 3428 ac
3052 3376 3095 3428 si
3133 3376 3335 3430 Beccus
3372 3394 3477 3429 non

1897 3467 2262 3534 conﬁteretur,
2330 3464 2585 3533 Spiritum
2647 3476 2890 3519 sanctum
2944 3469 3252 3521 continuum
3319 3470 3475 3523 Patri

1899 3574 2026 3619 esse,
2086 3561 2219 3611 sicut
2257 3568 2305 3609 et
2363 3557 2588 3621 Filium;
2643 3559 2777 3625 quin
2830 3560 2939 3612 imo
2971 3559 3193 3613 doceret
3221 3601 3235 3625 ,
3273 3560 3477 3616 Filium

1898 3653 2107 3719 quidem
2144 3654 2450 3703 continuum
2486 3650 2657 3714 Patri,
2697 3649 2956 3719 Spiritum
2995 3670 3115 3704 vero
3157 3652 3311 3707 locali
3336 3672 3479 3723 qua.

1899 3746 2022 3796 dam
2085 3745 2420 3811 separatione
2483 3745 2702 3796 distare.
2754 3744 3094 3799 Calumniam
3167 3747 3481 3815 depellebat

1900 3837 2107 3890 Beecus
2137 3854 2149 3887 ε
2196 3855 2211 3885 r
2258 3836 2560 3903 Gregorius
2586 3836 2889 3905 Nyssenus,
2922 3838 3197 3905 inquiens,
3232 3838 3301 3891 de
3341 3840 3478 3893 Filio

1899 3930 2119 3997 quidem
2145 3929 2241 3991 ait,
2262 3944 2371 3980 esse
2401 3928 2551 3980 illum
2588 3929 2833 3980 continue
2859 3944 2921 3981 ex
2953 3928 3137 3993 Patre,
3175 3930 3242 3985 de
3271 3930 3477 4003 Spiritu

1898 4035 2052 4085 vero,
2092 4035 2200 4073 esse
2236 4036 2327 4087 per
2352 4035 2492 4079 eum,
2541 4021 2631 4087 qui
2661 4023 2908 4072 continue
2946 4036 3008 4072 ea:
3044 4020 3203 4076 Patre
3238 4033 3335 4076 est.
3374 4024 3480 4077 Vos

1900 4128 2030 4167 vero
2092 4111 2280 4163 locales
2333 4112 2643 4176 distantias,
2707 4122 2801 4165 aut
2838 4113 3011 4179 spatia
3078 4114 3478 4183 interjicientes

1902 4215 2233 4274 temporum,
2271 4203 2665 4257 absurditatem
2708 4205 2934 4257 omnino
2967 4204 3245 4259 inducitis.
3283 4206 3474 4260 Enim-

1902 4313 2031 4351 vero
2061 4297 2307 4365 generari
2349 4293 2548 4347 Filium
2594 4310 2655 4347 ex
2703 4295 2885 4359 Patre,
2924 4312 3048 4349 cum
3080 4298 3258 4351 solum
3314 4300 3477 4354 sudi-

1906 4400 2013 4451 tnr,
2041 4390 2242 4458 praebet
2274 4386 2459 4441 animo
2497 4390 2669 4440 nescio
2700 4404 2861 4457 quam
2893 4390 3115 4457 speciem
3151 4390 3305 4459 quasi
3338 4391 3477 4459 eﬂluv

1901 4497 2019 4542 atus,
2053 4481 2239 4532 locatis
2269 4479 2603 4546 egressionis
2651 4478 2963 4532 distantiam
3005 4480 3313 4535 inferentis.
3364 4481 3472 4537 Sed

510 4578 525 4612 :
567 4570 620 4614 et
652 4562 824 4614 sancti
852 4575 973 4615 esse
1006 4577 1134 4616 vere
1176 4564 1496 4616 Dainasceni
1536 4579 1791 4631 agnosco.
1830 4594 1872 4647 ο
1903 4571 2194 4636 corrigitur
2224 4568 2565 4637 imaginatio,
2602 4583 2730 4621 cum
2770 4569 2993 4621 additur
3024 4584 3038 4622 ε
3076 4570 3337 4624 indioulse
3390 4575 3473 4625 in.

1901 4664 2243 4730 distincteque
2277 4665 2559 4731 generari;
2593 4677 2718 4717 vsre
2765 4662 2844 4715 sic
2872 4675 2937 4712 ea:
2965 4660 3131 4715 Patre
3157 4662 3476 4731 signiﬁcans

1900 4769 2023 4806 esse
2054 4753 2275 4815 Filium,
2311 4763 2370 4807 ut
2406 4754 2567 4806 simul
2601 4754 2653 4805 in
2701 4751 2865 4807 Patre
2897 4753 2991 4808 sit.
3020 4752 3110 4807 Sic
3133 4765 3187 4807 et
3216 4756 3348 4811 mihi
3390 4771 3477 4810 rs.

1905 4846 2158 4900 tiorinari
2190 4845 2259 4899 de
2289 4845 2491 4914 Spiritu
2524 4844 2675 4899 licet.
2708 4847 2817 4898 Aut
2842 4847 3025 4915 posins
3055 4846 3121 4900 ad
3156 4847 3476 4903 similitudi-

1904 4952 2026 4990 nem
2058 4937 2315 5005 superius
2350 4936 2640 4990 adductam
2666 4936 2939 4991 referatur
2973 4952 3154 4992 sermo
3187 4957 3198 4991 :
3239 4942 3476 4994 radium.

1903 5043 2002 5097 que
2036 5029 2275 5082 dicimus
2316 5044 2379 5082 ea:
2427 5028 2556 5090 sole,
2600 5040 2654 5081 et
2698 5038 2875 5081 tamen
2927 5030 3223 5084 abscissum
3248 5047 3312 5085 ex
3357 5035 3474 5087 sole

1902 5118 2181 5196 quidpiam
2244 5133 2351 5172 non
2388 5119 2771 5173 existimamus
2818 5135 2939 5173 esse
2989 5123 3220 5177 radium.
3275 5122 3473 5178 Lumen

1902 5208 2066 5262 etiam
2102 5209 2337 5264 dicimus
2360 5211 2694 5278 per-radium
2739 5226 2803 5264 ea:
2838 5211 2967 5274 sole,
2998 5222 3055 5265 et
3086 5216 3474 5270 mediationcm

1905 5300 2303 5368 intelligimus,
2358 5311 2415 5354 et
2440 5302 2756 5355 continuari
2792 5303 2973 5356 lumen
3021 5304 3121 5358 soli
3179 5321 3278 5375 per
3333 5309 3472 5362 radii

1904 5394 2311 5455 mediationcm,
2369 5411 2474 5448 non
2517 5410 2797 5463 negamus.
2841 5414 2858 5445 ι
2907 5395 3315 5451 Pro-monuerat
3343 5415 3475 5453 vero

1902 5482 2253 5536 doctissimus
2298 5484 2540 5538 Beccns:
2576 5484 2749 5537 Rudes
2793 5488 2972 5553 utique
3019 5502 3125 5539 esse
3174 5489 3475 5556 hujusmodi

1902 5576 2153 5643 imagines
2186 5578 2573 5645 proccssionuin
2616 5578 2782 5630 beata’
2824 5578 3096 5632 Trinitatis
3124 5620 3139 5644 ,
3178 5597 3293 5649 qua:
3329 5582 3476 5634 nullo

1904 5668 2047 5735 pingi
2075 5670 2361 5723 simulacro
2401 5674 2616 5725 valent:
2650 5682 2697 5724 et
2753 5676 2943 5725 harum
2985 5675 3146 5742 eﬁigie
3183 5675 3475 5743 formarum

1902 5760 2125 5823 speciem
2187 5760 2376 5813 divinat
2430 5762 2635 5813 Triarii:
2677 5764 2960 5825 insinuari,
3001 5767 3171 5825 quoad
3204 5764 3318 5815 ίιτινι
3379 5767 3477 5823 hu.

1906 5867 2062 5903 mana
2092 5854 2288 5919 captiti.

3055 5958 3092 6022 li
