4198 6440
747 383 847 448 107

1714 382 2024 441 GEORGII
2070 382 2322 444 CYI’l‘tll
2376 385 2488 447 CP.
2527 386 3038 446 I‘ATRIARCII.E
3894 378 3983 445 103

821 501 973 557 lianc
997 502 1301 557 doctrinam
1355 502 1563 570 pain-is,
1605 512 1658 555 at
1713 503 2164 557 loculentissimis
2219 504 2311 556 de-
2350 525 2389 573 Α
2422 504 2760 558 cinationum
2800 502 3075 559 evidentia
3134 500 3432 569 constringi
3489 515 3546 553 se
3608 508 3867 567 putarent
3921 498 3982 551 al

745 596 916 647 clarat
947 596 1129 648 verbis
1154 604 1376 647 sanctus
1407 594 1665 657 Thomas,
1700 594 1753 646 iu
1789 595 1803 647 l
1837 594 1965 648 dist.
1999 596 2087 658 l2,
2119 606 2308 664 quiest.

750 689 799 747 1.
833 696 930 739 art.
986 686 1061 738 3:
1120 703 1138 735 ι
1179 684 1235 739 Si
1286 684 1699 738 consideremus
1757 687 1930 755 ipsum
1963 689 2307 755 principium,

742 781 950 832 scilicet
977 778 1276 847 potentiam
1302 776 1619 844 spirativam
1642 781 1760 844 (seu
1796 792 2044 831 naturam
2068 777 2308 831 divinam

744 889 864 923 cum
896 888 970 940 pr-
999 870 1229 939 prietate
1260 869 1617 938 spirationis).
1648 885 1773 922 cum
1808 871 1860 922 in
1912 870 2015 922 hoc
2045 885 2153 922 non
2205 870 2313 921 dis-

742 963 1059 1027 tinguantur
1092 960 1273 1019 Pater,
1305 967 1359 1011 et
1423 955 1595 1010 Ftlius
1636 957 1755 1026 (sed
1800 959 1909 1011 sint
1934 944 2129 1025 unum)
2154 1000 2168 1021 ,
2203 973 2309 1009 non

744 1062 920 1119 potest
949 1052 1056 1103 dici
1085 1051 1441 1119 spiratiocsse
1483 1065 1515 1100 a
1549 1047 1709 1101 l’atre
1740 1050 1999 1101 mediante
2036 1048 2166 1101 Filio
2196 1049 2307 1118 (sed

743 1163 770 1196 a
814 1144 1009 1203 l‘atrc,
1062 1151 1117 1194 et
1156 1156 1185 1193 a
1243 1140 1380 1193 Filio
1430 1141 1747 1194 immediate
1781 1141 2026 1208 procedit
2071 1140 2311 1209 Spiritus

740 1238 1009 1297 sanctus).
1064 1232 1119 1285 Si
1168 1241 1348 1284 autem
1382 1234 1797 1285 consideremus
1843 1235 1982 1301 ipsos
2024 1237 2308 1299 spirantes,

745 1329 836 1394 qui
870 1326 1102 1377 distincti
1139 1332 1306 1384 sunt,
1341 1332 1395 1374 et
1439 1322 1739 1376 secundum
1782 1324 1885 1376 hoc
1921 1323 2150 1391 pra‘bent
2185 1339 2310 1390 snp—

739 1423 963 1489 positum
991 1421 1270 1486 spirationi
1293 1435 1310 1470 :
1351 1418 1430 1469 sic
1457 1425 1542 1468 est
1571 1415 1646 1469 ibi
1675 1414 1933 1469 mediatio
1954 1454 1969 1478 ,
2001 1418 2306 1469 secundum

741 1512 885 1579 quod
918 1520 999 1562 est
1025 1509 1095 1561 ibi
1128 1509 1264 1561 ordo
1292 1517 1497 1560 natura:
1523 1524 1538 1571 ;
1571 1508 1700 1575 quia
1724 1506 1897 1559 Filius
1921 1518 2003 1559 est
2033 1521 2096 1559 ex
2124 1506 2308 1567 Patre,

740 1615 794 1657 et
825 1604 1059 1671 Spiritus
1098 1611 1320 1653 sanctus
1347 1600 1508 1652 simul
1547 1599 1762 1651 aPatre
1790 1606 1845 1652 et
1893 1599 2053 1651 Filio.
2100 1618 2116 1649 ι
2152 1600 2307 1652 Paria

739 1703 888 1755 sunt,
918 1709 1039 1761 qua:
1079 1691 1352 1744 habentur
1384 1691 1449 1743 ad
1490 1691 1504 1740 l
1536 1707 1548 1741 :
1591 1707 1612 1735 ι
1644 1688 1745 1740 Per
1785 1689 1887 1742 hoc
1927 1691 2071 1758 quod
2107 1691 2309 1742 dicitur

740 1786 979 1853 Spiritus
1032 1794 1255 1836 sanctus
1312 1781 1589 1849 procedere
1647 1795 1680 1831 a
1745 1778 1905 1831 Patre
1950 1797 2042 1847 per
2080 1779 2305 1841 Filium,

742 1876 1060 1943 designatur
1090 1872 1376 1925 auctoritas
1412 1871 1465 1923 itt
1494 1869 1654 1923 Patre
1687 1880 1937 1936 respectu
1977 1868 2096 1922 Filii
2133 1889 2145 1923 :
2179 1873 2304 1939 quia

741 1966 914 2018 Filius
966 1964 1117 2015 liabet
1183 1980 1214 2012 a
1272 1960 1455 2022 Patre,
1491 1961 1633 2027 quod
1667 1958 1779 2029 99
1817 1959 1987 2027 spiret
2042 1960 2205 2028 Spit-it
2236 1978 2304 2013 .m

736 2072 1005 2113 sanetum.
1040 2055 1115 2106 Ex
1166 2054 1268 2107 hoc
1314 2065 1493 2105 autem
1545 2068 1650 2104 non
1693 2052 2304 2119 poniturmediatioaii-

740 2165 867 2217 qua,
907 2148 1008 2200 nisi
1037 2163 1100 2199 ex
1136 2154 1285 2212 parte
1316 2144 1722 2211 suppositarum
1760 2158 1772 2192 :
1809 2158 1929 2210 qua:
1960 2143 2307 2210 distinguun-

741 2250 829 2293 tur
864 2255 960 2309 per
992 2240 1113 2302 hoc,
1142 2235 1286 2306 quod
1323 2252 1485 2287 unum
1525 2243 1598 2287 est
1634 2234 1696 2286 ab
1730 2232 1877 2298 alio;
1912 2235 2120 2286 ratione
2154 2236 2306 2304 ei:th

737 2332 791 2386 in
822 2348 930 2385 uno
959 2342 1037 2385 est
1064 2329 1361 2383 auctoritas
1394 2335 1644 2395 respectu
1688 2326 1928 2378 alterius.
1971 2345 1989 2376 ι

811 2425 950 2491 Quid
988 2424 1103 2478 hac
1129 2436 1260 2474 vero
1299 2420 1444 2473 Patri
1486 2418 1732 2473 conferat
1783 2419 2118 2482 auctoritas;
2162 2434 2303 2486 qlia:-

742 2536 867 2573 nam
891 2518 1053 2571 etiam
1080 2517 1151 2568 sit
1174 2510 1479 2567 diﬂ‘ercntia
1504 2511 1649 2564 inter
1668 2510 2075 2579 processioncm
2096 2528 2122 2563 ξι
2149 2512 2305 2566 Patre

741 2628 839 2680 per
885 2609 1083 2664 Filium
1130 2590 1371 2675 Spiritus
1423 2604 1619 2670 sancti,
1650 2618 1712 2657 ac
1768 2604 1911 2656 inter
1951 2604 2171 2656 ﬂuvium
2209 2621 2307 2673 per

739 2706 920 2759 rivum
956 2711 1365 2771 promanautem
1399 2718 1428 2754 a
1486 2700 1668 2765 fonte;
1707 2700 1930 2767 quinam
1960 2699 2177 2752 domum
2218 2717 2307 2753 vn-

740 2812 866 2848 eum
899 2810 1027 2846 usus
1057 2792 1197 2861 apud
1250 2789 1465 2845 Grmcos
1499 2808 1512 2843 :
1549 2790 1805 2859 patefacit
1848 2791 2090 2858 Aquinas
2121 2793 2303 2845 omnia

736 2886 965 2942 ibidem.
992 2893 1094 2935 art.
1127 2884 1181 2945 2,
1214 2882 1279 2934 ad
1305 2882 1405 2935 5::
1439 2881 1675 2949 Spiritus
1706 2890 1927 2934 sanctus
1961 2882 2163 2936 dicitur
2188 2898 2305 2936 eSse

740 2977 1103 3048 principaliter
1137 2992 1169 3027 a
1213 2974 1407 3037 l’atre;
1454 2973 1581 3041 quia
1606 2974 1657 3025 in
1692 2973 1848 3026 Patre
1882 2985 1965 3027 est
2008 2978 2301 3028 auctoritas

738 3069 1070 3137 spirationis,
1105 3081 1132 3118 a
1159 3082 1266 3134 quo
1300 3066 1463 3117 etiam
1498 3063 1661 3116 habet
1688 3062 1856 3115 Filius
1904 3065 2162 3117 virtutem
2192 3067 2306 3133 Spi-

739 3159 1022 3211 rativam:
1083 3167 1136 3209 et
1191 3171 1296 3208 non
1344 3166 1565 3223 propter
1615 3155 1850 3223 aliquem
1897 3157 2165 3218 ordinem,
2221 3160 2301 3211 vel

2415 596 2831 652 aﬂirmandum.
2885 596 3266 666 hypostaticam
3320 594 3698 661 proprietatem
3758 606 3983 659 persona

2416 685 2596 740 Patris
2623 704 2731 740 esse
2758 686 3072 756 originalem
3102 687 3445 754 spirationem
3475 684 3700 736 activam
3725 698 3743 735 :
3767 698 3985 735 concor-

2413 780 2544 833 dare
2577 795 2700 833 cum
2753 794 2820 833 eo
2860 779 3233 847 nequiverunt
3282 778 3601 829 consortium
3635 778 3688 827 in
3735 775 3981 843 spirando

2416 870 2547 924 Filii
2577 889 2693 924 cum
2726 872 2905 925 Patre.
2928 870 3058 924 Inde
3083 871 3134 922 in
3159 869 3407 922 frivolam
3443 882 3591 920 vana
3618 865 3981 919 distinctionis

2414 964 2914 1017 cavillatiunculam
2974 961 3233 1015 abstracti
3286 971 3436 1022 sunt,
3508 973 3614 1026 qua
3666 966 3979 1026 pernegant,

2415 1052 2558 1105 idem
2599 1070 2721 1108 esse
2768 1054 3150 1121 processionem
3188 1062 3241 1105 et
3291 1051 3640 1103 exstantiam.
3702 1049 3978 1109 Fatentur,

2412 1144 2691 1207 procedere
2724 1144 2945 1212 quidem
2995 1144 3260 1212 Spiritum
3304 1153 3552 1194 sanctum
3603 1158 3632 1191 a
3677 1138 3841 1191 Patre
3894 1156 3980 1205 per

2416 1232 2659 1297 Filium;
2704 1236 2810 1288 diei
2870 1246 3049 1289 tamen
3106 1243 3311 1293 vetant,
3355 1232 3619 1300 Spirit:.m
3654 1249 3745 1293 per
3794 1229 3978 1283 Filium

2416 1333 2638 1378 exstare.
2865 1326 3121 1378 Transire
3154 1326 3499 1393 spirationent
3521 1325 3747 1375 actirom
3784 1323 3980 1389 ﬁngunt

2414 1434 2503 1484 per
2564 1415 2972 1481 I-‘ilium,quasi
3011 1433 3102 1482 per
3166 1417 3411 1466 medmm.
3472 1425 3518 1464 et
3576 1415 3975 1464 instrumentum

2413 1508 2648 1558 inanime
2696 1507 2747 1558 in
2785 1507 2932 1558 nullo
2965 1522 3304 1573 eooperaus;
3341 1514 3398 1557 nt
3446 1520 3507 1557 ea
3546 1506 3755 1557 ratione
3790 1520 3974 1571 proce-

2414 1597 2550 1649 dens
2586 1595 2824 1663 Spiritus
2869 1596 3206 1662 intelligatur
3245 1612 3561 1665 consequcns
3615 1597 3863 1664 quiddam
3914 1598 3976 1647 ad

2416 1687 2630 1744 Filium.
2656 1687 2767 1739 sola
2794 1690 3126 1754 cogitatione,
3157 1686 3242 1739 cui
3273 1687 3406 1739 nihil
3442 1686 3765 1753 respondeat
3788 1686 3839 1737 in
3867 1703 3970 1738 re.»

2417 1776 2551 1829 Hinc
2598 1792 2725 1828 vero
2795 1777 3015 1830 demum
3103 1777 3502 1844 processionem
3566 1792 3662 1844 pro
3714 1776 3979 1843 eﬂicieittia

2366 1873 2377 1911 Υ
2412 1880 2681 1937 sumptam
2722 1868 3029 1921 referebant
3066 1869 3131 1919 ad
3175 1869 3469 1920 missionem
3519 1868 3757 1935 Spiritus
3811 1870 3976 1921 sancti

2414 1960 2764 2028 temporalem
2801 1977 2894 2027 per
2929 1959 3200 2012 donorum
3230 1972 3283 2013 et
3316 1960 3710 2013 charismatum
3745 1975 3879 2012 conc
3916 1976 3979 2013 s-

2412 2052 2639 2103 Sillltt'lll.
2677 2052 2827 2116 Quod
2858 2052 2901 2103 si
2939 2051 3125 2103 cadent
3153 2052 3421 2119 eﬁicicntia
3453 2068 3545 2119 per
3590 2050 3787 2104 Filium
3825 2052 3980 2105 incl-

2412 2143 2502 2211 ligi
2529 2146 2689 2195 etiam
2736 2143 2932 2195 debeat
2966 2151 3198 2207 u-terna,
3230 2143 3368 2195 hanc
3408 2142 3638 2210 Cyprius
3685 2142 3977 2211 Gregorius

2413 2233 2483 2284 ita
2512 2232 2969 2299 interpretabatur
2993 2272 3007 2295 ,
3046 2242 3104 2285 ut
3139 2248 3339 2287 novam
3390 2234 3639 2287 haeresim
3674 2234 3978 2297 invtlteret,

2411 2317 2477 2370 de
2531 2334 2635 2385 qua
2688 2319 2912 2373 inferius
2968 2322 3234 2389 agendum
3292 2332 3396 2375 est.
3456 2322 3760 2375 Laudatum
3826 2323 3978 2377 Becci

2413 2420 2792 2465 testamentum
2838 2414 3182 2483 diligentiore
3224 2432 3352 2468 cura
3408 2421 3585 2485 capite
3641 2416 3855 2470 decimo
3915 2432 3978 2470 ac

2412 2510 2685 2568 postremo
2712 2506 3070 2567 expendimus
3103 2518 3152 2559 et
3185 2508 3539 2561 illttStraiuus.

2482 2595 2567 2647 IV.
2634 2594 2933 2664 Egcrtimo
2993 2598 3202 2651 fciebat
3263 2600 3580 2666 Augustus,
3648 2617 3978 2670 congressum

2412 2688 2560 2757 longe
2601 2700 2785 2742 contra
2836 2707 2993 2759 quam
3042 2703 3363 2759 speraverat.
3403 2694 3672 2746 accidisse.
3716 2694 3978 2747 Joannrnt

2409 2778 2664 2844 Beccum,
2704 2782 2995 2850 sociosque
3054 2788 3250 2853 excepit
3282 2784 3530 2837 Cosmidii
3580 2789 3977 2851 monasterium,

2408 2871 2497 2923 sub
2522 2872 2629 2937 ﬁda
2658 2874 2858 2925 habitos
2888 2876 3145 2926 custodia.
3186 2876 3328 2928 Idem
3360 2887 3469 2938 est,
3500 2894 3561 2931 ac
3591 2882 3979 2933 monasterium

2410 2972 2715 3015 sanctorum
2762 2965 2962 3017 Ccsma'
3016 2977 3063 3018 ct
3114 2967 3378 3030 Damiani,
3412 2970 3554 3037 quod
3585 2980 3735 3023 extra
3791 2973 3981 3025 urbem

2413 3055 2478 3106 ad
2533 3055 2655 3107 lrcli
2716 3056 2868 3109 littus
2922 3058 3192 3111 exstabat.
3254 3059 3588 3129 Ducangium
3649 3062 3875 3115 consule
3927 3064 3981 3114 in

2413 3142 2561 3211 Cpcli
2593 3144 2894 3196 Christiana
2929 3145 2954 3215 ς
2991 3147 3070 3209 l5,
3104 3162 3254 3199 num.
3292 3146 3373 3199 l0.
3425 3147 3527 3200 Sed
3562 3150 3680 3202 illos
3737 3151 3980 3215 demum,

739 3252 963 3322 gradum
1010 3248 1303 3319 prioritatis
1341 3257 1389 3298 et
1424 3248 1825 3316 posterioritatis
1873 3248 2050 3302 Patris
2075 3257 2130 3302 et
2164 3249 2303 3302 Filii.
2334 3236 2377 3291 (ἶ

2334 3236 2377 3291 C
2412 3250 2515 3302 qua
2562 3236 2744 3297 minis,
2800 3252 2903 3304 qua
2960 3237 3238 3289 blanditiis
3288 3237 3488 3291 lrustra
3530 3249 3789 3304 tentatos,
3829 3243 3984 3311 jubet

743 3343 1009 3397 Similiter
1031 3342 1192 3391 etiam
1234 3348 1454 3406 propter
1500 3339 1746 3392 eamdem
1803 3340 2067 3393 rationem
2104 3342 2304 3394 dicitur

740 3434 952 3502 proprie
977 3428 1274 3499 procedere
1307 3444 1335 3479 a
1376 3427 1533 3481 Patre
1566 3444 1582 3479 :
1619 3429 1853 3482 maxime
1875 3444 1995 3482 eum
2025 3431 2135 3483 haec
2167 3446 2305 3500 prm-

742 3524 964 3589 positio,
985 3539 1037 3585 a,
1064 3520 1203 3588 apud
1229 3520 1448 3573 Grmcos
1466 3529 1616 3573 notat
1640 3522 1954 3575 relationem
1985 3526 2045 3575 ad
2079 3527 2305 3592 primaut

741 3617 1016 3685 originem.
1056 3611 1209 3665 Unde
1241 3613 1382 3679 apud
1409 3627 1502 3665 eos
1530 3628 1635 3664 non
1668 3614 1869 3666 dicitur
1902 3616 2043 3682 quod
2072 3616 2214 3667 lacus
2240 3617 2305 3668 sit

742 3724 773 3759 a
805 3709 936 3769 riuo,
981 3706 1071 3757 sed
1133 3722 1162 3756 a
1207 3704 1347 3771 fonte
1377 3719 1395 3756 :
1429 3712 1484 3757 et
1517 3703 1641 3757 inde
1683 3715 1764 3758 est
1808 3706 1996 3768 etiam,
2025 3709 2165 3776 quod
2202 3724 2305 3761 non

741 3797 1070 3859 concedunt,
1102 3797 1245 3863 quod
1278 3794 1515 3862 Spiritus
1540 3808 1759 3849 sanctus
1794 3798 1862 3850 sit
1893 3815 1919 3850 a
1953 3799 2108 3863 Filio,
2145 3801 2237 3853 sed
2277 3820 2306 3853 a

741 3890 928 3942 Patre.
960 3888 1327 3942 Nihilominus
1358 3898 1534 3942 tamen
1571 3904 1679 3941 non
1714 3898 1798 3942 est
1838 3889 2155 3956 dicendum,
2183 3895 2306 3961 quin

744 3983 905 4038 etiam
935 3997 966 4033 a
1000 3978 1144 4031 Filio
1194 3980 1404 4046 proprie
1435 3980 1726 4048 (procedat,
1766 3980 1856 4048 qui
1885 3996 2009 4035 cum
2042 3982 2198 4036 Patre
2228 3994 2313 4038 est

745 4090 909 4126 unum
950 4074 1266 4141 principium
1321 4072 1558 4140 Spiritus
1606 4075 1778 4125 sancti
1814 4088 1828 4124 :
1866 4088 1972 4125 non
2020 4084 2200 4128 autem
2234 4077 2312 4131 sic

745 4168 925 4229 riuus,
960 4175 1014 4217 et
1054 4165 1169 4232 [ous
1215 4171 1344 4217 sunt
1398 4181 1562 4217 unum
1615 4165 1931 4234 principium
1980 4166 2124 4220 laci:
2165 4187 2183 4219 ι
2216 4170 2311 4221 sed

749 4257 938 4324 utique
967 4255 1099 4319 duo,
1130 4269 1363 4323 quorum
1393 4256 1626 4309 alterum
1672 4258 1872 4325 pendet
1909 4258 1976 4310 ab
2003 4259 2173 4313 altero
2202 4277 2215 4323 ;
2250 4277 2313 4315 ac

743 4351 1084 4411 distinctam,
1114 4348 1157 4401 si
1188 4362 1290 4416 qua
1322 4355 1429 4411 est,
1468 4347 1816 4402 eﬂieieutiam
1847 4350 2068 4405 habent.
2098 4350 2313 4407 Graicos

745 4441 813 4492 ab
842 4440 1111 4509 Aquinate
1157 4449 1489 4491 memoratos
1546 4437 1788 4509 intellige
1830 4450 2052 4495 sanctos
2101 4441 2311 4511 Patres,

742 4533 987 4601 aliosque
1022 4530 1278 4585 catholici
1315 4528 1585 4597 dogmatis
1617 4531 1883 4586 vindices.

814 4624 890 4695 (6)
922 4622 1045 4676 llaec
1075 4621 1349 4691 pracipua
1394 4630 1545 4684 sunt,
1577 4635 1699 4689 quae
1723 4622 1865 4675 circa
1907 4621 2177 4692 dogmatis
2206 4623 2306 4678 do-

742 4716 975 4768 ctrinam
1025 4712 1078 4765 in
1129 4711 1403 4779 colloquio
1436 4710 1681 4766 discussa
1733 4712 1911 4766 luere.
1950 4713 2303 4778 Testamenti,

741 4803 885 4874 quod
924 4802 1086 4857 morti
1120 4803 1397 4871 prosimus
1452 4816 1595 4855 anno
1629 4802 1761 4858 1298
1791 4803 2036 4858 condidit
2077 4805 2305 4871 Beecus,

742 4906 954 4962 partem
986 4891 1224 4959 aliquam
1250 4891 1351 4942 hoc
1380 4889 1544 4943 liceat
1570 4890 1692 4943 loco
1727 4891 2010 4957 exhibere,
2038 4904 2096 4945 ut
2120 4893 2305 4961 splen-

742 4986 870 5038 dide
903 4992 1083 5051 pateat
1112 4980 1517 5036 adversantium
1579 4980 1892 5035 Graecorum
1939 4986 2209 5037 sententia
2239 4984 2305 5038 de

744 5075 952 5142 Spiritu
984 5081 1190 5126 saneto.
1222 5071 1494 5139 [ntegrum
1534 5070 1792 5127 Pessinus
1827 5074 1995 5127 rel'ert
2026 5074 2079 5128 in
2106 5074 2306 5130 Obser-

741 5166 1059 5220 vationibus
1090 5164 1156 5217 ad
1202 5162 1329 5216 libri
1362 5164 1511 5217 tertii
1551 5172 1718 5231 caput
1744 5163 1831 5219 29.
1854 5184 1870 5215 ι
1901 5165 1958 5219 In
1990 5166 2094 5221 hoc
2124 5167 2304 5221 hallu-

750 5262 1005 5311 i-inantur
1068 5258 1104 5311 ii
1151 5255 1477 5326 quibuscum
1532 5256 1668 5310 mihi
1720 5258 2112 5323 controversia,
2159 5261 2304 5329 quod

747 5354 881 5420 ipsis
900 5351 947 5401 vi
983 5359 1427 5417 argumentorum
1452 5366 1517 5404 ex
1537 5350 1866 5407 authenticis
1898 5352 2303 5423 Scripturarum

741 5454 790 5493 ενι
824 5443 1046 5495 Patrum
1094 5442 1420 5495 testimoniis
1452 5442 1900 5512 depromptorum
1943 5444 2303 5500 ineluctabili-

742 5545 827 5588 ter
856 5535 1074 5602 pressis,
1109 5532 1251 5585 nul'a
1280 5534 1669 5587 ostendebatur
1702 5535 1785 5587 via
1816 5536 2144 5599 declinandi,
2170 5538 2300 5605 quin

736 5627 956 5680 lati-uda
1006 5636 1170 5687 esset,
1232 5640 1294 5677 ae
1347 5641 1445 5693 pro
1505 5636 1655 5679 certo
1733 5627 1983 5694 dogmate
2052 5629 2301 5682 habenda

734 5719 900 5768 sancti
926 5716 1151 5784 Spiritus
1180 5731 1239 5767 ea;
1274 5713 1433 5766 Patre
1451 5732 1544 5783 per
1560 5715 1749 5769 Filium
1769 5722 2043 5785 processio.
2066 5722 2301 5773 Aliunde

730 5825 883 5873 vero,
924 5828 1045 5863 (-mu
1081 5813 1192 5881 [:ari
1224 5808 1651 5877 tlieologicarum
1684 5827 1753 5866 ex
1796 5814 2098 5882 Scripturis
2132 5816 2301 5869 ratio-

2409 3327 2722 3393 ituperatnr,
2768 3344 2899 3379 nave
2954 3330 3225 3397 deportari
3262 3332 3315 3381 in
3351 3347 3542 3397 arcem,
3579 3350 3609 3383 α
3654 3334 3850 3386 dextris
3898 3340 3985 3387 in-

2409 3421 2663 3491 gredienti
2714 3422 2889 3472 sinum
2941 3426 3255 3475 Astacenum
3320 3426 3517 3491 sitam,
3573 3428 3657 3478 cui
3707 3443 3890 3479 nomen
3947 3445 3983 3479 a

2408 3522 2588 3564 sancto
2620 3512 2872 3583 Gregorio
2906 3524 2997 3566 est.

2992 3648 3216 3705 CtPUT
3268 3650 3398 3703 Vill.

2413 3736 2883 3813 Gregoriorliyprio
2924 3744 3243 3809 patriarcha
3282 3745 3549 3811 provincia
3582 3748 3891 3813 imponitur,
3923 3759 3987 3801 ut

2481 3810 2702 3882 Joannis
2746 3814 3060 3863 Damasceni
3110 3810 3408 3865 testimonia
3456 3810 3704 3882 exponat,
3731 3828 3779 3868 et
3810 3810 3991 3870 Conci-

2484 3880 2571 3930 liet
2601 3882 2649 3930 in
2705 3890 2860 3938 tonio.
2913 3885 2999 3949 qui
3041 3898 3216 3934 ceram
3258 3880 3537 3950 palamque
3580 3886 3630 3935 in
3669 3886 3882 3940 ecclesia
3908 3889 3989 3940 lc-

2481 3960 2706 4023 qerctur.
2760 3951 2952 4023 Graves
3014 3954 3065 4002 in
3124 3968 3199 4023 eo;
3238 3955 3562 4017 deprehensi?
3627 3957 3987 4023 difﬁcultates.

2482 4020 2662 4084 Ipsum
2694 4021 2882 4088 refellit
2906 4020 3132 4075 Beccns:
3163 4021 3513 4089 Cyprmmque
3539 4020 3815 4091 reumagit
3840 4044 3992 4081 nocte

2483 4091 2755 4153 hwreseos,
2783 4107 2898 4160 qua:
2935 4100 3109 4160 postea
3141 4092 3453 4143 l'ittamiticu
3474 4095 3610 4145 dicta
3637 4105 3735 4147 est.
3766 4095 3989 4150 Tomum

2486 4161 2745 4229 corrigere
2810 4166 2989 4229 abnuit
3044 4159 3262 4228 Cyprius
3302 4177 3318 4212 :
3350 4162 3526 4229 plures
3569 4178 3743 4215 tamen
3794 4168 3991 4219 scribit

2484 4228 2684 4279 libellos
2738 4228 3103 4297 apologcticos.
3155 4230 3336 4283 Sancti
3386 4232 3608 4284 Joannis
3671 4233 3991 4288 Damasceni

2485 4315 2629 4349 mens
2664 4299 2961 4365 diligentius
3008 4301 3306 4361 επρυηὶξιιν.
3353 4298 3534 4352 Sancti
3574 4301 3781 4356 Titania
3813 4309 3989 4369 Aqui-

2485 4370 2621 4419 natis
2655 4370 2717 4418 de
2759 4369 3084 4420 Damusceu‘o
3120 4371 3395 4431 judicium.
3438 4371 3667 4436 Itemque
3716 4382 3779 4425 de
3817 4373 3995 4426 Theo-

2483 4437 2680 4488 doreto.
2735 4436 2998 4490 Doctrina:
3058 4442 3496 4507 anaceptialtecsis
3572 4452 3756 4494 contra
3805 4442 3991 4498 l’hotti

2482 4507 2814 4573 objectiones.

2479 4620 2521 4673 l.
2555 4621 2878 4673 adversariis
2907 4621 3013 4673 suis
3048 4622 3237 4689 (verba
3266 4633 3394 4677 sunt
3423 4623 3775 4694 Pachymeris
3804 4627 3992 4694 lib.n,

2410 4725 2529 4779 cap.
2569 4713 2642 4779 l),
2675 4727 2847 4763 acrem
2873 4714 3079 4780 reliquit
3107 4728 3292 4766 curam
3321 4708 3513 4767 Beccas
3536 4718 3859 4785 inquirendi,
3878 4737 3994 4789 qua

2410 4805 2613 4857 ratione
2647 4806 2701 4856 in
2732 4805 3073 4857 orthodosum
3116 4806 3209 4870 (ita
3242 4806 3512 4860 sentiebat
3538 4809 3675 4875 ille),
3717 4812 3992 4880 explicari

2407 4910 2614 4947 sensum
2634 4904 2802 4963 posset
2836 4896 3145 4947 Damasceni
3174 4894 3350 4949 Patris
3378 4897 3604 4963 dictum,
3630 4903 3707 4951 ita
3727 4910 3785 4953 ut
3812 4920 3995 4972 neque

2409 4981 2559 5036 Πειτί
2594 4983 2903 5051 expositioni
2945 4984 3189 5035 assentiri
3214 4983 3534 5050 viderentur,
3589 4996 3637 5038 et
3668 4996 3849 5041 tamen
3879 4991 3997 5060 ipsi

2406 5076 2725 5143 suspiciones
2766 5076 3067 5142 effugerent,
3099 5074 3282 5142 quibus
3322 5076 3557 5143 ipsorum
3599 5078 3866 5141 doctrina,
3920 5098 3999 5133 ea:

2411 5168 2692 5237 apparenti
2723 5182 2837 5217 cum
2866 5166 3122 5218 sententia
3143 5174 3305 5218 tanta
3336 5169 3671 5221 auctoritatis
3708 5173 3997 5241 conﬂictu,

2408 5260 2549 5328 apud
2604 5259 2833 5310 eruditos
2865 5257 3157 5310 laborabat.
3214 5277 3232 5308 ε
3269 5259 3799 5314 Animrtlvertebant
3854 5265 3997 5329 ipsi,

2408 5366 2517 5403 non
2585 5350 2691 5403 dici
2745 5365 2774 5402 a
2832 5349 3197 5410 Damasceno,
3262 5351 3589 5419 theologiam
3644 5354 3998 5422 explicante,

2408 5443 2685 5513 procedere
2707 5439 2961 5510 Spiritum
2994 5456 3056 5492 ea:
3084 5438 3241 5505 Filio,
3287 5441 3381 5495 sed
3410 5459 3504 5511 per
3534 5440 3735 5498 Filium
3760 5455 3808 5499 et
3856 5445 4002 5499 Ver-

2408 5536 2548 5587 bum.
2593 5534 2743 5602 ιοι
2795 5533 3081 5586 Addebam
3116 5536 3305 5597 etiam,
3343 5537 3518 5589 sancti
3567 5537 3735 5589 verba
3779 5539 4007 5593 ibidem

2409 5628 2554 5695 legi:
2611 5642 2673 5679 ea:
2718 5624 2851 5678 Filio
2897 5635 3072 5677 autem
3134 5622 3390 5693 Spiritum
3421 5643 3526 5679 non
3574 5628 3821 5681 dicimus.
3848 5630 4013 5684 Hinc

2412 5722 2735 5783 inferebant,
2770 5719 3182 5788 prapositiones
3212 5734 3275 5769 ea:
3323 5728 3377 5772 et
3403 5736 3495 5789 per
3518 5736 3626 5773 non
3658 5737 3782 5776 esse
3810 5728 4010 5790 sqq-

2408 5815 2693 5885 pollentes.
2746 5832 2765 5865 ι
2800 5812 2843 5866 Ε
2870 5825 2927 5865 re
2950 5825 3047 5865 sua
3070 5811 3391 5877 censebant,
3436 5824 3493 5867 ut
3532 5815 3651 5869 solo
3685 5826 3960 5869 uterentu
3983 5833 4012 5869 r
