4198 6440
203 420 300 487 109

1367 420 1573 481 VITA.
1621 447 1685 456 -
1728 420 2243 482 DISSERTATIO
2285 423 2329 481 I.

3368 429 3472 493 HO

197 534 520 590 Daiiinsceni
588 533 753 588 ell'ato
812 533 926 596 illo.
957 550 1065 604 quo
1118 534 1162 588 is
1215 533 1447 605 negabat
1509 553 1567 590 se
1607 536 1788 590 dicere
1817 553 1863 608 Α
1893 537 2114 604 quidem
2147 537 2450 605 inti-lligerc
2486 551 2590 588 non
2627 537 2778 590 valeo
2806 538 3048 606 (reponit
3081 539 3331 609 Beccns).
3362 561 3468 611 qua

194 630 581 699 Spiritum.ex
635 626 822 679 Filio:
876 627 1306 695 quaerebantque
1357 629 1778 697 expositionem,

193 739 292 791 qua
332 722 555 790 reliqua
590 721 772 788 priora
802 719 968 773 verba
1016 719 1349 779 einollirent.
1381 729 1437 772 et
1468 721 1522 774 in
1554 734 1782 773 concor-

195 814 336 866 diam
373 813 732 866 reducerent.
795 810 984 878 Itaque
1025 808 1292 878 Gregorio
1323 809 1526 880 Cyprio
1557 796 1782 863 demanc

194 905 311 956 data
345 903 663 971 provincia.
699 902 913 955 Tornum
942 901 1212 956 scribendi
1246 902 1346 955 hac
1371 908 1434 956 ile
1461 916 1538 955 rc.

261 999 538 1066 Imposito
574 1013 800 1051 munere
829 999 1050 1051 functus
1091 1008 1172 1051 est
1195 998 1449 1068 Cyprius,
1491 997 1784 1064 editosque

195 1090 408 1151 Taurus.
446 1093 499 1142 in
556 1089 798 1144 Ecclesia
830 1106 1014 1144 coram
1048 1091 1336 1158 palamque
1376 1091 1572 1144 lectus.
1615 1090 1669 1143 Id
1697 1105 1786 1144 ac-

193 1185 394 1237 (Idlasc
439 1183 705 1237 Pessinus
771 1192 924 1251 putat
973 1198 1120 1236 anno
1171 1183 1374 1236 Christi
1427 1181 1586 1236 I288.
1633 1183 1786 1237 Vetat

192 1276 349 1336 nihil.
395 1276 704 1344 quominus
737 1273 788 1327 id
821 1274 1081 1328 acciderit
1114 1290 1261 1327 anno
1297 1274 1586 1342 superiore
1624 1273 1781 1336 I287,

191 1368 272 1422 rel
303 1369 480 1421 etiam
528 1367 893 1435 prtecedente.
927 1369 1056 1431 Qum
1089 1369 1244 1435 plura
1310 1367 1377 1419 ab
1417 1365 1617 1434 Cyprio
1643 1364 1786 1420 edita

192 1472 318 1513 sunt
352 1459 706 1528 apologetica
748 1458 978 1527 scripta.
1009 1473 1128 1525 qua:
1159 1473 1284 1510 mox
1317 1458 1785 1519 enumerabimus,

195 1555 244 1606 id
271 1567 584 1621 esposcure
615 1553 888 1606 videntur.
911 1550 1084 1603 Tomo
1106 1550 1246 1604 lecto
1263 1551 1552 1616 imperator
1580 1551 1786 1602 rubrica

194 1646 526 1710 subscripsit,
561 1644 746 1694 deinde
800 1645 1130 1711 patriarcha,
1164 1650 1273 1695 tum
1301 1643 1483 1696 ordine
1521 1643 1786 1709 prwsules.

196 1735 581 1790 Ecclesiastici
620 1734 722 1787 viri
759 1733 914 1788 fuere
950 1734 1153 1803 plures,
1211 1734 1304 1803 qui
1333 1734 1787 1804 subscriptionem

193 1841 385 1897 aperte
423 1837 714 1897 negarunt.

1889 631 2098 682 ratione
2154 629 2480 697 eﬂ'ulsionem
2542 628 2595 678 in
2657 638 2910 682 internum
2969 629 3205 698 Spiritus
3251 650 3280 685 a
3337 652 3470 702 paro

1886 738 2162 790 progressu
2200 723 2269 774 ad
2299 738 2408 774 esse
2433 721 2751 790 distinguat.
2788 723 2841 776 2.
2873 722 3167 790 Gregorius
3196 728 3472 795 hysscnns

1888 812 2122 864 duarum
2167 827 2522 880 personarum
2560 829 2754 873 caustr.
2788 830 2881 866 seu
2928 818 3180 883 principii
3211 818 3468 870 differt-n-

1890 904 2020 956 tiam
2059 906 2364 966 declarans.
2405 919 2511 957 non
2553 911 2714 957 altam
2748 920 2869 957 esse
2899 905 3168 969 decernit,
3203 909 3306 962 nisi
3331 913 3468 962 hunc

1888 999 2099 1066 quidem
2130 1001 2390 1066 contigue.
2427 999 2589 1050 aliam
2627 1015 2748 1051 rero
2780 1015 2871 1065 per
2907 1000 3041 1052 illud
3071 1002 3208 1066 quod
3237 1019 3266 1053 a
3298 1004 3470 1070 primo

1889 1089 2129 1155 contigue
2153 1100 2224 1140 est
2264 1102 2280 1137 .'
2335 1088 2479 1139 unde
2518 1103 2622 1139 non
2656 1093 2851 1156 capio.
2886 1106 3134 1156 ιιιιηιιιειιιι
3167 1091 3270 1143 alia
3303 1093 3372 1145 sit
3414 1111 3464 1144 in

1889 1189 2008 1230 a-tci
2025 1194 2151 1230 num
2187 1196 2281 1246 per
2312 1179 2512 1232 Filium
2539 1179 2776 1246 Spiritus
2807 1180 3042 1240 efl‘tilsin,
3071 1183 3173 1235 nisi
3201 1184 3374 1251 ipsius
3402 1207 3462 1238 rx

1891 1269 2051 1324 Patre
2106 1287 2203 1339 per
2266 1271 2466 1325 Filium
2517 1273 2827 1340 hypostaSts
2895 1291 3240 1342 progressus.
3275 1278 3327 1332 5.
3386 1278 3466 1332 An

1892 1360 2056 1414 fuerit
2110 1363 2450 1430 Uuigenitus.
2504 1364 2720 1430 hujusce
2769 1363 3002 1432 Spiritus
3053 1368 3339 1435 cﬂ'ulsionis
3377 1387 3469 1439 per

1893 1455 2086 1521 ipsum,
2143 1470 2205 1507 es
2257 1456 2415 1508 Patre
2473 1457 2919 1509 adtninislcr?-i.
2947 1459 3100 1522 Quod
3130 1461 3172 1513 si
3231 1462 3470 1529 Spiritus

1893 1547 2214 1599 naturaliter
2242 1565 2337 1615 per
2375 1548 2572 1601 Filium
2603 1549 2851 1618 effulget,
2889 1550 3031 1602 iJcm
3066 1551 3231 1606 fuerit
3258 1555 3466 1619 dicere,

1893 1657 1953 1693 ac
1984 1640 2234 1708 procedit
2272 1641 2387 1708 ipse
2440 1657 2535 1708 per
2569 1642 2785 1696 Filium.
2832 1664 2849 1695 i
2890 1643 3011 1698 Iltnc
3051 1657 3104 1700 et
3139 1647 3243 1701 alia
3277 1665 3468 1718 quaut-

1894 1734 2052 1802 plura
2081 1733 2288 1786 Ileccus
2322 1735 2654 1802 opponebat.

1967 1825 2152 1894 Inepta
2187 1835 2304 1878 erat
2333 1829 2437 1879 alia
2468 1827 2650 1897 Cyprii
2685 1833 2955 1885 sententia
2981 1873 2993 1894 ,
3036 1849 3156 1899 qua:
3208 1850 3360 1888 num.
3401 1839 3468 1890 10

264 1922 332 1975 II.
366 1921 613 1976 Causam
645 1930 868 1975 enarrat
913 1920 1280 1990 Pachymercs
1326 1919 1569 1974 ibidem:
1610 1938 1626 1970 ι
1663 1919 1791 1973 Erat
1826 1909 1866 1964 Β
1898 1917 2177 1971 habetur:
2233 1921 2326 1972 sed
2390 1937 2485 1988 per
2529 1921 2756 1985 Filium,
2817 1935 2865 1977 et
2924 1941 2986 1976 ea:
3042 1924 3183 1978 Filio
3227 1929 3466 1992 φυσικῶς

197 2017 342 2068 enim
379 2013 535 2067 inter
559 2013 665 2066 alia
698 2014 751 2065 in
787 2011 975 2073 Tomo,
1008 2015 1098 2080 qui
1139 2011 1569 2066 subscribendus
1591 2011 1786 2065 obtru-

196 2109 462 2169 debatur,
493 2107 746 2174 quaedam
777 2105 1046 2173 expositio
1079 2104 1364 2158 sententia:
1399 2103 1550 2172 prius
1583 2117 1788 2157 memo-

195 2211 325 2255 rata:
388 2199 510 2252 divi
577 2197 922 2256 Damasceni.
959 2197 1038 2250 sic
1086 2209 1144 2249 se
1195 2194 1445 2248 habens:
1480 2192 1537 2247 Si
1591 2209 1709 2246 vero
1756 2209 1788 2244 a

194 2304 402 2341 summa
435 2285 700 2354 Theologo
734 2284 1062 2337 Damasccno
1097 2285 1392 2352 reperiatur
1434 2285 1602 2336 dictus
1630 2281 1790 2335 Pater

194 2383 370 2433 sancti
424 2378 662 2445 Spiritus
697 2378 780 2429 διὰ
814 2380 992 2442 Λόγσυ
1030 2377 1348 2446 προϐθ).εὺ;,
1385 2377 1669 2446 productor
1699 2391 1790 2445 per

205 2473 434 2526 Verbum
470 2489 488 2524 :
546 2473 686 2524 haud
716 2471 868 2538 plane
922 2473 1022 2523 ista
1080 2469 1269 2523 locutio
1325 2470 1622 2539 significare
1682 2469 1790 2522 vult

198 2568 369 2618 sancti
410 2563 654 2630 Spiritus
686 2567 764 2623 ei;
798 2561 858 2612 τὸ
888 2555 1028 2613 εἶναι
1067 2561 1311 2630 πρόυδον,
1339 2558 1788 2628 processionemin

199 2662 572 2717 exstantia-ii;
631 2654 724 2708 sed
785 2656 863 2714 εἰς
912 2653 1083 2705 ἀΐδιον
1117 2652 1402 2719 ἐκφυσιν,
1453 2651 1506 2701 in
1540 2657 1790 2700 trtcrnam

203 2749 745 2817 eaplendescentiam.
782 2743 891 2799 Hoc
920 2754 1101 2798 autem
1150 2744 1281 2812 quid
1336 2741 1439 2794 sibi
1475 2741 1656 2806 vellet,
1693 2755 1788 2793 ne-

205 2854 484 2908 quaquam
520 2854 581 2891 se
614 2852 808 2904 capere
841 2837 1056 2889 aiebant
1095 2849 1107 2884 :
1162 2833 1591 2901 qurerebantque
1634 2846 1793 2883 nion-

207 2935 368 2986 Strari
425 2933 537 2986 sibi
596 2931 889 2985 discrimen
939 2928 1280 2996 processionis
1325 2937 1380 2979 et
1439 2934 1648 2979 arteriae
1700 2939 1792 2975 ex-

208 3024 657 3093 plendescentia';
701 3031 760 3073 ut
797 3024 878 3075 sic
929 3034 1117 3073 earum
1158 3033 1350 3070 vocum
1388 3017 1614 3070 alteram
1658 3014 1794 3083 abji-

208 3129 424 3176 cercnt.
463 3118 697 3170 alteram
727 3114 1207 3183 amplecterentur.
1248 3111 1401 3162 {\unc
1447 3109 1594 3161 enim
1638 3107 1794 3175 plane

210 3225 482 3280 apparere
514 3208 648 3277 ipsis
687 3208 784 3260 ista
829 3203 1090 3258 vocabula
1129 3213 1320 3255 mutuo
1350 3200 1751 3268 :equipollentia
1775 3239 1790 3263 ,

214 3324 316 3361 nec
372 3305 498 3374 plus
535 3303 782 3355 minusve
823 3301 1130 3369 significare
1175 3299 1472 3366 quidquam
1511 3298 1795 3364 processio-

215 3417 334 3451 nern
367 3401 425 3451 in
471 3398 818 3458 exstantium,
849 3410 1010 3463 quam
1043 3393 1423 3462 processionem
1458 3392 1511 3442 in
1542 3398 1795 3442 arternam

213 3487 674 3560 explendescentia
684 3503 752 3538 m.
791 3505 809 3535 ι

289 3582 714 3643 Animadverte,
749 3578 935 3632 minus
973 3587 1279 3632 accuratam
1354 3575 1653 3641 falsamque
1686 3571 1796 3640 jam

213 3676 421 3746 Cyprio
482 3675 658 3727 visam
707 3687 828 3725 esse
875 3685 1064 3724 eorum
1130 3669 1660 3736 interpretationem,
1705 3663 1798 3730 qui

216 3771 606 3840 proccssioncm
641 3767 809 3818 sancti
842 3763 1069 3832 Spiritus
1105 3780 1135 3814 a
1173 3761 1335 3814 Patre
1359 3777 1449 3826 per
1477 3757 1675 3810 Filium
1709 3764 1802 3807 aut

219 3861 613 3927 intelligebant
659 3856 998 3925 temporalem
1048 3855 1307 3907 donorum
1342 3861 1388 3903 et
1421 3850 1802 3902 charismatum

219 3955 636 4011 concessionem,
693 3961 790 4002 aut
839 3957 984 4002 certe
1020 3944 1358 4016 processionis
1394 3943 1574 3995 activae
1605 3941 1804 3991 transi-

222 4059 330 4097 tum
363 4062 457 4114 per
522 4042 769 4102 Verbum,
823 4039 991 4092 veluti
1042 4038 1320 4099 medium,
1371 4037 1489 4089 sine
1540 4033 1644 4085 ulla
1690 4031 1808 4096 ejus

219 4138 545 4192 efﬁcientia.
573 4134 864 4202 Perspicua
896 4132 1104 4185 scilicet
1130 4127 1446 4182 Damasceni
1478 4141 1540 4179 ac
1585 4125 1805 4177 Patrum

221 4246 382 4283 rut-ns
411 4240 552 4285 erat.
601 4238 860 4278 aeternam
909 4238 1029 4277 esse
1078 4221 1315 4289 Spiritus
1354 4220 1524 4272 sancti
1588 4229 1810 4284 proces-

221 4325 460 4381 sionem.
497 4333 605 4386 qua
631 4317 832 4369 dicitur
867 4331 899 4366 a
929 4311 1090 4365 Patre
1123 4327 1213 4376 per
1253 4308 1476 4362 Verbum
1508 4305 1804 4376 procedere.

221 4415 458 4469 Patebat
493 4411 687 4472 etiam,
726 4408 866 4460 hanc
895 4406 1268 4470 processionem
1300 4417 1392 4469 per
1423 4399 1644 4451 Verbum
1678 4397 1812 4449 satis

223 4507 478 4558 iudicare
517 4500 681 4553 Verbi
710 4496 1198 4563 eﬂicientiamerga
1223 4493 1489 4562 Spiritum
1522 4498 1770 4543 sanctum
1795 4505 1806 4539 :

1896 2010 2184 2078 ὑπάρχειν,
2222 2013 2547 2064 naturaliter
2585 2017 2831 2069 exsistere
2865 2034 2882 2070 :
2921 2035 3023 2070 non
3077 2035 3196 2072 vero
3247 2036 3340 2086 per
3384 2019 3471 2072 Fi-

1896 2099 2123 2163 lium,“
2179 2118 2240 2154 ca:
2291 2101 2424 2154 Filio
2455 2106 2552 2172 τὴν
2605 2107 2837 2175 ὓπαρξιν
2881 2111 3047 2176 ἔχειν,
3107 2114 3467 2165 exsislcntiam

1893 2192 2103 2255 habere,
2141 2195 2228 2262 qui
2264 2194 2316 2245 id
2347 2199 2751 2252 enuntiavcrunt
2785 2200 2992 2262 Patres.
3038 2203 3167 2268 fassi
3193 2215 3333 2257 sunt.
3371 2225 3388 2255 ι
3427 2211 3470 2257 tl

1895 2299 2147 2355 argutum
2181 2289 2307 2341 talia
2337 2299 2698 2344 asserentiutn
2731 2309 2960 2347 acumen
2984 2298 3069 2350 !...
3096 2297 3206 2365 Ego
3235 2298 3329 2365 qui
3362 2314 3467 2350 non

1898 2376 1971 2430 ita
2022 2378 2274 2432 curiosus
2327 2395 2469 2442 sum.
2521 2380 2614 2432 Sctl
2673 2382 2826 2434 rudis
2877 2383 3173 2451 hebesque,
3227 2385 3356 2437 illud
3407 2401 3471 2438 ex

1902 2465 2044 2521 Filio
2079 2471 2398 2522 naturaliter
2436 2468 2690 2538 Spiritum
2726 2475 2992 2537 exsistere,
3031 2491 3126 2541 pro
3159 2476 3469 2529 exsistentia

1896 2576 1958 2613 ex
1983 2559 2116 2614 Filio
2156 2576 2376 2614 assumo
2413 2581 2426 2616 :
2475 2575 2529 2617 et
2565 2567 3002 2634 przepositionem
3043 2583 3127 2628 ex,
3168 2568 3287 2621 loco
3333 2584 3473 2637 pra:-

1897 2655 2185 2721 positionis
2209 2670 2321 2722 per,
2349 2665 2405 2706 ut
2441 2657 2658 2722 scriptis
2693 2657 2945 2710 mandata
2977 2660 3200 2712 traditio
3238 2661 3468 2723 intonat,

1896 2746 1956 2795 de
1989 2743 2126 2796 Filio
2166 2760 2384 2812 semper
2416 2748 2691 2813 accipiens
2719 2765 2733 2809 ;
2783 2765 2890 2800 non
2923 2751 3054 2801 duas
3080 2766 3265 2803 causas
3297 2751 3474 2819 Spiri-

1897 2847 2000 2893 tus,
2037 2838 2130 2892 sed
2194 2836 2406 2889 l’atrem
2445 2856 2664 2892 causam
2715 2857 2807 2907 per
2853 2839 3404 2910 Filiumdeprzedico.
3446 2863 3465 2894 ι

1901 2929 2023 2982 Hac
2057 2945 2185 2980 vero
2222 2945 2534 2998 germanam
2569 2933 2848 2987 continent
2889 2934 2992 2986 loci
3030 2935 3257 2989 alterius
3299 2937 3472 2990 inter-

1901 3022 2256 3090 pretationem
2287 3062 2302 3083 ,
2366 3023 2456 3077 ubi
2501 3023 2864 3078 Dainascenus
2896 3026 3002 3087 ait,
3039 3043 3094 3078 se
3123 3027 3378 3095 Spiritum
3410 3045 3473 3083 cx

1901 3109 2029 3164 Filio
2061 3129 2162 3163 non
2217 3115 2389 3165 dicere
2415 3130 2433 3166 :
2465 3115 2723 3168 nimirum
2762 3117 2926 3170 veluti
2957 3133 3020 3170 ex
3049 3133 3210 3172 causa
3250 3135 3280 3173 a
3311 3120 3474 3174 Patre

1901 3205 2176 3258 distincta.
2211 3205 2319 3259 Ilac
2352 3207 2418 3259 de
2453 3224 2509 3260 re
2542 3207 2859 3277 diligentius
2893 3209 3053 3262 infra.

1972 3294 2108 3348 Cum
2145 3299 2258 3348 lia‘e
2307 3296 2540 3350 fortasse
2572 3315 2682 3366 prze
2717 3300 2892 3353 oculis
2939 3301 3166 3355 haberet
3213 3302 3473 3358 doctissi-

1903 3404 2022 3441 mus
2074 3388 2398 3442 Franciscus
2428 3391 2810 3455 (Ionibelisius,
2846 3393 3192 3462 frequentius
3248 3396 3477 3450 adnotat

1901 3480 1952 3531 in
1981 3480 2152 3531 altera
2176 3492 2324 3547 parte
2343 3480 2631 3534 Novissnni
2664 3484 3208 3547 Auctarii,J.ianttent
3242 3486 3474 3542 Beccum

1900 3574 2136 3625 licrrcsim
2194 3572 2563 3626 Palamiticam
2602 3577 2908 3627 damnasse.
2959 3575 3212 3630 Insanum
3266 3581 3480 3634 scilicet

1906 3665 2135 3717 invaluit
2164 3666 2439 3726 delirium,
2476 3682 2584 3734 quo
2616 3682 2642 3716 a
2676 3667 2859 3720 divina
2903 3671 3140 3722 essentia
3177 3671 3478 3741 distingue-

1909 3758 2066 3810 l'atnr
2098 3770 2298 3812 mterna
2333 3759 2424 3812 Dei
2466 3761 2628 3823 actio.
2662 3777 2722 3815 ae
2759 3764 3155 3828 sempiternum
3203 3765 3476 3832 quoddam

1908 3848 2091 3901 lumen
2143 3849 2432 3901 divinum:
2488 3865 2548 3902 ac
2583 3852 2725 3903 istud
2781 3853 3057 3906 mentibus
3088 3854 3287 3906 creatis
3330 3869 3480 3908 (οω-

1908 3938 2177 3991 municari
2213 3939 2520 4003 dicebatur,
2561 3942 2674 4008 ipsa
2716 3943 2936 4007 penitus
2980 3944 3478 3998 incommunicabili

1908 4029 2167 4091 essentia,
2192 4044 2254 4081 ac
2288 4030 2569 4083 invisibili.
2603 4031 2723 4084 ΙΙωο
2754 4033 2973 4085 videtur
2994 4047 3114 4086 esse
3135 4034 3224 4086 illa
3247 4036 3484 4104 exsplen-

1910 4121 2201 4184 descentia,
2239 4121 2290 4172 in
2328 4137 2489 4188 quam
2528 4120 2764 4191 Cyprius
2811 4125 3057 4178 tradebat
3085 4142 3152 4179 ex
3175 4125 3335 4180 Patre
3359 4142 3485 4194 pro-

1911 4209 2106 4262 cedere
2131 4209 2394 4277 Spiritum
2421 4224 2668 4266 sanctum
2705 4227 2804 4282 per
2845 4214 2998 4282 103
3033 4215 3250 4281 Filium,
3292 4233 3395 4271 non
3426 4220 3483 4270 in

1913 4299 2254 4351 exstantium.
2292 4297 2404 4353 Iloc
2454 4302 2618 4368 igitur
2667 4302 2895 4371 impium
2941 4303 3173 4358 Palatnae
3225 4306 3418 4376 dogma
3453 4325 3481 4358 a

1912 4391 2119 4445 Joanne
2148 4391 2320 4445 Becco
2348 4395 2659 4445 damnatum
2698 4394 2750 4446 in
2785 4393 2939 4449 Tomo
2969 4397 3216 4462 quodam,
3258 4399 3486 4454 adnotat

1916 4483 2167 4535 laudatus
2195 4481 2559 4538 Gombeﬂsius
2607 4485 2662 4537 in
2709 4486 3208 4541 Observationibus
3266 4490 3333 4542 ad
3379 4491 3488 4545 bla-

221 4613 392 4669 quam
439 4590 908 4661 interpretabatur
935 4585 1166 4653 Cyprius
1202 4600 1308 4636 non
1354 4582 1423 4635 ad
1463 4581 1807 4642 exstantium,
1840 4596 1888 4654 ι)
1917 4573 2091 4627 nuelis
2137 4574 2343 4627 Calecze
2394 4574 2595 4628 librum
2658 4576 2735 4628 De
2789 4580 3013 4631 essentia
3056 4589 3105 4633 et
3163 4584 3486 4649 operatione.

222 4692 321 4746 sed
381 4691 452 4741 ad
501 4695 759 4738 arternain
796 4677 1361 4748 exsplendescentiam;
1393 4689 1516 4726 cum
1567 4681 1805 4724 attamen

225 4798 426 4837 revera
491 4777 736 4846 Spiritus
773 4772 946 4826 sancti
983 4782 1182 4824 arterna
1220 4764 1678 4837 eaplendescentia
1736 4760 1808 4813 nil

225 4873 378 4926 aliud
413 4871 585 4929 fni-ct,
605 4880 766 4934 quam
786 4864 899 4931 ejus
931 4863 1191 4914 exstantia
1225 4875 1254 4912 a
1280 4859 1440 4912 Patre
1471 4871 1564 4924 per
1590 4853 1809 4907 Filium.

307 4963 472 5034 102
506 4958 594 5014 III.
619 4957 821 5011 Tomus
845 4954 1038 5009 incidit
1093 4955 1147 5006 in
1177 4966 1372 5005 manus
1402 4948 1559 5002 Becci
1591 4958 1812 4999 carcere

226 5059 462 5115 detenti.
511 5052 682 5106 Multa
739 5050 830 5103 ille
855 5051 1046 5102 eodem
1097 5047 1152 5098 in
1189 5043 1362 5096 Tomo
1411 5038 1815 5108 reprehendebat

230 5150 444 5221 (verbis
486 5156 612 5199 utor
653 5140 1026 5210 Pacbymeris,
1091 5150 1209 5204 cap.
1256 5133 1336 5202 2),
1375 5134 1467 5185 sed
1525 5131 1816 5200 prtcsertim

230 5243 519 5305 incusabat
580 5235 957 5303 expositionem
1010 5231 1066 5282 in
1123 5244 1182 5281 eo
1236 5229 1491 5279 traditam
1545 5221 1818 5276 sententia:

239 5334 581 5394 Damasceui.
625 5329 838 5383 Prostat
885 5325 937 5378 in
974 5334 1121 5376 t0iuo
1166 5321 1206 5375 Il
1247 5319 1468 5374 θητείαν
1515 5315 1818 5368 orthodoxa:

234 5435 356 5503 ejus
384 5426 566 5482 oratio
596 5422 770 5490 prima
797 5419 851 5470 in
888 5416 1102 5470 Tantum
1150 5411 1352 5484 Cyprii,
1383 5419 1432 5463 et
1465 5423 1642 5503 novas
1681 5409 1819 5474 ejus-

239 5502 358 5576 dem
383 5523 638 5573 hereses.
667 5511 871 5565 Novam
899 5506 1082 5577 Cyprii
1135 5502 1640 5572 interpretationem
1698 5510 1820 5565 pio-

241 5619 375 5688 priis
400 5611 589 5666 verbis
607 5605 770 5659 affert
794 5617 945 5655 num.
969 5601 1021 5651 5.
1049 5597 1186 5650 Licet
1221 5597 1358 5649 enim
1380 5594 1520 5662 apud
1541 5589 1818 5645 nonnullos

239 5723 456 5766 snectos
533 5719 626 5774 per
682 5699 875 5752 Filium
935 5694 1222 5763 procedere
1261 5690 1521 5760 Spiritum
1579 5697 1820 5739 sanctum

244 5813 568 5861 curuatur;
606 5795 764 5844 dictio
792 5792 922 5849 huic,
952 5789 1005 5838 in
1042 5796 1293 5838 (sternam
1327 5780 1648 5851 cﬂ'ulsioncin
1673 5819 1684 5838 .
1718 5794 1820 5828 non

247 5901 314 5952 ad
356 5909 469 5949 esse
511 5903 662 5960 pure,
709 5879 972 5952 signiﬁcat
1019 5892 1368 5947 progressum.
1404 5893 1421 5926 t
1457 5874 1522 5927 Et.
1582 5873 1816 5940 primum

1916 4665 2194 4718 Michaelis
2242 4665 2502 4736 Isequieni
2540 4668 2874 4722 verissimam
2926 4670 3092 4724 atlero
3142 4673 3490 4727 animadver-

1919 4762 2128 4811 sionem
2175 4759 2229 4811 in
2270 4760 2651 4812 dissertatione
2704 4762 2722 4810 I
2771 4762 3181 4825 Damascenica,
3211 4778 3364 4817 num.
3396 4765 3491 4830 50,

1920 4847 2151 4902 Palama:
2183 4848 2401 4918 quidem
2449 4850 2727 4915 prie-ivisse
2771 4850 3051 4921 Cyprium,
3083 4856 3494 4924 erraticumquo

1920 4939 2115 5008 dogma
2163 4941 2231 4993 ab
2287 4942 2389 4993 isto
2443 4941 2849 5010 prmformatum
2899 4944 3170 4997 refutasse
3205 4945 3487 5000 Beceum;

1921 5042 2178 5085 caeterum
2207 5032 2468 5085 Joannem
2519 5033 2667 5085 illum
2711 5036 3072 5103 patriarcham
3120 5036 3494 5090 Constantino-

1923 5127 2239 5194 politanuin,
2277 5126 2372 5193 qui
2425 5125 2747 5193 Gregorium
2778 5126 3049 5180 Palamam
3079 5129 3287 5197 primus
3336 5129 3493 5182 dam-

1924 5217 2092 5275 navit.
2119 5225 2214 5269 aut
2246 5213 2604 5285 Sozopolitam
2645 5217 2815 5272 fuisse
2863 5221 3008 5272 circa
3052 5235 3255 5272 annum
3286 5220 3490 5274 Christi

1928 5308 2084 5370 1Ξ9ι,
2119 5317 2210 5358 aut
2241 5317 2392 5362 certe
2421 5309 2616 5379 Glycyn
2643 5310 2786 5362 circa
2821 5325 3022 5363 annum
3052 5312 3208 5366 I5I6.

1997 5401 2050 5453 In
2092 5402 2232 5454 hanc
2283 5403 2676 5455 absurditatem
2733 5403 2990 5456 incidisse
3039 5403 3340 5475 Cyprium.
3382 5413 3491 5476 jam

1927 5497 2085 5548 allata
2117 5497 2287 5563 ipsius
2322 5496 2387 5547 ad
2418 5495 2594 5547 locum
2626 5494 2943 5549 Damasceni
2970 5496 3498 5567 interpretatiosatis

1925 5591 2149 5642 evincit.
2187 5591 2405 5645 Accedit
2437 5588 2582 5642 aliud
2616 5589 2786 5658 ipsius
2812 5589 3018 5642 dictum
3066 5591 3120 5644 in
3162 5607 3260 5645 suo
3301 5593 3494 5658 Tuum,

1927 5682 2070 5750 quod
2108 5682 2232 5734 inde
2275 5692 2553 5749 sumptum
2597 5697 2625 5732 a
2668 5681 2840 5734 Becco
2874 5681 3102 5735 refertur
3153 5685 3205 5736 in
3248 5687 3500 5739 oratiene

1929 5785 2088 5826 eitata
2154 5789 2305 5827 num.
2367 5773 2470 5825 I4:
2531 5790 2549 5821 ε
2584 5772 2723 5824 Nihil
2771 5775 2892 5824 novi
2939 5785 3042 5834 est,
3082 5790 3255 5841 neque
3289 5775 3356 5826 ab
3399 5792 3499 5831 usu

1933 5867 2343 5935 Scriptularum
2377 5867 2640 5933 alienum,
2664 5866 2708 5920 si
2738 5867 2980 5932 spiritale
3004 5869 3194 5921 donum
3225 5869 3503 5938 a‘qtiivoce
