4198 6440
212 400 317 469 1ἱ3

1378 401 1583 461 νιΤΑ.
1629 423 1695 432 -
1737 395 2255 456 DISSERTATIO
2301 396 2344 454 Ι.

3381 374 3478 437 ιιι

209 533 355 577 esse.
387 527 454 572 ut
488 519 757 587 Spiritum
797 526 1049 574 sanctum
1115 515 1552 572 substantialiter
1597 528 1659 566 ac
1705 511 1801 580 hv—

1911 509 2015 562 Sed
2050 509 2240 563 eadem
2264 508 2428 561 etiam
2449 501 2723 569 treceni;
2758 499 2938 559 αἰτίας
2969 489 3480 565 προκα·.αρκτικῆς.

214 614 496 679 posui-ce
531 631 559 664 a
588 613 745 667 Patre
779 628 878 681 per
925 610 1147 670 Filium,
1181 609 1264 663 vel
1296 625 1323 662 a
1358 609 1516 662 Patre
1555 608 1802 674 Filioque

215 704 526 769 proredere
553 704 1057 772 ostenzlerent,jam
1088 703 1434 770 frequentius
1456 701 1800 769 adnotatum.

213 792 321 846 Sed
367 795 505 846 illud
539 797 703 847 etiam
750 797 1066 862 exemplum
1099 795 1423 848 adhibuisse
1456 791 1675 847 Graicos
1709 792 1806 844 ad-

213 897 532 948 versantes,
587 888 819 942 dubium
855 889 1106 941 nullum:
1143 888 1430 956 ipsumque
1468 899 1660 938 eorum
1709 899 1805 936 no-

217 979 367 1029 mine
388 991 620 1033 sanctus
639 980 878 1032 Thomas
904 983 1122 1050 Opponit
1149 989 1345 1046 quiest.
1367 978 1433 1030 10
1453 977 1526 1030 lle
1543 979 1802 1046 potentia,

213 1080 323 1120 art.
352 1070 412 1127 4.
452 1088 607 1123 num.
640 1072 748 1124 ‘22:
788 1072 958 1125 Filius
998 1082 1070 1125 est
1102 1073 1286 1124 radius
1313 1071 1493 1123 Patris
1521 1087 1538 1132 ,'
1573 1068 1804 1136 Spiritus

215 1171 402 1212 auum
435 1176 655 1214 sanctus
682 1173 755 1215 est
788 1164 1057 1231 splendor.
1097 1163 1356 1232 Splendor
1391 1173 1566 1214 autem
1603 1181 1704 1215 non
1729 1173 1803 1216 est

215 1270 247 1304 α
278 1254 438 1306 radio
464 1270 480 1305 :
521 1271 645 1320 ergo
674 1272 764 1306 nec
793 1255 1026 1324 Spiritus
1056 1267 1268 1309 sanctus
1298 1275 1328 1309 a
1364 1255 1528 1308 Filio.
1566 1257 1807 1310 Salutio-

215 1358 348 1397 nem
386 1345 583 1412 accipe
617 1346 683 1396 ad
712 1345 781 1398 ἦ
813 1363 825 1398 :
863 1346 1170 1408 Dicendum,
1204 1348 1343 1416 quod
1376 1348 1622 1414 splendor
1661 1358 1736 1402 est
1772 1367 1804 1401 a

220 1437 420 1498 radio;
452 1454 575 1488 cum
605 1438 738 1490 nihil
781 1439 931 1490 aliud
962 1441 1049 1502 sit,
1078 1456 1235 1506 quam
1282 1439 1628 1491 reserbrraio
1668 1439 1806 1490 radii

219 1530 290 1579 ad
342 1546 542 1598 corpus
589 1529 817 1599 clarum.
872 1531 1060 1599 Itaque
1103 1532 1354 1598 splendor
1407 1547 1512 1584 non
1550 1531 1724 1584 solum
1777 1545 1807 1584 a

215 1622 385 1672 radio
423 1621 616 1683 habet,
650 1623 796 1689 quod
830 1622 990 1674 nobis
1012 1626 1454 1676 communicetur
1482 1641 1497 1676 :
1529 1623 1624 1676 sed
1658 1637 1687 1673 a
1725 1639 1809 1674 ra-

220 1713 317 1764 dio
348 1713 524 1766 lubet
559 1713 609 1766 id
640 1729 884 1782 quoque,
913 1715 1058 1782 quod
1096 1723 1201 1768 est.
1236 1714 1506 1780 Quoniam
1555 1728 1686 1766 vero
1721 1729 1806 1766 ra-

221 1802 298 1855 dii
331 1806 541 1866 virtus,
587 1819 696 1871 qua
729 1805 992 1872 splendor
1017 1804 1270 1868 eflicilur,
1308 1820 1337 1858 a
1369 1805 1482 1859 sole
1515 1805 1802 1873 provenit;

221 1897 349 1950 ideo
400 1907 456 1948 et
507 1896 798 1964 splendor,
857 1907 914 1950 et
958 1897 1147 1950 radius
1199 1913 1230 1951 a
1275 1898 1416 1961 sole,
1477 1906 1732 1963 tanquam
1775 1911 1803 1948 a

221 1989 484 2057 principe
533 2005 597 2042 ac
643 1989 907 2058 primaria
963 2005 1152 2051 causa,
1206 1987 1478 2059 proficisci
1520 1987 1801 2042 dicuntur.

223 2077 463 2134 Ratione
494 2082 612 2149 pari
661 2082 702 2135 si
756 2097 844 2134 res
891 2082 1107 2137 divinas
1135 2082 1358 2135 modulo
1409 2090 1595 2134 nostro
1627 2079 1804 2133 metiri

220 2176 416 2234 liceat,
471 2174 717 2242 Spiritus
745 2186 991 2236 sanctus,
1028 2177 1245 2228 tametsi
1281 2190 1311 2227 a
1358 2175 1495 2228 Filio
1546 2176 1807 2244 procedat

221 2266 477 2328 spirante
514 2263 716 2328 ipsum,
746 2264 1008 2329 peculiari
1045 2265 1224 2317 tamen
1268 2263 1480 2318 ratione
1508 2263 1807 2331 procedere

222 2355 438 2406 dicitur
469 2373 499 2407 a
532 2354 717 2419 Patre,
750 2358 876 2422 quia
935 2371 965 2408 a
1032 2356 1193 2409 Patre
1231 2357 1490 2410 virtutem
1535 2356 1698 2409 habet
1723 2356 1809 2408 Fi-

223 2445 354 2504 lius.
415 2463 524 2512 qua
564 2447 735 2514 Spirat
775 2446 1042 2513 Spiritum
1097 2457 1369 2499 sanctum.
1411 2449 1550 2500 Hinc
1600 2449 1808 2501 ratione

225 2535 440 2601 duplici
480 2537 761 2589 catholico
797 2537 953 2605 106
978 2537 1082 2590 dici
1115 2553 1278 2591 sensu
1310 2548 1510 2605 potest,
1543 2540 1808 2606 Spiritum

224 2639 486 2678 sanctum
529 2645 635 2679 non
669 2645 780 2681 esse
820 2645 883 2681 es:
925 2627 1068 2681 Filio
1095 2646 1113 2682 :
1157 2644 1218 2682 ac
1250 2631 1424 2697 primo
1455 2647 1561 2683 non
1597 2647 1718 2685 esse
1747 2649 1810 2686 ex

225 2721 344 2778 illo,
389 2731 661 2787 tanquam
709 2739 739 2773 a
787 2737 976 2779 causa.
1013 2738 1135 2790 quae
1171 2723 1335 2776 habet
1370 2739 1401 2777 a
1448 2738 1506 2776 se
1551 2725 1810 2779 virtutem

228 2809 484 2873 Spirandi
517 2828 530 2859 :
576 2812 775 2864 deinde
806 2828 913 2866 non
951 2828 1072 2866 esse
1099 2830 1164 2868 ex
1201 2815 1317 2877 illo,
1349 2826 1606 2880 tanquam
1631 2834 1658 2870 a
1685 2833 1814 2871 cau-

230 2913 311 2958 sa,
347 2912 447 2953 aut
481 2918 780 2963 concausa,
812 2905 1070 2958 distincta
1117 2923 1146 2959 a
1197 2907 1383 2960 Patre.
1419 2907 1602 2976 Itaque
1636 2909 1812 2976 Spiri-

235 3004 320 3044 ως
350 3005 588 3046 sanctus
631 3011 739 3048 non
785 2996 964 3048 Solum
1005 2998 1286 3065 temporali
1331 3000 1573 3052 missione
1607 3015 1634 3052 a
1669 3000 1814 3054 Filio

233 3094 287 3134 et
345 3101 446 3151 per
507 3085 709 3138 Filium
766 3089 1169 3151 manifestatur,
1219 3089 1564 3158 donaturque
1614 3093 1812 3146 nobis:

1913 603 2120 654 Beccus
2155 599 2355 668 aliique
2394 597 2566 652 (ἔτωεί
2611 594 2692 648 usi
2725 599 2878 653 sunt,
2921 589 3060 643 facta
3116 584 3290 640 Patris
3324 595 3481 634 com-

1907 693 2192 762 paratione
2225 695 2289 744 ad
2327 689 2593 758 Spiritum
2624 695 2875 740 sanctum
2922 697 2935 734 ε
2991 689 3050 732 ut
3095 677 3150 730 id
3199 674 3483 744 signitica~

1906 792 2029 838 rent
2061 799 2252 847 unum,
2278 781 2492 835 Patrem
2523 794 2644 832 esse
2674 774 2945 844 originem
2971 785 3034 824 ac
3063 769 3290 826 fontem.
3317 781 3345 818 a
3371 777 3482 829 quo

1905 893 2027 932 esse
2067 891 2226 928 omne
2256 871 2476 942 proﬂuit
2502 880 2610 923 tam
2643 870 2977 926 increatum,
3010 875 3172 932 quam
3193 870 3437 914 creatum
3467 872 3480 906 :

1910 985 1973 1021 ac
1999 967 2196 1020 Filium
2227 966 2433 1018 habere
2461 978 2488 1015 a
2523 961 2707 1022 Patre,
2746 969 2805 1012 ut
2835 956 3010 1026 spiret
3047 953 3312 1022 Spiritum
3349 962 3482 1002 san-

1904 1068 2075 1109 ctum.

1983 1145 2220 1198 Mentem
2265 1161 2421 1198 suam
2470 1144 2761 1214 perspicue
2817 1139 3194 1193 Damascenus
3240 1131 3484 1185 declarat

1909 1238 2030 1291 loco
2065 1240 2233 1292 citato
2263 1257 2272 1290 :
2311 1237 2476 1289 Pater
2516 1251 2657 1287 mens
2692 1242 2787 1295 est,
2821 1231 3042 1284 rationis
3070 1228 3313 1296 abyssus,
3335 1221 3486 1274 Verbi

1908 1331 2134 1398 genitor,
2196 1344 2258 1380 ac
2315 1343 2408 1394 per
2471 1325 2690 1378 Verbum
2746 1323 3048 1392 προϐολεὺς
3087 1312 3484 1384 ὲκφαντορικοῦ

1912 1422 2252 1486 Πνεύματοτ,
2290 1417 2682 1484 manifestantis
2715 1415 2946 1483 Spiritus
2977 1414 3281 1482 productor.
3313 1405 3488 1460 Filius

1909 1524 1992 1566 est
2027 1512 2254 1579 perfecta
2294 1527 2518 1577 persona
2570 1525 2634 1560 ex
2680 1508 2910 1575 perfecta
2944 1519 3191 1572 persona,
3225 1497 3487 1568 quomodo

1910 1603 2018 1670 ipse
2055 1602 2218 1664 norit,
2269 1600 2562 1666 diciturque
2604 1597 2791 1649 Filius.
2841 1600 2913 1650 Ac
2953 1605 3217 1660 postremo
3259 1588 3487 1656 Spiritus

1911 1705 2149 1757 sanctus,
2184 1693 2360 1747 Patris
2395 1693 2633 1758 potentia
2663 1698 2714 1742 et
2748 1687 3046 1740 divinitatis
3091 1683 3361 1736 recondita
3395 1680 3489 1731 de-

1916 1781 2579 1851 claransptxoavtoptxi}
2634 1780 2728 1833 τοῦ
2780 1780 3017 1847 κρυφὲου
3079 1776 3179 1843 τῆς
3233 1773 3490 1839 Θεὸτητος

1910 1878 2164 1944 δύνιμις.
2197 1891 2260 1927 ea:
2295 1873 2457 1926 Patre
2490 1890 2582 1941 per
2615 1871 2810 1924 Filium
2848 1868 3151 1938 procedens.
3183 1867 3245 1917 ix
3275 1863 3488 1930 Πατρὶς

1912 1970 2012 2036 μὲν
2051 1969 2118 2018 δι’
2161 1965 2291 2018 Υἱοῦ
2339 1963 2750 2032 ἐκπορευομένη
2780 2002 2792 2014 .
2825 2001 2839 2016 .
2872 1997 2888 2013 .
2930 1975 3033 2029 quo
3100 1957 3158 2023 ﬁt
3202 1959 3380 2015 etiam,
3429 1963 3487 2006 ut

1911 2062 2138 2124 Spiritus
2197 2069 2412 2114 sanctus
2465 2061 2699 2112 omnium
2758 2057 3038 2109 errationis
3089 2057 3489 2105 consummator

1917 2155 2074 2223 107
2103 2155 2345 2206 exsistat.
2388 2150 2778 2204 Animadverte
2807 2166 2821 2202 :
2862 2149 2913 2202 l.
2958 2146 3014 2200 ln
3045 2145 3132 2198 his
3169 2143 3250 2212 agi
3285 2141 3484 2201 verbis,

1913 2260 2032 2312 qua:
2069 2242 2486 2310 exscripsimus,
2517 2240 2584 2292 de
2622 2248 2814 2292 mutuo
2833 2250 3199 2307 personarum
3232 2240 3486 2300 respectu

1914 2337 1981 2388 ad
2017 2336 2182 2388 intra.
2224 2334 2278 2386 2.
2333 2335 2593 2400 Adeoque
2639 2344 2990 2398 consequens
3040 2343 3181 2388 esse,
3224 2324 3486 2378 substan-

1915 2428 2100 2480 tialem
2140 2441 2203 2478 ac
2245 2425 2647 2493 hypostaticam
2688 2421 2928 2488 Spiritus
2957 2419 3131 2472 sancti
3165 2414 3489 2485 productio-

1915 2532 2039 2569 nem
2072 2516 2180 2569 illis
2209 2516 2443 2584 exprimi
2477 2515 2679 2575 verbis,
2717 2511 2885 2565 Pater
2913 2528 3006 2580 per
3049 2507 3270 2561 Verbum
3317 2503 3488 2574 Spiri-

1915 2619 1996 2662 tus
2027 2611 2329 2680 productor,
2371 2624 2433 2661 ac
2480 2609 2586 2662 illis
2622 2607 2811 2666 etiam,
2876 2621 2939 2658 ea:
2971 2603 3131 2658 Patre
3165 2617 3257 2671 per
3288 2597 3488 2651 Filium

1916 2706 2223 2772 procedens.
2268 2703 2323 2755 5.
2365 2701 2560 2755 Verbis
2607 2700 2735 2763 illis,
2790 2695 3194 2765 ικφαντορικοῦ
3232 2692 3488 2760 Spiritus,

1916 2809 2012 2846 seu
2046 2793 2445 2860 ὲκφτιντορικῆς
2480 2789 2691 2843 uirtutis
2729 2798 2824 2842 aut
2859 2787 3129 2856 potentia,
3174 2779 3492 2836 manifesta-

1919 2887 2125 2938 tionem
2169 2885 2326 2938 nobis
2371 2883 2568 2938 factam
2596 2919 2612 2945 ,
2650 2881 3040 2946 donornmque
3074 2874 3492 2929 concessionem

1920 2991 2028 3028 non
2078 2975 2368 3044 significari
2415 2990 2431 3027 :
2481 2973 2574 3029 sed
2628 2975 2819 3041 utique
2865 2971 3198 3026 exstantiam
3250 2965 3493 3036 Spiritus

1919 3069 2117 3131 saneti,
2148 3068 2241 3138 qui
2271 3067 2434 3121 sicuti
2469 3065 2720 3135 procedit
2750 3081 2778 3117 a
2824 3064 2978 3117 Patre
3020 3077 3116 3130 per
3156 3061 3380 3121 Filium,
3418 3058 3492 3110 ita

233 3191 432 3228 verum
471 3177 641 3229 etiam
679 3189 899 3242 (eterna,
932 3196 994 3231 ac
1032 3181 1367 3234 substantiali
1397 3183 1694 3245 emissione,
1723 3195 1815 3236 aut

1920 3163 2184 3216 latentem
2241 3159 2587 3214 divinitatem
2640 3157 2837 3220 Patris,
2887 3169 3050 3223 quam
3108 3151 3178 3205 ab
3230 3152 3348 3218 ipso
3396 3163 3498 3216 per

237 3269 576 3333 processioue
623 3289 650 3320 κ
702 3271 864 3325 Patre
896 3280 978 3325 cat
1018 3270 1287 3341 Filioque,
1321 3283 1414 3326 aut
1445 3289 1475 3326 a
1513 3273 1674 3328 Patre
1720 3289 1816 3344 per

234 3358 463 3411 Filium.

306 3449 423 3502 Cir
474 3465 602 3502 vero
653 3451 1017 3507 Damascenus
1060 3469 1222 3507 unam
1273 3454 1392 3508 Filii
1470 3455 1815 3510 efﬁcientiam

238 3541 491 3606 proferat
559 3541 610 3591 in
673 3543 958 3609 temporin
1004 3544 1178 3598 sancti
1236 3541 1478 3611 Spiritus
1532 3546 1819 3610 missione,

242 3647 410 3683 uuam
448 3648 544 3698 per
573 3631 774 3685 Filium
820 3650 1130 3690 Ittemoratts
1159 3636 1643 3704 manifestationem
1670 3640 1820 3707 ejus-

242 3726 369 3777 dem
421 3741 484 3777 ac
535 3725 807 3778 donorum
875 3727 1328 3780 concessionem?
1360 3730 1469 3782 lmo
1495 3744 1618 3782 cum
1651 3729 1822 3799 Spiri-

243 3827 357 3869 tum
395 3818 524 3870 mn
557 3821 832 3885 proprium
864 3819 1127 3887 appellat.
1154 3821 1293 3873 satis
1327 3821 1534 3875 indicat
1562 3832 1819 3877 aeternam

243 3913 517 3976 originem
553 3911 670 3977 ejus
695 3925 759 3962 ex
794 3909 930 3962 Filio
962 3911 1141 3978 quoad
1172 3911 1667 3966 exstantiam.Cum
1695 3929 1822 3966 vero

243 4004 659 4070 cxpressiorem
707 4003 950 4070 ejusdem
1001 4002 1238 4070 Spiritus
1285 4004 1449 4056 nobis
1490 4020 1586 4072 per
1625 4005 1820 4058 Filium

242 4094 584 4146 manifestati
634 4097 969 4148 mentionem
1006 4095 1228 4165 ingerit,
1258 4099 1698 4164 procatarcticant
1759 4113 1823 4152 ac

243 4185 656 4252 primordialem
706 4187 850 4239 illam
898 4187 1162 4241 virtutem
1222 4190 1537 4256 spectabat,
1585 4206 1706 4258 qua:
1768 4190 1820 4243 in

244 4279 521 4344 operibus
580 4279 645 4329 ad
707 4289 862 4332 extra
919 4279 1182 4346 peculiari
1239 4281 1414 4333 modo
1467 4281 1630 4334 tribui
1686 4281 1826 4334 Filio

245 4369 410 4420 solet.
471 4368 584 4421 Hac
638 4369 704 4422 de
751 4385 809 4422 re
863 4369 982 4437 ipse
1039 4372 1409 4424 Damascenns
1456 4372 1565 4438 agit
1617 4371 1823 4424 ibidem

245 4461 430 4524 capite
476 4460 542 4510 1'2
575 4461 626 4510 in
673 4460 813 4512 Edit.
846 4458 1112 4526 Lequieni
1153 4462 1254 4512 sub
1305 4462 1462 4514 titulo
1514 4461 1587 4513 De
1636 4463 1827 4514 divinis

1923 3254 2119 3307 Filium
2176 3251 2396 3318 accipit.
2465 3249 2818 3309 manifestat,
2877 3243 3159 3312 exprimit,
3216 3241 3492 3297 enuntiat,

1923 3353 2304 3414 repraesentat.
2325 3344 2383 3396 ὁ.
2414 3341 2484 3392 Ex
2515 3341 2616 3392 hac
2640 3338 2862 3391 demum
2886 3333 3231 3389 substantiali
3251 3331 3316 3383 ad
3349 3331 3495 3382 intra

1923 3435 2374 3490 manilestatione
2433 3432 2596 3484 aliam
2657 3428 2812 3497 sequi
2882 3428 2938 3480 in
3013 3422 3304 3492 temporali
3369 3421 3496 3473 Mis-

1925 3531 2080 3584 sione
2134 3528 2374 3580 factam:
2431 3525 2572 3576 unde
2625 3537 2690 3574 ex
2751 3534 2838 3583 eo,
2897 3517 3043 3586 quod
3088 3528 3311 3568 sanetus
3367 3511 3495 3578 Spi-

1927 3623 2063 3676 ritus
2098 3620 2331 3687 potentia
2391 3617 2456 3668 sit
2513 3631 2543 3666 a
2593 3613 2756 3665 Patre
2811 3627 2903 3680 per
2934 3607 3131 3662 Filium
3183 3606 3494 3673 procedens,

1927 3712 2140 3764 latentis
2173 3709 2464 3761 divinitatis
2495 3706 2607 3774 ejus
2643 3702 3004 3762 enuntiativa,
3038 3697 3246 3764 colligit
3295 3695 3498 3748 Dama-

1926 3817 2149 3862 scenus,
2205 3801 2385 3868 ipsum
2437 3798 2502 3848 ad
2555 3808 2709 3850 extra
2756 3807 2866 3846 esse
2919 3795 3157 3844 omnium
3213 3784 3497 3839 creationis

1924 3911 2133 3948 consum
2145 3908 2420 3944 maiorem.

1999 3986 2230 4037 Mentem
2278 3984 2418 4036 hanc
2467 3995 2623 4035 suam
2663 3980 2764 4032 alia
2812 3975 3170 4046 patefaciunt,
3204 3984 3323 4039 quae
3370 3967 3503 4021 subs-

1923 4075 2233 4144 junguntnr
2285 4070 2493 4123 verba:
2536 4068 2700 4121 Pater
2747 4066 2864 4134 fons
2913 4071 3013 4124 est,
3049 4070 3097 4114 et
3146 4069 3332 4112 auctor
3385 4065 3500 4107 tum

1931 4164 2082 4224 Filii,
2108 4177 2216 4218 tum
2253 4162 2484 4231 Spiritus
2517 4161 2728 4213 sancti:
2757 4159 2921 4210 solius
2946 4166 3123 4206 tamen
3158 4150 3286 4204 Filii
3323 4156 3494 4217 pater,

1931 4265 1978 4310 et
2020 4255 2248 4322 Spiritus
2280 4255 2452 4306 sancti
2489 4248 2811 4317 προϐολεύξ,
2848 4248 3153 4314 productor.
3194 4241 3370 4294 Filius
3403 4257 3503 4292 auo

1933 4358 2034 4400 teni
2071 4357 2144 4399 est
2183 4345 2353 4398 Filius
2385 4345 2579 4411 patris,
2618 4349 2666 4393 et
2707 4355 2770 4392 ex
2803 4338 2988 4390 Patre.
3023 4337 3253 4403 Spiritus
3286 4340 3502 4386 sanctus

1932 4449 2008 4494 est
2037 4438 2268 4507 Spiritus
2302 4438 2501 4496 Patris,
2529 4447 2582 4487 ut
2611 4437 2698 4503 qui
2727 4449 2788 4486 ea:
2829 4432 2988 4484 Patre
3011 4430 3328 4496 procedat...
3364 4423 3502 4486 Quin

248 4552 580 4602 nominibus.
617 4554 704 4602 Διι
731 4551 876 4603 enim
910 4570 920 4601 ε
956 4550 1033 4603 Ne
1056 4549 1219 4601 multa
1250 4551 1443 4611 dicam,
1480 4566 1582 4602 non
1615 4558 1691 4601 est
1720 4549 1817 4601 alia

1939 4529 2067 4582 Filii
2105 4544 2310 4598 quoque
2343 4525 2578 4594 Spiritus
2608 4527 2820 4584 dicitur,
2853 4538 2953 4571 non
2987 4519 3121 4571 velut
3144 4532 3206 4568 ea:
3238 4517 3369 4583 ipso,
3403 4513 3506 4578 οὐχ

252 4641 410 4695 Patri
458 4644 624 4702 ratio,
688 4643 976 4710 sapientia,
1031 4643 1289 4709 potentia,
1346 4641 1590 4694 voluntas
1638 4651 1835 4710 prater

250 4735 488 4795 Filium,
518 4737 608 4804 qui
623 4735 738 4787 sola
758 4744 832 4786 est
854 4733 1034 4786 Patris
1050 4735 1301 4803 potentia,
1322 4734 1354 4801 ἠ
1379 4732 1834 4800 προκαταρκτικὴ

251 4830 351 4893 τῆς
384 4827 500 4878 τῶν
537 4829 756 4878 πάντων
797 4825 1074 4893 ποιήσεως
1096 4864 1112 4889 ,
1156 4839 1330 4877 rerum
1356 4825 1585 4875 omnium
1615 4824 1838 4874 creatio-

254 4923 338 4970 nis
365 4918 740 4984 primordialis
769 4919 953 4969 uirtus.
987 4916 1104 4980 Qua
1140 4916 1273 4968 inita
1325 4915 1737 4981 comparatione
1767 4911 1832 4964 ad

255 5028 344 5065 res
375 5022 619 5071 creatas,
665 5009 864 5061 dicitur
905 5007 1148 5075 Spiritus
1189 5014 1417 5060 sanctus
1462 5003 1690 5064 ibidem,
1728 5019 1839 5054 um-

258 5105 402 5153 niurn
453 5100 740 5150 creationis
769 5107 1186 5158 consummator,
1223 5094 1641 5161 τελεσιουργόν·
1678 5091 1839 5144 Pater

258 5207 412 5249 vero,
449 5191 704 5242 bonitatis
738 5190 896 5240 totius
920 5189 1058 5256 fons,
1090 5198 1138 5239 ct
1169 5185 1358 5239 occulti
1389 5188 1442 5236 in
1489 5200 1542 5236 se
1575 5183 1694 5235 boni
1723 5198 1842 5234 scan

262 5286 455 5352 turigo.
491 5280 816 5350 Hujusmedi
848 5294 1206 5348 personarum
1240 5277 1665 5345 appellationes,
1707 5273 1837 5325 dum

263 5377 326 5427 ad
386 5390 480 5427 res
511 5381 726 5426 creatas
765 5373 896 5439 ipsi:
928 5381 1342 5438 comparantur,
1389 5367 1523 5419 alias
1547 5364 1729 5425 aﬂert,
1779 5378 1843 5416 ac

266 5467 427 5521 modo
466 5463 712 5530 quodam
738 5461 954 5513 diverso
990 5469 1214 5513 sanctus
1240 5457 1477 5510 Basilius
1508 5456 1559 5508 in
1592 5456 1734 5510 libro
1766 5456 1843 5508 De

267 5556 475 5624 Spiritu
508 5563 712 5614 sancto,
742 5550 916 5617 capite
942 5547 1028 5610 16,
1057 5564 1207 5600 num.
1231 5547 1298 5601 58
1332 5570 1342 5600 :
1368 5545 1429 5598 In
1455 5549 1638 5597 horum
1669 5553 1844 5596 autem

267 5648 557 5706 creatione,
593 5643 873 5710 inquiens,
909 5640 1077 5709 cogita
1113 5636 1844 5709 npouarapnmiqmprima-

268 5741 399 5792 riam
419 5751 664 5799 causam,
683 5732 896 5787 Patrem
914 5749 932 5784 :
948 5730 1366 5802 δημιουργικὴν,
1379 5729 1736 5791 conditricem,
1755 5724 1844 5778 Fi-

271 5829 395 5883 lium
428 5849 448 5899 ε
486 5827 864 5896 velamur”,
889 5824 1267 5893 perfectricem,
1293 5819 1551 5892 Spiritum
1578 5828 1840 5874 sanctum.

1935 4624 2010 4685 ὼς
2047 4621 2104 4684 ἐξ
2143 4619 2329 4685 αὐτοῦ,
2377 4620 2467 4671 sed
2514 4634 2609 4684 per
2654 4619 2824 4684 ipsum
2869 4629 2932 4666 ex
2979 4612 3136 4664 Patre
3192 4607 3503 4676 procedens,

1960 4711 2074 4765 ἀλλ’
2102 4712 2177 4772 ὡς
2225 4711 2291 4763 δι’
2337 4709 2503 4761 αὑτοῦ
2534 4710 2599 4759 ὲκ
2653 4705 2746 4759 τοῦ
2791 4705 3005 4770 [ἰατρὸς
3046 4698 3503 4768 ἐκπορευόμενον.

1937 4807 2093 4861 Solus
2142 4808 2280 4860 enim
2330 4805 2492 4858 Pater
2533 4801 2730 4865 αἴτιος,
2772 4815 2936 4852 causa
2981 4804 3030 4847 et
3082 4801 3288 4848 auctor.
3342 4788 3507 4843 Solus

1939 4915 2134 4969 nempe
2177 4899 2340 4952 Pater
2369 4910 2530 4948 causa
2563 4895 2654 4948 illa
2683 4899 2788 4953 est,
2822 4905 2886 4942 ex
2919 4904 3024 4956 qua
3064 4900 3172 4938 esse
3199 4897 3349 4936 omne
3387 4895 3509 4946 pro-

1940 4993 2059 5047 ﬂuit
2096 5003 2204 5047 tam
2256 4992 2588 5050 increatum,
2630 4999 2793 5054 quam
2831 4989 3100 5036 creatum.
3150 4977 3302 5032 llanc
3355 4975 3508 5040 iuxta

1941 5087 2218 5140 notionem
2247 5097 2354 5135 non
2386 5078 2639 5148 procedit
2666 5075 2826 5130 veluti
2858 5088 2922 5125 es:
2949 5070 3082 5124 Filio
3114 5066 3354 5136 Spiritus
3372 5078 3470 5117 san
3489 5089 3506 5102 -

1941 5189 2084 5238 ctus,
2121 5188 2243 5226 cum
2276 5188 2305 5224 a
2337 5170 2497 5223 Patre
2532 5168 2734 5221 habeat
2790 5165 2926 5232 ipse,
2964 5170 3023 5213 ut
3061 5157 3330 5226 Spiritum
3380 5166 3504 5205 san-

1942 5277 2088 5322 ctum
2145 5266 2354 5333 spiret,
2430 5262 2522 5315 sed
2571 5276 2633 5312 ea:
2669 5257 2830 5310 Patre
2878 5251 3109 5323 procedit
3153 5263 3243 5317 per
3278 5243 3502 5297 Filium.

1943 5360 2069 5429 quia
2109 5358 2246 5413 Filio
2276 5356 2561 5413 virtutem,
2590 5364 2754 5420 quam
2796 5346 2957 5400 Pater
2989 5343 3175 5401 habet,
3209 5341 3324 5406 ipse
3351 5336 3510 5388 Pater

1944 5432 2352 5507 communicat.
2378 5460 2441 5498 ac
2472 5443 2645 5496 Filius
2662 5455 2762 5509 per
2787 5440 2925 5491 hanc
2944 5429 3506 5490 communicationem

1946 5557 2054 5595 non
2087 5548 2170 5592 est
2199 5537 2370 5592 sancti
2397 5535 2636 5603 Spiritus
2662 5545 2828 5587 causa
2857 5529 3117 5582 distincta
3144 5539 3172 5577 a
3202 5521 3388 5581 Patre,
3415 5515 3513 5570 sed

1947 5646 2053 5686 una
2085 5645 2248 5684 causa
2279 5643 2402 5682 cum
2445 5626 2624 5680 Patre.

2019 5721 2291 5790 Insignem
2343 5719 2522 5773 locum
2568 5716 2731 5770 istum
2785 5703 3333 5771 Damasceni,veluti
3382 5717 3516 5771 spu-

1954 5815 2116 5880 rium,
2161 5808 2644 5882 rejecithorgius
2690 5805 3060 5870 Moscliatnpar
3115 5792 3514 5866 ehartoidiylas
