4198 6440
727 372 830 442 115

1679 379 2004 437 GEORGII
2051 379 2312 439 C‘t'PRli
2361 382 2467 442 (ΖΡ.
2519 385 3040 447 I‘ATRIAHCILE
3883 386 3976 449 1Ῑῖ

728 490 781 544 lu
823 490 1099 559 colloquio
1132 490 1197 544 de
1237 506 1343 560 quo
1377 492 1587 559 egimus
1614 491 1788 560 capite
1818 492 1870 553 7,
1910 508 2062 547 num.
2098 493 2162 545 lll
2195 494 2293 560 (5).
2326 499 2370 554 Α
2407 496 2589 548 dorem
2632 513 2788 550 suum
2822 500 3121 553 naturalem
3158 501 3452 571 explicans.
3487 502 3560 556 Ex
3610 502 3766 555 Patre
3798 499 3976 550 oritur

726 583 1016 637 Sincerum
1065 586 1237 643 illum.
1288 600 1353 638 ac
1396 599 1712 655 germanum
1750 584 2017 651 probabat
2066 600 2297 652 magnus

730 678 1008 743 Iogotheta
1042 676 1254 730 Muzalo
1286 678 1614 731 auctoritate
1664 676 1965 731 Andronici
1999 674 2296 741 Carnatcri,

732 769 825 836 qui
862 768 1133 835 integrum
1165 785 1276 822 suae
1306 767 2006 838 inserueratlloplothecze.
2032 768 2146 824 Cur
2169 785 2299 823 vero

732 858 1037 928 ahjudicari
1075 875 1102 913 a
1132 869 1323 914 sancto
1360 860 1696 914 Damasccno
1731 861 1897 915 veluti
1935 871 2162 929 parente
2212 862 2302 915 de-

731 948 880 1012 beat,
915 966 1039 1003 cum
1085 966 1271 1019 parem
1326 952 1690 1019 eamdemque
1744 951 2050 1005 doctrinam
2104 952 2302 1005 habeat

734 1043 789 1094 in
822 1042 945 1095 aliis
979 1042 1153 1096 dubio
1196 1044 1385 1111 procul
1432 1045 1683 1111 genuinis
1728 1045 1989 1112 peribus?
2052 1044 2109 1098 In
2180 1044 2303 1097 Dia-

731 1133 855 1202 logo
886 1143 1078 1187 contra
1114 1134 1461 1196 Manicbazos,
1502 1151 1650 1187 utitu.
1684 1135 1738 1196 5.
1773 1136 1853 1189 sic
1902 1136 2105 1191 habet:
2141 1135 2303 1188 Pater

728 1240 938 1294 semper
980 1225 1202 1279 Verbum
1240 1243 1396 1279 suum
1443 1242 1506 1279 ea:
1550 1244 1603 1279 se
1645 1230 1900 1296 genitum,
1942 1228 2035 1279 καὶ
2082 1228 2171 1279 διὰ
2204 1226 2301 1280 τοῦ

732 1320 908 1384 Λόγου
945 1318 1109 1370 uictu
1152 1317 1210 1382 ἐξ
1238 1318 1404 1371 αὐτοῦ
1452 1322 1512 1371 1-3
1553 1319 1779 1387 ηιιεῦμα
1811 1318 1977 1372 αὑτοῦ
2011 1321 2305 1391 ἐκπορευό-

735 1427 933 1477 μενον,
966 1420 1014 1462 et
1044 1426 1135 1477 per
1180 1410 1400 1464 Verbum
1451 1429 1605 1465 suum
1651 1412 1913 1482 Spiritum
1943 1430 2097 1466 suum
2141 1430 2204 1466 ex
2250 1430 2307 1466 se

731 1503 1098 1570 procedentem
1125 1504 1325 1557 habuit.
1362 1503 1632 1572 lnsipiens
1677 1515 1817 1563 esto,
1853 1505 1944 1572 qui
1998 1513 2159 1572 neget
2216 1503 2305 1557 his

730 1610 1050 1663 expressam
1085 1597 1268 1649 verbis
1310 1606 1595 1658 :etcruam,
1649 1611 1712 1648 ac
1758 1596 2200 1659 substantialem,
2250 1606 2306 1649 et

732 1684 1137 1755 bypostaticam
1170 1689 1343 1741 sancti
1374 1688 1614 1756 Spiritus
1646 1704 1741 1756 per
1774 1690 1970 1742 Filium
2003 1688 2307 1755 processio-

730 1793 855 1829 nem
907 1794 974 1833 ex
1036 1780 1219 1834 Patre.
1272 1780 1328 1834 In
1384 1782 1625 1849 Epistula
1670 1783 1734 1833 ad
1794 1782 2086 1835 Jordancm
2126 1781 2306 1833 ari-hi-

729 1873 1060 1926 mandritam
1110 1874 1178 1927 de
1230 1876 1431 1944 hymno
1484 1875 1752 1939 Trisagio,
1802 1875 1961 1944 108
2013 1890 2163 1928 num.
2210 1874 2301 1936 ‘28,
2338 1859 2379 1916 Β

732 1965 808 2016 ait
839 1981 852 2016 :
888 1965 969 2017 Ex
1007 1966 1166 2018 Patre
1192 1968 1448 2036 siquidem
1485 1985 1579 2035 per
1606 1964 1805 2019 Filium
1838 1978 1886 2019 et
1928 1967 2151 2020 Verbum
2185 1984 2305 2035 pro-

730 2058 937 2121 cedens,
970 2075 1071 2110 non
1098 2071 1271 2113 tamen
1299 2061 1583 2127 ﬁliationis
1612 2062 1785 2113 modo.
1820 2060 2137 2129 llujusiuodi
2164 2076 2300 2129 opus

732 2163 844 2199 non
894 2160 1015 2202 erat
1044 2152 1391 2217 exceptiOue,
1427 2154 1470 2203 si
1512 2152 1625 2203 ha-e
1677 2168 1767 2218 per
1813 2150 2006 2204 Filium
2047 2154 2303 2219 processio

736 2239 803 2291 ad
838 2241 1157 2293 missionem
1223 2242 1577 2309 temporalem
1622 2241 2005 2309 donorumque
2056 2242 2277 2310 largitio

733 2347 858 2385 nem
892 2331 1175 2385 reicienda
1213 2344 1376 2386 css-t.

810 2424 1092 2480 Dimcilior
1125 2426 1343 2479 videtur
1373 2428 1620 2496 ejusdem
1657 2428 1976 2481 Damasccni
2009 2428 2161 2480 locus
2188 2425 2298 2487 ille,

734 2517 826 2583 triti
856 2518 1092 2571 habetur
1123 2519 1341 2572 bomilia
1370 2520 1420 2571 in
1444 2519 1740 2573 Subbatum
1765 2531 2036 2578 sanetum.
2064 2537 2212 2571 lltlm.
2233 2520 2299 2573 4:

736 2608 966 2675 Spiritus
1010 2620 1225 2663 sanctus
1268 2612 1382 2673 Dei,
1434 2623 1482 2665 et
1529 2612 1725 2669 Patris.
1776 2622 2030 2680 tanquam
2082 2628 2144 2665 ea:
2192 2614 2302 2677 ipso

734 2703 1062 2766 procedens:
1093 2706 1253 2771 quiet
1294 2702 1414 2755 Filii
1452 2704 1668 2765 dicitur,
1705 2716 1757 2755 ut
1784 2707 1873 2770 qui
1905 2720 1996 2771 per
2037 2720 2149 2755 eum
2186 2722 2300 2755 mu-

735 2793 1035 2859 nifestetur,
1070 2806 1115 2846 et
1148 2797 1338 2848 creatis
1370 2797 1517 2847 rebus
1551 2798 1887 2863 impertiatur
1909 2838 1922 2859 ,
1951 2797 2063 2846 ἀλλ’
2103 2798 2201 2847 οὐκ
2247 2798 2303 2860 ἐξ

735 2884 899 2937 αὐτθῦ
949 2886 1074 2952 ἕχον
1119 2887 1218 2955 τὴν
1268 2888 1525 2955 ὓπαρξιν,
1571 2900 1882 2941 nontamen
1928 2905 1991 2941 ex
2025 2892 2135 2958 ipso
2168 2892 2302 2941 exsi-

734 2979 984 3029 stentiam
1011 2980 1224 3031 habens.
1258 2980 1501 3031 Silliut'lll
1534 2981 1641 3046 jam
1681 2982 2043 3048 expendimus
2078 2993 2299 3035 SC‘IHt‘ll'

736 3070 866 3121 tiam
902 3070 1041 3137 ejus,
1080 3086 1144 3123 ex
1189 3082 1384 3124 octavo
1424 3073 1599 3139 capite
1628 3075 1785 3141 primi
1821 3074 1943 3127 libri
1984 3073 2054 3125 De
2089 3074 2190 3139 ﬁde
2217 3091 2302 3125 or-

735 3159 969 3211 thodoxa
1007 3160 1407 3229 depromptum.
1437 3163 1511 3214 Ae
1542 3164 1719 3230 primo
1758 3164 1976 3232 quidem
2011 3164 2074 3215 ad
2104 3165 2297 3217 lilium

736 3251 1000 3315 pccnliari
1035 3252 1268 3317 qtmdam
1322 3254 1532 3304 ratione
1584 3254 1938 3321 temporalem
1970 3254 2145 3307 sancti
2182 3254 2301 3323 Spi-

734 3342 875 3395 ritus
923 3343 1236 3395 missionem
1287 3344 1453 3396 refert
1502 3345 1892 3408 Damascenns,
1944 3356 2001 3398 ut
2056 3348 2299 3399 virtutem

736 3437 1179 3503 procatarcticam
1214 3436 1264 3487 iu
1300 3437 1488 3488 eadem
1526 3438 1785 3489 missione
1814 3437 1952 3489 Filio
1988 3450 2304 3504 competen-

736 3536 845 3578 tcm
880 3526 1142 3579 declaret.
1176 3526 1346 3594 Negat
1376 3529 1463 3580 ille
1502 3529 1721 3589 deinde,
1763 3528 2023 3595 Spiritqu
2055 3540 2301 3581 sanctum

739 3632 802 3667 ex
835 3616 973 3669 Filio
998 3620 1355 3669 exsisteutiam
1386 3620 1576 3671 habere
1602 3637 1617 3672 :
1648 3629 1701 3671 at
1737 3636 1800 3671 ea
1836 3621 1988 3686 plura
2029 3622 2142 3673 loca
2176 3624 2304 3673 sub-

742 3706 1092 3775 intelligenda
1131 3719 1280 3771 sunt,
1314 3708 1520 3775 quibus
1554 3710 1731 3776 ipsum
1765 3710 2106 3775 apertissime
2144 3712 2305 3763 docet

739 3814 800 3850 ex
835 3797 996 3849 Patre
1033 3800 1308 3865 procedere
1347 3816 1439 3868 per
1474 3798 1691 3852 Filium.
1736 3801 1905 3868 Negat
1948 3818 2097 3862 vero,
2136 3802 2305 3871 Spiri-

740 3901 847 3941 tum
889 3907 952 3942 ea:
992 3890 1128 3942 Filio
1158 3893 1522 3943 exsistentiam
1554 3893 1764 3957 habere,
1812 3893 1937 3959 quia
1978 3893 2148 3946 Filius
2195 3909 2300 3945 non

742 3994 823 4035 ret
854 3998 1016 4035 causa
1054 3999 1081 4035 a
1123 3983 1285 4035 Patre
1319 3983 1613 4047 distincta;
1659 3994 1713 4036 ct
1744 3988 1869 4051 quia
1910 3984 2081 4038 Filius
2140 3985 2305 4037 habet

740 4060 984 4138 a'l‘atre,
1017 4089 1075 4128 ut
1115 4076 1380 4145 Spiritum
1412 4087 1661 4131 sanctum
1698 4078 1884 4145 spiret.
1924 4078 2159 4130 Additur
2209 4092 2305 4144 po-

740 4179 943 4219 strema
976 4168 1115 4221 ratio
1145 4184 1210 4221 ex
1266 4183 1453 4222 errore
1492 4169 1815 4237 Apollinarii
1862 4169 2303 4236 Arianorumque

739 4263 1028 4328 desumpta
1060 4300 1073 4320 .
1122 4261 1216 4329 qui
1270 4260 1507 4329 Sp’ritus
1549 4260 1723 4315 sancti
1775 4260 2193 4327 productionem
2250 4262 2303 4313 in

742 4352 935 4405 Filium
970 4352 1274 4419 prtesertim
1301 4350 1666 4405 refundebant
1695 4371 1707 4403 :
1737 4352 2095 4421 dicebantque
2125 4356 2300 4422 ipsum

746 4443 882 4497 Filio
917 4445 1192 4507 minorem,
1229 4453 1416 4512 utpote
1446 4460 1509 4496 ex
1558 4443 1696 4497 Filio
1729 4454 2102 4511 procreatum,
2142 4445 2300 4498 sicuti

738 4545 795 4588 et
848 4536 1041 4589 Filium
1081 4537 1347 4589 minorem
1397 4536 1578 4598 Patre,
1617 4544 1802 4602 utpote
1840 4547 2024 4589 natum
2056 4552 2121 4589 ex
2160 4540 2296 4604 ipso.
2330 4534 2381 4591 D

738 4629 820 4681 ΛΙ)
856 4629 959 4680 hac
997 4628 1277 4696 impietate
1325 4638 1586 4682 caventes
1616 4628 1785 4681 Grzrci
1836 4629 2028 4681 media:
2081 4644 2311 4695 praeser-

745 4719 841 4767 tim
871 4718 1046 4769 mtatis
1073 4716 1439 4774 doctores.ita
1473 4717 1744 4785 negabant
1776 4733 1838 4769 ex
1878 4717 2011 4769 Filio
2043 4716 2305 4784 Spiritum

740 4807 1011 4865 exsistere.
1044 4814 1102 4858 ut
1148 4808 1297 4859 illum
1344 4819 1523 4862 tamen
1574 4824 1666 4876 per
1699 4807 1898 4860 Filium
1949 4810 2225 4875 procedere
2273 4826 2304 4860 a

746 4900 909 4951 I’atrc
962 4900 1412 4953 constantissime
1460 4900 1743 4953 docerent.
1793 4900 2107 4955 Geuuiuum
2157 4901 2304 4955 hunc

743 5006 964 5042 sensum
995 5006 1138 5053 esse,
1167 4992 1376 5044 evincit
1398 4991 1649 5059 ejusdem
1678 4992 1994 5044 Damasccui
2031 4991 2304 5056 Expositio

742 5082 890 5147 fidei,
928 5096 1090 5148 quam
1120 5097 1186 5135 et
1216 5082 1448 5138 Arabico
1474 5099 1686 5136 versam
1721 5084 1946 5137 Michael
1987 5084 2305 5151 Loquienus

741 5189 835 5225 sua
870 5173 1091 5226 exhibet
1128 5175 1178 5226 iu
1229 5175 1493 5228 editione.
1535 5174 1657 5228 Ila‘c
1695 5176 1985 5230 habentur.
2039 5191 2187 5227 num.
2220 5176 2254 5227 2
2288 5192 2299 5225 :

744 5266 903 5317 Pater
941 5266 1132 5334 absque
1166 5269 1422 5335 principio
1462 5277 1582 5319 est:
1622 5277 1667 5319 et
1714 5266 1876 5317 Filius
1924 5276 1997 5317 est
2045 5283 2106 5317 ea:
2149 5266 2306 5317 Patre

743 5374 834 5425 per
875 5359 1187 5417 litiotionern
1238 5375 1251 5409 :
1304 5369 1350 5409 et
1402 5358 1627 5426 Spiritus
1657 5367 1870 5408 sanctus
1908 5366 1983 5407 est
2027 5370 2089 5407 ea:
2145 5352 2307 5405 Patre

743 5466 835 5516 per
868 5449 1086 5512 Filium,
1121 5468 1221 5502 non
1263 5467 1354 5519 per
1382 5450 1716 5516 ﬁliationem,
1760 5450 1849 5501 sed
1882 5466 1972 5517 per
2019 5449 2309 5515 processio-

746 5559 883 5593 mm.
937 5544 1120 5609 Aptiss
1146 5558 1291 5594 mum
1346 5542 1656 5606 exemplum
1690 5551 1794 5603 est,
1839 5541 1980 5607 quod
2029 5539 2251 5591 additur
2292 5554 2304 5590 :

755 5632 972 5684 Verbum
1009 5632 1241 5698 gignitur
1280 5633 1344 5683 ab
1376 5631 1642 5683 intellectu
1676 5649 1692 5683 :
1725 5632 1818 5684 sed
1856 5631 2019 5681 etiam
2064 5630 2125 5680 ab
2156 5629 2309 5680 intel-

749 5726 886 5774 tertu
910 5727 1079 5775 oritur
1114 5723 1364 5792 Spiritus,
1394 5729 1481 5793 qui
1512 5726 1890 5792 manifestatur
1923 5738 2013 5790 per
2058 5720 2306 5779 Verbum,

751 5817 889 5870 auat!
925 5828 1135 5870 emanat
1170 5834 1230 5870 ex
1282 5818 1579 5872 absrendita
1616 5818 1932 5877 seaturiqiire
1964 5830 2081 5875 sua,
2132 5813 2307 5872 arten-

2405 585 2643 653 Spiritus
2672 605 2683 639 :
2718 592 2813 641 sed
2848 590 3016 646 hocce
3057 593 3111 646 in
3139 595 3265 657 eius
3293 605 3415 647 ortu
3445 594 3628 646 locum
3666 592 3831 644 habet
3862 604 3973 641 ma-

2404 674 2689 729 nifestatio
2732 678 2976 745 ejusdem
3027 695 3125 749 per
3176 679 3441 735 Verbum.
3498 680 3682 733 Sancti
3737 676 3977 743 Spiritus

2404 775 2559 820 ortus
2588 765 2732 821 Patri
2764 769 3113 837 attribuitur,
3143 773 3236 840 qui
3275 773 3447 826 totius
3483 771 3715 825 Deitatis
3743 768 3980 820 abscon-

2403 860 2516 913 dita
2543 860 2823 930 scaturigo
2851 872 2956 917 est.
2981 861 3353 919 Manifestatio
3372 864 3645 934 ejusdem,
3670 860 3979 927 eademque

2405 950 2676 1004 naturalis
2714 950 2887 1004 instar
2927 952 3246 1022 splendoris,
3286 945 3738 1027 Filiovtribtiitur,
3764 951 3893 1019 quia
3916 962 3981 1001 ex

2405 1041 2568 1096 Patre
2625 1053 2823 1097 natura
2872 1044 3060 1099 divina
3121 1062 3219 1115 per
3272 1046 3477 1101 Filium
3536 1043 3983 1102 communicatur

2407 1133 2641 1205 Spiritui
2672 1147 2886 1193 sancto.

2476 1272 2831 1342 Theologiam
2882 1288 3037 1329 suam
3096 1276 3315 1330 tradere
3376 1276 3752 1331 Damascenus
3805 1277 3985 1347 pergit

2408 1366 2657 1422 ibidem:
2696 1367 2862 1422 Filius
2900 1371 2971 1423 ad
3000 1370 3214 1423 Patrem
3241 1370 3491 1438 refertur,
3522 1380 3684 1438 atque
3727 1388 3791 1424 ea:
3826 1372 3985 1424 Patre

2406 1466 2502 1519 est,
2536 1459 2660 1524 quia
2698 1468 2855 1513 natus
2878 1468 2955 1512 est
2989 1476 3053 1512 ex
3078 1460 3243 1514 Patre
3273 1477 3292 1514 :
3328 1469 3378 1513 et
3412 1462 3571 1530 109
3598 1461 3830 1529 Spiritus
3863 1480 3987 1515 san—

2408 1558 2491 1603 tus
2521 1553 2592 1603 ad
2630 1551 2843 1604 Patrem
2872 1552 3122 1620 refertur.
3154 1562 3316 1623 atque
3346 1564 3421 1607 est
3455 1571 3518 1606 ea:
3550 1554 3735 1617 Patre,
3761 1558 3885 1622 quia
3909 1564 3985 1609 est

2407 1658 2471 1695 ex
2494 1642 2608 1703 illo,
2638 1660 2742 1695 non
2769 1643 3053 1711 ﬁliationis
3086 1661 3255 1708 more,
3283 1646 3375 1699 sed
3409 1647 3774 1713 processienis.
3823 1646 3987 1699 Item-

2408 1751 2507 1803 que
2529 1743 2743 1787 sanetus
2772 1734 3007 1803 Spiritus
3035 1743 3110 1789 est
3145 1736 3291 1800 Filii,
3338 1739 3433 1790 sed
3473 1755 3574 1790 non
3616 1748 3691 1790 est
3722 1754 3785 1791 ea:
3824 1738 3983 1791 Filio.

2410 1824 2505 1877 Est
2534 1833 2710 1878 tamen
2756 1828 2826 1879 ad
2856 1827 3074 1887 Filium,
3112 1830 3239 1897 quia
3271 1840 3487 1883 emanat
3518 1846 3600 1895 per
3636 1830 3807 1883 illum.
3844 1840 3894 1883 et
3924 1847 3986 1883 e1:

2407 1917 2541 1970 illo:
2571 1935 2633 1971 ac
2666 1935 2766 1971 non
2792 1926 2869 1972 est
2894 1935 2959 1971 ex
3000 1920 3160 1984 Filio,
3193 1922 3317 1989 quia
3362 1921 3532 1975 Pater
3563 1940 3669 1974 una
3712 1931 3784 1975 est
3823 1938 3985 1974 causa

2408 2019 2517 2062 tum
2551 2008 2703 2088 Filii,
2732 2024 2840 2065 tum
2873 2012 3109 2082 Spiritus
3137 2016 3328 2067 sancti.
3360 2013 3483 2067 Haec
3510 2024 3787 2082 postrema
3818 2015 3983 2067 verba

2407 2116 2629 2155 sensum
2670 2104 2959 2157 declarant
3004 2104 3173 2158 totius
3205 2105 3520 2157 sententiae.
3559 2105 3719 2157 Pater
3763 2121 3867 2156 una
3900 2114 3983 2157 est

2406 2209 2569 2247 causa
2620 2202 2733 2246 tum
2789 2193 2934 2258 Filii,
2976 2204 3089 2249 tum
3144 2196 3380 2263 Spiritus
3416 2197 3635 2249 sancti:
3673 2213 3735 2250 ca
3767 2199 3981 2250 ratione

2407 2285 2551 2353 quod
2585 2286 2637 2338 in
2672 2287 2852 2346 Patre,
2888 2286 3059 2340 veluti
3097 2289 3151 2340 in
3185 2288 3357 2345 fonte.
3391 2290 3483 2357 qui
3520 2304 3626 2341 non
3652 2297 3735 2342 est
3764 2304 3827 2341 ex
3851 2290 3982 2349 alio,

2409 2378 2581 2431 virtus
2636 2380 2914 2447 reperitur
2972 2380 3240 2449 spirativa
3295 2382 3538 2449 Spiritus
3594 2382 3795 2436 saneti.
3857 2381 3981 2435 Haec

2407 2473 2595 2539 utique
2653 2487 2758 2525 una
2809 2482 2865 2526 et
2919 2476 3111 2527 eadem
3166 2474 3309 2527 Filio
3359 2477 3525 2529 etiam
3584 2476 3762 2528 inest:
3807 2476 3901 2529 sed
3952 2490 3980 2527 a

2408 2564 2567 2617 Patre
2614 2566 3040 2619 communicata.
3079 2566 3218 2619 Hinc
3272 2565 3517 2635 Spiritus
3548 2577 3775 2619 sanctus
3824 2582 3979 2620 suam

2408 2656 2570 2710 habet
2596 2656 2923 2710 exstantiatn
2951 2672 3013 2711 ex
3051 2660 3233 2717 Patre.
3266 2668 3521 2727 tanquam
3557 2676 3622 2713 ex
3647 2662 3793 2713 fonte
3825 2678 3836 2711 :
3871 2676 3983 2728 quo

2406 2763 2525 2800 eam
2581 2748 2744 2801 modo
2803 2764 2912 2802 non
2967 2750 3135 2804 habet
3184 2768 3249 2804 ex
3296 2752 3456 2813 Filio.
3502 2754 3569 2805 At
3622 2754 3880 2820 quoniam
3926 2754 3981 2806 in

2407 2838 2545 2891 Filio
2577 2841 2841 2906 spirativa
2873 2842 3049 2895 virtus
3086 2841 3227 2894 inest
3263 2859 3290 2894 a
3336 2844 3495 2897 Patre
3526 2846 3928 2898 cemnmnieata
3966 2862 3980 2897 :

2408 2929 2531 2982 ideo
2562 2946 2654 2997 per
2686 2928 2910 2995 Filium,
2943 2941 2991 2986 et
3020 2949 3084 2987 ex
3128 2932 3272 2987 Filio
3318 2933 3555 3003 Spiritus
3579 2948 3801 2989 sanctus
3831 2952 3980 2988 ema-

2410 3038 2540 3073 nare
2570 3022 2793 3087 dicitur,
2822 3038 2931 3075 non
2964 3025 3166 3079 dicitur
3193 3042 3340 3087 esse;
3374 3028 3587 3080 tametsi
3624 3027 3713 3078 illa
3751 3042 3981 3079 emana-

2413 3117 2490 3168 tio
2520 3114 2591 3167 sit
2623 3118 2690 3166 ad
2730 3118 3075 3168 exstantium.
3108 3118 3228 3183 Quo
3262 3120 3425 3171 etiam
3457 3135 3621 3171 sensu
3656 3135 3763 3171 non
3798 3122 3978 3187 inepte

2330 3204 2370 3257 C
2406 3206 2515 3259 diei
2555 3215 2756 3272 potest.
2796 3207 3172 3273 splendorem.
3208 3221 3302 3262 aut
3352 3210 3574 3263 ﬂuvium
3615 3227 3723 3263 non
3756 3226 3877 3264 esse
3912 3227 3979 3264 ex

2407 3297 2583 3359 radio,
2622 3306 2716 3349 aut
2767 3299 2908 3359 rivo,
2943 3300 3037 3352 sed
3091 3315 3212 3353 esse
3268 3302 3617 3369 splendorem
3652 3318 3715 3354 ex
3761 3304 3873 3355 sole
3924 3313 3987 3356 et

2407 3390 2633 3443 ﬂuvium
2694 3405 2757 3443 cx
2811 3389 2959 3444 fonte
3012 3408 3025 3442 :
3083 3407 3145 3444 ac
3214 3394 3578 3448 nihilominus
3629 3396 3978 3463 splendorem

2407 3496 2661 3534 emanare
2699 3498 2796 3549 per
2834 3484 3071 3546 radium,
3105 3494 3161 3536 et
3205 3486 3371 3538 etiam
3420 3502 3482 3538 ex
3538 3488 3728 3549 radio;
3768 3497 3823 3540 et
3875 3486 3975 3539 ﬂu-

2408 3572 2553 3623 vium
2606 3585 2861 3624 emanare
2934 3589 3029 3639 per
3099 3574 3322 3635 rivum,
3385 3584 3439 3627 et
3485 3576 3649 3627 etiam
3700 3593 3763 3628 cx
3819 3560 3973 3635 rivo;

2408 3664 2539 3717 solis
2574 3679 2635 3715 ac
2663 3664 2829 3716 fontis
2861 3664 3069 3717 virtute
3102 3666 3252 3717 radio
3294 3681 3355 3716 ac.
3398 3665 3516 3717 rivo
3551 3668 3976 3719 communicata.

2410 3754 2533 3808 Ha-e
2569 3753 2731 3807 affert
2780 3754 2982 3806 ibidem
3030 3753 3403 3807 Damascenus
3436 3755 3704 3821 exempla,
3740 3770 3977 3821 quorum

2409 3846 2703 3899 discrimen
2779 3847 3075 3899 maximum
3149 3861 3176 3898 a
3224 3845 3463 3912 Spiritus
3516 3847 3688 3897 sancti
3748 3861 3973 3898 emana-

2412 3937 2557 3990 tioue
2592 3936 2829 3988 sumitur
2863 3952 2890 3988 a
2937 3937 3212 4004 principio
3242 3936 3446 3999 activo,
3498 3936 3645 4002 quod
3706 3952 3874 3988 unum
3911 3952 3980 3989 cx

2411 4028 2570 4082 Patre
2620 4030 3065 4081 communicatur
3096 4028 3279 4081 Filio:
3330 4028 3608 4082 diversum
3641 4040 3724 4096 est
3764 4030 3815 4080 in
3865 4029 3981 4081 sole

2408 4131 2462 4175 et
2500 4122 2675 4181 radio,
2708 4122 2759 4173 in
2800 4121 2951 4173 fonte
2986 4130 3040 4173 et
3066 4120 3205 4171 rivo.
3245 4117 3377 4170 Rem
3413 4119 3552 4169 hanc
3590 4119 3756 4187 igitur
3784 4120 3851 4171 ab
3881 4120 3983 4172 hu-

2412 4230 2573 4266 Inano
2628 4224 2787 4283 captu
2848 4212 3165 4281 longissime
3227 4212 3485 4275 alienam,
3552 4214 3736 4265 verbis
3788 4214 3981 4278 utique

2410 4306 2667 4366 diversis,
2704 4322 2809 4357 una
2847 4316 3028 4359 tamen
3062 4303 3358 4364 sententia,
3392 4315 3768 4371 exposuerunt
3799 4305 3983 4358 Eccle~

2412 4398 2502 4451 sia:
2548 4399 2757 4451 Patres.

2483 4535 2834 4590 VLPrimum
2861 4537 3178 4589 Damasceni
3220 4536 3614 4597 testimonium,
3656 4536 3801 4603 quod
3840 4536 3971 4589 hac-

2413 4636 2572 4680 tenus
2632 4643 2729 4694 pro
2792 4627 2936 4680 virili
2995 4629 3425 4687 illustravimus,
3462 4629 3604 4680 inter
3660 4627 3977 4681 Graecorum

2410 4719 2747 4787 objectiones
2776 4720 2941 4771 aﬂ'ert
2970 4728 3194 4772 sanctus
3219 4719 3458 4771 Thomas
3484 4722 3534 4770 in
3560 4720 3979 4772 Sententiarum

2410 4808 2845 4871 Commentario,
2881 4811 2935 4863 in
2975 4809 3382 4874 Quaestionibus
3419 4810 3737 4877 disputatis,
3775 4822 3831 4863 ct
3869 4827 3985 4876 pri—

2413 4915 2498 4951 tua
2532 4908 2684 4965 parte
2716 4898 2953 4953 Summae
2983 4900 3351 4967 Theologiee.
3399 4899 3546 4952 Loco
3594 4903 3800 4968 priore,
3838 4900 3987 4953 5ίίΙὶ-

2410 5002 2496 5045 cet
2529 4992 2581 5042 in
2621 5008 2659 5051 ι,
2692 4991 2820 5042 dist.
2861 5007 2935 5048 XI.
2969 5002 3162 5059 quasi.
3203 4993 3246 5052 Ι,
3283 5002 3388 5043 art.
3426 4994 3476 5052 t,
3529 4993 3630 5044 hac
3685 4995 3860 5045 utitur
3897 5010 3988 5045 so-

2413 5081 2619 5133 lutionc
2661 5082 2724 5131 ad
2768 5082 2840 5131 ὃς
2890 5101 2907 5129 ι
2948 5081 3274 5141 Dicendum,
3309 5081 3454 5149 quod
3506 5082 3881 5135 Damasceuus
3925 5084 3980 5134 in

2414 5173 2512 5224 liae
2542 5182 2696 5239 parte
2735 5188 2840 5223 non
2875 5174 3123 5225 creditur
3155 5174 3334 5240 :_quia
3368 5174 3576 5226 dicitur
3629 5175 3799 5226 fuisse
3837 5188 3978 5226 tem—

2411 5278 2545 5330 pore
2576 5264 2689 5324 illo,
2721 5278 2830 5329 quo
2863 5264 3067 5328 incepit
3097 5265 3467 5317 controversia
3496 5282 3662 5330 super
3699 5268 3797 5317 bac:
3832 5282 3987 5333 qum-

2410 5354 2586 5405 stione
2649 5354 2793 5405 inter
2838 5352 3056 5406 Graecos
3086 5363 3139 5405 et
3171 5352 3417 5407 Latinos.
3443 5354 3646 5406 Tamen
3679 5371 3788 5407 non
3821 5371 3988 5425 negat

2412 5444 2545 5512 quin
2588 5447 2653 5495 sit
2684 5460 2747 5494 ex
2783 5441 2940 5503 Filio.
2976 5444 3071 5495 sed
3118 5444 3254 5497 dicit
3281 5460 3339 5497 se
3367 5460 3473 5497 non
3505 5447 3811 5499 concedere
3844 5452 3987 5516 quod

2410 5538 2476 5588 sit
2506 5552 2535 5585 a
2566 5533 2715 5591 Filio.
2760 5533 2883 5599 quia
2918 5532 3097 5585 adhuc
3128 5534 3267 5600 apud
3304 5550 3399 5586 eos
3430 5537 3480 5585 in
3515 5534 3685 5587 dubio
3725 5540 3979 5587 verteba-

2415 5636 2523 5675 tur.
2572 5642 2589 5671 ι
2630 5624 2768 5675 Ante
2824 5624 3008 5673 sa-culi
3053 5623 3281 5688 septimi
3335 5624 3544 5675 exitum
3601 5634 3762 5675 natus
3807 5625 3985 5675 fertur

2415 5717 2802 5773 Damascenus.
2837 5714 3112 5780 vitamque
3144 5730 3297 5765 suam
3350 5715 3493 5766 ultra
3535 5731 3741 5766 annum
3776 5716 3983 5770 Christi

2416 5810 2513 5861 7Eii
2550 5810 2738 5875 agt-bat
2773 5824 2783 5855 :
2821 5824 2928 5875 quo
2972 5817 3212 5874 tcmporc
3257 5806 3495 5873 Spiritus
3530 5808 3704 5861 Sancti
3752 5822 3952 5875 preces
