4198 6440
207 429 299 490 11⁸7
1373 427 1571 488 νιΤΛ.
1608 449 1671 462 ···
1718 428 1774 486 ῐι]

1878 426 2223 487 ιΕΗΤΑΊῚΟ
2261 429 2305 486 l.

198 550 410 602 sionem
450 565 479 599 a
510 547 672 600 Patre
732 545 980 614 Filioque
1010 561 1038 598 a
1069 543 1278 598 Latinis
1319 553 1580 598 assertam
1611 542 1768 594 inru-
1806 547 1847 600 Α
1881 558 1984 609 que
2028 561 2039 594 :

199 636 393 688 sahant
435 635 984 704 insequebanturquc
1012 632 1379 688 lconomachi.

261 729 384 782 Alia
417 738 506 782 est
536 728 758 782 Thomas
793 726 1018 789 solutio,
1063 735 1262 797 quast.
1297 727 1380 788 10,
1419 725 1492 778 De
1519 727 1773 792 potentia,

198 833 297 874 art.
352 821 414 882 ι,
481 820 576 874 ad.
623 821 736 874 εις
775 839 792 871 ι
830 820 1131 875 Dicendum
1165 819 1310 890 quod
1357 819 1556 890 positio
1586 818 1776 872 Nesto-

198 915 482 965 rianorum
507 911 634 972 fuit,
663 913 808 980 quod
840 911 1072 981 Spiritus
1092 919 1303 965 sanctus
1332 927 1434 964 non
1459 912 1527 963 sit
1552 927 1582 963 a
1618 909 1774 962 Filio.

196 1006 345 1060 l'nde
423 1005 480 1057 in
533 1003 769 1074 quodam
829 1003 1086 1073 Syinbolo
1140 1002 1594 1057 Nestorianorum
1645 1015 1775 1052 con-

195 1097 463 1149 demnato
511 1097 567 1148 in
618 1099 787 1164 prima
829 1095 1091 1163 Ephesina
1141 1097 1342 1164 synodo
1401 1094 1609 1147 dicitur
1643 1092 1771 1146 sic:

194 1187 464 1256 Sp'ritum
521 1197 769 1242 sanctum
821 1187 982 1256 ιιο
1032 1201 1196 1255 neque
1255 1183 1454 1237 Filium
1508 1193 1774 1252 putamus.

193 1295 359 1345 neque
395 1295 496 1343 per
531 1277 732 1330 Filium
759 1278 1037 1330 essentiam
1068 1277 1347 1344 accepisse.
1369 1275 1602 1342 Propter
1629 1274 1773 1342 quod

192 1373 436 1439 Cyrinus
503 1381 692 1423 contra
750 1367 1058 1420 Nestorium
1108 1367 1162 1419 in
1217 1365 1456 1433 Epistola
1516 1367 1774 1434 pradicta

193 1457 501 1526 [Synodica
571 1457 635 1510 ad
705 1457 1039 1521 Nestorium,
1103 1472 1130 1510 a
1203 1455 1412 1509 Thema
1471 1465 1774 1510 memorata

191 1550 252 1603 ad
305 1551 426 1613 13),
476 1550 663 1618 posuit
723 1549 993 1618 Spiritum
1055 1560 1307 1602 sanctum
1347 1563 1466 1602 esse
1523 1564 1552 1601 a
1611 1548 1773 1602 Filio.

193 1644 556 1698 Ttieodoretus
591 1659 722 1698 vero
759 1645 814 1697 in
847 1643 1084 1711 quadam
1131 1642 1374 1710 Epistola
1403 1644 1467 1697 ad
1505 1642 1774 1696 Joannem

188 1738 612 1791 Antiuclienum
647 1737 725 1789 sic
755 1735 892 1788 dicit
922 1751 934 1788 :
974 1732 1204 1801 Spiritus
1239 1741 1454 1787 sanctus
1487 1750 1589 1786 non
1618 1745 1694 1787 est
1715 1751 1778 1786 ex

192 1828 360 1886 Filio.
427 1841 524 1881 aut
578 1844 669 1893 per
731 1827 924 1879 Filium
976 1827 1171 1879 habens
1230 1827 1578 1879 substantiam
1623 1845 1639 1880 :
1687 1828 1778 1880 sed

189 1925 486 1988 proce..’ens
514 1921 788 1986 quidema
819 1917 999 1980 Patre,
1059 1916 1288 1985 Spiritus
1337 1935 1452 1970 rero
1510 1917 1660 1981 Filii,
1715 1935 1774 1972 eo

189 2015 327 2081 quod
379 2021 432 2062 et
488 2011 539 2062 ei
579 2009 1044 2063 consubstantialis
1068 2009 1134 2060 sit
1162 2008 1485 2062 nominatus.
1522 2009 1644 2062 Ha'c
1679 2025 1772 2062 au-

190 2116 297 2156 tem
329 2104 507 2156 verba
541 2102 932 2156 Theodoretus
962 2100 1256 2168 przudictus
1283 2101 1519 2169 imponit
1545 2101 1773 2170 Cyrillo.

191 2208 462 2263 tanquam
496 2195 569 2246 ab
625 2209 692 2246 eo
726 2194 872 2246 dicta
933 2193 1043 2245 sint
1097 2193 1147 2244 in
1200 2192 1453 2260 epistula,
1489 2208 1650 2262 quatn
1709 2193 1774 2245 ad

188 2286 465 2339 Joannem
509 2285 924 2338 Antiochenum
959 2285 1214 2352 scripsit;
1257 2285 1386 2338 licet
1444 2286 1495 2337 in
1539 2286 1630 2336 illa
1661 2285 1779 2350 epi-

190 2380 327 2431 stola
391 2377 502 2431 hoc
561 2393 670 2430 non
723 2378 957 2445 legatur,
1010 2377 1102 2430 sed
1151 2377 1356 2431 dicitur
1390 2378 1514 2430 sic:
1553 2376 1777 2443 Spiritus

191 2468 287 2521 Dei
329 2469 518 2521 Patris
557 2469 788 2534 procedit
815 2469 1024 2535 quidem
1057 2484 1120 2520 ea:
1148 2473 1261 2536 ipso
1289 2485 1306 2521 :
1341 2477 1418 2522 est
1450 2479 1624 2521 autem
1665 2480 1713 2522 et
1744 2487 1774 2522 a

195 2560 359 2622 Filio,
393 2577 502 2611 non
561 2560 770 2612 alienus
819 2562 1109 2612 secundum
1139 2561 1297 2613 unius
1332 2566 1569 2614 essentiw
1613 2564 1779 2633 ratio-

192 2671 330 2707 nem.
369 2653 533 2706 lianc
569 2663 754 2705 autem
787 2652 1122 2707 Theodoreti
1177 2657 1507 2706 sententiam
1558 2667 1778 2708 secutus

195 2756 278 2797 est
333 2744 709 2812 postmodum
762 2742 1162 2806 Damascenus,
1213 2745 1468 2812 quamvis
1524 2743 1775 2811 dosmata

194 2837 448 2902 ejusdem
489 2833 830 2888 Theodoreti
874 2833 986 2888 sint
1035 2834 1087 2887 in
1139 2837 1328 2902 quinta
1403 2835 1614 2904 synodo
1645 2849 1775 2887 cou-

198 2929 485 2980 demnata.
527 2925 683 2980 Unde
712 2927 764 2979 in
798 2925 904 2979 hoc
944 2939 1053 2978 non
1083 2936 1168 2979 est
1196 2925 1450 2978 standum
1489 2927 1775 2979 sententia:

195 3017 552 3071 Damasceni.
597 3037 614 3067 ι

267 3103 524 3170 Denique
591 3106 608 3157 Ι
659 3115 823 3174 part.,

884 3116 1078 3174 quaest.
1143 3107 1232 3170 36,
1301 3118 1407 3161 art.
1482 3109 1536 3173 2,
1573 3109 1637 3163 ad
1698 3113 1772 3164 5:

3357 421 3456 484 118

2087 545 2137 594 vi
2171 543 2466 602 verborum,
2503 539 2707 608 quibus
2775 553 2904 588 usus
2945 545 3029 588 est
3065 534 3451 590 Damascemut.

1880 637 2105 689 iniu-tne
2133 635 2307 686 sancti
2334 633 2576 703 Spiritus
2601 631 2862 700 denegari
2889 631 3270 697 processionem
3294 629 3454 680 etiam

1878 746 1910 780 a
1954 727 2114 782 Filio.

1954 822 2108 890 ιιι
2155 818 2263 874 νη.
2307 820 2535 881 Cretera,
2568 835 2688 889 qua
2718 819 2854 873 locis
2883 815 3063 869 allatis
3094 815 3165 867 ait
3193 815 3303 875 ille,
3331 813 3452 867 illu-

1878 919 2102 970 strauda
2133 926 2282 970 sunt.
2318 916 2580 980 Adnotat,
2631 917 2866 984 posuisse
2900 911 3264 968 Nestorianos,
3313 909 3452 974 quod

1880 1006 2115 1075 Spiritus
2141 1018 2356 1060 sanctus
2393 1024 2497 1059 non
2531 1008 2600 1058 sit
2630 1024 2660 1059 a
2697 1005 2840 1057 Filio
2872 1019 2889 1056 :
2917 1003 2968 1056 id
3002 1001 3104 1070 legi
3137 1002 3190 1051 in
3219 999 3450 1066 quodam

1877 1100 2314 1153 Nes'oriauorum
2347 1100 2625 1170 symbolo:
2660 1113 2721 1151 ac
2754 1097 2898 1151 istud
2953 1099 3006 1148 in
3060 1095 3323 1163 Ephesiua
3369 1109 3455 1159 sy-

1879 1191 2013 1241 nodo
2045 1192 2452 1243 condemnatum
2486 1205 2617 1244 esse.
2643 1186 3120 1244 Nestorianorum,
3154 1183 3299 1252 quod
3339 1198 3454 1234 mc-

1880 1290 2144 1342 moratur.
2198 1282 2512 1352 Symbolum
2564 1280 2796 1350 protulit
2851 1277 3142 1346 Ephesinis
3198 1277 3453 1330 Patribus

1879 1373 2151 1428 Charisius
2176 1376 2468 1444 presbyter,
2497 1384 2552 1428 et
2583 1371 2980 1441 Philadelphia:
3029 1385 3352 1424 meonomus
3400 1369 3454 1421 in

1878 1466 2078 1536 Lydia:
2101 1467 2406 1534 legiturque
2437 1465 2651 1518 actione
2681 1464 2713 1518 6
2735 1464 3024 1532 Ephesium
3057 1461 3247 1531 synodi
3287 1475 3443 1514 mcu-

1879 1560 2106 1614 meuica'
2153 1575 2299 1611 anno
2343 1559 2438 1612 451
2476 1558 2789 1618 celebrat-.c,
2862 1558 2964 1610 sub
3000 1555 3160 1608 titulo
3203 1553 3451 1622 Exempli

1881 1652 2220 1718 expositionis
2275 1649 2508 1716 Symboli
2544 1650 2843 1716 depravati.
2883 1648 3007 1701 Haec
3059 1648 3131 1701 ibi
3180 1647 3454 1700 habentur

1881 1744 2088 1794 verba:
2129 1740 2232 1794 Sed
2277 1741 2571 1809 (Spiritum
2617 1739 2892 1806 sanctum)
2931 1757 3022 1792 nec
3065 1738 3264 1790 Filium
3297 1747 3452 1806 putao

1881 1852 2015 1896 ntus,
2053 1851 2218 1903 neque
2246 1852 2340 1903 per
2365 1833 2566 1886 Filium
2592 1851 2745 1886 suam
2769 1834 3192 1894 subsistentiam,
3217 1829 3454 1898 ὕπαρξιν

1879 1929 2174 1981 habentem.
2211 1927 2402 1980 Tribui
2449 1924 2764 1996 Symbolum
2817 1927 2959 1978 istu=|
3017 1925 3292 1983 Nestorio,
3336 1934 3453 1975 tan-

1878 2035 2040 2088 quam
2067 2018 2300 2081 auctori,
2318 2019 2385 2071 ab
2407 2019 2684 2087 aliquibus
2703 2019 2931 2071 assolet:
2953 2019 3135 2070 verius
3159 2015 3453 2069 Theodoro

1881 2111 2268 2179 Mopsuesteno
2309 2110 2376 2163 ab
2425 2111 2589 2172 aliis;
2648 2111 2794 2180 quod
2849 2119 3089 2162 attamen
3140 2107 3450 2162 Nestoriani

1881 2213 1975 2255 aut
2010 2201 2348 2255 instruendis
2373 2201 2424 2254 in
2467 2201 2594 2264 lide,
2631 2210 2724 2253 aut
2752 2201 2817 2253 ad
2858 2201 3016 2253 tidem
3049 2199 3454 2252 revertentibus

1882 2295 2193 2349 tradebant.
2222 2293 2425 2348 Contra
2456 2293 2777 2364 Symbolum
2816 2293 2868 2345 in
2902 2293 3173 2359 I'Iphcsina
3205 2307 3451 2344 meomeo

1881 2389 2002 2442 nica
2036 2387 2246 2457 synodo
2292 2387 2463 2440 latum
2497 2387 2582 2440 his
2614 2386 2799 2439 verbis
2833 2387 3116 2439 det-ratum
3151 2398 3254 2443 est.
3307 2389 3449 2453 quod

1879 2483 2094 2535 actione
2139 2482 2303 2534 citata
2353 2490 2608 2550 prostat:
2652 2499 2669 2530 ι
2723 2478 2898 2532 Simili
2946 2483 3106 2532 etiam
3161 2479 3313 2531 modo
3363 2479 3454 2546 qui

1880 2572 2087 2624 inventi
2141 2571 2347 2625 fuerint
2380 2572 2462 2624 vel
2512 2571 2783 2639 episcopi,
2823 2570 2904 2621 vel
2953 2570 3162 2631 clerici,
3200 2569 3283 2621 vel
3328 2568 3451 2620 laici

1881 2666 1994 2720 sive
2031 2665 2231 2719 docere
2266 2681 2329 2718 ea
2362 2681 2483 2734 qua:
2512 2666 2875 2718 continentur
2918 2666 2969 2715 in
3008 2664 3190 2714 oblata
3221 2661 3451 2729 Exposi—

1882 2756 2031 2810 tione
2073 2772 2100 2808 a
2137 2757 2392 2811 Charisio
2421 2757 2749 2824 presbytero
2781 2755 2856 2808 De
2895 2755 3161 2824 L'uigmiti
3197 2753 3326 2808 Filii
3357 2757 3450 2808 Dei

1879 2847 2278 2910 Incarnatione.
2313 2851 2430 2903 sive
2476 2851 2743 2903 scelerata
2795 2861 2846 2901 et
2897 2864 3154 2916 perversa
3211 2848 3450 2903 Nestori!

1879 2940 2156 3010 dogmata,
2186 2957 2308 3012 quae
2335 2953 2386 2996 et
2416 2945 2660 2998 subnexa
2698 2952 2848 2999 sunt.
2876 2943 3200 3008 subjaceant
3232 2951 3456 2994 senten-

1882 3034 1968 3085 tiae
2024 3043 2224 3086 sancta:
2281 3034 2444 3102 hujus
2495 3043 2551 3088 et
2609 3034 2930 3086 universalis
2993 3034 3219 3102 syno-li,
3260 3053 3277 3084 ι
3330 3043 3440 3086 etc.

1883 3122 2060 3176 Hocce
2101 3126 2325 3178 decreto
2371 3132 2656 3178 damnatos
2712 3125 2954 3193 Aquinas
3007 3125 3297 3184 intellexit.
3355 3126 3448 3193 qui

204 3214 222 3244 ι
261 3195 605 3260 Dicendum,
660 3199 803 3264 quod
855 3198 1119 3265 Spiritum
1153 3209 1400 3252 sanctum
1439 3215 1545 3252 non
1585 3216 1772 3268 proce-
1801 3214 1845 3270 c
1881 3226 2169 3280 negarent,
2213 3231 2305 3282 per
2362 3213 2566 3268 Filium
2617 3233 2770 3267 suam
2819 3216 3009 3266 habere
3058 3216 3450 3266 subsistentiam

196 3286 330 3340 dere
369 3302 400 3338 a
437 3287 599 3344 Filio.
630 3288 808 3355 primo
830 3287 931 3340 fuit
953 3304 980 3342 a
1008 3287 1351 3341 Nestorianis
1377 3287 1772 3353 introductum,

198 3389 258 3430 ut
284 3388 441 3446 patet
469 3378 525 3430 in
555 3379 795 3446 quodam
830 3380 1077 3454 Syttl‘DOIO
1121 3379 1570 3432 Nestorianorum
1615 3380 1774 3432 dam-

195 3483 329 3524 nato
389 3472 444 3523 in
483 3470 756 3538 Ephesina
790 3472 1022 3541 synodo.
1058 3473 1123 3526 Et
1155 3472 1302 3525 hunc
1337 3487 1582 3526 errorem
1617 3487 1773 3527 secu-

199 3574 286 3618 tus
319 3564 431 3617 fuit
470 3564 858 3618 Theodoretus
887 3565 1268 3630 Nestorianus,
1320 3575 1375 3619 et
1429 3567 1616 3635 plures
1655 3577 1776 3634 post

199 3659 412 3726 ipsum,
473 3659 620 3710 inter
677 3673 815 3724 quos
869 3659 974 3710 fuit
1032 3658 1402 3713 Damascenus
1451 3676 1463 3710 :
1513 3659 1658 3712 unde
1722 3661 1774 3712 in

201 3751 308 3804 hoc
358 3751 484 3820 ejus
537 3751 822 3804 sententia:
875 3766 984 3802 non
1041 3760 1124 3804 est
1185 3751 1465 3804 standum.
1517 3750 1777 3816 Quamvis

200 3857 231 3895 a
281 3841 621 3911 quibusdam
696 3841 963 3894 dicatur:
1013 3841 1158 3910 quod
1207 3841 1575 3895 Damasccnus
1633 3843 1776 3896 sicut

201 3951 312 3988 non
400 3933 698 3987 conﬁtetur
757 3931 1019 4000 Spiritum
1084 3943 1327 3985 sanctum
1403 3949 1509 3985 non
1573 3949 1682 3986 esse
1743 3952 1776 3987 α

203 4027 377 4092 Filia,
433 4031 506 4080 ita
557 4028 722 4079 etiam
774 4041 882 4080 non
935 4035 1093 4095 negat
1139 4042 1203 4078 ex
1245 4029 1293 4080 ei
1339 4027 1555 4082 illorum
1590 4031 1775 4083 uerbo-

202 4140 344 4174 rum.
392 4141 410 4172 ³

274 4217 463 4269 llinus
503 4231 696 4284 aequus
732 4215 785 4267 in
824 4216 1220 4270 Damascenum
1262 4219 1478 4272 videtur
1511 4218 1776 4288 Aquinas.

199 4307 625 4370 Animadverte,
653 4307 822 4359 vitam
856 4307 1114 4375 Aquinati
1143 4325 1209 4362 eo
1242 4321 1490 4378 tempore
1528 4311 1774 4369 ducenti.

198 4416 310 4468 quo
362 4399 632 4468 pleraque
685 4409 1003 4453 sanctorum
1061 4400 1280 4454 Patrum
1342 4405 1546 4471 scripta
1599 4404 1778 4458 adhuc

196 4493 477 4556 latebant,
526 4505 625 4544 nec
682 4491 889 4552 videre,
944 4507 1044 4545 nec
1093 4493 1414 4562 diligentius
1462 4495 1778 4563 expendere

1878 3303 2132 3373 Spiritum
2163 3318 2426 3358 sanetum.
2461 3307 2605 3358 Idem
2640 3316 2870 3359 censent
2914 3305 3298 3369 llellartuinus,
3339 3306 3450 3359 Leo

1877 3397 2131 3456 Allatius.
2157 3399 2486 3459 Garncrius.
2522 3399 2806 3452 Petavius.

1946 3489 2107 3556 Atqui
2146 3489 2350 3542 decreti
2384 3489 2550 3542 verba
2601 3489 2888 3542 damnatos
2942 3491 3186 3544 indicant
3225 3506 3447 3543 errores

1878 3582 1941 3632 dc
1976 3581 2237 3649 Uuigeuiti
2277 3579 2402 3633 Filii
2439 3580 2533 3633 Dei
2579 3581 2984 3641 lncarnatione,
3027 3600 3131 3634 non
3168 3583 3323 3635 alios.
3371 3583 3448 3636 Eo

1878 3673 2041 3723 etiam
2097 3682 2346 3740 tempore
2394 3673 2652 3739 vigebant
2697 3684 3005 3726 Commenta
3058 3675 3316 3726 Eunomii
3393 3685 3450 3727 et

1878 3763 2195 3829 Apollinarii
2229 3782 2242 3816 :
2276 3780 2512 3832 quorum
2562 3765 2663 3817 iste
2698 3766 2899 3833 gradus
2928 3767 2978 3817 in
3013 3765 3281 3820 Trtnitate
3337 3780 3448 3820 sta-

1882 3864 2060 3911 tuens.
2097 3853 2295 3908 Filium
2319 3859 2569 3910 minorem
2599 3855 2785 3915 Patre,
2818 3866 3002 3924 utpote
3030 3872 3092 3910 ev
3122 3857 3228 3909 isto
3256 3867 3449 3911 natum

1877 3944 2184 4004 eﬂ’uliebat,
2220 3954 2274 3996 et
2305 3942 2564 4011 Spiritum
2597 3954 2844 3995 sanctum
2888 3949 3138 3996 minorem
3170 3944 3322 4002 Filio.
3362 3958 3447 3998 tlt-

1881 4047 2001 4100 potc
2035 4049 2101 4087 ex
2135 4035 2238 4086 isto
2277 4043 2370 4087 aut
2403 4049 2500 4102 per
2534 4035 2694 4086 istum
2738 4045 3096 4102 procreatum,
3133 4047 3191 4089 ut
3228 4040 3448 4106 inquie-

1881 4122 1971 4176 bat
2013 4145 2024 4175 .
2068 4138 2130 4176 ac
2179 4124 2267 4177 ille
2303 4123 2558 4192 Spiritum
2597 4125 2872 4192 auferebat
2903 4142 2933 4176 a
2969 4128 3153 4189 Patre,
3202 4130 3448 4195 uniceque

1880 4215 2138 4266 tribuebat
2175 4213 2474 4284 Unigenito.
2521 4225 2635 4268 tum
2679 4216 2884 4281 ipsum,
2914 4231 3036 4268 eutn
3075 4217 3274 4270 Filium
3319 4223 3449 4289 reji-

1880 4307 2032 4360 ciens
2072 4307 2217 4359 inter
2246 4317 2558 4367 creaturas,
2603 4316 2740 4358 teste
2770 4305 2972 4358 Basilio
3005 4308 3146 4360 libro
3183 4325 3217 4362 ll
3248 4310 3447 4365 Contra

1885 4395 2226 4457 Eunomium,
2262 4411 2413 4448 num.
2455 4395 2543 4448 54.
2576 4395 2715 4448 Hinc
2771 4411 2897 4448 vero
2946 4396 3014 4449 de
3069 4401 3447 4467 propositione

1883 4487 1995 4548 illa,
2031 4487 2288 4555 Spiritum
2317 4496 2558 4539 sanctum
2589 4488 2781 4538 habere
2819 4502 2912 4554 per
2940 4486 3136 4541 Filium
3161 4491 3450 4543 subsisten-

197 4581 532 4636 Damasceui
588 4581 892 4634 testimonia
954 4583 1197 4646 licuisse,
1265 4585 1470 4652 quibus
1524 4603 1774 4638 emanare

1882 4581 2012 4630 tiam
2059 4586 2314 4644 negante,
2347 4578 2511 4631 silent
2551 4576 2812 4646 Ephesini
2865 4578 3099 4632 Patres:
3142 4581 3234 4648 qui
3279 4583 3448 4648 probe

197 4673 447 4741 Spiritus
485 4681 713 4724 sanctus
757 4671 962 4724 dicitur
998 4687 1092 4736 per
1141 4671 1367 4735 Filium,
1403 4683 1451 4724 et
1486 4689 1548 4725 ea:
1585 4673 1723 4727 Filio
1754 4691 1772 4728 :

194 4781 257 4819 ac
320 4763 491 4816 Pater
551 4764 836 4831 productor
878 4763 997 4831 ejus
1049 4779 1140 4831 per
1194 4760 1414 4826 Filium,
1480 4764 1770 4832 ipsumque

193 4873 405 4924 semper
434 4855 634 4907 habere
662 4871 717 4907 se
762 4855 902 4921 apud
941 4870 1015 4915 se,
1049 4871 1141 4922 per
1181 4852 1380 4908 Filium
1414 4873 1476 4909 ea:
1507 4872 1559 4908 se
1593 4874 1772 4925 procc-

197 4952 437 5001 dentem.
510 4946 645 4999 Tam
701 4946 995 5000 luculenta:
1056 4949 1343 5000 sententia-
1393 4951 1648 5017 nuspiam
1717 4950 1770 5003 in

196 5039 479 5108 Operibus
530 5036 755 5090 Thomas
799 5048 1110 5090 memorata:
1147 5038 1508 5091 inveniuntur
1543 5057 1557 5091 :
1595 5055 1772 5108 eoque

199 5127 466 5198 Opusculi
505 5137 695 5179 contra
731 5139 949 5179 errores
973 5124 1288 5179 Grtecorum
1333 5125 1387 5177 in
1419 5125 1619 5192 capite,
1680 5125 1771 5178 ubi

199 5229 570 5276 recensentur
612 5219 800 5272 Patres
834 5219 924 5285 qui
969 5216 1230 5283 Spiritum
1264 5225 1515 5270 sanctum
1585 5218 1772 5270 dixere

202 5331 231 5364 a
288 5311 459 5364 Patre
516 5309 796 5376 procedere
821 5324 912 5376 per
944 5307 1158 5368 Filium.
1189 5307 1500 5360 aﬂ'eruntur
1543 5307 1772 5376 Cyrillus

207 5400 646 5457 Alexandrinus,
736 5396 964 5449 Basilius
1022 5405 1081 5450 et
1140 5393 1424 5460 Gregorius
1482 5395 1770 5464 Nysscnus,

204 5491 550 5543 Damasceno
577 5486 970 5557 pretermisso.
1004 5484 1157 5538 Haud
1197 5487 1398 5538 mirum
1433 5485 1594 5538 fuerit
1617 5501 1769 5556 ergo,

206 5582 450 5646 ejusdem
497 5576 821 5631 Damasceni
851 5575 1181 5640 doctrinam,
1214 5591 1336 5645 qua;
1380 5577 1502 5629 aliis
1541 5577 1772 5644 quibus-

207 5677 326 5723 dam
380 5672 438 5722 in
499 5667 640 5720 locis
681 5667 862 5719 minus
890 5673 1148 5720 accurate
1201 5665 1340 5718 tradi
1393 5669 1630 5732 videtur,
1684 5683 1776 5721 su-

211 5771 449 5830 spectam
515 5758 688 5812 fuisse
747 5757 1029 5825 Aquinati.
1086 5757 1195 5812 Pro
1261 5772 1328 5812 eo
1387 5767 1606 5819 tamen,
1664 5774 1774 5826 quo

211 5854 448 5923 pollebat
498 5850 617 5919 ipse
665 5850 865 5920 ingenii
921 5851 1192 5917 acumine,
1247 5849 1406 5917 vidit,
1461 5849 1773 5906 admonuit-

1877 4681 2166 4731 noverant,
2197 4669 2458 4738 Symbolo
2485 4669 2648 4722 inseri
2685 4669 2926 4737 potuisse
2957 4669 3025 4722 ad
3059 4685 3278 4724 sensum
3313 4674 3443 4740 reji-

1875 4760 2129 4814 ciendum
2164 4760 2419 4814 Eunomii
2479 4771 2536 4816 et
2571 4762 2916 4830 Apollinarii.

1946 4850 2544 4920 Constantinopolitani
2580 4852 2788 4915 Patres,
2819 4855 3182 4920 quierroretn
3211 4856 3440 4925 impium

1877 4959 2021 4997 anno
2070 4945 2165 4996 581
2207 4943 2628 5008 damnaverant,
2665 4945 2840 4999 satius
2893 4947 3134 5000 habuere
3174 4947 3440 5015 Spiritum

1876 5043 2124 5088 sanctum
2163 5033 2396 5087 delinire
2426 5049 2488 5085 ea:
2538 5031 2698 5085 Patre
2745 5035 3156 5101 procedentem:
3191 5035 3440 5104 adeoque

1873 5139 2064 5176 verum
2121 5123 2290 5175 Deum
2341 5123 2573 5184 docere,
2624 5123 3086 5184 quemadmodum
3136 5123 3443 5178 docuerant

1876 5211 2079 5267 Niemni
2114 5215 2322 5274 Patres.
2353 5213 2551 5267 Filium
2587 5229 2708 5268 esse
2742 5228 2931 5267 verum
2978 5215 3148 5267 Deum
3195 5231 3258 5269 ac
3294 5215 3439 5268 Patri

1875 5303 2427 5363 consubstantialem.
2484 5314 2672 5371 utpote
2723 5314 2909 5356 natttm
2963 5305 3323 5374 genitumque
3373 5323 3438 5358 ex

1876 5395 2051 5450 Patre.
2087 5395 2201 5449 Non
2235 5395 2411 5449 solum
2441 5412 2506 5448 ea:
2536 5395 2701 5448 Patre
2730 5397 3120 5465 procedentem,
3165 5406 3224 5451 ut
3259 5397 3439 5464 Spiri-

1879 5495 1990 5538 tum
2020 5495 2270 5539 sanctum
2305 5487 2659 5540 ostenderent
2689 5503 2878 5542 verum
2919 5489 3114 5549 Deum.
3146 5489 3240 5541 sed
3269 5489 3437 5540 etiam

1877 5592 1938 5628 ea:
1971 5577 2106 5630 Filio
2146 5592 2209 5630 ac
2238 5592 2330 5643 per
2355 5576 2570 5640 Filium,
2608 5589 2703 5634 aut
2730 5595 2989 5649 expressa
3018 5579 3316 5640 locutione.
3344 5589 3442 5633 aut

1878 5665 2064 5719 verbis
2133 5665 2288 5734 112
2359 5667 2875 5735 atjuipollentibus,
2934 5670 3194 5724 Ecclesia:
3250 5670 3441 5723 Patres

1879 5758 2002 5812 data
2035 5760 2347 5821 occasione,
2377 5759 2648 5814 catholico
2678 5777 2840 5815 sensu
2897 5761 3057 5833 longe
3109 5764 3330 5817 diverso
3369 5766 3440 5818 ah

1880 5853 2222 5908 Eunomiano
2265 5861 2318 5906 et
2370 5852 2837 5922 Apollinaristico,
2890 5856 3158 5911 docebant
3205 5872 3218 5911 :
3272 5855 3438 5927 idque
