4198 6440
746 392 849 455 H9

1699 391 2027 452 GEORGII
2068 391 2315 454 CTPRII

2421 396 2471 456 P.
2518 397 3051 461 PATRIARCHE
3908 398 4002 461 1‘20

750 496 1028 553 hominum
1082 514 1183 551 non
1246 499 1298 551 in
1344 499 1542 552 incerto
1592 500 1895 569 reliquisse,
1954 499 2316 569 prolltebatur
2351 514 2390 569 Α
2420 506 2560 560 enim
2622 506 2881 577 Spiritum
2941 518 2989 561 et
3032 506 3125 559 Dei
3176 504 3491 574 appellarit,
3544 516 3589 558 et
3630 504 3843 559 Christi.
3893 506 4005 559 Non

745 590 1009 652 llilarius,
1047 590 1145 644 lib.
1195 604 1291 644 ml
1333 588 1407 643 De
1436 588 1713 647 Trinitatc.
1750 608 1903 654 num,
1941 590 2030 645 20.
2065 593 2313 648 Anathe-

746 683 1003 737 matismo
1052 698 1197 737 nono
1248 685 1395 738 inter
1448 686 1604 749 alios,
1639 700 1780 753 quos
1808 701 1874 739 ex
1920 686 2160 740 concilio
2189 687 2315 741 Ale-

742 774 1034 837 aandrino,
1069 790 1215 828 anne
1250 775 1376 836 ιδο,
1413 776 1479 829 ad
1516 776 1783 832 Joannem
1820 779 2046 832 miserat
2076 777 2314 848 Cyrillns

741 865 1171 929 Alexandrinus,
1193 866 1462 935 Spiritutn
1494 880 1749 922 sanetum
1780 869 2015 923 docebat
2039 870 2312 937 proprium

746 954 876 1009 Filii
916 972 1048 1011 esse.
1100 957 1286 1025 Carpit
1325 960 1437 1013 haec
1475 960 1641 1013 verba
1681 959 2069 1015 Theodoretus
2101 960 2156 1013 in
2206 959 2315 1014 Re-

745 1048 1116 1114 prehensione
1156 1048 1452 1104 duodecim
1488 1049 1680 1120 Cyriili
1732 1051 2172 1114 anathematum,
2215 1068 2312 1107 seu

741 1137 799 1188 in
828 1137 1074 1205 Epistola
1106 1138 1172 1191 ad
1201 1140 1467 1194 Joannem
1505 1142 1908 1195 Antiochenum
1945 1143 2267 1212 episcopum
2296 1162 2309 1197 :

747 1247 764 1277 ι
817 1226 1101 1295 Proprium
1134 1239 1310 1282 autem
1341 1228 1472 1282 Filii
1503 1228 1785 1299 Spiritum,
1817 1232 2093 1301 inquiens,
2120 1232 2167 1286 si
2192 1232 2316 1302 qui-

742 1320 867 1371 dem
900 1330 959 1371 ιιι
997 1321 1233 1389 ejusdem
1265 1338 1384 1373 cum
1432 1337 1492 1374 eo
1537 1327 1767 1380 naturis.
1798 1332 1851 1375 et
1889 1338 1950 1374 ea:
1988 1319 2151 1375 Patre
2186 1339 2312 1390 pra-

742 1413 1007 1465 redentem
1055 1412 1213 1475 dixit,
1261 1413 1424 1466 simul
1472 1414 1885 1477 conﬁtebimur,
1935 1424 1992 1467 et
2049 1424 2312 1482 tanquam

743 1504 890 1570 piam
928 1505 1293 1573 suscipiemus
1313 1522 1525 1560 vocem.
1550 1506 1605 1561 Si
1634 1522 1763 1560 vero
1790 1516 2047 1575 tanquam
2072 1524 2134 1561 ex
2159 1507 2313 1571 Filia,

741 1607 836 1651 aut
872 1614 967 1665 per
1007 1596 1210 1651 Filium
1256 1598 1634 1652 casistentiam
1675 1598 1893 1659 habeat.
1927 1598 2031 1651 hoc
2086 1609 2144 1652 ut
2202 1600 2317 1653 bla-

744 1692 1038 1757 sphemnm
1076 1699 1132 1744 et
1179 1690 1409 1759 impium
1449 1689 1785 1759 rejiciemus.
1830 1706 1847 1738 ι
1876 1689 2104 1743 Errasse
2136 1689 2315 1742 Theo-

743 1783 1023 1846 doretum,
1072 1780 1301 1835 adnotat
1351 1792 1579 1836 sanctus
1621 1782 1885 1848 Thomas,
1919 1797 1982 1838 ac
2017 1782 2116 1835 viri
2160 1782 2307 1836 docti

741 1876 1103 1929 consentiunt
1132 1890 1273 1943 quos
1303 1873 1676 1928 laudavimus.

812 1967 1227 2020 Theodoretnm
1267 1966 1611 2020 arbitrantur
1640 1967 1751 2031 alii,
1790 1981 1889 2035 pro
1919 1976 2055 2019 testu
2092 1983 2202 2035 quo
2238 1968 2317 2021 la-

742 2057 973 2111 borabat
993 2056 1260 2126 Cyrillum
1280 2058 1564 2124 carpendi.
1594 2056 1782 2127 Cyrilli
1802 2057 1963 2110 dictis
1984 2057 2315 2126 imposuisse

738 2149 1141 2204 Eunomianam
1193 2159 1249 2203 et
1297 2148 1789 2218 Apollinaristicum
1843 2165 2085 2203 sensum.
2130 2150 2317 2219 Neque

741 2244 924 2296 solum
991 2243 1161 2296 verba
1231 2242 1677 2295 anathematismi
1740 2242 2068 2305 rellicabat,
2132 2257 2314 2294 rerum

739 2339 909 2390 etiam
961 2337 1206 2405 ejusdem
1261 2336 1702 2390 anathemalismi
1755 2323 2229 2404 explanationem,
2261 2334 2312 2387 in

740 2428 951 2499 synodo
999 2427 1273 2496 presina
1314 2428 1722 2496 pronuntiatam
1768 2444 1780 2479 :
1832 2425 1946 2479 Etsi
1986 2427 2315 2496 unigenitum

746 2524 836 2574 llci
877 2521 1118 2586 Verbum,
1155 2520 1432 2590 inquiens,
1461 2522 1612 2573 homo
1652 2528 1847 2589 [actum
1880 2529 1975 2583 est,
2010 2522 2202 2572 mansit
2237 2528 2319 2571 ta-

740 2634 858 2671 nien
907 2616 1064 2683 Deus,
1102 2618 1279 2669 omnia
1324 2625 1516 2686 prieter
1552 2616 1722 2668 solam
1762 2617 2138 2683 paternitatcm
2196 2631 2315 2667 cum

744 2712 906 2764 Patre
935 2712 1233 2762 communia
1260 2710 1455 2762 habens
1481 2725 1497 2763 :
1538 2709 1900 2778 Spiritumque
1929 2719 2191 2771 sanctum,
2225 2707 2315 2775 qui

739 2820 803 2856 ex
826 2804 940 2873 ipso
978 2813 1074 2864 est,
1101 2804 1302 2870 ipsique
1334 2801 1689 2854 essentiulftcr
1722 2805 1877 2861 inest,
1913 2804 2184 2870 proprium
2222 2801 2315 2852 Ita-

743 2900 890 2950 tens.
947 2895 1071 2949 Ha'c
1117 2896 1167 2947 in
1210 2911 1270 2949 ea
1332 2894 1564 2947 docebat
1628 2894 2023 2969 Explanatione
2080 2892 2316 2963 Cyrillus

739 2997 936 3040 contra
991 2986 1353 3041 Orientalium
1403 2986 1621 3051 objecta
1668 3003 1681 3038 :
1736 2987 1940 3052 quibus
1994 2985 2312 3038 lizereticum

740 3093 967 3130 sensum
1008 3075 1302 3145 alliugebat
1332 3075 1721 3130 Theodorctus
1752 3076 1979 3129 nimium
2014 3076 2311 3129 subiratus.

744 3168 879 3221 Rem
932 3170 1004 3221 ita
1050 3185 1193 3231 esse,
1238 3185 1302 3224 ex
1341 3170 1461 3238 ipso
1495 3169 1846 3223 Theodoreto
1876 3168 2209 3221 addiscimus
2260 3171 2311 3221 in

742 3255 989 3328 Epistula
1014 3259 1079 3314 ad
1118 3263 1447 3314 monasteria
1476 3278 1488 3290 -
1521 3280 1537 3311 ι
1572 3257 1926 3328 Blasphemat
1958 3260 2310 3330 (inquientc),

741 3360 797 3403 et
845 3362 1095 3405 sanctum
1145 3352 1407 3421 Spiritum
1444 3369 1546 3404 non
1593 3369 1657 3404 ea:
1700 3350 1859 3406 Patre
1908 3353 2088 3418 ipsum
2124 3368 2314 3420 proce-

740 3444 875 3496 dere
923 3442 1117 3497 dicens
1170 3444 1473 3498 secundum
1532 3444 1745 3497 Domini
1807 3459 1995 3497 vocem
2043 3461 2055 3496 :
2101 3443 2193 3495 sed
2250 3459 2314 3495 ea:

746 3531 889 3585 Filio
919 3549 1047 3586 esse.
1089 3535 1194 3588 Isle
1246 3550 1380 3587 vero
1429 3534 1751 3603 Apollinarii
1792 3535 2064 3589 seminum
2099 3535 2314 3587 fructus

744 3635 830 3678 νει
878 3644 890 3677 :
938 3626 1269 3694 propinquat
1324 3640 1456 3679 vero
1520 3625 1818 3677 Macedonii
1880 3637 1956 3695 (et
2008 3625 2311 3691 Eunomii),

747 3716 995 3784 maligna:
1014 3716 1265 3770 cultum.
1294 3734 1310 3764 ι
1338 3714 1727 3767 Eunomianam
1753 3729 1885 3783 ergo
1911 3724 1964 3767 ct
1988 3713 2316 3781 Apollinari-

744 3809 932 3859 sticutn
987 3820 1208 3860 sensum
1246 3804 1456 3874 Cyrillo
1500 3803 1818 3873 imponebat
1868 3803 2256 3857 Tlteodoretus
2296 3822 2309 3856 :

748 3903 1039 3967 ipsumque
1099 3895 1203 3949 ltoc
1235 3896 1392 3949 titulo
1420 3896 1708 3957 refutabat,
1746 3910 1807 3947 ac
1837 3895 1881 3948 si
1907 3904 2155 3948 sanctqu
2191 3894 2315 3962 Spi-

749 3996 915 4044 ritum
948 4006 1011 4043 ea:
1055 3988 1198 4042 Filio
1236 4003 1348 4041 esse
1382 3987 1679 4046 docuiSset,
1712 4004 1815 4039 non
1842 3988 1997 4039 etiam
2025 4001 2088 4038 ex
2131 3984 2315 4043 Patre.

748 4082 999 4151 Iniquam
1052 4095 1342 4133 censuram
1394 4078 1554 4131 verba
1610 4077 1769 4130 allata
1823 4077 2057 4137 elidunt,
2111 4076 2315 4145 quibus

752 4173 894 4225 idem
928 4172 1005 4241 Sp
1031 4171 1169 4224 ritus
1220 4172 1396 4222 omnia
1427 4169 1630 4222 dicitur
1660 4176 1852 4237 prwter
1881 4168 2050 4221 solam
2075 4169 2314 4237 paterni-

753 4270 911 4313 tntrm
943 4277 1061 4313 cum
1108 4261 1270 4313 Patre
1298 4260 1594 4311 communia
1638 4259 1829 4311 habere
1864 4273 1882 4311 :
1910 4273 1974 4311 ac
2026 4257 2313 4311 innumera

752 4362 883 4404 sunt
928 4351 991 4405 'iu
1041 4350 1287 4419 ejusdem
1338 4348 1525 4417 Cyrilli
1562 4348 1825 4416 operibus
1876 4349 2187 4402 testimonia
2248 4348 2315 4403 de

751 4442 959 4507 Spiritu
996 4450 1184 4494 sancto
1211 4456 1239 4491 a
1275 4439 1434 4493 Patre
1463 4440 1813 4507 procedente.

2426 601 2589 668 quod,
2621 610 2677 653 ut
2707 600 2889 653 uolunt
2921 599 3157 654 heretici
3189 602 3523 657 exsecrandi.
3556 614 3619 651 ex
3670 597 3779 650 Deo
3812 596 4004 666 ραΡὶ-

2424 689 2556 745 lium
2586 702 2794 746 creatus
2819 693 2889 745 sit
2918 705 2937 743 :
2967 693 3059 745 sed
3087 692 3216 761 quia
3243 699 3319 743 est
3345 692 3579 760 ejusdem
3608 706 3727 741 cum
3762 688 3925 743 Patre
3957 698 4005 741 et

2424 779 2571 836 Filio
2611 785 2921 837 substantia
2958 800 2977 837 :
3008 799 3073 837 ea:
3113 782 3278 837 Patre
3322 784 3537 851 quidem
3568 783 3801 849 procedit
3843 781 4002 849 juxta

2422 874 2781 944 evangelicam
2808 876 3130 939 doctrinam,
3180 874 3297 937 ejus
3354 882 3535 925 autem
3579 874 3760 941 gratia
3814 874 3879 926 iis
3919 874 4005 939 qui

2422 965 2573 1035 digni
2600 979 2723 1020 sunt
2752 984 2845 1037 per
2869 947 3143 1021 Christum
3166 959 3563 1033 suppeditatur.
3598 965 3720 1031 Qu‘)
3751 966 3873 1019 loco
3905 964 4006 1017 tui-

2423 1075 2528 1115 nus
2590 1071 2845 1114 accurate
2887 1060 3254 1114 disserentem
3304 1057 3542 1113 fatemur
3592 1058 4001 1112 Theodoretum

2424 1164 2525 1219 pro
2571 1152 2839 1220 temporis
2874 1150 3216 1213 conditione,
3250 1163 3362 1217 quo
3391 1148 3461 1202 de
3508 1148 3754 1217 Spiritus
3782 1164 4000 1215 proces-

2422 1244 2580 1298 sione
2638 1259 2748 1297 non
2804 1244 3127 1313 agebatur:
3171 1256 3350 1310 eoque
3410 1244 3685 1308 praecipue
3758 1252 3998 1293 mentem

2424 1352 2578 1389 suam
2634 1336 2904 1389 direxisse
2955 1336 3114 1403 plane
3169 1343 3405 1394 constat,
3461 1344 3520 1385 ut
3561 1334 3828 1401 Spiritum
3876 1315 3999 1385 san.

2423 1439 2570 1481 ctum
2611 1436 2836 1495 negaret
2884 1443 2912 1479 a
2970 1424 3109 1478 Filio
3135 1426 3357 1493 factum.
3408 1434 3503 1475 aut
3533 1438 3631 1491 per
3671 1423 3869 1476 Filium
3908 1423 3995 1474 ha-

2424 1520 2555 1574 bere
2585 1521 2963 1572 exsistentiain
2995 1520 3146 1587 juxta
3180 1514 3576 1568 easecrandam
3608 1516 3858 1566 lueresim
3892 1515 3996 1567 liu-

2425 1612 2619 1673 nomii,
2677 1608 3003 1670 Macedonii,
3058 1606 3412 1675 Apollinarii.
3452 1603 3711 1672 Spiritum
3762 1613 4004 1657 sanctum

2423 1712 2730 1757 creaturam
2782 1712 3063 1762 creatura,
3093 1704 3187 1754 hoc
3236 1710 3310 1753 est
3348 1700 3412 1752 ab
3447 1701 3561 1767 ipso
3601 1698 3742 1751 Filio
3768 1707 4004 1750 creatum

2424 1796 2735 1856 volentium,
2770 1804 2831 1847 ut
2866 1794 2942 1847 ait
2988 1792 3351 1862 Augustinus,
3393 1790 3542 1844 libro
3594 1791 3669 1843 De
3695 1790 4000 1853 haresibus,

2350 1881 2389 1936 Β
2423 1883 2473 1937 in
2507 1886 2743 1938 Arianis.

2490 1977 2609 2030 Alia
2647 1978 2870 2031 demum
2900 1975 3236 2030 Theodoreti
3270 1975 3579 2030 afferuntur
3605 1974 3770 2028 verba
3810 1974 3864 2027 iu
3900 1972 4006 2025 Ex-

2419 2070 2691 2136 positione
2738 2070 2927 2137 primaa
2969 2067 3035 2121 ad
3070 2067 3387 2123 Corinthios
3414 2066 3693 2134 Epistolas.
3727 2069 3907 2134 capite
3941 2081 4001 2126 ιι,

2420 2161 2448 2226 ᾖ
2487 2158 2548 2210 l9
2577 2176 2591 2211 :
2629 2158 2725 2211 [lci
2759 2175 2948 2211 nomen
2979 2159 3032 2211 in
3068 2175 3253 2210 nomen
3288 2157 3465 2210 Patris
3491 2165 3786 2209 commutat
3812 2158 3880 2206 ad
3911 2172 4001 2207 e1—

2418 2250 2731 2302 cludendam
2785 2251 3167 2317 processionem
3212 2266 3243 2301 a
3296 2245 3434 2300 Fitio
3473 2264 3488 2299 :
3526 2249 3616 2299 sed
3664 2248 3791 2314 ipse,
3824 2248 3911 2313 qni
3969 2262 4001 2296 a

2419 2339 2585 2395 Patre
2618 2343 2870 2411 procedit,
2901 2340 3131 2411 Spiritus
3162 2342 3369 2394 occulta
3398 2341 3652 2409 mysteria
3682 2355 3773 2391 nos
3797 2340 3996 2391 docuit.

2420 2434 2545 2488 Haec
2588 2450 2695 2487 non
2737 2434 3010 2487 habentur
3034 2436 3200 2487 verba
3235 2434 3286 2486 in
3314 2433 3555 2486 editione
3587 2431 3858 2493 Garnerii,
3899 2431 3993 2483 ubi

2417 2524 2499 2578 sic
2534 2522 2770 2592 legimus
2820 2541 2832 2576 :
2874 2521 3109 2577 Ostendit
3162 2521 3417 2593 Spiritum
3460 2533 3704 2574 sanctum
3747 2538 3851 2574 non
3884 2537 3997 2574 esse

2419 2631 2595 2669 rerum
2632 2623 2941 2668 creatarum
2994 2624 3204 2686 portent
3242 2632 3259 2670 :
3288 2617 3380 2670 sed
3409 2632 3560 2668 suam
3597 2615 3789 2667 habere
3822 2630 3854 2666 a
3888 2613 3997 2667 Deo

2416 2709 2842 2761 substantiam...
2888 2706 2990 2762 Sed
3036 2710 3167 2777 ipse,
3198 2710 3288 2780 qui
3333 2726 3363 2761 a
3399 2709 3561 2763 Patre
3600 2708 3854 2773 procedit,
3882 2715 3991 2759 ete.

2417 2799 2830 2855 Theodoretum
2859 2814 2991 2870 ergo
3016 2811 3199 2867 aperte
3223 2800 3463 2869 Spiritus
3488 2816 3605 2867 prot
3623 2801 3894 2853 essioncta
3925 2798 3999 2851 ab

2420 2903 2653 2960 utroque
2690 2907 2941 2961 negasse,
2988 2892 3240 2945 nondum
3268 2902 3508 2945 constat.

2489 2984 2645 3038 llunc
2690 2984 2929 3050 denique
2989 2984 3272 3052 redarguit
3314 2983 3580 3049 Aquinas.
3618 2998 3679 3035 ac
3719 2982 3762 3034 si
3826 2981 3996 3035 verba

2417 3077 2663 3145 quaedam
2701 3076 2903 3146 Cyrillo
2937 3074 3228 3138 alliuxerit,
3286 3075 3453 3127 veluti
3489 3075 3557 3126 ab
3618 3074 3736 3141 ipso
3768 3075 3996 3141 seripta.

2419 3181 2541 3219 cum
2584 3167 2686 3218 alia
2735 3166 3018 3234 scripserit
3054 3167 3213 3234 longe
3255 3165 3496 3218 diversa.
3537 3164 3591 3218 ln
3649 3164 3892 3231 Epistula
3925 3162 3992 3214 ad

2419 3256 2685 3310 Joannem
2718 3256 3124 3309 Antiochenam
3166 3255 3549 3309 Theodoretus
3594 3253 3690 3316 ait,
3721 3268 3777 3306 se
3824 3251 3998 3321 perle-

2421 3349 2553 3417 gisse
2587 3346 2940 3416 zlfgyptiacas
2978 3348 3205 3409 litteras,
3258 3361 3285 3397 a
3330 3341 3551 3415 Cyrillo'
3577 3346 3729 3397 datas
3756 3362 3768 3395 :
3800 3344 3851 3393 iu
3885 3341 4000 3395 eis-

2420 3454 2525 3504 qne
2591 3438 2799 3490 dictum
2858 3438 3116 3500 inveniri,
3179 3438 3438 3506 Spiritum
3482 3446 3725 3489 sanctum
3779 3450 3882 3486 non
3932 3447 4001 3484 ea:

2421 3526 2577 3591 Filio,
2621 3540 2713 3580 aut
2747 3546 2839 3596 per
2874 3529 3069 3581 lilium
3093 3532 3411 3582 exstantium
3446 3529 3674 3589 habere;
3706 3527 3796 3578 sed
3824 3541 3853 3577 a
3885 3522 3996 3576 Pa-

2423 3632 2499 3673 tre
2534 3622 2834 3686 procedere,
2869 3622 3241 3689 propriumque
3272 3618 3398 3671 Filii
3438 3620 3564 3680 dici,
3620 3620 3743 3686 quia
3778 3616 4003 3669 consub-

2419 3710 2686 3764 stantialis
2723 3721 2818 3765 est.
2854 3710 2950 3765 His
3006 3713 3251 3781 ejusdem
3283 3710 3470 3781 Cyrilli
3516 3713 3568 3765 in
3630 3707 3869 3776 Epistula
3922 3706 3996 3759 ad

2419 3802 2683 3856 Joannem
2746 3820 2841 3871 per
2891 3803 3122 3857 Paulum
3169 3803 3377 3857 Emesa:
3428 3803 3749 3870 episcopum
3801 3800 3992 3860 missa.

2422 3898 2570 3964 paria
2608 3911 2716 3948 non
2768 3904 2917 3957 sunt,
2952 3912 3075 3965 qua:
3136 3896 3303 3949 verba
3366 3897 3621 3963 leguntur
3657 3910 3669 3945 :
3708 3892 3822 3946 Non
3853 3893 3996 3943 enim

2423 3988 2605 4043 Patres
2646 3991 2747 4057 ipsi
2798 3991 2956 4044 locuti
2989 4002 3110 4044 sunt
3143 3992 3347 4061 (inquit
3379 3991 3515 4059 Ille).
3553 3992 3645 4043 sed
3670 3992 3783 4057 ipse
3811 3987 3994 4055 Spiri-

2423 4092 2503 4132 tus
2541 4082 2654 4142 Dci,
2702 4092 2751 4133 et
2789 4080 2991 4135 Patris.
3032 4081 3135 4147 Qui
3181 4082 3414 4151 procedit
3454 4083 3665 4150 quidem
3716 4096 3779 4132 ex
3831 4081 3941 4146 ipso
3975 4093 3999 4132 :

2423 4187 2516 4223 nec
2546 4172 2607 4224 ob
2650 4173 2704 4224 id
2735 4185 2913 4225 tamen
2950 4175 3234 4227 secundum
3284 4177 3528 4227 essentia
3554 4174 3813 4224 rationem
3853 4172 3997 4223 alie-

2422 4280 2519 4316 nus
2559 4273 2635 4316 est
2670 4280 2699 4314 a
2739 4260 2900 4318 Filio.
2932 4263 3227 4318 Fatebatur
3251 4264 3511 4333 Cyrillns,
3542 4262 3839 4331 procedere
3864 4260 3994 4329 Spi-

2423 4354 2588 4406 ritum
2615 4370 2642 4407 a
2676 4354 2839 4409 Patre
2869 4371 2883 4407 :
2911 4354 3115 4409 diserte
3148 4369 3256 4407 non
3284 4354 3549 4423 expressit
3578 4351 3993 4420 processiouem

2421 4447 2539 4512 ejus
2572 4459 2600 4497 a
2631 4446 2765 4499 Filio
2796 4463 2809 4499 :
2842 4445 2937 4499 sed
2970 4446 3150 4515 ipsum
3184 4455 3363 4498 tamen
3402 4446 3692 4512 prolitetur
3727 4460 3831 4494 non
3860 4441 3995 4493 alic-

828 4533 973 4584 lntra
1009 4532 1215 4584 limites
1280 4530 1415 4583 istos
1467 4545 1572 4581 non
1620 4531 1836 4583 stetisse
1881 4528 2309 4589 Theodoretum.
2343 4557 2397 4619 υ
2424 4554 2550 4589 num
2584 4554 2615 4588 α
2656 4535 2815 4589 Filio.
2844 4535 2968 4590 Hae
3001 4536 3072 4590 ita
3110 4536 3381 4589 referebat
3415 4535 3814 4588 Theodoretus.
3847 4547 3909 4583 ac
3939 4531 3991 4583 si

751 4619 845 4672 sed
879 4617 1121 4687 Spiritus
1169 4617 1576 4685 proressioncm
1619 4634 1681 4670 ea:
1716 4618 1870 4678 Filio.
1928 4619 2042 4672 sive
2089 4635 2182 4685 per
2224 4616 2316 4671 Fi-

753 4713 883 4763 lium
924 4712 1152 4763 Olllltillo
1181 4726 1431 4777 negasse,
1476 4711 1578 4763 \‘iri
1617 4710 1759 4764 docti
1795 4712 2052 4780 colligere
2101 4713 2202 4765 sibi
2243 4714 2319 4765 ri-

752 4805 960 4859 dentur
990 4817 1055 4855 ex
1105 4802 1300 4855 eodem
1336 4801 1387 4852 in
1435 4801 1675 4869 Epistula
1710 4803 1775 4854 ad
1802 4802 2133 4856 monasteria
2166 4805 2318 4857 testi-

759 4896 968 4955 monio,
1002 4892 1146 4961 quod
1200 4894 1273 4946 ita
1325 4893 1376 4944 in
1414 4892 1693 4961 aliquibus
1739 4893 2022 4947 codicibus
2053 4896 2315 4963 scriptum

755 4986 997 5051 legitur:
1038 4979 1378 5047 Blasphemnt
1415 4993 1460 5033 et
1514 4983 1566 5033 in
1615 4981 1871 5050 Spiritum
1902 4993 2163 5046 sanctum,
2193 4984 2317 5035 dum

756 5093 855 5128 non
892 5091 953 5126 c.r
992 5072 1149 5125 Putre
1185 5073 1295 5123 solo
1328 5073 1474 5125 illum
1514 5077 1699 5126 asserit
1731 5076 2027 5139 procedere.
2062 5077 2163 5129 Sed
2220 5079 2316 5127 ista

753 5176 900 5217 mret
926 5166 1263 5226 exclusione,
1296 5165 1428 5225 solo,
1462 5167 1651 5218 eadem
1685 5169 1913 5235 epistola
1952 5186 1978 5218 u
2013 5168 2319 5235 1136"-

754 5258 912 5311 nerio
967 5257 1180 5325 vulgata
1214 5258 1264 5309 iu
1302 5251 1561 5310 Auctario
1595 5259 1659 5309 ad
1696 5260 1895 5311 librum
1950 5260 2317 5327 i‘pistolarum

753 5348 1107 5407 'l‘heodoreti,
1163 5357 1217 5399 ct
1276 5349 1520 5417 ejusdem
1550 5351 1914 5419 fragmentum
1964 5352 2212 5420 epistola:
2262 5352 2315 5406 in

757 5442 965 5509 synodo
1002 5457 1031 5491 ν
1065 5442 1408 5494 mettmcnica
1441 5443 1736 5498 collatione

823 5533 1025 5590 Contra
1077 5532 1241 5587 ﬁdem
1284 5534 1456 5603 ipsius
1514 5536 1842 5593 Theodoreti
1892 5540 2092 5609 Oppoui
2143 5540 2309 5592 etiam

755 5626 921 5679 verha
956 5625 1157 5688 solent,
1198 5630 1319 5695 qua
1359 5626 1634 5682 habentur
1690 5630 1746 5683 in
1788 5630 2141 5699 Expositione
2186 5632 2319 5700 Epi-

758 5718 911 5769 stolze
957 5716 1023 5770 ad
1084 5714 1378 5781 Romanos,
1414 5734 1536 5789 cap.
1566 5720 1620 5784 8,
1656 5737 1808 5775 num.
1847 5722 1904 5775 ll
1944 5738 1954 5774 :
1988 5721 2170 5775 Docuit
2231 5741 2321 5775 nos

757 5807 808 5859 in
869 5806 944 5858 liis
974 5804 1135 5859 verbis
1186 5820 1348 5860 unam
1403 5807 1693 5864 divinitatis
1748 5821 1996 5865 naturam
2030 5829 2045 5867 .'
2080 5824 2317 5866 sanctum

2419 4628 2679 4699 Cyrillus,
2717 4638 2775 4681 ut
2811 4628 2977 4681 iniret
3010 4628 3249 4696 denique
3299 4642 3513 4695 pacem,
3556 4624 3716 4695 ιιῆ,
3770 4632 4002 4691 negaret

2423 4721 2829 4789 processionem
2883 4717 3120 4787 Spiritus
3153 4735 3217 4770 ex
3277 4718 3410 4769 Filio
3460 4727 3554 4770 aut
3598 4732 3690 4783 per
3749 4714 3938 4767 Filium
3977 4729 4000 4765 :

2421 4812 2566 4879 quod
2605 4810 2845 4877 intelligo
2869 4811 3026 4879 juata
3058 4809 3341 4871 delirium,
3372 4807 3518 4876 quod
3551 4808 3653 4876 ipsi
3683 4804 3994 4862 al'ﬁnxerat.

2422 4903 2491 4955 ab
2516 4901 2809 4960 Eunomio.
2843 4913 2899 4954 et
2928 4901 3265 4960 Naceilouio.
3298 4910 3355 4952 et
3385 4898 3730 4963 Apollinario
3764 4896 3995 4965 excogi-

2424 5004 2617 5047 tatum.
2652 4992 2802 5046 llanc
2839 4993 2984 5045 inter
3009 5007 3105 5045 eos
3134 5008 3296 5045 unam
3351 4996 3606 5059 agitatam
3645 4990 3815 5042 luisse
3855 5003 3959 5041 con

2424 5084 2775 5145 troversiam,
2808 5099 2913 5136 non
2969 5084 3155 5145 aliam,
3189 5085 3647 5136 verisimilliinnm
3704 5093 3809 5134 est.
3868 5079 3995 5144 Quo

2424 5174 2780 5229 nihilominus
2812 5174 3069 5227 ltatl‘etico
3134 5191 3318 5233 sensu.
3350 5189 3514 5241 quem
3548 5190 3706 5226 \‘OCCS
3766 5188 3858 5239 per
3890 5169 3989 5222 Fi-

2425 5269 2552 5321 lium
2576 5266 2816 5335 objieere
2856 5266 3024 5319 menti
3060 5276 3326 5333 poterant.
3363 5283 3467 5318 nou
3504 5268 3771 5323 obstante.
3811 5278 3996 5329 neque

2423 5360 2669 5411 obstante
2700 5357 2842 5410 iacta
2872 5355 3076 5425 Cyrillo
3128 5358 3555 5424 reprehensione
3599 5372 3695 5423 per
3730 5354 3993 5408 Theodo-

2423 5460 2625 5508 rctutn,
2677 5445 2942 5514 Spiritum
2974 5456 3226 5499 sanctum
3262 5445 3509 5499 conﬁteri
3541 5444 3711 5499 Graeci
3749 5446 3995 5500 maxime

2423 5537 2612 5592 Patres
2634 5547 3017 5605 perrexerunt,
3039 5552 3103 5589 ea:
3127 5535 3288 5590 Patre
3318 5540 3593 5605 procedere
3623 5554 3717 5604 per
3746 5535 3935 5589 filium
3968 5550 3993 5589 :

2424 5627 2884 5697 quemadmodum
2911 5629 3079 5683 etiam
3104 5628 3284 5683 Latini
3318 5646 3379 5681 ex
3418 5630 3575 5682 Patre
3615 5631 3815 5697 ipsum.
3843 5642 3889 5681 et
3924 5645 3996 5682 ca:

2428 5720 2570 5774 Filio
2599 5725 2962 5789 procedentem
2998 5720 3289 5775 docebant.
3329 5724 3526 5777 Vocem
3566 5740 3655 5789 per
3685 5724 3995 5777 adhibueris

2426 5812 2619 5877 Grmci,
2658 5823 2716 5866 ut
2742 5812 3014 5881 spitatirte
3044 5812 3263 5868 virtutis
3292 5814 3493 5881 unitas,
3524 5830 3643 5883 qua:
3674 5814 3815 5868 l‘atri
3846 5815 4003 5867 iusst
