4198 6440
175 408 268 472 1‘21

1338 419 1530 479 VITA.
1579 442 1644 454 --
1686 418 2198 478 DISSERTATIO
2244 418 2269 477 ῐ

3340 421 3447 485 Ῑῖξῖ

170 540 198 577 a
231 540 311 580 se.
343 534 405 576 et
432 523 576 576 Filio
610 526 1010 579 communicata
1042 541 1068 577 a
1102 525 1281 589 Patre,
1310 527 1554 593 adeoque
1583 533 1762 583 unitas
1795 539 1830 593 Α
1865 530 2017 591 solo;
2063 532 2107 583 si
2163 528 2230 583 ab
2269 529 2360 581 illo
2420 544 2523 581 non
2559 530 2830 596 acciperet
2883 528 3071 595 Filius,
3116 539 3172 583 ut
3224 533 3292 584 ali
3342 536 3433 587 illo

171 615 436 682 principii
472 626 573 669 aut
604 630 802 680 causa,
837 619 1067 670 maxime
1126 619 1515 673 innotesceret.’
1551 619 1608 671 In
1655 636 1755 673 usu

170 709 592 773 prepositionis
620 724 683 760 ea
710 708 887 761 Latini
915 718 1208 772 steterunt,
1243 726 1339 778 pro
1369 721 1521 765 certo
1553 712 1757 765 haben-

168 808 252 850 tes
290 817 302 850 :
343 800 502 866 quod
534 802 678 853 sicut
703 800 866 854 Pater
900 812 950 854 et
982 800 1146 856 Filius
1168 819 1302 857 unus
1330 815 1406 857 est
1438 803 1593 861 Deus.
1615 815 1662 857 et
1688 810 1757 857 ad

168 897 485 941 creaturam
522 891 743 943 relative
797 908 932 945 unus
962 902 1193 951 creator.
1233 904 1280 947 et
1308 911 1445 948 unus
1482 895 1754 960 Dominus,

170 983 249 1041 (ut
280 981 363 1031 ait
403 979 771 1048 Augustinus.
802 981 943 1035 libro
970 998 1002 1035 ν
1066 984 1138 1038 De
1167 982 1448 1046 Triuitate.
1477 1000 1598 1053 cap.
1646 987 1755 1049 Η.)

166 1071 239 1121 sic
274 1071 507 1124 relative
543 1073 612 1123 ad
648 1071 904 1138 Spiritum
931 1084 1173 1128 sanctum
1201 1089 1364 1129 unum
1399 1078 1757 1146 principium:

166 1166 238 1211 ad
271 1174 598 1215 creaturam
655 1180 775 1218 vero
836 1164 1020 1227 Pater,
1062 1176 1113 1218 et
1154 1162 1351 1231 Filius,
1422 1177 1469 1219 et
1530 1167 1757 1235 Spiritus

165 1270 333 1305 unum
369 1256 722 1324 principium,
754 1256 890 1310 sicut
925 1274 1062 1313 unus
1099 1257 1345 1325 Creator,
1388 1269 1437 1313 et
1468 1277 1605 1314 unus
1656 1260 1756 1314 Do-

167 1362 365 1399 ιιιιηιε.

238 1436 375 1490 VIII.
423 1436 622 1503 Operae
662 1438 1012 1507 dispendium
1044 1455 1152 1493 non
1196 1440 1385 1505 fuerit,
1422 1442 1748 1495 catholicam

167 1528 443 1596 integrann
475 1529 815 1595 doctrinam,
851 1547 1013 1600 quam
1044 1532 1307 1586 tributam
1328 1535 1381 1585 in
1404 1542 1584 1600 partes
1618 1534 1746 1588 hnc-

168 1627 328 1671 tenus
373 1621 824 1687 explanavimus,
883 1624 1212 1691 compendio
1256 1624 1417 1678 simul
1461 1626 1748 1678 collectam

166 1721 458 1779 postremo
495 1713 624 1765 loco
675 1714 958 1767 exhibere.
1000 1714 1060 1769 ιη
1095 1716 1252 1768 lucro
1283 1715 1467 1781 fuerit,
1495 1715 1540 1769 si
1596 1731 1750 1767 sum-

167 1819 309 1855 mam
372 1808 524 1859 hanc
568 1805 801 1876 objectis
854 1806 925 1860 iis
998 1808 1478 1863 accommodemus
1549 1808 1753 1874 quibus

1862 636 2081 690 quoque
2108 620 2430 688 procederet
2460 620 2699 687 Spiritus
2724 631 2971 674 sanctus.

1934 714 2009 775 (ὁ)
2046 712 2103 765 Si
2159 713 2400 781 producit
2466 712 2723 780 Spiritum
2788 711 2967 771 Pater,
3027 715 3267 782 producit
3314 734 3433 769 vero

1859 804 2008 857 illum
2054 813 2102 856 et
2156 804 2364 869 Filius;
2411 806 2509 857 erit
2546 809 2705 859 Pater
2751 815 2799 858 et
2840 811 3113 875 contiguus
3150 813 3436 879 productor

1859 896 2104 966 Spiritus.
2144 907 2191 949 et
2222 898 2539 966 longinquus
2572 909 2782 967 prapter
2837 899 2982 953 illius
3024 918 3086 954 e1:
3134 902 3277 956 Filio
3313 922 3437 973 pro-

1859 990 2176 1040 ductionem.
2217 1007 2234 1039 t
2272 993 2350 1042 Αη
2385 990 2437 1042 in
2475 992 2599 1044 aliis
2631 1006 2874 1058 quoque,
2899 1009 3019 1060 quzu
3053 1002 3141 1045 tua
3190 996 3431 1049 Ecrlcsia

1860 1078 2033 1145 palam
2058 1080 2385 1131 confitetur?
2418 1080 2548 1134 Nam
2593 1081 2638 1135 si
2676 1082 2957 1147 contiguas
3017 1094 3069 1136 et
3108 1084 3434 1152 longinquas

1858 1171 2251 1239 productiones
2300 1172 2587 1239 conﬁnglt,
2632 1178 2759 1240 quia
2798 1173 3026 1225 Latinus
3066 1175 3219 1238 dicit,
3255 1175 3432 1243 Spiri-

1860 1272 1974 1313 tum
2010 1278 2073 1315 ει
2114 1263 2273 1317 Patre
2308 1273 2363 1317 et
2401 1264 2538 1318 Filio
2578 1264 2807 1333 produci
2845 1282 2857 1317 :
2898 1266 3002 1332 iam
3046 1267 3141 1317 tilii
3188 1281 3433 1319 commo-

1859 1353 1986 1404 dum
2024 1355 2209 1416 fuerit,
2245 1364 2298 1407 et
2340 1356 2652 1423 contiguas,
2699 1366 2751 1409 et
2790 1356 3118 1425 longinquas
3170 1358 3435 1425 profusio-

1856 1462 1966 1508 nes,
1989 1448 2316 1505 emissiones,
2343 1456 2389 1497 et
2417 1448 2868 1514 suppeditationes
2892 1450 3259 1510 comminisci,
3287 1450 3434 1518 quod

1856 1537 1959 1589 ista
1992 1538 2172 1590 omnia
2201 1554 2263 1591 ex
2299 1539 2482 1600 Patre,
2530 1550 2579 1591 et
2616 1540 2751 1592 Filio
2787 1551 3125 1594 asserantur.
3172 1560 3189 1592 ι
3219 1542 3274 1595 lu
3312 1558 3436 1612 pro-

1857 1627 2106 1680 cessione
2146 1628 2386 1696 Spiritus
2413 1631 2590 1684 sancti
2623 1631 2691 1684 ab
2727 1644 2987 1699 utroque,
3019 1633 3167 1685 nulla
3205 1645 3287 1687 cst
3323 1634 3434 1686 vir-

1858 1722 1989 1772 tutis
2014 1720 2295 1777 mcdiatio.
2330 1723 2425 1776 sed
2468 1724 2904 1789 suppOsitornm.

1928 1811 2004 1877 (Si)
2041 1808 2098 1863 Si
2126 1828 2191 1863 ex
2223 1811 2381 1863 Patre
2417 1816 2680 1880 processio
2715 1813 2948 1881 Spiritus
2994 1819 3167 1869 sancti
3201 1818 3431 1886 perfecta

168 1896 460 1949 \ictoriam
513 1897 690 1951 altera
726 1896 924 1953 seculi.
953 1901 1079 1961 noni
1117 1910 1274 1969 parte
1307 1911 1498 1953 contra
1531 1900 1751 1953 Latinos
1786 1899 1823 1951 Β
1854 1913 1971 1956 est:
2002 1920 2395 1971 supervacanea
2432 1907 2595 1972 igitur
2625 1922 2689 1959 ea:
2741 1906 2908 1958 Filio.
2961 1927 2978 1957 ι
3021 1907 3162 1969 Quid
3200 1925 3430 1977 respon-

165 1989 332 2041 nimia
391 1988 743 2057 praefidemia
796 1992 901 2045 sibi
964 1992 1193 2046 Photius
1250 1994 1634 2062 pollicebatur.
1697 1992 1748 2045 Id

160 2095 290 2133 vero
320 2096 456 2135 cum
487 2083 669 2150 egerit
697 2084 1134 2139 luculentissime
1172 2085 1411 2140 Joannes
1437 2086 1644 2141 Bcccus
1696 2088 1750 2141 in

164 2172 419 2226 oratione
475 2179 551 2226 de
588 2175 789 2229 unione
825 2175 1219 2243 Ecclesiarutn,
1248 2194 1277 2231 a
1323 2194 1472 2231 ιιιιιιι.
1509 2180 1598 2244 56,
1635 2182 1754 2250 ejus

162 2266 331 2319 verba
398 2266 882 2339 refutationesque
938 2270 1112 2324 satius
1195 2271 1363 2325 fuerit
1415 2274 1749 2328 exscribere.

165 2358 212 2411 ιιι
256 2362 321 2428 (ι)
368 2361 613 2429 opponit
651 2362 741 2414 ille
801 2362 853 2414 in
891 2364 1122 2429 cpistola
1159 2364 1212 2425 2,
1272 2366 1323 2417 iu
1364 2366 1604 2419 editione
1655 2368 1747 2420 ιιι-

164 2451 355 2504 citazdi
398 2451 728 2505 Nontacutii
761 2450 851 2505 :Si
883 2452 1106 2520 simplex
1139 2451 1370 2522 Spiritus
1402 2468 1497 2517 est,
1533 2472 1594 2508 ex
1647 2455 1751 2509 Pa-

165 2554 239 2598 tre
268 2562 393 2598 sero
429 2557 480 2597 et
533 2542 679 2598 Filio
714 2548 984 2613 preredit;
1029 2549 1243 2601 omnino
1300 2550 1353 2601 lti
1389 2566 1494 2601 una
1530 2565 1751 2616 persona

165 2639 589 2705 reputabuntur,
618 2640 841 2702 indeque
867 2642 1157 2693 contractio
1184 2642 1517 2702 Sobelliano.
1552 2652 1644 2695 aut
1662 2659 1754 2709 po-

169 2736 264 2785 tius
319 2731 829 2785 Semi-Sabelliana
864 2734 1248 2788 iutroducetur.
1282 2752 1302 2786 t
1338 2734 1556 2788 Scimus
1603 2752 1753 2788 como

175 2827 319 2877 muni
354 2826 642 2879 sententia
676 2836 877 2880 nostra:
910 2826 1196 2888 Ecclesia,
1227 2826 1467 2895 (reponit
1500 2827 1748 2891 Bet'cusl,

173 2917 277 2970 dici
317 2916 604 2984 Spiritum
632 2932 699 2969 ex
729 2917 890 2971 Patre
926 2927 979 2970 et
1011 2916 1148 2970 Filio
1186 2920 1453 2987 progredi,
1480 2918 1751 2986 profundi,

172 3011 451 3067 prouenire
476 3024 497 3061 :
532 3020 587 3063 et
619 3010 766 3063 illius
795 3010 1205 3079 simplicitatem
1253 3013 1593 3074 conservari,
1628 3013 1751 3065 nul-

170 3101 395 3170 iamque
435 3100 570 3154 inde
611 3101 791 3155 Patris
839 3112 893 3155 et
948 3098 1071 3154 Filii
1129 3103 1564 3156 contractionem
1622 3102 1755 3155 insi-

170 3194 353 3248 nuari.
418 3196 626 3262 Aperta
689 3195 805 3246 haec
861 3204 947 3246 est
994 3194 1413 3257 demonstratio,
1446 3197 1589 3263 quod
1654 3196 1748 3247 tibi

169 3282 476 3338 absurdum
517 3282 735 3335 videtur
770 3297 879 3334 non
911 3280 1089 3350 sequi,
1127 3281 1171 3333 si
1209 3297 1273 3333 ea:
1326 3281 1492 3334 Patre
1523 3290 1571 3332 et
1621 3279 1754 3333 Filio

173 3373 408 3427 Romani
458 3372 742 3439 procedere
777 3371 1014 3427 tradant.
1062 3389 1079 3422 ι
1115 3370 1294 3435 Pater,
1334 3379 1391 3424 et
1441 3369 1634 3433 Filius,
1675 3378 1755 3422 ta-

172 3465 332 3517 metsi
395 3463 525 3516 duae
558 3477 827 3533 persona,
878 3477 983 3515 una
1050 3464 1335 3531 potiuntur
1383 3462 1588 3515 virtute
1645 3462 1755 3528 spi-

175 3556 375 3609 randi:
407 3555 557 3607 unde
590 3569 758 3607 unum
809 3563 937 3607 sunt
988 3553 1225 3623 Spiritus
1259 3554 1432 3608 sancti
1463 3554 1756 3619 simplicis-

170 3650 295 3701 slmi
336 3647 705 3714 principium.
732 3646 852 3709 Quo
881 3648 1049 3700 etiam
1082 3647 1245 3701 modo
1274 3646 1454 3707 Pater,
1486 3658 1541 3701 et
1564 3646 1754 3707 Filius,

171 3754 225 3796 et
252 3739 506 3811 Spiritus
537 3754 765 3796 sanctus
789 3758 956 3795 unum
989 3749 1117 3793 sunt
1148 3739 1415 3808 cujusque
1436 3738 1666 3793 eﬂectus
1688 3738 1754 3791 ad

173 3847 331 3888 extra
386 3834 729 3903 principium
778 3833 849 3886 ob
881 3832 1145 3885 unitatem
1182 3832 1399 3884 virtutis
1441 3838 1497 3883 et
1562 3838 1755 3898 poten-

175 3930 283 3977 tne.

244 4016 325 4084 (2)
372 4013 434 4066 Si
461 4028 529 4064 ex
566 4010 749 4076 Patre,
779 4021 827 4064 et
876 4012 1017 4065 Filio
1053 4012 1282 4080 procedit
1339 4010 1577 4080 Spiritus
1629 4025 1757 4061 san-

173 4120 286 4161 ctus
319 4126 336 4161 :
375 4108 574 4173 duplex
608 4108 819 4157 oumiuo
845 4107 969 4165 erit,
999 4114 1047 4156 et
1074 4106 1411 4171 compositus.
1447 4122 1465 4153 ι
1502 4102 1641 4168 Quid
1672 4103 1759 4155 hic

175 4203 274 4261 ais,
317 4201 393 4252 mi
432 4196 707 4251 lmmo?...
765 4195 989 4249 Etiamsi
1026 4194 1182 4263 115
1216 4195 1305 4249 ille
1348 4194 1649 4257 cx.Patre,
1704 4203 1759 4245 ct

178 4292 317 4345 Filio
380 4294 619 4344 exsistat
669 4289 1017 4349 naturaliter,
1064 4296 1119 4339 et
1170 4286 1556 4349 essentialiter,
1599 4296 1655 4338 et
1704 4286 1755 4338 in

180 4381 512 4451 Iiyposiasi,
576 4381 855 4448 propriam
925 4391 1105 4432 tamen
1166 4379 1577 4447 simplicitatem
1649 4391 1793 4427 non

177 4472 403 4534 abittit.
443 4491 462 4521 ›
500 4470 594 4523 Est
635 4472 781 4523 enim
810 4470 1174 4523 essemialiter
1198 4470 1424 4536 simplex
1458 4487 1470 4521 :
1508 4484 1571 4523 ac
1619 4484 1757 4535 pra:-

1856 1994 2012 2048 dehis
2044 1996 2539 2065 interrogantibus.
2575 1997 2621 2050 si
2656 2013 2721 2050 es
2784 1998 2943 2051 Patre
2980 1998 3225 2064 Spiritus
3258 2000 3432 2054 sancti

1853 2086 2208 2154 supprditatio
2240 2088 2479 2154 perfecta
2517 2098 2636 2152 est;
2689 2086 3098 2156 supervacanea
3129 2090 3296 2159 igitur
3327 2091 3433 2143 crit

1854 2191 1916 2228 cx
1954 2176 2108 2229 Filio.
2144 2178 2527 2231 Verumtamen
2568 2190 2622 2232 et
2667 2181 2967 2247 perfectam
3012 2196 3133 2235 esse
3167 2197 3233 2235 ex
3268 2182 3429 2236 Patre

1856 2266 2089 2333 Spiritus
2114 2270 2283 2321 sancti
2311 2272 2835 2336 suppeditationem,
2860 2282 2915 2324 et
2939 2272 3297 2325 nihilominus
3322 2288 3427 2324 non

1855 2374 2315 2425 supervacaneam
2377 2376 2443 2413 ex
2498 2360 2678 2425 Filio,
2751 2374 2974 2431 propter
3032 2365 3428 2432 perfectionem

1854 2466 2014 2517 quam
2051 2466 2113 2503 ex
2152 2452 2309 2505 Patre
2356 2453 2541 2515 habet,
2575 2455 2947 2508 indubitatum
2988 2466 3090 2509 est.
3126 2478 3142 2507 ι
3177 2458 3427 2512 Perfecta

1853 2550 1955 2605 est,
2011 2551 2066 2594 et
2122 2544 2525 2608 perfectissima
2570 2545 2847 2613 processio
2903 2545 3144 2613 Spiritus
3191 2550 3364 2600 sancti
3398 2563 3429 2601 a

1855 2632 2015 2686 Patre
2056 2652 2068 2686 :
2103 2635 2194 2686 Sed
2230 2650 2401 2701 usque
2440 2636 2576 2688 adeo
2627 2637 2752 2689 inde
2787 2653 2892 2689 non
2937 2638 3297 2706 abjndiranda
3344 2650 3428 2692 est

1853 2733 1907 2775 et
1936 2724 2219 2790 processio
2274 2726 2525 2793 ejusdem
2563 2742 2589 2779 a
2630 2727 2790 2790 Filio,
2823 2738 2880 2778 ut
2925 2729 3049 2780 inde
3090 2732 3268 2794 potius
3298 2744 3428 2782 cor.-

1856 2812 2128 2866 Iitmetur.
2178 2815 2310 2867 Nam
2346 2832 2410 2868 ex
2460 2816 2785 2885 Scripturis,
2814 2829 2869 2871 et
2896 2835 2961 2871 ex
3016 2820 3223 2873 Graecis
3252 2821 3428 2873 Patri-

1855 2904 1977 2962 bus.
2018 2906 2199 2958 omnia
2236 2906 2415 2960 Patris
2473 2910 2788 2962 communia
2849 2910 2992 2964 Filio
3044 2924 3194 2973 sunt.
3229 2924 3429 2981 praeter

1857 2996 2197 3063 privilegium
2234 3000 2482 3068 iugeniti,
2517 3010 2571 3054 et
2625 3004 2923 3069 generandi
2980 3003 3128 3057 Filii.
3171 3006 3237 3056 At
3299 3020 3428 3072 pro-

1854 3083 2305 3158 cessio‘Spiritus
2362 3094 2537 3145 sancti
2598 3104 2654 3146 et
2689 3094 2758 3147 ab
2784 3096 3028 3161 ingenito
3075 3093 3278 3155 diIl‘ert.
3311 3110 3365 3149 et
3399 3112 3426 3149 a

1858 3180 1981 3234 Filii
2023 3186 2399 3250 generatione.
2445 3184 2583 3238 Filio
2636 3202 2767 3250 ergo
2809 3186 3114 3239 communis
3168 3202 3289 3240 esse
3335 3187 3435 3261 de-p

1861 3271 1997 3325 buit.
2050 3272 2247 3327 Annon
2280 3283 2432 3327 esset
2485 3276 2725 3342 perfecta
2764 3280 2971 3329 creatio
3022 3277 3195 3335 orbis,
3233 3293 3355 3343 qme
3398 3292 3425 3329 a

1858 3362 2018 3417 Patre
2049 3365 2168 3417 solo
2196 3365 2682 3433 proficisceretur?
2716 3367 2892 3421 Eccur
2914 3382 3048 3436 ergo
3084 3369 3345 3421 tribuitur
3376 3381 3429 3420 et

1858 3455 1899 3507 Ρ
1926 3457 2018 3518 lio,
2054 3466 2106 3510 et
2134 3456 2361 3522 Spiritui
2394 3458 2623 3510 sancto?
2654 3458 2861 3520 Nempe
2896 3459 3204 3511 communis
3252 3461 3431 3511 tribus

1858 3548 2060 3600 divinis
2086 3549 2473 3615 liypostasibus
2500 3560 2627 3601 sunt
2664 3552 2847 3602 omnia
2896 3562 3095 3618 praeter
3131 3550 3430 3616 paternita-

1860 3650 1992 3698 tem.
2018 3650 2071 3692 et
2116 3641 2433 3692 ﬁlintioncm
2463 3656 2567 3707 qua
2619 3657 2645 3691 a
2682 3642 2839 3694 Patre
2885 3655 2968 3696 cst
3002 3644 3190 3695 Filius.
3224 3650 3274 3694 et
3314 3658 3431 3703 gero-

1859 3729 2161 3781 ccssionvm
2203 3729 2361 3797 116
2390 3746 2495 3795 qua
2546 3731 2786 3798 Spiritus
2816 3742 3039 3783 sanctus
3068 3747 3097 3783 a
3135 3732 3290 3784 Pntu-
3324 3743 3425 3793 cst,

1858 3832 1912 3874 et
1940 3837 1967 3873 a
2004 3819 2137 3874 Filio
2167 3838 2180 3883 ;
2218 3824 2310 3888 qui
2342 3836 2652 3873 communia
2687 3819 2868 3873 omnia
2913 3837 3035 3874 cum
3076 3822 3231 3874 Patre
3265 3822 3428 3873 habet

1860 3922 2056 3982 preter
2088 3914 2500 3977 paternitatetn.

1933 4007 2006 4072 (6)
2031 4004 2087 4059 Si
2108 4006 2347 4074 producit
2375 4007 2581 4075 quidem
2602 4017 2649 4059 et
2681 4006 2876 4063 Filius.
2906 4008 3136 4075 Spiritus
3160 4025 3281 4060 vero
3307 4025 3429 4075 pro—

1860 4100 2102 4150 ductione
2142 4099 2425 4160 oiduatur;
2480 4100 2733 4151 tenuioris
2772 4109 2904 4152 esset
2936 4099 3228 4167 facultatis,
3268 4117 3428 4168 quem

1865 4187 2051 4240 Filius,
2094 4208 2111 4239 ι
2143 4188 2245 4244 Sed
2278 4204 2455 4255 neque
2484 4190 2728 4255 Spiritus
2764 4192 2950 4254 mittit,
2980 4206 3042 4242 ac
3067 4190 3299 4243 eIl'undit
3336 4202 3430 4241 aut

1862 4284 2123 4350 si-ipsnm,
2148 4292 2239 4334 aut
2259 4283 2423 4335 alium
2452 4283 2740 4350 Spiritum,
2764 4284 3224 4351 quemadmodum
3256 4282 3428 4349 Spiri-

1864 4385 1975 4425 tum
2005 4376 2219 4426 mittcre
2261 4390 2324 4427 ac
2354 4372 2637 4427 effundere
2678 4375 2884 4427 dicitur
2912 4375 3102 4427 Filius.
3136 4373 3255 4426 Erit
3295 4388 3426 4441 ergo

1864 4470 1952 4519 ille
1981 4478 2269 4534 propterea
2306 4467 2575 4519 tenuioris
2606 4467 2904 4528 facultatis,
2933 4482 2997 4519 ac
3025 4467 3228 4519 Filius?
3252 4484 3269 4516 ι
3311 4464 3428 4518 Uno

181 4579 326 4618 terea
363 4581 427 4615 cs
462 4562 683 4614 duabus
716 4561 982 4629 personis.
1012 4576 1131 4628 quae
1158 4562 1378 4614 nonnisi
1410 4575 1578 4612 unum
1605 4562 1756 4627 prin—
1792 4574 1833 4625 [ι
1865 4560 2048 4620 verbo,
2098 4567 2206 4610 tota
2268 4559 2451 4609 divina
2503 4558 2809 4610 fecunditas
2855 4558 2918 4609 ad
2973 4559 3112 4609 intra
3160 4556 3427 4623 quodam-

177 4678 203 4709 ι-
232 4662 385 4726 pium
416 4665 576 4715 sunt,
611 4654 835 4722 simplex
862 4657 977 4722 ejus
1006 4654 1316 4722 liypostasis
1346 4654 1615 4723 procedit.

255 4747 329 4806 :3)
364 4744 421 4798 Si
448 4747 521 4797 ad
556 4745 660 4796 duo
692 4746 951 4813 principia
982 4744 1209 4810 refertur
1242 4743 1473 4812 Spiritus
1507 4750 1760 4795 sanctus:

181 4842 264 4891 ubi
308 4842 411 4889 erit
461 4836 794 4888 tantumdem
824 4838 1139 4888 decantatus
1199 4852 1335 4887 unus
1384 4834 1763 4904 principatus?

191 4953 205 4979 ι
250 4939 314 4983 λι
376 4930 472 4983 ubi
526 4929 693 4982 Italus
734 4928 1185 4995 deprehenditur,
1241 4927 1353 4980 duo
1404 4943 1654 4980 assert-ns
1707 4927 1759 4978 in

185 5028 339 5077 beata
400 5020 611 5074 Triade
649 5020 951 5088 principia?
989 5020 1042 5073 Id
1084 5035 1191 5072 non
1231 5020 1546 5080 ostendens,
1582 5020 1759 5085 palam

183 5116 497 5166 innotescis
550 5111 680 5162 odio
732 5122 786 5162 et
842 5126 948 5163 nou
1038 5113 1265 5163 veritate
1328 5111 1657 5161 ratiocinans
1710 5119 1764 5159 rt

181 5208 544 5258 concludens.
594 5222 611 5251 ι
672 5203 807 5266 Quid
856 5203 1041 5269 uti-rue
1101 5202 1593 5260 inconsideratius;
1637 5216 1757 5249 rum

183 5300 352 5363 paiatn
395 5295 581 5349 Latini
637 5293 820 5346 Patres
861 5296 1239 5361 proﬁteantur,
1282 5311 1311 5345 tt
1344 5293 1503 5345 Patre
1548 5309 1675 5352 esse,
1712 5301 1757 5341 ct

181 5407 277 5441 sua
319 5389 505 5440 omnia
542 5385 732 5436 habere
782 5384 1013 5435 Filium:
1045 5394 1099 5435 et
1150 5385 1251 5437 hoc
1312 5385 1484 5450 ipsum
1535 5396 1561 5433 ιι
1602 5382 1759 5432 l'atre

184 5487 459 5549 accipeie,
502 5489 555 5530 ut
617 5479 684 5529 ab
729 5490 794 5528 eo
826 5476 1053 5542 perinde
1108 5491 1171 5525 ac
1214 5490 1241 5527 a
1291 5475 1471 5535 Patre,
1505 5472 1761 5538 procedat

187 5576 261 5644 Sp
284 5576 423 5627 ritus
474 5580 724 5625 sanctus.
769 5568 906 5622 Tum
958 5568 1187 5636 primum
1247 5567 1589 5634 principium,
1646 5572 1757 5615 tum

186 5669 353 5733 prima
386 5679 583 5721 causa,
617 5672 725 5713 tum
763 5659 1048 5715 Houarclia
1088 5674 1192 5710 non
1225 5668 1367 5709 esset
1420 5655 1582 5708 Pater
1614 5656 1755 5721 apud

190 5757 434 5819 Latinas,
467 5754 513 5807 si
570 5752 762 5806 abillo
796 5765 904 5804 non
965 5748 1285 5817 procederet
1343 5748 1551 5809 Filius;
1591 5749 1632 5798 si
1691 5748 1759 5797 ali

191 5848 283 5903 illo
323 5862 434 5901 non
468 5843 796 5915 procederet
863 5841 1107 5922 Spiritus.
1136 5851 1375 5907 sanctus,
1410 5840 1503 5894 sed
1548 5856 1574 5891 il
1624 5838 1759 5892 Filio

1868 4654 2026 4703 modo
2060 4653 2112 4703 in
2150 4652 2356 4719 Spititn
2394 4662 2582 4704 sancto
2622 4653 2896 4719 expletur.
2939 4652 3082 4702 Missi
3112 4667 3247 4700 unum
3300 4664 3429 4700 vero

1866 4760 1893 4797 a
1935 4747 2112 4798 Becco
2140 4755 2496 4796 lllt'llltlrﬂi'll”
2529 4745 2771 4813 intelligo
2806 4748 3026 4811 proprie
3056 4743 3283 4794 dictam.

1937 4839 2010 4905 l7)
2047 4838 2103 4889 Si
2135 4839 2371 4888 eamdem
2422 4837 2653 4903 Spiritus
2686 4836 3081 4902 productionem
3133 4832 3287 4883 liabet
3346 4831 3430 4881 Fi-

1866 4930 1983 4992 lius,
2015 4940 2171 4997 atque
2199 4926 2273 4979 Pa
2304 4946 2390 4991 er;
2422 4931 2711 4979 routmuuis
2735 4932 2917 4977 horum
2945 4928 3099 4993 fuerit
3127 4924 3426 4991 producno‘

1866 5026 1944 5075 nis
1975 5025 2286 5088 prOprietns.
2328 5020 2392 5071 1ιί
2442 5022 2698 5087 quomodo
2738 5033 3009 5069 canimuue
3059 5018 3155 5067 crit
3190 5016 3427 5081 proprii--

1864 5117 1990 5168 tas?
2027 5136 2042 5163 t
2088 5116 2195 5178 Ego
2250 5130 2413 5180 porro
2447 5114 2569 5164 dico
2608 5128 2619 5162 :
2653 5128 2888 5179 quanam
2935 5110 3144 5161 ratione
3195 5109 3430 5158 maxime

1864 5202 2161 5255 absurdum
2226 5204 2321 5251 lilii
2377 5202 2629 5255 videtur.
2681 5216 2799 5252 cs~c
2853 5199 3072 5265 aliquod
3134 5210 3424 5248 Commune

1865 5292 2005 5343 Patri
2034 5301 2085 5342 ct
2123 5291 2278 5345 I'ilio,
2320 5292 2540 5355 proprie
2593 5290 2642 5340 in
2676 5289 2806 5355 ipsis
2832 5288 2961 5339 solis
2990 5286 3422 5345 consideratum,

1864 5382 2006 5449 tpnnl
2039 5397 2141 5433 non
2178 5382 2247 5433 sit
2279 5396 2569 5433 conminnc
2600 5379 2867 5445 Spiritui?
2921 5379 3013 5430 list
3049 5377 3247 5429 etenim
3275 5392 3427 5429 com-

1866 5488 2024 5525 mune
2059 5473 2198 5525 Patri
2250 5482 2303 5524 et
2336 5472 2489 5535 Klio,
2538 5471 2681 5537 quod
2715 5470 2941 5539 Spiritui
2976 5484 3265 5522 commune
3312 5484 3417 5521 non

1862 5574 1962 5615 ost.
2000 5563 2061 5615 Et
2095 5564 2238 5631 quod
2275 5580 2379 5615 non
2414 5565 2591 5618 unius.
2637 5563 2733 5615 sed
2781 5563 3012 5614 duarum
3059 5576 3419 5629 personarum

1866 5657 1966 5708 hoc
1996 5666 2093 5716 est,
2127 5670 2417 5708 commune
2448 5655 2652 5707 dicitur
2681 5665 2736 5708 et
2766 5665 2846 5706 est
2884 5671 2895 5704 :
2925 5655 3067 5720 quid
3121 5668 3248 5705 vero
3293 5667 3422 5717 pru-

1865 5748 1979 5813 piie
2010 5762 2061 5797 tu
2091 5747 2199 5799 illis
2236 5746 2642 5807 consideratur,
2677 5754 2731 5799 et
2757 5745 2900 5796 illius
2931 5745 3207 5811 particeps
3242 5741 3422 5809 Spiri-

1865 5848 1949 5892 tus
1982 5858 2087 5891 non
2120 5850 2222 5905 οδε,
2257 5838 2457 5893 dicitur
2485 5852 2674 5895 eorum
2712 5836 3040 5905 proprietas,
3077 5844 3135 5888 ιιι
3185 5849 3249 5886 eo
3308 5832 3419 5887 dis-
