4198 6440
731 411 830 479 123

1685 415 2009 476 GEORGII
2052 417 2310 477 CYPRll
2355 419 2463 479 CP.
2512 418 3027 477 PATRl.-\llCH.E

3891 419 3988 483 l‘ll

734 535 755 576 t
780 535 1008 584 niuatnr
1085 523 1323 594 Spiritus
1363 525 1430 578 ab
1466 524 1642 580 illis...
1677 525 1957 595 Nyssenus
1982 527 2036 580 iu
2083 525 2304 582 Oratio-
2339 533 2378 586 Α
2411 529 2516 579 tiva
2549 543 2656 581 non
2685 528 2814 590 sint,
2847 527 2942 581 sed
2973 526 3246 580 absoluta.
3275 527 3342 578 At
3397 526 3621 594 spirari,
3668 537 3722 578 et
3757 529 3985 595 spirare,

729 631 852 668 ni-m
889 615 1230 670 Dominicam
1288 616 1576 671 manifeste
1618 617 1668 670 id
1707 625 1990 672 astruet...
2028 619 2212 670 κοινοῦ
2247 620 2302 670 δὲ

730 707 884 769 ὄντος
917 706 996 778 τῷ
1020 708 1153 775 Titii,
1185 710 1276 761 xa‘t
1301 709 1378 778 τῷ
1403 711 1706 778 Πνεύματι,
1759 728 1876 763 cum
1927 726 2201 763 commune
2234 713 2304 765 sit

732 801 890 867 Filio,
931 812 978 856 et
1011 803 1239 873 Spiritui
1271 818 1455 859 sancto
1485 823 1587 860 non
1623 824 1732 861 esse
1763 807 1958 878 absque
2002 818 2139 871 ortu,
2178 800 2302 861 rur-

731 913 820 948 sus
849 906 925 948 est
955 896 1112 964 facile
1144 898 1514 968 differentiam,
1545 916 1663 970 qua:
1717 903 1772 952 ὲν
1826 904 1940 962 τοῖς
1992 901 2302 969 ἰδιώμασιν,

733 987 784 1035 in
813 1001 992 1037 eorum
1027 989 1436 1056 preprietatibus
1471 999 1570 1050 est,
1605 990 1854 1056 reperire.
1888 989 2144 1042 .Adverte
2180 992 2304 1043 ani-

734 1090 884 1126 mum
925 1076 989 1129 ad
1027 1077 1129 1130 hec
1166 1078 1407 1148 theologi
1442 1081 1618 1133 Patris
1646 1081 2048 1141 testimonium,
2083 1090 2138 1133 et
2173 1098 2304 1134 con-

737 1165 918 1217 silii-ra
965 1184 978 1221 :
1023 1168 1302 1234 quomodo
1358 1171 1739 1238 proprietatem
1796 1170 2031 1222 duarum
2092 1181 2304 1224 tantum

733 1273 1093 1326 personarum
1147 1262 1379 1324 ιὀεεινὶι,
1414 1279 1478 1315 ΘΧ
1533 1279 1699 1316 causa
1755 1280 1848 1317 €35
1881 1280 2025 1324 εςςθ,
2082 1275 2135 1317 ει
2167 1280 2307 1331 (1υο-

733 1351 897 1402 modo
925 1355 1361 1420 repra-seutavit,
1392 1371 1663 1407 commune
1692 1370 1810 1408 esse
1846 1355 2039 1408 iisdem
2092 1355 2307 1410 duabus

733 1444 1012 1508 personis,
1043 1445 1247 1509 absque
1281 1458 1403 1498 ortu
1448 1463 1554 1498 non
1587 1448 1748 1498 esse?
1791 1465 1808 1496 ι

807 1533 881 1596 t8)
909 1533 966 1584 Si
995 1549 1057 1584 ex
1094 1551 1198 1586 una
1225 1552 1383 1587 causa
1416 1537 1578 1589 Patre
1609 1537 1782 1591 Filius
1817 1549 1864 1590 et
1903 1539 2134 1607 Spiritus
2184 1557 2310 1592 san-

736 1632 849 1676 ctus
917 1637 1238 1678 emanarunt
1294 1643 1311 1678 :
1361 1631 1600 1695 producit
1654 1640 1830 1682 autem
1892 1647 2074 1683 rursus
2143 1632 2306 1685 Filius

739 1720 1023 1785 Spiritum,
1057 1721 1302 1785 producet
1341 1731 1389 1772 et
1424 1720 1650 1789 Spiritus
1689 1721 1911 1775 Filium.
1959 1721 2123 1776 Pares
2169 1727 2310 1778 enim

736 1813 993 1880 dignitati:
1029 1822 1280 1883 utrosque
1314 1817 1492 1866 eduxit
1549 1815 1734 1867 Pater.
1776 1833 1796 1865 ι
1834 1816 1902 1868 At
1954 1816 2305 1869 manifestum

2409 620 2737 688 spiratorem
2772 635 2896 674 esse
2926 629 2982 674 et
3011 618 3278 688 Spiritum
3310 631 3407 671 seu
3437 619 3731 687 spiratum,
3760 619 3986 674 relativa

2408 722 2560 774 sunt,
2593 727 2699 765 non
2740 712 3017 766 absoluta.

2481 806 2592 875 (l0)
2633 804 2914 876 Egreditur
2939 823 2970 858 a
3003 803 3140 859 Filio
3180 804 3434 875 Spiritus.
3480 805 3591 859 Hoc
3635 807 3770 858 unde
3825 807 3986 859 fando

2409 902 2609 966 [actum
2644 899 2931 968 accepisti?
2962 899 3001 952 Α
3032 898 3347 966 quibusnam
3388 897 3693 966 Erangeliis
3725 899 3863 950 hanc
3900 914 3986 950 co-

2409 1007 2519 1042 cem
2555 991 2756 1043 habes?
2786 989 3078 1049 Cuiusnam
3107 989 3296 1058 synodi
3332 990 3704 1058 blasphemum
3745 991 3840 1042 hoc
3869 1005 3984 1041 ver—

2409 1081 2574 1132 bum?
2609 1080 2734 1135 Htec
2781 1083 2950 1135 etiam
2982 1081 3167 1135 furore
3225 1083 3470 1148 percitus
3513 1081 3745 1134 Pliotius
3779 1080 3982 1134 aiebat.

2411 1173 2634 1226 Latinos
2691 1173 2837 1226 solos
2888 1174 3155 1242 impetere
3194 1188 3250 1226 se
3302 1172 3599 1226 simulabat
3639 1192 3651 1226 :
3696 1183 3750 1225 at
3791 1172 3984 1225 iisdem

2410 1267 2747 1334 argumentis
2778 1267 3083 1321 lacessebat
3116 1278 3170 1321 et
3225 1265 3442 1320 Graecos
3499 1280 3713 1328 omnes,
3748 1280 3984 1333 quorum

2409 1359 2740 1412 adduximus
2775 1359 3112 1413 testimonia.
3174 1359 3459 1413 Afﬁrmant
3520 1359 3595 1412 illi
3634 1374 3788 1414 sane.
3816 1357 3986 1424 Spiri-

2412 1461 2519 1502 tum
2549 1465 2787 1503 sanctum
2821 1469 2852 1503 a
2887 1450 3026 1503 Filio
3056 1454 3313 1518 accipere,
3348 1469 3377 1502 a
3415 1450 3555 1502 Filio
3595 1453 3754 1509 mitti,
3785 1469 3812 1501 α
3854 1451 3985 1502 Filio

2410 1542 2572 1602 exire,
2605 1557 2635 1591 a
2675 1540 2814 1592 Filio
2871 1543 3010 1594 dari.
3051 1540 3173 1595 ILec
3209 1556 3315 1594 non
3355 1541 3496 1594 idem
3553 1555 3672 1593 esse
3729 1539 3984 1603 inquiunt

2412 1633 2510 1690 illi.
2557 1647 2616 1685 ac
2648 1651 2678 1685 a
2728 1631 2864 1684 Filio
2910 1635 3210 1701 procedere.
3247 1634 3408 1700 .‘ttqui
3456 1643 3628 1684 totum
3686 1631 3787 1682 hoc
3837 1641 3918 1680 est
3954 1647 3983 1681 α

2417 1725 2554 1778 Filio
2595 1728 2890 1793 procedere,
2929 1736 2986 1778 ut
3035 1727 3110 1779 ait
3157 1724 3580 1780 Tliomassinus.
3625 1723 3696 1776 De
3761 1724 3984 1775 sanctis-

2417 1822 2545 1870 sima
2582 1818 2859 1878 Trinitate,
2886 1819 3064 1885 capite
3110 1819 3198 1875 5|.
3235 1832 3388 1871 num.
3427 1818 3479 1870 9.
3513 1816 3579 1870 [ι
3624 1817 3770 1868 enim
3815 1815 3985 1867 'r‘:lius

737 1915 841 1961 Csl.
909 1921 1013 1959 non
1067 1919 1226 1973 pares
1253 1906 1518 1973 dignitate
1549 1917 1759 1959 tantum
1799 1907 2026 1976 produci
2085 1909 2305 1972 Filium,
2345 1889 2384 1945 Β
2417 1911 2677 1961 nascendo
2713 1925 2741 1961 a
2771 1910 2948 1966 Patre.
2980 1910 3050 1960 ita
3078 1909 3319 1976 Spiritus
3353 1925 3380 1961 a
3416 1909 3571 1961 l'atre
3607 1918 3661 1960 et
3689 1907 3826 1960 Filio
3860 1924 3982 1973 pro-

739 2006 793 2048 ‹-ι
835 1995 1101 2064 Spiritum
1171 2013 1234 2050 ex
1301 1999 1458 2050 Patre
1522 2014 1534 2050 :
1601 2000 1695 2052 sed
1743 2008 1798 2051 ct
1831 2014 1987 2066 pares
2039 1999 2308 2068 dignitate

740 2089 971 2150 edundi,
1043 2105 1202 2156 pares
1257 2089 1521 2156 dignitate
1564 2091 1887 2156 provenire,
1952 2106 2114 2158 pares
2167 2107 2308 2160 quo-

741 2193 848 2247 que
907 2181 1172 2247 dignitate
1220 2181 1474 2234 emicare.
1531 2180 1592 2234 Et
1633 2197 1699 2233 ex
1759 2180 1897 2234 Filio
1950 2183 2176 2250 quidem
2231 2185 2309 2235 et-

743 2275 917 2334 l‘undi,
970 2274 1062 2342 qui
1135 2274 1251 2341 pari
1322 2274 1588 2341 dignitate
1655 2289 1720 2326 cx
1782 2274 1942 2327 Patre
2007 2273 2312 2327 effunditur

739 2363 1022 2432 Spiritus;
1078 2374 1134 2417 et
1187 2380 1250 2415 et
1317 2364 1454 2417 Filio
1505 2364 1791 2431 cﬂ‘ulgerc,
1832 2364 1922 2432 qui
1959 2365 2073 2432 pari
2129 2365 2309 2433 digni-

743 2470 853 2512 tate
912 2473 1037 2511 cum
1073 2473 1140 2512 eo
1193 2475 1254 2511 es
1312 2459 1469 2511 Patre
1511 2457 1756 2526 effulget,
1799 2457 2040 2509 Ecclesia
2063 2457 2307 2510 fatetur:

742 2566 921 2612 neque
950 2564 1127 2603 tamen
1166 2550 1426 2614 admittit,
1493 2550 1721 2612 eliundi,
1756 2551 2044 2618 provenire
2073 2558 2127 2601 et
2156 2549 2311 2602 efful-

744 2658 873 2710 gere
909 2651 964 2694 et
1015 2657 1080 2695 ex
1114 2641 1315 2706 Spiritu
1353 2641 1571 2699 Filium.
1615 2640 1760 2707 quod
1813 2641 2005 2692 eadem
2045 2637 2322 2707 dignitate

744 2735 906 2786 ambo
942 2749 1004 2786 ex
1042 2733 1198 2786 Patre
1233 2735 1362 2787 sint.
1403 2751 1418 2781 ι
1457 2732 1597 2798 Quid
1650 2741 1914 2800 praeterea
1945 2732 2141 2784 Pholio
2175 2731 2313 2783 infc-

746 2828 924 2880 stius‘!
975 2826 1101 2879 Ideo
1132 2827 1278 2880 enim
1316 2840 1422 2876 non
1457 2834 1634 2892 potest
1668 2838 1788 2875 esse
1833 2822 2003 2874 Filius
2034 2839 2061 2875 a
2101 2822 2310 2890 Spiritu

746 2932 960 2979 sancto,
1018 2919 1140 2986 quia
1195 2918 1435 2985 Spiritus
1481 2925 1705 2968 sanctus
1744 2930 1772 2966 a
1829 2913 1968 2967 Filio
2010 2923 2134 2968 cst:
2169 2913 2246 2965 uti
2284 2931 2311 2966 a

749 3011 885 3064 Filio
937 3009 1059 3063 ideo
1109 3025 1216 3063 non
1264 3019 1444 3077 potest
1492 3025 1614 3062 esse
1667 3008 1843 3066 Pater.
1880 3008 2008 3076 quia
2062 3007 2231 3061 Filius
2283 3023 2311 3060 a

747 3103 912 3157 Patre
941 3113 1044 3157 est.
1079 3102 1134 3156 Si
1194 3114 1374 3155 autem
1408 3118 1471 3156 ex
1535 3102 1765 3154 adverso
1794 3101 2038 3169 Spiritus
2088 3109 2312 3154 sanctus

747 3213 854 3250 non
890 3197 1213 3264 procederet
1240 3211 1268 3247 a
1302 3195 1460 3256 Filio,
1489 3193 1619 3262 quid
1668 3195 1821 3262 117
1868 3193 2210 3261 prohiberet,
2245 3208 2311 3244 ne

747 3306 775 3342 a
817 3289 1021 3355 Spiritu
1053 3297 1244 3340 sancto
1298 3286 1617 3354 gigneretur
1673 3285 1878 3338 Filius?
1918 3284 2110 3337 Omnia
2164 3285 2310 3336 enim

749 3382 927 3436 Patris
971 3379 1285 3432 cmnmnuia
1319 3386 1448 3429 sunt
1479 3377 1708 3446 Spiritui
1742 3385 1932 3429 Sancto
1968 3387 2164 3444 prater
2204 3378 2312 3427 vim

747 3473 894 3525 illaut
930 3471 1125 3538 ipsam,
1155 3485 1259 3537 qua
1285 3469 1523 3536 Spiritus
1543 3476 1768 3520 sanctus
1789 3485 1813 3518 a
1842 3468 2001 3520 Patre
2033 3469 2310 3535 procedit.

820 3564 895 3628 (9)
931 3562 986 3614 Si
1017 3562 1307 3613 communis
1333 3570 1410 3611 est
1446 3559 1622 3619 Patri,
1659 3570 1706 3610 et
1745 3558 1885 3611 Filio
1915 3561 2089 3611 sancti
2139 3559 2315 3623 Spiri-

752 3664 832 3706 tus
865 3655 1154 3721 productio.
1194 3655 1372 3720 utique
1404 3653 1548 3705 illius
1587 3668 1789 3720 quoque
1820 3650 2052 3719 Spiritus
2101 3660 2315 3703 sanctus

751 3747 1010 3813 particeps
1041 3747 1158 3797 erit.
1211 3745 1402 3798 Omnia
1435 3745 1715 3812 siquidem,
1756 3759 1874 3812 qua:
1934 3753 2055 3796 sunt
2087 3759 2319 3796 commu—

753 3838 843 3889 nia
885 3834 1057 3888 Patris
1091 3847 1138 3887 ct
1177 3835 1326 3902 Filii,
1354 3839 1533 3887 eadem
1572 3837 1727 3888 etiam
1767 3836 2066 3902 referuntur
2097 3837 2166 3886 ad
2193 3834 2318 3901 Spi-

756 3940 912 3981 ritum
953 3939 1217 3983 sanctum.
1255 3930 1386 3983 Hinc
1414 3931 1512 3982 erit
1544 3930 1635 3981 ille
1661 3945 1821 3981 causa
1855 3930 2038 3991 simul,
2093 3937 2140 3981 et
2189 3930 2314 3998 επε-

753 4033 885 4072 ctus.
928 4040 944 4069 ι
981 4019 1288 4087 Propositio
1315 4021 1427 4072 lucc
1462 4039 1474 4072 :
1510 4019 1719 4080 Omnia,
1769 4035 1884 4079 qua:
1930 4028 2052 4071 sunt
2083 4035 2319 4070 commu-

757 4117 845 4165 nit:
888 4115 1060 4170 Putris
1104 4121 1150 4165 el
1209 4111 1349 4175 Filii,
1408 4123 1561 4166 erunt
1620 4113 1780 4164 etiant
1841 4115 2141 4164 communia
2200 4127 2319 4164 cunt

757 4205 964 4273 Spiritu
994 4215 1200 4268 sancto,
1235 4205 1439 4257 nullius
1470 4213 1553 4257 est
1585 4220 1777 4256 eorum
1818 4204 2064 4266 Patrum,
2103 4204 2194 4270 qui
2235 4217 2320 4257 res

760 4297 1096 4363 theologicae
1120 4306 1318 4349 nostra:
1349 4297 1605 4350 Ecclesia:
1639 4297 2050 4349 tradiderunt...
2097 4294 2200 4360 Qui
2235 4304 2321 4347 at-

759 4387 963 4439 tentius
1017 4388 1232 4438 divinas
1286 4387 1597 4453 Scriptores
1633 4386 1949 4449 enucleant,
2013 4393 2322 4451 agnoscunt

758 4479 1006 4544 qua-dam
1038 4479 1197 4531 insita
1218 4478 1526 4530 communia
1561 4477 1703 4531 Patri
1738 4485 1794 4529 et
1825 4477 1980 4535 Filio,
2005 4477 2320 4530 communia

2413 2001 2639 2052 cedendo
2698 2001 2917 2068 accipit,
2955 2002 3210 2062 mittitur,
3255 2013 3389 2062 ex.t,
3447 2000 3626 2053 datur.
3691 2000 3798 2053 Nec
3838 1999 3984 2050 enim

2415 2107 2621 2162 postea,
2660 2094 2753 2147 sed
2792 2095 2970 2148 rlﬂlilll
3009 2097 3295 2151 nascendo.
3334 2095 3414 2146 vel
3463 2095 3810 2160 procedendo,
3841 2093 3988 2145 acci-

2417 2190 2493 2254 pit
2543 2190 2809 2258 quidquid
2865 2192 3089 2258 accipit,
3147 2201 3200 2243 et
3242 2191 3406 2243 habet
3462 2188 3731 2256 quidquid
3799 2187 3984 2249 liabet.

2417 2281 2608 2341 Filius,
2654 2291 2702 2334 et
2741 2281 2978 2349 Spiritus
3032 2297 3270 2343 sanctus.
3311 2300 3336 2336 a
3399 2283 3547 2335 fonte
3587 2298 3700 2335 sua:
3729 2280 3984 2347 originis.

2415 2374 2634 2426 Frustra
2688 2385 2771 2426 est
2827 2391 2958 2442 ergo
3021 2377 3268 2434 Piiotius.
3328 2375 3415 2427 ubi
3477 2385 3629 2442 rogat
3688 2373 3890 2441 quibus
3919 2371 3988 2424 ab

2415 2463 2649 2529 Evangvl
2680 2467 2722 2516 is
2769 2466 3088 2526 habeamus,
3151 2467 3296 2533 quod
3355 2464 3584 2532 Spiritus
3642 2469 3891 2532 procedat
3954 2481 3987 2514 τι

2417 2554 2565 2608 Filio.
2595 2557 2675 2608 Ab
2707 2558 2811 2609 illis
2843 2560 2989 2610 enim
3030 2558 3079 2609 id
3111 2558 3394 2616 habemus.
3427 2573 3452 2610 a
3487 2557 3687 2622 quibus
3720 2556 3990 2609 habemus

2421 2649 2579 2716 118
2614 2649 2756 2716 quod
2792 2651 2860 2702 ab
2896 2652 3016 2717 ipso
3048 2650 3270 2702 Christo
3309 2651 3373 2702 de
3412 2649 3619 2715 Spiritu
3670 2657 3860 2700 sancto
3901 2647 3986 2699 di-

2416 2755 2561 2797 ctum
2609 2756 2689 2797 est
2721 2764 2733 2798 :
2773 2743 2872 2798 Ille
2905 2748 2965 2796 de
3001 2762 3110 2796 meo
3145 2746 3380 2809 accipiet.
3418 2743 3532 2796 Non
3569 2742 3766 2806 accipit
3813 2742 3985 2799 enim,

2418 2834 2520 2886 nisi
2551 2837 2912 2902 procedendo:
2943 2847 2997 2888 ut
3033 2836 3200 2888 Filius
3234 2851 3258 2886 a
3301 2835 3458 2887 Patre
3491 2849 3596 2884 non
3633 2833 3852 2899 accipit.
3879 2832 3988 2884 ιιἱοὶ

2417 2930 2698 2983 nascendo.
2733 2931 2884 2984 L'nde
2913 2940 2964 2981 et
3019 2929 3178 2980 Pater
3208 2930 3354 2980 solus
3387 2941 3412 2976 a
3467 2925 3617 2977 nullo
3677 2923 3987 2990 quidquam

2416 3021 2633 3090 accipit,
2661 3022 2785 3089 quia
2828 3037 2854 3073 a
2911 3021 3060 3072 nullo
3090 3030 3168 3071 est
3201 3036 3212 3068 :
3251 3034 3274 3070 a
3313 3017 3463 3069 nullo
3503 3016 3766 3076 mittitur,
3794 3014 3920 3080 quia
3956 3028 3986 3063 ει

2420 3115 2569 3166 ιιιιΙΙο
2596 3115 2865 3172 nascitur,
2908 3127 2934 3163 a
2979 3111 3130 3163 nullo
3173 3109 3440 3177 procedit.
3481 3107 3722 3160 Joannes
3757 3103 3986 3161 Deccus,

2341 3229 2382 3282 ε
2419 3207 2469 3258 ἱιι
2501 3205 2748 3256 oratione
2784 3205 2944 3256 citata
2973 3219 3124 3253 nntn.
3166 3203 3228 3253 Si?
3289 3199 3575 3266 Ep‘pbattii
3611 3195 3987 3248 testiinonium

2422 3298 2596 3357 aﬂ'ett,
2634 3298 2794 3347 verba
2833 3295 2918 3346 illa
2981 3293 3282 3357 Evangeld.
3320 3291 3414 3343 Ill:
3478 3291 3538 3340 de
3567 3304 3677 3340 meo
3741 3285 3984 3353 accipiet,

2419 3389 2611 3441 eodem
2669 3387 2830 3438 modo
2867 3384 3281 3451 interpretantis
3315 3383 3364 3432 in
3422 3383 3686 3432 Ant-orato
3718 3395 3733 3430 :
3770 3377 3825 3429 Si
3865 3391 3989 3429 vero

2419 3477 2656 3530 Christus
2687 3491 2747 3527 ex
2776 3474 2937 3526 Patre
2972 3476 3228 3531 creditur,
3265 3471 3397 3523 Deus
3429 3487 3488 3522 ex
3530 3469 3655 3527 Deo.
3686 3481 3732 3520 et
3753 3467 3987 3534 Spiritus

2419 3586 2481 3621 ex
2512 3569 2736 3628 Christo.
2775 3572 2836 3620 ἐκ
2865 3569 2953 3619 τεῦ
2985 3567 3240 3636 Krec-.23.
3284 3576 3371 3616 ant
3406 3581 3465 3616 ex
3503 3566 3755 3630 utrisque,
3795 3560 3987 3628 ἢπαρ¹

2419 3660 2745 3726 ἀμφοτέρων
2768 3700 2780 3717 ,
2816 3669 2870 3709 ttt
2896 3658 3132 3710 Christus
3166 3659 3309 3708 dicit.
3342 3657 3428 3712 qni
3463 3671 3490 3704 a
3537 3653 3696 3705 Putre
3727 3652 3987 3716 procedit,

2420 3756 2469 3800 et
2499 3749 2580 3800 hic
2610 3765 2671 3801 ea:
2699 3765 2810 3800 meo
2842 3749 3079 3814 accipiet.
3127 3749 3222 3798 καὶ
3259 3738 3410 3804 εἷτςς
3445 3746 3501 3795 ὲκ
3537 3742 3626 3794 τθῦ
3668 3739 3794 3793 Υἱοῦ
3827 3739 3998 3805 λήξει

2422 3853 2510 3887 ται
2541 3838 2682 3903 (seu)
2717 3853 2778 3888 ex
2805 3835 2941 3888 Filio
2974 3837 3211 3902 accipiet.
3247 3833 3455 3886 Caetera
3493 3835 3711 3883 dentom
3747 3829 3996 3894 Seripttt-

2423 3943 2606 3982 rarum
2657 3939 2712 3980 et
2763 3928 2982 3980 Patrum
3048 3927 3236 3981 verba,
3271 3925 3406 3974 mitti
3445 3921 3709 3989 Spiritum
3769 3937 3793 3970 a
3831 3919 3997 3980 Filio,

2420 4021 2557 4081 dari,
2585 4021 2798 4087 effundi,
2819 4019 3166 4084 suppeditari,
3205 4015 3268 4067 ad
3313 4015 3424 4067 sola
3453 4014 3592 4066 dona
3619 4023 3800 4064 creata
3837 4025 4000 4062 coar-

2423 4108 2582 4167 ctari,
2612 4117 2665 4160 et
2694 4109 2758 4159 ad
2795 4108 2961 4174 ipsam
2997 4123 3106 4159 non
3144 4105 3360 4157 extendi
3395 4104 3566 4156 sancti
3602 4102 3841 4168 Spiritus
3872 4115 4002 4166 per-

2423 4217 2635 4262 sonam,
2668 4200 2964 4252 absurdum
3000 4211 3082 4251 est
3139 4213 3199 4250 ac
3241 4198 3515 4249 insanum.
3558 4194 3689 4248 Vide
3730 4204 3894 4260 caput
3933 4193 3993 4254 δ,

2425 4310 2578 4347 num.
2617 4291 2678 4344 IV
2726 4293 2859 4356 (I2).

2498 4385 2607 4451 (ll)
2639 4383 2821 4452 Pergit
2869 4384 3106 4452 denique
3139 4383 3368 4435 Pliotins
3419 4382 3469 4432 in
3509 4381 3655 4433 liune
3709 4379 3926 4432 modmu
3983 4395 3996 4432 :

2430 4475 2694 4539 Quidnam
2735 4475 2981 4543 Spiritui,
3037 4491 3233 4544 qua'so,
3267 4477 3471 4525 accedet
3503 4474 3566 4524 ab
3624 4473 3718 4522 illa
3755 4474 3817 4521 de
3863 4469 4003 4521 Filio

757 4582 812 4622 et
850 4570 1120 4638 Spiritui:
1151 4569 1290 4622 bona
1331 4569 1600 4623 duntaxat
1655 4583 1776 4636 quae
1834 4569 2158 4621 naturaliter
2208 4569 2320 4622 illis
2354 4569 2396 4622 D
2426 4574 2782 4640 proccssionc;
2837 4585 2952 4621 cum
2997 4568 3256 4635 processio
3321 4574 3544 4632 paterna
3592 4565 3660 4614 ad
3718 4565 4002 4614 esscntiam

761 4663 971 4714 insunt.
1009 4669 1067 4711 ut
1105 4660 1338 4727 justitia,
1369 4659 1597 4720 bonitas,
1654 4658 1940 4725 sapientia,
1991 4668 2045 4710 et
2098 4658 2320 4710 similia.

760 4755 1078 4820 Agnoscunt
1116 4749 1278 4802 etiam
1305 4751 1430 4811 alia,
1459 4766 1580 4818 qua:
1603 4749 1929 4802 naturaliter
1961 4748 2150 4801 insunt
2175 4748 2321 4801 Patri

759 4856 815 4897 et
855 4844 1011 4905 Filio,
1050 4855 1101 4896 et
1134 4857 1244 4894 non
1281 4843 1466 4895 insunt
1501 4842 1728 4909 Spiritui
1762 4864 1772 4895 :
1808 4858 1915 4895 non
1949 4841 2093 4909 quod
2149 4841 2326 4909 Spiri-

764 4949 851 4990 tus
883 4953 988 4989 non
1045 4938 1114 4988 sit
1146 4936 1386 5006 ejusdem
1426 4947 1655 4998 natum,
1704 4946 1868 5004 atque
1919 4936 2104 4998 Pater,
2149 4946 2202 4987 et
2238 4934 2325 4987 Fi-

760 5030 868 5081 lius
899 5046 912 5081 :
952 5027 1044 5081 sed
1087 5029 1230 5096 quod
1261 5029 1536 5081 naturales
1577 5028 1754 5080 Patris
1782 5037 1840 5080 ut
1878 5027 2080 5089 Patris,
2112 5037 2164 5078 et
2201 5025 2323 5078 Filii

763 5131 820 5170 ut
846 5120 924 5172 Fil
952 5122 962 5170 i
994 5121 1375 5187 proprietates,
1413 5135 1518 5170 non
1543 5121 1654 5171 sint
1676 5133 1998 5171 communes
2019 5117 2323 5184 Spiritui...

763 5212 949 5278 Itaque
995 5211 1256 5278 Spiritum
1297 5225 1402 5261 una
1459 5211 1619 5262 simul
1673 5210 1861 5262 liaberi
1919 5224 1946 5260 a
1985 5207 2143 5259 Patre
2197 5219 2250 5259 et
2298 5222 2326 5259 a

763 5304 918 5364 Filio,
957 5307 1200 5354 naturale
1232 5311 1316 5355 est
1351 5303 1554 5354 bonum
1613 5301 1789 5354 Patris
1835 5310 1890 5354 et
1954 5300 2098 5357 Filii.
2134 5301 2226 5352 sed
2267 5308 2326 5350 nt

767 5393 1073 5460 proprietas
1125 5393 1450 5446 earumdem
1505 5393 1794 5444 naturalis.
1846 5391 1963 5444 Nan
2014 5392 2138 5443 ideo
2171 5406 2328 5458 ergo,

767 5486 894 5552 quia
949 5487 1319 5539 communicat
1380 5485 1546 5538 Filius
1613 5499 1736 5536 cum
1803 5484 2000 5546 Patre,
2055 5483 2201 5550 quod
2261 5498 2328 5536 ex

769 5580 1018 5646 utrispte
1068 5579 1306 5648 Spiritus
1351 5579 1441 5642 sit,
1474 5578 1904 5632 communicabit
1948 5593 2070 5629 cutn
2122 5575 2327 5629 eisdem

771 5671 1032 5738 Spiritus,
1069 5684 1124 5724 ut
1165 5682 1218 5726 ct
1254 5673 1368 5741 ipse
1395 5672 1463 5725 sit
1490 5687 1552 5723 ex
1591 5687 1648 5724 se
1696 5673 1834 5739 ipso.
1875 5689 1892 5720 ι
1934 5668 2170 5722 Rursum
2205 5668 2328 5721 ideo

774 5780 876 5813 ι’δερ
915 5762 1096 5826 Deum,
1129 5763 1332 5832 Regem,
1368 5773 1417 5815 et
1449 5763 1772 5823 Creatorem,
1803 5776 1923 5830 qua:
1976 5760 2203 5813 Pnotius
2236 5759 2328 5809 ud-

772 5853 939 5919 ducit,
974 5857 1280 5910 ιυιιιιιιιιιιι.ι
1313 5867 1436 5910 sunt
1471 5856 1644 5910 tribus
1697 5853 1963 5923 personis,
1999 5853 2143 5922 qqu
2198 5853 2331 5903 reta-

2427 4661 2874 4730 suﬂiciat?Quid.
2913 4660 2954 4712 si
3005 4672 3260 4726 rogemus
3310 4655 3566 4708 Pltotium
3613 4652 4005 4712 tTliomassiui

2427 4755 2590 4806 verba
2625 4756 2808 4818 sunt);
2877 4751 3002 4819 quid
3055 4748 3276 4802 accedat
3335 4757 3598 4801 creatura.-
3638 4763 3664 4799 a
3717 4745 4003 4797 creatione

2430 4861 2526 4912 rer
2553 4845 2770 4903 Filium,
2803 4856 2857 4897 et
2883 4843 3145 4911 Spiritum
3178 4851 3450 4898 sanctum.
3481 4853 3604 4892 eum
3641 4839 3849 4891 creatio
3897 4852 4003 4903 per

2429 4936 2642 4989 Patrem
2686 4936 2903 4988 abunde
2953 4933 3136 4987 esset?
3193 4934 3271 4984 An
3325 4932 3491 4994 dicet,
3553 4930 3736 4982 omnia
3797 4928 4012 4982 divinis

2432 5029 2821 5096 l'YPOSlasibus
2862 5043 2981 5080 esse
3031 5025 3340 5080 communia
3399 5034 3598 5092 praeter
3661 5021 3958 5074 relationes
3989 5061 4004 5079 ,

2432 5119 2634 5186 quibus
2667 5121 2785 5172 aliae
2813 5120 2878 5172 ab
2904 5119 3027 5170 aliis
3060 5113 3513 5185 distinguuntur?
3553 5113 3902 5180 Reponemus
3946 5121 4009 5164 et

2434 5227 2550 5269 nos,
2585 5213 2764 5268 omnia
2803 5227 2866 5265 ex
2896 5209 3193 5276 Scriptnris
3229 5219 3283 5260 et
3346 5206 3552 5259 sanctis
3600 5204 3854 5257 i'atribns
3879 5217 4010 5256 esse

2436 5303 2600 5361 Patri,
2643 5304 2890 5371 Filioque
2925 5302 3234 5354 communia
3293 5308 3488 5365 praeter
3524 5298 3904 5365 paternitatezn
3950 5305 4012 5346 et

2436 5393 2771 5452 liliationcm,
2813 5409 2918 5461 qua
2970 5393 3126 5444 Pater
3157 5404 3185 5442 a
3239 5390 3375 5443 Filio
3434 5387 3836 5454 distinguitur:
3869 5385 4006 5450 quia

2436 5500 2598 5537 nemo
2644 5486 2745 5538 sibi
2806 5486 2979 5546 Pater,
3038 5497 3199 5535 nemo
3240 5481 3341 5534 sibi
3397 5479 3569 5532 Filius
3603 5493 3726 5531 esse
3799 5485 4003 5542 potest.

2434 5577 2642 5630 Exinde
2679 5578 2968 5648 perspicue
3001 5576 3294 5639 celiigitnr.
3325 5574 3432 5624 vim
3487 5569 3824 5641 producendi
3883 5569 4016 5636 Si-

2436 5669 2574 5720 ritus
2607 5670 2780 5721 sancti
2839 5683 2961 5721 esse
2995 5666 3135 5720 P..tri
3186 5664 3430 5732 Filioque
3464 5677 3845 5721 communem;
3879 5677 4012 5714 cum

2438 5775 2499 5810 ca
2525 5759 2656 5810 nihil
2692 5770 2901 5827 spectet
2927 5758 2990 5811 ad
3024 5759 3410 5828 paternitatem
3432 5767 3484 5808 et
3514 5755 3853 5806 .‘iliationeui.
3883 5751 4014 5806 Hzec

2440 5849 2549 5902 ille.
2584 5849 2784 5904 Eadem
2819 5866 2967 5914 Vtro,
3012 5865 3132 5918 qum
3159 5849 3430 5917 prccipua
3469 5844 3646 5898 Plieti'
3682 5852 4013 5913 argumenta
