4198 6440
744 421 846 484 135

1699 421 2019 481 GEORGII
2059 419 2312 480 CYPRlI
2357 419 2463 482 ΕΡ.
2510 419 3019 481 PATRIARCILE

3881 424 3980 486 ι’ἶῢ

737 551 833 603 per
891 532 1109 592 Filium,
1164 539 1217 582 et
1277 543 1341 581 cx
1371 526 1509 582 Filio
1554 530 1914 582 exsistentiam
1939 531 2148 591 habere,
2183 529 2309 598 quia
2346 534 2385 589 Α
2418 531 2710 582 maximum
2745 551 2755 584 :
2791 533 2998 586 scilicet
3035 531 3232 586 Filium
3282 550 3484 603 quoque
3519 537 3817 603 procedere.
3855 537 3982 591 Ete-

737 626 940 678 ttuilatn
977 624 1026 674 in
1056 622 1190 674 Filio
1261 623 1366 674 vim
1407 620 1678 674 fatebatur
1716 623 1945 674 activam
2001 623 2063 674 ad
2094 632 2308 674 exstath

741 717 865 770 tiam
897 714 1131 779 Spiritus
1167 713 1332 766 sancti
1361 728 1372 764 :
1398 711 1491 765 sed
1525 713 1669 764 hunc
1701 722 1881 764 tamen
1915 729 1978 764 ex
2011 711 2148 764 Filio
2180 729 2307 776 esse,

739 816 792 858 et
823 822 913 875 per
939 803 1136 856 Filium
1173 806 1374 864 aii-bat,
1411 806 1538 872 quia
1578 805 1747 856 Filius
1788 806 1943 874 130
1976 806 2308 858 instrumen-

743 900 848 950 tale
881 898 1152 965 quoddam
1193 897 1244 948 in
1279 897 1524 965 ejusdem
1568 898 1920 962 processione
1947 897 2308 949 ministerium

744 993 988 1059 pra-bere
1023 989 1053 1039 d
1083 991 1328 1044 rebatur.
1362 1004 1421 1039 ac
1454 987 1495 1040 si
1531 1004 1624 1054 per
1653 989 1828 1054 ipsum
1858 988 2026 1038 virtus
2053 989 2310 1055 spirativa

743 1084 917 1136 Patris
985 1080 1263 1132 transiret.
1327 1078 1438 1129 lloc
1494 1077 1626 1129 illud
1679 1077 1920 1128 Ecclesia:
1953 1078 2162 1143 dogma,
2201 1079 2308 1127 itno

739 1183 1117 1228 commentum
1157 1171 1434 1235 iniquum.
1471 1169 1599 1220 mihi
1652 1168 1888 1227 videtur,
1922 1168 2066 1226 llllllti
2106 1166 2308 1234 Pachy-

739 1277 921 1316 meres
952 1263 1002 1313 itt
1040 1261 1364 1328 proccssionc
1421 1267 1616 1309 a'tema
1681 1275 1741 1309 ac
1767 1256 2104 1309 substantiali
2139 1256 2310 1309 sancti

742 1355 979 1424 Spiritus
1003 1371 1094 1420 per
1130 1351 1328 1404 Filium
1361 1368 1481 1403 eum
1511 1351 1631 1402 aliis
1665 1349 1869 1415 Grateis
1901 1349 2135 1402 fortasse
2166 1357 2312 1398 teni--

741 1449 835 1500 bat
880 1451 1065 1500 :unde
1119 1445 1439 1498 Arseniauis
1488 1442 1780 1493 adversum
1823 1443 2024 1507 pricbet
2057 1455 2195 1499 sese,
2219 1438 2311 1505 qui

740 1539 1151 1609 processiottem
1187 1536 1302 1603 ejus
1343 1550 1404 1585 ex
1439 1531 1599 1584 Patre
1627 1546 1718 1599 per
1752 1529 1954 1582 l’iltum
1984 1529 2310 1581 abolendam

746 1629 1172 1695 postulaverant.
1233 1625 1289 1676 Ιιι
1348 1624 1450 1676 hac
1507 1622 1700 1675 haeresi
1752 1637 1858 1673 non
1901 1623 2053 1677 stetit
2083 1619 2315 1688 Cyprius

741 1718 1037 1784 Gregorius
1070 1733 1083 1767 :
1118 1717 1388 1784 aliamque
1439 1716 1800 1782 excogitatam
1861 1714 1931 1765 ab
1967 1729 2054 1774 eo,
2096 1722 2316 1778 utquo-

746 1807 1023 1876 quomodo
1051 1806 1420 1858 testimonium
1453 1804 1768 1856 Damasceni
1816 1810 2138 1869 exponeret,
2171 1800 2312 1853 suis-

745 1916 854 1970 que
890 1901 1069 1953 fucum
1094 1900 1317 1960 faccret,
1343 1899 1543 1949 dictum
1574 1896 1685 1966 jam
1736 1906 1841 1958 est,
1876 1904 1930 1947 et
1962 1894 2142 1947 adhuc
2173 1893 2312 1945 intra

748 1991 1058 2046 dicendum.

819 2084 951 2140 Utut
981 2101 1106 2137 vero
1132 2082 1471 2151 homouymia
1501 2081 1570 2133 sit
1611 2082 1664 2131 in
1690 2078 1953 2131 vocabulo
1978 2076 2313 2146 procedendi,

747 2177 1154 2242 sitt‘tilibusque,
1193 2192 1292 2227 nec
1324 2173 1512 2227 eadem
1542 2172 1765 2224 notione
1800 2180 2065 2240 perpetuo
2097 2185 2316 2222 suman-

750 2280 840 2323 tur
876 2269 1001 2330 iila;
1048 2268 1361 2333 ubicunque
1418 2273 1598 2318 tamen
1657 2264 1723 2318 de
1779 2262 1985 2330 Spiritu
2032 2262 2314 2323 dicuntur,

747 2359 967 2426 quando
1024 2358 1093 2409 ad
1129 2355 1330 2407 Filium
1361 2356 1506 2408 idettt
1551 2355 1791 2420 Spiritus
1822 2362 2068 2421 retertur,
2096 2353 2319 2406 minime

746 2449 1060 2517 signiﬁcant
1093 2446 1267 2511 aliud,
1297 2463 1461 2514 quain
1519 2461 1643 2498 cum
1708 2447 1827 2514 ipse
1853 2445 1921 2498 ad
1942 2447 2157 2497 Patrem
2183 2460 2321 2496 com-

750 2552 998 2613 paratur.
1025 2537 1241 2592 Etenim
1269 2539 1528 2606 pleraque
1551 2537 1899 2605 antiquorunt
1933 2537 2150 2589 Patrum
2189 2536 2319 2589 alle-

746 2635 996 2701 gavimus
1027 2631 1367 2690 testimonia,
1401 2645 1464 2685 ac
1495 2629 1670 2682 multo
1714 2630 1869 2697 plura
1906 2640 2105 2697 przesto
2141 2632 2320 2681 forent

749 2727 802 2777 in
860 2725 1064 2791 quibus
1116 2736 1435 2788 expreSsum
1493 2731 1601 2785 est,
1635 2720 1901 2789 Spiritum
1937 2731 2179 2772 sanctum
2211 2734 2321 2771 esse

747 2836 780 2870 a
813 2817 976 2877 Filio,
1013 2827 1067 2867 et
1102 2816 1313 2882 prodire
1344 2830 1436 2882 per
1474 2816 1686 2882 ipsum;
1721 2813 1801 2864 vel
1837 2813 1901 2864 ab
1951 2821 2172 2880 utroque
2203 2826 2320 2880 pro-

747 2916 926 2962 cedere
962 2907 1123 2960 Patre
1153 2917 1197 2957 et
1236 2904 1409 2969 Filio;
1445 2907 1529 2957 vel
1587 2905 2010 2957 substantialiter
2050 2919 2113 2955 ea;
2143 2904 2321 2955 ambo-

748 3001 842 3051 bus
907 3014 1036 3058 esse,
1095 2998 1148 3049 id
1179 3007 1252 3048 est
1283 3012 1344 3048 ex
1375 2996 1537 3049 Patre
1560 3012 1652 3065 per
1690 2994 1886 3046 Filium
1921 2995 2189 3063 profundi.
2221 2995 2320 3046 Pc-

751 3094 954 3143 taviunt
1013 3089 1240 3142 consule
1293 3088 1437 3141 libro
1492 3103 1565 3140 vtt
1617 3087 1693 3138 De
1735 3085 2010 3149 Trinitate,
2049 3085 2224 3152 capite
2260 3085 2322 3136 l8

749 3197 899 3235 tium.

826 3272 909 3325 Ill.
968 3270 1178 3323 Eadem
1238 3270 1424 3332 verba,
1486 3285 1578 3334 per
1628 3267 1840 3323 Filium.
1877 3267 1940 3317 ad
1966 3279 2229 3320 aeternam
2259 3282 2321 3320 ac

750 3365 1172 3416 substantialsm
1221 3365 1391 3415 sancti
1443 3360 1682 3428 Spiritus
1741 3360 2046 3412 rel'ertntes
2100 3375 2324 3426 ιιιοοιιε-

751 3459 988 3518 sionem,
1042 3459 1114 3508 ita
1169 3457 1449 3508 nonnullis
1487 3471 1548 3506 ea
1580 3453 1886 3521 intelligere
1941 3455 2143 3520 placuit
2186 3468 2249 3506 ac
2279 3455 2324 3505 si

755 3549 896 3601 idem
922 3546 1269 3607 dcuotarent,
1331 3556 1494 3612 atque
1540 3543 1722 3605 simul,
1765 3560 1860 3596 seu
1889 3561 1995 3596 una
2025 3545 2182 3596 simul
2206 3561 2324 3597 cum

750 3639 916 3692 Filio.
993 3638 1318 3690 lirrautibus
1365 3638 1515 3688 hisce
1573 3635 1807 3704 Cyprius
1867 3635 1983 3703 ipse
2035 3637 2330 3705 Gregorius

751 3732 1012 3803 opposuit
1034 3746 1154 3784 sese
1189 3731 1241 3782 in
1270 3729 1549 3796 Apologia,
1580 3743 1744 3796 quant
1805 3730 2184 3782 reccusuimus
2231 3745 2327 3782 ca-

752 3830 867 3897 pite
894 3827 943 3885 8.
970 3841 1117 3877 num.
1147 3825 1203 3879 4.
1243 3823 1760 3891 interpretationem
1809 3822 2013 3874 evincit
2046 3837 2327 3874 commen-

749 3919 932 3970 titiam
983 3917 1223 3971 Joannes
1272 3915 1478 3966 Beccus
1529 3913 1766 3975 librotv,
1808 3911 1873 3964 ad
1905 3913 2323 3965 Constantinum

757 4027 913 4064 num.
951 4012 1003 4063 4.
1034 4028 1052 4059 t
1084 4009 1334 4077 Namque
1392 4008 1435 4061 si
1486 4022 1578 4076 per
1609 4005 1806 4058 Filium
1834 4007 2130 4072 procedere
2157 4004 2330 4072 Spiri-

753 4113 872 4156 tum
927 4114 1202 4162 sauctum,
1259 4102 1406 4156 idem
1471 4104 1542 4154 sit
1591 4116 1653 4154 ac
1677 4100 1836 4153 simul
1881 4116 1998 4152 cum
2036 4097 2176 4151 Filio
2207 4111 2333 4166 pro-

754 4196 952 4250 cedere
999 4196 1174 4262 ipsum
1242 4208 1272 4245 a
1333 4194 1531 4256 Patre;
1560 4208 1665 4260 qua
1696 4191 1907 4245 ratione
1939 4191 1991 4244 in
2023 4192 2168 4243 illius
2199 4205 2330 4258 pro-

757 4289 1009 4340 cessione
1071 4286 1242 4338 Filius
1298 4295 1482 4355 partes
1512 4284 1730 4336 habet?.
1755 4321 1768 4335 .
1805 4323 1820 4336 .
1863 4321 1880 4336 .
1912 4284 2167 4347 Quzcnam
2199 4280 2331 4334 artis

762 4379 1132 4449 grammatica:
1163 4377 1380 4430 curiosa
1416 4375 1692 4443 indagatio
1755 4374 2099 4442 (ﬁrmavet'it)
2135 4386 2326 4424 earum

762 4470 1203 4539 prchositiouum
1263 4467 1797 4534 transumptionent?
1841 4466 2060 4520 Nullum
2103 4466 2328 4532 hujusce

758 4566 839 4616 rei
867 4564 1008 4631 apud
1038 4563 1287 4630 profanos
1330 4558 1560 4626 reperiri
1600 4559 1801 4626 poterit
1861 4573 2097 4625 unquam
2140 4572 2326 4609 exent-

764 4657 912 4724 plum
944 4669 955 4703 :
993 4653 1085 4706 sed
1123 4668 1223 4704 nec
1259 4652 1403 4718 apud
1447 4667 1568 4713 nos,
1600 4652 1692 4719 qui
1726 4651 2050 4702 diviniorem
2083 4649 2325 4716 philoso-

762 4749 946 4816 phiam
973 4745 1226 4808 colimus,
1255 4744 1400 4796 ullus
1431 4754 1514 4796 est
1547 4745 1639 4811 qtti
1675 4744 1792 4796 loco
1827 4742 1994 4804 illius,
2026 4757 2165 4797 cum.
2193 4757 2329 4807 pra:-

761 4841 1089 4908 positionem
1169 4853 1260 4904 per
1337 4837 1508 4903 accipi
1586 4837 1798 4898 tradat;
1867 4832 2326 4902 quemadmodum

761 4938 810 4998 (e
842 4933 1052 4995 contra)
1112 4945 1197 4990 ex,
1249 4937 1303 4981 et
1358 4943 1446 4993 per
1477 4927 1617 4995 apud
1655 4928 1936 4988 Basiliunt,
1961 4924 2244 4995 Cyrillum,
2272 4933 2327 4974 et

757 5025 1082 5092 Giegorium
1121 5023 1446 5091 Nyssenum,
1492 5035 1717 5088 magnos
1737 5020 1959 5087 quidem
1999 5022 2168 5080 viros,
2203 5033 2324 5068 mu-

761 5130 908 5167 tuam
946 5131 1107 5166 lllliUS
1131 5131 1228 5182 pro
1252 5115 1354 5166 alia
1387 5115 1762 5182 aCt-eptionetn
1809 5113 2074 5165 invenies.
2116 5110 2170 5161 Id
2198 5125 2327 5161 vero

754 5212 1136 5260 cozceilatur:
1176 5209 1251 5275 (in
1308 5207 1639 5259 catholicum
1704 5207 1892 5273 dogma
1970 5204 2328 5256 uiltitmuinus

755 5299 1059 5350 coni-cdere
1117 5299 1467 5350 adversarios
1519 5300 1782 5365 oportet).
1850 5295 2094 5362 Namque
2137 5295 2324 5352 dictio,

764 5393 1052 5440 l'roductor
1090 5406 1180 5440 oer
1228 5390 1472 5451 Verbum,
1499 5405 1658 5455 cuius
1707 5389 1928 5438 divinus
1959 5387 2328 5437 DamaScenus

758 5498 949 5537 auctor
979 5495 1084 5544 est,
1116 5501 1333 5536 causam
1367 5485 1468 5536 hac
1503 5483 1716 5533 ratione
1771 5497 1890 5530 cum
1931 5479 2068 5530 Filio
2105 5477 2321 5530 Putrem

758 5580 1077 5644 ciiiiqtrttbat
1139 5596 1150 5630 :
1199 5573 1951 5649 adeoque_comprobaverit
2007 5571 2224 5634 Patris,
2277 5581 2326 5622 et

757 5668 879 5721 Filii
909 5671 1154 5720 unionem
1185 5671 1237 5721 iu
1264 5685 1423 5719 causa
1460 5666 1713 5736 Spiritus.
1747 5665 1881 5718 Ilinc
1900 5681 2026 5717 vero
2047 5663 2325 5731 (pra-dicta

763 5761 914 5828 131
945 5777 1048 5812 non
1080 5761 1320 5812 admissa
1356 5761 1553 5819 Patris,
1587 5769 1641 5811 et
1707 5757 1823 5811 Filii
1862 5758 2060 5809 unione
2087 5758 2138 5806 in
2163 5771 2322 5807 causa

759 5851 994 5918 Spiritus
1049 5851 1270 5919 sancti),
1331 5849 1632 5902 absurdum
1701 5857 2024 5915 sequeretur
2078 5845 2322 5899 omnium

2415 621 2524 673 ttim
2585 623 2627 674 si
2671 639 2784 673 cuni
2841 623 2979 675 Filio
3013 625 3261 692 procedit
3300 626 3540 692 Spiritus
3565 639 3785 681 sanctus
3810 669 3823 690 ,
3863 630 3979 681 ﬁeri

2415 715 2624 781 nequit,
2650 725 2706 768 ut
2742 715 2909 767 Filius
2959 731 3180 784 quoque
3230 716 3533 785 procedens
3557 733 3662 770 non
3695 718 3783 775 sit.
3815 730 3870 771 et
3901 720 3986 770 di-

2413 815 2570 857 catur
2604 825 2613 857 :
2656 805 2818 858 veluti
2854 808 2900 858 si
2943 808 3067 870 quis
3101 806 3299 860 Filium
3354 808 3602 874 generari
3632 825 3750 859 cum
3777 806 3983 875 Spiritu

2414 893 2641 958 diceret,
2673 893 2926 962 Spiritum
2951 896 3122 960 ipsum
3163 898 3410 964 generari
3437 909 3490 950 et
3517 896 3747 964 intelligi
3789 908 3844 950 et
3877 898 3982 950 dici

2413 985 2788 1038 conﬁrmaret.
2833 1006 2850 1035 ι
2882 986 3000 1039 Vim
3052 988 3504 1053 praepositionum
3584 976 3841 1044 duarum.
3899 990 3987 1040 διὰ

2416 1093 2527 1144 per,
2558 1086 2611 1128 et
2644 1078 2699 1138 ἐξ
2739 1077 2818 1129 vel
2845 1081 2904 1128 ἐκ
2959 1092 3043 1138 ex,
3077 1078 3414 1144 amplissime
3460 1076 3701 1131 declarat
3732 1077 3988 1132 Petavius

2415 1168 2738 1220 citzitoltbro
2770 1184 2859 1230 vti,
2895 1169 3073 1235 capite
3109 1168 3194 1228 l7,
3227 1184 3254 1220 a
3287 1184 3438 1221 num.
3467 1167 3524 1221 2.

2485 1259 2562 1310 Ad
2623 1259 2768 1312 hunc
2835 1260 3003 1326 redigi
3055 1262 3233 1312 locum
3289 1267 3469 1325 potest
3499 1259 3771 1313 Gabriclis
3802 1260 3989 1314 Severi

2414 1350 2908 1416 Philadelphiensis
2931 1350 3189 1418 objectio,
3225 1367 3294 1417 qu
3318 1369 3345 1398 ν
3386 1355 3780 1418 prietermitten
3809 1354 3851 1403 la
3879 1368 3987 1404 non

2413 1454 2518 1495 est.
2568 1462 2584 1492 ι
2617 1441 2670 1496 Si
2732 1460 2822 1510 per
2881 1443 3199 1510 pra-positio
3263 1445 3486 1510 (inquit)
3518 1443 3765 1496 eamdem
3805 1443 3908 1494 vim
3937 1451 3991 1494 rt

2415 1535 2777 1601 signiﬁcatum
2837 1536 3063 1588 haberet
3123 1535 3174 1587 in
3243 1537 3446 1589 divinis
3501 1536 3772 1603 personis,
3825 1549 3988 1600 quant

2418 1627 2579 1680 habet
2630 1643 2715 1686 ex,
2779 1627 3060 1679 diceretur
3094 1626 3333 1694 Spiritus
3359 1637 3583 1680 sanctus
3617 1644 3710 1694 per
3739 1625 3986 1688 Patrem,

2415 1730 2470 1772 et
2501 1736 2563 1772 ex
2590 1719 2731 1770 Filio
2761 1720 3060 1786 procedere
3091 1737 3103 1771 :
3130 1718 3222 1772 sed
3258 1718 3364 1771 hoc
3396 1733 3684 1783 nunquam
3714 1719 3988 1785 apparuit,

2419 1827 2596 1880 neque
2629 1811 2876 1863 auditum
2909 1821 3012 1867 est.
3052 1825 3226 1878 neque
3279 1825 3305 1861 a
3333 1810 3515 1863 divina
3548 1809 3854 1876 Scriptura,
3891 1823 3991 1861 ne-

2418 1917 2524 1968 que
2579 1918 2606 1954 a
2663 1901 2868 1953 sanctis
2891 1899 3164 1953 Patribus.
3194 1901 3490 1966 Propterea
3525 1917 3638 1969 per,
3676 1900 3991 1967 praepositio

2421 1995 2473 2047 in
2502 1993 2702 2046 divinis
2742 1993 2989 2061 personis
3011 2007 3118 2044 non
3147 1991 3988 2058 habeteumdemsigniﬁcatum,

2420 2097 2472 2140 et
2525 2086 2665 2137 vires
2707 2099 2840 2151 quas
2886 2083 3049 2136 habet
3104 2083 3403 2151 praeposito
3430 2099 3493 2134 ex
3519 2099 3536 2144 ,'
3561 2082 3657 2134 sed
3687 2098 3877 2148 magna
3906 2090 3992 2134 est

2417 2195 2608 2232 earum
2649 2177 2981 2232 dill'erentia.
3020 2193 3041 2229 ι
3074 2175 3147 2227 Ex
3209 2158 3449 2243 Josepho
3482 2174 3739 2227 Briennio
3767 2173 3990 2226 desum-

2422 2282 2509 2338 pta
2574 2270 2686 2321 hatc
2744 2278 2873 2319 sunt
2926 2267 2979 2319 itt
3025 2267 3273 2318 oratione
3313 2265 3457 2317 lOde
3487 2263 3778 2315 Trinitate.
3811 2262 3990 2316 Lucu-

2421 2362 2723 2416 lentissime
2783 2360 3148 2428 objectionem
3201 2357 3461 2410 convellit
3519 2356 3630 2409 Leo
3677 2356 3988 2410 Allatiusin

2430 2454 2680 2506 Viudiciis
2719 2451 2993 2520 Ephesium
3021 2449 3230 2519 synodi,
3265 2449 3443 2517 capite
3476 2447 3564 2502 64.

2495 2546 2618 2598 [hac
2683 2547 2905 2613 profero
2949 2557 3142 2610 pauca.
3200 2542 3275 2595 Ac
3332 2542 3510 2610 primo
3539 2539 3990 2610 prmpositionem

2423 2655 2512 2708 per
2567 2637 2743 2690 locum
2795 2636 2996 2689 habere
3046 2637 3098 2688 in
3129 2635 3288 2688 Patre
3328 2645 3383 2688 et
3416 2634 3574 2693 Filio,
3601 2649 3662 2686 ac
3701 2635 3993 2703 utriusque

2423 2730 2531 2782 vim
2603 2728 2858 2792 activam,
2909 2736 3004 2780 aut
3041 2727 3391 2780 efﬁcientiam
3419 2726 3752 2796 signiﬁcare,
3780 2728 3995 2781 caeteris

2424 2821 2665 2888 antiquis
2720 2817 2977 2872 Patribus
3031 2817 3316 2870 brevitatis
3360 2833 3522 2870 causa
3550 2818 3791 2880 omissis,
3820 2820 3998 2871 discr-

2427 2913 2631 2967 tissime
2689 2913 2851 2966 docet
2900 2911 3138 2980 Cyrillus
3219 2911 3643 2972 Alexandrinus,
3703 2913 3839 2964 lbro
3880 2928 3892 2963 ι
3941 2912 3998 2965 in

2423 3004 2647 3060 Joannis
2688 3002 3071 3070 Evattgelium,
3109 3002 3287 3069 capite
3340 3018 3404 3064 v;
3436 3001 3501 3053 ad
3534 3001 3624 3055 illa
3659 3002 3842 3063 verba,
3869 2999 3997 3055 0m-

2427 3099 2516 3149 nia
2580 3113 2669 3163 per
2723 3097 2913 3160 ipsum,
2961 3094 3028 3146 δι’
3085 3093 3271 3157 αὑτοῦ,
3339 3094 3478 3162 facta
3530 3101 3672 3158 sunt,
3728 3093 3807 3146 sic
3860 3095 3995 3147 ait:

2351 3194 2393 3250 C
2434 3210 2449 3239 ι
2485 3188 2638 3254 Quod
2692 3189 2736 3240 si
2787 3189 3101 3240 existiment
3126 3186 3256 3238 illud
3286 3185 3352 3236 δι’
3384 3183 3465 3245 οἶδ,
3491 3202 3583 3253 per
3609 3201 3781 3252 quem,
3812 3188 3873 3236 de
3902 3181 4001 3236 Fi-

2430 3284 2499 3334 lia
2532 3267 2758 3334 dictum:
2794 3279 3159 3332 substantiam
3216 3279 3334 3344 ejus
3359 3277 3424 3330 de
3455 3278 3767 3348 tequailitztte
3803 3286 3857 3329 et
3892 3292 3992 3330 ιιι-

2429 3373 2588 3427 turali
2646 3373 3008 3425 simil-tudine
3060 3387 3181 3423 cum
3227 3371 3382 3422 Patre
3408 3371 3683 3439 dejicere;
3718 3373 3788 3423 ita
3816 3379 3873 3423 ut
3899 3371 4004 3422 nti-

2428 3468 2587 3518 nister
2645 3466 2715 3518 sit
2775 3467 2974 3532 potius,
3037 3480 3199 3530 quam
3253 3463 3602 3517 creator:ad
3657 3477 3715 3516 se
3773 3463 4003 3516 redeant

2428 3559 2629 3621 insani,
2664 3568 2720 3611 et
2758 3559 2814 3611 in
2849 3557 3087 3610 medium
3113 3555 3379 3624 prodeant
3436 3555 3595 3609 nobis
3653 3557 3999 3624 responsuri,

2429 3650 2688 3718 quidnam
2713 3649 2781 3702 de
2812 3651 2924 3717 ipso
2969 3649 3130 3699 Patre
3158 3648 3375 3701 tandem
3430 3648 3724 3716 cogitaturi
3785 3648 3962 3700 simus
3984 3690 3999 3712 ,

2427 3755 2794 3812 etquemnam
2828 3743 3004 3810 ipsum
3054 3741 3418 3808 suspicaturi;
3467 3755 3589 3793 cum
3618 3749 3800 3809 pateat
3833 3739 4003 3793 verba

2428 3836 2540 3896 illa,
2567 3851 2658 3902 per
2681 3849 2854 3902 quem,
2893 3833 2993 3900 ipsi
3026 3835 3188 3886 etiam
3219 3832 3412 3900 (Patri)
3437 3846 3466 3883 a
3502 3831 3786 3896 Scriptura
3812 3829 4002 3883 divina

2428 3926 2850 3980 accommodari.
2887 3923 3082 3977 Fidelis
3131 3927 3268 3977 enim
3315 3923 3453 3977 Deus
3485 3925 3686 3993 (inquit
3729 3923 3746 3976 l
3776 3923 3902 3977 Cor.
3935 3923 4002 3990 t),

2430 4018 2495 4070 δι⁸
2530 4017 2611 4078 οὗ,
2641 4033 2731 4087 per
2762 4031 2911 4086 quem
2951 4017 3120 4068 vocati
3148 4017 3267 4068 estis
3298 4018 3353 4066 iu
3382 4010 3684 4067 societatem
3710 4013 3842 4068 Filii
3863 4015 4000 4082 ejus.

2433 4109 2501 4162 Et
2533 4109 2619 4172 (ad
2645 4107 2846 4176 Ephes.
2885 4106 2946 4175 I.)
2969 4106 3055 4157 διὰ
3083 4106 3390 4174 Θελήματος
3438 4105 3601 4167 Θεοῦ,
3635 4122 3727 4169 per
3753 4107 4004 4159 volunta-

2431 4214 2532 4255 tem
2555 4203 2688 4270 ejus.
2737 4199 2802 4254 Et
2838 4199 2925 4268 (ad
2956 4197 3130 4253 Galat.
3169 4201 3244 4267 tv)
3279 4197 3466 4266 Itaque
3487 4197 3608 4267 jam
3651 4215 3752 4250 non
3787 4207 3864 4251 est
3888 4214 4006 4252 ser-

2433 4312 2546 4356 rus,
2609 4294 2699 4346 sed
2748 4293 2890 4360 ﬁlius
2928 4308 2945 4344 :
2975 4292 3113 4361 quod
3168 4294 3212 4344 si
3261 4290 3426 4358 ﬁlius,
3459 4299 3507 4343 et
3535 4294 3699 4344 lustres
3721 4292 3807 4342 διὰ
3842 4289 4006 4352 Θεοῦ,

2433 4405 2527 4458 per
2589 4387 2779 4440 Deum.
2833 4385 3025 4440 Onmia
3056 4385 3258 4453 quippe
3291 4385 3406 4438 lucc
3422 4382 3748 4442 referuntur
3780 4383 3842 4436 ad
3878 4398 4007 4451 pcr-

2433 4494 2621 4532 sonam
2672 4478 2766 4531 Dei
2817 4492 2880 4530 ac
2930 4475 3150 4528 Patris?
3188 4490 3364 4543 neque
3423 4491 3553 4528 sane
3593 4491 3658 4528 eo
3713 4474 4008 4528 dementia:

2433 4569 2723 4637 quisquam
2782 4568 3016 4626 venerit,
3076 4577 3134 4619 ut
3194 4566 3600 4618 ministrationis
3652 4578 3888 4623 nomen,
3947 4572 4008 4615 et

2437 4676 2546 4712 rem
2577 4663 2737 4713 etiam
2765 4660 2832 4712 de
2864 4660 2977 4726 ipsa
3037 4658 3127 4710 ltei
3158 4667 3204 4708 et
3241 4657 3418 4709 Patris
3462 4658 3738 4725 majestate
3767 4669 4009 4708 consen-

2435 4763 2589 4805 tauee
2616 4753 2722 4804 dici
2755 4752 2911 4813 velit;
2937 4767 2996 4802 ex
3027 4766 3092 4802 eo
3115 4750 3259 4816 quod
3310 4749 3472 4803 etiam
3503 4748 3658 4803 illud.
3693 4763 3786 4814 per
3823 4762 4004 4814 quem,

2430 4844 2498 4895 δι’
2531 4837 2613 4902 9-3,
2646 4843 2712 4894 de
2746 4843 2865 4908 ipso
2897 4841 3106 4894 dictum
3142 4851 3266 4894 est;
3305 4857 3322 4888 ι
3376 4837 3525 4891 Vides
3552 4839 3869 4906 particulam
3903 4853 4012 4904 per

2435 4936 2622 5003 (vi-rba
2654 4943 2780 4987 sunt
2809 4934 3036 4997 Allatti),
3072 4935 3175 4984 Iteo
3227 4930 3399 4993 Patri,
3452 4939 3498 4981 et
3534 4947 3636 4981 non
3677 4941 3879 4980 tantum
3915 4929 4011 4984 Vi-

2435 5035 2504 5081 lio
2562 5027 2922 5078 attributam:
2967 5039 3132 5093 neque
3193 5025 3304 5074 ideo
3363 5039 3392 5073 α
3446 5020 3682 5072 naturali
3742 5022 4016 5088 dignitate

2433 5118 2649 5172 Patrem
2673 5120 2928 5169 decidere.
2961 5115 3100 5166 Dicvt
3144 5113 3299 5182 132
3341 5111 3580 5175 Severus,
3650 5113 3760 5164 Iure
3782 5113 3844 5162 de
3877 5127 4016 5179 ope-

2433 5213 2723 5263 rationibus
2752 5211 2820 5261 ad
2855 5217 3000 5260 extra
3040 5208 3402 5275 pronuntiari.
3436 5204 3571 5266 Quid
3611 5204 3764 5255 tum?
3791 5202 4014 5271 Ergone

2434 5313 2545 5354 tum
2579 5302 2737 5353 Pater
2766 5301 2982 5358 amittit,
3009 5300 3149 5349 utsit
3190 5299 3360 5362 prima
3398 5307 3443 5346 et
3483 5297 3675 5362 absque
3736 5296 4012 5362 principio

2431 5405 2593 5440 causa
2619 5403 2818 5445 rerum,
2850 5388 2980 5437 adeo
3018 5397 3069 5435 ut
3102 5402 3201 5436 non
3233 5386 3392 5453 possit
3421 5386 3481 5435 de
3509 5385 3599 5435 illo
3629 5385 3902 5451 aﬂinuari.
3941 5401 4015 5440 ex

2434 5478 2561 5540 Deo,
2604 5490 2650 5530 et
2677 5494 2738 5528 ex
2765 5477 2926 5529 Patre
2947 5476 2970 5527 ?
2994 5473 3210 5526 Minime
3236 5476 3466 5543 gentium
3528 5474 3670 5526 Nam
3699 5476 3860 5526 etiam
3888 5486 4011 5528 tum

2431 5569 2510 5621 illi
2552 5586 2654 5621 non
2685 5571 2856 5620 minus
2879 5568 3114 5620 convenit
3139 5568 3456 5635 prtepositw,
3490 5582 3577 5620 ex.
3609 5565 3756 5617 Illud
3789 5577 4011 5620 tantum

2431 5665 2779 5724 concluditur,
2835 5664 2886 5714 in
2950 5662 3138 5713 divinis
3193 5662 3426 5728 personis
3509 5659 3746 5712 eumdem
3808 5659 4014 5711 habere

2430 5754 2804 5821 signiﬁcatum,
2865 5761 2912 5803 et
2961 5751 3195 5805 eamdem
3231 5751 3355 5811 vim,
3385 5750 3565 5802 ambas
3607 5756 3760 5802 ltasce
3791 5764 4011 5817 pra'po-

2432 5847 2647 5898 sitiones
2675 5859 2740 5898 es
2766 5853 2813 5895 et
2841 5859 2963 5912 per.
