4198 6440
164 467 260 531 1³7

1335 460 1541 518 \'l'l'.-\.
1571 481 1634 490 ’-
1669 453 2177 512 1>15ῒέΕΗΊἚΧΤΙΟ
2221 453 2271 508 I.

3330 444 3430 507 133

221 585 412 650 Quid?
454 585 609 653 quod
643 584 708 638 de
739 585 852 652 ipsa
883 582 1367 652 Cyrillusarlertta,
1401 593 1464 630 ac
1483 576 1738 630 substan-
1770 590 1813 642 Α
1848 584 1893 625 et
1961 575 2100 623 actio
2153 573 2442 640 aliquando
2495 571 2592 622 sibi
2650 585 2836 620 nomen
2895 570 3095 636 agentis
3141 569 3429 618 a.tscisrere

162 675 266 727 tiali
315 689 499 742 agens
547 678 929 744 processiune.
989 671 1254 740 Spiritum
1305 680 1557 724 sanetum
1589 683 1745 736 atque

158 783 242 832 per
290 765 549 830 Patrem,
606 784 800 835 perque
857 763 1056 818 Filium
1098 763 1417 832 procedere,
1453 778 1554 816 nos
1585 767 1747 816 docet

159 866 215 910 de
279 870 427 911 recta
483 859 591 926 ﬁde
650 862 718 911 ad
777 862 988 927 reginas
1015 901 1028 924 ,
1064 869 1212 911 tonio
1258 857 1316 919 V,
1347 872 1496 924 parte
1531 873 1591 918 II,
1621 871 1742 923 pag.

161 951 254 1003 liZ
285 970 300 1004 :
334 969 354 1002 ι
395 952 516 1018 Ipsa
558 951 852 1004 vivificatio
881 950 1217 1020 (inquiens),
1273 949 1355 1001 vel
1394 949 1748 1001 exsuscitatio

158 1059 256 1094 non
313 1043 386 1094 ad
450 1044 627 1110 ipsam
661 1045 908 1111 corporis
941 1049 1214 1102 naturam,
1251 1041 1376 1094 licet
1409 1041 1539 1092 illttd
1567 1039 1744 1092 Verbo

158 1147 213 1184 ex
263 1134 384 1187 Deo
433 1136 628 1202 genito
677 1135 957 1201 proprium
1017 1133 1312 1193 exstiterit.
1343 1135 1436 1186 sed
1470 1134 1650 1202 potius
1681 1133 1746 1186 ad

161 1240 480 1292 supremam
542 1227 689 1278 illam
747 1226 1029 1288 virtutem,
1088 1224 1191 1277 hoc
1230 1235 1313 1277 est
1354 1233 1747 1276 eamuaturam

160 1317 276 1379 jure
347 1314 562 1366 merito
626 1313 911 1367 referenda
959 1323 1062 1376 est,
1117 1329 1238 1381 qua:
1295 1328 1512 1366 omnem
1536 1315 1750 1367 excedit

163 1420 508 1468 creaturam.
575 1410 718 1462 sicut
769 1409 821 1461 in
889 1423 1125 1477 persona
1182 1410 1276 1462 Dei
1312 1409 1610 1468 l’atris,ex
1641 1425 1751 1476 quo

166 1506 407 1568 πέφηνεν
471 1504 663 1570 prodit
721 1503 894 1558 Filius
939 1520 1036 1573 per
1086 1505 1268 1558 oumia
1312 1506 1385 1558 illi
1412 1505 1661 1572 aqualis,
1699 1516 1753 1557 et

166 1596 708 1649 consubsuntiilis:
742 1597 962 1664 flplaiai
1011 1597 1066 1649 δὲ
1116 1597 1181 1649 δι’
1225 1599 1452 1663 ἀμφοῖν.
1519 1597 1750 1662 procedit

167 1698 343 1738 autem
370 1705 468 1751 per
507 1701 758 1756 utrosque
780 1699 836 1744 et
889 1688 1136 1744 vivificus
1167 1669 1388 1756 quoque
1419 1688 1682 1758 Spiritus.
1725 1709 1743 1740 ι

170 1776 472 1845 l’erspicuc
535 1790 702 1846 patet,
763 1782 1208 1850 prapositionem
1261 1781 1753 1849 peraccommoda-

171 1879 270 1921 tam
311 1871 493 1934 Patri,
526 1873 779 1925 eumdem
808 1873 1007 1926 habere
1066 1874 1434 1942 signiﬁcatum
1467 1890 1590 1926 cum
1621 1890 1753 1941 pra:-

1846 668 2077 730 oidetnr,
2136 673 2190 715 ut
2247 664 2374 717 solis
2425 663 2676 732 splendor
2723 673 2812 714 aut
2857 667 3026 714 lumen
3068 675 3430 728 sn'penumero

1846 759 1995 811 solis.

1924 851 2157 918 lmpium
2219 849 2361 900 istud
2421 859 2792 901 commentum
2847 852 2921 900 ntl
2965 860 3086 899 esse
3117 845 3284 904 aliud.
3324 843 3429 898 nisi

1849 946 2254 1014 prxlormatam
2287 943 2537 1007 Gregorii
2583 941 2813 994 Palama:
2846 940 3123 1001 haeresim,
3150 940 3430 992 adnotavi-

1852 1052 1975 1088 Inus
2033 1037 2204 1086 citato
2269 1033 2446 1098 capite
2473 1039 2528 1092 ὅ,
2560 1048 2710 1083 ιιιιιι..
2738 1032 2772 1083 2
2801 1041 2855 1083 et
2879 1031 2929 1084 5.
2972 1030 3107 1082 Hinc
3143 1045 3296 1081 nova:
3327 1029 3434 1080 lia:—

1853 1143 2037 1178 res-ros
2093 1126 2353 1194 Cyprium
2411 1139 2566 1175 reum
2593 1123 2833 1175 Joannes
2880 1122 3082 1175 Beccus
3112 1122 3429 1174 accusabat.

1854 1216 1972 1286 Ipse
2019 1217 2383 1286 Pacliymeres
2435 1215 2656 1267 nomine
2699 1229 2799 1265 sou
2843 1214 3189 1279 aliorumque
3253 1215 3432 1267 sultis-

1855 1312 2178 1364 ntaticorutn
2213 1311 2414 1371 aiebat,
2444 1323 2791 1377 nequaquam
2835 1324 2893 1360 se
2934 1324 3128 1376 capere
3167 1311 3298 1372 quid
3333 1310 3433 1362 sibi

1855 1405 2019 1457 vellet
2071 1405 2304 1472 Cyprius
2333 1421 2345 1454 :
2376 1404 2794 1469 qumrebatquc,
2859 1403 3148 1454 monstrari
3190 1403 3285 1454 sibi
3322 1403 3435 1453 dis-

1853 1500 2054 1550 crimen
2121 1498 2487 1564 processtonis,
2546 1509 2608 1545 ac
2661 1502 2874 1545 attenta
2918 1497 3432 1560 exsplendescentim.

1855 1593 2054 1646 Notum
2109 1592 2335 1657 quippe,
2402 1601 2866 1656 compertumque
2926 1601 3068 1651 erat,
3121 1591 3436 1643 divinarum

1856 1700 2215 1750 personarum
2280 1684 2648 1734 emanatioues
2706 1683 2774 1733 ad
2832 1685 3150 1734 exstantium
3187 1684 3441 1751 frequen-

1860 1777 1966 1829 tius
2005 1774 2264 1843 appellari
2297 1791 2324 1826 a
2362 1775 2620 1827 l'atribus
2649 1775 3189 1841 exsplendescentias,
3218 1785 3269 1827 et
3292 1775 3442 1841 eﬂul-

1859 1871 2060 1930 siones;
2116 1879 2307 1935 utpote
2370 1869 2575 1934 quibus
2631 1867 2828 1920 divina
2887 1877 3078 1919 natura
3125 1883 3153 1920 a
3197 1869 3355 1922 Patre
3390 1869 3440 1920 in

169 1963 448 2028 positione
514 1978 580 2014 ex
617 1978 634 2015 :
667 1964 1036 2034 eamdemque
1087 1936 1143 2018 in
1191 1966 1310 2019 loco
1333 1964 1521 2033 Cyrilli
1551 1936 1750 2020 habere
1788 1936 1825 1988 Β
1863 1959 2081 2014 Filium.
2135 1972 2191 2012 et
2247 1974 2275 2010 a
2311 1959 2470 2012 Patre
2517 1957 2768 2027 Filioque
2818 1969 3149 2027 propagetur
3181 1961 3232 2012 in
3270 1960 3444 2029 Spiri-

165 2055 550 2122 signiﬁcatum
579 2057 1050 2111 accommodatam
1081 2056 1237 2110 Filio.

231 2145 346 2198 Cur
379 2162 519 2213 ergo
552 2163 660 2200 non
684 2147 872 2202 dixere
925 2148 1116 2202 Patres
1143 2164 1235 2215 per
1269 2147 1485 2202 Patrem
1514 2165 1576 2202 ea:
1609 2147 1751 2202 Filio

169 2238 471 2308 Spiritum?
543 2239 620 2292 Ne
681 2241 889 2294 scilicet
947 2241 1148 2292 medius
1183 2240 1348 2292 Pater
1384 2241 1526 2293 inter
1558 2241 1754 2294 Filimn

171 2335 608 2398 intelligeretur,
665 2345 719 2386 et
774 2334 1042 2401 Spiritum
1081 2334 1756 2402 sanctumzquemadmo-

171 2428 300 2476 dum
369 2427 521 2478 inter
563 2427 777 2479 Patrem
835 2437 889 2480 et
938 2425 1205 2494 Spiritum
1247 2437 1496 2479 sanctum
1550 2430 1752 2481 medius

175 2529 252 2569 est
300 2515 528 2578 Filius;
587 2518 731 2572 unde
789 2534 882 2586 per
946 2519 1114 2585 ipsum
1176 2519 1472 2586 procedere
1503 2534 1566 2570 ex
1593 2519 1756 2572 Patre

177 2614 387 2666 dicitur
445 2614 690 2680 Spiritus
745 2624 986 2665 sanctus.
1037 2611 1311 2680 Insignem
1341 2613 1518 2666 recole
1547 2613 1752 2666 doctri-

179 2723 302 2758 nam
372 2705 628 2772 Gregorii
678 2704 906 2772 Nysseni
979 2704 1032 2756 in
1075 2704 1316 2770 Epistola
1345 2705 1411 2756 ad
1448 2703 1759 2768 Ablavium,

180 2801 358 2862 capite
397 2797 451 2858 5,
494 2811 646 2850 num.
674 2796 740 2848 ll!
773 2795 846 2864 (5)
874 2795 1198 2848 illustratam
1227 2811 1242 2847 :
1270 2781 1618 2848 nimirunt.in
1657 2796 1764 2850 Deo

183 2891 325 2940 aiiad
354 2905 469 2941 esse
505 2905 743 2951 causam,
772 2895 816 2939 et
843 2887 990 2940 aliud
1015 2902 1076 2940 es:
1105 2903 1267 2940 causa
1307 2903 1324 2941 :
1372 2889 1423 2940 el
1461 2890 1514 2941 in
1547 2905 1604 2941 eo
1628 2891 1767 2958 quod

183 3000 243 3034 α
281 3000 472 3044 causa,
540 2982 683 3033 aliud
745 2996 856 3033 esse
902 2981 1036 3031 citra
1096 2981 1322 3032 medium
1389 2997 1450 3032 ea:
1498 2983 1687 3048 primo,
1717 2994 1766 3034 et

184 3079 331 3126 aliud
385 3091 497 3127 esse
544 3091 634 3141 per
684 3075 736 3126 id
782 3073 918 3142 quod
960 3074 1094 3124 citra
1137 3074 1362 3126 medium
1387 3091 1448 3126 rx
1475 3076 1644 3142 primo
1671 3088 1766 3128 est.

181 3171 334 3221 Adde
369 3165 554 3220 sancti
584 3165 805 3217 Tlioma:
829 3163 1031 3232 saepius
1076 3175 1378 3218 memorata
1411 3165 1764 3230 documenta,

185 3262 459 3313 tradentis
488 3278 500 3309 :
532 3258 721 3311 flabito
757 3269 1006 3325 respectu
1033 3257 1096 3311 ad
1151 3258 1478 3327 principium
1513 3263 1772 3326 activum,

185 3370 296 3404 stre
345 3352 415 3404 ad
483 3353 743 3403 virtutem
799 3350 1079 3418 spirandi,
1130 3352 1436 3404 immediate
1497 3351 1766 3420 Spiritum

185 3459 442 3499 sanctum
482 3462 592 3498 esse
626 3463 654 3497 a
685 3442 845 3497 Patre
871 3453 920 3497 et
950 3461 980 3496 a
1013 3441 1176 3509 Filio,
1212 3446 1294 3498 vel
1325 3461 1417 3514 per
1447 3456 1726 3514 utrumque
1750 3462 1770 3498 .·

188 3542 496 3607 nubilaque
571 3549 822 3605 reSpectu
887 3537 950 3590 ad
1004 3538 1286 3605 supposita
1335 3537 1466 3602 duo,
1505 3537 1680 3589 Patris
1715 3547 1772 3591 et

187 3631 346 3689 Filii,
409 3630 623 3696 quibus
677 3645 780 3680 una
812 3628 954 3681 inest
979 3629 1437 3696 spirandivirtus,
1493 3632 1772 3681 mediatio-

188 3743 306 3776 nem
346 3725 540 3776 loeum
571 3721 792 3782 habere,
829 3736 934 3787 qua
960 3720 1199 3790 Spiritus
1228 3732 1452 3775 sanctus
1473 3723 1770 3790 procedere

189 3817 420 3874 dicitur,
477 3828 589 3864 non
656 3828 717 3863 ex
747 3810 889 3863 Filio
918 3820 966 3862 et
1009 3811 1188 3872 Patre,
1228 3830 1402 3882 neque
1435 3830 1527 3881 per
1555 3814 1770 3866 Patrem

191 3926 221 3957 a
260 3905 453 3969 Filio;
483 3904 582 3957 scd
616 3921 648 3954 α
687 3901 848 3954 Patre
875 3920 968 3972 per
1027 3903 1248 3965 Filium,
1281 3907 1362 3958 vcl
1399 3923 1429 3957 α
1467 3907 1628 3959 Patre
1657 3918 1702 3959 et
1740 3924 1770 3958 a

195 3997 361 4052 Filia.

265 4093 356 4145 ιν.
395 4091 455 4144 ln
484 4105 554 4144 co
580 4103 690 4142 non
734 4090 884 4141 stetit
944 4102 1131 4140 errore
1184 4087 1485 4156 Gregorius
1522 4087 1772 4156 Cyprius,

194 4202 304 4250 quo
371 4182 620 4251 Spiritus
662 4190 830 4232 sancti
893 4181 1272 4246 processionem
1337 4197 1426 4246 per
1489 4178 1772 4232 Filiumad

191 4276 452 4345 ejusdem
518 4271 650 4322 Filii
715 4273 1060 4322 ministerium
1122 4273 1526 4338 quodammodo
1573 4273 1776 4324 instru-

197 4367 443 4420 mentale
476 4364 773 4418 referebat.
799 4362 1015 4416 lnvecu
1049 4373 1308 4428 praeterea
1340 4365 1585 4434 ejusdem
1602 4365 1776 4417 sancti

193 4462 442 4528 Spiritus
516 4471 613 4524 per
670 4455 866 4508 Filium
922 4455 1294 4522 processione,
1333 4465 1538 4508 nonad
1567 4467 1778 4507 exstan-

194 4559 353 4617 tiam,
407 4551 508 4605 sed
545 4551 615 4600 ad
656 4557 908 4600 cternam
953 4547 1513 4614 easplendescentiam,
1561 4558 1777 4600 sancto-

1863 2063 1978 2104 ιυιιι
2014 2062 2268 2104 δλιιειυιιι
2281 2092 2291 2102 .

1938 2142 1998 2195 γ.
2052 2142 2284 2196 Joannis
2354 2141 2511 2196 Bccci
2566 2143 2823 2197 videlicet
2859 2145 3331 2212 disputationibus
3357 2146 3446 2199 ni-

1864 2236 2034 2287 mium
2081 2249 2308 2303 pressus
2361 2236 2780 2304 exagitatusque
2824 2237 3120 2306 Gregorius
3175 2239 3438 2307 Cyprius,

1869 2342 2034 2380 nexas
2085 2328 2330 2382 cudebat
2394 2328 2672 2389 haereses,
2726 2328 2962 2381 alienam
3014 2344 3043 2380 a
3093 2329 3447 2386 confessione

1866 2422 2122 2476 catholici
2165 2423 2436 2489 dogmatis
2487 2434 2723 2475 mentem
2760 2439 2958 2490 gerens
2983 2425 3447 2492 pertinacissime.

1866 2513 1971 2566 Sed
2006 2525 2132 2567 ante
2173 2514 2287 2567 lucc
2347 2515 2650 2568 certamina
2687 2519 2962 2568 communi
3013 2515 3329 2571 Grarcmum
3358 2537 3454 2574 er-

1870 2608 1979 2658 rori
2009 2606 2322 2660 adlwrebat
2356 2606 2466 2666 ille.
2499 2609 2675 2659 sancti
2739 2608 2979 2674 Spiritus
3034 2613 3446 2678 processionem

1867 2716 1896 2750 a
1953 2696 2117 2763 Filio,
2173 2709 2268 2752 aut
2322 2715 2414 2766 per
2469 2699 2659 2752 Filium
2715 2701 2960 2754 referens
3017 2705 3084 2756 ad
3129 2706 3449 2760 missionem

1873 2793 2437 2861 temporalem,quam
2477 2802 2660 2860 putant
2717 2810 3018 2862 puramque
3051 2796 3324 2851 donorum
3358 2809 3454 2852 aut

1873 2886 2269 2938 charismatum
2318 2885 2664 2953 largitionem
2725 2885 3086 2955 intelligebat.
3149 2892 3203 2944 In
3237 2908 3304 2946 eo
3343 2894 3456 2946 Αηο

1873 2979 2140 3029 tirrhetico
2172 2985 2358 3029 contra
2390 2975 2612 3028 Beccum
2667 2994 2912 3031 sermone
2937 3021 2950 3042 ,
2987 2997 3148 3050 quem
3191 2999 3217 3035 a
3251 2985 3453 3054 Cyprio

1876 3075 2141 3137 scriptum
2193 3069 2365 3125 fuisse
2418 3082 2543 3125 ante
2598 3071 2875 3142 indeptam
2929 3077 3336 3146 patriarcliatus
3367 3081 3452 3132 di-

1877 3164 2163 3232 gnitatem,
2220 3163 2396 3232 capite
2451 3164 2506 3225 6,
2563 3181 2713 3221 num.
2769 3167 2827 3230 2,
2862 3169 3270 3238 adnotavimus,
3306 3184 3457 3229 totus

1883 3268 1984 3317 est,
2045 3268 2102 3309 ut
2156 3257 2394 3325 Spiritus
2419 3260 2828 3325 processionem
2868 3276 2895 3313 a
2934 3261 3089 3329 F:lio,
3125 3266 3209 3317 vel
3237 3282 3333 3334 per
3363 3266 3457 3321 Fi-

1881 3350 2015 3402 lium
2078 3350 2132 3401 in
2183 3353 2432 3420 ejusdem
2475 3356 2758 3421 temporali
2800 3357 3248 3424 inuaifestatione,
3281 3375 3454 3416 osten-

1877 3441 2050 3504 sione,
2109 3442 2438 3509 prabitio::e,
2491 3459 2554 3495 ac
2599 3447 2843 3498 missione
2869 3449 3202 3514 constituat;
3238 3468 3297 3505 ac
3329 3454 3453 3522 Spi-

1874 3535 2016 3586 ritus
2081 3535 2254 3588 sancti
2321 3551 2522 3587 nomen
2592 3552 2693 3604 pro
2740 3539 2876 3590 dono
2915 3541 3096 3608 e/j'uso,
3135 3559 3232 3610 pro
3271 3547 3451 3611 gratia

1875 3627 2094 3687 donata,
2122 3645 2216 3692 pro
2246 3632 2553 3694 operatione
2587 3631 2656 3681 ad
2715 3642 2892 3693 extra,
2941 3648 3063 3700 qua:
3095 3636 3454 3691 sanetissimte

1873 3719 2128 3771 'l‘rinitati
2157 3721 2466 3773 communia
2503 3731 2650 3782 sunt,
2684 3724 3068 3791 accipiendum
3095 3723 3347 3780 suadeat.

1948 3810 2186 3878 Hujusce
2237 3813 2433 3866 levitas
2498 3814 3004 3882 interpretationis.
3037 3833 3098 3870 ac
3135 3819 3364 3880 falsitas,
3399 3830 3453 3873 et

1883 3901 2197 3955 absurdius
2227 3905 2308 3954 \el
2335 3904 2435 3970 ipsi
2485 3904 2864 3957 innotescebat
2923 3905 3189 3974 Gregorio
3223 3909 3449 3977 Cyprio,

1878 3995 1970 4059 qui
2005 3993 2156 4045 Bccci
2190 3994 2219 4045 d
2248 3995 2653 4062 sputatiouibus
2679 4006 3010 4060 coarctatus,
3029 3998 3094 4050 ab
3113 4015 3174 4051 ea
3196 4000 3452 4053 recessit:

1877 4101 2155 4153 llut'asqllc
2203 4089 2440 4139 lizerescs
2469 4088 2732 4141 inducere
2756 4099 2984 4142 coactus
3018 4100 3124 4152 est,
3153 4092 3235 4144 vel
3295 4094 3455 4144 mini-

1875 4179 2020 4230 sterii
2055 4176 2506 4241 instrumentalis,
2539 4181 2685 4248 quod
2733 4181 2784 4232 in
2835 4193 3037 4233 eterna
3104 4183 3456 4249 processione

1879 4281 2098 4337 prxste'.
2123 4270 2292 4323 Filius
2323 4289 2334 4322 :
2365 4274 2444 4324 vel
2470 4283 2680 4325 wternie
2713 4276 2990 4340 cujusdam
3021 4276 3455 4339 “splendescen-

1875 4367 1982 4424 tne,
2015 4379 2042 4416 a
2105 4365 2395 4416 ltivinitate
2427 4364 2904 4433 dis:iuct:c,135
2933 4381 3054 4432 qua:
3080 4383 3107 4418 ει
3146 4367 3303 4430 Filio,
3338 4369 3451 4422 sic-

1877 4470 1935 4508 ut
1989 4473 2017 4507 ιι
2071 4457 2250 4520 Patre,
2311 4466 2366 4511 et
2425 4474 2452 4509 a
2518 4457 2729 4522 Spiritu
2810 4468 3026 4518 sancto,
3098 4461 3454 4526 producatur.

1882 4548 2094 4600 Primos
2141 4549 2385 4616 ejusdem
2425 4549 2898 4618 interpretationis
2930 4560 3188 4604 auctores
3213 4552 3458 4606 diximus

197 4661 319 4696 rum
397 4642 656 4703 Patrum,
724 4653 1067 4706 maximeque
1103 4636 1330 4692 Joannis
1383 4639 1538 4708 133
1588 4640 1778 4692 Dama-
1811 4643 1861 4702 Β
1892 4643 2296 4702 Monotliclitas.
2351 4644 2446 4712 qui
2488 4643 2744 4711 Spiritum
2777 4655 3016 4695 sanctum
3047 4659 3109 4697 ex
3144 4642 3306 4696 Putre
3337 4661 3460 4713 pro-

199 4733 351 4785 seeni
399 4729 724 4784 testimonia
789 4729 1270 4797 interpretabatur,
1303 4738 1394 4782 aut
1454 4731 1635 4797 potius
1663 4745 1782 4783 cor-

200 4824 528 4891 rumpebat.
589 4819 766 4872 Verba
815 4818 932 4888 ejus
968 4834 1032 4871 ex
1059 4828 1206 4872 tomo
1239 4821 1492 4873 dedimus
1511 4821 1690 4888 capite
1728 4822 1781 4881 8.

200 4930 359 4967 nutu.
424 4913 489 4971 2.
552 4909 613 4964 Si
671 4925 813 4972 vero,
869 4911 1192 4976 inquientis,
1254 4911 1782 4982 asummotheologo

205 5009 548 5060 Damascenis
583 4993 882 5070 reperiatur
909 5005 1078 5056 dictus
1133 5003 1295 5056 Pater
1324 5005 1412 5054 su
1441 5005 1617 5070 Λόγου
1654 5021 1787 5074 προ-

207 5104 421 5162 δῆλιῦςο
469 5100 763 5166 productor
807 5112 900 5164 per
977 5095 1238 5159 Verbum;
1301 5095 1441 5148 haud
1483 5096 1642 5164 plane
1681 5097 1785 5148 ista

206 5196 402 5245 locutio
432 5189 742 5259 signiﬁcare
775 5190 885 5242 uult
933 5191 1103 5242 sancti
1161 5187 1394 5256 Spiritus
1423 5190 1502 5248 el;
1561 5192 1622 5240 τὸ
1644 5183 1786 5240 εἶναι

207 5285 464 5351 rapacem,
489 5280 882 5350 processionem
915 5281 972 5332 in
1003 5282 1326 5338 exstantium
1351 5296 1365 5332 :
1394 5282 1486 5332 sed
1509 5283 1584 5341 el;
1617 5280 1786 5332 ἀΐδιον

209 5379 505 5444 Equitatui,
570 5376 628 5425 iis
691 5383 943 5426 retentam
1005 5373 1566 5442 exsplendesrentiam.
1636 5372 1788 5426 lianc

211 5472 422 5524 scilicet
475 5467 812 5535 excogitavit
867 5476 1122 5519 cternam
1177 5465 1707 5534 eaplendeseeutiam,
1756 5480 1783 5516 a

216 5562 426 5616 Deitate
483 5560 802 5613 distinctam
860 5575 875 5612 :
930 5558 1326 5627 eamdemque,
1371 5557 1588 5610 tametsi
1649 5557 1789 5612 foret

218 5657 395 5709 tribus
453 5651 666 5706 divinis
712 5649 964 5718 personis
1005 5650 1334 5712 communis,
1364 5649 1585 5702 nomine
1620 5648 1792 5717 Spiri-

221 5758 304 5799 tus
352 5749 535 5800 sancti
602 5741 913 5811 appellabat
973 5760 987 5795 :
1048 5741 1308 5805 Quonia'm
1369 5740 1505 5794 nihil
1533 5744 1650 5794 novi
1686 5752 1786 5804 est,

222 5836 554 5906 (inquiens.)
581 5851 747 5901 neque
781 5833 843 5886 ab
879 5850 974 5884 usu
1016 5831 1416 5900 Scripturarum
1439 5832 1673 5885 alienum
1700 5874 1714 5896 ,
1747 5835 1792 5886 si

223 5932 464 6000 spiritale
485 5932 687 5982 danunt
714 5942 972 5996 cquiooce
1016 5924 1242 5991 Spiritus
1291 5935 1505 5981 sanctus
1548 5939 1791 5995 uocetur,-

517 6033 797 6092 I‘s't'nct.
848 6027 965 6088 Gtt.
999 6022 1238 6091 CXLII,

1887 4736 2150 4786 cedentem
2211 4736 2448 4798 aiebant,
2501 4747 2551 4788 et
2585 4753 2677 4802 per
2709 4734 2911 4788 Filium
2943 4738 3246 4800 micantem,
3279 4740 3461 4791 videli-

1887 4837 1961 4877 cet
2021 4826 2333 4880 hominibus.
2395 4827 2548 4880 Paria
2602 4830 2767 4880 verba
2802 4843 3106 4882 occurrunt
3142 4830 3194 4882 in
3221 4834 3457 4898 genuina

1888 4915 2135 4984 Gregorii
2193 4917 2656 4979 Neoezusariensis
2707 4921 2856 4972 brevi
2907 4922 3252 4988 Expositione
3282 4922 3456 4977 fidei:

1895 5007 2038 5062 Unus
2071 5009 2295 5077 Spiritus
2325 5026 2558 5075 sanctus,
2594 5029 2656 5065 ex
2691 5013 2793 5065 Deo
2825 5016 3182 5066 exsistentiam
3207 5016 3402 5068 habens
3439 5032 3458 5068 .°

1891 5103 1982 5154 Ital.
2040 5103 2125 5154 διὰ
2178 5101 2306 5153 Υιοῦ
2367 5106 2626 5171 πεφηνξς,
2653 5105 2854 5171 δηλαδὴ
2893 5111 3002 5163 toi;
3042 5107 3374 5169 doliorum-,5
3411 5117 3459 5159 rt

1890 5196 1980 5261 qui
2036 5210 2126 5262 per
2183 5193 2374 5246 Filium
2405 5196 2672 5262 apparuit,
2697 5199 2891 5247 scilicet
2918 5199 3236 5248 hominibus.
3275 5197 3461 5250 Falsa-

1895 5298 2004 5338 tum
2051 5287 2232 5339 locum
2295 5301 2392 5354 pro
2444 5296 2603 5340 certo
2634 5287 2800 5340 habet
2833 5287 3145 5355 Lequienus
3175 5292 3227 5342 iu
3261 5292 3462 5342 disser-

1894 5378 2094 5429 tatione
2157 5377 2543 5430 Datnascenica
2601 5393 2638 5442 t,
2665 5393 2814 5430 num.
2849 5379 2940 5440 ιε,
2975 5381 3203 5447 adjectis
3229 5383 3461 5435 vocibus

1895 5470 2020 5530 illis,
2083 5469 2281 5521 scilicet
2333 5470 2650 5522 hominibus.
2706 5468 2937 5524 Ruﬁnus
2997 5473 3048 5524 in
3109 5486 3205 5524 sua
3238 5472 3459 5527 Eusebii

1893 5560 2080 5613 Latina
2110 5561 2483 5623 translatione,
2527 5563 2666 5615 libro
2729 5578 2827 5624 νιι.
2864 5565 3040 5632 capite
3072 5563 3160 5629 25,
3194 5565 3458 5632 integram

1894 5655 2040 5706 illam
2091 5655 2498 5721 Expositionem
2553 5656 2721 5707 refert
2789 5657 2908 5709 sine
2955 5657 3331 5710 additamento
3365 5674 3378 5708 :
3410 5667 3462 5711 et

1893 5748 1980 5813 qui
2044 5762 2134 5811 per
2196 5744 2396 5799 Filium
2450 5751 2726 5815 apparuit.
2777 5749 3007 5802 Perinde
3037 5759 3341 5818 est.atque
3370 5765 3462 5818 per

1896 5838 2083 5891 Filium
2114 5839 2366 5904 procedit.
2392 5842 2556 5892 velutt
2593 5839 2756 5891 εἰκὼν
2792 5841 2884 5892 τοῦ
2923 5841 3070 5899 Υῐοῦ,
3099 5843 3271 5910 imago
3311 5838 3461 5904 Filii,

1898 5942 1951 5984 ut
2011 5929 2210 5982 ibidem
2251 5931 2323 5984 ait
2348 5931 2806 6000 'l'ltaamaturgus,
2835 5932 2887 5985 in
2915 5949 3019 6001 qua
3059 5932 3462 6000 essplendescit

3051 6023 3090 6094 5
