4198 6440
192 388 273 448 lli
1356 392 1550 450 \‘lTA.
1584 414 1625 421 -·
1674 387 2193 448 lilSSERTATlO
2243 387 2287 446 l.

3362 387 3459 449 142

182 511 261 562 sit,
289 519 362 553 an
396 511 689 564 creatura;
716 518 842 557 uuin
874 505 1034 557 etiam
1066 504 1204 556 iloiia
1236 504 1376 571 eius,
1410 514 1464 557 et
1493 503 1762 571 Operatio-
1800 510 1835 561 Α
1872 505 1937 554 ad
1964 502 2212 555 eamdem
2274 500 2693 568 intelligentiam
2759 503 3154 569 aspicientibus
3203 505 3459 555 omnibus

183 609 273 645 nes
304 594 422 646 sint
452 608 666 657 creata,
698 611 762 649 an
802 599 916 663 ipse
950 606 1164 649 creator
1200 595 1772 663 Spiritus3Conticuit

184 685 478 754 Ephesius.
526 689 667 741 Tum
713 706 842 742 vero
876 692 1162 758 imperator
1196 692 1413 751 veritus,
1450 706 1512 742 ne
1543 695 1620 752 είς
1646 693 1775 744 ἄλλο

177 780 352 846 δόγμα
417 783 474 832 in
509 782 663 832 aliud
722 784 908 850 dogma
940 800 1107 835 sermo
1140 782 1485 845 dilaberetur,
1522 783 1773 850 (scilicet)

176 870 222 920 in
249 875 610 935 quastionem
644 880 764 942 περ’·
799 873 1047 935 sitiam},
1080 875 1172 924 sui
1202 874 1481 935 ἁκτίστου,
1502 875 1563 925 de
1599 884 1773 926 creato

174 975 217 1013 et
254 965 506 1016 increato
534 1007 549 1027 ,
596 968 757 1034 jussit
796 970 929 1020 hanc
978 968 1385 1036 disputationem
1436 970 1624 1022 omitti.
1666 968 1773 1019 Vc—

178 1056 397 1108 rissiina
457 1057 750 1111 Michaelis
800 1060 1063 1127 Lequieni
1118 1060 1525 1115 animadversio
1578 1070 1664 1114 est
1717 1063 1768 1115 iii

179 1148 446 1216 Panoplia
498 1161 693 1202 contra
750 1152 985 1205 seliisma
1040 1152 1354 1207 Grecorum
1407 1155 1609 1207 seculo
1653 1171 1769 1217 xui,

174 1254 290 1304 cap.
345 1241 405 1302 '5,
463 1258 623 1295 num.
670 1244 753 1303 i2.
804 1254 859 1299 et
914 1261 1035 1313 cap.
1081 1246 1133 1307 ι,
1174 1262 1323 1300 num.
1365 1247 1478 1310 20,
1535 1247 1588 1299 in
1650 1263 1768 1300 eam

171 1332 398 1386 ὕπερθε
432 1336 607 1389 etiam
634 1352 883 1392 recentes
914 1342 1127 1404 aliquos
1176 1341 1375 1394 abiisse
1418 1341 1600 1411 Cyprii
1637 1341 1773 1394 Gre-

173 1426 333 1492 gur.i,
370 1442 438 1478 ac
470 1440 665 1495 postea
698 1429 946 1500 Gregorii
996 1432 1227 1486 Palatii:
1266 1433 1664 1487 absurditatcni
1704 1435 1769 1488 de

173 1528 375 1568 interna
410 1528 571 1570 extra
600 1519 761 1573 Deum
789 1524 1286 1591 exsplendescentia.
1320 1524 1430 1577 sive
1454 1525 1519 1578 de
1550 1524 1773 1577 Lumine

173 1612 410 1673 quodam
459 1614 807 1679 sempiterno,
870 1615 1108 1668 adivina
1168 1617 1404 1669 essentia
1460 1617 1766 1671 distincto:

174 1701 319 1767 quod
388 1703 624 1770 Spiritus
680 1709 851 1759 sancti
906 1710 1125 1762 nomine
1192 1710 1575 1777 appr-itaut“,
1624 1708 1766 1762 istud

177 1796 395 1860 utique,
427 1810 543 1849 non
588 1799 757 1864 ipsam
790 1802 965 1853 sancti
1000 1800 1242 1868 Spiritus
1274 1815 1597 1869 personam,
1638 1816 1763 1868 pro-

175 1886 347 1937 ﬁcisci
404 1903 436 1936 a
496 1885 663 1950 Filio,
705 1902 798 1941 aut
849 1906 940 1958 per
988 1888 1187 1943 Filium
1237 1890 1476 1954 aiebant,
1504 1902 1764 1943 :eternam

176 1978 432 2043 ejusdem
500 1977 745 2046 Spiritus
803 1981 1230 2049 processionem,
1277 1997 1440 2051 quam
1500 1982 1771 2035 docebant

176 2066 400 2131 Patres,
459 2068 865 2126 absurdissima
918 2082 1233 2128 commento
1285 2074 1598 2128 eludentes.
1647 2073 1769 2127 Alio

173 2170 461 2213 eteteruiit
495 2202 509 2221 ,
570 2178 633 2215 ac
704 2165 1009 2233 pcrsistunt
1062 2164 1407 2233 frequentius
1459 2164 1514 2216 in
1576 2178 1769 2217 errore

173 2251 374 2314 Graeci,
410 2256 507 2322 qui
552 2257 873 2323 temporalia
911 2259 1085 2310 sancti
1125 2257 1361 2325 Spiiitus
1396 2258 1535 2310 dona
1564 2258 1767 2326 pariter

175 2346 491 2413 insigniuut
527 2349 701 2415 ipsius
752 2349 923 2402 divini
970 2349 1208 2417 Spiritus
1238 2352 1497 2413 nomine,
1543 2360 1598 2404 et
1625 2350 1768 2403 hanc

177 2440 453 2490 donorum
515 2440 867 2506 temporalem
927 2440 1271 2511 largitionem
1330 2442 1765 2511 intelligendam,

180 2529 412 2597 ﬁgurate
450 2532 662 2584 scilicet
712 2548 776 2586 ac
816 2533 1156 2601 improprie,
1188 2534 1579 2603 processianem
1616 2534 1761 2585 arbi-

180 2633 425 2685 trantur,
480 2641 510 2677 a
562 2625 814 2680 Patribus
881 2640 1149 2696 perpetuo
1208 2629 1490 2691 traditam,
1536 2626 1763 2694 Spiritus

176 2720 349 2769 saucri
368 2738 399 2770 a
424 2716 591 2780 Filio,
622 2722 734 2773 sive
761 2738 851 2788 per
885 2719 1107 2775 Filium.
1130 2721 1419 2775 Silentium
1455 2722 1611 2791 137
1634 2737 1765 2792 ergo

182 2813 445 2879 imposuit
475 2811 1033 2883 Graecusimperator.
1057 2814 1295 2869 Cavebat
1316 2817 1485 2879 enim,
1516 2832 1581 2869 ne
1608 2817 1764 2870 novis

182 2903 428 2956 dissidiis
482 2904 799 2959 differretur
829 2908 981 2969 unio,
1015 2918 1106 2960 aut
1161 2908 1520 2977 impediretur
1557 2927 1567 2961 :
1626 2924 1763 2962 neve

184 2996 239 3048 in
273 2998 710 3059 disputationem
758 2999 921 3052 Marci
973 3000 1191 3069 Ephesii
1268 3000 1431 3054 dictis
1458 3001 1760 3064 advocatis,

182 3094 367 3159 palam
433 3094 618 3157 ﬁeret,
666 3094 987 3162 Ephesium,
1048 3096 1465 3164 compluresque
1493 3110 1520 3147 e
1552 3096 1666 3148 suis
1693 3094 1759 3147 ad

1880 596 1982 645 sub
2012 596 2242 647 diversis
2270 594 2549 647 vocabulis
2578 611 2589 645 ;
2626 593 2796 647 Graci
2824 594 3044 661 quidem
3070 609 3458 655 asscrueruiit,

1878 689 2021 755 niioil
2058 687 2107 739 id
2140 688 2284 755 quod
2318 688 2511 740 dicunt
2563 688 2822 753 Spiritum
2874 700 3115 740 sanctum
3178 705 3240 740 ea:
3296 686 3458 740 Patre

1878 782 2175 848 procedere,
2202 796 2308 831 non
2346 780 2444 831 liac
2494 791 2674 832 metite
2738 779 3025 845 proferunt
3072 791 3129 833 ut
3172 780 3459 833 excludant

1876 872 2111 926 Filium:
2149 872 2242 925 scd
2275 873 2402 940 quia
2430 871 2511 924 eis
2559 871 2863 932 videbatur,
2902 883 2961 923 ut
3016 872 3189 934 aiunt,
3233 873 3458 925 Latinus

1877 981 2129 1019 asserere
2162 966 2429 1032 Spiritum
2466 980 2527 1016 ex
2563 962 2721 1015 Patre
2746 974 2796 1015 et
2822 963 2954 1016 Filio
2979 964 3301 1032 procedere.
3335 974 3456 1016 tan-

1874 1073 2037 1125 quam
2077 1073 2139 1108 ex
2165 1057 2362 1109 duobus
2397 1057 2691 1125 principiis,
2725 1066 2772 1107 ct
2812 1057 3016 1107 duabus
3052 1057 3453 1122 spirationibus;

1874 1150 1999 1203 ideo
2033 1149 2425 1201 abstinuerunt
2448 1164 2475 1200 a
2505 1148 2924 1214 dicendo,quoil
2959 1147 3198 1213 Spiritus
3230 1158 3454 1199 sanctus

1874 1258 1936 1292 ex
1962 1240 2120 1293 Putre
2152 1243 2399 1309 procedat
2429 1250 2477 1292 et
2520 1239 2671 1293 Filio.
2703 1238 2883 1291 Latini
2924 1253 3054 1291 vero
3089 1238 3450 1296 aﬂirmarunt.

1872 1348 1980 1383 non
2014 1348 2070 1385 se
2099 1333 2199 1385 liae
2235 1343 2417 1385 mente
2443 1332 2648 1393 dicere,
2684 1328 2943 1399 Spiritum
2972 1339 3211 1382 sanctum
3246 1346 3309 1381 e1:
3349 1328 3453 1381 Pa-

1874 1435 1949 1476 tre
1971 1424 2203 1491 Filioque
2236 1428 2534 1492 procedere,
2562 1432 2621 1475 ut
2672 1423 2956 1474 excludant
3014 1420 3255 1481 Patrem,
3319 1421 3453 1489 quin

1870 1517 1938 1571 sit
1971 1519 2083 1584 fons
2118 1533 2180 1567 ac
2213 1516 2529 1581 principium
2560 1515 2718 1567 totius
2774 1515 3004 1576 deitatis,
3059 1510 3182 1565 Filii
3242 1513 3455 1566 scilicet

1872 1625 1934 1663 ec
1993 1608 2237 1676 Spiritus
2288 1608 2457 1659 sancti
2500 1624 2512 1658 :
2568 1615 2662 1659 aut
2703 1606 2846 1671 quod
2899 1605 2976 1667 id.
3036 1609 3174 1674 quod
3223 1604 3452 1673 Spiritus

1870 1713 2083 1756 sanctus
2119 1703 2351 1771 procedit
2376 1718 2438 1756 ea:
2464 1702 2619 1765 Filio,
2653 1700 2815 1754 Filius
2845 1718 2874 1753 a
2905 1701 3067 1755 Patre
3089 1719 3191 1753 non
3221 1704 3449 1755 habeat:

1871 1796 1984 1851 sive
2008 1796 2152 1865 quod
2187 1803 2291 1850 duo
2314 1805 2514 1865 ponant
2546 1812 2653 1847 esse
2683 1796 2967 1863 principia,
2999 1810 3093 1848 seu
3119 1796 3252 1847 duas
3275 1796 3453 1859 spira-

1873 1893 2035 1943 tiones
2065 1909 2076 1943 :
2101 1889 2194 1943 sed
2226 1904 2393 1941 unum
2421 1898 2629 1941 tantum
2667 1899 2917 1943 asserant
2946 1904 3067 1943 esse
3090 1890 3451 1958 principium.

1873 1983 2202 2048 uiiicamque
2233 1980 2592 2048 spirationem
2626 1981 2862 2049 Spiritus
2890 1984 3086 2045 sancti,
3119 1993 3281 2047 prout
3314 1984 3447 2034 liac-

1873 2086 2033 2129 tenus
2076 2083 2451 2127 arseriierunt.
2492 2074 2551 2127 Et
2603 2088 2743 2127 cum-
2770 2079 2833 2126 et
2895 2073 2979 2127 liis
3011 2075 3267 2127 omnibus
3310 2089 3453 2130 unus

1872 2177 1925 2219 et
1955 2166 2097 2218 idem
2126 2166 2378 2218 eliciatur
2407 2166 2654 2218 veritatis
2680 2180 2897 2225 sensus,
2934 2164 3155 2218 tandem
3187 2166 3239 2217 in
3279 2165 3449 2217 intra-

1871 2259 2125 2327 scriptiini
2146 2269 2412 2321 sanctam,
2440 2269 2494 2311 et
2523 2258 2633 2311 Deo
2662 2259 2976 2323 amabilem,
3010 2259 3206 2312 eodem
3260 2273 3449 2322 sensu,

1869 2354 2170 2422 eademque
2203 2363 2408 2416 mente,
2446 2355 2709 2406 unionem
2755 2351 3096 2405 unanimiter
3150 2353 3453 2405 concorda-

1872 2456 2019 2509 ruiit,
2062 2455 2117 2498 et
2147 2454 2569 2497 consenserunt.
2638 2444 2691 2496 In
2752 2444 2977 2497 nomine
3028 2444 3195 2511 igitur
3248 2453 3451 2500 sancta

1869 2538 2173 2600 Trinitatis,
2212 2537 2409 2598 Patris.
2440 2546 2495 2593 et
2529 2537 2675 2601 Filii,
2704 2547 2761 2590 et
2818 2537 3061 2604 Spiritus
3112 2538 3309 2597 sancti.
3346 2537 3450 2590 hoc

1868 2649 2025 2687 sacro
2058 2631 2355 2685 universali
2392 2630 2729 2698 approbante
2755 2630 3014 2690 concilio,
3044 2628 3357 2687 deﬁnimus.
3390 2638 3452 2682 ut

1871 2727 1986 2779 haec
2012 2724 2136 2778 ﬁdei
2183 2725 2381 2777 veritas
2430 2724 2499 2776 ab
2537 2722 2795 2776 omnibus
2825 2722 3158 2776 Christianis
3188 2724 3451 2776 credatur

1868 2829 1923 2873 et
1945 2820 2297 2887 suscipiatur,
2364 2818 2553 2885 sicque
2598 2830 2791 2870 omnes
2841 2816 3249 2884 proﬁteantur:
3298 2815 3447 2884 quod

1870 2912 2109 2980 Spiritus
2148 2920 2372 2963 sanctus
2411 2924 2475 2961 ea:
2510 2907 2671 2960 Patre
2704 2918 2752 2960 et
2790 2907 2931 2960 Filio
2962 2908 3290 2961 wternaliter
3324 2917 3449 2972 est;

1865 3013 1913 3055 et
1940 3002 2222 3054 essentiam
2248 3016 2420 3059 suam,
2456 3015 2711 3067 suumque
2746 3014 2855 3050 esse
2887 2998 3173 3051 subsistens
3208 3000 3361 3052 habet
3384 3015 3448 3051 ea:

1869 3095 2035 3147 Patre
2063 3092 2222 3145 simul
2251 3101 2299 3143 et
2330 3090 2462 3143 Filio
2489 3110 2505 3155 ;
2541 3100 2588 3144 et
2620 3108 2682 3143 ex
2710 3103 2932 3161 utroque
2960 3092 3287 3144 cternaliter
3326 3102 3448 3144 tan-

174 3187 417 3238 absurda
482 3197 791 3239 commenta
846 3188 1082 3242 rediisse
1138 3189 1425 3257 utriusque
1476 3188 1757 3258 Gregorii,
1790 3214 1831 3270 c
1867 3203 2028 3255 quam
2061 3187 2123 3238 ab
2156 3202 2259 3237 uno
2282 3186 2566 3253 principio,
2596 3194 2645 3235 et
2686 3186 2843 3236 unica
2874 3185 3168 3253 spiratione
3188 3187 3444 3252 procedit.

173 3278 360 3348 Cyprii
395 3290 450 3332 et
496 3280 751 3333 Palatini.

244 3372 906 3442 Deiiiiitionenisyitolus
960 3374 1274 3429 Florentina
1340 3374 1578 3443 denique
1638 3374 1761 3429 tulit

173 3474 427 3519 sessione
460 3466 552 3524 25.
587 3482 691 3533 qua
728 3468 872 3521 inter
904 3477 1189 3537 utramque
1242 3467 1560 3530 Ecclesium,
1622 3466 1762 3520 Occi-

174 3558 451 3608 dentalem
534 3565 583 3608 et
649 3555 991 3621 Orientalem,
1042 3558 1333 3611 concordia
1392 3567 1591 3611 statuta
1653 3568 1758 3613 est.

171 3646 530 3699 Catholicam
578 3647 647 3699 de
678 3648 850 3700 sancti
892 3648 1130 3717 Spiritus
1161 3650 1508 3716 processione
1561 3647 1761 3717 dogma

176 3744 258 3796 liis
293 3745 487 3795 verbis
544 3744 915 3796 enuntiatur:
973 3763 991 3795 ι
1024 3744 1428 3799 Convenientes
1478 3744 1655 3799 Latini
1709 3754 1765 3799 et

169 3836 345 3889 erci
387 3839 442 3889 in
484 3838 587 3889 liae
620 3848 970 3891 sacrosancta
999 3840 1341 3893 cecutnenica
1376 3839 1607 3909 synodo,
1646 3854 1759 3891 ma-

168 3948 270 3997 gno
297 3932 494 3984 studio
524 3931 759 3985 invicem
812 3934 892 3985 usi
946 3942 1092 3995 sunt,
1130 3944 1187 3985 ut
1248 3934 1389 3985 inter
1445 3932 1547 3985 alia
1590 3934 1757 3985 etiam

167 4025 443 4077 articulus
470 4024 562 4077 ille
599 4025 664 4075 de
686 4024 863 4077 divina
913 4025 1148 4091 Spiritus
1202 4028 1373 4079 sancti
1432 4026 1761 4094 processionc

167 4130 379 4167 sumina
414 4130 547 4167 cum
582 4115 863 4184 diligentia
896 4126 950 4170 et
975 4118 1193 4171 assidua
1260 4118 1619 4186 inquisitione
1648 4117 1761 4171 dis-

169 4216 481 4261 cuteretur.
538 4205 776 4259 Prolatis
842 4222 975 4260 vero
1050 4208 1381 4261 testimoniis
1435 4224 1500 4261 ex
1557 4208 1760 4260 divinis

175 4300 510 4367 Scripturis.
555 4299 917 4367 plurimisque
963 4301 1392 4353 auctoritatibus
1443 4310 1757 4353 sanctorum

170 4395 467 4446 doctorum
507 4389 860 4442 Orientalium
901 4403 945 4442 et
982 4390 1399 4444 Occidentalium
1431 4409 1448 4443 :
1483 4394 1759 4461 aliquibus

172 4488 392 4551 quidem
435 4500 505 4536 ea:
546 4482 733 4544 Patre,
766 4494 812 4535 et
843 4482 971 4535 Filio
1000 4500 1017 4535 :
1042 4484 1370 4550 quibusdam
1400 4499 1529 4536 vero
1561 4500 1624 4535 ex
1657 4482 1764 4535 Pa-

1870 3278 2217 3331 Declarantes
2252 3276 2396 3344 quod
2424 3276 2500 3340 id,
2535 3276 2679 3344 quod
2720 3278 2892 3329 sancti
2954 3278 3211 3331 doctores
3249 3288 3304 3331 et
3344 3276 3444 3331 Pa-

1868 3382 1980 3427 tres
2014 3373 2175 3443 138
2204 3373 2415 3435 dicunt,
2450 3387 2512 3423 ex
2552 3368 2715 3422 Patre
2781 3386 2873 3436 per
2928 3370 3118 3423 Filium
3168 3371 3445 3439 procedere

1869 3466 2134 3534 Spiritum
2173 3476 2445 3526 sanctum,
2468 3464 2533 3516 ad
2570 3464 2711 3515 hanc
2736 3462 3154 3531 intelligentiam
3222 3464 3441 3516 tendit:

1869 3566 1929 3610 ut
1956 3573 2055 3626 per
2122 3557 2221 3609 hoc
2281 3557 2639 3623 signiﬁcetur,
2678 3552 2878 3606 Filium
2919 3569 3143 3623 quoque
3192 3568 3313 3608 esse
3365 3570 3447 3608 se-

1869 3649 2109 3703 cundum
2140 3648 2359 3702 Grmcos
2386 3648 2603 3715 quidem
2647 3664 2887 3710 causam,
2936 3645 3241 3699 secundum
3296 3641 3443 3699 Liiti-

1872 3756 1971 3795 iios
1992 3757 2120 3794 vero
2154 3742 2471 3809 principium
2532 3739 2905 3793 subsistentia:
2947 3737 3187 3807 Spiritus
3248 3737 3442 3799 sancti,

1866 3834 2093 3888 sicntet
2126 3833 2361 3886 Patrem.
2416 3832 2481 3886 Et
2523 3833 2785 3900 quoniam
2836 3832 3020 3885 omnia
3078 3846 3198 3899 quae
3260 3832 3442 3883 Patris

1867 3941 2015 3991 sunt,
2044 3926 2201 3979 Pater
2239 3927 2352 3991 ipse
2390 3926 2662 3993 unigenito
2692 3924 2825 3977 Filio
2866 3938 2966 3976 suo
3011 3921 3287 3991 gignendo
3340 3922 3442 3975 de.

1866 4022 1963 4085 dit,
2000 4030 2199 4088 prater
2227 4034 2338 4071 esse
2371 4017 2584 4069 Patrem
2613 4032 2630 4069 :
2659 4017 2761 4067 lioc
2793 4014 2993 4083 ipsum,
3024 4014 3171 4082 quod
3208 4012 3439 4081 Spiritus

1863 4122 2078 4166 sanctus
2109 4112 2337 4179 procedit
2360 4126 2423 4161 ea:
2450 4108 2604 4171 Filio,
2628 4108 2742 4175 ipse
2769 4106 2935 4159 Filius
2965 4124 2995 4157 a
3029 4106 3191 4159 Patre
3211 4117 3444 4159 aeterni»

1869 4204 1997 4257 liter
2026 4204 2210 4263 habet,
2250 4220 2274 4252 ξι
2306 4217 2416 4270 quo
2446 4203 2610 4254 etiam
2642 4200 2977 4253 aternaliter
3016 4200 3235 4268 genitus
3284 4208 3389 4252 est.
3420 4218 3437 4247 ι

1868 4300 2193 4368 Multiplices
2220 4313 2455 4362 errores,
2498 4298 2702 4365 quibus
2754 4294 3077 4347 laborabant
3118 4292 3315 4349 Graeci.
3369 4290 3445 4343 si-

1866 4394 2036 4447 lentio
2064 4392 2233 4460 pressi
2278 4400 2406 4442 sunt
2441 4407 2454 4443 :
2487 4389 2633 4458 quod
2662 4398 2742 4440 est
2777 4402 2907 4439 vero
2960 4387 3155 4454 dagina
3205 4384 3327 4438 ﬁdei
3378 4388 3441 4433 de

1866 4486 2095 4553 Spiritus
2118 4485 2285 4537 sancti
2308 4492 2505 4535 eterna
2540 4482 2882 4549 proccssione,
2910 4478 3201 4530 erroribus
3228 4475 3441 4530 cunctis

170 4590 243 4629 ire
287 4596 386 4647 per
418 4575 633 4629 Filium
666 4578 967 4646 procedere
1012 4576 1327 4631 dicentibus
1382 4575 1666 4645 Spiritum.
1694 4576 1761 4630 Et
1790 4553 1839 4612 Ῑ)
1867 4579 2185 4640 adversum,
2222 4573 2562 4628 aecumenica
2611 4572 2847 4643 synodus
2883 4568 3149 4623 deﬁnivit.
