4198 6440
183 479 276 544 illi

1353 489 1551 548 VITA.
1577 514 1645 526 -
1671 490 2184 556 DISSERTATIO
2235 497 2312 557 ll.

3351 500 3452 568 116

171 597 504 664 lens.quive
527 598 898 668 aliicumipso
919 599 1755 673 eraanrzeciantistites.Sjm-
1789 613 1827 665 Α
1858 609 2128 662 dexteram
2170 609 2366 666 Patris.
2425 612 2557 666 Inde
2607 623 2854 667 venturus
2899 615 3152 684 judicare
3206 616 3344 668 vivos
3404 621 3454 667 et

170 688 354 741 bolum
384 690 498 742 alta
535 706 685 752 voce,
713 693 881 744 semel
907 708 967 745 ac
1011 693 1228 758 iterum,
1257 708 1438 748 coram
1471 695 1758 764 palamque

168 780 474 833 recitantes
499 782 648 833 inter
682 784 970 835 missarum
1015 785 1279 838 solemnia
1309 801 1433 838 cum
1479 787 1586 840 illis
1615 788 1758 839 voci-

166 867 284 928 bus,
321 872 417 934 qui
441 887 475 920 α
515 869 680 922 Patre
713 870 952 939 Filioque
980 876 1229 941 procedit.
1259 875 1497 944 Hujusce
1550 877 1756 931 addita-

167 963 333 1013 menti
369 963 672 1015 historiam
703 974 910 1027 trxere,
938 967 1295 1034 ejusdemque
1332 969 1400 1020 ab
1446 969 1594 1021 omni
1643 972 1760 1025 labe

165 1052 583 1107 immunitatem
609 1054 1012 1120 demonstrare,
1048 1073 1355 1127 vanumque
1390 1060 1516 1114 inde
1576 1076 1758 1130 sump-

164 1151 272 1194 tuiu
301 1145 610 1198 scissionis
646 1157 972 1213 praetextum
998 1149 1254 1203 evincere
1303 1166 1484 1218 operae
1518 1154 1756 1221 pretium

161 1247 259 1292 est.
280 1234 691 1305 cbronologica
721 1254 902 1292 rerum
933 1242 1076 1294 serie
1106 1243 1525 1309 diligentissime
1574 1261 1758 1299 serva-

161 1333 229 1373 ta.
268 1323 522 1377 Laudati
573 1325 728 1380 Becci
778 1332 1103 1382 sententiam
1161 1331 1479 1398 prmmitto:
1534 1349 1550 1381 t
1588 1331 1758 1386 Cete-

163 1429 277 1464 rutu
320 1417 547 1470 interea
582 1419 695 1470 scio
729 1419 1054 1487 (iuquientis
1103 1421 1352 1474 oratione
1382 1421 1434 1483 2,
1465 1423 1529 1475 de
1561 1423 1758 1490 injusta

161 1504 238 1556 sui
268 1505 638 1572 depositione
671 1524 825 1561 num.
877 1510 932 1578 6)
991 1512 1288 1563 nonnullos
1339 1513 1658 1565 additionem
1704 1514 1758 1564 in

161 1594 413 1663 Symboto
451 1601 638 1667 culpa:
669 1602 966 1654 obnoxiam
995 1601 1176 1655 facere
1207 1619 1222 1666 ;
1250 1617 1356 1656 non
1399 1603 1544 1672 quod
1589 1605 1758 1672 pieta-

165 1691 228 1741 tis
285 1691 604 1757 puritatem
662 1694 1068 1748 commaculet:
1121 1695 1214 1748 sed
1279 1698 1426 1765 quod
1481 1705 1758 1765 utcunque

163 1779 302 1830 facta
337 1780 434 1840 sit.
464 1797 693 1850 gravem
751 1785 1036 1851 peperitet
1099 1788 1460 1856 pericolosam
1502 1787 1767 1841 odensio~

165 1887 309 1924 nem.
353 1874 414 1923 Et
441 1876 490 1927 si
524 1875 651 1942 quis
679 1877 842 1930 altius
897 1881 1281 1948 curiosiusque
1312 1896 1400 1934 res
1429 1882 1755 1950 perpendet.

1872 710 2122 754 mortuos.
2160 702 2225 756 Et
2283 705 2334 756 in
2366 703 2622 772 Spiritum
2657 719 2932 770 sanctum,
2986 719 3223 761 sanctam
3278 706 3457 762 Eccle-

1871 795 2025 856 siom,
2077 798 2434 851 remissionem
2483 809 2839 866 peccatorum,
2885 802 3062 854 carnis
3116 801 3454 853 resurrectio-

1869 903 2006 940 nent.

1939 980 2230 1036 Nonnullis
2265 991 2432 1037 aucto
2460 983 2849 1038 additamentis
2898 987 3157 1040 utihatur
3191 986 3454 1060 Symbolo

1869 1069 2108 1126 Ecclesia
2143 1076 2510 1138 Aquileiensis.
2583 1076 2818 1130 Posteris
2861 1078 2990 1130 illud
3015 1080 3252 1132 servavit
3304 1078 3452 1133 Rull-

1869 1179 1973 1217 nus
2012 1166 2064 1216 in
2097 1167 2340 1232 ejusdem
2400 1168 2640 1236 Symboli
2693 1167 3070 1237 Expositione.
3109 1191 3125 1221 ‹
3161 1171 3340 1225 Credo
3397 1173 3465 1237 in_

1870 1251 2037 1309 Deum
2060 1257 2272 1311 Patrem
2309 1261 2764 1328 omnipotentem,
2814 1261 3147 1318 inuisibilem.
3179 1273 3226 1314 et
3248 1264 3450 1329 impas—

1866 1347 2091 1404 sibilem.
2149 1349 2214 1402 Et
2273 1350 2326 1404 in
2368 1351 2647 1404 Christum
2697 1352 2905 1417 Jesum,
2967 1355 3189 1408 unicum
3251 1354 3447 1407 Filium

1867 1437 2005 1506 ejus,
2035 1438 2323 1492 Dominum
2361 1451 2631 1494 nostrum.
2671 1442 2775 1506 Qui
2806 1454 2966 1500 natus
2991 1455 3077 1498 est
3115 1446 3184 1498 de.
3241 1445 3447 1514 Spiritu

1867 1538 2059 1598 sancto
2121 1546 2186 1584 es
2235 1532 2403 1587 Maria
2449 1534 2689 1603 Virgine.
2741 1535 3050 1591 Crucilixus
3108 1539 3211 1592 sub
3256 1537 3449 1591 Pontio

1869 1621 2061 1685 Pilato,
2104 1632 2158 1676 et
2181 1626 2453 1692 sepultus,
2481 1627 2746 1679 descendit
2793 1629 2846 1680 in
2876 1630 3104 1697 inferna.
3146 1630 3328 1683 Tertia
3360 1632 3449 1684 dic

1869 1715 2169 1772 resurrexit
2205 1731 2234 1770 a
2272 1719 2529 1774 mortuis.
2565 1721 2825 1774 Ascendit
2855 1722 2908 1774 in
2937 1722 3128 1783 cmlos,
3188 1723 3344 1775 sedet
3379 1724 3446 1774 ad

1868 1805 2148 1865 dexteram
2191 1809 2388 1862 Patris.
2457 1810 2586 1864 Inde
2614 1821 2880 1866 venturus
2905 1821 2988 1866 est
3011 1814 3262 1882 judicare
3302 1815 3449 1868 vivos

1867 1907 1920 1951 ct
1954 1909 2224 1954 mortuos.
2287 1901 2354 1954 Et
2414 1904 2466 1955 in
2531 1903 2798 1971 Spiritum
2859 1915 3155 1968 sanctum;
3200 1917 3445 1961 sanctam

164 1966 494 2018 additionem
529 1970 666 2020 hanc
700 1985 980 2039 nunquam
1009 1973 1328 2028 odensionis
1349 1989 1568 2028 causam
1596 1975 1756 2041 origi-

1865 1986 2192 2053 Ecclesiam,
2219 1991 2600 2045 remissionem
2634 2004 2984 2060 peccatorum
3017 2013 3030 2058 ;
3061 1996 3216 2064 hujus
3263 1999 3447 2050 carnis

167 2073 408 2126 nemque
439 2059 618 2115 fuisse
649 2080 660 2113 :
697 2063 790 2116 sed
815 2063 959 2118 inter
985 2065 1141 2130 alias,
1173 2076 1336 2137 atque
1364 2069 1498 2121 alias
1523 2081 1589 2120 es
1619 2076 1756 2121 tcm-

169 2164 294 2213 pore
324 2152 671 2204 varietaium
707 2164 871 2222 atque
898 2167 1194 2209 eventuum
1250 2172 1446 2210 causas
1500 2156 1756 2210 oﬂ‘ensio-

169 2255 319 2296 num.
372 2243 487 2294 alio
533 2257 697 2311 atque
755 2247 862 2298 alio
913 2256 1178 2314 tempore,
1236 2259 1294 2300 et
1344 2248 1513 2302 variis
1574 2263 1753 2301 rerum

167 2327 426 2380 cursibus
454 2339 512 2381 et
564 2333 1072 2398 perturbationibus
1119 2343 1344 2398 enatas,
1379 2337 1513 2390 hanc
1553 2352 1757 2406 quoque

170 2417 498 2471 additionem
535 2462 549 2483 ,
611 2425 778 2477 veluti
837 2426 1132 2480 simultatis
1185 2429 1481 2489 abortum.
1549 2438 1756 2483 temere

171 2511 476 2579 projectam
508 2515 771 2582 reperiet.
805 2536 822 2568 ι
852 2517 988 2571 Rem
1014 2519 1184 2586 ipsam
1227 2520 1538 2588 aggredior.

237 2603 304 2657 ll.
329 2605 645 2661 Commune
678 2609 808 2663 illud
861 2613 1103 2665 occurrit
1158 2612 1499 2682 Symbolum,
1541 2612 1750 2668 dictum

171 2699 560 2761 apostolorum,
592 2717 702 2769 quo
735 2718 843 2756 uno
870 2712 996 2756 ante
1025 2704 1290 2774 synodum
1321 2704 1596 2760 Niczeuain
1633 2717 1752 2759 ute-

174 2790 332 2840 batur
362 2792 640 2846 catholica
697 2793 941 2848 Ecclesia
977 2795 1034 2848 in
1065 2796 1364 2852 Occidente
1419 2805 1474 2852 et
1502 2797 1726 2852 Oriente

176 2880 578 2937 luti-[ueratmu
621 2886 773 2950 illud,
811 2889 966 2941 utab
1007 2889 1160 2942 initio
1200 2890 1423 2958 prodiit,
1470 2905 1534 2944 ac
1605 2890 1750 2944 nulla

172 2977 383 3028 tametsi
423 2987 633 3029 rectam
657 2979 824 3032 tidem
852 2981 1159 3049 explicaute
1186 2992 1408 3036 auctum
1467 2997 1625 3046 voce,
1676 2980 1746 3036 ad

171 3069 371 3119 saecula
406 3070 569 3136 plura
598 3075 838 3126 servavit
891 3073 1133 3128 Romana
1164 3076 1429 3129 Ecclesia.
1464 3075 1598 3130 Illud
1629 3084 1712 3130 est
1741 3093 1754 3132 :

169 3156 340 3209 Credo
373 3161 425 3210 in
456 3159 624 3212 Deum
656 3161 867 3216 Patrem
917 3167 1346 3234 omnipotentem.
1387 3164 1454 3219 Et
1485 3168 1539 3219 in
1594 3165 1751 3220 Chri-

165 3261 302 3300 stum
324 3249 538 3313 Jesum,
567 3254 777 3308 unicum
809 3254 1000 3308 Filium
1035 3258 1168 3321 eius,
1191 3258 1470 3313 Dominum
1493 3267 1750 3311 nostrum.

1865 2081 2361 2136 resurrectionem.
2419 2101 2437 2134 ι
2483 2071 2815 2138 Addimenta
2894 2087 3273 2156 Aquileiensis
3345 2089 3446 2142 tria

1866 2178 2078 2236 patent.
2145 2171 2324 2226 Ruﬁni
2378 2174 2890 2231 animadversiones
2941 2179 3149 2247 accipe.
3195 2181 3286 2232 Ait
3329 2181 3442 2248 pri-

1858 2276 2006 2313 mum
2045 2281 2054 2313 :
2082 2264 2331 2330 Additur,
2372 2268 2686 2321 inuisibilem
2712 2278 2759 2320 et
2788 2271 3192 2338 impassibilem.
3226 2272 3444 2340 Quippe

1858 2354 2125 2406 sciendum
2156 2367 2253 2419 est,
2280 2361 2422 2425 apud
2443 2375 2535 2412 nos
2588 2362 2664 2426 (et
2693 2359 3027 2428 Orientales)
3093 2363 3273 2414 addita
3332 2377 3446 2415 esse

1859 2443 2427 2506 verbaillaJia'reseos
2453 2466 2616 2502 causa
2676 2450 2942 2504 Sabe/lii:
3006 2453 3146 2504 illius
3192 2453 3442 2522 profecto,

1857 2549 1974 2602 qua!
2005 2552 2033 2588 a
2069 2540 2259 2590 nostris
2288 2537 2693 2608 l’atripassiana
2719 2544 2913 2594 dicitur
2955 2561 2972 2604 ;
3003 2546 3058 2597 id
3083 2553 3156 2596 est
3191 2562 3306 2613 quis
3338 2545 3442 2599 Pa-

1855 2636 1988 2679 trem
2027 2629 2199 2697 ipsum
2219 2631 2298 2683 vel
2326 2648 2389 2684 ea:
2440 2631 2652 2702 Virgine
2681 2647 2862 2688 natum
2898 2636 3046 2694 dicit.
3081 2648 3128 2689 et
3184 2639 3440 2690 visibilem

1854 2719 2079 2785 factum,
2104 2722 2185 2775 vel
2223 2741 2437 2793 possunt
2463 2726 2692 2793 aﬂirmat
2731 2730 2786 2779 in
2816 2744 2994 2780 carne.
3032 2728 3094 2782 Ut
3129 2745 3252 2798 ergo
3315 2730 3439 2784 talis

1854 2811 2220 2864 excluderetur
2247 2817 2487 2883 impietas
2525 2819 2586 2868 de
2623 2818 2806 2880 Patre,
2841 2821 3085 2871 videntur
3139 2823 3246 2873 lia'c
3293 2821 3442 2874 addi-

1852 2903 1991 2955 disse
2017 2907 2245 2969 majores
2272 2920 2288 2956 :
2324 2920 2370 2959 ct
2396 2910 2709 2962 inuisibilem
2750 2909 2979 2975 Patrem,
3016 2920 3173 2979 atque
3199 2912 3440 2977 impasti-

1847 2993 2004 3046 bilem
2026 2997 2237 3051 diaisse.
2283 2999 2399 3051 Alia
2433 3010 2517 3052 est
2568 3000 2873 3054 doctiSsimi
2932 3002 3031 3053 viri
3090 3003 3437 3055 animadver-

1855 3085 1985 3138 sio:
2044 3086 2107 3140 In
2171 3089 2420 3143 Ecclesia:
2482 3090 2737 3144 Itomanw
2801 3091 3046 3162 Symbolo
3102 3110 3202 3146 non
3260 3095 3441 3147 haberi

1853 3178 2094 3230 additum
2125 3198 2136 3232 :
2165 3179 2440 3233 Descendit
2472 3184 2542 3235 ad
2573 3184 2806 3251 inferna,
2832 3184 2924 3236 sed
2958 3200 3122 3253 neque
3156 3187 3211 3237 in
3248 3183 3439 3238 Orien-

1855 3269 1922 3319 tis
1946 3267 2197 3322 Ecclesiis
2225 3273 2408 3324 haberi
2433 3275 2570 3325 hunc
2601 3291 2915 3328 sermonem:
2952 3279 3055 3328 vim
3082 3287 3255 3328 tamen
3295 3277 3437 3329 verbi

169 3343 267 3406 Qui
308 3355 477 3396 "4"“
547 3356 623 3399 εει
640 3349 702 3400 de
728 3347 925 3417 Spiritu
969 3365 1150 3405 saneto
1181 3368 1244 3404 ex
1281 3350 1460 3404 Μανία
1525 3351 1752 3419 Virgine.
1782 3343 1826 3402 (ἶ
1861 3360 2026 3412 videri
2050 3378 2158 3414 esse
2179 3363 2231 3414 in
2253 3379 2333 3426 eo,
2358 3366 2496 3432 quod
2523 3366 2757 3431 sepultus
2801 3369 3016 3418 dicitur.
3065 3369 3303 3421 Aduolat
3349 3369 3444 3422 de-.

167 3435 473 3504 Cruciﬁxus
520 3440 612 3492 sub
663 3440 853 3496 Pontio
879 3444 1075 3506 Pilato,
1109 3454 1156 3497 et
1181 3447 1433 3512 sepultus.
1467 3443 1640 3498 Tertia
1672 3446 1753 3497 die

164 3534 463 3583 resurrexit
498 3549 529 3583 ι
574 3537 810 3587 mortuis.
847 3538 1088 3590 Ascendit
1131 3540 1185 3590 in
1237 3543 1412 3598 oculos,
1470 3538 1610 3590 sedet
1656 3541 1746 3607 ,αα

164 3626 445 3675 dexteram
478 3623 678 3677 Patris.
709 3625 840 3678 Inde
863 3637 1112 3682 venturus
1137 3639 1212 3682 est
1249 3631 1494 3698 judicare
1521 3633 1678 3693 vivos,
1705 3640 1754 3683 et

166 3727 430 3769 mortuos.
473 3716 544 3770 Et
573 3721 629 3771 in
673 3719 931 3788 Spiritum
960 3733 1224 3786 sanctum,
1281 3733 1523 3778 sanctam
1576 3725 1759 3779 Eccle-

162 3824 322 3868 sium,
369 3813 735 3866 remissionem
777 3825 1132 3883 peccatorum,
1191 3821 1364 3872 carnis
1415 3821 1753 3871 resurrectio-

167 3919 302 3953 sem.
342 3905 485 3955 Cum
516 3903 772 3972 Symbolo
797 3905 1049 3962 Ecclesia:
1072 3909 1434 3978 Aquileiensis
1459 3921 1515 3964 et
1556 3909 1751 3964 Orien-

169 3997 257 4048 tali
329 3999 620 4049 communi
695 4013 1070 4067 comparatum
1141 4018 1171 4055 a
1239 4004 1437 4058 Ruﬁno
1492 4003 1752 4058 dabimus

167 4087 306 4140 intra
343 4104 473 4140 cum
496 4088 1084 4148 animadversionibus.

236 4178 365 4232 Pari
398 4181 979 4237 lormula‘utebantur
1014 4185 1132 4240 alia:
1181 4186 1234 4239 in
1278 4188 1429 4241 Italia
1470 4189 1747 4245 Ecclesize.

170 4269 638 4324 Racermatensem
671 4274 876 4339 profert
906 4275 1099 4330 Petrus
1131 4277 1500 4349 Chrysologus
1532 4282 1584 4336 in
1638 4300 1755 4337 ser-

171 4364 432 4416 monibus
479 4379 625 4431 quos
654 4365 842 4418 habuit
875 4367 926 4420 in
970 4367 1283 4437 Symbolum
1335 4375 1748 4441 apostolorum:

168 4453 338 4506 Credo
372 4457 428 4507 in
469 4455 641 4506 Deum
670 4449 880 4510 Patrem
909 4462 1337 4528 omnipotentem.
1368 4462 1435 4514 Et
1483 4465 1535 4515 in
1571 4464 1752 4517 Jesum

169 4543 464 4609 Christum,
506 4545 707 4600 Filium
740 4549 849 4615 ejus
903 4552 1138 4613 unicum,
1193 4551 1472 4606 Dominum
1521 4566 1756 4609 nostrum

172 4636 274 4700 Qui
299 4652 464 4691 natus
488 4648 567 4691 est
595 4640 657 4690 de
692 4637 892 4707 Spiritu
942 4654 1121 4697 sancto
1172 4661 1235 4697 ea:
1289 4644 1466 4700 Maria
1525 4646 1756 4717 Virgine.

174 4729 274 4791 Qui
303 4732 402 4781 sub
442 4729 648 4782 Pontio
703 4704 879 4785 Pilato
925 4735 1208 4801 cruciﬁxus
1253 4747 1348 4799 est,
1409 4747 1458 4790 et
1507 4704 1756 4807 sepuvlttts.
1800 4704 1839 4758 θ
1868 4735 2027 4788 Palrc
2085 4704 2458 4806 omnipotente.
2514 4751 2640 4795 nota
2688 4743 2999 4811 appingitur

175 4821 347 4874 Tertia
383 4825 477 4876 die
506 4827 796 4876 resurrexit
819 4840 851 4876 α
891 4827 1135 4878 mortuis.
1165 4827 1411 4881 Ascendit
1466 4833 1518 4883 in
1583 4831 1757 4894 ctelos,

173 4917 310 4966 sedet
339 4916 412 4966 ad
447 4916 726 4967 dexteram
759 4913 956 4970 Patris.
987 4917 1115 4970 Inde
1150 4929 1397 4972 venturus
1418 4929 1494 4972 est
1509 4921 1761 4989 judicare

175 5011 333 5070 rises,
366 5009 535 5079 152
563 5018 613 5059 et
644 5017 892 5063 mortuos.
929 5010 1094 5063 Credo
1125 5013 1178 5063 in
1204 5011 1459 5082 Spiritum
1492 5025 1756 5080 sanctum,

176 5113 418 5152 sanctam
466 5099 785 5161 Ecclesium,
809 5111 856 5152 et
889 5103 1241 5156 remissionem
1271 5113 1619 5172 peccatorum,
1645 5122 1761 5158 car-

180 5193 258 5243 ui:
285 5193 764 5252 resurrectionem,
787 5192 947 5243 vitam
979 5201 1256 5246 aeternam.
1291 5193 1601 5250 Postreiuas
1625 5197 1762 5251 duas

182 5298 343 5337 voces
373 5284 680 5350 adjunctas
739 5282 913 5336 vides.
968 5283 1129 5336 Hisce
1189 5284 1454 5339 minutam
1501 5287 1761 5341 Ecclesiae

181 5394 287 5430 sum
320 5377 632 5431 formulam
659 5374 885 5435 exhibet
913 5373 1181 5430 Maximus
1211 5377 1548 5431 Taurineniis
1569 5382 1762 5445 episco-

182 5487 270 5535 pus
299 5469 543 5522 Humilia
565 5471 620 5519 in
651 5469 946 5520 traditione
977 5467 1218 5535 Symboli
1248 5487 1260 5532 ;
1300 5485 1498 5538 nempe
1538 5489 1550 5522 :
1589 5469 1760 5524 Credo

185 5564 233 5612 in
259 5561 427 5613 Deam
467 5559 688 5612 Patrem
714 5560 1140 5627 omnipotentem.
1185 5559 1247 5612 Et
1279 5563 1332 5614 in
1367 5561 1546 5614 .lesuin
1611 5563 1758 5616 Chri-

186 5665 335 5714 stum,
365 5653 570 5705 Filium
599 5654 712 5719 ejus
738 5653 969 5713 unicum,
1005 5651 1285 5706 Dominum
1335 5668 1591 5708 nostrum.
1662 5656 1761 5719 Qui

189 5758 334 5798 satus
365 5761 443 5798 est
468 5747 531 5796 de
564 5743 771 5812 Spiritu
831 5755 1013 5797 sancto
1058 5760 1122 5796 ea:
1160 5744 1332 5798 Maria
1385 5745 1612 5813 Virgine.
1657 5746 1761 5800 Sub

191 5835 372 5890 I‘outio
407 5837 590 5888 Pilato
617 5837 900 5903 cruciﬁxus
933 5847 1030 5896 est,
1066 5847 1116 5889 et
1160 5836 1414 5906 scpultus.
1456 5837 1629 5891 Tertia
1682 5842 1762 5893 die

191 5928 536 5980 resarrcxita
581 5929 820 5980 mortuis.
857 5927 1100 5981 Asccudit
1153 5928 1207 5979 in
1257 5927 1462 5991 calum,
1500 5929 1640 5981 διάει
1694 5932 1762 5982 ad

1867 3466 2014 3505 mum
2054 3467 2072 3504 :
2127 3450 2270 3506 Satis
2324 3464 2480 3508 cauta
2539 3466 2586 3509 et
2658 3460 2876 3526 proriJa
2939 3461 3236 3525 adjectione
3279 3461 3440 3524 fidem

1867 3540 2101 3610 Symboli
2139 3545 2207 3597 ab
2251 3545 2489 3601 Ecclesia
2525 3549 2863 3616 Aquileieusi
2901 3552 3252 3621 doceri;un
3293 3553 3347 3605 in
3383 3568 3441 3604 eo

1863 3634 2001 3699 quod
2023 3651 2054 3685 a
2081 3638 2282 3690 ueteris
2319 3641 2572 3700 traditur,
2603 3639 2797 3694 Carnis
2838 3645 3298 3705 resurrectionem,
3334 3660 3438 3694 uno

1863 3726 2044 3779 addito
2091 3731 2814 3800 pronominetradit:Hujus
2871 3736 3047 3789 carnis
3103 3739 3439 3789 resurrectio-

1864 3833 2000 3870 nem.
2038 3817 2196 3874 Hisce
2250 3823 2425 3876 tribus
2450 3827 2516 3877 de
2550 3824 2941 3878 additamentis
2995 3827 3260 3894 ampliora
3306 3827 3436 3881 scri-

1864 3908 2070 3974 psimus
2111 3912 2163 3963 in
2224 3916 2425 3969 nostris
2485 3915 2851 3984 Aquileiensis
2913 3917 3203 3971 Ecclesia.
3245 3916 3438 3972 Monu-

1866 4005 2086 4066 mentis,
2118 4022 2237 4074 cap.
2277 4023 2371 4065 vn.
2416 4024 2566 4061 num.
2606 4009 2657 4061 4.

1937 4096 1993 4148 In
2013 4098 2202 4150 eadem
2223 4099 2462 4170 Symboli
2489 4101 2841 4170 Expositione
2859 4107 2955 4157 ahs
2975 4105 3174 4158 Ruﬁno
3197 4103 3320 4157 ador
3337 4119 3436 4157 na~

1866 4198 1937 4246 ta.
1967 4205 2086 4257 qua».
2109 4201 2316 4256 prostat
2376 4193 2517 4246 inter
2547 4209 2709 4260 opera
2741 4195 2916 4247 sancti
2951 4195 3232 4265 Cypriani,
3260 4211 3289 4248 a
3314 4195 3438 4249 Ste-

1868 4279 2048 4347 phano
2075 4280 2308 4337 llalnzio.
2336 4293 2390 4335 et
2416 4299 2524 4336 uno
2552 4300 2618 4336 ex
2655 4285 2941 4340 monachis
2991 4288 3438 4358 congregationis

1863 4372 2049 4427 Sancti
2074 4375 2239 4426 Mauri
2268 4375 2557 4440 eilita,a|io
2574 4378 2793 4433 diverso
2826 4385 2988 4436 verba
3017 4383 3264 4451 quaedam
3296 4381 3437 4436 elle-

1865 4475 2059 4516 rnntur
2074 4466 2256 4517 modo:
2278 4467 2719 4532 viilelicet,Credo
2733 4473 2783 4522 in
2808 4470 2911 4522 Deo
2929 4472 3092 4524 Patre
3111 4474 3440 4540 omnipoten-

1864 4568 1911 4608 te
1947 4557 2101 4627 143
2130 4568 2174 4609 ct
2206 4560 2258 4611 in
2289 4559 2494 4614 Christo
2512 4561 2655 4623 Jesu,
2689 4564 2843 4616 unico
2876 4560 3015 4616 Filio
3047 4565 3179 4634 ejus,
3214 4563 3437 4617 Domino

1867 4655 2043 4696 nostro
2071 4662 2088 4698 ,·
2115 4654 2162 4698 et
2198 4647 2250 4698 in
2278 4645 2477 4716 Spiritu
2527 4660 2728 4704 sancto.
2781 4653 2860 4705 All
2896 4669 2957 4704 ca
2992 4655 3152 4705 verba
3187 4670 3199 4706 :
3233 4651 3298 4704 In
3331 4651 3435 4704 Deo

3051 4762 3063 4797 :
3127 4762 3145 4794 ι
3203 4743 3293 4798 Sic
3327 4754 3437 4797 tres

1868 4827 1990 4880 Mss.
2024 4829 2242 4882 codices
2267 4846 2390 4884 cum
2430 4830 2813 4900 (editionibus)
2877 4833 3170 4898 Reinbolti,
3198 4834 3433 4896 Erasini,

1865 4931 1920 4974 et
1978 4920 2188 4976 Morelii
2222 4941 2234 4975 :
2267 4933 2320 4976 et
2370 4925 2448 4978 sic
2503 4926 2558 4977 in
2622 4926 2983 4994 sequentibus
3011 4927 3278 4990 articulis,
3305 4938 3352 4980 et
3384 4931 3438 4981 in

1863 5009 1987 5063 Jcsu
2013 5012 2236 5078 Christo,
2264 5023 2368 5068 etc.
2410 5015 2683 5069 Pamclius
2723 5017 2809 5070 his
2843 5019 2894 5070 in
2921 5017 3055 5070 locis
3080 5021 3434 5072 accusativum

1865 5107 2066 5171 posuit,
2125 5114 2236 5157 tum
2285 5106 2410 5172 quia
2465 5106 2545 5159 sic
2590 5107 2797 5159 invenit
2826 5109 2878 5160 in
2910 5106 3272 5170 Frobeniana,
3299 5118 3356 5162 et
3384 5111 3435 5161 in

1865 5195 1987 5248 aliis
2044 5195 2260 5249 duabus
2320 5199 2553 5252 vetustis
2600 5198 2985 5252 cditiouibus:
3027 5211 3140 5252 tum
3196 5202 3323 5268 quia
3355 5201 3436 5255 sic

1866 5285 2068 5338 habent
2114 5287 2215 5338 tria
2269 5289 2414 5354 apud
2473 5289 2861 5359 Hieronymum
2908 5290 3186 5359 Symbola,
3247 5301 3305 5345 et
3359 5294 3439 5346 sic

1868 5377 1980 5445 ipse
2017 5377 2378 5447 Hieronymus
2405 5380 2458 5433 in
2485 5381 2709 5451 Dialogo
2742 5382 3006 5436 adversus
3035 5383 3432 5443 Luciferianos.

1867 5485 1977 5522 uno
2040 5470 2160 5522 loco
2205 5483 2436 5540 excepto
2476 5492 2487 5524 :
2523 5473 2602 5526 sic
2642 5473 2806 5527 etiam
2841 5475 3043 5542 ubique
3070 5477 3432 5542 Augustinus.

1872 5562 2067 5615 \‘erum
2124 5564 2345 5617 Panic-lii
2397 5565 2635 5617 rationes
2692 5566 2926 5633 probant
2956 5566 3082 5618 illud
3114 5567 3335 5636 quidem
3382 5569 3434 5622 in

1866 5655 2141 5722 plerisque
2196 5654 2467 5726 Symbolis
2523 5656 2629 5710 dici
2680 5660 2880 5720 solere,
2940 5657 3108 5711 Credo
3139 5660 3195 5711 in
3229 5657 3434 5711 Deum:

1860 5757 1919 5796 at
1979 5745 2200 5797 minimc
2260 5746 2518 5814 probant,
2583 5748 2661 5799 sic
2693 5748 2856 5801 etiam
2881 5749 3158 5802 exstitisse
3187 5748 3242 5802 in
3280 5748 3436 5817 Sym-

1871 5837 1994 5888 holo
2045 5835 2300 5890 Each-sia:
2333 5838 2718 5905 Aquileiensis.
2759 5839 2900 5904 Quin
2937 5841 3096 5893 etiam
3129 5857 3238 5908 quo
3273 5845 3433 5894 usita-

1869 5929 1972 5980 tior
1999 5941 2115 5983 crat
2143 5933 2470 5984 accusativus
2507 5933 2557 5985 in
2589 5932 2883 5997 Svnibolis,
2929 5933 3200 5986 cominus
3231 5934 3434 6003 proba.
