4198 6440
686 406 794 470 H7

1615 401 1942 462 GEORGII
1986 400 2244 461 CYI‘Rll
2286 400 2397 459 (ΖΡ.
2433 395 2952 459 PATtliAllCIIE

3837 377 3937 438 ιιθ

684 514 791 567 bile
842 516 927 564 est
984 508 1245 563 librarios
1297 509 1378 563 vel
1435 508 1669 574 incuria,
1721 512 1808 563 vel
1872 509 1939 563 de
1986 506 2554 571 industriaAeodem
2609 504 2872 576 Symbolo
2919 517 3031 573 quo
3066 510 3121 555 et
3164 514 3266 553 nos
3320 497 3623 565 baptizare.
3677 483 3935 542 eumdem

685 604 978 660 ablativum
1034 605 1088 656 in
1139 602 1243 655 hoc
1304 602 1563 672 Symbolo
1628 603 1901 670 posuisse.
1938 604 2006 654 At
2034 600 2259 653 minime

688 696 890 748 mirum
956 696 1024 757 si,
1080 708 1203 746 cum
1247 695 1553 763 reperirent
1583 692 1896 754 ablativum.
1919 692 2159 745 novitate
2184 690 2263 743 of-

689 784 851 845 lcnsi,
888 784 1256 835 accusativum
1291 784 1648 837 inseruerint.
1711 784 2075 849 Quamobrem
2107 783 2261 837 codi-

691 892 801 936 ces.
864 877 915 928 in
966 876 1171 944 quibus
1224 878 1441 941 legitur,
1492 876 1662 930 Credo
1713 878 1765 929 in
1822 876 2177 939 Deo,etc.,et
2204 875 2260 925 in

692 971 921 1035 Christo.
984 982 1115 1037 ctc.,
1177 980 1231 1025 et
1276 974 1329 1023 in
1382 972 1807 1042 Spiritusancto,
1839 972 2100 1025 videntur
2128 969 2259 1023 mihi

691 1068 1000 1118 accuratius
1060 1065 1516 1118 consuetudinem
1561 1064 1821 1120 Ecclesiae
1891 1062 2263 1133 Aquileiensis

690 1158 949 1219 retinere,
1014 1172 1177 1222 quam
1249 1157 1342 1223 qui
1401 1157 1758 1209 accusativum
1814 1164 2103 1223 usurpant.
2142 1153 2263 1206 Haec

688 1256 870 1299 autem
910 1247 1153 1316 Symboli
1182 1247 1576 1314 pronuntiandi
1632 1248 1772 1300 ratio
1800 1262 1909 1299 non
1941 1246 2159 1299 videtur
2194 1243 2262 1297 ab

702 1339 804 1392 hac
848 1338 1091 1392 Ecclesia
1146 1339 1314 1391 ascita
1371 1339 1490 1391 sine
1543 1338 1773 1390 consilio
1802 1337 1966 1390 fuisse
2011 1335 2149 1390 :sed
2207 1345 2266 1388 ut

688 1431 854 1484 trium
887 1444 1247 1498 personarum
1291 1430 1607 1483 divinarum
1648 1429 1843 1482 clarior
1893 1436 2037 1482 esset
2067 1427 2266 1481 distin-

689 1524 797 1576 ctio
853 1526 922 1576 ab
974 1523 1225 1577 articulis
1268 1524 1646 1592 sequentibus,
1689 1534 1929 1576 sanctam
1955 1523 2263 1586 Ecclesium,

689 1626 800 1669 etc.
856 1636 875 1668 ι
938 1617 1169 1677 Vereor.
1233 1633 1298 1669 ne
1346 1632 1507 1685 quam
1552 1617 1761 1671 invehit
1811 1618 2268 1686 diligentissimus

692 1708 1001 1767 adnotator.
1052 1708 1291 1777 Symboli
1343 1710 1731 1777 pronuntiandi
1765 1709 1901 1763 ratio
1935 1709 1988 1763 itt
2023 1709 2267 1764 Ecclesia

693 1800 1028 1868 Aquileiensi
1078 1816 1315 1869 unquam
1391 1802 1645 1869 viguerit.
1719 1801 2023 1855 Clariorem
2100 1803 2266 1854 trium

695 1908 1058 1961 personarum
1111 1893 1424 1947 divinarum
1478 1893 1888 1948 distinctionem
1944 1897 2011 1949 ab
2040 1897 2158 1949 aliis
2186 1911 2271 1948 ar-

697 1984 879 2038 ticulis
928 1985 1037 2038 alio
1088 2000 1155 2038 ex
1214 1986 1391 2055 capite
1451 1986 1685 2040 Ruﬁnus
1744 1988 1982 2042 desumit
2045 1988 2271 2051 ibidem,

696 2091 849 2130 num.
879 2077 947 2130 56
976 2095 988 2129 :
1022 2096 1039 2127 ι
1080 2077 1334 2131 Sanctam
1391 2077 1710 2143 Ecclesium,
1772 2082 2131 2133 remissionem
2160 2096 2275 2146 pec-

698 2178 960 2234 catorum,
995 2170 1149 2239 hujus
1183 2174 1361 2224 carnis
1422 2175 1879 2226 resurrectionem.
1918 2173 2037 2227 Non
2089 2174 2227 2228 dixit
2260 2190 2272 2224 :

700 2260 762 2315 In
792 2271 1033 2316 sanctam
1064 2262 1380 2327 Ecclesiam,
1407 2280 1510 2317 nec
1540 2266 1593 2317 in
1624 2267 1987 2318 remissionem
2035 2278 2276 2336 peccato-

700 2368 843 2413 rum,
900 2367 998 2406 nec
1037 2354 1088 2405 in
1120 2356 1297 2407 carnis
1331 2357 1787 2411 resurrectionem.
1832 2356 1890 2413 Si
1937 2361 2083 2411 enim
2120 2357 2279 2412 addi-

704 2445 879 2499 disset
919 2446 970 2497 in
1004 2446 1473 2515 praepositionem,
1510 2464 1615 2501 una
1665 2450 1971 2520 eademque
2033 2451 2117 2503 vis
2143 2449 2279 2504 luis-

706 2548 789 2592 set
820 2554 943 2592 eum
975 2542 1376 2608 superioribus.
1431 2543 1587 2595 Nunc
1610 2552 1789 2596 autem
1824 2544 1878 2597 in
1915 2544 2028 2599 illis
2058 2545 2278 2611 quidem

707 2630 1015 2693 vocabulis,
1081 2631 1173 2684 ubi
1231 2632 1298 2685 de
1352 2633 1643 2687 divinitate
1700 2634 1833 2688 ﬁdes
1855 2634 2148 2688 ordinatur
2187 2638 2282 2688 :in

709 2719 817 2773 Deo
844 2720 1007 2775 Patre
1035 2722 1258 2789 dicitur,
1287 2732 1343 2776 et
1382 2725 1434 2775 itt
1493 2723 1617 2776 Jesu
1668 2724 1879 2777 Christo
1904 2724 2038 2778 Filio
2065 2726 2284 2797 ejus,“

709 2812 765 2863 in
792 2797 992 2879 Spiritu
1018 2821 1201 2864 sancto
1236 2828 1263 2875 ;
1293 2812 1347 2865 in
1406 2814 1618 2867 ctcteris
1670 2830 1799 2867 vero
1840 2814 1929 2867 ubi
1953 2830 2059 2867 non
2111 2817 2178 2867 de
2204 2816 2287 2867 di-

713 2903 967 2966 vinitate,
999 2903 1095 2957 sed
1133 2903 1199 2956 de
1232 2904 1500 2957 creaturis
1558 2920 1620 2958 ac
1660 2906 1931 2974 mysteriis
1975 2920 2153 2958 sermo
2181 2916 2283 2967 est,

714 2995 769 3045 in
800 2995 1109 3062 praepositio
1138 3009 1243 3046 non
1292 2996 1532 3056 additur,
1574 3005 1632 3049 ut
1683 2998 1897 3049 dicatur
1940 2998 1993 3048 in
2045 3006 2282 3050 sanctam

719 3086 1037 3147 Ecclesium,
1069 3089 1161 3142 sed
1194 3101 1436 3142 sanctum
1469 3090 1755 3143 Ecclesium
1788 3090 2119 3144 credendam
2143 3106 2283 3150 esse,

717 3195 827 3232 non
855 3191 913 3232 ut
944 3182 999 3231 in
1062 3181 1249 3245 Deum,
1299 3182 1391 3235 sed
1422 3191 1481 3234 ut
1511 3182 1812 3235 Ecclesiam
1854 3181 1964 3235 Deo
1989 3197 2288 3250 congrega-

724 3283 832 3324 tam
876 3289 888 3322 :
919 3281 973 3325 et
1010 3274 1370 3325 remissionem
1423 3281 1757 3340 peccatorum
1792 3271 2120 3325 credendam
2148 3287 2287 3333 esse,

722 3377 830 3414 non
867 3364 921 3414 in
949 3357 1310 3416 remissionem
1353 3375 1690 3431 peccatorum
1722 3378 1739 3415 :
1776 3348 1829 3416 et
1858 3365 2295 3416 resurrectionem

723 3458 919 3520 carnis,
982 3472 1089 3510 non
1158 3462 1210 3510 in
1260 3460 1697 3511 resurrectionem
1733 3460 1933 3512 carnis.
1965 3459 2075 3513 liae
2112 3461 2295 3527 itaque

726 3549 1130 3616 pra-positionis
1165 3549 1367 3619 syllaba
1400 3550 1629 3604 Creator
1683 3569 1711 3603 a
1741 3554 2012 3606 creaturis
2051 3555 2296 3606 secerni-

730 3646 842 3700 tur,
891 3647 946 3690 et
984 3639 1169 3692 divina
1225 3650 1549 3709 separantur
1573 3641 1642 3693 ab
1678 3642 1957 3695 humanis.
2002 3662 2018 3692 ι
2050 3644 2170 3696 llaec
2204 3660 2300 3710 po-

730 3730 936 3783 tissima
959 3729 1140 3784 Ruﬁni
1174 3733 1332 3790 ratio.
1358 3748 1519 3801 quam
1550 3733 1720 3787 solam
1753 3736 1911 3788 aﬁ'ert
1951 3736 2086 3802 ipse,
2120 3736 2297 3788 locum

730 3819 919 3881 habet,
980 3823 1194 3875 tametsi
1254 3823 1459 3877 Divina:
1495 3840 1756 3893 personis,
1794 3830 2107 3880 accusativo
2145 3843 2302 3879 usur-

730 3921 859 3979 pato
883 3927 1036 3977 casu,
1071 3917 1516 3981 pronuntientur.

809 4001 970 4071 144
1013 4003 1236 4057 Interim
1286 4006 1659 4061 additamenta
1715 4009 2078 4077 Aquileiensia
2134 4008 2302 4076 (quod

732 4095 799 4147 a‘d
826 4110 939 4148 rem
966 4108 1210 4149 nostram
1243 4101 1476 4153 maxime
1510 4101 1773 4170 pertinet)
1827 4102 2120 4168 postulavit
2146 4114 2305 4152 nemo

736 4188 806 4242 de
827 4187 1079 4243 crimine.
1110 4190 1288 4245 Litem
1321 4191 1615 4246 adversum
1650 4209 1713 4247 ea
1743 4202 2039 4246 moverunt
2075 4193 2303 4251 nullam,

740 4296 863 4349 qua;
907 4281 1026 4333 alia:
1082 4282 1339 4337 Ecclesiae
1389 4299 1496 4336 nou
1549 4284 1740 4337 eadem
1796 4284 2305 4351 amplexabantur:

738 4368 918 4438 neque
971 4372 1085 4440 ipsa
1141 4373 1365 4425 demum
1428 4374 1670 4428 Ecclesia
1724 4374 1993 4439 Romana,
2043 4376 2200 4443 cujus
2249 4390 2306 4427 se

734 4463 1106 4530 Aquileiensis
1149 4465 1508 4532 proﬁtebatur
1562 4466 1754 4528 ﬁliam,
1809 4467 2113 4534 rcjicienda
2173 4482 2308 4535 prae-

2365 618 2551 673 nosse.
2585 601 2752 654 Deum
2788 599 3029 661 Patrem,
3081 594 3337 650 eumdem
3392 589 3586 643 Filium
3645 582 3936 673 Christum,

2363 669 2619 750 eumdem
2670 691 2931 762 Spiritum
2978 695 3326 748 sanctum...;
3360 683 3501 736 sciat
3548 673 3797 745 quisquis
3826 669 3939 728 hoc

2364 785 2762 858 opponendum
2820 792 2995 853 putat.
3051 779 3288 849 primum
3337 790 3445 828 non
3477 786 3598 825 esse
3646 765 3835 858 nobis,
3879 770 3937 814 et

2365 879 2734 935 scliismaticis
2763 892 2927 931 unam
2965 872 3209 945 Symboli
3237 871 3432 938 legem,
3476 876 3653 939 neque
3682 856 3935 912 eamdem

2367 973 2877 1041 interrogationem.
2908 968 3042 1023 Nam
3094 979 3219 1019 cum
3253 962 3465 1019 dicunt.
3513 954 3697 1009 Credis
3752 948 3941 1001 remis-

2369 1067 2572 1119 sionem
2614 1071 2974 1133 peccatorum,
3014 1068 3062 1112 et
3103 1062 3266 1112 vitam
3296 1064 3549 1109 a'ternrtm
3582 1066 3672 1117 per
3696 1054 3939 1099 sanctam

2370 1156 2691 1219 Ecclesiam,
2736 1154 3081 1208 mentiuntur
3112 1151 3166 1205 iu
3218 1145 3676 1214 interrogatione.
3719 1134 3943 1205 quando

2372 1268 2475 1305 nun
2512 1250 2761 1302 habeant
2815 1243 3141 1300 Ecclesiam.
3181 1261 3198 1293 ι
3237 1239 3444 1296 Eadem
3495 1233 3686 1289 scribit
3721 1230 3775 1282 in
3819 1227 3940 1292 epi-

2370 1345 2507 1400 stula
2543 1342 2609 1395 70
2643 1342 2728 1394 his
2759 1340 2945 1394 verbis
2978 1355 2991 1388 :
3031 1336 3168 1389 Nam
3206 1350 3325 1385 cum
3365 1330 3615 1387 dicimus,
3664 1322 3852 1374 Credis
3886 1320 3940 1369 iu

2370 1438 2532 1491 citam
2593 1443 2872 1490 a'ternam,
2937 1438 2986 1481 et
3048 1426 3408 1479 remissionem
3473 1425 3805 1487 peccatorum
3852 1425 3947 1478 per

2369 1538 2613 1585 sanctam
2645 1525 3031 1580 Ecclesium...
3066 1518 3359 1573 Additione
3391 1517 3507 1568 vita
3542 1519 3755 1565 ceterum
3790 1518 3945 1559 care-

2376 1626 2469 1678 bat
2505 1620 2824 1692 Symbolum
2846 1617 3164 1669 Romanum.
3200 1610 3340 1665 Hinc
3370 1609 3601 1662 Ruﬁnus
3620 1605 3717 1665 ait,
3745 1612 3948 1652 sermo—

2375 1733 2514 1777 nem,
2547 1716 2635 1783 qui
2674 1710 3127 1765 Resurrectionem
3180 1704 3362 1757 carnis
3410 1698 3743 1769 pronuntiat,
3798 1706 3946 1783 sum-

2374 1780 2713 1860 mam’totius
2764 1800 3097 1871 perfectionis
3142 1796 3411 1849 succincta
3445 1790 3698 1843 brevitate
3733 1780 3950 1836 conclu-

2376 1904 2519 1955 dere.
2557 1899 2737 1967 lpsius
2790 1911 2922 1949 vero
2973 1888 3390 1946 Resurrectionis
3427 1882 3719 1937 clariorem
3759 1874 3944 1927 verbis

2378 1996 2507 2058 illis,
2583 1993 2710 2045 Vitis
2758 1999 3005 2049 (eterna,
3067 1982 3474 2050 expositionem
3536 1974 3742 2030 aﬁerri.
3793 1973 3955 2023 docet

2376 2085 2719 2155 Augustinus
2765 2082 2819 2132 in
2863 2091 3139 2138 sermone,
3184 2088 3279 2125 seu
3333 2070 3521 2122 libr0t
3572 2064 3644 2116 De
3704 2060 3955 2131 Symbolc

2380 2182 2450 2235 ad
2482 2178 2906 2236 catechumenos,
2957 2183 3112 2223 num.
3150 2166 3215 2220 16
3245 2187 3257 2219 ;
3293 2162 3375 2215 Ne
3402 2161 3577 2213 carnis
3613 2155 3960 2210 resurrectio-

2382 2289 2498 2326 nem
2561 2272 2820 2335 futuram,
2882 2262 3157 2331 inquiens.
3218 2267 3358 2328 putet
3414 2254 3640 2322 aliqais,
3694 2247 3961 2318 quomodo

2383 2367 2617 2427 Lazari;
2651 2370 2708 2416 ut
2753 2361 2982 2415 sciamus
3019 2373 3126 2409 non
3162 2356 3235 2408 sic
3264 2368 3395 2412 esse,
3434 2348 3675 2402 additum
3711 2342 3807 2410 fuit
3839 2357 3855 2393 :
3895 2338 3960 2392 in

2382 2466 2543 2516 vitam
2581 2466 2858 2511 (sternam.
2908 2452 3030 2517 Quo
3092 2450 3215 2502 loco
3266 2442 3645 2498 animadverte
3694 2431 3965 2505 ιιι-επις)οεὶ-

2385 2556 2614 2615 tionem,
2652 2552 2730 2608 in.
2762 2546 3041 2615 aliquibus
3077 2544 3130 2595 in
3166 2537 3434 2594 Ecclesiis
3478 2529 3710 2603 perinde
3751 2522 3964 2581 divinis

2385 2644 2637 2715 personis
2669 2640 2906 2697 aﬁixam.
2937 2651 3002 2689 ac
3030 2634 3243 2688 easteris
3274 2627 3541 2682 articulis.

2459 2741 2737 2805 lutegrum
2794 2731 3104 2798 Africanum
3160 2721 3505 2793 Symbolum,
3560 2711 3819 2805 pluribus
3847 2723 3965 2805 au-

2389 2842 2536 2886 ctum
2572 2802 2822 2887 vocibus,
2870 2821 3017 2890 quod
3070 2833 3172 2872 suo
3216 2814 3435 2882 vigebat
3492 2820 3758 2876 tempore,
3809 2802 3963 2854 idem

2389 2921 2728 2992 Augustinus
2772 2914 2986 2985 profert
3028 2912 3083 2964 in
3154 2919 3409 2962 sermone
3460 2901 3587 2961 2η,
3652 2913 3733 2992 πῂ
3782 2894 3975 2992 tribus

2393 2989 2814 3083 insequentibus
2849 3020 2989 3075 quos
3048 3002 3243 3056 habuit
3274 3000 3326 3051 in
3362 2994 3667 3051 Traditions
3706 2989 3972 3083 Symboti,

2394 3081 2635 3177 itemque
2670 3104 2809 3157 libro
2846 3099 2921 3151 De
2959 3097 3064 3162 ﬁde
3102 3107 3147 3148 et
3182 3092 3451 3162 Syntbolo,
3486 3104 3548 3142 ac
3588 3098 3844 3139 sermone
3894 3081 3973 3133 de

2397 3202 2657 3275 Symbolo
2700 3200 2765 3251 ad
2813 3192 3262 3247 catechumenos.
3310 3185 3445 3239 Illud
3494 3193 3578 3237 est
3630 3200 3642 3234 :
3699 3180 3864 3275 Credo
3911 3178 3976 3275 in

2402 3271 2569 3349 Deum
2609 3292 2822 3345 Patrem
2885 3284 3317 3352 omnipotentem.
3381 3277 3448 3330 Et
3491 3279 3543 3329 in
3591 3275 3767 3328 Iesum
3812 3271 3979 3325 Chrio

2399 3397 2563 3448 stum,
2604 3382 2799 3436 Filium
2832 3381 2946 3449 ejus
2987 3378 3222 3432 unicum.
3259 3373 3545 3424 Dominum
3580 3376 3835 3419 nostrum.
3867 3364 3984 3427 Qui

2401 3487 2678 3545 conceptus
2727 3483 2801 3525 est
2852 3474 2914 3523 de
2960 3467 3166 3536 Spiritu
3211 3472 3419 3523 saucto,
3468 3472 3623 3513 natus
3675 3473 3738 3510 ea:
3795 3457 3982 3509 Maria

2410 3570 2637 3637 Virgine.
2679 3564 2873 3616 Passus
2920 3559 3076 3629 145
3118 3568 3191 3609 est
3216 3557 3310 3609 sub
3344 3555 3538 3606 Pontio
3574 3551 3769 3608 Pilato.
3802 3550 3989 3600 cruci-

2403 3661 2567 3726 ﬁxus,
2604 3665 2863 3712 mortuus.
2899 3666 2945 3706 et
2977 3650 3235 3717 sepultus.
3268 3648 3445 3702 Tertia
3471 3647 3555 3697 die
3601 3642 3889 3696 resurrexit
3944 3657 3985 3692 α

2407 3755 2650 3807 mortuis.
2720 3749 2965 3803 Ascendit
3018 3747 3072 3797 in
3128 3743 3337 3804 uelum,
3390 3741 3532 3793 sedet
3579 3738 3648 3789 ad
3703 3735 3987 3787 dexteram

2411 3845 2608 3897 Patris.
2662 3843 2789 3897 Inde
2835 3850 3081 3893 venturus
3122 3835 3372 3904 judicare
3405 3836 3566 3893 vivos,
3619 3840 3668 3882 et
3720 3838 3988 3881 mortuos.

2412 3938 2476 3990 Et
2540 3940 2595 3989 in
2658 3936 2917 4002 Spiritum
2998 3937 3264 3993 sanctum,
3337 3934 3580 3979 sanctam
3640 3923 3931 3976 Ecclesium
3971 3961 3990 3982 ,

2409 4027 2786 4080 Rcmissionem
2840 4028 3206 4089 peccatorum.
3267 4015 3464 4070 Carnis
3514 4014 3988 4071 resurrectionem,

2413 4121 2585 4173 l’itam
2639 4128 2917 4168 aternam.
2956 4131 2973 4163 ι
3012 4111 3266 4178 Quinque
3302 4107 3527 4176 adjecta:
3555 4119 3718 4159 voces
3753 4117 3993 4156 enume-

2413 4221 2623 4263 rantur.

2486 4302 2735 4353 Veterem
2773 4296 3184 4362 llispanicarum
3210 4291 3584 4345 Ecclesiarum
3604 4286 3843 4357 Symboli
3872 4284 3999 4337 iur-

2414 4392 2637 4451 mulam,
2673 4402 2837 4455 quam
2872 4386 3109 4453 majores
3144 4381 3521 4441 tradiderant,
3558 4380 3789 4432 rec-itaut
3820 4376 3993 4429 Ethe—

2417 4484 2527 4533 rius
2546 4481 2841 4549 episcopus
2866 4475 3210 4537 Uxamensis,
3230 4482 3287 4526 et
3313 4472 3514 4525 Beatus
3538 4472 3821 4539 presbyter
3837 4470 3996 4537 ejus,

738 4555 981 4623 scripsit.
1012 4554 1124 4609 Cur
1157 4558 1301 4610 enim
1341 4558 1524 4612 unitas
1552 4558 1804 4613 violanda
1834 4560 1995 4618 foret.
2025 4576 2150 4614 cum
2187 4574 2278 4614 unt

2406 4571 2552 4623 libro
2595 4585 2631 4633 t,
2662 4568 2923 4621 Adversus
2959 4562 3283 4630 Elipandum
3304 4558 3782 4626 archiepiscopum
3823 4555 4002 4609 Tole-

737 4647 1042 4716 eademque
1080 4658 1229 4702 esset
1281 4650 1415 4703 ﬁdes
1445 4652 1716 4717 omnium,
1743 4654 1843 4705 etsi
1870 4667 1991 4704 eam
2017 4653 2109 4705 alii
2144 4664 2307 4722 atque

738 4740 831 4792 alii
862 4740 1050 4807 paucis
1097 4754 1191 4793 aut
1227 4742 1479 4810 pluribus
1512 4744 1741 4797 vocibus
1789 4745 2091 4797 etl'errent?
2139 4746 2311 4800 Erant

740 4831 945 4898 quippe
990 4832 1257 4884 clariores
1304 4832 1573 4885 duntaxat
1616 4835 1927 4888 communis
1984 4846 2148 4889 rectae
2183 4837 2310 4890 ﬁdei

741 4921 1181 4984 declarationes;
1230 4939 1351 4990 qua:
1410 4925 1736 4976 necessaria:
1763 4926 1963 4980 alicubi
2016 4928 2146 4980 visa:
2198 4930 2315 4979 l'ue-

744 5023 889 5073 rant,
927 5022 985 5065 ut
1022 5015 1303 5068 communi
1334 5014 1599 5083 Symbolo
1634 5015 2040 5080 insererentur,
2075 5019 2141 5071 ad
2188 5036 2314 5072 sur-

741 5116 932 5171 gentes
967 5121 1068 5173 pro
1114 5116 1359 5173 tempore
1408 5107 1647 5160 haereses
1695 5110 1885 5176 procul
1944 5110 2239 5177 abigendos
2286 5125 2314 5162 a

748 5209 927 5251 mente
962 5199 1444 5252 Christiﬁdelium.
1492 5200 1699 5253 Eodem
1739 5200 1793 5253 in
1827 5202 2083 5270 Africana
2130 5202 2319 5256 Eccle-

748 5292 828 5344 sia
864 5292 1095 5344 consilio
1132 5293 1500 5359 simpliciores
1533 5294 1771 5360 viguisse
1802 5296 2062 5361 primum,
2113 5297 2322 5348 auctio-

750 5398 949 5452 rcsque
996 5394 1183 5451 postea
1229 5386 1281 5436 iu
1338 5400 1437 5435 usu
1500 5386 1708 5452 positas
1759 5400 1880 5437 esse
1930 5384 2315 5455 Symbolorunt

752 5477 1035 5539 formulas,
1088 5475 1425 5529 addiscimus
1466 5492 1532 5529 ex
1562 5476 1836 5545 Cypriano
1901 5488 1955 5529 et
1992 5479 2316 5545 Augustino.

754 5569 849 5622 Ille
881 5571 934 5621 in
995 5570 1231 5637 cpistola
1279 5571 1343 5621 ad
1385 5570 1661 5638 Magnum,
1708 5570 1774 5623 69
1806 5572 1859 5622 in
1890 5571 2132 5625 editione
2185 5570 2327 5625 Oxo-

760 5655 958 5720 niensi,
997 5670 1051 5712 et
1099 5660 1253 5729 juxta
1306 5658 1604 5712 Pamelium
1648 5657 1734 5722 76,
1786 5659 1899 5711 lucc
1952 5659 2163 5711 habet:
2213 5675 2232 5707 ι
2270 5657 2323 5711 Si

690 5799 700 5807 .
759 5752 959 5821 aliquis
988 5752 1115 5804 illud
1161 5750 1412 5819 opponit,
1460 5759 1515 5802 et
1564 5750 1752 5803 dicat:
1792 5750 2048 5803 Eamdem
2074 5749 2325 5804 Novalia-

766 5864 894 5900 nutn
926 5847 1100 5913 legem
1137 5856 1343 5911 tenere,
1378 5860 1541 5913 quant
1574 5844 1819 5899 Ecclesia
1852 5843 2122 5898 catholica
2156 5852 2325 5907 tenet,

2413 4676 2621 4723 tanum,
2668 4674 2817 4712 anno
2865 4656 3071 4711 Christi
3106 4653 3211 4706 785
3281 4652 3579 4705 coniecto:
3625 4667 3645 4699 ι
3685 4649 4004 4716 Surgamus

2412 4766 2544 4821 ergo
2580 4766 2703 4802 eum
2756 4748 2890 4816 ipsis
2920 4745 3180 4815 apostolis
3202 4785 3216 4807 ,
3252 4754 3310 4796 et
3346 4742 3471 4795 ﬁdei
3511 4750 3711 4794 nostra
3748 4739 3999 4807 Symbo-

2415 4846 2548 4908 lum,
2577 4843 2721 4912 quod
2758 4839 3107 4895 tradiderunt
3138 4836 3299 4889 nobis
3324 4836 3475 4889 brevi
3508 4833 3859 4900 compendio,
3892 4846 3998 4883 re-

2415 4940 2720 4991 citemus...
2753 4930 2934 4984 Credo
2974 4930 3025 4982 in
3064 4929 3231 4981 Deum
3270 4927 3485 4979 Patrem
3527 4924 4002 4991 omnipotentem.

2418 5029 2482 5080 Et
2521 5027 2572 5078 in
2599 5026 2785 5079 .lesutn
2809 5025 3113 5083 Christum,
3137 5020 3333 5073 Filium
3368 5019 3488 5084 ejus
3520 5019 3764 5078 unicum,
3792 5015 4001 5077 Deum,

2417 5134 2470 5175 et
2505 5118 2798 5172 Domitium
2855 5124 3130 5168 nostrum.
3171 5112 3275 5177 Qui
3328 5120 3489 5163 natus
3514 5120 3599 5162 est
3647 5108 3715 5161 de
3780 5108 4003 5174 Spiritu

2420 5220 2611 5264 sancto
2637 5224 2703 5262 ex
2739 5206 2904 5259 Maria
2934 5204 3181 5272 Virgine.
3214 5203 3407 5255 Passus
3431 5201 3534 5253 sub
3560 5200 3751 5252 Pontio
3790 5199 4006 5260 Pilato,

2421 5300 2737 5361 cruciﬁxus,
2763 5306 2819 5348 et
2849 5293 3117 5360 sepultus.
3148 5291 3422 5344 Descendit
3450 5290 3517 5341 ad
3546 5288 3774 5355 inferna.
3805 5286 4013 5341 Tertia

2424 5395 2509 5445 die
2546 5388 2847 5443 resurrexit
2872 5388 3017 5439 vivus
3051 5401 3078 5436 a
3112 5385 3364 5437 mortuis.
3398 5382 3657 5437 Asoeu-J-it
3692 5381 3759 5431 ad
3794 5380 4003 5438 celos.

2427 5482 2582 5535 sedet
2613 5480 2679 5533 ad
2727 5481 3012 5533 dexteram
3058 5476 3151 5529 Dei
3198 5476 3379 5528 Patris
3426 5474 3814 5539 omnipotentis.
3864 5471 4012 5525 lude

2429 5582 2701 5627 venturus
2734 5578 2818 5623 est
2856 5570 3099 5637 judicare
3136 5567 3309 5628 vivos,
3337 5574 3393 5618 et
3424 5572 3690 5617 mortuos.
3716 5562 3895 5616 Credo
3941 5564 4012 5617 in

2430 5664 2698 5730 Spiritum
2732 5670 3004 5719 sanctum,
3035 5665 3278 5711 sanctam
3323 5654 3620 5708 Ecclesiam
3655 5652 4012 5713 catholicam,

2432 5754 2813 5808 remissionem
2847 5750 3083 5803 omnium
3129 5759 3499 5817 peccatorum,
3532 5747 3714 5798 carnis
3746 5760 4011 5799 resurre-

2434 5845 2710 5907 ctionem,
2763 5852 2810 5894 ct
2858 5846 3018 5894 vitam
3065 5852 3339 5894 aeternam.
3393 5840 3584 5892 Amen.
3637 5856 3655 5886 ι
3706 5837 4022 5889 Ecclesia":
