4198 6440
198 406 298 469 H9

1338 420 1540 480 VITA.
1584 439 1650 456 ⁸·-
1694 422 2204 486 DISSERTATIO
2250 428 2331 489 Π.

3370 420 3472 487 150

192 518 443 572 instituit
475 521 642 575 Iesus
673 522 948 587 Christus,
974 525 1120 578 omni
1148 535 1426 594 patentem
1457 528 1692 590 nationi,
1723 530 1787 581 ad
1822 533 1864 589 Α
1897 533 2001 586 lam
2069 537 2348 589 ριὶξιίηιτη
2397 553 2516 590 eam
2562 534 2800 590 Jacobus
2848 532 3102 589 usserius
3149 531 3203 584 in
3259 530 3471 583 mss"-

191 613 380 663 amnis
422 623 1047 680 temporaprotensam,
1071 626 1125 670 et
1148 619 1214 670 ad
1238 622 1420 673 omnia
1441 619 1558 673 loca
1589 638 1600 673 :
1639 623 1783 675 unde

194 718 296 756 ros
342 706 618 758 catholica
679 708 988 776 simplicem
1044 711 1287 763 continuet
1339 713 1780 778 explicationem.

190 794 397 848 Carent
425 814 489 850 ea
526 801 876 865 antiquiores
905 800 1151 853 formulat-
1183 821 1193 854 :
1222 804 1573 870 arlditamque
1601 817 1782 871 postea

191 889 407 950 fuisse,
441 893 583 943 satis
637 893 845 946 indicat
897 896 1235 960 Augustinus
1287 898 1428 950 libro
1485 897 1556 948 De
1603 900 1704 962 )ltlc
1739 908 1785 947 et

191 979 452 1048 ngéolo
487 999 506 1034 :
549 983 804 1037 Sanctam
857 985 1147 1040 Ecclesium
1177 1029 1190 1053 ,
1243 990 1500 1057 inquiens
1533 1029 1546 1051 ,

192 1080 552 1130 catholicam.

266 1167 402 1220 Haec
454 1173 514 1222 in
575 1169 873 1225 Occidente
925 1172 1161 1224 innocue
1220 1171 1628 1239 nsurpabatur,
1694 1182 1786 1226 aut

197 1261 552 1328 simplicior,
589 1273 684 1316 aut
727 1265 941 1316 auctior
975 1265 1217 1332 Symboli
1262 1266 1638 1331 apostolorum
1671 1266 1785 1317 lor-

199 1351 370 1404 mula.
408 1352 518 1404 l’ar
576 1365 697 1406 erat
745 1354 1114 1408 Ecclesiarum
1155 1353 1381 1408 Orientis
1418 1355 1784 1407 consuetudo.

200 1442 362 1506 Quod
399 1443 473 1496 ibi
519 1443 872 1512 frequentius
920 1447 971 1498 in
1007 1460 1108 1498 usu
1140 1457 1254 1498 erat
1291 1446 1634 1517 Symbolum,
1673 1446 1786 1498 ltu-

200 1533 346 1585 ﬁnus
388 1533 622 1587 exhibet
647 1535 769 1588 loco
801 1536 972 1588 citato
1008 1553 1020 1588 :
1062 1554 1078 1586 ι
1116 1535 1294 1590 Credo
1325 1539 1378 1588 in
1425 1553 1586 1589 unum
1619 1539 1786 1589 Deum

203 1623 428 1679 Patrem
461 1629 925 1696 omnipotentem.
961 1629 1024 1681 Et
1058 1632 1110 1682 in
1142 1645 1307 1681 unum
1357 1629 1650 1682 Dominum
1693 1645 1786 1682 no-

204 1727 384 1770 strum
419 1719 615 1773 Iesum
653 1720 970 1783 Christum,
1023 1723 1246 1775 unicum
1284 1722 1479 1774 Filium
1513 1724 1655 1792 ejus.
1684 1722 1785 1788 Qui

203 1821 369 1866 natus
398 1823 484 1864 est
519 1813 589 1865 de
621 1811 828 1880 Spiritu
858 1824 1050 1868 sancto
1081 1832 1144 1868 es
1181 1815 1348 1869 Maria
1383 1817 1625 1882 Virgine.
1649 1816 1785 1870 Cru-

1609 991 1786 1054 utique

1899 626 2104 678 talione
2137 628 2202 678 de
2242 627 2554 697 Symbolis,
2589 644 2754 697 quam
2803 625 3170 680 Constantino
3230 625 3473 690 impera-

1901 719 2002 770 tori
2041 718 2361 771 obtulerunt
2399 723 2579 783 Arius,
2616 728 2670 772 et
2702 719 2981 779 Euzoius,
3029 716 3315 783 presbyter
3356 715 3466 772 illc.

1897 824 1957 860 ac
1993 810 2092 863 istc
2136 814 2401 865 diaconus
2437 815 2683 882 ejusdem
2724 813 3005 866 Ecclesiae.
3045 808 3313 863 Referunt
3348 823 3467 857 eain

1897 897 2178 959 Socrates.
2219 902 2362 956 libro
2415 918 2450 963 ι,
2489 903 2664 970 capite
2697 902 2786 965 26,
2819 912 2868 955 et
2905 903 3270 954 Sozomenus.
3328 899 3468 950 lihro

1899 1005 1953 1046 tt.
1986 992 2164 1055 capite
2199 991 2287 1046 ‘27.
2333 1012 2348 1040 t
2388 991 2679 1044 Credimus
2728 996 2778 1044 in
2834 1008 3003 1044 unum
3051 993 3214 1042 [leum
3253 989 3465 1042 Pati-cm

1897 1087 2356 1147 omnipotentem.
2415 1085 2476 1136 Et
2529 1086 2580 1135 in
2625 1085 2913 1136 Dominum
2950 1082 3134 1136 Iesum
3165 1082 3468 1139 Christum,

1899 1172 2096 1225 Filium
2131 1176 2249 1242 t-jus
2273 1217 2286 1235 ,
2335 1179 2421 1244 qui
2456 1193 2519 1229 ex
2554 1194 2611 1227 co
2649 1176 2818 1244 {actus
2861 1184 2935 1226 ett
2979 1176 3069 1238 (al.
3105 1176 3310 1243 genitus
3347 1181 3463 1231 cst).

1898 1274 2022 1315 ante
2053 1266 2229 1316 omnia
2265 1267 2480 1326 stccula,
2521 1265 2683 1316 Deum
2718 1267 2956 1324 l'i'rbum,
2989 1281 3079 1330 per
3103 1281 3252 1330 quem
3292 1265 3467 1313 omnia

1897 1358 2036 1422 facta
2069 1367 2215 1417 sunt,
2247 1375 2362 1425 qua'
2389 1360 2441 1409 in
2468 1357 2598 1408 caelo
2629 1369 2676 1408 ct
2702 1373 2818 1424 qua
2847 1359 2899 1408 in
2931 1368 3098 1408 terra.
3131 1353 3228 1417 Qui
3260 1356 3468 1405 descen-

1897 1451 1972 1500 dit
2014 1459 2062 1500 et
2091 1454 2400 1502 incarnatus
2432 1462 2523 1503 est.
2552 1451 2654 1516 Qui
2697 1466 2892 1517 passus
2923 1460 3026 1508 cst,
3057 1460 3110 1500 et
3144 1448 3465 1507 resurrexit,

1895 1548 1950 1590 et
1984 1540 2233 1593 ascendit
2280 1543 2345 1593 ad
2403 1543 2596 1602 canos,
2642 1551 2696 1594 et
2751 1542 2947 1593 iterum
2983 1553 3253 1594 venturus
3299 1550 3383 1591 est
3415 1551 3469 1589 tit

1895 1630 2103 1698 jntlicct
2139 1633 2293 1684 vivos
2325 1643 2380 1684 et
2414 1645 2681 1686 mortuos.
2718 1633 2780 1685 Et
2816 1633 2868 1685 in
2898 1633 3162 1700 Spiritntn
3189 1643 3463 1682 sanctum.

1899 1722 1954 1775 In
1982 1724 2162 1774 carnis
2205 1725 2693 1783 resurrectionem,
2729 1736 2778 1776 ct
2833 1726 2883 1776 in
2918 1725 3079 1776 \ilam
3116 1723 3329 1774 venturi
3365 1740 3457 1774 sa:-

1897 1813 2026 1864 culi.
2059 1812 2124 1866 Et
2172 1816 2223 1865 in
2257 1830 2419 1866 unam
2452 1816 2778 1868 catholicam
2830 1816 2921 1868 Dei
2961 1815 3261 1868 Ecclesiam
3295 1853 3308 1875 ,
3347 1829 3467 1881 qua:

202 1905 400 1958 ciﬁsus
436 1907 546 1958 sub
573 1906 771 1959 Pontio
818 1906 1018 1971 Pilato,
1063 1919 1116 1962 et
1145 1909 1413 1977 sepultus.
1453 1909 1635 1962 Tertia
1699 1909 1788 1962 die
1826 1895 1863 1946 Β
1893 1919 1920 1954 a
1954 1905 2148 1970 primis
2179 1905 2503 1957 cardinibus
2549 1905 2616 1957 ad
2673 1906 2901 1958 ultimus
2955 1920 3129 1972 usque
3193 1915 3467 1958 terrarum

203 1997 520 2048 resurrexit
552 2011 580 2047 a
617 1999 871 2050 mortuis.
906 1998 1169 2052 Ascendit
1218 2000 1269 2052 in
1311 1999 1502 2062 culos,
1534 1998 1688 2052 sedet
1719 2001 1783 2052 ad

202 2093 492 2142 dexteram
524 2088 727 2142 Patris.
765 2089 894 2142 lude
931 2101 1193 2144 venturus
1223 2105 1307 2146 est
1336 2092 1586 2157 judicare
1613 2094 1783 2157 \‘ivos,

199 2192 254 2234 et
284 2193 568 2234 mortuos.
598 2178 671 2232 Et
701 2184 754 2232 in
801 2181 1068 2246 Spiritum
1101 2192 1376 2245 sanctum,
1409 2195 1652 2236 sanctam
1691 2181 1789 2234 Ec-

201 2273 456 2337 clesiam,
513 2275 896 2327 remissionem
955 2285 1328 2341 peccatorum,
1382 2276 1566 2329 carnis
1601 2291 1783 2328 resur-

202 2367 545 2418 rectionem.
600 2383 617 2413 ι
681 2366 865 2418 Ruﬁni
924 2367 1435 2421 animadversiones
1481 2370 1686 2435 accipe.
1740 2369 1784 2418 Ι.

201 2456 447 2510 Orientis
499 2458 754 2512 Ecclesiae
789 2462 898 2526 fere
930 2477 1104 2513 omnes
1140 2463 1218 2513 ita
1272 2462 1486 2513 tradunt
1516 2479 1531 2514 .'
1566 2480 1582 2511 t
1623 2461 1786 2513 Credo

200 2554 250 2602 in
279 2567 389 2602 uno
433 2550 546 2604 Deo
585 2550 748 2604 Patre
778 2554 1150 2617 omnipotente.
1197 2573 1214 2604 ι
1256 2552 1320 2606 Et
1361 2569 1570 2605 rursum
1617 2555 1671 2606 in
1701 2571 1783 2606 se-

201 2646 384 2709 quenti
445 2660 692 2699 sermone
719 2685 734 2707 .
801 2664 819 2696 ι
863 2645 930 2698 Et
964 2648 1016 2698 in
1048 2646 1170 2698 Iesu
1202 2648 1409 2700 Christo
1453 2649 1603 2698 unico
1645 2645 1786 2698 Filio

203 2736 312 2800 ejus
356 2736 590 2790 Domino
623 2750 821 2801 nostra,
868 2758 882 2788 ι
918 2741 994 2791 ita
1018 2738 1096 2790 illi
1127 2739 1346 2791 tradunt
1369 2755 1385 2792 :
1431 2757 1448 2789 ι
1491 2739 1556 2792 Et
1597 2741 1648 2791 in
1683 2756 1786 2792 uno

208 2828 434 2880 Domino
478 2839 664 2881 nostro
722 2830 847 2882 Iesu
906 2829 1116 2884 Christo
1176 2832 1332 2882 unico
1389 2829 1527 2882 l‘ilio
1580 2835 1710 2896 (jus.
1768 2851 1784 2882 ι

210 2919 380 2974 ταυτῃ
419 2924 626 2974 scilicet
678 2922 866 2984 Deum,
941 2931 988 2975 et
1063 2940 1221 2975 unum
1286 2921 1441 2993 1&6
1508 2923 1786 2975 Dominum

202 3020 497 3065 secundum
517 3019 886 3069 auctoritatem
912 3015 1068 3069 Pauli
1086 3015 1308 3082 apostoli
1330 3014 1633 3084 proﬁtentes
1653 3031 1668 3066 :
1691 3017 1782 3067 sed

205 3109 269 3155 de
304 3111 403 3158 hoc
435 3109 495 3158 in
538 3110 874 3175 sequentibus
907 3108 1031 3172 locis
1062 3117 1374 3176 repetemus.
1406 3108 1462 3160 2.
1506 3107 1784 3162 Scientum

199 3213 324 3246 sca:
361 3204 470 3258 est,
506 3200 647 3261 quod
679 3199 731 3247 in
759 3195 1007 3249 Ecclesitz
1036 3196 1288 3250 Romana:
1307 3196 1553 3264 ngbolo
1573 3213 1674 3248 non
1693 3198 1787 3248 lm-

199 3293 351 3340 oetur
380 3289 656 3350 additum,
694 3306 712 3338 ε
755 3290 1028 3342 Descendit
1060 3291 1128 3340 ad
1169 3290 1375 3356 inferna
1399 3307 1416 3350 ,'
1443 3308 1460 3336 ι
1486 3291 1577 3341 se.l
1619 3306 1784 3357 neque

201 3398 253 3433 sn
284 3380 531 3432 Orientis
555 3379 803 3432 Ecclesia
826 3378 1073 3448 Symbolo
1099 3379 1319 3431 habetur
1347 3380 1427 3429 hic
1458 3387 1652 3430 sermo‘.
1687 3379 1781 3430 liu-

200 3472 424 3523 luziana
481 3471 694 3522 utimur
715 3469 983 3522 editione.
1011 3469 1401 3522 Animadverte
1449 3468 1611 3521 verba
1652 3469 1742 3520 illa
1771 3489 1780 3520 :

199 3563 373 3616 Credo
407 3578 464 3613 in
501 3576 610 3611 uno
647 3558 751 3611 Deo
787 3559 949 3612 Patre
975 3561 1355 3626 o.-nnipotente,
1383 3561 1623 3626 itemque
1656 3555 1781 3611 illa:

200 3663 246 3704 et
288 3657 343 3705 in
373 3652 512 3705 Iesu
545 3652 760 3707 Christo
797 3653 950 3706 unico
987 3651 1128 3705 Filio
1161 3655 1274 3720 eius
1310 3671 1322 3704 :
1357 3669 1477 3722 qur.
1508 3657 1572 3704 ab
1602 3651 1786 3706 Orien-

201 3748 265 3798 tis
298 3744 562 3796 Ecclesiis
597 3743 702 3811 {ere
731 3745 973 3796 omnibus
1025 3745 1163 3796 tradi
1208 3743 1490 3796 dicuntur.
1520 3744 1637 3797 Iam
1672 3745 1780 3795 Cul-

199 3839 332 3907 ligo,
377 3837 614 3890 modum
658 3837 821 3889 .illunt
872 3837 1238 3899 enuntiandi,
1295 3838 1338 3889 si
1384 3837 1634 3905 siguerit
1689 3852 1788 3888 titi-

200 3944 387 3996 quam,
416 3943 716 3996 perperam
740 3929 808 3980 ab
830 3927 1152 3980 adnotatorc
1175 3928 1385 3980 dictum
1410 3926 1581 3980 fuisse
1609 3925 1787 3978 Eccle-

200 4022 293 4075 τίω
319 4021 688 4090 Aquileiensis
715 4020 1072 4088 peculiarem.
1103 4018 1313 4087 Colligo
1343 4018 1569 4078 deinde.
1603 4021 1788 4072 serio--

203 4128 315 4165 rem
353 4112 668 4164 lectionem
708 4125 864 4173 esse,
896 4110 951 4161 in
991 4109 1156 4162 Deum
1210 4107 1451 4173 Patrem,
1503 4111 1558 4162 in
1603 4109 1782 4162 Iesum

201 4201 503 4262 Christum,
537 4203 596 4253 in
623 4200 880 4267 Spiritum
915 4210 1157 4254 sanctum
1185 4217 1203 4255 :
1243 4217 1368 4256 cum
1396 4201 1584 4255 Graeca
1611 4200 1780 4272 Sym-

202 4295 324 4347 bola
359 4295 614 4347 habeant
640 4295 718 4354 si;
742 4293 874 4345 Θεὶν
900 4333 916 4358 ,
950 4295 1030 4354 εἰς
1081 4295 1316 4364 Χριστὸν
1349 4293 1582 4362 Ἰησοῦν,
1612 4298 1691 4356 εἰς
1723 4295 1784 4346 τὸ

198 4387 354 4453 ἅγια-ιο
392 4385 654 4454 Πνεῦμα.

266 4478 388 4532 Non
422 4478 695 4531 omnibus
719 4516 733 4539 ,
780 4477 874 4532 sed
911 4481 1022 4548 fere
1049 4481 1286 4534 omnibus
1321 4481 1563 4535 Orientis
1594 4478 1782 4533 Eccle-

199 4572 292 4624 siis
319 4573 472 4624 hanc
505 4570 682 4625 fuisse
714 4587 1061 4626 communem
1107 4573 1350 4643 Symboli
1384 4574 1641 4636 fortnam,
1673 4573 1783 4626 ltu-
1816 4583 1861 4638 ι)

200 4665 342 4715 linus
368 4664 566 4716 docet.
601 4655 994 4716 Additamento
1043 4665 1199 4716 unius
1249 4673 1398 4717 caret
1450 4666 1540 4717 illa
1571 4706 1583 4726 ,
1619 4677 1782 4730 quam

197 4756 343 4810 Iulio
369 4756 636 4807 Romano
659 4756 906 4824 pontiﬁci
929 4757 1130 4810 obtulit
1160 4756 1446 4808 Marcellus
1471 4759 1782 4823 Ancyranus

198 4847 340 4911 apud
377 4845 788 4913 Epiphanium,
838 4848 1029 4901 haeresi
1066 4848 1134 4900 72
1161 4887 1174 4909 ,
1227 4863 1379 4900 num.
1414 4848 1446 4898 5
1481 4866 1493 4901 ;
1523 4847 1692 4900 Credo
1729 4848 1782 4898 in

201 4939 372 4990 Deuns
407 4939 852 5006 omnipotentem.
891 4939 960 4994 Et
995 4942 1047 4992 in
1083 4939 1352 4994 Christum
1391 4940 1589 5002 Iesum,
1622 4941 1782 5008 ipsius

199 5027 408 5083 Filium
448 5033 805 5098 unigenitum,
844 5030 1126 5084 Dominum
1161 5041 1417 5091 nostrum,
1452 5033 1685 5099 genitum
1722 5029 1785 5080 de

199 5123 419 5190 Spiritu
457 5133 670 5184 sancto,
724 5134 771 5174 et
827 5121 1007 5176 Maria
1045 5123 1270 5191 Virgine.
1311 5121 1412 5187 Qui
1451 5123 1542 5175 sub
1597 5122 1784 5174 Pontio

197 5214 383 5266 Pilato
420 5213 716 5277 cruciﬁxus
744 5223 862 5277 est,
911 5225 959 5266 et
991 5213 1248 5282 sepultus.
1289 5213 1357 5265 Et
1394 5214 1551 5265 tertia
1583 5213 1665 5264 die
1700 5228 1783 5262 re-

197 5308 440 5360 surrexit
478 5323 511 5356 a
558 5307 803 5359 mortuis.
844 5307 1087 5359 Ascendit
1115 5307 1169 5360 in
1196 5305 1403 5366 calum,
1453 5315 1501 5358 et
1532 5307 1674 5358 sedet
1716 5305 1785 5356 ad

198 5402 483 5450 dexteram
522 5397 730 5450 Patris.
777 5394 924 5449 Unde
952 5411 1197 5449 sensurus
1237 5405 1314 5448 est
1349 5397 1595 5464 judicare
1624 5396 1779 5458 viros,

197 5499 243 5538 et
271 5495 537 5539 mortuos.
574 5485 638 5537 Et
664 5489 718 5538 in
753 5484 1010 5554 Spiritum
1039 5496 1300 5550 sanctam,
1331 5495 1571 5538 sanctam
1600 5484 1785 5538 Eccle-

198 5577 358 5634 stum,
403 5575 780 5627 remissionem
815 5589 1168 5640 peccatorum,
1221 5578 1396 5628 carnis
1448 5577 1785 5628 resurrectio-

201 5679 339 5726 nem,
363 5665 539 5716 vitam
572 5674 849 5717 (τισι-ηοω.
885 5664 1017 5728 Quae
1049 5676 1318 5734 postrema
1350 5666 1459 5718 duo
1485 5666 1649 5718 verba
1678 5681 1782 5718 non

201 5765 478 5824 apparent
514 5756 572 5808 in
613 5753 879 5810 Otii-ntali
909 5757 1186 5809 communi
1225 5756 1500 5827 Symbolo.

280 5848 467 5901 Velini
497 5847 837 5916 peculiari-ni
881 5847 1253 5902 Alexandrinis
1294 5847 1538 5904 Ecclesia
1572 5850 1782 5903 formu-

1893 1993 2031 2044 tiues
2064 1993 2380 2057 porrigitur.
2429 2012 2446 2043 ι
2486 1994 2680 2048 Nullus
2730 2009 2830 2061 ego
2872 1993 3271 2055 dubitaverim,
3327 1993 3466 2044 hanc

1895 2081 2018 2134 ﬁdei
2051 2085 2337 2136 formulam
2370 2085 2437 2136 ab
2472 2086 2604 2138 Ario
2641 2086 2969 2137 instructam
3014 2101 3026 2137 :
3064 2084 3131 2137 ab
3170 2097 3349 2152 eoque
3379 2081 3463 2133 Μ-

1893 2175 2027 2227 ca-ni
2061 2177 2326 2244 Syntboli,
2366 2179 2516 2244 quod
2545 2179 2653 2246 jatn
2689 2179 2895 2230 editum
2931 2177 3107 2230 fuerat
3137 2217 3150 2240 ,
3185 2185 3463 2242 assumpta

1893 2270 2137 2337 (μιιεὼειη
2171 2270 2572 2331 additamenta,
2609 2288 2714 2324 non
2748 2275 2931 2324 omnia
2959 2272 3147 2328 fuisse.
3171 2283 3294 2337 qua:
3315 2271 3466 2322 scili-

1891 2371 1978 2416 cet
2017 2363 2270 2416 haresim
2300 2366 2420 2431 ejus
2455 2364 2660 2416 clarius
2695 2364 3074 2432 proﬂigabant.

1968 2455 2120 2526 15.7
2155 2456 2431 2510 Orientale
2457 2472 2753 2510 commune
2787 2457 3096 2510 adhibitum
3133 2457 3185 2509 in
3221 2456 3462 2510 Ecclesia

1899 2545 2379 2616 lliet'osolymitana
2423 2549 2741 2618 Symbolum
2773 2591 2786 2613 ,
2837 2549 3018 2616 colligi
3056 2564 3214 2617 posse
3255 2566 3317 2604 ex
3356 2548 3466 2604 Ru-

1894 2636 2002 2694 and
2029 2641 2266 2705 videtur,
2289 2644 2531 2710 quicum
2566 2643 2638 2693 ibi
2667 2643 2851 2694 sedent
2881 2642 3136 2694 habui-rit
3167 2653 3246 2694 tot
3268 2659 3461 2707 annos,

1891 2732 2296 2800 tliscrepsntias
2333 2734 2526 2802 utique
2578 2734 2898 2787 adnotasset
2943 2734 2987 2785 si
3030 2749 3151 2802 quze
3204 2733 3461 2788 fuissent.

1892 2825 2062 2877 Nemo
2097 2828 2294 2886 nescit,
2327 2825 2631 2895 Liturgiam
2663 2827 2849 2879 Jacobi
2884 2827 3070 2880 irati-is
3100 2827 3341 2889 Domini,
3372 2829 3462 2896 qui

1891 2916 2195 2970 Ecclesiam
2244 2918 2392 2971 illam
2445 2919 2875 2983 administraiit,
2931 2919 3224 2988 genuinam
3257 2920 3320 2971 ad
3366 2936 3466 2974 nos

1891 3025 1998 3062 non
2037 3011 2376 3078 pervenisse.
2403 3013 2472 3064 At
2501 3013 2914 3078 supposititiuni
2950 3021 3144 3073 totum,
3165 3012 3463 3065 ctomuino

1890 3102 2137 3167 spuiium
2170 3101 2338 3154 letum
2366 3117 2512 3166 esse,
2546 3102 2692 3170 quod
2741 3106 2844 3156 suli
2869 3103 3056 3154 Jacobi
3089 3102 3251 3154 titulo
3287 3102 3462 3154 fertur

1893 3196 2205 3264 liturgicutn
2246 3213 2404 3264 Opus,
2433 3202 2777 3250 contendunt
2809 3212 2938 3248 sane
2988 3196 3334 3257 heterodoxi,
3366 3196 3463 3246 nii-

1893 3290 2036 3342 t:itne
2068 3289 2323 3356 probant,
2362 3299 2420 3342 ut
2451 3291 2526 3341 ait
2576 3289 2846 3342 Eusebius
2883 3289 3279 3350 llcnaudutius,
3316 3274 3473 3340 tonio

1888 3377 1907 3428 Ι
1963 3377 2362 3444 Liturgiarutn,
2398 3380 2450 3431 in
2488 3380 2881 3432 Dissettationo
2925 3379 3102 3447 capite
3133 3381 3184 3431 l.
3215 3379 3462 3448 lnterpo-

1887 3470 1994 3522 lata
2031 3471 2229 3522 dixerit
2261 3471 2502 3538 prudens
2539 3488 2721 3533 nemo,
2753 3489 2872 3539 qua:
2913 3473 3153 3541 Syinlioli
3189 3472 3350 3525 verba
3385 3472 3459 3525 iiii

1891 3562 2184 3614 traduntur
2218 3579 2230 3612 :
2262 3578 2456 3632 nempe
2479 3603 2492 3625 ,
2527 3563 2695 3616 Credo
2728 3565 2780 3615 in
2836 3580 2995 3614 unum
3052 3563 3213 3615 Deum
3248 3561 3458 3615 Patrem

1889 3656 2318 3722 omnipotentem,
2361 3655 2614 3720 factorem
2650 3656 2762 3706 ca'li
2800 3664 2845 3706 et
2877 3665 3051 3708 teri-te.
3090 3654 3156 3706 Et
3199 3657 3252 3706 in
3297 3670 3459 3705 unum

1891 3745 2173 3798 Dominum
2202 3747 2382 3799 Icsum
2429 3749 2691 3800 Christum
2729 3745 2926 3799 Filium
2976 3747 3090 3800 Uei.
3142 3746 3206 3799 Et
3258 3747 3459 3812 reliqua

1887 3837 2124 3907 Symboli
2154 3839 2296 3906 ﬁdei.
2336 3840 2661 3900 Dolcndum,
2698 3841 2811 3891 ha‘c
2840 3840 3130 3892 excidisse.
3170 3843 3299 3903 Qum.
3332 3855 3460 3891 vero

1889 3933 2117 3993 iuerint,
2167 3933 2330 3998 paulo
2371 3935 2630 3998 superius
2678 3932 2991 3984 indicantur
3033 3948 3046 3984 :
3085 3950 3102 3981 ι
3139 3931 3344 3983 Deinde
3379 3932 3457 3983 le-

1888 4035 2091 4091 guntur
2115 4025 2390 4077 lusissitne
2418 4025 2640 4077 oraciila
2669 4040 2822 4076 sacra
2858 4024 3067 4076 Ven-ris
3091 4023 3452 4083 Teststncuti.

1886 4127 1941 4168 et
1982 4116 2380 4183 Prophetarum
2422 4134 2432 4167 :
2467 4124 2521 4167 et
2553 4112 2678 4166 Filii
2728 4114 2820 4165 υιιὶ
2870 4113 3190 4165 lucarnatio
3229 4113 3458 4165 demou-

1885 4215 2115 4263 stratur.
2147 4206 2357 4265 Passio,
2409 4207 2737 4259 ltesurrectio
2795 4223 2857 4258 et:
2920 4208 3162 4266 mortuis,
3201 4208 3456 4259 Ascensus

1886 4298 1940 4349 in
1985 4296 2190 4358 caelum,
2248 4299 2502 4349 secundus
2549 4308 2806 4364 prtetcrea
2861 4300 3115 4348 adventus
3165 4303 3278 4364 ejus
3335 4311 3456 4347 cum

1885 4392 2080 4459 gloria.
2129 4409 2146 4442 ι
2201 4391 2258 4444 1η
2311 4391 2396 4444 his
2442 4390 2720 4444 Orientale
2779 4389 3100 4460 Symbolum
3164 4404 3456 4444 commune

1887 4499 2048 4536 nemo
2099 4499 2201 4536 non
2238 4485 2405 4536 videt.

1963 4571 2506 4642 llierosolymitanam
2530 4573 2692 4625 aliam
2719 4572 2937 4639 profero
2960 4572 3270 4631 formulam,
3293 4588 3454 4641 quam

1887 4680 1952 4717 es
1987 4663 2174 4734 Cyrilli
2209 4664 2695 4733 Hierosolytnitani
2729 4663 3133 4718 Catechesihus
3167 4665 3454 4717 collectam

1891 4757 2162 4810 Antonius
2205 4757 2548 4824 Augustinus
2606 4755 2804 4808 Tuttée
2867 4757 3098 4824 subjecit
3169 4755 3454 4808 Catechesi

1888 4849 2092 4916 quinta:
2125 4847 2438 4900 :Crcdimus
2467 4849 2519 4899 in
2553 4863 2717 4898 unum
2753 4847 2941 4906 Deum,
2977 4846 3194 4898 Patrem
3225 4848 3458 4910 omnipo-

1891 4949 2102 4999 tentem,
2147 4941 2398 5004 {actorem
2440 4939 2556 4991 εοειί
2583 4948 2630 4991 et
2671 4950 2842 5000 terrae,
2891 4938 3174 4990 visibilium
3223 4938 3454 4990 omnium

1889 5041 1935 5082 et
1964 5029 2322 5082 invisibilium.
2363 5029 2429 5080 Et
2482 5031 2536 5080 in
2573 5045 2734 5080 unum
2770 5029 3049 5078 Dominum
3090 5026 3270 5078 Iesum
3303 5027 3454 5080 Chri-

1888 5133 2044 5180 stum,
2072 5119 2270 5170 Filium
2314 5119 2407 5170 Dei
2435 5121 2758 5186 unigenitum
2790 5131 2806 5167 .'
2835 5120 2921 5186 qui
2951 5134 3014 5170 e1:
3057 5117 3218 5171 Patre
3247 5120 3453 5183 genitus

1890 5223 1963 5265 est
1998 5211 2130 5261 Deus
2157 5227 2308 5263 verus
2349 5225 2474 5262 ante
2505 5212 2682 5262 omnia
2710 5209 2927 5273 stecula,
2964 5227 3056 5276 per
3081 5228 3230 5279 quem
3276 5213 3454 5263 omnia

1891 5308 2032 5372 facta
2071 5312 2213 5356 sunt.
2260 5302 2360 5366 Qui
2395 5306 2445 5354 in
2479 5319 2636 5354 carne
2674 5305 2912 5363 advenit,
2969 5313 3016 5354 et
3072 5305 3454 5354 inltumanatus

1890 5405 1985 5458 cst,
2013 5413 2075 5448 ex
2119 5397 2329 5462 Virgine
2364 5408 2408 5447 et
2451 5395 2653 5464 Spiritu
2687 5409 2891 5448 sancto.
2935 5396 3232 5449 Cruciﬁxus
3257 5437 3269 5458 ,
3299 5407 3346 5447 et
3379 5414 3453 5446 sc-

1890 5487 2084 5555 pulrus.
2121 5487 2421 5540 Resurrexit
2459 5486 2626 5540 tertia’
2650 5489 2749 5539 die.
2808 5485 2872 5538 Et
2913 5489 3146 5540 ascendit
3179 5489 3232 5538 in
3278 5488 3451 5542 caelos.

1890 5590 1935 5630 ct
1969 5584 2198 5630 consulit
2231 5599 2262 5632 α
2294 5582 2492 5632 dextris
2532 5580 2728 5632 Putris.
2777 5579 2844 5631 Et
2871 5593 3117 5633 venturus
3153 5590 3226 5631 est
3259 5585 3310 5632 in
3349 5581 3458 5648 gls-

1891 5673 1968 5722 ritt
1998 5672 2245 5737 judicare
2273 5674 2430 5733 vit-os,
2463 5681 2510 5722 et
2547 5680 2775 5723 mortuos
2813 5691 2823 5724 :
2854 5673 3002 5739 cujus
3043 5673 3186 5740 regni
3218 5688 3318 5722 non
3358 5674 3455 5720 erit

1890 5763 2027 5828 ﬁnis.
2081 5761 2143 5812 lit
2195 5763 2246 5813 in
2297 5779 2453 5814 unum
2482 5773 2720 5814 sanctum
2776 5761 3035 5825 Spiriturt
3093 5763 3451 5825 Parui-letum,

1890 5855 1976 5920 qui
2013 5852 2211 5903 locutus
2252 5863 2324 5904 cst
2367 5855 2418 5904 in
2447 5855 2729 5921 nor/mis.
2788 5853 2851 5904 Et
2895 5854 2945 5904 in
2981 5870 3142 5904 unum
3193 5852 3452 5920 baptisma
