4198 6440
97 426 181 487 1'57

1236 427 1438 485 ΥΙΤΑ.
1484 448 1553 462 -
1597 425 2112 484 DlSSEltTATlO
2159 427 2211 485 ll

3262 425 3359 487 158

93 543 260 586 menta
293 545 527 588 omina.
585 534 754 589 Caret
808 551 964 601 voce,
1034 535 1291 606 Filioque,
1353 536 1682 606 Symbolum
1712 539 1760 595 Α
1788 540 1858 592 de
1890 539 2153 606 loquendi
2193 540 2408 594 ratione
2445 539 2758 608 plusculum
2821 539 3082 606 litigare);
3113 538 3242 592 -sibi
3279 549 3359 588 tn-

92 628 284 692 ipsum,
311 625 476 693 quod
527 625 1188 696 Constantiuapolitanum
1250 629 1508 690 dicimus.
1567 639 1682 681 tmn

92 719 135 772 in
173 719 562 773 conciliorum
595 721 1054 782 Collectiouibus.
1088 732 1201 775 tum
1247 722 1317 773 ab
1372 719 1683 788 Epiphanio

91 823 236 864 antea
279 811 536 866 relatum
588 814 642 865 in
669 819 940 866 Ancorato
975 831 988 867 :
1023 813 1188 882 idque
1219 813 1457 868 traditur
1487 825 1680 873 unum,

92 905 220 970 quod
251 904 606 960 Eunomiani
651 910 948 974 negabant.
987 905 1248 977 Spiritum
1303 907 1517 960 scilicet
1558 921 1683 957 sun-

93 1007 218 1046 ctim
242 999 627 1064 procedereea:
651 1001 835 1052 Patre.
866 1002 1015 1052 lianc
1042 1014 1202 1051 unam
1233 999 1394 1052 Iidem
1416 999 1682 1051 Damasus

96 1104 216 1154 papa
249 1091 561 1155 proposuit
589 1091 645 1142 in
675 1092 885 1159 synodo
925 1091 1166 1144 lloinana
1191 1106 1337 1145 anno
1368 1090 1499 1150 379,
1533 1089 1679 1142 Ana-

97 1181 281 1241 tasiam,
315 1181 545 1242 dicens.
571 1181 635 1234 si‘
641 1184 754 1250 quis
782 1199 884 1236 non
921 1185 1112 1237 dixerit
1139 1183 1398 1254 Spiritum
1439 1191 1680 1236 sanctum

99 1274 149 1322 de
177 1271 344 1325 Patre
371 1289 487 1326 esse
517 1289 636 1326 aere
659 1291 720 1327 ac
742 1277 981 1345 proprie:
1004 1277 1244 1344 itemque
1264 1277 1309 1328 si
1334 1277 1450 1343 quis
1467 1277 1681 1339 dixerit,

101 1363 356 1428 Spiritum
388 1376 642 1418 sanctum
673 1368 961 1435 facturam,
987 1376 1078 1419 aut
1118 1384 1211 1434 per
1239 1365 1436 1419 Filium
1460 1367 1682 1435 factum.

167 1458 319 1510 Inter
359 1456 548 1523 Opera
586 1460 762 1511 sancti
791 1458 1110 1528 Hieronymi
1163 1459 1446 1528 vulgatum
1475 1468 1687 1527 prostat

106 1546 316 1602 Damasi
384 1547 718 1617 Symbolum.
761 1550 882 1604 Hzec
941 1553 1012 1604 ibi
1069 1552 1299 1618 legimus
1352 1569 1363 1603 :
1421 1550 1686 1620 Spiritum

106 1650 372 1701 sanctum,
407 1656 518 1691 non
557 1644 809 1709 genitum,
847 1659 1008 1710 neque
1038 1644 1369 1712 ingenitum:
1409 1660 1511 1696 non
1537 1659 1687 1695 crea-

108 1745 229 1792 tam,
258 1748 436 1800 neque
467 1734 669 1799 factum
706 1750 724 1785 :
755 1735 846 1787 sed
877 1737 940 1786 de
972 1733 1152 1793 Patre.
1220 1735 1455 1802 Filioque
1503 1750 1686 1804 proce-

108 1823 521 1882 dentem.Patri
571 1834 618 1875 et
675 1823 818 1878 Filio
875 1837 1292 1887 cotttsrnutn.“
1341 1827 1686 1896 cowqualem.

111 1919 402 1984 l’erperatn
445 1918 503 1968 in
536 1919 850 1984 prxsidium
878 1920 1053 1972 Alexii
1087 1919 1327 1974 Aristoni
1361 1919 1475 1972 hec
1522 1920 1688 1970 advn-

109 2021 330 2061 caretur
363 2010 682 2061 auctoritas
715 2026 728 2058 :
761 2011 942 2077 agitur
990 2026 1225 2078 namque
1264 2011 1332 2063 de
1401 2010 1552 2064 vocis
1595 2007 1688 2062 Fi-

111 2102 275 2168 lioque
318 2101 716 2154 additamenta
761 2102 829 2153 ad
864 2100 1166 2171 Symbolum
1194 2083 1689 2170 Constantinopoli-

110 2205 310 2245 tenam.
346 2194 522 2261 Atqui
569 2206 768 2246 rursus
804 2193 950 2247 idem
1014 2192 1324 2261 Symbolum
1378 2193 1579 2260 legitur
1637 2194 1690 2244 in

110 2286 585 2358 Quinquagesima
616 2289 761 2341 inter
787 2287 1015 2341 Latinas
1049 2265 1300 2355 Gregorii
1356 2285 1690 2340 Naziauzrni

111 2382 434 2436 Orationes:
469 2384 720 2450 itemque
737 2396 988 2436 sermone
1009 2381 1116 2436 235
1136 2380 1294 2451 155
1325 2380 1468 2434 inter
1491 2383 1694 2451 Augus-

114 2476 338 2528 tiuiauos
375 2476 432 2528 in
469 2475 812 2543 Appendiee,
843 2485 896 2528 et
921 2475 974 2528 in
999 2475 1188 2529 codice
1215 2473 1494 2527 (Iunonum
1516 2471 1694 2526 Eccle-

110 2575 194 2621 sic
224 2570 515 2629 Romana,
549 2585 718 2638 quem
763 2568 1008 2644 vulgavit
1063 2568 1439 2634 Quesuellius.
1492 2567 1695 2620 luser-

119 2677 272 2715 mone
307 2665 498 2716 citato
530 2663 676 2731 apud
705 2664 1067 2727 Augustinum
1099 2662 1182 2715 sic
1209 2661 1440 2728 legimus
1470 2656 1612 2712 :Sed
1637 2657 1696 2710 de

124 2755 272 2808 Patre
300 2756 764 2823 procedentem,-et
789 2753 1157 2815 Filio..Patris
1180 2761 1230 2806 et
1265 2751 1390 2806 Filii
1413 2751 1695 2818 Spiritum.

119 2850 235 2903 ηπ
261 2851 447 2904 solum
497 2852 829 2919 posteriora.
881 2865 994 2903 non
1051 2850 1222 2918 prima
1279 2849 1446 2902 verba
1492 2848 1698 2900 habent

119 2941 584 3009 quinquagesima
619 2941 950 2994 Nazianzeni
986 2940 1177 2994 Latina
1208 2939 1408 3001 oratio,
1445 2946 1498 2992 et
1534 2946 1700 3005 caput

122 3035 464 3086 tricesimum
508 3046 722 3084 nonum
751 3032 958 3086 laudati
984 3031 1220 3085 codicis.
1256 3029 1541 3084 Athanasii
1572 3044 1702 3097 ope-

120 3129 271 3179 ribus
299 3126 435 3178 olim
469 3126 748 3178 insertum
808 3125 1090 3192 prostabat
1136 3124 1280 3177 idem
1325 3122 1642 3193 Symbolum
1683 3137 1696 3172 :

122 3219 264 3272 unde
285 3221 424 3272 satis
448 3221 563 3289 jam
590 3228 758 3288 patet.
781 3218 1079 3284 genuinum
1098 3217 1204 3269 dici
1223 3218 1436 3270 Damasi
1461 3229 1704 3282 opuscu-
1735 3255 1776 3309 ο

125 3315 231 3367 lu
267 3330 379 3367 non
408 3326 602 3381 posse.
633 3310 828 3379 Vigilio
849 3309 1123 3378 Tapsensi
1151 3309 1282 3362 illud
1306 3309 1536 3362 attribui
1557 3307 1702 3360 rule-

129 3411 216 3460 bat
242 3407 570 3462 Chiﬂlctius
605 3423 618 3457 :
679 3404 1146 3472 tribuendumque
1170 3401 1522 3468 Quesnellius
1555 3408 1708 3469 putat

131 3501 527 3552 dissertatione
556 3498 646 3560 lt,
665 3498 717 3548 in
750 3511 982 3566 operum
1007 3499 1183 3550 sancti
1205 3495 1407 3551 Leonis
1434 3495 1708 3557 editione,

129 3592 397 3662 Gregorio
434 3595 671 3646 natione
704 3589 971 3660 Hispano,
1004 3590 1290 3660 provincia
1327 3591 1550 3650 thico,
1598 3588 1710 3640 ldi-

133 3685 387 3737 beritano
420 3683 716 3749 episcopo.
744 3681 840 3748 qui
862 3681 1010 3733 circa
1049 3695 1252 3733 annum
1280 3680 1385 3734 570
1417 3678 1679 3731 clarebat.

195 3778 262 3831 ﬂ.
305 3777 645 3844 Quanquam
691 3788 824 3827 vero
876 3773 1092 3828 Damasi
1139 3787 1312 3840 papae,
1368 3781 1426 3825 et
1487 3770 1711 3824 concilii

134 3869 740 3935 ConstantinOpolitani
792 3877 1078 3934 tempore,
1139 3866 1410 3934 particula
1471 3861 1714 3932 Filioque

137 3965 393 4033 Symboio
448 3961 664 4029 pariter
712 3958 1301 4026 Constantinopolitano
1354 3959 1564 4023 adjecta
1606 3972 1712 4010 non

140 4059 267 4121 fuit;
311 4060 463 4110 hanc
511 4054 882 4106 nihilominus
932 4052 1133 4121 passim
1185 4051 1407 4105 tradunt
1457 4051 1717 4104 Ecclesia:

143 4148 342 4207 Patres,
396 4155 501 4198 aut
548 4144 875 4212 particulam
925 4144 1096 4210 ipsam
1143 4159 1174 4196 a
1236 4140 1405 4204 Filio,
1463 4145 1579 4195 sive
1625 4157 1718 4208 per

145 4239 336 4292 Filium
369 4241 782 4306 exprimentes,
812 4244 906 4287 aut
933 4234 1342 4303 asquipollentia
1367 4248 1499 4286 sane
1525 4234 1717 4286 verba.

144 4333 592 4402 £quipollentes
661 4331 750 4380 aio
811 4343 994 4385 voces.
1041 4341 1162 4394 quae
1204 4328 1256 4379 in
1295 4327 1556 4394 praedicta
1592 4324 1717 4378 ﬁdei

141 4426 393 4482 [πω-ιιι,
460 4425 844 4487 cujuscunque
905 4419 1124 4472 tandem
1190 4418 1292 4479 sit,
1357 4426 1716 4470 occurrunt:

138 4519 394 4586 Spiritus
432 4523 689 4566 sanctum
742 4510 942 4572 Patris,
988 4518 1038 4562 et
1086 4506 1260 4561 Filii:
1300 4509 1542 4576 itemque
1606 4509 1720 4573 illa,

1790 648 1916 686 men
1957 648 2187 700 prorsus
2216 633 2413 692 videri.
2451 635 2590 686 hanc
2625 635 2677 686 in
2706 632 2906 684 incerto
2941 647 3053 683 rem
3093 646 3199 684 non
3234 629 3362 682 reli-

1793 728 1966 794 quisse
2022 725 2333 780 Dominum.
2386 724 2556 778 Verba
2612 725 2783 778 refert
2837 723 2966 776 Jesu
3033 721 3236 776 Christi
3295 738 3362 775 ex

1789 819 2020 883 Joanne,
2055 819 2236 887 capite
2283 819 2368 874 Η.
2420 833 2570 870 num.
2618 818 2728 868 l2:
2768 815 2840 867 De
2880 831 2989 867 meo
3023 815 3264 879 accipiet,
3315 822 3363 862 et

1794 912 2138 963 annuntiabit
2171 912 2331 962 vobis.
2395 907 2587 962 Omnia
2631 921 2953 974 quacunque
2993 907 3141 956 habet
3181 903 3363 960 Pater.

1795 1021 1911 1058 mea
1940 1015 2060 1056 sunt
2098 1020 2114 1055 :
2148 1015 2425 1071 propterea
2461 1004 2595 1063 dixi,
2626 1001 2698 1053 De
2734 1017 2844 1052 meo
2898 1001 3139 1064 accipiet,
3177 1006 3222 1048 et
3271 1013 3368 1046 an-

1794 1097 2056 1151 nuntiabit
2110 1097 2269 1149 vobis.
2312 1096 2448 1148 Tum
2507 1110 2636 1148 vero
2691 1091 3227 1160 argumentationem
3287 1090 3368 1139 iu-

1794 1191 2000 1244 atruit:
2047 1210 2062 1240 ι
2110 1191 2148 1242 Α
2202 1189 2341 1242 Filio
2379 1190 2545 1257 igitur
2584 1188 2789 1252 accipit
2823 1186 3150 1252 (inquiens).
3181 1183 3272 1250 qui
3315 1193 3368 1232 et

1795 1284 1864 1338 ab
1896 1299 1963 1338 eo
1990 1284 2249 1344 mittitur,
2277 1293 2334 1336 et
2375 1298 2404 1335 a
2442 1281 2600 1334 Patre
2649 1279 2921 1349 procedit.
2964 1277 3030 1330 Et
3062 1277 3365 1344 interrogo,

1796 1386 1979 1430 utrum
2015 1377 2065 1430 id
2099 1376 2274 1445 ipsum
2305 1376 2376 1429 sit
2409 1391 2441 1426 a
2479 1371 2623 1426 Filio
2668 1375 2923 1433 acciprrr.
2955 1369 3101 1434 quod
3141 1385 3174 1420 a
3209 1367 3370 1419 Patre

1797 1472 2098 1539 procedere.
2127 1468 2284 1533 Quod
2321 1470 2366 1520 si
2410 1468 2639 1520 dilicrre
2671 1464 2933 1517 credetur
2965 1463 3110 1514 inter
3134 1461 3372 1528 accipere

1799 1583 1830 1618 a
1869 1561 2030 1620 Filio.
2063 1570 2118 1614 et
2168 1577 2198 1612 a
2242 1559 2406 1613 Patre
2451 1559 2768 1623 procedere;
2797 1568 2946 1608 certe
2986 1553 3038 1606 id
3074 1554 3252 1620 ipsum
3286 1562 3372 1603 at-

1796 1672 1904 1724 que
1959 1669 2128 1706 unum
2181 1669 2302 1705 esse
2353 1652 2787 1708 existiniabitur,
2836 1667 2867 1700 a
2919 1645 3064 1699 Filio
3114 1646 3374 1712 accipere,

1797 1747 1944 1816 quod
1978 1747 2052 1798 sit
2091 1746 2330 1812 arripere
2369 1760 2399 1794 a
2437 1743 2622 1796 Patre.
2658 1742 2777 1809 Ipse
2811 1740 2960 1789 enim
2999 1736 3156 1804 156
3194 1733 3375 1785 Domi-

1802 1852 1906 1891 nus
1949 1837 2065 1890 ait:
2103 1835 2369 1900 Quoniam
2402 1839 2464 1886 tte
2496 1850 2608 1886 meo
2639 1833 2885 1899 accipiet,
2929 1839 2977 1880 et
3031 1825 3374 1879 aunuutiabit

1798 1932 1960 1984 vobis.
2017 1928 2210 1981 Urania
2260 1942 2584 1993 quacunque
2629 1925 2780 1976 habet
2816 1921 3001 1982 Pater,
3055 1935 3170 1970 mea
3205 1924 3375 1967 sunt:

1799 2031 2078 2093 propterea
2112 2021 2247 2077 dixi.
2299 2019 2372 2070 De
2400 2035 2513 2070 meo
2546 2019 2786 2084 accipiet,
2820 2026 2866 2066 et
2902 2011 3239 2065 annuntiabit
3292 2021 3378 2058 vo-

1799 2115 1897 2166 bis.
1935 2110 2048 2164 Hoc
2085 2110 2231 2179 quod
2268 2108 2503 2178 accipiet
2532 2108 2668 2173 (sive
2700 2113 2946 2174 potestas
2976 2117 3082 2163 es‘t,
3116 2102 3232 2152 sive
3266 2097 3378 2148 rir-

1803 2218 1912 2266 lus,
1964 2206 2079 2258 sive
2115 2201 2414 2262 doctrina).
2455 2199 2627 2252 Filius
2662 2217 2693 2251 a
2743 2214 2798 2250 se
2845 2195 3210 2262 accipiendum
3252 2208 3380 2245 esse

1800 2300 1978 2354 dixit:
2029 2307 2084 2350 ct
2118 2309 2336 2348 rursum
2381 2294 2485 2346 hoc
2535 2295 2713 2360 ipsum
2765 2288 3063 2357 signiticet.
3115 2287 3379 2353 accipien-

1800 2396 1926 2447 dum
1957 2406 2067 2444 esse
2095 2389 2159 2441 de
2187 2386 2368 2440 Patre.
2397 2385 2535 2441 Cum
2575 2385 2722 2439 enim
2753 2383 2828 2436 ait
2854 2400 2867 2434 :
2900 2381 3092 2434 Omnia
3125 2395 3378 2448 quacun-

1803 2503 1903 2557 que
1956 2486 2106 2538 habet
2158 2482 2337 2542 Pater,
2389 2497 2488 2533 sua
2521 2495 2666 2542 esse;
2699 2487 2754 2529 ct
2789 2475 2996 2529 idcirco
3043 2473 3248 2526 dixisse
3296 2485 3377 2532 se,

1804 2581 1866 2632 de
1891 2595 1988 2631 suo
2013 2575 2377 2642 accipiendum
2417 2588 2547 2636 esse,
2577 2570 2738 2624 docet
2764 2569 2955 2624 etiam.
2991 2583 3022 2617 a
3054 2566 3216 2618 Patre
3245 2566 3375 2615 acci-

1806 2672 2019 2742 pienda.
2064 2687 2096 2722 a
2124 2684 2179 2722 se
2209 2677 2386 2721 tamen
2418 2666 2621 2732 accipi;
2649 2663 2778 2730 quia
2823 2661 3009 2714 omnia
3043 2674 3166 2729 qua:
3200 2657 3381 2711 Patris

1806 2772 1953 2825 sunt,
1997 2775 2095 2812 sua
2141 2759 2272 2811 sint.
2312 2775 2329 2807 ι
2368 2755 2578 2810 Hilario
2629 2752 2859 2821 perimle
2907 2759 3048 2810 erat.
3108 2749 3379 2817 Spiritum

1808 2867 2055 2910 sanctum
2113 2851 2390 2922 procedere
2433 2864 2467 2901 α
2510 2845 2694 2907 Patre,
2748 2855 2801 2896 et
2847 2846 3084 2910 accipere
3133 2858 3164 2893 α
3219 2839 3379 2898 Filio.

1809 2957 1975 3014 atque
2003 2947 2184 3012 ipsum
2218 2959 2252 2994 a
2286 2940 2446 2995 Patre
2482 2951 2529 2991 et
2574 2955 2606 2990 a
2656 2935 2795 2991 Filio
2831 2935 3132 3005 procedere.
3178 2933 3250 2984 0e
3291 2945 3379 2982 ιο-

1809 3041 1968 3091 cibus
1999 3037 2096 3090 lite
2133 3034 2524 3104 praetermissa,
2565 3029 2755 3099 negari
2787 3044 2894 3081 non
2939 3041 3099 3096 posse
3128 3026 3224 3080 ait.
3266 3035 3380 3078 tum

1811 3147 1841 3182 a
1885 3133 2070 3188 Patre,
2103 3135 2214 3178 tum
2259 3140 2292 3175 a
2331 3121 2469 3174 Filio
2521 3121 2762 3190 accipere
2797 3117 3064 3185 Spiritum
3127 3122 3382 3168 sanctum

1811 3222 2146 3282 doctrinam,
2220 3216 2510 3274 virtutem,
2587 3218 2940 3276 potestatem,
3006 3207 3258 3272 adeoque
3328 3213 3383 3256 et

1813 3315 1984 3382 ipsam
2004 3307 2385 3364 exsistcntiam
2418 3304 2597 3372 :quod
2623 3312 2710 3357 est
2741 3303 2919 3370 ipsum
2949 3298 3233 3352 catholictc
3257 3295 3382 3348 fidei

1809 3408 2027 3466 dogma,
2053 3400 2294 3455 dictione
2322 3395 2666 3464 processionis
2691 3408 2756 3446 ex
2786 3401 3011 3460 utroque
3035 3403 3407 3455 expressain..

1882 3498 1960 3550 Ad
1997 3497 2298 3562 scriptores
2327 3507 2450 3550 eos,
2481 3490 2812 3557 quibuscum
2859 3486 3010 3537 litem
3052 3484 3119 3535 de
3158 3481 3387 3534 vocibus

1813 3589 2052 3643 Hilarius
2107 3586 2311 3639 habere
2375 3598 2480 3634 non
2538 3582 2690 3644 vult,
2758 3579 2990 3632 fortasse
3056 3573 3386 3640 respiciebat

1815 3685 2082 3745 Rusticus,
2113 3679 2374 3732 ltomanz
2401 3675 2651 3729 Ecclesia:
2678 3674 2964 3728 diaconus,
3013 3670 3064 3719 in
3122 3669 3385 3733 Disputa-

1820 3777 1967 3829 tione
2025 3781 2218 3826 contra
2277 3767 2609 3834 Acephalos,
2669 3763 2851 3816 modio
2911 3761 3137 3814 circiter
3186 3757 3388 3810 sacculo

1817 3876 1972 3920 aestu
2022 3863 2228 3930 scripta
2270 3878 2282 3915 :
2328 3859 2490 3912 Pater
2517 3866 2721 3926 genuit,
2759 3854 3034 3919 inquietis,
3070 3861 3115 3900 et
3163 3866 3265 3900 tum
3301 3863 3388 3915 ge-

1817 3959 1958 4008 nitus
1983 3964 2078 4011 est.
2114 3963 2160 4004 ct
2198 3952 2260 4004 ab
2295 3949 2475 4016 aliquo
2513 3947 2566 3998 al
2591 3963 2619 3997 o
2652 3961 2753 3996 non
2785 3952 2880 4001 est,
2909 3943 3038 3993 sicut
3078 3954 3139 3991 ex
3174 3957 3231 3988 co
3267 3946 3387 3988 sunt

1819 4049 1934 4102 alii.
1966 4046 2138 4098 Filius
2170 4059 2288 4096 t'cro
2317 4041 2519 4109 genitus
2547 4047 2644 4095 ιιι,
2677 4048 2724 4087 et
2753 4047 2881 4085 aruit
2911 4033 3389 4096 rotiscmpitcinunt

1821 4139 2022 4210 genuit.
2072 4137 2134 4188 Et
2190 4133 2419 4200 Spiritus
2445 4139 2659 4183 sanctus
2691 4145 2721 4178 α
2753 4127 2912 4178 Patre
2945 4124 3172 4190 procedit
3207 4140 3218 4172 :
3254 4119 3386 4171 nihil

1821 4231 2298 4298 consempitcruam
2349 4221 2605 4289 [πορθ-(1.1,
2654 4218 2732 4270 cel
2780 4217 3019 4285 genitum
3068 4227 3140 4263 est
3194 4212 3258 4262 ab
3309 4226 3389 4262 eo.

1825 4323 2056 4388 Quidam
2086 4333 2208 4370 vero
2246 4316 2594 4380 Antiquorum
2643 4319 2689 4360 et
2727 4311 2820 4358 hoc
2852 4303 3258 4375 proprietatibus
3299 4301 3394 4352 atl-

1817 4417 2061 4482 jeccrunt
2112 4426 2128 4462 :
2167 4410 2290 4477 quia
2332 4409 2467 4458 δέδιε
2513 4403 2742 4471 Spiritus
2791 4409 3002 4451 sancti-5
3061 4412 3180 4447 cum
3232 4393 3396 4446 Patre

1828 4503 2028 4557 Filium
2073 4502 2450 4566 sempiternum
2500 4511 2601 4546 non
2647 4495 2847 4562 genuit,
2897 4492 2967 4543 sic
3019 4504 3110 4540 nec
3163 4488 3396 4555 procedit

138 4580 249 4679 qua
284 4613 342 4663 in
380 4606 779 4674 Epiphaniam
812 4603 1094 4671 prolixiori
1133 4600 1374 4655 secunda
1422 4601 1718 4661 habentur,
1757 4597 1798 4650 D
1827 4598 2059 4665 Spiritus
2103 4611 2133 4646 a
2181 4591 2345 4654 Filio,
2403 4590 2536 4641 sicut
2591 4604 2621 4639 a
2677 4585 2860 4637 Patre.
2914 4583 3023 4651 Ego
3077 4596 3218 4642 cera,
3271 4580 3396 4646 quia

137 4721 164 4752 a
200 4702 367 4754 Patre
400 4697 801 4766 procedentem,
841 4694 1184 4759 accipientem
1229 4710 1261 4745 α
1310 4691 1468 4745 Filio.
1506 4693 1724 4746 Proslat

137 4796 295 4846 etiam
335 4797 496 4845 inter
525 4790 662 4841 Acta
695 4785 888 4837 Latina
928 4785 1120 4852 synodi
1169 4784 1522 4846 Florentinte.
1555 4785 1723 4837 colla-

143 4889 282 4940 tione
314 4885 380 4938 2|
401 4926 414 4948 ,
453 4879 731 4945 Confessio
757 4878 877 4946 ﬁdei
911 4877 1198 4938 catholicas,
1224 4891 1344 4940 quae
1383 4894 1414 4928 α
1447 4893 1585 4943 papa
1623 4877 1727 4928 Da-

145 4995 279 5030 maso
302 4978 480 5029 missa
503 4971 776 5024 diciturad
803 4967 1091 5022 Paulinum
1116 4969 1496 5020 Antiochenam
1530 4970 1728 5032 episco-

142 5087 257 5135 ριηι
281 5081 299 5117 :
329 5067 432 5120 ubi
462 5063 712 5129 Spiritus
753 5072 976 5114 sanctus
1027 5060 1112 5113 bis
1139 5061 1410 5113 asseritur
1458 5060 1521 5112 de
1567 5059 1729 5112 Patre

149 5158 386 5226 Filioque
432 5153 749 5223 procedens.
786 5151 989 5203 Eadem
1034 5161 1117 5204 est
1151 5165 1275 5203 cum
1326 5147 1523 5218 Regula
1579 5148 1726 5215 ﬁdei,

147 5267 302 5319 quam
319 5265 391 5301 ex
414 5245 749 5315 praescripto
778 5243 978 5296 Leonis
997 5242 1172 5309 Magni
1201 5241 1406 5294 editam
1437 5241 1504 5292 ab
1537 5239 1731 5305 Hispa-

145 5348 228 5397 nis
255 5340 573 5411 episcopis,
608 5337 784 5404 capite
812 5344 1077 5404 sequcnle
1114 5334 1410 5391 dicendum
1446 5343 1549 5392 est.
1585 5349 1642 5384 ιι.
1680 5337 1730 5383 ι.

217 5439 361 5488 Saos
413 5433 487 5485 de
539 5429 814 5483 Trinitate
860 5428 1033 5481 libros
1081 5426 1411 5480 conﬁciebat
1466 5423 1729 5484 Hilarius,

158 5531 511 5583 Pietavorutn
577 5525 1054 5590 episcopus,ante
1114 5528 1362 5572 exortam
1430 5516 1729 5568 Macedonii

158 5623 438 5679 tueresim,
469 5626 527 5669 ut
554 5625 711 5683 putat
741 5612 941 5666 Petrus
968 5610 1326 5666 Constantius
1356 5626 1368 5660 ε
1397 5608 1732 5673 dicebatque

161 5715 298 5766 libro
328 5727 460 5770 mi,
490 5724 650 5761 nunt.
695 5707 788 5767 ευ,
822 5720 880 5758 se
923 5705 981 5757 in
1025 5706 1119 5757 hoc
1163 5719 1266 5754 non
1300 5701 1625 5755 calumniari
1670 5698 1734 5750 li-

163 5805 349 5855 bertati
398 5799 792 5867 intelligentie.
834 5806 1014 5850 utram
1058 5810 1120 5847 ea:
1167 5793 1350 5855 Patre,
1389 5810 1457 5846 an
1493 5809 1555 5845 ea:
1592 5789 1733 5844 Filio

165 5895 423 5963 Spiritum
463 5891 804 5946 Parui-letum
851 5898 1033 5961 putent
1069 5904 1176 5942 esse
1217 5890 1343 5957 (hoc
1377 5897 1462 5946 est
1497 5887 1640 5941 nolle
1674 5900 1730 5940 se

1828 4690 2062 4758 Spiritus
2093 4688 2299 4754 quidem
2351 4699 2452 4734 non
2503 4683 2679 4748 genuit
2713 4680 3049 4745 sempiterne,
3097 4673 3347 4741 profiteor
3379 4685 3397 4721 .'

1831 4799 1923 4835 nec
1957 4783 2093 4832 enim
2129 4779 2258 4828 duos
2304 4774 2533 4826 diximus
2565 4769 2772 4822 Patres.
2815 4766 3003 4819 Utrum
3036 4782 3156 4818 vero
3187 4781 3217 4814 a
3261 4759 3403 4812 Fila

1830 4875 2009 4927 eodem
2042 4869 2216 4927 modo,
2264 4882 2366 4926 quo
2399 4877 2460 4916 ea:
2499 4863 2682 4921 Patre,
2715 4860 2984 4928 procedat,
3024 4873 3125 4908 non
3179 4854 3403 4923 perfecte

1832 4969 1995 5018 habeo
2053 4957 2414 5025 satisfactum.
2466 4952 2688 5018 Antiqui
2746 4951 2847 5008 iiii,
2903 4963 3042 5015 quos
3112 4954 3406 5005 mcnorat,

1832 5055 2192 5127 procedentem
2251 5066 2283 5100 a
2338 5047 2500 5100 Patre
2543 5041 2802 5110 Spiritum
2859 5039 3191 5100 fatebantur,
3241 5051 3401 5101 nega-

1835 5151 1965 5203 bant
2001 5147 2364 5213 procedentem
2400 5155 2431 5190 a
2487 5134 2648 5188 Filio.
2689 5133 2777 5186 Lis
2807 5141 2928 5185 erat
2965 5133 3028 5182 de
3076 5143 3228 5187 voce,
3261 5140 3399 5192 quo-

1834 5243 1978 5296 niam
2012 5236 2278 5304 Spiritum
2314 5251 2343 5284 a
2382 5229 2520 5282 Filio
2552 5229 2894 5296 accipientem
2930 5221 3251 5276 credebant.
3289 5217 3400 5270 ιω-

1835 5337 2007 5390 sticus
2039 5325 2274 5381 inlicint'i
2309 5339 2415 5375 non
2444 5307 2639 5376 iiudct.
2669 5318 2935 5385 Spiritum
2981 5330 3012 5365 α
3056 5309 3198 5363 Filio
3224 5323 3406 5377 procc-

1835 5430 1976 5480 dere.
2011 5424 2228 5487 Anceps
2263 5424 2400 5477 erat,
2438 5428 2567 5465 num
2615 5411 2725 5464 ha'c
2767 5425 2892 5472 vox,
2943 5421 3064 5476 qua:
3103 5405 3157 5458 iu
3209 5401 3404 5454 ordine

1835 5519 1900 5573 ad
1936 5517 2150 5569 l‘atrein
2211 5507 2534 5568 adhibetur,
2592 5502 2853 5572 usurpari
2888 5500 3088 5552 debeat
3120 5497 3174 5548 in
3208 5492 3406 5547 ordine

1837 5610 1900 5662 ad
1937 5608 2157 5660 Filium.
2203 5603 2327 5656 Haec
2358 5603 2532 5669 prima
2570 5595 2794 5650 obscuri
2828 5592 2938 5646 loci
2989 5583 3403 5656 interpretatio.

1839 5698 2049 5755 Rustici
2079 5698 2307 5752 dubium
2340 5693 2509 5747 refert
2544 5691 2716 5742 altera
2754 5686 2820 5739 ad
2862 5680 3239 5754 processionis
3288 5690 3407 5729 mo~

1838 5791 1966 5843 dum
2001 5804 2013 5838 :
2048 5802 2114 5840 an
2146 5785 2338 5839 eodem
2374 5781 2535 5833 modo
2577 5795 2605 5830 a
2665 5777 2799 5830 Filio
2831 5772 3092 5842 procedat
3139 5766 3406 5838 Spiritus,

1838 5876 2300 5949 quemadmodum
2351 5889 2380 5926 a
2421 5871 2601 5925 l'atre.
2657 5864 3020 5921 Distinctione
3075 5874 3214 5928 opus
3262 5864 3348 5912 est
3385 5872 3405 5908 ι
