4198 6440
758 429 854 487 ιη

1675 421 1999 480 GEORGH
2043 417 2301 478 CYPRlI
2341 419 2450 477 CP.
2473 418 3006 481 PATRIARCH/E

3902 410 4010 473 160

753 549 1057 612 eodeni-ique
1093 544 1256 596 motio
1308 539 1560 611 procedit
1599 541 1665 594 ab
1710 549 1943 607 utroque
1979 539 2242 607 Spiritus.
2281 538 2323 590 si
2359 546 2399 594 Α
2432 552 2518 591 tne
2567 547 2721 606 parte
2773 538 3076 606 depravata
3112 578 3125 602 ,
3182 552 3304 606 quae
3379 548 3540 589 noem
3602 533 4010 610 incarnationis

754 641 1141 692 consideretur
1168 637 1408 707 spirandi
1438 637 1627 696 virtus,
1668 649 1788 702 quae.
1823 649 1928 686 una
1962 643 2039 686 εει
2078 633 2130 685 ἱη
2169 642 2324 684 utro.

753 746 862 798 quc
912 749 922 785 :
972 746 1080 782 non
1130 729 1322 780 emlem
1380 727 1544 780 modo
1601 726 1903 790 procedere
1962 723 2069 776 dici
2123 731 2324 791 potest,

757 824 884 887 quia
916 822 1043 881 hoc,
1079 819 1224 887 quod
1262 827 1346 872 est
1373 820 1584 886 spirare
1618 816 1887 884 Spiritum
1923 825 2198 875 sanctum,
2223 815 2326 867 Pa-

761 925 845 966 ter
887 930 991 966 non
1025 913 1190 965 habet
1221 912 1290 963 ab
1323 912 1452 969 alio,
1490 926 1516 962 a
1547 911 1709 963 Patre
1741 910 1903 962 habet
1934 908 2129 961 Filius.
2169 909 2329 971 Quie-

759 1020 978 1071 mtnquc
1012 1020 1144 1056 vero
1178 1006 1290 1056 lta-c
1323 1004 1487 1056 fuerit
1536 1003 1759 1055 domum
1795 999 2113 1061 difficultas,
2165 1000 2328 1051 inane

758 1095 984 1146 dubium
1042 1108 1199 1144 suum
1247 1107 1542 1160 agnoscere
1597 1093 1851 1143 ltu-ticus
1914 1100 2150 1155 poterat,
2202 1103 2324 1140 cum

761 1188 878 1254 ejt's
908 1201 1022 1236 acto
1053 1185 1378 1252 simpliciter
1409 1193 1464 1235 et
1507 1183 1756 1233 absolute
1792 1181 2050 1248 Spiritum
2085 1188 2327 1231 sanctum

763 1295 790 1325 a
829 1276 991 1326 Patre
1053 1284 1101 1325 et
1151 1292 1181 1326 a
1232 1273 1374 1324 Filio
1405 1278 1686 1336 procelere
1719 1271 2016 1338 scriptores
2045 1271 2328 1327 ducerent.

756 1367 1095 1430 Gennadius,
1152 1369 1202 1419 i-u
1246 1367 1400 1435 157
1456 1367 1599 1419 libro
1630 1367 1690 1416 de
1721 1364 2061 1432 Dogmatibns
2095 1381 2109 1426 ;
2138 1364 2332 1416 Avitus

763 1457 1111 1514 Viennensis.
1152 1457 1222 1508 De
1255 1459 1531 1510 divinitate
1573 1454 1803 1526 Spiritus
1848 1456 2055 1516 sancti;
2098 1453 2330 1521 Fulgen-

767 1550 874 1599 tius
902 1549 954 1598 in
989 1549 1133 1600 libro
1171 1549 1244 1599 De
1273 1549 1413 1614 ﬁde;
1458 1547 1787 1600 Paschasius
1817 1546 2113 1611 Diaconos,
2142 1546 2281 1598 libro
2317 1563 2330 1599 ι

763 1639 839 1692 De
874 1640 1077 1702 Spiritu
1114 1652 1321 1701 sancto,
1353 1641 1578 1708 aliique.

840 1731 1013 1783 Voces
1048 1732 1290 1788 easdem.
1347 1751 1377 1785 a
1417 1733 1582 1784 l’atrc
1621 1743 1667 1785 et
1716 1751 1746 1785 a
1778 1732 1941 1794 Filio,
1989 1732 2130 1784 vela
2170 1729 2334 1783 Patre

763 1837 856 1888 per
889 1821 1112 1884 Filium,
1140 1825 1444 1877 adhibuere
1476 1835 1604 1877 ante
1655 1839 1718 1876 ac
1746 1833 1867 1892 post
1896 1822 2162 1892 synodum
2188 1821 2331 1875 Cott-

761 1913 1308 1980 stantinopolitanatu
1337 1913 1516 1967 Latini
1567 1923 1622 1967 et
1646 1915 1820 1968 Graeci
1845 1915 2163 1982 scriptores,
2191 1915 2338 1983 ejus-

763 2006 886 2059 dem
927 2005 1171 2070 Spiritus
1208 2007 1382 2060 sancti
1433 2007 1775 2059 divinitatem
1809 2017 2004 2059 contra
2044 2006 2336 2060 Eunomia-

765 2115 856 2151 nos
916 2109 973 2152 ct
1046 2097 1456 2151 Macedonianos
1518 2098 1886 2150 vindicantes.
1943 2098 2226 2166 Superiori
2278 2099 2332 2150 in

765 2192 1156 2245 dissntatioue
1194 2191 1507 2244 testimonia
1556 2191 1812 2243 dedimus
1845 2204 1906 2241 ac
1939 2191 2335 2244 illustravimus

765 2285 1079 2353 Epiphanii,
1122 2284 1333 2345 Basilii,
1354 2283 2079 2353 Gregoriit‘iysseni,Cyrilli
2107 2285 2338 2337 Alexan-

763 2379 931 2431 drini.
998 2375 1235 2442 Hujusce
1297 2377 1602 2430 sententias
1684 2367 2152 2429 luculentissimas
2210 2390 2337 2442 pro-

765 2471 1013 2522 tulimus.
1052 2471 1178 2522 Eam
1203 2467 1446 2536 profero,
1477 2483 1598 2535 quae
1625 2467 1676 2519 in
1703 2468 1823 2535 ejus
1857 2466 2091 2518 habetur
2116 2482 2184 2520 ex
2206 2482 2335 2536 syn-

763 2563 871 2612 odo
921 2560 1300 2614 Alexandrina
1347 2559 1577 2627 epistola
1610 2559 1676 2612 ad
1710 2560 2042 2622 Nestorium,
2089 2559 2142 2612 in
2182 2573 2335 2613 mcu-

767 2655 986 2705 tnenico
1034 2653 1314 2719 Ephesiuo
1367 2653 1604 2705 concilio
1655 2657 1792 2705 lecta
1831 2669 1844 2704 :
1892 2671 1910 2701 ι
1958 2653 2222 2715 Quamvis
2280 2652 2334 2704 in

767 2761 866 2798 sua
902 2749 971 2797 sit
1016 2746 1369 2798 sut‘sistentia
1409 2745 1669 2813 Spiritus,
1724 2753 1778 2798 et
1827 2745 1948 2814 ejus
2001 2745 2336 2812 intelligatur

766 2837 820 2889 in
868 2853 1101 2905 persona
1135 2837 1468 2905 proprietas,
1504 2836 1662 2905 juxta
1697 2836 1748 2888 id
1779 2838 1922 2902 quod
1955 2834 2196 2903 Spiritus
2229 2845 2335 2900 est,

764 2939 820 2983 et
853 2945 964 2982 non
1001 2930 1213 2982 Filius:
1249 2939 1497 2981 attamen
1550 2929 1756 2982 alienus
1800 2945 1904 2980 non
1960 2940 2033 2981 est
2067 2929 2334 2998 (a.Filio).

764 3021 847 3076 Ab
887 3023 979 3075 illo
1027 3025 1175 3073 enim
1222 3021 1386 3087 (Filio
1433 3019 1561 3075 Jesu
1595 3019 1837 3087 Christo)
1871 3018 2103 3088 Spiritus
2147 3023 2339 3088 appel-

765 3116 908 3166 latus
956 3123 1040 3165 est
1085 3114 1366 3166 veritatis:
1409 3123 1463 3166 et
1515 3113 1717 3166 veritas
1767 3111 2020 3167 Christus
2074 3124 2192 3167 cst:
2230 3113 2338 3166 Καὶ

764 3210 1055 3274 προχεῖται
1091 3206 1220 3272 παρ’
1263 3204 1451 3266 αὑτοῦ,
1502 3205 1753 3269 καθάπερ
1800 3205 1993 3271 ἀμέλει
2030 3205 2122 3255 καὶ
2152 3207 2215 3256 ὲκ
2247 3204 2337 3256 τοῦ

765 3298 898 3350 Θεοῦ
929 3300 1022 3349 καὶ
1056 3299 1291 3366 Ματρὸς,
1331 3296 1398 3349 Et
1434 3299 1605 3364 prodit
1637 3312 1732 3364 per
1775 3298 1954 3358 istum,
1998 3297 2340 3366 quemadmo-

764 3392 888 3443 dum
917 3401 1053 3443 certe
1083 3407 1144 3442 ea:
1167 3390 1274 3443 Deo
1300 3398 1348 3441 et
1373 3389 1555 3442 Patre.
1585 3407 1603 3438 ι
1641 3387 1812 3440 Motas
1841 3389 1944 3441 hac
1978 3388 2047 3440 de
2076 3404 2134 3442 re
2160 3388 2287 3442 lites
2309 3405 2338 3442 a

767 3477 1145 3545 Theodoreto,
1177 3484 1270 3551 qui
1305 3483 1532 3535 nimium
1565 3484 1752 3536 animo
1786 3481 1839 3534 in
1874 3480 2139 3552 Cyrillum
2188 3497 2340 3538 com-

766 3591 950 3634 motus
988 3591 1131 3641 crat,
1161 3581 1562 3634 enarravimum

839 3672 928 3725 ΙΙΙ.
977 3672 1200 3725 Interim
1232 3671 1496 3742 Symbolo
1523 3676 1575 3724 in
1608 3671 1936 3739 baptismate
1964 3672 2259 3727 utebantur
2282 3671 2338 3726 in

767 3765 994 3821 Oriente
1038 3765 1316 3825 Ecclesiae,
1369 3764 1606 3824 simplici
1651 3763 1866 3817 Nicwno
1919 3765 2059 3827 alite,
2110 3765 2339 3832 aliisque

769 3857 1382 3926 Constantinopolitano,
1419 3867 1474 3909 et
1503 3857 1621 3909 alia:
1656 3857 1879 3910 Nicaeno
1929 3857 2206 3926 aliquibus
2241 3872 2339 3910 vo-

769 3952 928 4004 cibus
974 3961 1162 4003 aucto.
1204 3947 1528 4017 Hujusutodi
1573 3949 1743 4003 fuisse
1789 3949 2176 4003 adnotavimus
2217 3949 2342 4004 Hie—

766 4043 1208 4113 rosolgmitanum
1277 4052 1528 4109 tempore
1586 4041 1774 4112 Cyrilli
1830 4041 2336 4111 Hierosolymorum

765 4138 1034 4206 episcopi,
1080 4154 1141 4190 ac
1181 4137 1585 4198 Antiochenam,
1619 4137 1804 4205 inquo
1837 4136 2132 4189 Cassianus
2154 4136 2339 4190 aiebat

772 4229 1109 4296 baptizatum
1154 4229 1322 4281 fuisse
1358 4228 1676 4281 Nestorium
1730 4229 1786 4281 in
1823 4228 2032 4298 synodo
2058 4227 2336 4297 Ephesiua

768 4326 1104 4374 damnatum.
1143 4320 1223 4372 An
1256 4321 1397 4372 hanc
1431 4319 1611 4373 refero
1645 4321 1875 4374 classem
1910 4318 2154 4371 Ecclesia
2185 4318 2339 4372 Phil-

765 4415 1118 4484 adelphiensis
1171 4414 1514 4477 Symbolum,
1562 4411 1708 4480 quod
1761 4413 1816 4465 in
1876 4411 2068 4464 eadem
2127 4413 2337 4480 synodo

769 4507 1043 4575 Ephesina
1082 4514 1315 4574 prostat,
1345 4504 1563 4558 actione
1589 4503 1621 4557 6
1653 4519 1680 4555 a
1716 4504 1974 4558 Charis-io
2009 4505 2338 4574 presbytero

2433 631 2713 700 proponit.
2754 633 2994 701 Hujusce
3023 631 3305 700 depravati
3337 627 3582 699 Sytnboli
3616 627 4005 680 NestOrianam

2432 722 2838 790 expositionem
2877 723 3040 777 simul
3090 721 3275 776 attulit
3321 720 3629 784 Charisius,
3669 735 3829 788 quam
3880 719 4008 787 plu-

2432 829 2521 866 rcs
2562 814 2775 881 decepti
2806 815 3270 882 subscripserant.
3297 813 3583 880 Quodnam
3613 814 3754 866 foret
3788 812 4006 864 articuli

2432 907 2495 955 de
2527 906 2895 959 incarnatione
2935 906 3096 976 158
3136 907 3423 976 depravati
3455 908 3673 969 vitium,
3710 921 3775 959 ex
3814 906 4005 959 eadem

2433 997 2615 1065 colligi
2672 1006 2858 1065 potest
2906 999 3275 1065 expositione.
3312 999 3387 1051 De
3437 982 3820 1050 incarnatione
3860 1011 4010 1047 nosse

2435 1095 2659 1155 oportet,
2699 1089 3006 1156 inquiebat,
3043 1090 3325 1143 Dominum
3355 1090 3519 1142 Deum
3557 1087 3784 1142 Verbum
3807 1106 4010 1140 assum-

2436 1179 2599 1246 psisse
2644 1181 2906 1232 hominem
2957 1183 3243 1234 secundum
3294 1183 3553 1234 naturam
3600 1180 3910 1249 perfectum.
3945 1194 4010 1230 ex

2436 1275 2666 1325 humana
2720 1291 2877 1326 carne
2936 1285 2983 1328 et
3042 1277 3222 1327 anima
3280 1273 3535 1327 rationali
3569 1275 4008 1326 consistentem...

2439 1368 2605 1427 Quem
2667 1371 2950 1422 secundum
3020 1380 3254 1422 nostram
3312 1378 3587 1430 naturam,
3648 1368 3895 1434 nobisque
3930 1367 4010 1417 si.

2437 1460 2611 1511 mileen
2655 1463 2919 1513 hominem
2980 1463 3335 1520 exsistentem,
3401 1459 3630 1525 Spiritus
3684 1459 3856 1510 sancti
3904 1458 3998 1508 uir-

2441 1562 2548 1603 tute
2575 1553 2629 1603 in
2661 1560 2808 1604 utero
2843 1553 3068 1622 Virginis
3095 1554 3456 1621 formatum...
3492 1548 3858 1614 inexplicabili
3885 1564 4012 1618 quo-

2440 1643 2564 1695 dam
2601 1645 2751 1695 modo
2780 1643 2878 1695 sibi
2901 1644 3249 1711 conjunxit...
3289 1640 3466 1694 Unum
3500 1642 3663 1710 igitur
3700 1637 3921 1697 Filium,
3965 1646 4013 1690 et

2443 1736 2729 1789 Dominum
2778 1735 2961 1790 Iesum
3002 1735 3297 1797 Christum,
3351 1751 3444 1804 per
3496 1749 3648 1800 quem
3699 1732 3842 1798 facta
3888 1739 4014 1783 sunt

2441 1833 2640 1888 omnia.
2687 1847 2798 1883 esse
2854 1831 3077 1883 dicimus
3112 1846 3128 1881 :
3163 1830 3333 1898 primo
3373 1829 3586 1896 quidem
3634 1843 3695 1877 oc
3751 1826 4016 1893 precipue

2440 1920 2606 1972 Deum
2663 1918 2911 1983 Verbum,
2940 1921 3030 1989 qui
3057 1919 3344 1971 secundum
3375 1919 3656 1970 essentiam
3709 1914 3806 1967 Dei
3842 1912 4014 1966 Filius

2438 2020 2490 2063 et
2545 2010 2800 2064 Dominus
2847 2019 2946 2074 est,
3003 2019 3173 2062 mente
3230 2010 3619 2076 concipienles;
3674 2005 3833 2059 simul
3892 2019 4018 2056 vero

2437 2103 2598 2156 etiam
2631 2104 2768 2172 quod
2805 2112 3137 2172 assumptum
3186 2113 3281 2163 est,
3327 2103 3422 2153 hoc
3465 2110 3541 2152 est
3575 2098 3758 2151 Iesum
3811 2115 3842 2150 a
3897 2094 4016 2148 Na-

2436 2201 2640 2253 zareth.
2695 2196 2876 2248 animo
2941 2193 3361 2262 complectentes.
3424 2194 3499 2245 ita
3554 2192 3772 2247 scilicet
3815 2189 4017 2240 verbo-

2440 2303 2559 2340 rum
2617 2287 2919 2341 involucris
2989 2297 3195 2340 tectum
3256 2285 3585 2354 propinabat
3625 2282 3912 2337 Nestorius
3941 2278 4016 2334 de

2437 2381 2631 2449 duplici
2664 2380 2717 2432 in
2749 2380 2877 2434 Jesu
2908 2379 3129 2434 Christo
3159 2395 3386 2447 persona
3430 2379 3659 2446 impium
3708 2389 3977 2428 errorem.

2510 2469 2750 2522 Nestorii
2802 2460 3057 2531 facinus,
3113 2469 3206 2537 qui
3275 2478 3539 2534 corrupto
3596 2465 4015 2533 depravatoque

2440 2563 2701 2633 Symbolo
2753 2564 3058 2632 pr0posito,
3115 2563 3396 2632 simplices
3443 2561 3632 2614 ﬁdeles
3680 2560 4015 2627 deceperat,

2441 2655 2712 2723 Ephesina
2744 2655 3009 2725 synodus,
3035 2671 3182 2709 anno
3211 2655 3311 2708 431
3342 2654 3641 2713 celebrata,
3671 2651 3972 2704 detestatur
4001 2665 4021 2699 :

2443 2747 2678 2815 tulitque
2718 2747 2937 2800 decreta
2987 2748 3041 2800 in
3069 2746 3189 2799 haec
3221 2745 3425 2799 verba:
3472 2763 3491 2802 ς
3546 2744 3644 2796 His
3673 2743 3840 2810 igitur
3886 2755 4022 2809 per-

2439 2837 2620 2900 lectis,
2653 2840 2864 2892 statuit
2901 2847 3090 2892 sancta
3137 2837 3401 2908 synodus.
3436 2835 3663 2889 alteram
3716 2833 3873 2900 ﬁdem
3922 2848 4026 2887 ne-

2441 2928 2574 2981 mini
2607 2927 2778 2983 licere
2811 2930 3082 2997 proferre,
3133 2937 3233 2982 aut
3270 2928 3641 2989 conscribere,
3671 2935 3767 2980 aut
3792 2940 4022 2995 compo-

2441 3035 2596 3081 ncre.
2634 3030 2835 3089 prater
2883 3022 3164 3074 definitam
3224 3037 3254 3072 a
3314 3021 3520 3074 sanctis
3570 3019 3844 3079 Patribus.
3918 3020 4020 3088 qui

2441 3114 2496 3165 in
2532 3113 2712 3166 Nicena
2757 3129 2881 3166 cum
2916 3113 3124 3179 Spiritu
3175 3122 3369 3166 sancto
3401 3113 3721 3181 congregati
3770 3114 4017 3165 luerunt.

2365 3228 2408 3288 ρ
2441 3204 2543 3272 Qui
2579 3220 2709 3259 vero
2755 3205 2872 3259 ausi
2924 3206 3128 3259 fuerint
3161 3215 3255 3259 aut
3297 3205 3835 3274 componereﬁdem
3882 3205 4026 3257 alte-

2445 3312 2586 3359 ram,
2619 3304 2715 3348 aut
2742 3294 3014 3362 proferre,
3046 3294 3132 3348 vel
3175 3294 3380 3348 offerre
3423 3294 3675 3348 converti
3703 3295 4024 3347 volentibus

2443 3389 2508 3441 ait
2543 3387 2881 3456 agnitionem
2918 3387 3208 3450 veritatis;
3249 3386 3351 3441 bos
3382 3387 3603 3456 quidem
3652 3386 3697 3438 si
3745 3386 3854 3439 sint
3896 3387 4021 3453 epi-

2442 3480 2619 3546 scopi,
2669 3488 2762 3531 aut
2798 3478 3007 3543 clerici,
3059 3479 3271 3532 alienos
3311 3493 3432 3532 esse
3466 3479 3535 3532 ab
3582 3479 3929 3546 episcopatu,
3957 3488 4024 3533 et

2442 3573 2678 3626 clericos
2709 3585 2738 3623 a
2766 3569 3028 3624 clericatu
3059 3569 3310 3623 decrevit
3349 3587 3362 3622 :
3398 3571 3442 3623 si
3473 3585 3604 3622 vero
3635 3570 3760 3623 laici
3791 3569 4026 3632 fuerint,

2443 3659 2780 3716 anathemati
2822 3662 3040 3731 subjici.
3077 3680 3096 3713 ι
3133 3661 3269 3715 Tum
3301 3661 3618 3715 Nestoriani
3654 3660 4031 3732 symbolil’or-

2443 3754 2646 3806 mulam
2676 3761 2732 3808 et
2758 3753 3159 3821 espositionem
3186 3754 3428 3808 damnat.

2513 3846 2602 3901 IV.
2657 3846 3017 3908 Probibente,
3074 3859 3143 3898 ne
3193 3846 3423 3898 alteram
3463 3844 3621 3912 ﬁdem
3676 3844 3868 3898 liceret
3918 3844 4025 3897 uili

2444 3936 2718 4006 proferre,
2766 3947 2860 3990 aut
2892 3936 3268 3999 conscribere,
3304 3947 3401 3988 aut
3435 3950 3792 4012 componere,
3822 3945 4028 4004 pra'ter

2442 4029 2716 4096 deﬁnitam
2768 4046 2801 4082 α
2865 4029 3095 4082 Martiis
3141 4027 3411 4089 Patribus,
3460 4026 3744 4095 Ephesino
3793 4027 4030 4081 decreto

2446 4118 2650 4170 bellum
2683 4117 3057 4185 Gnaei-agunt
3086 4116 3381 4170 adversum
3411 4114 3658 4178 Latinos,
3696 4117 3789 4185 qui
3827 4131 4026 4170 vocem

2453 4209 2697 4284 Filioque
2725 4209 2981 4281 Symbolo
3014 4209 3630 4276 Constantinopolitano
3658 4208 4030 4263 addiderunt.

2447 4301 2690 4369 Pugnant
2731 4309 2998 4370 pugnent,
3038 4315 3201 4368 quam
3234 4299 3427 4351 volunt
3460 4317 3472 4352 :
3503 4298 3809 4351 certissima
3833 4299 4034 4353 clades

2445 4397 2617 4448 instat
2658 4395 2794 4448 illis.
2825 4395 2901 4448 Ac
2932 4394 3112 4462 primo
3145 4394 3336 4446 statuit
3366 4401 3555 4444 sancta
3583 4392 3850 4460 synodus,
3883 4391 4036 4444 alte-

2447 4503 2564 4538 ram
2595 4485 2752 4553 ﬁdem
2799 4487 2997 4539 nemini
3050 4486 3207 4538 licere
3239 4486 3498 4554 proferre,
3532 4492 3630 4535 aut
3675 4486 4034 4547 conscribere,

767 4603 1011 4653 oblatum
1041 4615 1054 4651 :
1089 4598 1259 4652 Credo
1287 4598 1340 4648 in
1369 4614 1526 4648 unum
1559 4598 1723 4650 Deum
1754 4598 1968 4650 Patrem
2006 4601 2337 4668 omnipoten-

2445 4589 2538 4632 aut
2570 4593 2902 4646 componere,
2931 4585 3121 4643 pra-ter
3145 4575 3420 4642 deﬁnitam
3447 4593 3480 4627 a
3509 4575 3710 4628 sanctis
3742 4574 4033 4642 Palribus,

767 4704 890 4756 tem,
926 4692 1236 4744 Creatorem
1270 4692 1523 4745 omnium.
1585 4691 1872 4743 visibilium
1908 4701 1954 4741 et
1992 4691 2337 4744 invisibilium

767 4787 1040 4848 factorem.
1091 4783 1158 4834 Et
1191 4784 1241 4833 in
1289 4798 1452 4834 unum
1500 4784 1784 4835 hominum
1828 4781 2008 4834 Iesum
2045 4783 2336 4844 Christum,

769 4876 966 4929 Filium
1000 4878 1111 4944 ejus
1158 4877 1509 4943 unigenitum,
1562 4875 1728 4928 Deum
1779 4876 1843 4925 de
1891 4874 2019 4938 Deo,
2066 4874 2239 4926 lumen
2277 4876 2340 4928 de

767 4969 987 5028 lumine,
1034 4970 1195 5022 Deum
1250 4986 1428 5022 rerum
1471 4969 1534 5021 de
1587 4968 1692 5020 Deo
1738 4983 1879 5026 rero,
1913 4967 2337 5020 consubstantia-

766 5059 868 5111 lem
924 5039 1094 5110 Patri.
1154 5057 1253 5122 Qui
1306 5068 1520 5128 propter
1571 5075 1684 5120 nos,
1733 5067 1780 5110 et
1823 5067 2059 5110 nostram
2109 5057 2336 5111 salutem

766 5154 1030 5204 descendit
1063 5153 1125 5203 de
1154 5154 1313 5211 cretis,
1360 5161 1407 5203 et
1464 5152 1776 5204 incarnatus
1821 5160 1917 5210 est,
1965 5161 2012 5202 et
2054 5165 2116 5202 ea:
2149 5159 2337 5202 sancta

769 5243 980 5312 Virgine
1031 5252 1207 5304 natus,
1261 5252 1310 5294 et
1360 5245 1513 5294 homo
1547 5243 1716 5322 [αεειιέ
1754 5248 1852 5293 est.
1892 5239 2194 5304 Cruciﬁs‘us
2243 5253 2338 5306 pro

767 5335 935 5397 nobis,
977 5345 1208 5386 mortuus
1246 5342 1341 5386 est.
1372 5332 1681 5384 Resurrexit
1705 5333 1861 5383 tertia
1883 5332 1986 5382 die.
2010 5329 2259 5383 Ascendit
2283 5331 2336 5380 in

765 5426 935 5478 calas.
1000 5425 1071 5479 Et
1129 5427 1320 5477 iterum
1371 5433 1618 5477 venturus
1663 5434 1739 5475 est
1793 5423 2041 5492 judicare
2101 5422 2236 5474 vivos
2289 5429 2336 5470 et

769 5527 1025 5572 mortuos.
1072 5519 1138 5572 Et
1167 5522 1219 5570 in
1256 5518 1512 5588 Spiritum
1549 5519 1802 5577 veritatis,
1832 5514 2196 5574 Paraclrtum,
2235 5511 2339 5565 Pa-

767 5611 836 5662 tri
865 5620 911 5661 et
947 5607 1088 5660 Filio
1125 5608 1648 5660 consubstantialem.
1690 5607 1758 5658 Et
1799 5607 1851 5657 in
1890 5613 2133 5655 sanctam
2161 5605 2338 5654 catho-

768 5705 919 5754 liram
956 5700 1266 5754 Ecclesium.
1301 5701 1364 5753 In
1398 5707 1724 5752 mortuorum
1769 5696 2225 5748 resurrectionem.
2272 5691 2335 5745 In

769 5799 928 5847 ritum
961 5809 1238 5848 a'ternam.

839 5887 1103 5951 Synthoio
1128 5888 1347 5942 Nicxno
1371 5886 1624 5941 utebatur
1650 5882 1948 5945 \cstorius,
2006 5881 2057 5932 in
2078 5896 2137 5934 ea
2171 5877 2340 5932 maxi-

2448 4672 2536 4741 qui
2563 4672 2618 4723 in
2653 4671 2834 4723 Nica'a
2863 4686 2980 4722 cum
3011 4667 3211 4735 Spiritu
3235 4677 3419 4720 sancto
3447 4656 3753 4736 congregati
3779 4668 4033 4735 (uerunt.

2447 4763 2638 4832 Itaque
2673 4765 2856 4816 verbis
2891 4772 3052 4815 tenus
3097 4762 3141 4814 si
3192 4761 3526 4821 hatreatnus,
3571 4775 3757 4828 neque
3804 4758 4041 4829 Symbo-

2449 4855 2583 4924 lum,
2608 4852 3262 4922 Constantinopolitanum
3298 4848 3536 4920 proferre
3566 4850 3807 4903 licuerit.
3861 4851 4036 4906 Haud

2449 4963 2535 5000 me
2588 4948 2738 5006 latet,
2784 4943 3104 5015 Symbolum
3145 4943 3287 4996 idem
3339 4941 4036 5016 ConstantinOpulitanunt

2447 5039 2554 5092 dici
2581 5038 2856 5091 Nicwnum
2888 5038 3123 5088 maxime
3156 5043 3278 5102 post
3305 5033 3576 5103 synodum
3603 5031 4046 5085 Chalcedonen-

2449 5146 2565 5184 sem
2609 5131 2964 5183 consuevisse
3001 5143 3015 5178 :
3048 5136 3102 5178 at
3126 5141 3192 5177 eo
3235 5127 3288 5177 in
3321 5125 3602 5192 Epltesino
3636 5124 3862 5178 decreto
3908 5125 4044 5193 agi-

2449 5233 2538 5276 tur
2568 5223 2686 5276 sine
2707 5221 2877 5274 dubio
2905 5221 2973 5271 de
3003 5218 3233 5286 formula
3261 5216 3501 5276 Nicena,
3525 5231 3632 5284 qua
3659 5225 3720 5268 ut
3742 5230 4041 5271 sumntum

2447 5316 2725 5384 aliquibus
2782 5313 3013 5365 vocibus
3073 5321 3250 5373 aucta,
3307 5323 3415 5361 non
3475 5308 3736 5361 omnibus
3785 5323 3910 5376 qua:
3971 5311 4040 5363 in

2450 5410 2709 5481 Symbolo
2753 5402 3368 5469 Coustantinopolitano
3415 5399 3714 5461 habentur,
3761 5399 4042 5456 Ecclesia:

2449 5505 2636 5572 plures
2661 5500 2713 5550 in
2748 5497 3078 5564 baptismate
3113 5495 3432 5547 utebantur.

2523 5596 2577 5645 ln
2610 5591 2812 5645 libellis
2847 5604 2874 5640 a
2907 5586 3163 5642 Charisio
3196 5586 3520 5655 presbytero
3545 5585 4043 5654 Philadelphiensi

2448 5686 2664 5740 oblatis.
2726 5680 3041 5751 Symbolum
3101 5677 3261 5745 159
3299 5677 3658 5744 depravatum
3703 5677 4045 5731 contineba-

2451 5787 2557 5840 tur,
2607 5789 2669 5827 ac
2701 5781 2820 5840 ejus
2854 5769 3182 5823 Nestoriana
3214 5768 3512 5837 expositio.
3553 5766 3866 5834 Utrumque
3897 5783 4044 5834 spe-

2453 5871 2577 5925 ciaii
2607 5868 2831 5922 decreto
2865 5863 3128 5915 damnant
3162 5859 3424 5930 Epltcsini
3459 5858 3668 5914 Patres.
3703 5859 3818 5913 Atia
3855 5860 4040 5914 etiam
