4198 6440
180 396 278 457 1'39

1314 402 1504 460 \'l'l‘.»\.
1553 427 1619 438 -
1663 403 2168 464 DISSERTA'l'lO
2217 409 2288 467 ll.

3316 412 3415 476 l'.0

176 510 573 578 Syinholornm
638 511 882 564 formulae
941 511 1194 580 superiu-
1263 513 1550 572 indic-am.
1615 530 1751 582 quas
1789 529 1822 572 ,λ
1859 516 2130 580 deputata.
2160 529 2264 572 etc.
2305 520 2503 589 Synodi
2541 521 2902 590 Ecclesizequc
2959 522 3248 576 consilium
3291 537 3414 592 per-

176 603 527 655 ceumenica
591 604 894 671 posteriora
952 604 1181 656 concilia
1239 617 1637 672 susceperunt,
1702 616 1752 657 it

179 695 597 760 approbarunt.
638 695 716 746 An
758 695 828 745 ita
859 692 986 759 ﬁdes
1016 694 1186 747 altera
1223 695 1453 748 inhibita
1488 697 1752 763 intelliga-

181 797 293 843 tur.
341 795 400 836 ut
443 788 500 838 in
533 796 811 854 posterum
855 801 962 838 non
994 788 1204 851 liceret,
1235 787 1357 840 aliis
1385 789 1460 843 uti
1488 769 1672 842 verbis.
1703 791 1750 840 in

177 881 416 930 articulo
437 878 856 939 Incarnationis.
878 880 978 932 nisi
999 895 1117 947 qua!
1137 882 1376 949 synodus
1392 882 1580 935 eadem
1599 881 1754 935 Chal-

180 970 519 1020 cedonensis
539 969 858 1033 usurpavit’
879 969 1032 1022 Hunc
1055 970 1214 1021 etiam
1235 985 1456 1023 sensum
1480 982 1760 1026 removent

179 1069 503 1110 memorata!
541 1058 924 1128 Symbolorum
974 1061 1236 1114 formula.
1282 1061 1397 1115 Non
1445 1061 1754 1122 abnuerim,

181 1149 438 1201 inhibere
496 1151 763 1219 synodum
807 1152 1077 1218 patuisse,
1117 1167 1184 1206 ne
1222 1168 1382 1208 voces
1420 1155 1612 1225 aliqua:
1656 1158 1758 1210 mi-

183 1253 521 1302 nuerentur,
540 1254 636 1295 aut
655 1243 992 1296 adderentur
1009 1244 1148 1308 ullae,
1181 1261 1246 1300 eo
1266 1246 1542 1300 inductam
1573 1251 1756 1302 consi-

185 1333 278 1394 lio,
307 1345 368 1386 ut
407 1349 636 1386 errores
662 1336 852 1402 procul
886 1346 1098 1390 arceret
1125 1352 1480 1407 omnes,quos
1500 1340 1756 1410 imperiti.

183 1436 275 1477 aut
298 1426 705 1492 imprudentes,
735 1437 829 1479 aut
845 1439 1098 1482 errantes
1117 1429 1388 1495 homines,
1412 1433 1650 1484 addendo
1673 1432 1756 1484 vel

184 1515 495 1576 minuendo,
518 1516 776 1569 invehere
795 1528 1016 1584 possent
1040 1537 1051 1570 :
1075 1527 1127 1570 at
1151 1519 1474 1588 pracipuatn
1497 1524 1604 1590 jam
1628 1538 1758 1574 con-

183 1612 289 1654 stat
325 1616 574 1658 mentem
589 1606 784 1668 fuisse,
818 1609 1129 1661 minationes
1159 1619 1214 1662 et
1235 1611 1531 1664 additiones
1578 1622 1757 1665 vetare

186 1693 324 1754 illas,
365 1711 494 1763 qua:
525 1708 728 1751 rectam
768 1699 930 1752 Iidem
954 1700 1311 1754 orthodoxam
1341 1702 1758 1758 labelactarent.

255 1786 766 1842 Prudentissimum
820 1791 1114 1844 iunotcscit
1168 1792 1310 1845 idem
1354 1795 1646 1848 consilium
1701 1797 1756 1849 in

187 1877 417 1945 synodis
473 1880 898 1945 posterioribus.
942 1880 996 1933 In
1048 1884 1386 1936 mcumenica
1434 1900 1506 1947 vt,
1552 1895 1759 1951 prostat

192 1970 417 2020 actione
449 1970 486 2020 ι
515 1970 750 2036 epistola
794 1971 816 2022 1
846 1971 1129 2038 Agathonis
1173 1972 1401 2025 Romani
1449 1971 1718 2041 pontiﬁcis
1744 2013 1758 2035 ,

193 2058 282 2110 ubi
329 2074 439 2111 non
495 2060 655 2128 longe
703 2061 771 2113 ab
807 2061 966 2115 initio
1000 2063 1114 2116 hac
1147 2063 1465 2118 habentur:
1511 2065 1638 2129 ρειαί
1678 2083 1757 2118 re-

187 2150 455 2218 gulariter
505 2170 535 2204 a
593 2155 789 2206 sanctis
837 2165 994 2223 atque
1029 2155 1332 2224 apostolicis
1364 2159 1760 2226 praedecessori-

187 2239 302 2302 ὕει,
339 2255 387 2292 et
417 2244 802 2296 uenerabilibus
832 2247 1062 2314 quinque
1095 2247 1323 2300 conciliis
1355 2248 1573 2314 deﬁnita
1617 2260 1758 2312 sunt,

187 2351 304 2386 cum
330 2337 688 2402 simplicitate
722 2339 914 2396 cordis,
952 2349 998 2388 et
1037 2338 1149 2390 sine
1181 2341 1525 2408 ambiguitate
1577 2358 1605 2392 a
1651 2340 1756 2392 l’a.

190 2429 354 2478 tribus
394 2427 621 2478 traditte
673 2427 796 2493 ﬁdei
844 2444 1205 2482 conservamus
1229 2445 1246 2482 :
1273 2446 1454 2492 unum,
1487 2448 1548 2482 ac
1579 2434 1761 2499 pt'a’t'l-

189 2535 345 2584 puum
375 2519 576 2571 bonum
607 2522 795 2572 habere
832 2538 1033 2587 semper
1059 2530 1320 2589 optantes,
1351 2533 1510 2592 atque
1541 2525 1758 2575 studen-

190 2623 258 2664 tes
287 2630 303 2663 :
336 2623 392 2662 ut
436 2613 574 2664 nihil
625 2614 686 2663 de
727 2615 799 2664 eis
832 2631 946 2682 qua:
991 2616 1313 2684 regulariter
1341 2616 1557 2681 deﬁnita
1613 2628 1758 2681 sunt,

189 2704 492 2765 minuatur,
543 2705 675 2754 nihil
705 2715 955 2769 mutetur,
999 2710 1077 2757 vel
1124 2717 1421 2776 augeatur;
1459 2709 1546 2760 sed
1577 2711 1758 2761 eadem

187 2797 374 2856 verbis,
411 2804 465 2846 et
495 2797 735 2849 sensibus
789 2798 998 2850 illibata
1043 2803 1424 2852 custodiantur.
1458 2801 1605 2852 Hanc
1645 2801 1757 2869 epi-

189 2890 379 2939 stulam
414 2888 631 2942 ibidem
666 2891 917 2956 sequitur
943 2891 1186 2958 ejusdem
1225 2892 1523 2959 Agathonis
1553 2894 1652 2945 alia
1694 2910 1759 2946 ex

189 2980 397 3047 synodo
452 2981 702 3034 Romana
747 2981 893 3043 data,
934 2982 986 3034 in
1023 2998 1127 3048 qua
1159 2983 1285 3048 ﬁdei
1308 2986 1562 3051 professio
1591 2986 1759 3038 instar

184 3069 421 3139 Synhali
453 3073 743 3131 inseritur,
773 3075 959 3139 utique
984 3073 1238 3141 Symbolo
1261 3073 1501 3138 Nica-no,
1527 3088 1582 3129 et
1618 3076 1759 3130 Con-

1859 608 2044 671 spicue
2070 609 2179 677 jam
2213 611 2360 664 vides
2387 631 2398 664 :
2425 613 2569 681 quod
2596 613 2815 666 obstare.
2842 615 3068 682 adjecta
3102 617 3417 686 particular.

1864 695 2118 765 Filioque,
2153 703 2377 755 Insanus
2403 714 2520 757 esto
2547 707 2636 772 qui
2681 705 2994 758 contendat.

1934 790 1975 842 Il
2033 790 2086 843 la
2146 807 2302 844 usmn
2351 793 2599 850 Ecclesia:
2652 813 3035 862 communem,
3092 801 3418 855 auctoritate

1862 883 2050 947 εςιιυόὶ
2123 884 2588 940 Chalcedonensis
2666 891 3043 951 tecumenicm.
3119 892 3416 946 deductum

1861 973 2026 1024 luisse
2091 973 2732 1036 Constantiiwpolitanum
2793 980 3131 1050 Symbolum.
3189 983 3418 1037 dubium

1861 1063 2092 1117 nullum.
2157 1066 2352 1121 Recole
2413 1069 2554 1123 dicta
2616 1073 2794 1138 capite
2844 1075 3126 1140 superiore
3183 1091 3335 1129 num.
3369 1078 3420 1128 Si.

1862 1155 2376 1212 Animadversiones
2431 1161 2631 1216 addere
2670 1165 2986 1224 nonnullas.
3043 1167 3174 1219 mihi
3235 1169 3419 1222 liceat.

1861 1243 2023 1311 Origo
2055 1245 2287 1314 Symboli
2319 1247 2897 1320 Constantinopolitani
2936 1253 3003 1306 ad
3040 1256 3422 1321 particularem

1862 1335 2095 1403 aliquam
2151 1338 2474 1405 Ecclesiam,
2545 1344 2898 1412 privatosque
2957 1345 3258 1412 scriptores
3287 1347 3424 1399 rele-

1865 1429 2028 1478 renda
2061 1439 2162 1490 est,
2191 1440 2433 1497 tempore
2493 1431 2636 1484 inter
2673 1433 2942 1487 Sicaniam
2970 1437 3198 1502 primam
3259 1452 3420 1506 syno-

1863 1517 1989 1568 dum
2034 1520 2325 1582 mediante,
2356 1538 2415 1574 ac
2446 1523 2588 1576 inter
2627 1525 2857 1590 primam
2881 1522 3426 1595 Constantinopolita-

1863 1626 2006 1661 nam.
2045 1610 2178 1662 Illud
2215 1611 2420 1678 primus
2452 1616 2688 1683 vulgavit
2745 1614 3065 1680 Epiphanius
3097 1632 3115 1668 :
3171 1619 3425 1688 idemque

1862 1702 2150 1766 amplexati
2183 1714 2310 1756 sunt
2341 1716 2548 1757 centum
2583 1717 2631 1757 et
2661 1707 3051 1776 quinquaginta
3081 1708 3290 1772 Patres,
3326 1714 3419 1777 qui

1863 1806 2004 1842 anno
2025 1793 2118 1844 58l
2146 1802 2333 1846 contra
2357 1794 2732 1849 Macedoniam
2753 1799 3021 1866 synodum
3039 1797 3426 1852 Constantino-

1867 1882 1970 1948 poli
1991 1884 2363 1938 celebrarunt.
2386 1886 2660 1956 Synodum
2690 1889 2846 1940 istam
2867 1889 3175 1955 generalem
3230 1889 3419 1945 fuisse.

1865 1979 2048 2037 utpote
2076 1973 2285 2026 Damasi
2350 1978 2544 2028 summi
2583 1977 2856 2044 pontiﬁcis
2909 1979 3239 2034 auctoritate
3297 1995 3422 2034 coa-

1863 2070 2026 2124 ctam,
2051 2073 2239 2117 censet
2262 2063 2547 2120 Baronius.
2584 2065 2664 2120 Ea:
2685 2078 2796 2138 post
2815 2070 2976 2137 facto,
3034 2078 3092 2122 ut
3149 2070 3418 2140 inquiunt,

1863 2151 2040 2204 eidem
2075 2158 2373 2208 accessisse
2405 2157 2594 2226 synodi
2629 2160 2984 2211 (rcumenica‘
3011 2161 3421 2217 auctoritatem,

1863 2243 2201 2297 arbitrantur
2228 2248 2319 2300 alii
2349 2266 2356 2298 τ
2389 2250 2466 2300 νιιΙ
2497 2249 2728 2302 Damaso
2761 2266 2895 2318 papa
2929 2267 3047 2304 eam
3091 2253 3424 2305 conﬂi-man-

1865 2345 1935 2392 te.
1991 2346 2047 2388 ut
2089 2338 2362 2405 aliquibus
2419 2341 2631 2407 [διευς-ις
2671 2342 2754 2394 vel
2786 2343 2978 2393 saltem
3020 2342 3200 2395 Letne
3232 2342 3424 2412 Magno

1865 2425 1915 2476 in
1944 2427 2147 2491 synodo
2171 2429 2624 2495 (ΣΙιι-ιιι·ράε›ιιεηςί;
2644 2442 2732 2486 aut
2759 2446 2902 2486 certe
2922 2436 3034 2502 ipsa
3053 2436 3251 2503 synodo
3279 2439 3426 2503 prio-

1863 2529 1976 2564 rem
2017 2515 2704 2585 Constantinopolitanatn,
2739 2537 2863 2574 cum
2897 2523 3131 2575 decretis
3161 2523 3308 2587 lidei,
3360 2537 3424 2577 ac

1865 2603 2121 2674 Symbolo
2156 2607 2434 2674 pnedicto,
2461 2611 2821 2679 suscipiente,
2859 2623 2916 2666 et
2945 2613 3312 2682 approbante.

1936 2696 1990 2748 In
2018 2699 2329 2751 utramlibet
2359 2702 2684 2754 sententiam
2708 2703 2929 2756 disserit
2948 2703 3291 2758 Christianus
3314 2702 3425 2758 Lu-

1864 2805 1982 2859 pus,
2019 2803 2163 2843 tomo
2201 2791 2240 2850 Ι,
2273 2793 2324 2844 in
2352 2792 2587 2845 Scholiis
2610 2795 2674 2845 ad
2703 2793 2952 2847 eamdem
2983 2797 3274 2864 synodum,
3298 2810 3420 2863 cap.

1864 2881 1893 2931 4
1919 2897 1932 2943 ;
1963 2890 2015 2931 et
2043 2890 2186 2931 tomo
2215 2879 2274 2942 ν,
2307 2881 2358 2932 in
2392 2880 2626 2934 Scholiis
2648 2882 2712 2934 ad
2738 2883 3002 2935 dictatum
3027 2882 3276 2954 Gregorii
3310 2885 3424 2950 VII,

1862 2987 2068 3022 canone
2087 2972 2174 3034 ΞΗ,
2195 2981 2384 3039 quast.
2405 2973 2460 3024 5.
2487 2973 2815 3026 Litterarum
2834 2975 3270 3042 conﬁrmationis,
3288 2992 3426 3045 quas

1863 3059 2078 3110 dederit
2121 3058 2403 3113 Damasus.
2443 3061 2636 3113 nullibi
2677 3061 2922 3114 mentio:
2959 3064 3054 3114 sed
3101 3079 3278 3132 neque
3309 3065 3418 3116 ulla

187 3163 723 3229 stantinopolitano,
749 3178 811 3214 ac
843 3164 1148 3215 deﬁnitioni
1176 3163 1608 3219 Chalcedonensi
1634 3183 1762 3221 con-
1785 3175 1832 3237 ο

1785 3175 1832 3237 C
1867 3151 2068 3202 mentio
2099 3150 2341 3218 ejusdem
2371 3150 2966 3217 Constantinopolitantz
2990 3155 3209 3223 synodi,
3243 3155 3294 3207 in
3329 3169 3424 3208 ea-

185 3266 336 3310 sona.
360 3252 556 3303 verbis
586 3263 765 3304 tamen
795 3251 1043 3319 pluribus
1075 3265 1136 3305 ac
1156 3254 1384 3322 prolixis
1414 3256 1757 3310 additamen-

185 3345 253 3397 tis
297 3345 666 3410 locupletata.

256 3433 559 3504 Synodalis
623 3433 874 3489 deliuitio
923 3445 1113 3489 contra
1168 3435 1556 3493 Monothelitas
1615 3441 1759 3494 edita

190 3526 386 3594 legitur
424 3527 651 3579 actione
706 3527 792 3580 18.
820 3528 1138 3596 Symbolum
1176 3528 1470 3593 Nictenum,
1523 3543 1576 3586 et
1621 3535 1760 3585 (Ion.

189 3618 730 3684 stantinOpolitanum
770 3625 1074 3673 recitantur
1109 3639 1122 3685 ;
1158 3635 1211 3674 et
1239 3623 1354 3675 litec
1395 3625 1645 3691 suﬁicere,
1681 3627 1761 3677 in-

189 3715 382 3775 quiunt
412 3710 634 3770 Patres,
666 3712 734 3760 ad
764 3711 1052 3778 perfectam
1085 3715 1387 3765 orthodoxa:
1413 3714 1536 3780 ﬁdei
1584 3718 1759 3785 cogni—

187 3804 402 3854 tionem.
435 3801 814 3854 Nihilominus
846 3802 1227 3854 iucarnationis
1254 3807 1594 3872 mysterium,
1615 3807 1759 3874 quod

185 3895 381 3946 attinet
413 3892 484 3943 ad
519 3893 845 3944 uoluntatem
879 3905 926 3945 et
957 3898 1310 3960 operationem
1341 3897 1394 3948 in
1431 3895 1637 3950 Christo
1669 3901 1763 3949 du-

191 3986 403 4052 plicem,
445 3985 661 4050 prolixa
693 3985 1008 4050 Appendice
1037 3986 1338 4038 declarant.
1379 3987 1759 4056 Deliniuntque

184 4078 405 4129 demum
457 4091 472 4126 ε
517 4076 698 4126 Aliam
758 4075 912 4140 ﬁdem
962 4076 1095 4128 nulli
1146 4076 1301 4129 licere
1355 4085 1609 4145 proterre,
1668 4089 1761 4131 aut

184 4170 533 4228 conscribere,
581 4184 916 4236 componere,
945 4179 1036 4219 aut
1081 4186 1284 4237 sapere,
1315 4172 1394 4222 vel
1419 4173 1579 4222 etiam
1608 4172 1762 4223 aliter

192 4264 399 4313 docere.
440 4261 625 4313 Aliam
658 4261 866 4312 scilicet
899 4260 1138 4328 intellige
1173 4261 1356 4321 iidem,
1390 4277 1511 4329 qua:
1546 4278 1652 4316 non
1695 4264 1764 4316 slt

195 4365 339 4403 recta
377 4351 704 4402 orthodoxa
740 4351 894 4411 ﬁdes,
926 4352 1017 4402 sed
1055 4354 1357 4406 errantium
1389 4361 1758 4406 commentum

187 4443 472 4508 praedictae
518 4439 834 4492 deﬁnitioni
868 4441 1180 4493 adversum.
1225 4441 1447 4493 Interim
1495 4444 1666 4495 coacti
1704 4444 1757 4496 in

187 4534 282 4586 hac
311 4531 539 4602 synodo
576 4530 766 4582 Patres
811 4531 1028 4584 actione
1062 4531 1095 4582 4
1125 4542 1178 4582 et
1211 4531 1291 4592 10,
1322 4531 1446 4595 ﬁdei
1482 4533 1758 4598 professio-

185 4640 289 4684 nes,
331 4624 526 4674 instar
567 4618 803 4688 Symboli
847 4621 1047 4683 editas,
1086 4629 1449 4688 susceperunt
1482 4632 1534 4675 et
1567 4638 1765 4690 appro-

186 4716 412 4772 harunt,
459 4708 623 4779 169
670 4725 790 4774 qua:
835 4710 1102 4763 dili'erunt
1151 4713 1376 4763 vocibus
1406 4727 1433 4762 a
1467 4711 1682 4763 Nica'na
1718 4726 1762 4765 et

184 4803 804 4869 tionstanttaopotitana
835 4799 958 4852 ﬁdei
990 4799 1246 4852 formula.

249 4897 350 4960 lluj
366 4893 596 4946 usmodi
629 4894 774 4942 varia
806 4888 1078 4959 Symbola,
1125 4905 1244 4957 qua:
1274 4891 1410 4942 lecta
1468 4891 1520 4942 in
1558 4891 1764 4960 synodo

184 4986 405 5038 Μίκκα
439 4999 501 5044 tt,
535 4992 591 5035 et
616 4981 909 5049 approbata
963 4980 1138 5042 fuere,
1173 4983 1280 5049 jam
1321 4983 1760 5034 memoravimus.

183 5076 330 5138 Fidei
352 5073 746 5126 deﬁnitionem
765 5083 953 5124 contra
972 5070 1342 5124 Iconomachos
1365 5074 1604 5126 c0ntiuet
1623 5075 1764 5127 actio

182 5166 452 5234 septima:
484 5163 701 5216 scilicet
730 5161 1037 5231 Symbolum
1071 5160 1710 5230 Constantinopolitanum
1743 5181 1760 5216 :

182 5258 543 5311 anathemata
578 5262 764 5306 contra
823 5254 1076 5316 hereses,
1110 5252 1391 5311 Arianant.
1434 5253 1763 5305 Macedonia-

185 5365 330 5410 ηαδ,
356 5345 762 5407 Nestorianam,
787 5343 1195 5414 Eutychianam,
1217 5343 1761 5397 etMonotheliticam:

183 5454 241 5489 Ic
279 5439 512 5489 demum
559 5434 910 5502 Appendicern
939 5443 1129 5485 contra
1180 5431 1568 5485 Iconomachos
1603 5451 1613 5483 :
1660 5431 1762 5484 Eos

185 5545 328 5596 ergo,
367 5528 632 5589 inquiunt
657 5526 870 5588 Patres,
904 5526 994 5590 qui
1013 5524 1209 5576 audent
1255 5525 1410 5575 aliter
1439 5537 1642 5585 sapere,
1675 5532 1762 5573 aut

184 5623 390 5677 docere.
410 5628 504 5670 aut
529 5618 818 5670 secundum
839 5617 1082 5669 scelestos
1102 5617 1368 5669 ha'reticos
1390 5613 1763 5668 ecclesiasticas

189 5712 503 5762 traditiones
532 5724 800 5775 spernere,
837 5715 885 5760 et
916 5709 1200 5761 nouitatem
1246 5707 1532 5775 quamlibet
1563 5707 1762 5773 excogi-

190 5812 327 5867 tare,
361 5803 449 5856 eel
482 5803 744 5871 projicere
774 5801 976 5871 aliquid
1013 5815 1078 5853 ea:
1111 5802 1187 5852 his
1217 5816 1331 5867 (μαῖ’
1357 5813 1476 5852 sunt
1516 5799 1760 5850 Ecclesia:

525 5898 795 5955 Parnm.
837 5901 950 5955 (in.
1000 5895 1244 5954 CXLll.

1862 3255 1969 3308 que
1991 3240 2120 3293 editi
2152 3240 2405 3308 Symboli,
2431 3244 2480 3292 in
2516 3245 2851 3296 meumenica
2902 3247 3111 3314 synodo
3133 3244 3420 3314 Ephesina.

1865 3333 2104 3401 lgnotam
2137 3333 2236 3385 sibi
2259 3349 2376 3386 eam
2409 3333 2696 3401 synodum,
2729 3335 3080 3404 ignotumque
3105 3335 3423 3406 Symbolum

1865 3426 2041 3479 testati
2069 3437 2193 3478 sunt
2224 3425 2463 3495 episcopi
2506 3427 2559 3478 in
2583 3426 2966 3492 conciliabula,
2993 3428 3144 3496 quod
3172 3429 3224 3482 in
3258 3443 3423 3483 causa

1863 3517 2178 3587 Eutychetis
2217 3517 2415 3582 Ephesi
2446 3519 2744 3572 celebravit
2775 3518 3088 3573 Dioscorus.
3160 3519 3215 3573 ld
3259 3518 3425 3590 Euty-

1863 3611 2087 3663 chianos
2115 3611 2363 3680 ignorare
2394 3611 2657 3678 potuisse,
2708 3620 2866 3678 negat
2902 3610 3166 3678 Evoptius
3204 3610 3426 3681 (Σμίνθ-

1864 3717 1968 3754 nus
2000 3718 2122 3754 cum
2161 3703 2276 3754 suis
2309 3703 2861 3769 comprovincialibus
2909 3703 3184 3770 episcopis
3223 3704 3275 3756 in
3308 3706 3427 3771 epi-

1865 3795 2022 3854 stola,
2044 3809 2163 3861 qua:
2179 3803 2383 3862 prostat
2405 3795 2456 3846 in
2477 3794 2666 3848 codice
2684 3795 2990 3865 encyclico:
3015 3795 3288 3862 simulque
3311 3811 3425 3847 mo-

1863 3886 1990 3939 dum
2024 3887 2248 3948 indicat,
2278 3902 2384 3954 quo
2407 3889 2647 3956 synodus
2676 3888 2764 3939 illa
2795 3886 3423 3956 Constantinopolitana.

1868 3979 2025 4046 170
2065 3981 2289 4046 ejusque
2330 3979 2634 4048 symbolum
2663 3979 3040 4032 auctoritatem
3089 3978 3428 4033 obtinuerint

1865 4071 1918 4122 in
1957 4070 2221 4122 Ecclesia.
2258 4070 2433 4123 Verba
2489 4081 2618 4123 sunt
2675 4069 2858 4123 :llanc
2903 4072 3247 4138 synodum...
3316 4087 3426 4139 prae

1864 4163 2098 4213 omnibus
2120 4162 2325 4228 quidem
2343 4163 2534 4214 veritas
2552 4161 2883 4226 cariﬁrmavit
2904 4175 2923 4212 :
2947 4161 3246 4228 eademque
3277 4170 3427 4212 tanto

1869 4264 2096 4320 tempore
2123 4257 2278 4305 robur
2310 4256 2526 4318 accepit.
2553 4252 2681 4307 Ulul
2707 4253 2926 4305 demum
2953 4266 3072 4305 sese
3105 4267 3193 4304 res
3211 4253 3424 4304 habent.

1863 4347 2081 4399 Certum
2135 4343 2192 4396 lit
2226 4359 2676 4410 compertumque
2741 4342 3042 4413 Symbolum
3095 4343 3235 4394 idem
3285 4341 3425 4394 Con-

1864 4436 2412 4503 stantinopolitanum,
2436 4435 2650 4486 nonnisi
2688 4443 2804 4502 post
2836 4432 3096 4502 synodum
3126 4432 3424 4485 Chalcedo-

1868 4544 2113 4589 nensem,
2137 4531 2412 4581 communi
2443 4528 2529 4580 Ecl
2551 4528 2811 4580 lesiarum
2849 4541 2949 4579 usu
2993 4534 3269 4592 receptum
3295 4525 3424 4578 luis-

1869 4636 1958 4672 se:
1993 4635 2054 4671 ac
2086 4620 2354 4688 synodum
2391 4620 2578 4677 etiam,
2606 4632 2766 4683 quam
2801 4627 3020 4668 centum
3069 4625 3119 4668 et
3153 4618 3424 4682 quinqua-

1867 4711 2012 4778 ginta
2040 4710 2224 4761 Patres
2259 4710 2310 4760 in
2340 4709 2472 4760 urbe
2519 4707 2684 4774 Regia
2707 4723 2851 4758 anno
2900 4704 2998 4758 581
3038 4705 3420 4765 celebrarunt.

1869 4801 2249 4851 connumerari
2279 4800 2422 4851 inter
2448 4797 2814 4848 (ncumenicas
2845 4795 3042 4864 passim
3088 4800 3344 4862 capissm

1941 4892 2010 4942 Ea
2080 4905 2207 4940 vero
2283 4889 2600 4947 auctoritas,
2660 4900 2723 4939 ac
2780 4887 3084 4939 reverentia
3154 4886 3422 4954 pradicto

1869 4974 2128 5043 Symbolo
2194 4975 2444 5031 accessit.
2485 4984 2542 5025 ut
2605 4973 2853 5028 absolute
2911 4971 3185 5026 Nicanum
3241 4976 3424 5028 vocari

1868 5066 2231 5116 consuevi-rit.
2267 5064 2322 5114 In
2353 5065 2559 5132 synodo
2611 5064 3237 5131 Constantinopolitana,
3303 5079 3424 5131 qua:

1867 5168 2010 5206 anno
2037 5154 2162 5213 556,
2196 5153 2296 5205 sub
2322 5154 2476 5206 Mena
2513 5157 2784 5207 celebrata
2844 5154 2966 5215 fuit,
2998 5163 3178 5207 exstat
3206 5165 3423 5207 actione

1867 5245 1899 5296 5
1958 5245 2213 5313 synodica
2267 5246 2494 5298 alterius
2549 5245 3144 5313 Coustantinopolitani
3201 5247 3420 5298 concilii

1866 5353 2008 5390 anno
2044 5337 2145 5390 518
2186 5337 2446 5390 celebrati
2501 5339 2728 5405 epistola
2782 5336 2846 5387 ad
2895 5335 3159 5390 Joattnem
3191 5339 3420 5402 patriar-

1867 5432 2022 5480 cham
2058 5443 2237 5490 suum,
2289 5428 2377 5481 ubi
2414 5429 2529 5480 inec
2589 5428 2898 5478 habentur:
2935 5443 2952 5473 ι
2991 5425 3234 5478 Tertium
3278 5424 3424 5491 capi-

1868 5523 2038 5573 tulum
2090 5519 2141 5571 iu
2190 5520 2456 5588 petitione
2528 5517 2914 5571 continebatur
2965 5525 3023 5569 ut
3071 5531 3168 5584 pro
3227 5516 3419 5584 majori

1867 5610 2274 5679 Scripturarum
2313 5618 2750 5671 auctoramento,
2803 5619 2987 5662 sancta
3033 5616 3086 5659 et
3113 5621 3305 5674 magna
3333 5621 3422 5673 sy-

1866 5703 2042 5756 nodus
2077 5712 2440 5756 trecentorum
2477 5703 2661 5754 decem
2687 5712 2743 5754 et
2793 5713 2915 5754 octo
2945 5701 3162 5762 Patrum
3196 5713 3424 5764 congreo

1865 5807 2111 5864 gatorum
2143 5799 2196 5849 in
2252 5794 2455 5859 Νίσαια,
2499 5796 2588 5862 qui
2657 5807 2901 5849 sanctum
2944 5792 3242 5860 Symbolum
3301 5788 3427 5857 fidei

3055 5887 3086 5943 6
