4216 6438
728 448 835 516 2'75

738 564 897 612 l'utrc
932 567 974 609 ct
1012 555 1144 607 Filio
1181 570 1271 604 seu
1325 569 1412 618 per
1450 547 1646 601 Filium
1690 552 1741 599 ιιι
1775 564 1866 601 ore
1899 549 2007 616 jam
2045 565 2158 601 tuo
2202 547 2290 598 illo
2321 555 2367 611 Α
2395 545 2563 614 primo

730 657 867 704 foret
901 651 1122 704 Patrum
1177 649 1494 700 GI'N‘CUI’IIIII
1545 664 1605 699 ac
1663 647 2033 710 Latinorum),
2073 659 2293 697 necesse

731 760 836 794 nou
900 741 1024 798 fuit,
1093 738 1349 790 otunibus
1414 738 1551 790 hanc
1584 738 1942 789 (‘ttltVt‘lllClldl
1990 736 2292 788 molestiam

736 836 1004 892 indicere,
1069 841 1192 882 etc.
1234 869 1244 881 .
1287 869 1335 881 ..
1393 830 1522 882 Nam
1583 828 1627 880 si
1682 829 1937 892 (ili-mum)
1975 827 2293 878 additionetn

731 927 948 993 impiam
982 924 1327 976 existimant:
1354 938 1450 973 cur
1473 923 1647 974 sancti
1682 920 1892 973 Maximi
1934 919 2291 986 temporibus,

732 1029 888 1084 atque
917 1027 1040 1068 ante
1072 1017 1234 1077 hunc,
1268 1016 1477 1081 quando
1497 1013 1798 1083 Symbolum
1825 1013 1898 1062 ita
1929 1013 2097 1064 omnis
2148 1009 2293 1063 Occi-

727 1109 956 1160 dentalis
991 1106 1218 1158 Ecclesia
1257 1104 1413 1173 175
1452 1103 1674 1172 legebat,
1731 1101 1928 1156 Oriens
1978 1111 2119 1154 totus
2159 1103 2295 1152 hanc

732 1199 1063 1265 impietatem
1114 1213 1221 1249 non
1255 1197 1552 1263 redarguit,
1598 1209 1776 1262 neque
1818 1194 1885 1246 ab
1919 1193 2159 1247 Ecclesia
2190 1192 2293 1244 llo-

731 1304 887 1340 maua
917 1290 1165 1341 abcissus
1189 1302 1266 1340 eat
1297 1288 1316 1337 ?
1345 1287 1412 1338 At
1442 1287 1491 1337 id
1532 1285 1748 1352 quidem
1778 1285 1850 1338 illi
1885 1299 1991 1336 non
2025 1283 2290 1343 fecerunt.

733 1379 848 1430 lino
884 1391 1066 1430 coacta
1129 1388 1273 1430 sexta
1309 1389 1362 1430 et
1410 1378 1632 1444 septima
1678 1373 1906 1444 synodo,
1935 1373 2292 1441 adjectionem

736 1471 872 1521 itane
900 1480 953 1519 ut
996 1471 1138 1534 piant
1164 1468 1370 1535 liquido
1405 1466 1936 1534 comprobaverunt:
1969 1479 2143 1532 neque
2166 1465 2292 1530 quia

729 1562 1040 1611 \oeatinnu
1086 1569 1234 1620 sunt,
1269 1560 1505 1626 Graviter
1561 1560 1823 1611 tulerunt.
1882 1576 1897 1605 ι
1950 1557 2094 1610 Bona
2138 1557 2292 1609 mista

727 1650 882 1700 malis
918 1650 1134 1714 (iubens
1158 1639 1373 1713 lateor),
1410 1650 1662 1716 propinat
1690 1648 1936 1701 Calecas.

812 1742 864 1793 ltt
907 1741 1048 1792 Lanc
1096 1739 1381 1791 auditionis
1415 1740 1727 1791 chronicam
1775 1748 1955 1790 nolam
1988 1738 2293 1789 consentite

740 1833 949 1884 \idetur
978 1831 1215 1883 Joannes
1247 1830 1470 1890 licecus,
1493 1830 1735 1882 oratione
1763 1828 1796 1879 2
1845 1828 1910 1880 de
1963 1829 2160 1897 injusta
2207 1827 2286 1880 sui

1676 439 1994 498 GEORGII
2043 436 2289 494 (li'l’l‘ill
2339 435 2451 493 Cl'.
2487 433 2990 491 ΡΛἹῚΗᾹΗΕΙῙῈ

3864 428 3957 484 l'lb

2657 545 2863 612 quidem
2947 542 3287 594 consonantia
3355 539 3661 591 Latinorum
3739 537 3958 590 Patrum

2401 639 2696 690 testimonia
2726 635 3058 703 protulerunt
3091 632 3364 701 (Romani,
3392 647 3529 699 quos
3559 631 3743 684 Roma
3769 647 3962 682 consu-

2402 729 2549 781 lebat
2587 726 2888 790 Maximi-.5).
2920 735 3172 795 pra'terea
3206 725 3365 776 etiam
3405 723 3588 791 Cyrilli
3619 723 3961 775 Alexandrini

2399 820 2792 887 (testimonium
2845 817 3235 886 proferebant).
3298 815 3420 866 ll.t-c
3469 815 3749 876 evincunt,
3797 815 3954 880 juxta

2399 911 2615 963 Maximi
2652 920 2908 972 mentem,
2935 918 2987 961 et
3014 907 3393 959 auctoritatem
3425 906 3475 957 in
3505 921 3595 957 ore
3630 905 3957 972 scriptisque

2399 1003 2717 1055 Latinorum
2778 1003 2993 1054 Patrum
3037 999 3274 1067 Spiritus
3306 997 3479 1049 sancti
3539 996 3947 1064 processioncut

2396 1094 2578 1147 efferri
2609 1110 2672 1146 ea:
2709 1092 2874 1146 Patre
2907 1089 3165 1159 Filioque,
3209 1105 3270 1143 ac
3300 1089 3464 1142 etiam
3503 1086 3720 1140 (ΖΙ-τερος
3770 1086 3955 1140 Patres

2398 1187 2711 1240 consentire
2741 1204 2752 1237 :
2789 1185 3010 1237 minime
3038 1193 3216 1234 tanien
3269 1183 3320 1233 in
3352 1179 3596 1249 Symbolo
3657 1181 3957 1231 (fonstantir

2400 1277 2710 1344 nopolitano
2756 1275 3018 1342 adjectam
3050 1274 3150 1342 legi
3177 1273 3492 1341 particulam
3529 1269 3788 1338 Filioque.
3825 1271 3955 1322 Item

2397 1368 2743 1420 verissimam
2817 1364 3082 1417 Maximus
3157 1363 3449 1416 referebat.
3504 1360 3685 1414 Sancti
3759 1359 3953 1412 Leonis

2394 1459 2568 1527 Magni
2609 1468 2812 1511 textum
2845 1456 3097 1525 superius
3118 1456 3504 1523 descripsimus
3530 1469 3594 1505 ex
3623 1452 3860 1519 Epistula
3890 1452 3953 1501 ait

2395 1550 2708 1602 Turribium
2745 1549 3150 1602 Asturicensem
3185 1564 3329 1599 anno
3355 1547 3458 1600 M7
3484 1545 3605 1597 data
3659 1561 3669 1594 :
3727 1542 3956 1610 Spiritus

2392 1655 2626 1705 sanctus,
2648 1643 2962 1710 inquientis,
2986 1643 3073 1710 qui
3097 1643 3156 1693 de
3179 1651 3398 1708 utroque
3416 1640 3679 1707 processit.
3703 1635 3951 1689 Cotlsmtu

2397 1736 2561 1787 verba
2591 1734 2643 1786 iit
2678 1749 2773 1787 sua
2803 1731 2999 1802 Regula
3023 1731 3147 1796 ﬁdei
3173 1733 3363 1783 eodem
3421 1746 3566 1782 anno
3599 1729 3954 1780 inseruerunt

2399 1826 2620 1894 Hispani
2649 1826 2931 1894 episcopi:
2964 1823 3066 1876 Sed
3091 1841 3120 1876 a
3157 1821 3337 1881 Patre,
3360 1821 3678 1888 inquietttis.
3711 1816 3953 1884 Filioque

726 1922 1091 1989 depositione,
1157 1936 1306 1973 num.
1365 1925 1442 1974 t5:
1499 1920 1666 1974 Veluti
1713 1921 1962 1991 primum,
2014 1919 2290 1986 inquiens,
2325 1912 2365 1965 Β
2397 1915 2698 1988 procedens.
2755 1917 2913 1967 Anno
2958 1913 3082 1975 511,
3115 1913 3181 1965 ad
3214 1913 3486 1966 Justtuum
3532 1909 3811 1962 Setnorem
3843 1910 3956 1958 Au-

731 2013 1167 2065 rontradictionis
1193 2012 1507 2080 principium
1543 2011 1605 2062 de
1636 2011 1900 2062 additione
1931 2017 2086 2062 astate
2115 2009 2284 2060 sancti

739 2106 965 2158 .L’uaitni
991 2107 1326 2174 oﬂ'cndimus.
1353 2104 1644 2157 Annalium
1680 2118 1875 2170 parens
1907 2101 2195 2164 Baronius,
2219 2100 2282 2153 ad

727 2214 855 2249 anu.
909 2198 1032 2260 680,
1067 2213 1219 2250 num.
1249 2197 1339 2258 32,
1365 2196 1441 2248 sic
1473 2196 1583 2247 ait:
1616 2212 1634 2245 t
1675 2193 1732 2246 ln
1769 2209 1830 2246 ea
1867 2209 1985 2260 quae
2033 2208 2062 2245 a
2099 2200 2283 2245 sancta

728 2289 948 2358 Synodo
972 2288 1236 2357 (Romana
1281 2287 1382 2340 sub
1411 2286 1691 2355 Agathone
1743 2300 1880 2354 papa
1911 2286 1926 2351 )
1956 2286 2009 2336 in
2042 2284 2282 2354 synodali

728 2381 960 2447 cpistola
1009 2380 1289 2441 scribitur,
1345 2377 1625 2432 catholicae
1653 2376 1775 2428 ﬁde.
1817 2377 2029 2429 sincera
2067 2375 2282 2428 confes-

725 2476 877 2526 sione
902 2475 1043 2541 (quze
1073 2472 1271 2541 legitur
1292 2472 1508 2524 actione
1531 2469 1562 2523 6
1585 2469 1788 2540 Synodi
1813 2484 1863 2521 vr
1887 2470 2281 2538 tecumenicae),

725 2567 899 2637 stylus
928 2565 1231 2619 scribarum
1264 2564 1495 2617 mendax
1537 2571 1799 2631 operatus
1832 2572 1916 2615 est
1966 2561 2278 2616 falsitatem.

729 2660 864 2712 Dum
899 2659 1044 2712 enim
1085 2658 1157 2710 ibi
1183 2658 1459 2726 legeretur
1488 2673 1502 2708 :
1531 2654 1804 2710 Credimus
1829 2662 1876 2706 et
1937 2655 1990 2706 in
2021 2651 2283 2722 Spiritum

719 2758 964 2802 sanctum
989 2748 1293 2810 Dominum,
1326 2757 1373 2799 et
1402 2746 1797 2812 vivi/icatorem,
1835 2760 1897 2796 ea:
1923 2742 2084 2797 Putre
2118 2743 2284 2797 Filio-

720 2858 817 2908 que
849 2841 1254 2909 procedentem;
1282 2839 1479 2891 abraso
1507 2838 1746 2898 nomine,
1782 2835 2044 2904 Filioque,
2070 2851 2099 2888 a
2123 2834 2283 2891 Patre

723 2933 1108 3000 procedentem
1137 2940 1371 2992 tantum,
1426 2930 1675 2982 relictum
1720 2939 1824 2980 est.
1885 2928 2105 2980 Detecta
2179 2927 2284 2981 fuit.

719 3021 1655 3091 ejusmodiimposutraGrtecorutn,
1687 3018 1742 3071 itt
1786 3017 2005 3071 concilio
2052 3015 2281 3072 Floren-

721 3118 827 3166 tino
862 3131 891 3169 a
919 3113 1137 3168 Juliano
1162 3112 1216 3166 S.
1265 3114 1328 3167 ιι.
1365 3112 1426 3165 Ε.
1458 3111 1722 3164 eardiuali
1780 3110 1834 3164 in
1887 3111 2279 3178 disputatione,

719 3221 881 3273 quam
914 3205 1324 3258 habuitcontra
1349 3201 1588 3256 Graecos.
1620 3222 1637 3253 ι

795 3298 1061 3364 Deceptus
1117 3296 1232 3349 [NEC
1267 3301 1452 3347 narrat
1474 3293 1762 3347 Baronius.
1791 3293 1851 3346 In
1882 3292 2090 3362 synodo
2151 3291 2275 3346 Flo-

723 3391 934 3439 rentina
971 3387 1220 3439 sessione
1244 3386 1295 3446 5,
1323 3396 1444 3453 post
1466 3386 1599 3438 alias
1628 3385 1953 3439 constitutas
1981 3399 2097 3438 aevo
2118 3401 2278 3453 supe-

721 3479 852 3530 riori
879 3478 1207 3543 deﬁnitiones
1235 3479 1377 3541 ﬁdei,
1402 3493 1464 3528 ea
1489 3478 1653 3530 etiam
1696 3477 1951 3542 refertur,
1975 3492 2136 3544 quam
2160 3477 2274 3529 edi-

725 3568 855 3618 dere
890 3565 1076 3618 Patres
1117 3565 1168 3617 itt
1200 3571 1394 3633 synodo
1425 3567 1668 3633 septima,
1699 3581 1788 3617 seu
1813 3564 1944 3617 Nica
1961 3582 2028 3616 nu
2045 3567 2277 3617 secunda

720 3658 1060 3710 ωειιιηεηιεα.
1089 3657 1315 3708 ὶιιΑιιὶδ
1366 3657 1477 3708 lucc
1509 3636 1810 3708 habentur:
1849 3674 1866 3704 ι
1930 3656 1999 3705 Ea
2035 3657 2278 3709 delinitio

723 3766 846 3800 eum
888 3767 916 3799 ιι
959 3749 1118 3799 nobis
1153 3748 1495 3810 recitaretur,
1526 3748 1772 3816 prolatus
1799 3758 1879 3801 est
1917 3749 2056 3802 alter
2108 3750 2276 3803 codex

721 3859 748 3891 a
788 3841 993 3892 Latinis
1048 3841 1302 3905 antiquus
1354 3841 1776 3906 manuscriptus,
1835 3840 1888 3893 in
1945 3857 2053 3908 quo
2089 3842 2276 3895 eadem

723 3934 885 4001 hujus
922 3932 1111 3999 synodi
1140 3931 1389 3982 definitio
1420 3930 1825 3983 continebatur.
1881 3931 2279 4000 Ittveutumque

720 4034 825 4086 ost,
881 4025 970 4074 ubi
1015 4026 1078 4075 de
1130 4023 1365 4089 Spiritus
1415 4022 1589 4074 sancti
1637 4021 1923 4077 divinitate
1959 4023 2161 4091 agitur,
2214 4024 2280 4078 iis

721 4117 902 4168 verbis
929 4130 990 4165 ea:
1021 4111 1588 4180 Patre’procedentem,
1616 4113 1862 4168 additum
1893 4124 1943 4167 et
1973 4131 2034 4167 ea:
2063 4113 2222 4169 Filio.
2254 4135 2272 4167 ι

721 4205 858 4259 Iliuc
908 4215 1052 4258 mota
1094 4204 1309 4257 Gnaeos
1363 4208 1504 4256 inter
1539 4213 1594 4257 e’t
1632 4203 1857 4259 Latinos
1887 4209 2276 4261 controversia.

719 4297 970 4351 Julianus
1023 4295 1085 4348 S.
1134 4296 1198 4346 ιι.
1261 4294 1320 4346 Ε.
1349 4295 1772 4348 cardinalishsec
1798 4299 1861 4348 ad
1893 4298 2278 4366 imperatorem

725 4388 916 4439 habuit
941 4388 1101 4438 verba
1131 4405 1141 4438 :
1179 4405 1194 4435 ι
1227 4385 1582 4438 Seremssitne
1609 4387 1922 4454 imperator,
1952 4391 2219 4456 prolatum
2251 4407 2280 4444 a

721 4479 884 4529 nobis
916 4476 1227 4545 Symbolum
1252 4477 1304 4527 in
1332 4478 1550 4542 septima
1573 4482 1796 4544 synodo,
1825 4482 2088 4546 scriptum
2121 4490 2203 4533 est
2228 4483 2280 4534 ιιι

723 4567 1088 4620 vetustissimo
1119 4565 1341 4617 codice:
1374 4574 1428 4616 et
1461 4560 1796 4633 impossibile
1857 4579 1937 4619 est
1989 4572 2277 4635 suspicari,
2314 4602 2355 4653 υ

719 4662 958 4727 aliquam
999 4659 1051 4709 in
1088 4673 1154 4709 eo
1192 4659 1383 4708 factam
1425 4672 1540 4709 esse
1571 4660 1946 4710 mutationem.
1989 4678 2007 4708 ι
2073 4663 2280 4729 Ageba-

722 4760 809 4799 tur
874 4762 1001 4814 ergo
1039 4747 1105 4798 de
1145 4747 1404 4814 Symbolo
1447 4749 2083 4815 Constantinopolitano,
2129 4751 2275 4817 quod

723 4839 987 4888 insertum
1024 4837 1218 4903 legitur
1245 4836 1546 4889 definitioni
1574 4839 1760 4906 synodi
1790 4841 2022 4902 septima:
2054 4857 2276 4893 aecums-

722 4928 870 4984 nicw,
893 4941 998 4976 non
1019 4934 1197 4977 texite.
1219 4925 1327 4978 Hac
1345 4909 1489 4978 dere
1515 4927 1709 4979 iterum
1735 4933 1910 4993 capite
1941 4931 2271 4998 insequenti.

720 5015 1010 5066 .ttlditiotte
1044 5031 1205 5082 porro
1241 5015 1327 5067 illa
1349 5025 1496 5067 caret
1517 5033 1568 5069 ιιι
1594 5019 1952 5072 conciliorum
1980 5017 2274 5074 Collectio-

721 5107 885 5160 nibus
918 5106 1164 5159 deﬁnitio
1217 5119 1382 5161 sexta:
1432 5113 1641 5178 synodi.

789 5199 1021 5250 Auctum
1080 5213 1210 5251 voce
1272 5200 1380 5260 illa.
1444 5203 1616 5255 sancti
1674 5204 1888 5257 Maximi
1939 5206 2270 5262 confessoris

716 5298 895 5352 astate,
927 5287 1227 5356 Symbolum
1277 5288 1945 5362 Constantinopolitanum,
2000 5313 2108 5350 non
2176 5313 2274 5366 ego

719 5380 1055 5434 admiserim.
1097 5381 1170 5431 lix
1231 5383 1347 5449 ejus
1399 5386 1628 5452 epistola
1693 5386 1759 5439 ad
1793 5386 2060 5439 Marinum
2103 5387 2268 5457 Cypri

721 5471 1094 5538 presbyterum
1169 5473 1355 5539 utique
1411 5487 1644 5533 constat.
1717 5477 2096 5532 Monothelitas
2133 5480 2276 5532 Con-

720 5560 1230 5627 stantiuopolitauos
1252 5562 1305 5612 in
1330 5577 1394 5615 eo
1425 5566 1589 5616 etiam
1626 5565 1932 5618 Romanum
1961 5571 2272 5633 pontificem

721 5653 1168 5722 reprehendisse:
1203 5657 1339 5722 quod
1374 5657 1531 5726 176
1582 5661 1794 5719 dixerit,
1835 5661 2093 5728 Spiritum
2149 5680 2274 5716 san-

718 5754 853 5796 ctum
899 5746 1053 5797 etiam
1114 5760 1174 5796 ex
1237 5745 1375 5797 (“ilio
1420 5751 1710 5814 procedere.
1769 5752 1923 5814 Quod
1981 5753 2275 5819 impactum

718 5837 921 5893 crimen
979 5837 1093 5905 ipse
1160 5836 1418 5892 Maximus
1475 5840 1558 5898 his
1617 5841 1877 5894 amolitur
1938 5845 2149 5900 verbis:
2211 5845 2276 5898 Et

2387 2020 2600 2079 gustum
2632 2007 2924 2071 scripserat
2966 2006 3294 2063 llorniisdas.
3317 2005 3454 2073 Papa
3491 2000 3954 2066 decretalemopi-

2385 2102 2740 2169 stolam,qua2
2783 2100 2834 2153 in
2885 2097 3310 2154 Collectionibus
3349 2097 3701 2150 comiliorum
3765 2110 3952 2146 numc~

2388 2206 2537 2248 ratur
2573 2193 2660 2255 79,
2696 2193 2750 2245 in
2799 2209 2971 2260 eaque
3031 2194 3143 2246 haec
3203 2191 3493 2251 habentur,
3529 2207 3649 2258 quae
3690 2207 3716 2240 ιι
3758 2189 3949 2241 Grzeco

2385 2287 2733 2354 imperatore,
2760 2285 3067 2353 Graecisque
3090 2285 3209 2345 aliis
3240 2284 3460 2336 minime
3485 2287 3807 2350 reprehensa
3831 2283 3950 2331 fuc-

2388 2392 2539 2435 runt:
2562 2381 2840 2450 Proprium
2865 2381 3093 2447 Spiritus
3113 2381 3280 2431 sancti
3297 2391 3392 2443 est,
3416 2387 3467 2428 ut
3485 2379 3544 2429 de
3566 2376 3786 2430 Pati-(ct
3807 2374 3949 2426 Filio

2387 2472 2681 2539 procederet
2698 2471 2790 2524 sub
2811 2486 2914 2524 una
2934 2472 3225 2524 substantia
3247 2470 3482 2523 Dettatis.
3505 2469 3560 2522 ltt
3586 2470 3706 2521 fidei
3731 2483 3948 2537 quoque

2386 2562 2746 2630 professione,
2781 2580 2941 2633 quam
2977 2577 3199 2618 sanctus
3218 2564 3514 2632 Gregorius
3549 2563 3772 2633 Magnus
3802 2577 3949 2614 anno

2386 2655 2509 2719 590,
2533 2657 2588 2708 in
2640 2657 2870 2710 solemni
2900 2673 3011 2711 sua:
3049 2658 3489 2725 inaugurationis
3526 2659 3628 2709 ritu
3665 2659 3943 2716 emiserat,

2386 2749 2500 2802 haec
2518 2750 2787 2803 habentur
2813 2752 2953 2820 apud
2975 2751 3237 2806 Joannem
3260 2752 3552 2806 Diaeonum
3587 2754 3640 2805 iu
3669 2753 3786 2820 ejus
3807 2749 3948 2806 Vita;

2386 2839 2643 2908 Spiritum
2669 2858 2788 2895 vero
2813 2855 3181 2907 sanctum,nec
3207 2846 3438 2914 genitum
3464 2886 3475 2906 ,
3507 2860 3605 2896 nec
3635 2845 3948 2913 ingenitum,

2383 2934 2472 2985 sed
2515 2944 2852 2998 coa’ternum,
2917 2936 2982 2988 de
3036 2937 3192 2989 Patre
3238 2947 3285 2988 et
3341 2935 3477 2988 Filio
3549 2943 3943 3005 procedentem.

2456 3025 2735 3096 Synodum
2797 3042 3131 3082 convocasse
3229 3027 3528 3080 Romanum
3599 3028 3944 3089 l’ontiticern,

2387 3118 2597 3172 invehit
2630 3118 2887 3173 Calecas:
2936 3122 2989 3172 in
3029 3134 3200 3188 eaque
3259 3120 3455 3175 factam
3492 3123 3812 3174 additionem
3871 3127 3945 3175 ml

2387 3208 2692 3277 Symbolum
2709 3208 3376 3278 ConstantinOpo/itanunt,
3406 3228 3458 3263 re
3469 3212 3591 3264 fert.
3620 3212 3760 3265 Loco
3777 3214 3948 3266 citato

2386 3316 2451 3353 ex
2487 3302 2603 3370 ejus
2635 3301 2773 3353 libro
2801 3317 2849 3354 tv
2873 3301 3073 3354 Contra
3103 3301 3308 3355 Crrecos
3339 3303 3476 3355 hanc
3515 3306 3755 3357 nominat
3784 3321 3951 3374 syno-

2386 3392 2537 3452 dum,
2571 3393 2852 3461 inquiens:
2887 3392 3220 3463 Quapropter
3253 3393 3636 3464 Damasus,qui
3687 3407 3807 3449 tunc
3835 3408 3950 3450 erat

2386 3482 2649 3535 Romanus
2681 3484 2968 3552 cpiscopus,
3001 3494 3176 3536 coacto
3200 3485 3441 3548 concilio,
3472 3485 3715 3555 Syntbolo
3730 3488 3948 3554 adjecit,

2387 3589 2448 3626 ex
2479 3572 2607 3625 Filio
2636 3575 2909 3637 procedere
2942 3573 3194 3642 Spiritum
3247 3587 3509 3629 sanctunt.
3566 3578 3949 3633 Ecclesiastica

2389 3679 2693 3734 repugnant
2721 3671 3048 3721 documenta
3107 3679 3280 3733 certa,
3315 3685 3434 3738 qua:
3459 3673 3634 3738 capite
3663 3677 3946 3728 suoeriore

2386 3757 2743 3826 expendimus
2789 3776 2940 3812 num.
2970 3763 3021 3812 i.

2897 3875 3050 3943 177
3085 3876 3303 3930 CAPUT
3342 3877 3428 3930 tv.

2395 3981 2779 4052 Hispaniarum
2827 3986 3075 4038 Ecclesia!
3112 3999 3255 4039 sea‘to
3299 3992 3491 4042 sa'culo
3527 3995 3948 4050 additamentum

2459 4059 2527 4133 ad
2576 4055 2878 4123 Symbolum
2933 4055 3572 4133 Constantinopolitununt
3629 4068 3878 4132 recipiunt
3927 4083 3948 4122 :

2459 4131 2732 4190 ipsumque
2763 4141 2949 4176 canere
2979 4138 3242 4192 caperunt
3281 4134 3415 4179 inter
3448 4131 3948 4187 .llissaruntsotem-

2460 4195 2570 4244 nia.
2619 4193 2678 4244 Id
2715 4197 2874 4245 etiam
2917 4211 2974 4245 sa
2992 4195 3108 4249 culo
3154 4208 3335 4247 octnvo
3375 4200 3437 4248 ab
3473 4201 3718 4254 Et-clcsits
3771 4205 3948 4258 Colli-

2461 4265 2607 4315 canis
2642 4263 2838 4328 factum
2870 4280 2885 4314 :
2917 4279 3074 4314 causa
3107 4273 3153 4314 et
3184 4269 3385 4317 occasio
3418 4273 3716 4332 ea'ltibetur,
3764 4277 3941 4327 rivuli-

2461 4334 2666 4408 citeque
2693 4333 2993 4408 afferuntur
3033 4333 3256 4408 Paulini
3284 4337 3656 4408 Aquileiensis.
3692 4344 3945 4408 Deﬁnitio

2460 4402 2666 4452 concilii
2708 4402 2908 4454 Νέωνιιί
2939 4419 2973 4454 ιι
3006 4405 3307 4455 ωσιιιιιειιὶσί
3348 4412 3655 4471 expcnditur
3685 4427 3701 4462 .'
3738 4402 3798 4464 ac
3837 4413 3949 4464 Ba-

2462 4472 2598 4521 ronii
2639 4483 2841 4522 asserta
2872 4477 3114 4536 quaedam
3159 4474 3493 4540 refelluntur.
3529 4479 3603 4528 ,ριυ
3631 4489 3808 4531 eodem
3837 4485 3952 4532 Ad-

2463 4542 2751 4590 ditamento
2796 4540 3029 4592 alienant
3069 4557 3122 4593 se
3159 4545 3350 4608 prwbet
3393 4546 3623 4598 [τί-τιθείη
3657 4548 3894 4602 Romana
3931 4570 3946 4604 :

2456 4608 2768 4660 collationis
2797 4618 2915 4660 acta
2950 4626 3064 4661 cum
3100 4609 3269 4662 Leone
3307 4612 3392 4664 ΙΙΙ
3427 4616 3784 4668 illustrantur.
3822 4620 3939 4672 lino

2447 4693 2610 4744 neque
2655 4679 2960 4746 Symbolum
3017 4681 3116 4730 hac
3167 4691 3322 4732 a'tate
3376 4687 3427 4733 ιιι
3477 4687 3656 4737 eadem
3699 4686 3940 4742 Romanu

2448 4748 2679 4798 Ecclesia
2718 4758 2808 4798 aut
2840 4749 3146 4809 cauebatur,
3178 4761 3267 4800 aut
3295 4750 3563 4819 legebatur
3594 4760 3645 4806 in
3671 4757 3940 4824 Ltturyin.

2463 4857 2503 4908 l.
2548 4855 2914 4908 Particulares
2951 4853 3205 4908 Ecclesia:
3255 4859 3430 4920 fuere,
3473 4875 3593 4927 quae
3629 4861 3682 4913 in
3715 4865 3950 4930 synodis

2379 4948 2494 4999 suis
2520 4961 2616 5014 pro
2649 4953 2954 5013 temporum
2989 4948 3421 5001 circumstantiis
3446 4951 3736 5004 adversum
3763 4955 3949 5007 haere—

2380 5052 2467 5089 ses
2523 5037 2888 5104 particulam,
2942 5035 3228 5105 Filioque,
3286 5039 3619 5093 addiderunt
3681 5044 3948 5113 Symnolo

2378 5123 2991 5192 ConstantinOpolitano
3026 5145 3037 5178 :
3075 5129 3222 5195 quod
3278 5130 3444 5180 etiam
3477 5145 3645 5183 sacra:
3680 5132 3948 5204 Liturgtae

2380 5223 2588 5280 partem
2637 5213 2840 5265 iecere.
2877 5213 3054 5265 Prima
3097 5216 3249 5266 adest
3282 5215 3523 5282 synodus
3569 5215 3817 5270 Toletuna
3855 5237 3944 5286 ιιι,

2378 5319 2522 5356 anno
2553 5305 2656 5359 589
2690 5306 2964 5358 celebrata
3004 5327 3015 5358 :
3051 5308 3100 5358 in
3134 5323 3237 5374 qua
3275 5307 3463 5370 Gothi,
3506 5310 3720 5363 Ariona
3765 5315 3948 5364 lucre-

2377 5408 2488 5447 seos
2508 5397 2732 5462 perﬁdia
2756 5397 3029 5463 abjurata,
3048 5399 3393 5450 orthodoxam
3413 5398 3569 5466 ﬁdem
3596 5402 3948 5468 proﬁtentur.

2382 5487 2726 5540 lieccaredus
2757 5504 2849 5540 rex
2887 5489 2997 5542 lato
3029 5504 3285 5541 sermone
3311 5491 3573 5558 synodum
3598 5494 3797 5560 aperit.
3830 5495 3952 5549 Do-

2380 5587 2558 5642 gutata
2595 5576 2721 5628 fidei
2765 5578 3074 5644 profitetur,
3114 5594 3178 5630 ac
3212 5579 3357 5629 inter
3383 5580 3486 5630 alia
3519 5578 3776 5648 Spiritum
3805 5600 3908 5638 san
3931 5615 3953 5628 -

2379 5677 2519 5718 ctum
2551 5683 2582 5718 α
2633 5667 2794 5719 Patre
2826 5677 2874 5718 et
2907 5666 3050 5719 Filio
3074 5670 3380 5732 procedere,
3424 5680 3473 5721 et
3522 5687 3640 5722 cum
3673 5673 3836 5727 Patre
3889 5690 3953 5731 el

2379 5757 2522 5810 Filio
2556 5761 2710 5812 unius
2746 5776 2853 5812 esse
2893 5761 3222 5813 substantias.
3272 5762 3486 5816 Nicaeus
3534 5765 3774 5834 Syuiboli
3822 5773 3955 5822 for-

2383 5849 2525 5901 mula
2573 5851 2852 5903 recitatur.
2888 5851 3121 5904 Additur
3151 5849 3453 5920 Symbolum
3500 5858 3959 5923 Constantium-eu-
