4216 6438
231 409 330 467 177

1365 415 1556 474 HTd.
1603 439 1671 452 ·-
1714 414 2212 474 ΒΙδδΕΒΤᾹΤΙΟ
2258 413 2330 472 Η.

3366 404 3465 466 173

225 519 488 585 tironum,
523 523 578 578 in
616 539 725 593 quo
751 525 970 581 additio
1002 527 1142 580 facta
1173 527 1372 596 legitur
1404 545 1415 580 :
1451 527 1726 581 Credimus
1759 535 1807 579 et
1842 541 1882 592 Α
1916 538 2003 579 tur
2043 542 2192 578 nmn.
2230 527 2298 578 ‘36
2324 567 2336 587 ,
2373 525 2534 578 verba
2579 535 2706 578 sunt
2737 539 2750 579 ε
2793 545 2808 577 ι
2847 524 3056 578 Dircxit
3103 523 3261 579 nobis
3293 525 3478 576 excel-

223 612 276 660 iu
315 609 582 679 Spiritum
626 625 871 670 sanctum
909 617 1190 671 Dominum
1224 627 1271 670 et
1303 616 1711 681 sici/icatorem,
1739 633 1801 669 es

227 703 394 757 Patre
422 717 474 758 et
506 706 644 760 Filio
675 711 1062 777 procedentem,
1093 727 1210 762 cum
1246 710 1406 764 Patre.
1435 718 1483 762 et
1511 709 1653 761 Filio
1677 713 1804 762 ado-

224 801 488 856 randum,
519 812 568 852 et
598 802 1026 870 gloriﬁcandum,
1063 803 1153 871 qui
1197 803 1398 856 locutus
1436 811 1512 855 est
1551 819 1642 871 per
1683 820 1804 869 pro-

225 891 438 954 phetas.
493 891 717 946 Canone
763 894 819 952 3.
861 895 1144 946 anathema
1219 895 1459 952 dicitur,
1503 896 1796 960 quicunque

224 979 488 1034 Sitlritum
519 1001 762 1036 sanemm
800 1001 903 1036 non
937 986 1142 1046 credit,
1189 992 1282 1036 aut
1315 1001 1416 1036 non
1450 986 1733 1036 crediderit
1773 1001 1802 1035 a

232 1071 394 1122 Putre
441 1087 490 1123 et
541 1072 679 1125 Filio
712 1077 990 1139 procedere
1015 1117 1029 1138 ,
1056 1092 1276 1142 eumque
1324 1092 1428 1127 non
1467 1077 1679 1134 dixerit,
1717 1093 1803 1126 co-

226 1177 488 1215 aternum
520 1181 632 1217 esse
661 1165 873 1218 Patriet
905 1164 1062 1225 Filio,
1093 1177 1140 1218 et
1172 1167 1513 1235 cna-qualem.
1554 1164 1674 1218 Η.ιό
1707 1181 1805 1217 nos

225 1254 428 1305 ducent
471 1256 729 1320 Arianos,
774 1257 865 1324 qui
899 1258 1031 1325 jugo
1081 1272 1182 1310 suo
1223 1255 1510 1326 Hispanias
1547 1256 1841 1334 subdidc-q

228 1355 364 1395 rant.
408 1348 574 1408 impia
610 1356 954 1410 commenta,
1008 1364 1129 1414 qua:
1176 1357 1366 1401 contra
1399 1347 1802 1400 sanctissimam

227 1437 568 1489 Trinitatem
610 1438 925 1491 didicerant
955 1439 1008 1493 in
1043 1439 1294 1501 Oriente,
1326 1438 1457 1493 illuc
1495 1440 1806 1492 transtulis-

227 1545 303 1580 se.
351 1527 637 1595 ﬁd.mqne
675 1530 999 1582 catholicam
1056 1529 1305 1597 pluribus
1371 1529 1601 1582 invectis
1645 1545 1803 1582 erro-

228 1622 386 1671 riims
437 1620 826 1676 labelzictasse.
880 1623 1288 1676 l‘roccssionem
1349 1621 1588 1691 Spiritus
1629 1623 1802 1676 sancti

227 1728 288 1760 rr
321 1715 436 1764 solo
479 1712 644 1764 Patre
679 1715 1082 1781 proﬁtebantur
1113 1715 1191 1767 illi
1246 1734 1259 1767 :
1296 1714 1441 1783 quod
1488 1715 1806 1768 habuerunt

227 1803 460 1868 llnpani
501 1803 691 1859 Patres
727 1822 827 1875 pro
864 1808 1032 1875 impio
1066 1809 1341 1875 doxmate.

295 1894 563 1963 Cupiuth
608 1912 641 1949 ιι
695 1899 805 1951 lucc
834 1899 1134 1953 constituta
1167 1899 1427 1967 leguntur

226 1999 484 2039 verentia
513 1989 878 2042 sanctissimae
927 1991 1073 2056 ﬁdei,
1100 2001 1154 2046 et
1181 2002 1406 2062 propter
1438 1995 1807 2046 corroboran-

225 2079 326 2128 das
361 2079 658 2131 hominum
692 2081 956 2134 invalidas
1000 2091 1232 2147 mentes,
1268 2084 1525 2137 consultu
1565 2085 1804 2152 piissimi

225 2177 279 2218 et
331 2168 728 2234 gloriosissimi
780 2169 994 2222 Domini
1052 2173 1224 2226 nostri
1277 2172 1578 2226 Reccaredi
1627 2174 1805 2240 regis,

226 2271 414 2310 sancta
451 2261 748 2312 constituit
783 2263 1023 2331 synodus
1050 2302 1064 2322 .
1093 2272 1150 2316 ut
1177 2279 1273 2329 per
1302 2279 1501 2317 omnes
1536 2264 1808 2318 Ecclesias

229 2350 514 2416 hispania:
540 2393 552 2413 ,
590 2356 675 2405 vel
714 2353 967 2405 Gallacia:
1021 2355 1112 2418 (al.
1151 2355 1338 2408 Galliae
1363 2397 1377 2418 ,
1421 2356 1634 2409 scilicet
1668 2356 1807 2410 Nar-

227 2444 546 2509 bonensis),
603 2446 889 2498 secundum
943 2447 1170 2514 formam
1223 2446 1572 2500 Orientalium
1631 2447 1809 2502 Eccle-

224 2540 460 2594 siannn.
493 2537 718 2590 concilii
746 2536 1369 2606 Constantinopolitani,
1401 2543 1507 2594 hoc
1537 2541 1698 2611 178
1724 2552 1810 2595 est

229 2633 332 2684 130
379 2633 781 2699 episcoporum
838 2630 1143 2701 Symbolum
1189 2632 1315 2699 fidei
1368 2634 1632 2688 recitetur
1683 2651 1696 2686 :
1751 2645 1808 2689 ut

231 2740 563 2792 pnusquam
613 2724 895 2778 Dominica
931 2727 1146 2778 dicatur
1182 2729 1380 2789 oratio,
1418 2743 1548 2781 voce
1577 2728 1742 2792 clara,
1777 2743 1805 2782 a

233 2819 440 2882 populo
485 2817 815 2868 decantetnr
840 2834 854 2878 ;
880 2833 990 2884 quo
1021 2827 1075 2869 et
1125 2818 1259 2871 ﬁdes
1295 2835 1418 2871 \era
1458 2821 1806 2874 manilestum

235 2908 624 2959 testimonium
676 2908 893 2960 habeat.
943 2927 960 2958 ι
998 2908 1316 2979 Symbolum
1366 2911 1609 2984 iti‘cllige
1643 2911 1808 2978 parti-

231 3003 349 3050 cola
395 2997 652 3065 Filioque
709 3000 1026 3054 adauctum.
1078 2999 1226 3056 llauc
1286 3001 1624 3054 additionem
1675 3003 1809 3056 reti-

230 3107 427 3152 norre,
467 3107 531 3143 ac
569 3102 943 3159 propagarunt
981 3091 1285 3160 llispanica:
1318 3093 1637 3161 sequiorum
1670 3104 1806 3146 teru-

230 3201 427 3251 porum
468 3185 691 3252 synoli.
736 3184 986 3237 Toletaua
1034 3185 1159 3238 VIII
1210 3201 1355 3238 anno
1405 3187 1540 3248 653;
1596 3187 1806 3239 Εηιινί⁶
1836 3216 1877 3270 c

229 3277 393 3326 tensis
423 3289 574 3325 anno
612 3273 747 3334 €65;
780 3273 1120 3327 Bracarensis
1161 3291 1244 3336 ιιι,
1294 3291 1438 3327 anno
1472 3275 1612 3339 675;
1656 3273 1803 3327 Tole-

229 3377 358 3416 tana
397 3380 502 3427 ιιι,
537 3348 683 3417 anno
715 3364 847 3426 GSI;
887 3381 1004 3422 xm,
1034 3383 1176 3418 anno
1205 3368 1342 3428 685;
1377 3381 1466 3429 xv,
1497 3383 1642 3420 anno
1674 3368 1806 3429 688;

228 3470 282 3508 et
319 3473 451 3514 sui.
495 3471 646 3508 anno
688 3455 812 3508 694.
854 3457 1056 3509 Ρτειτιει·
1085 3456 1385 3526 Symbolum
1434 3457 1812 3512 Constantino-

230 3551 540 3614 politanum
597 3549 713 3599 alie
751 3559 1002 3614 prostant
1043 3551 1401 3616 prolixiores.
1456 3550 1629 3602 instar
1661 3549 1812 3618 Sym-

231 3646 332 3693 b‘Jll
363 3644 648 3698 formulae.
686 3657 806 3692 cum
849 3644 1224 3694 additamento
1251 3686 1262 3700 ,
1313 3644 1364 3693 in
1397 3643 1610 3712 synodo
1654 3642 1809 3694 Tole-

232 3748 363 3788 t-ma
410 3752 490 3798 ιι,
547 3752 695 3787 anno
729 3737 866 3795 675,
903 3745 958 3786 et
1001 3735 1054 3785 in
1087 3734 1339 3786 Toletana
1378 3751 1483 3795 nr,
1514 3751 1658 3788 anno
1687 3735 1808 3788 b95.

233 3826 328 3877 lli,
353 3826 504 3878 addo
551 3826 873 3884 formulam.
917 3841 1038 3892 qua:
1071 3826 1270 3894 legitur
1308 3827 1358 3877 in
1389 3825 1616 3894 Anglico
1649 3842 1811 3894 gene-

233 3922 330 3971 rali
371 3921 642 3982 concilio,
669 3920 784 3971 sive
838 3919 1229 3984 Ηαειιιιειάειιεὶ
1261 3935 1403 3971 anno
1433 3920 1561 3982 680,
1613 3921 1678 3972 de
1707 3936 1812 3988 qua

235 4014 586 4063 uentioncm
616 4012 729 4078 agit
755 4012 917 4072 Beda,
944 4011 1086 4061 libro
1114 4026 1124 4060 I
1157 4010 1405 4063 Historia:
1428 4013 1594 4078 yentis
1627 4013 1814 4080 Anglo-

234 4122 372 4163 rum,
402 4108 589 4169 capite
630 4103 710 4154 l7.

305 4195 365 4247 ll.
406 4195 628 4254 Contra
653 4193 822 4246 sancti
870 4192 1113 4260 Spiritus
1133 4195 1537 4258 processionem
1563 4209 1623 4244 ex
1653 4193 1813 4245 l’utre

237 4289 487 4357 Filioque
546 4287 751 4338 bellum
808 4301 934 4339 acre
988 4295 1278 4337 moverunt
1333 4283 1666 4338 lconomaclti
1713 4283 1817 4334 sub

237 4383 476 4448 imperio
507 4380 749 4431 maxime
776 4377 1121 4456 C.onstantini
1156 4375 1510 4445 Copronymi.
1545 4377 1637 4443 qui
1673 4391 1818 4428 anno

232 4474 444 4525 Christi
487 4471 595 4523 7l9
634 4471 846 4522 natales
871 4470 1086 4531 habuit,
1121 4478 1175 4520 et
1209 4485 1353 4521 anno
1391 4470 1701 4536 insequenti
1734 4471 1816 4521 di-

1470 1917 1538 1953 τι
1573 1900 1678 1955 Pro
1712 1916 1800 1954 re-
1839 1882 1877 1936 Β

1907 619 2087 671 lentia:
2119 627 2315 670 vestra:
2347 618 2737 670 Christianitas
2765 657 2779 678 ,
2825 615 3140 685 signiﬁcans
3188 615 3256 668 de
3288 615 3474 668 missis

1908 711 2133 768 nostris.
2184 709 2490 776 vestrisque
2519 750 2532 769 .
2572 719 2730 778 atque
2763 707 3066 763 Graecorum
3111 706 3204 776 qui
3238 721 3268 758 a
3325 707 3473 774 regia

1910 800 2045 854 urbe
2087 801 2292 854 reversi
2324 811 2470 865 sunt,
2504 816 2600 854 eos
2629 800 2772 870 apud
2809 816 2904 852 vos
2933 814 3052 854 esse
3083 799 3360 854 detentos.
3390 796 3474 850 ln-

1911 893 2069 943 tcrim
2121 891 2265 960 quod
2319 891 2622 960 aggregatis
2657 892 2856 944 vestris
2891 889 3274 943 sacerdotibus
3309 900 3474 956 atque

1908 985 2306 1052 optimatibus,
2356 983 2627 1051 ronjicnc
2661 999 2757 1035 seu
2811 995 3129 1052 perpetrare
3190 982 3414 1034 valeatis
3460 1000 3470 1032 :

1908 1077 2036 1140 quid
2064 1075 2128 1126 de
2161 1076 2264 1136 his,
2295 1090 2415 1142 qua:
2443 1075 2596 1127 vobis
2621 1073 2827 1127 directa
2855 1083 3000 1136 sunt,
3027 1072 3469 1141 respondendo."

1909 1168 2000 1218 sit.
2043 1166 2106 1220 Et
2137 1170 2358 1236 quidem
2393 1169 2556 1221 nobis
2584 1168 2684 1220 hac
2716 1166 2782 1220 de
2817 1182 2871 1218 rc
2900 1168 3058 1218 aliter
3083 1165 3470 1218 conﬁdendum

1911 1275 2016 1310 non
2052 1269 2133 1311 est
2182 1276 2210 1312 a
2263 1261 2416 1314 vobis
2455 1259 2797 1328 reSponderi,
2842 1260 2943 1311 nisi
2993 1273 3111 1324 quae
3155 1259 3221 1310 ad
3261 1259 3470 1312 (ωηα-

1911 1353 2106 1403 tionem
2145 1363 2512 1405 sacrosancta»
2542 1353 2809 1420 spiritalis
2842 1350 3028 1402 Matris
3059 1358 3251 1401 vestra:
3285 1349 3476 1400 Itoma-

1909 1458 1990 1494 na:
2026 1439 2274 1494 Ecclesia:
2297 1482 2313 1505 ,
2346 1452 2506 1508 atque
2542 1441 2856 1493 Ortltodortc
2886 1438 3036 1492 Fidei
3073 1442 3347 1507 pertTn'cre
3381 1457 3477 1489 uo-

1909 1543 2162 1587 scuntur.
2220 1551 2237 1582 ι
2309 1531 2621 1600 chationis
2672 1542 2838 1600 caput
2891 1533 3124 1585 alterum
3194 1532 3478 1600 spectabat

1911 1619 2080 1672 ltalize
2129 1623 2382 1690 regiones
2424 1637 2452 1674 a
2501 1622 2694 1690 Pipino
2729 1621 2986 1674 Romana:
3031 1621 3287 1674 Ecclesia:
3317 1623 3444 1674 altri

1912 1712 2089 1764 bulas.
2143 1712 2438 1780 Spectabat
2483 1713 2716 1765 alterum
2762 1713 2961 1782 dogma
3016 1715 3358 1780 processicttis
3417 1730 3478 1764 ea:

1917 1803 2074 1857 Patre
2120 1802 2386 1871 Filioque.
2428 1805 2543 1858 Ado
2599 1805 2922 1857 \'iennens:s
2974 1806 3025 1857 in
3075 1805 3348 1857 (lbronico
3402 1806 3478 1855 sic

1907 1897 1982 1950 ait
2021 1915 2032 1949 :
2063 1896 2234 1950 Facta
2265 1905 2341 1948 est
2367 1897 2601 1965 synodus
2643 1913 2784 1950 auito
2819 1896 3213 1950 lncarnatiunis
3268 1897 3478 1949 Domini

1913 1989 2036 2052 767,
2071 2000 2119 2042 et
2155 1994 2376 2058 questio
2406 1989 2659 2044 ventilata
2701 1991 2840 2041 inter
2874 1989 3103 2048 Crtecas,
3136 2001 3182 2041 ct
3214 1989 3477 2042 Romam-s-

1908 2087 1972 2134 de
2012 2082 2273 2136 Trinitate
2302 2101 2318 2135 :
2355 2093 2402 2136 et
2451 2093 2627 2136 utrum
2670 2083 2829 2153 179
2880 2084 3114 2151 Spiritus
3159 2095 3373 2136 sanctus
3414 2086 3476 2134 al-

1909 2185 1995 2226 cut
2029 2178 2262 2244 procedit
2297 2194 2328 2228 a
2361 2174 2546 2237 Patre,
2601 2177 2673 2226 ita
2721 2177 2970 2242 procedat
3022 2194 3051 2226 a
3104 2173 3279 2239 Filio;
3336 2180 3482 2228 etde

1907 2276 2210 2318 sanctarum
2238 2268 2579 2334 imaginibus,
2631 2276 2877 2318 utrumne
2909 2267 3188 2335 ﬁuyeudm
3237 2279 3328 2319 aut
3363 2269 3478 2332 pin-

1910 2359 2092 2428 gendo:
2119 2368 2272 2411 erant
2302 2362 2353 2412 in
2384 2357 2645 2412 Ecclesiis.
2681 2358 2885 2410 Locum
2924 2360 3210 2427 designant
3244 2362 3432 2412 Aunab
3457 2379 3482 2411 ς

1913 2449 2251 2506 Francorum
2303 2453 2488 2506 villam
2539 2452 2838 2507 Centiliaci.
2882 2452 2934 2504 lu
2972 2452 3303 2506 Bertiuianis
3335 2454 3479 2504 'bzci-

1912 2546 2187 2600 habentur
2223 2565 2234 2598 :
2272 2545 2493 2614 Pipinus
2530 2547 2812 2600 celebravit
2851 2547 3052 2599 Pascha
3092 2550 3143 2600 in
3185 2545 3480 2600 Gentilium

1911 2653 2052 2688 anno
2084 2636 2294 2689 Domini
2346 2637 2466 2689 767.
2512 2637 2650 2690 Tunc
2691 2639 2870 2689 habuit
2903 2639 2954 2689 in
3000 2639 3309 2705 supradicta
3352 2637 3479 2688 rillu

1909 2731 2167 2798 synodum
2214 2747 2462 2798 magnam
2530 2731 2669 2782 inter
2720 2729 2985 2782 Raruancrs
3066 2739 3113 2781 et
3164 2730 3269 2782 Cra
3288 2747 3370 2781 cos
3418 2730 3480 2781 de

1909 2830 2093 2872 sancta
2134 2820 2422 2883 Triuitatc,
2463 2821 2543 2873 vel
2577 2822 2638 2873 de
2679 2830 2980 2872 sanctorum
3028 2821 3370 2890 imaginibus.

1979 2911 2290 2965 Gallicanas
2322 2911 2619 2972 Ecclesiae,
2639 2910 2738 2962 hac
2764 2912 2884 2963 data
2918 2911 3229 2970 occasione,
3258 2911 3479 2979 Symbo-

1913 3002 2020 3055 lum
2053 3003 2702 3070 Constantinopolitanum
2727 3003 2994 3069 particula
3032 3000 3273 3068 Filioque
3301 3002 3481 3052 auxis-

1912 3112 1990 3156 se,
2018 3097 2475 3150 verisimillimum
2507 3104 2610 3148 est.
2641 3095 2772 3148 Rem
2801 3093 2998 3160 colligo
3025 3109 3088 3146 ex
3121 3091 3482 3162 Forojuliensi

1913 3188 2125 3241 Paulini
2186 3187 2449 3255 Aquileiae
2499 3187 2822 3254 patriarrbae
2870 3186 3111 3255 synodo,
3171 3201 3336 3253 quam
3389 3186 3478 3236 alii

1911 3296 2053 3332 anno
2085 3279 2207 3340 79l,
2229 3281 2417 3332 verius
2441 3279 2532 3331 alii
2571 3295 2714 3331 anno
2741 3279 2845 3332 796
2869 3278 3202 3332 celebratam
3233 3290 3474 3330 narrant.

1913 3373 2180 3426 Insertum
2217 3374 2355 3425 actis
2388 3372 2584 3437 legitur
2616 3387 2738 3422 cum
2771 3371 3145 3423 additann-nto
3169 3367 3477 3436 Symbolum

1911 3464 2587 3531 Constantinopolitanum.
2635 3462 2982 3514 Additionem
3022 3461 3258 3513 vindicat
3294 3461 3477 3513 Pauli-

1912 3571 2016 3608 nus
2053 3556 2137 3607 his
2174 3555 2397 3607 verbis:
2437 3573 2453 3604 ι
2490 3555 2616 3606 Scio
2657 3552 2984 3622 quibusdam
3023 3553 3076 3605 in
3128 3553 3480 3621 synodalibus

1913 3646 2056 3700 foliis
2090 3662 2208 3699 esse
2259 3647 2596 3698 sancitum...
2634 3646 2936 3712 praesertim
2976 3653 3200 3710 propter
3240 3644 3467 3695 fraudu-

1913 3740 2112 3791 lentam
2150 3738 2444 3804 ﬁctamque
2469 3736 2732 3795 Nestorii.
2765 3737 2847 3790 vel
2877 3737 3138 3804 Eutychis
3173 3737 3476 3803 perﬁdiam.

1913 3847 2014 3882 non
2055 3834 2209 3883 licere
2244 3832 2476 3899 cuipiam
2509 3831 2728 3882 alterius
2773 3830 2898 3895 ﬁdei
2934 3828 3237 3897 Symbolum
3277 3830 3476 3894 docere,

1913 3922 1993 3975 uel
2025 3939 2353 3990 componere.
2388 3922 2492 3975 Sed
2527 3924 2668 3975 absit
2700 3938 2728 3974 a
2760 3921 2937 3983 nobis,
2979 3923 3277 3990 proculque
3315 3923 3385 3975 sit
3413 3923 3480 3974 ah

1915 4015 2063 4068 omni
2125 4015 2291 4068 corde
2352 4015 2520 4076 ﬁdeli,
2573 4013 2822 4075 alterum,
2866 4015 2950 4066 vel
2985 4015 3144 4066 aliter
3192 4030 3349 4081 quam
3400 4014 3479 4065 illi

1915 4106 2278 4168 instituerunt,
2314 4105 2631 4173 Symbolum
2669 4105 2751 4157 vel
2790 4105 2946 4156 ﬁdem
2979 4120 3311 4170 componere
3335 4143 3348 4166 ,
3393 4107 3480 4156 vel

1916 4197 2112 4250 docere
2141 4199 2154 4248 ι
2186 4194 2291 4248 Sed
2325 4199 2484 4264 juxta
2519 4213 2702 4248 eorum
2730 4212 2943 4248 sensum
2973 4212 3032 4247 ea
3067 4196 3322 4254 fortasse,
3355 4213 3480 4264 qua:

1918 4299 2129 4358 propter
2158 4289 2424 4341 brevitatis
2456 4290 2842 4354 compendium,
2879 4289 3059 4341 minus
3082 4304 3247 4356 quam
3296 4290 3478 4350 decet,

1918 4399 1945 4434 a
1972 4381 2314 4449 simplicibus
2337 4381 2421 4433 vcl
2453 4374 2694 4433 indoctis
2729 4379 3134 4447 intelliguntur,
3156 4382 3480 4447 exponenda

1919 4474 2269 4527 decrevimus
2299 4471 2516 4525 tradere
2545 4510 2558 4532 .
2588 4473 2877 4540 ipsumque
2908 4482 3104 4524 textum
3135 4471 3367 4538 διμιδιοίὲ
3400 4490 3480 4523 Γυ-

234 4577 350 4617 ctus
383 4574 475 4617 est
511 4564 835 4630 imperator.
858 4560 1019 4614 Solus
1057 4576 1285 4629 regnare
1318 4563 1484 4629 coepit
1515 4578 1659 4614 anno
1685 4563 1808 4626 illi,
1845 4558 1888 4612 Ι)
1919 4568 2165 4620 linere...
2202 4566 2500 4619 Enimvero
2547 4581 2652 4616 non
2686 4574 2768 4617 est
2804 4566 2854 4616 in
2889 4574 3201 4632 argumento
3230 4565 3353 4630 ﬁdei
3381 4566 3477 4616 ud-

237 4667 356 4724 pOst
384 4656 612 4709 obitum
647 4653 847 4706 Leonis
879 4653 1050 4706 Isauri
1101 4655 1271 4721 patris
1300 4695 1311 4716 ,
1365 4655 1522 4720 cujus
1557 4654 1812 4720 impieta-

237 4760 336 4800 tem
364 4755 570 4801 contra
613 4760 797 4798 sacras
826 4746 1090 4812 imagines
1128 4761 1224 4812 pro
1251 4746 1573 4799 haereditate
1598 4746 1810 4800 habuit.

233 4839 433 4899 ϐῖκοι.
475 4839 573 4906 qui
619 4851 720 4903 pro
753 4835 1028 4888 haereticis
1075 4837 1507 4889 traduCebantur
1555 4837 1622 4889 ab
1656 4835 1815 4890 Occi-

233 4931 582 4992 dentalibus,
624 4927 1005 4981 Occidentales
1032 4925 1178 4994 ipsos
1211 4927 1276 4979 de
1305 4928 1650 4994 processiouc
1689 4927 1815 4994 Spi-

234 5026 376 5074 ritus
430 5019 637 5079 sancti,
675 5032 836 5085 quam
876 5032 939 5068 ea:
990 5016 1148 5067 Patre
1195 5027 1243 5068 et
1279 5015 1422 5069 Filio
1470 5020 1810 5080 asserebant,

238 5124 291 5164 ut
325 5111 637 5164 redderent
688 5123 782 5171 par
815 5105 954 5173 pari,
989 5106 1151 5157 veluti
1201 5106 1268 5158 de
1306 5107 1536 5158 crimine
1579 5107 1813 5158 insimu-

237 5206 442 5255 labant.
480 5200 620 5253 Hinc
648 5200 965 5265 lrequentes
989 5197 1087 5250 hac
1116 5198 1182 5248 de
1221 5213 1276 5248 r.:-
1301 5198 1494 5267 synodi
1526 5199 1814 5250 celebrata:

239 5294 549 5356 habimquc
581 5287 1006 5354 disputationes.

305 5387 492 5438 Prima
524 5398 648 5447 qua:
677 5380 975 5447 reperitur,
1007 5379 1250 5448 synodus
1283 5388 1365 5432 εει
1406 5379 1814 5431 Uetttiliat‘ensis

240 5481 340 5530 sub
377 5478 583 5544 Pipino
613 5474 946 5526 Francorum
985 5486 1114 5540 rege
1162 5486 1307 5524 anno
1361 5473 1460 5524 767
1508 5473 1808 5524 celebrata.

240 5575 608 5628 Oceasionem
641 5570 795 5624 dedit
843 5570 1194 5623 Constantini
1229 5568 1544 5621 Graecorum
1581 5568 1814 5636 impera-

243 5670 377 5719 toris
408 5665 618 5732 legatio
653 5661 723 5717 ad
757 5676 962 5729 regem.
1001 5659 1108 5715 Hac
1138 5661 1205 5714 de
1238 5677 1295 5714 re
1325 5661 1641 5713 admonitus
1671 5659 1814 5712 Pau-

244 5759 323 5809 la:
345 5771 586 5808 summa:
624 5755 883 5822 pontifex,
937 5752 1148 5807 litteras
1184 5753 1249 5806 ad
1288 5752 1542 5806 eumdem
1583 5753 1816 5807 Franco-

247 5864 364 5901 rmi
390 5863 573 5916 regem
603 5847 866 5914 reposuit,
891 5861 1011 5914 qua:
1035 5847 1085 5898 in
1120 5845 1305 5902 codice
1325 5843 1586 5901 Carolina
1613 5845 1815 5900 haben-

1917 4658 2054 4717 dere,
2085 4657 2166 4709 vel
2196 4657 2433 4708 minuere
2484 4670 2546 4707 ea
2597 4671 2716 4720 quae
2748 4672 2778 4706 a
2813 4657 3010 4706 sanctis
3062 4653 3308 4705 Pun-ibus
3344 4657 3481 4706 bene.

1917 4746 2320 4813 salubriterque
2355 4756 2476 4797 suut
2527 4743 2867 4813 promulgata
2903 4759 2918 4795 :
2949 4744 3251 4796 secundum
3301 4760 3481 4795 eorum

1919 4851 2126 4888 sensum
2174 4845 2319 4888 recte
2345 4834 2574 4897 sentire,
2619 4844 2674 4887 ct
2713 4835 3017 4901 exponendo
3055 4850 3244 4885 eorum
3279 4836 3482 4887 subtile

1915 4927 2154 4995 supplere
2194 4927 2498 4994 ingenium;
2555 4926 2649 4978 sed
2699 4927 2888 4976 addere
2952 4926 3032 4977 rel
3086 4927 3319 4976 minuere
3377 4936 3480 4986 cst,

1917 5019 2142 5069 subdole
2175 5026 2358 5066 contra
2389 5025 2798 5068 sacrosanctum
2831 5029 3020 5064 mrum
3049 5029 3292 5071 sensum.
3327 5015 3484 5064 aliter

1917 5125 2074 5177 quam
2110 5106 2211 5169 illi,
2256 5107 2452 5158 callida
2492 5106 2948 5172 tergiversatione
2994 5105 3203 5155 diversa
3238 5109 3430 5154 sentire
3466 5120 3480 5154 :

1917 5209 1969 5249 ct
2011 5200 2241 5252 confuso
2294 5198 2437 5266 stylo
2495 5211 2796 5263 perversum
2850 5201 3037 5262 dogma
3078 5210 3475 5262 componere...

1920 5292 2283 5342 I'lurimorum
2315 5288 2518 5339 ctenim
2547 5286 2957 5338 Catholicorum
2991 5287 3259 5345 virorum,
3293 5285 3481 5337 Ecl-lc-

1917 5387 2232 5447 siaruuuque
2293 5382 2381 5431 Dei
2444 5379 2739 5432 cultorum.
2776 5393 2941 5429 suria:
2971 5378 3096 5443 ﬁdei
3135 5378 3478 5444 compositum

1916 5473 2210 5525 uenerabile
2251 5471 2439 5540 legitur
2473 5485 2622 5538 opus,
2669 5471 2790 5522 aliis
2819 5472 3041 5537 quidem
3080 5470 3278 5528 verbis,
3312 5469 3479 5521 dissi-

1919 5566 2143 5632 milique
2180 5563 2389 5615 calamo
2430 5572 2745 5622 resonante,
2791 5563 2883 5612 sed
2939 5561 3192 5614 eumdem
3230 5574 3474 5620 sensum,

1915 5656 2280 5721 eumdemque
2313 5653 2520 5720 ingenii
2559 5653 2894 5706 intellectum
2919 5649 3267 5704 concorditer
3299 5651 3476 5702 invio-

1918 5751 2038 5803 lata:
2076 5747 2199 5798 ﬁdci
2236 5761 2345 5798 uno
2388 5743 2710 5798 assertionis
2761 5744 3010 5796 redolere
3048 5743 3351 5811 probantur
3380 5745 3478 5796 do-

1920 5848 2193 5895 cumento.
2238 5857 2250 5886 ι
