  <div class='ocr_page' id='page_1' title='image "/cluster/home/n/w/nwhite01/storage/ocr_20150623/142/nnc1.0046980024/099.png"; bbox 0 0 4216 6438; ppageno 0'>
   <div class='ocr_carea' id='block_1_1' title="bbox 695 386 881 448">
    <p class='ocr_par' dir='ltr' id='par_1_1' title="bbox 695 386 881 448">
     <span class='ocr_line' id='line_1_1' title="bbox 695 386 881 448; baseline -0.054 0"><span class='ocrx_word' id='word_1_1' title='bbox 695 386 803 448; x_wconf 81' lang='lat'><strong>183</strong></span> <span class='ocrx_word' id='word_1_2' title='bbox 877 435 881 438; x_wconf 86' lang='lat'><strong>.</strong></span> 
     </span>
    </p>
   </div>
   <div class='ocr_carea' id='block_1_2' title="bbox 1638 385 2962 447">
    <p class='ocr_par' dir='ltr' id='par_1_2' title="bbox 1638 385 2962 447">
     <span class='ocr_line' id='line_1_2' title="bbox 1638 385 2962 447; baseline 0.002 -5"><span class='ocrx_word' id='word_1_3' title='bbox 1638 385 1961 444; x_wconf 69' lang='lat' dir='ltr'><strong>(lEUllGll</strong></span> <span class='ocrx_word' id='word_1_4' title='bbox 2002 386 2252 444; x_wconf 74' lang='lat' dir='ltr'><strong>CYPRll</strong></span> <span class='ocrx_word' id='word_1_5' title='bbox 2301 388 2406 446; x_wconf 64' lang='lat' dir='ltr'><strong>(3P.</strong></span> <span class='ocrx_word' id='word_1_6' title='bbox 2457 388 2962 447; x_wconf 63' lang='lat' dir='ltr'><strong>PATHIARCHE</strong></span> 
     </span>
    </p>
   </div>
   <div class='ocr_carea' id='block_1_3' title="bbox 3823 378 3916 440">
    <p class='ocr_par' dir='ltr' id='par_1_3' title="bbox 3823 378 3916 440">
     <span class='ocr_line' id='line_1_3' title="bbox 3823 378 3916 440; baseline 0.011 -1"><span class='ocrx_word' id='word_1_7' title='bbox 3823 378 3916 440; x_wconf 65' lang='lat' dir='ltr'><strong>lSi</strong></span> 
     </span>
    </p>
   </div>
   <div class='ocr_carea' id='block_1_4' title="bbox 698 486 3913 565">
    <p class='ocr_par' dir='ltr' id='par_1_4' title="bbox 698 486 3913 565">
     <span class='ocr_line' id='line_1_4' title="bbox 698 486 3913 565; baseline -0.003 -17"><span class='ocrx_word' id='word_1_8' title='bbox 698 496 1123 564; x_wconf 76' lang='lat' dir='ltr'><strong>manuscriptas,</strong></span> <span class='ocrx_word' id='word_1_9' title='bbox 1174 495 1223 546; x_wconf 92' lang='lat' dir='ltr'><strong>in</strong></span> <span class='ocrx_word' id='word_1_10' title='bbox 1272 510 1379 561; x_wconf 79' lang='lat' dir='ltr'><strong>quo</strong></span> <span class='ocrx_word' id='word_1_11' title='bbox 1411 494 1600 547; x_wconf 80' lang='lat' dir='ltr'><strong>eadem</strong></span> <span class='ocrx_word' id='word_1_12' title='bbox 1636 495 1798 563; x_wconf 90' lang='lat' dir='ltr'><strong>hujus</strong></span> <span class='ocrx_word' id='word_1_13' title='bbox 1829 497 2023 565; x_wconf 72' lang='lat' dir='ltr'><strong>synodi</strong></span> <span class='ocrx_word' id='word_1_14' title='bbox 2054 494 2248 547; x_wconf 79' lang='lat' dir='ltr'><strong>delini-</strong></span> <span class='ocrx_word' id='word_1_15' title='bbox 2282 505 2322 555; x_wconf 73' lang='grc' dir='ltr'>Α</span> <span class='ocrx_word' id='word_1_16' title='bbox 2355 495 2548 562; x_wconf 82' lang='lat' dir='ltr'><strong>synodi</strong></span> <span class='ocrx_word' id='word_1_17' title='bbox 2584 495 2851 548; x_wconf 62' lang='lat' dir='ltr'><strong>universa:</strong></span> <span class='ocrx_word' id='word_1_18' title='bbox 2897 493 3272 546; x_wconf 82' lang='lat' dir='ltr'><strong>dctinitionem</strong></span> <span class='ocrx_word' id='word_1_19' title='bbox 3309 489 3756 558; x_wconf 79' lang='lat' dir='ltr'><strong>reprehendisset</strong></span> <span class='ocrx_word' id='word_1_20' title='bbox 3783 527 3797 548; x_wconf 88' lang='lat'><strong>,</strong></span> <span class='ocrx_word' id='word_1_21' title='bbox 3860 486 3913 536; x_wconf 83' lang='lat' dir='ltr'><strong>in</strong></span> 
     </span>
    </p>
   </div>
   <div class='ocr_carea' id='block_1_5' title="bbox 695 587 2250 657">
    <p class='ocr_par' dir='ltr' id='par_1_5' title="bbox 695 587 2250 657">
     <span class='ocr_line' id='line_1_5' title="bbox 695 587 2250 657; baseline -0.001 -17"><span class='ocrx_word' id='word_1_22' title='bbox 695 602 767 641; x_wconf 81' lang='lat' dir='ltr'><strong>tia</strong></span> <span class='ocrx_word' id='word_1_23' title='bbox 799 588 1211 641; x_wconf 71' lang='lat' dir='ltr'><strong>continebatur.</strong></span> <span class='ocrx_word' id='word_1_24' title='bbox 1240 588 1636 657; x_wconf 65' lang='lat' dir='ltr'><strong>Inventnmque</strong></span> <span class='ocrx_word' id='word_1_25' title='bbox 1666 600 1770 650; x_wconf 88' lang='lat' dir='ltr'><strong>cst,</strong></span> <span class='ocrx_word' id='word_1_26' title='bbox 1797 588 1889 640; x_wconf 83' lang='lat' dir='ltr'><strong>tibi</strong></span> <span class='ocrx_word' id='word_1_27' title='bbox 1915 589 1979 639; x_wconf 84' lang='lat' dir='ltr'><strong>de</strong></span> <span class='ocrx_word' id='word_1_28' title='bbox 2012 587 2250 656; x_wconf 72' lang='lat' dir='ltr'><strong>Spiritus</strong></span> 
     </span>
    </p>
   </div>
   <div class='ocr_carea' id='block_1_6' title="bbox 694 667 2251 745">
    <p class='ocr_par' dir='ltr' id='par_1_6' title="bbox 694 667 2251 745">
     <span class='ocr_line' id='line_1_6' title="bbox 694 667 2251 745; baseline -0.002 -14"><span class='ocrx_word' id='word_1_29' title='bbox 694 681 867 733; x_wconf 72' lang='lat' dir='ltr'><strong>sancti</strong></span> <span class='ocrx_word' id='word_1_30' title='bbox 923 669 1209 732; x_wconf 77' lang='lat' dir='ltr'><strong>divinitate</strong></span> <span class='ocrx_word' id='word_1_31' title='bbox 1281 681 1480 745; x_wconf 82' lang='lat' dir='ltr'><strong>agitur,</strong></span> <span class='ocrx_word' id='word_1_32' title='bbox 1537 680 1604 733; x_wconf 86' lang='lat' dir='ltr'><strong>iis</strong></span> <span class='ocrx_word' id='word_1_33' title='bbox 1669 671 1855 734; x_wconf 77' lang='lat' dir='ltr'><strong>verbis</strong></span> <span class='ocrx_word' id='word_1_34' title='bbox 1893 699 1905 732; x_wconf 92' lang='lat'><strong>:</strong></span> <span class='ocrx_word' id='word_1_35' title='bbox 1941 680 2023 731; x_wconf 70' lang='lat' dir='ltr'><strong>Ex</strong></span> <span class='ocrx_word' id='word_1_36' title='bbox 2067 667 2251 732; x_wconf 27' lang='lat' dir='ltr'><strong>&#39;Patre</strong></span> 
     </span>
    </p>
   </div>
   <div class='ocr_carea' id='block_1_7' title="bbox 669 770 2250 843">
    <p class='ocr_par' dir='ltr' id='par_1_7' title="bbox 669 770 2250 843">
     <span class='ocr_line' id='line_1_7' title="bbox 669 770 2250 843; baseline 0.001 -20"><span class='ocrx_word' id='word_1_37' title='bbox 669 777 1079 843; x_wconf 42' lang='lat' dir='ltr'><strong>.procedenlem,</strong></span> <span class='ocrx_word' id='word_1_38' title='bbox 1111 770 1358 823; x_wconf 88' lang='lat' dir='ltr'><strong>additum</strong></span> <span class='ocrx_word' id='word_1_39' title='bbox 1392 781 1436 821; x_wconf 72' lang='lat' dir='ltr'><strong>et</strong></span> <span class='ocrx_word' id='word_1_40' title='bbox 1463 788 1526 823; x_wconf 74' lang='lat' dir='ltr'><strong>ex</strong></span> <span class='ocrx_word' id='word_1_41' title='bbox 1549 772 1705 831; x_wconf 81' lang='lat' dir='ltr'><strong>Filio.</strong></span> <span class='ocrx_word' id='word_1_42' title='bbox 1729 772 1870 824; x_wconf 88' lang='lat' dir='ltr'><strong>sicut</strong></span> <span class='ocrx_word' id='word_1_43' title='bbox 1904 773 2004 838; x_wconf 86' lang='lat' dir='ltr'><strong>ipsi</strong></span> <span class='ocrx_word' id='word_1_44' title='bbox 2038 770 2250 824; x_wconf 88' lang='lat' dir='ltr'><strong>dicunt.</strong></span> 
     </span>
    </p>
   </div>
   <div class='ocr_carea' id='block_1_8' title="bbox 699 861 2254 930">
    <p class='ocr_par' dir='ltr' id='par_1_8' title="bbox 699 861 2254 930">
     <span class='ocr_line' id='line_1_8' title="bbox 699 861 2254 930; baseline -0.001 -17"><span class='ocrx_word' id='word_1_45' title='bbox 699 871 874 930; x_wconf 72' lang='lat' dir='ltr'><strong>Atque</strong></span> <span class='ocrx_word' id='word_1_46' title='bbox 919 862 1017 913; x_wconf 86' lang='lat' dir='ltr'><strong>hac.</strong></span> <span class='ocrx_word' id='word_1_47' title='bbox 1050 861 1117 912; x_wconf 81' lang='lat' dir='ltr'><strong>de</strong></span> <span class='ocrx_word' id='word_1_48' title='bbox 1171 877 1228 913; x_wconf 88' lang='lat' dir='ltr'><strong>re</strong></span> <span class='ocrx_word' id='word_1_49' title='bbox 1284 862 1518 913; x_wconf 80' lang='lat' dir='ltr'><strong>multum</strong></span> <span class='ocrx_word' id='word_1_50' title='bbox 1553 861 1793 914; x_wconf 77' lang='lat' dir='ltr'><strong>habuere</strong></span> <span class='ocrx_word' id='word_1_51' title='bbox 1826 875 2158 924; x_wconf 77' lang='lat' dir='ltr'><strong>sermonem,</strong></span> <span class='ocrx_word' id='word_1_52' title='bbox 2194 861 2254 912; x_wconf 90' lang='lat' dir='ltr'><strong>li-</strong></span> 
     </span>
    </p>
   </div>
   <div class='ocr_carea' id='block_1_9' title="bbox 697 950 2254 1021">
    <p class='ocr_par' dir='ltr' id='par_1_9' title="bbox 697 950 2254 1021">
     <span class='ocr_line' id='line_1_9' title="bbox 697 950 2254 1021; baseline -0.001 -17"><span class='ocrx_word' id='word_1_53' title='bbox 697 955 839 1004; x_wconf 80' lang='lat' dir='ltr'><strong>brum</strong></span> <span class='ocrx_word' id='word_1_54' title='bbox 875 953 1033 1006; x_wconf 83' lang='lat' dir='ltr'><strong>nobis</strong></span> <span class='ocrx_word' id='word_1_55' title='bbox 1063 954 1414 1006; x_wconf 71' lang='lat' dir='ltr'><strong>ostendentes</strong></span> <span class='ocrx_word' id='word_1_56' title='bbox 1446 956 1596 1021; x_wconf 78' lang='lat' dir='ltr'><strong>quasi</strong></span> <span class='ocrx_word' id='word_1_57' title='bbox 1628 954 1903 1019; x_wconf 82' lang='lat' dir='ltr'><strong>antiquum</strong></span> <span class='ocrx_word' id='word_1_58' title='bbox 1938 969 1953 1004; x_wconf 90' lang='lat'><strong><em>:</em></strong></span> <span class='ocrx_word' id='word_1_59' title='bbox 1993 968 2162 1020; x_wconf 80' lang='lat' dir='ltr'><strong>seque</strong></span> <span class='ocrx_word' id='word_1_60' title='bbox 2188 950 2254 1003; x_wconf 88' lang='lat' dir='ltr'><strong>de</strong></span> 
     </span>
    </p>
   </div>
   <div class='ocr_carea' id='block_1_10' title="bbox 702 1043 2260 1113">
    <p class='ocr_par' dir='ltr' id='par_1_10' title="bbox 702 1043 2260 1113">
     <span class='ocr_line' id='line_1_10' title="bbox 702 1043 2260 1113; baseline -0.001 -16"><span class='ocrx_word' id='word_1_61' title='bbox 702 1046 797 1097; x_wconf 89' lang='lat' dir='ltr'><strong>illo</strong></span> <span class='ocrx_word' id='word_1_62' title='bbox 826 1045 1117 1113; x_wconf 62' lang='lat' dir='ltr'><strong>jactantes,</strong></span> <span class='ocrx_word' id='word_1_63' title='bbox 1151 1057 1206 1097; x_wconf 89' lang='lat' dir='ltr'><strong>et</strong></span> <span class='ocrx_word' id='word_1_64' title='bbox 1254 1061 1378 1098; x_wconf 89' lang='lat' dir='ltr'><strong>cum</strong></span> <span class='ocrx_word' id='word_1_65' title='bbox 1430 1058 1615 1098; x_wconf 84' lang='lat' dir='ltr'><strong>nostro</strong></span> <span class='ocrx_word' id='word_1_66' title='bbox 1662 1046 1849 1098; x_wconf 80' lang='lat' dir='ltr'><strong>codice</strong></span> <span class='ocrx_word' id='word_1_67' title='bbox 1894 1045 2042 1096; x_wconf 88' lang='lat' dir='ltr'><strong>illum</strong></span> <span class='ocrx_word' id='word_1_68' title='bbox 2074 1043 2260 1095; x_wconf 79' lang='lat' dir='ltr'><strong>conlc-</strong></span> 
     </span>
    </p>
   </div>
   <div class='ocr_carea' id='block_1_11' title="bbox 700 1134 2256 1204">
    <p class='ocr_par' dir='ltr' id='par_1_11' title="bbox 700 1134 2256 1204">
     <span class='ocr_line' id='line_1_11' title="bbox 700 1134 2256 1204; baseline -0.001 -18"><span class='ocrx_word' id='word_1_69' title='bbox 700 1148 947 1189; x_wconf 75' lang='lat' dir='ltr'><strong>rcnlcs...</strong></span> <span class='ocrx_word' id='word_1_70' title='bbox 1002 1134 1111 1189; x_wconf 74' lang='lat' dir='ltr'><strong>Nos</strong></span> <span class='ocrx_word' id='word_1_71' title='bbox 1168 1136 1331 1204; x_wconf 77' lang='lat' dir='ltr'><strong>igitur</strong></span> <span class='ocrx_word' id='word_1_72' title='bbox 1381 1137 1518 1189; x_wconf 84' lang='lat' dir='ltr'><strong>nihil</strong></span> <span class='ocrx_word' id='word_1_73' title='bbox 1563 1136 1629 1190; x_wconf 88' lang='lat' dir='ltr'><strong>ad</strong></span> <span class='ocrx_word' id='word_1_74' title='bbox 1694 1137 1798 1188; x_wconf 89' lang='lat' dir='ltr'><strong>ltoc</strong></span> <span class='ocrx_word' id='word_1_75' title='bbox 1855 1135 2256 1204; x_wconf 77' lang='lat' dir='ltr'><strong>respondimus,</strong></span> 
     </span>
    </p>
   </div>
   <div class='ocr_carea' id='block_1_12' title="bbox 689 1226 2259 1304">
    <p class='ocr_par' dir='ltr' id='par_1_12' title="bbox 689 1226 2259 1304">
     <span class='ocr_line' id='line_1_12' title="bbox 689 1226 2259 1304; baseline 0.002 -29"><span class='ocrx_word' id='word_1_76' title='bbox 689 1227 844 1304; x_wconf 56' lang='lat' dir='ltr'><strong>quod</strong></span> <span class='ocrx_word' id='word_1_77' title='bbox 885 1243 994 1279; x_wconf 92' lang='lat' dir='ltr'><strong>non</strong></span> <span class='ocrx_word' id='word_1_78' title='bbox 1030 1229 1216 1282; x_wconf 84' lang='lat' dir='ltr'><strong>liceret</strong></span> <span class='ocrx_word' id='word_1_79' title='bbox 1263 1243 1359 1292; x_wconf 77' lang='lat' dir='ltr'><strong>per</strong></span> <span class='ocrx_word' id='word_1_80' title='bbox 1390 1239 1625 1296; x_wconf 85' lang='lat' dir='ltr'><strong>tempus.</strong></span> <span class='ocrx_word' id='word_1_81' title='bbox 1679 1228 1912 1279; x_wconf 88' lang='lat' dir='ltr'><strong>Tantum</strong></span> <span class='ocrx_word' id='word_1_82' title='bbox 1946 1243 2040 1279; x_wconf 78' lang='lat' dir='ltr'><strong>eos</strong></span> <span class='ocrx_word' id='word_1_83' title='bbox 2091 1226 2259 1295; x_wconf 75' lang='lat' dir='ltr'><strong>(quod</strong></span> 
     </span>
    </p>
   </div>
   <div class='ocr_carea' id='block_1_13' title="bbox 704 1318 2260 1387">
    <p class='ocr_par' dir='ltr' id='par_1_13' title="bbox 704 1318 2260 1387">
     <span class='ocr_line' id='line_1_13' title="bbox 704 1318 2260 1387; baseline 0.001 -19"><span class='ocrx_word' id='word_1_84' title='bbox 704 1318 803 1383; x_wconf 79' lang='lat' dir='ltr'><strong>ipsi</strong></span> <span class='ocrx_word' id='word_1_85' title='bbox 845 1320 1213 1387; x_wconf 53' lang='lat' dir='ltr'><strong>jostularunt)</strong></span> <span class='ocrx_word' id='word_1_86' title='bbox 1250 1320 1445 1370; x_wconf 83' lang='lat' dir='ltr'><strong>hortati</strong></span> <span class='ocrx_word' id='word_1_87' title='bbox 1479 1334 1699 1376; x_wconf 84' lang='lat' dir='ltr'><strong>sumus.</strong></span> <span class='ocrx_word' id='word_1_88' title='bbox 1733 1331 1783 1370; x_wconf 84' lang='lat' dir='ltr'><strong>ut</strong></span> <span class='ocrx_word' id='word_1_89' title='bbox 1823 1320 2117 1371; x_wconf 70' lang='lat' dir='ltr'><strong>recitarunt</strong></span> <span class='ocrx_word' id='word_1_90' title='bbox 2159 1320 2260 1370; x_wconf 89' lang='lat' dir='ltr'><strong>hu-</strong></span> 
     </span>
    </p>
   </div>
   <div class='ocr_carea' id='block_1_14' title="bbox 694 1410 2261 1480">
    <p class='ocr_par' dir='ltr' id='par_1_14' title="bbox 694 1410 2261 1480">
     <span class='ocr_line' id='line_1_14' title="bbox 694 1410 2261 1480; baseline 0.003 -22"><span class='ocrx_word' id='word_1_91' title='bbox 694 1410 933 1475; x_wconf 60' lang='grc' dir='ltr'><strong>⁸ῇιιδιιιιιῖἱ</strong></span> <span class='ocrx_word' id='word_1_92' title='bbox 992 1412 1434 1476; x_wconf 65' lang='lat' dir='ltr'><strong>expositioni-ni,</strong></span> <span class='ocrx_word' id='word_1_93' title='bbox 1487 1413 1629 1465; x_wconf 80' lang='lat' dir='ltr'><strong>sicut</strong></span> <span class='ocrx_word' id='word_1_94' title='bbox 1691 1412 1741 1462; x_wconf 87' lang='lat' dir='ltr'><strong>in</strong></span> <span class='ocrx_word' id='word_1_95' title='bbox 1807 1412 1944 1462; x_wconf 88' lang='lat' dir='ltr'><strong>libro</strong></span> <span class='ocrx_word' id='word_1_96' title='bbox 2000 1413 2261 1480; x_wconf 81' lang='lat' dir='ltr'><strong>setiptum</strong></span> 
     </span>
    </p>
   </div>
   <div class='ocr_carea' id='block_1_15' title="bbox 702 1502 1078 1554">
    <p class='ocr_par' dir='ltr' id='par_1_15' title="bbox 702 1502 1078 1554">
     <span class='ocr_line' id='line_1_15' title="bbox 702 1502 1078 1554; baseline -0.016 -1"><span class='ocrx_word' id='word_1_97' title='bbox 702 1502 1020 1554; x_wconf 73' lang='lat' dir='ltr'><strong>habebatur.</strong></span> <span class='ocrx_word' id='word_1_98' title='bbox 1064 1521 1078 1547; x_wconf 76' lang='grc' dir='ltr'><strong>ι</strong></span> 
     </span>
    </p>
   </div>
   <div class='ocr_carea' id='block_1_16' title="bbox 777 1591 2263 1660">
    <p class='ocr_par' dir='ltr' id='par_1_16' title="bbox 777 1591 2263 1660">
     <span class='ocr_line' id='line_1_16' title="bbox 777 1591 2263 1660; baseline 0.003 -19"><span class='ocrx_word' id='word_1_99' title='bbox 777 1592 991 1644; x_wconf 64' lang='lat' dir='ltr'><strong>Martini</strong></span> <span class='ocrx_word' id='word_1_100' title='bbox 1034 1594 1249 1656; x_wconf 81' lang='lat' dir='ltr'><strong>l&#39;oloni,</strong></span> <span class='ocrx_word' id='word_1_101' title='bbox 1276 1594 1434 1660; x_wconf 81' lang='lat' dir='ltr'><strong>cujus</strong></span> <span class='ocrx_word' id='word_1_102' title='bbox 1456 1596 1712 1648; x_wconf 93' lang='lat' dir='ltr'><strong>utebatur</strong></span> <span class='ocrx_word' id='word_1_103' title='bbox 1735 1596 2063 1646; x_wconf 91' lang='lat' dir='ltr'><strong>auctoritate</strong></span> <span class='ocrx_word' id='word_1_104' title='bbox 2095 1591 2263 1646; x_wconf 84' lang='lat' dir='ltr'><strong>Julia-</strong></span> 
     </span>
    </p>
   </div>
   <div class='ocr_carea' id='block_1_17' title="bbox 704 1684 2265 1748">
    <p class='ocr_par' dir='ltr' id='par_1_17' title="bbox 704 1684 2265 1748">
     <span class='ocr_line' id='line_1_17' title="bbox 704 1684 2265 1748; baseline 0.002 -14"><span class='ocrx_word' id='word_1_105' title='bbox 704 1701 808 1736; x_wconf 88' lang='lat' dir='ltr'><strong>nus</strong></span> <span class='ocrx_word' id='word_1_106' title='bbox 838 1685 1134 1738; x_wconf 81' lang='lat' dir='ltr'><strong>cardinalis</strong></span> <span class='ocrx_word' id='word_1_107' title='bbox 1157 1726 1170 1748; x_wconf 90' lang='lat'><strong>,</strong></span> <span class='ocrx_word' id='word_1_108' title='bbox 1205 1686 1367 1738; x_wconf 88' lang='lat' dir='ltr'><strong>verba</strong></span> <span class='ocrx_word' id='word_1_109' title='bbox 1419 1696 1546 1737; x_wconf 90' lang='lat' dir='ltr'><strong>sunt</strong></span> <span class='ocrx_word' id='word_1_110' title='bbox 1599 1685 1650 1736; x_wconf 91' lang='lat' dir='ltr'><strong>in</strong></span> <span class='ocrx_word' id='word_1_111' title='bbox 1707 1684 1985 1738; x_wconf 87' lang='lat' dir='ltr'><strong>Chronico</strong></span> <span class='ocrx_word' id='word_1_112' title='bbox 2020 1701 2033 1738; x_wconf 92' lang='lat'>:</span> <span class='ocrx_word' id='word_1_113' title='bbox 2068 1685 2265 1736; x_wconf 84' lang='lat' dir='ltr'><strong>&quot;orum</strong></span> 
     </span>
    </p>
   </div>
   <div class='ocr_carea' id='block_1_18' title="bbox 703 1776 2264 1844">
    <p class='ocr_par' dir='ltr' id='par_1_18' title="bbox 703 1776 2264 1844">
     <span class='ocr_line' id='line_1_18' title="bbox 703 1776 2264 1844; baseline 0.003 -21"><span class='ocrx_word' id='word_1_114' title='bbox 703 1776 1094 1838; x_wconf 62' lang='lat' dir='ltr'><strong>(Constantini,</strong></span> <span class='ocrx_word' id='word_1_115' title='bbox 1149 1786 1201 1828; x_wconf 92' lang='lat' dir='ltr'><strong>ct</strong></span> <span class='ocrx_word' id='word_1_116' title='bbox 1259 1777 1462 1841; x_wconf 85' lang='lat' dir='ltr'><strong>lrencs)</strong></span> <span class='ocrx_word' id='word_1_117' title='bbox 1496 1778 1703 1844; x_wconf 86' lang='lat' dir='ltr'><strong>imperii</strong></span> <span class='ocrx_word' id='word_1_118' title='bbox 1747 1793 1887 1828; x_wconf 87' lang='lat' dir='ltr'><strong>anno</strong></span> <span class='ocrx_word' id='word_1_119' title='bbox 1937 1778 1968 1828; x_wconf 89' lang='lat'><strong>8</strong></span> <span class='ocrx_word' id='word_1_120' title='bbox 2016 1777 2153 1844; x_wconf 71' lang='lat' dir='ltr'><strong>facta</strong></span> <span class='ocrx_word' id='word_1_121' title='bbox 2192 1786 2264 1827; x_wconf 76' lang='lat' dir='ltr'><strong>est</strong></span> 
     </span>
    </p>
   </div>
   <div class='ocr_carea' id='block_1_19' title="bbox 2359 575 3919 651">
    <p class='ocr_par' dir='ltr' id='par_1_19' title="bbox 2359 575 3919 651">
     <span class='ocr_line' id='line_1_19' title="bbox 2359 575 3919 651; baseline -0.002 -20"><span class='ocrx_word' id='word_1_122' title='bbox 2359 601 2462 650; x_wconf 77' lang='lat' dir='ltr'><strong>qua</strong></span> <span class='ocrx_word' id='word_1_123' title='bbox 2495 585 2989 651; x_wconf 80' lang='lat' dir='ltr'><strong>sanctus-Spiritus</strong></span> <span class='ocrx_word' id='word_1_124' title='bbox 3037 601 3142 635; x_wconf 91' lang='lat' dir='ltr'><strong>non</strong></span> <span class='ocrx_word' id='word_1_125' title='bbox 3185 583 3389 634; x_wconf 82' lang='lat' dir='ltr'><strong>dici.ur</strong></span> <span class='ocrx_word' id='word_1_126' title='bbox 3416 598 3446 632; x_wconf 90' lang='lat' dir='ltr'><strong>a</strong></span> <span class='ocrx_word' id='word_1_127' title='bbox 3491 578 3651 631; x_wconf 84' lang='lat' dir='ltr'><strong>Putre</strong></span> <span class='ocrx_word' id='word_1_128' title='bbox 3680 594 3772 647; x_wconf 85' lang='lat' dir='ltr'><strong>per</strong></span> <span class='ocrx_word' id='word_1_129' title='bbox 3825 575 3919 628; x_wconf 77' lang='lat' dir='ltr'><strong>Fi-</strong></span> 
     </span>
    </p>
   </div>
   <div class='ocr_carea' id='block_1_20' title="bbox 2361 671 3920 744">
    <p class='ocr_par' dir='ltr' id='par_1_20' title="bbox 2361 671 3920 744">
     <span class='ocr_line' id='line_1_20' title="bbox 2361 671 3920 744; baseline -0.002 -18"><span class='ocrx_word' id='word_1_130' title='bbox 2361 675 2488 728; x_wconf 87' lang='lat' dir='ltr'><strong>lium</strong></span> <span class='ocrx_word' id='word_1_131' title='bbox 2516 677 2792 744; x_wconf 76' lang='lat' dir='ltr'><strong>procedere</strong></span> <span class='ocrx_word' id='word_1_132' title='bbox 2818 677 2842 728; x_wconf 84' lang='lat'><strong><em>?</em></strong></span> <span class='ocrx_word' id='word_1_133' title='bbox 2882 676 3006 730; x_wconf 67' lang='lat' dir='ltr'><strong>Hice</strong></span> <span class='ocrx_word' id='word_1_134' title='bbox 3044 678 3233 743; x_wconf 88' lang='lat' dir='ltr'><strong>utique</strong></span> <span class='ocrx_word' id='word_1_135' title='bbox 3270 673 3547 726; x_wconf 80' lang='lat' dir='ltr'><strong>habentur</strong></span> <span class='ocrx_word' id='word_1_136' title='bbox 3569 673 3731 724; x_wconf 76' lang='lat' dir='ltr'><strong>verba</strong></span> <span class='ocrx_word' id='word_1_137' title='bbox 3756 671 3920 724; x_wconf 80' lang='lat' dir='ltr'><strong>aetio-</strong></span> 
     </span>
    </p>
   </div>
   <div class='ocr_carea' id='block_1_21' title="bbox 2364 759 3896 834">
    <p class='ocr_par' dir='ltr' id='par_1_21' title="bbox 2364 759 3896 834">
     <span class='ocr_line' id='line_1_21' title="bbox 2364 759 3896 834; baseline -0.004 -17"><span class='ocrx_word' id='word_1_138' title='bbox 2364 784 2427 817; x_wconf 64' lang='grc' dir='ltr'>ιω</span> <span class='ocrx_word' id='word_1_139' title='bbox 2455 768 2486 820; x_wconf 75' lang='lat'><strong>3</strong></span> <span class='ocrx_word' id='word_1_140' title='bbox 2520 768 2571 819; x_wconf 91' lang='lat' dir='ltr'><strong>in</strong></span> <span class='ocrx_word' id='word_1_141' title='bbox 2603 767 2722 820; x_wconf 89' lang='lat' dir='ltr'><strong>lidei</strong></span> <span class='ocrx_word' id='word_1_142' title='bbox 2755 767 3094 834; x_wconf 75' lang='lat' dir='ltr'><strong>professione</strong></span> <span class='ocrx_word' id='word_1_143' title='bbox 3129 782 3157 818; x_wconf 89' lang='lat' dir='ltr'><strong>a</strong></span> <span class='ocrx_word' id='word_1_144' title='bbox 3192 764 3419 816; x_wconf 86' lang='lat' dir='ltr'><strong>&#39;l&#39;arasio</strong></span> <span class='ocrx_word' id='word_1_145' title='bbox 3450 761 3760 830; x_wconf 80' lang='lat' dir='ltr'><strong>patriarcha</strong></span> <span class='ocrx_word' id='word_1_146' title='bbox 3784 759 3896 811; x_wconf 78' lang='lat' dir='ltr'><strong>Con</strong></span> 
     </span>
    </p>
   </div>
   <div class='ocr_carea' id='block_1_22' title="bbox 2364 851 3919 925">
    <p class='ocr_par' dir='ltr' id='par_1_22' title="bbox 2364 851 3919 925">
     <span class='ocr_line' id='line_1_22' title="bbox 2364 851 3919 925; baseline -0.005 -18"><span class='ocrx_word' id='word_1_147' title='bbox 2364 858 2854 925; x_wconf 82' lang='lat' dir='ltr'><strong>stantinopolilano</strong></span> <span class='ocrx_word' id='word_1_148' title='bbox 2886 859 3030 909; x_wconf 88' lang='lat' dir='ltr'><strong>edita</strong></span> <span class='ocrx_word' id='word_1_149' title='bbox 3067 858 3236 909; x_wconf 79' lang='lat' dir='ltr'><strong>instar</strong></span> <span class='ocrx_word' id='word_1_150' title='bbox 3272 854 3537 921; x_wconf 79' lang='lat' dir='ltr'><strong>Symboli,</strong></span> <span class='ocrx_word' id='word_1_151' title='bbox 3573 853 3663 903; x_wconf 90' lang='lat' dir='ltr'><strong>ubi</strong></span> <span class='ocrx_word' id='word_1_152' title='bbox 3691 853 3761 903; x_wconf 91' lang='lat' dir='ltr'><strong>ait</strong></span> <span class='ocrx_word' id='word_1_153' title='bbox 3797 851 3919 902; x_wconf 57' lang='lat' dir='ltr'><strong>ille:</strong></span> 
     </span>
    </p>
   </div>
   <div class='ocr_carea' id='block_1_23' title="bbox 2366 941 3926 1015">
    <p class='ocr_par' dir='ltr' id='par_1_23' title="bbox 2366 941 3926 1015">
     <span class='ocr_line' id='line_1_23' title="bbox 2366 941 3926 1015; baseline -0.003 -20"><span class='ocrx_word' id='word_1_154' title='bbox 2366 943 2430 996; x_wconf 78' lang='lat' dir='ltr'><strong>Et</strong></span> <span class='ocrx_word' id='word_1_155' title='bbox 2453 947 2504 998; x_wconf 89' lang='lat' dir='ltr'><strong>in</strong></span> <span class='ocrx_word' id='word_1_156' title='bbox 2538 945 2814 1015; x_wconf 86' lang='lat' dir='ltr'><strong>Spiritum,</strong></span> <span class='ocrx_word' id='word_1_157' title='bbox 2849 947 3150 1009; x_wconf 87' lang='lat' dir='ltr'><strong>Dominum,</strong></span> <span class='ocrx_word' id='word_1_158' title='bbox 3195 944 3637 1011; x_wconf 81' lang='lat' dir='ltr'><strong>etviviﬁcantein,</strong></span> <span class='ocrx_word' id='word_1_159' title='bbox 3674 957 3734 993; x_wconf 73' lang='lat' dir='ltr'><strong>ex</strong></span> <span class='ocrx_word' id='word_1_160' title='bbox 3769 941 3926 993; x_wconf 84' lang='lat' dir='ltr'><strong>Patre</strong></span> 
     </span>
    </p>
   </div>
   <div class='ocr_carea' id='block_1_24' title="bbox 2368 1034 3923 1104">
    <p class='ocr_par' dir='ltr' id='par_1_24' title="bbox 2368 1034 3923 1104">
     <span class='ocr_line' id='line_1_24' title="bbox 2368 1034 3923 1104; baseline -0.004 -18"><span class='ocrx_word' id='word_1_161' title='bbox 2368 1051 2457 1101; x_wconf 76' lang='lat' dir='ltr'><strong>per</strong></span> <span class='ocrx_word' id='word_1_162' title='bbox 2502 1034 2703 1090; x_wconf 74' lang='lat' dir='ltr'><strong>Filium</strong></span> <span class='ocrx_word' id='word_1_163' title='bbox 2749 1039 3131 1104; x_wconf 71' lang='lat' dir='ltr'><strong>procedentem,</strong></span> <span class='ocrx_word' id='word_1_164' title='bbox 3161 1045 3209 1087; x_wconf 79' lang='lat' dir='ltr'><strong>et</strong></span> <span class='ocrx_word' id='word_1_165' title='bbox 3243 1038 3478 1087; x_wconf 86' lang='lat' dir='ltr'><strong>eumdem</strong></span> <span class='ocrx_word' id='word_1_166' title='bbox 3525 1034 3688 1084; x_wconf 81' lang='lat' dir='ltr'><strong>Deam</strong></span> <span class='ocrx_word' id='word_1_167' title='bbox 3725 1048 3829 1082; x_wconf 77' lang='lat' dir='ltr'><strong>esse</strong></span> <span class='ocrx_word' id='word_1_168' title='bbox 3878 1043 3923 1081; x_wconf 85' lang='lat' dir='ltr'><strong>ct</strong></span> 
     </span>
    </p>
   </div>
   <div class='ocr_carea' id='block_1_25' title="bbox 2366 1124 3926 1198">
    <p class='ocr_par' dir='ltr' id='par_1_25' title="bbox 2366 1124 3926 1198">
     <span class='ocr_line' id='line_1_25' title="bbox 2366 1124 3926 1198; baseline -0.004 -20"><span class='ocrx_word' id='word_1_169' title='bbox 2366 1130 2625 1198; x_wconf 72' lang='lat' dir='ltr'><strong>cognosci.</strong></span> <span class='ocrx_word' id='word_1_170' title='bbox 2674 1128 2795 1182; x_wconf 65' lang='lat' dir='ltr'><strong>Hice</strong></span> <span class='ocrx_word' id='word_1_171' title='bbox 2828 1129 2898 1181; x_wconf 91' lang='lat' dir='ltr'><strong>ita</strong></span> <span class='ocrx_word' id='word_1_172' title='bbox 2931 1144 3053 1182; x_wconf 90' lang='lat' dir='ltr'><strong>cum</strong></span> <span class='ocrx_word' id='word_1_173' title='bbox 3089 1143 3209 1181; x_wconf 77' lang='lat' dir='ltr'><strong>sese</strong></span> <span class='ocrx_word' id='word_1_174' title='bbox 3253 1126 3489 1179; x_wconf 81' lang='lat' dir='ltr'><strong>habeant</strong></span> <span class='ocrx_word' id='word_1_175' title='bbox 3513 1166 3525 1185; x_wconf 87' lang='lat'><strong>,</strong></span> <span class='ocrx_word' id='word_1_176' title='bbox 3564 1125 3807 1176; x_wconf 86' lang='lat' dir='ltr'><strong>nondum</strong></span> <span class='ocrx_word' id='word_1_177' title='bbox 3865 1124 3926 1172; x_wconf 82' lang='lat' dir='ltr'><strong>li-</strong></span> 
     </span>
    </p>
   </div>
   <div class='ocr_carea' id='block_1_26' title="bbox 2371 1214 3932 1286">
    <p class='ocr_par' dir='ltr' id='par_1_26' title="bbox 2371 1214 3932 1286">
     <span class='ocr_line' id='line_1_26' title="bbox 2371 1214 3932 1286; baseline -0.005 -17"><span class='ocrx_word' id='word_1_178' title='bbox 2371 1219 2559 1285; x_wconf 79' lang='lat' dir='ltr'><strong>quido,</strong></span> <span class='ocrx_word' id='word_1_179' title='bbox 2594 1235 2654 1270; x_wconf 82' lang='lat' dir='ltr'><strong>ac</strong></span> <span class='ocrx_word' id='word_1_180' title='bbox 2707 1229 2856 1272; x_wconf 77' lang='lat' dir='ltr'><strong>certo</strong></span> <span class='ocrx_word' id='word_1_181' title='bbox 2912 1229 3126 1272; x_wconf 88' lang='lat' dir='ltr'><strong>constat</strong></span> <span class='ocrx_word' id='word_1_182' title='bbox 3178 1218 3500 1286; x_wconf 83' lang='lat' dir='ltr'><strong>Symbolum</strong></span> <span class='ocrx_word' id='word_1_183' title='bbox 3547 1214 3932 1269; x_wconf 71' lang='lat' dir='ltr'><strong>C&#39;Hlslanlllltl-</strong></span> 
     </span>
    </p>
   </div>
   <div class='ocr_carea' id='block_1_27' title="bbox 2373 1304 3932 1376">
    <p class='ocr_par' dir='ltr' id='par_1_27' title="bbox 2373 1304 3932 1376">
     <span class='ocr_line' id='line_1_27' title="bbox 2373 1304 3932 1376; baseline -0.006 -16"><span class='ocrx_word' id='word_1_184' title='bbox 2373 1309 2674 1374; x_wconf 87' lang='lat' dir='ltr'><strong>politanum</strong></span> <span class='ocrx_word' id='word_1_185' title='bbox 2710 1324 2836 1360; x_wconf 82' lang='lat' dir='ltr'><strong>cum</strong></span> <span class='ocrx_word' id='word_1_186' title='bbox 2874 1310 3020 1361; x_wconf 85' lang='lat' dir='ltr'><strong>vocis</strong></span> <span class='ocrx_word' id='word_1_187' title='bbox 3048 1305 3290 1376; x_wconf 81' lang='lat' dir='ltr'><strong>Filioque</strong></span> <span class='ocrx_word' id='word_1_188' title='bbox 3324 1305 3607 1360; x_wconf 87' lang='lat' dir='ltr'><strong>additione</strong></span> <span class='ocrx_word' id='word_1_189' title='bbox 3644 1305 3696 1356; x_wconf 93' lang='lat' dir='ltr'><strong>in</strong></span> <span class='ocrx_word' id='word_1_190' title='bbox 3727 1304 3932 1372; x_wconf 78' lang='lat' dir='ltr'><strong>S_\ttodo</strong></span> 
     </span>
    </p>
   </div>
   <div class='ocr_carea' id='block_1_28' title="bbox 2369 1400 3201 1454">
    <p class='ocr_par' dir='ltr' id='par_1_28' title="bbox 2369 1400 3201 1454">
     <span class='ocr_line' id='line_1_28' title="bbox 2369 1400 3201 1454; baseline 0 -2"><span class='ocrx_word' id='word_1_191' title='bbox 2369 1400 2586 1452; x_wconf 66' lang='lat' dir='ltr'><strong>Nl&quot;J}IIa</strong></span> <span class='ocrx_word' id='word_1_192' title='bbox 2622 1416 2654 1452; x_wconf 94' lang='grc' dir='ltr'><strong>ιι</strong></span> <span class='ocrx_word' id='word_1_193' title='bbox 2691 1401 2978 1454; x_wconf 89' lang='lat' dir='ltr'><strong>recitatum</strong></span> <span class='ocrx_word' id='word_1_194' title='bbox 3011 1400 3201 1452; x_wconf 75' lang='lat' dir='ltr'><strong>fuisse.</strong></span> 
     </span>
    </p>
   </div>
   <div class='ocr_carea' id='block_1_29' title="bbox 2442 1489 3933 1559">
    <p class='ocr_par' dir='ltr' id='par_1_29' title="bbox 2442 1489 3933 1559">
     <span class='ocr_line' id='line_1_29' title="bbox 2442 1489 3933 1559; baseline -0.007 -17"><span class='ocrx_word' id='word_1_195' title='bbox 2442 1491 2644 1543; x_wconf 69' lang='lat' dir='ltr'><strong>Ct&#39;tt&#39;cis</strong></span> <span class='ocrx_word' id='word_1_196' title='bbox 2701 1501 2968 1557; x_wconf 83' lang='lat' dir='ltr'><strong>attamen,</strong></span> <span class='ocrx_word' id='word_1_197' title='bbox 3002 1492 3094 1559; x_wconf 92' lang='lat' dir='ltr'><strong>qui</strong></span> <span class='ocrx_word' id='word_1_198' title='bbox 3155 1491 3562 1558; x_wconf 75' lang='lat' dir='ltr'><strong>processionem</strong></span> <span class='ocrx_word' id='word_1_199' title='bbox 3608 1489 3669 1538; x_wconf 84' lang='lat' dir='ltr'><strong>ab</strong></span> <span class='ocrx_word' id='word_1_200' title='bbox 3708 1500 3933 1550; x_wconf 64' lang='lat' dir='ltr'><strong>utrm/tl?</strong></span> 
     </span>
    </p>
   </div>
   <div class='ocr_carea' id='block_1_30' title="bbox 2375 1575 3937 1649">
    <p class='ocr_par' dir='ltr' id='par_1_30' title="bbox 2375 1575 3937 1649">
     <span class='ocr_line' id='line_1_30' title="bbox 2375 1575 3937 1649; baseline -0.016 1"><span class='ocrx_word' id='word_1_201' title='bbox 2375 1581 2648 1649; x_wconf 53' lang='lat' dir='ltr'><strong>&quot;‘licil&#39;lli,</strong></span> <span class='ocrx_word' id='word_1_202' title='bbox 2709 1583 2870 1635; x_wconf 83' lang='lat' dir='ltr'><strong>allata</strong></span> <span class='ocrx_word' id='word_1_203' title='bbox 2923 1583 3086 1632; x_wconf 81' lang='lat' dir='ltr'><strong>verba</strong></span> <span class='ocrx_word' id='word_1_204' title='bbox 3137 1580 3343 1633; x_wconf 85' lang='lat' dir='ltr'><strong>Tarasii</strong></span> <span class='ocrx_word' id='word_1_205' title='bbox 3377 1578 3609 1631; x_wconf 61' lang='lat' dir='ltr'><strong>maxime</strong></span> <span class='ocrx_word' id='word_1_206' title='bbox 3644 1575 3937 1627; x_wconf 71' lang='lat' dir='ltr'><strong>adxersan-</strong></span> 
     </span>
    </p>
   </div>
   <div class='ocr_carea' id='block_1_31' title="bbox 2375 1668 3937 1742">
    <p class='ocr_par' dir='ltr' id='par_1_31' title="bbox 2375 1668 3937 1742">
     <span class='ocr_line' id='line_1_31' title="bbox 2375 1668 3937 1742; baseline -0.003 -21"><span class='ocrx_word' id='word_1_207' title='bbox 2375 1680 2508 1726; x_wconf 91' lang='lat' dir='ltr'><strong>tur:</strong></span> <span class='ocrx_word' id='word_1_208' title='bbox 2551 1688 2672 1725; x_wconf 91' lang='lat' dir='ltr'><strong>cum</strong></span> <span class='ocrx_word' id='word_1_209' title='bbox 2737 1674 3000 1742; x_wconf 81' lang='lat' dir='ltr'><strong>Spiritum</strong></span> <span class='ocrx_word' id='word_1_210' title='bbox 3052 1683 3296 1726; x_wconf 82' lang='lat' dir='ltr'><strong>sanctum</strong></span> <span class='ocrx_word' id='word_1_211' title='bbox 3357 1688 3418 1722; x_wconf 69' lang='lat' dir='ltr'><strong>ex.</strong></span> <span class='ocrx_word' id='word_1_212' title='bbox 3471 1670 3630 1723; x_wconf 83' lang='lat' dir='ltr'><strong>Putre</strong></span> <span class='ocrx_word' id='word_1_213' title='bbox 3664 1668 3937 1737; x_wconf 71' lang='lat' dir='ltr'><strong>procedere</strong></span> 
     </span>
    </p>
   </div>
   <div class='ocr_carea' id='block_1_32' title="bbox 2373 1747 3940 1832">
    <p class='ocr_par' dir='ltr' id='par_1_32' title="bbox 2373 1759 3940 1832">
     <span class='ocr_line' id='line_1_32' title="bbox 2373 1759 3940 1832; baseline -0.003 -19"><span class='ocrx_word' id='word_1_214' title='bbox 2373 1779 2463 1828; x_wconf 75' lang='lat' dir='ltr'><strong>per</strong></span> <span class='ocrx_word' id='word_1_215' title='bbox 2504 1763 2699 1816; x_wconf 82' lang='lat' dir='ltr'><strong>Filium</strong></span> <span class='ocrx_word' id='word_1_216' title='bbox 2762 1765 2988 1832; x_wconf 77' lang='lat' dir='ltr'><strong>perinde</strong></span> <span class='ocrx_word' id='word_1_217' title='bbox 3040 1780 3182 1825; x_wconf 84' lang='lat' dir='ltr'><strong>esse,</strong></span> <span class='ocrx_word' id='word_1_218' title='bbox 3237 1779 3298 1816; x_wconf 87' lang='lat' dir='ltr'><strong>ac</strong></span> <span class='ocrx_word' id='word_1_219' title='bbox 3363 1764 3538 1830; x_wconf 47' lang='lat' dir='ltr'><strong>ipsum</strong></span> <span class='ocrx_word' id='word_1_220' title='bbox 3596 1777 3656 1811; x_wconf 73' lang='lat' dir='ltr'><strong>cx</strong></span> <span class='ocrx_word' id='word_1_221' title='bbox 3707 1759 3940 1810; x_wconf 78' lang='lat' dir='ltr'><strong>Palreet</strong></span> 
     </span>
    </p>
   </div>
   <div class='ocr_carea' id='block_1_33' title="bbox 704 1851 3930 1936">
    <p class='ocr_par' dir='ltr' id='par_1_33' title="bbox 704 1851 3930 1936">
     <span class='ocr_line' id='line_1_33' title="bbox 704 1851 3930 1936; baseline -0.006 -19"><span class='ocrx_word' id='word_1_222' title='bbox 704 1869 934 1918; x_wconf 65' lang='lat' dir='ltr'><strong>secunda</strong></span> <span class='ocrx_word' id='word_1_223' title='bbox 971 1869 1198 1936; x_wconf 78' lang='lat' dir='ltr'><strong>synOdus</strong></span> <span class='ocrx_word' id='word_1_224' title='bbox 1229 1870 1281 1920; x_wconf 90' lang='lat' dir='ltr'><strong>in</strong></span> <span class='ocrx_word' id='word_1_225' title='bbox 1315 1867 1512 1930; x_wconf 71' lang='lat' dir='ltr'><strong>Mena,</strong></span> <span class='ocrx_word' id='word_1_226' title='bbox 1540 1870 1626 1920; x_wconf 87' lang='lat' dir='ltr'><strong>ubi</strong></span> <span class='ocrx_word' id='word_1_227' title='bbox 1658 1869 1939 1936; x_wconf 69' lang='lat' dir='ltr'><strong>adfuerunt</strong></span> <span class='ocrx_word' id='word_1_228' title='bbox 1965 1869 2182 1920; x_wconf 62' lang='lat' dir='ltr'><strong>trecenti</strong></span> <span class='ocrx_word' id='word_1_229' title='bbox 2220 1878 2266 1919; x_wconf 76' lang='lat' dir='ltr'><strong>et</strong></span> <span class='ocrx_word' id='word_1_230' title='bbox 2301 1862 2338 1915; x_wconf 80' lang='grc' dir='ltr'><strong><em>Β</em></strong></span> <span class='ocrx_word' id='word_1_231' title='bbox 2377 1856 2516 1908; x_wconf 65' lang='lat' dir='ltr'><strong>Filio</strong></span> <span class='ocrx_word' id='word_1_232' title='bbox 2569 1855 2866 1924; x_wconf 79' lang='lat' dir='ltr'><strong>procedere,</strong></span> <span class='ocrx_word' id='word_1_233' title='bbox 2925 1856 3141 1908; x_wconf 74' lang='lat' dir='ltr'><strong>invictis</strong></span> <span class='ocrx_word' id='word_1_234' title='bbox 3194 1854 3416 1906; x_wconf 58' lang='lat' dir='ltr'><strong>Patrum</strong></span> <span class='ocrx_word' id='word_1_235' title='bbox 3483 1851 3812 1904; x_wconf 66' lang='lat' dir='ltr'><strong>testimoniis</strong></span> <span class='ocrx_word' id='word_1_236' title='bbox 3836 1851 3930 1900; x_wconf 76' lang='lat' dir='ltr'><strong>dc-</strong></span> 
     </span>
    </p>
   </div>
   <div class='ocr_carea' id='block_1_34' title="bbox 709 1957 2260 2028">
    <p class='ocr_par' dir='ltr' id='par_1_34' title="bbox 709 1957 2260 2028">
     <span class='ocr_line' id='line_1_34' title="bbox 709 1957 2260 2028; baseline 0.001 -21"><span class='ocrx_word' id='word_1_237' title='bbox 709 1960 1093 2026; x_wconf 71' lang='lat' dir='ltr'><strong>gninquaginta</strong></span> <span class='ocrx_word' id='word_1_238' title='bbox 1147 1957 1336 2010; x_wconf 81' lang='lat' dir='ltr'><strong>Patres</strong></span> <span class='ocrx_word' id='word_1_239' title='bbox 1371 1975 1386 2011; x_wconf 88' lang='lat'><strong><em>:</em></strong></span> <span class='ocrx_word' id='word_1_240' title='bbox 1437 1959 1488 2010; x_wconf 90' lang='lat' dir='ltr'><strong>in</strong></span> <span class='ocrx_word' id='word_1_241' title='bbox 1523 1977 1624 2024; x_wconf 83' lang='lat' dir='ltr'><strong>qua</strong></span> <span class='ocrx_word' id='word_1_242' title='bbox 1671 1960 1991 2026; x_wconf 73' lang='lat' dir='ltr'><strong>afﬁrmatum</strong></span> <span class='ocrx_word' id='word_1_243' title='bbox 2032 1970 2103 2011; x_wconf 77' lang='lat' dir='ltr'><strong>est</strong></span> <span class='ocrx_word' id='word_1_244' title='bbox 2145 1960 2260 2028; x_wconf 74' lang='lat' dir='ltr'><strong>Sp.-</strong></span> 
     </span>
    </p>
   </div>
   <div class='ocr_carea' id='block_1_35' title="bbox 708 2050 2265 2119">
    <p class='ocr_par' dir='ltr' id='par_1_35' title="bbox 708 2050 2265 2119">
     <span class='ocr_line' id='line_1_35' title="bbox 708 2050 2265 2119; baseline 0.001 -17"><span class='ocrx_word' id='word_1_245' title='bbox 708 2058 864 2106; x_wconf 86' lang='lat' dir='ltr'><strong>ritum</strong></span> <span class='ocrx_word' id='word_1_246' title='bbox 897 2065 1137 2106; x_wconf 87' lang='lat' dir='ltr'><strong>sanctum</strong></span> <span class='ocrx_word' id='word_1_247' title='bbox 1169 2069 1229 2105; x_wconf 82' lang='lat' dir='ltr'><strong>ea:</strong></span> <span class='ocrx_word' id='word_1_248' title='bbox 1268 2051 1429 2104; x_wconf 88' lang='lat' dir='ltr'><strong>Patre</strong></span> <span class='ocrx_word' id='word_1_249' title='bbox 1459 2065 1504 2103; x_wconf 84' lang='lat' dir='ltr'><strong>et</strong></span> <span class='ocrx_word' id='word_1_250' title='bbox 1534 2050 1665 2103; x_wconf 83' lang='lat' dir='ltr'><strong>Filio</strong></span> <span class='ocrx_word' id='word_1_251' title='bbox 1693 2053 1992 2119; x_wconf 80' lang='lat' dir='ltr'><strong>procedere.</strong></span> <span class='ocrx_word' id='word_1_252' title='bbox 2030 2051 2152 2105; x_wconf 87' lang='lat' dir='ltr'><strong>ll.ce</strong></span> <span class='ocrx_word' id='word_1_253' title='bbox 2183 2056 2265 2104; x_wconf 81' lang='lat' dir='ltr'><strong>vi-</strong></span> 
     </span>
    </p>
   </div>
   <div class='ocr_carea' id='block_1_36' title="bbox 706 2141 2268 2210">
    <p class='ocr_par' dir='ltr' id='par_1_36' title="bbox 706 2141 2268 2210">
     <span class='ocr_line' id='line_1_36' title="bbox 706 2141 2268 2210; baseline -0.001 -18"><span class='ocrx_word' id='word_1_254' title='bbox 706 2150 913 2200; x_wconf 72' lang='lat' dir='ltr'><strong>dentur</strong></span> <span class='ocrx_word' id='word_1_255' title='bbox 967 2143 1285 2209; x_wconf 70' lang='lat' dir='ltr'><strong>priedictum</strong></span> <span class='ocrx_word' id='word_1_256' title='bbox 1343 2142 1490 2194; x_wconf 89' lang='lat' dir='ltr'><strong>vocis</strong></span> <span class='ocrx_word' id='word_1_257' title='bbox 1547 2141 1790 2210; x_wconf 75' lang='lat' dir='ltr'><strong>Filioque</strong></span> <span class='ocrx_word' id='word_1_258' title='bbox 1840 2143 2268 2194; x_wconf 68' lang='lat' dir='ltr'><strong>additamentum</strong></span> 
     </span>
    </p>
   </div>
   <div class='ocr_carea' id='block_1_37' title="bbox 714 2230 2268 2295">
    <p class='ocr_par' dir='ltr' id='par_1_37' title="bbox 714 2230 2268 2295">
     <span class='ocr_line' id='line_1_37' title="bbox 714 2230 2268 2295; baseline -0.004 -11"><span class='ocrx_word' id='word_1_259' title='bbox 714 2232 984 2285; x_wconf 84' lang='lat' dir='ltr'><strong>indicare.</strong></span> <span class='ocrx_word' id='word_1_260' title='bbox 1023 2231 1190 2284; x_wconf 80' lang='lat' dir='ltr'><strong>Addit</strong></span> <span class='ocrx_word' id='word_1_261' title='bbox 1224 2231 1491 2284; x_wconf 75' lang='lat' dir='ltr'><strong>llaronius</strong></span> <span class='ocrx_word' id='word_1_262' title='bbox 1523 2232 1587 2283; x_wconf 92' lang='lat' dir='ltr'><strong>ad</strong></span> <span class='ocrx_word' id='word_1_263' title='bbox 1618 2247 1821 2283; x_wconf 85' lang='lat' dir='ltr'><strong>annum</strong></span> <span class='ocrx_word' id='word_1_264' title='bbox 1847 2233 1968 2284; x_wconf 81' lang='lat'><strong>787.</strong></span> <span class='ocrx_word' id='word_1_265' title='bbox 2002 2245 2151 2282; x_wconf 92' lang='lat' dir='ltr'><strong>num.</strong></span> <span class='ocrx_word' id='word_1_266' title='bbox 2180 2230 2268 2295; x_wconf 47' lang='grc' dir='ltr'><strong>ὃς,</strong></span> 
     </span>
    </p>
   </div>
   <div class='ocr_carea' id='block_1_38' title="bbox 710 2320 2271 2378">
    <p class='ocr_par' dir='ltr' id='par_1_38' title="bbox 710 2320 2271 2378">
     <span class='ocr_line' id='line_1_38' title="bbox 710 2320 2271 2378; baseline -0.001 -6"><span class='ocrx_word' id='word_1_267' title='bbox 710 2326 760 2378; x_wconf 83' lang='lat' dir='ltr'><strong>id</strong></span> <span class='ocrx_word' id='word_1_268' title='bbox 799 2321 986 2375; x_wconf 88' lang='lat' dir='ltr'><strong>haberi</strong></span> <span class='ocrx_word' id='word_1_269' title='bbox 1039 2324 1091 2374; x_wconf 87' lang='lat' dir='ltr'><strong>in</strong></span> <span class='ocrx_word' id='word_1_270' title='bbox 1146 2332 1315 2374; x_wconf 83' lang='lat' dir='ltr'><strong>retere</strong></span> <span class='ocrx_word' id='word_1_271' title='bbox 1366 2320 1722 2373; x_wconf 80' lang='lat' dir='ltr'><strong>translatione</strong></span> <span class='ocrx_word' id='word_1_272' title='bbox 1768 2321 2040 2376; x_wconf 71' lang='lat' dir='ltr'><strong>Anastasii</strong></span> <span class='ocrx_word' id='word_1_273' title='bbox 2081 2320 2271 2372; x_wconf 51' lang='lat' dir='ltr'><strong>Bilvliu-</strong></span> 
     </span>
    </p>
   </div>
   <div class='ocr_carea' id='block_1_39' title="bbox 714 2411 2272 2483">
    <p class='ocr_par' dir='ltr' id='par_1_39' title="bbox 714 2411 2272 2483">
     <span class='ocr_line' id='line_1_39' title="bbox 714 2411 2272 2483; baseline 0.001 -21"><span class='ocrx_word' id='word_1_274' title='bbox 714 2414 932 2466; x_wconf 80' lang='lat' dir='ltr'><strong>:hecarii</strong></span> <span class='ocrx_word' id='word_1_275' title='bbox 957 2413 1025 2465; x_wconf 87' lang='lat' dir='ltr'><strong>ad</strong></span> <span class='ocrx_word' id='word_1_276' title='bbox 1063 2411 1326 2465; x_wconf 84' lang='lat' dir='ltr'><strong>Joannem</strong></span> <span class='ocrx_word' id='word_1_277' title='bbox 1374 2412 1506 2468; x_wconf 85' lang='lat' dir='ltr'><strong>Vlll</strong></span> <span class='ocrx_word' id='word_1_278' title='bbox 1552 2430 1748 2483; x_wconf 87' lang='lat' dir='ltr'><strong>papam</strong></span> <span class='ocrx_word' id='word_1_279' title='bbox 1789 2414 2106 2480; x_wconf 79' lang='lat' dir='ltr'><strong>conscripta,</strong></span> <span class='ocrx_word' id='word_1_280' title='bbox 2133 2424 2177 2464; x_wconf 85' lang='lat' dir='ltr'><strong>ct</strong></span> <span class='ocrx_word' id='word_1_281' title='bbox 2219 2413 2272 2463; x_wconf 87' lang='lat' dir='ltr'><strong>in</strong></span> 
     </span>
    </p>
   </div>
   <div class='ocr_carea' id='block_1_40' title="bbox 715 2502 2275 2572">
    <p class='ocr_par' dir='ltr' id='par_1_40' title="bbox 715 2502 2275 2572">
     <span class='ocr_line' id='line_1_40' title="bbox 715 2502 2275 2572; baseline 0.001 -17"><span class='ocrx_word' id='word_1_282' title='bbox 715 2505 894 2555; x_wconf 64' lang='grc' dir='ltr'><strong>(ἱνα-ευ</strong></span> <span class='ocrx_word' id='word_1_283' title='bbox 926 2510 1089 2555; x_wconf 67' lang='lat' dir='ltr'><strong>textu.</strong></span> <span class='ocrx_word' id='word_1_284' title='bbox 1124 2502 1193 2554; x_wconf 80' lang='lat' dir='ltr'><strong>At</strong></span> <span class='ocrx_word' id='word_1_285' title='bbox 1226 2503 1278 2555; x_wconf 90' lang='lat' dir='ltr'><strong>in</strong></span> <span class='ocrx_word' id='word_1_286' title='bbox 1310 2505 1518 2572; x_wconf 72' lang='lat' dir='ltr'><strong>synodo</strong></span> <span class='ocrx_word' id='word_1_287' title='bbox 1577 2503 1892 2556; x_wconf 75' lang='lat' dir='ltr'><strong>Florentina</strong></span> <span class='ocrx_word' id='word_1_288' title='bbox 1956 2502 2076 2554; x_wconf 92' lang='lat' dir='ltr'><strong>loco</strong></span> <span class='ocrx_word' id='word_1_289' title='bbox 2107 2502 2275 2556; x_wconf 73' lang='lat' dir='ltr'><strong>citato</strong></span> 
     </span>
    </p>
   </div>
   <div class='ocr_carea' id='block_1_41' title="bbox 718 2593 2273 2664">
    <p class='ocr_par' dir='ltr' id='par_1_41' title="bbox 718 2593 2273 2664">
     <span class='ocr_line' id='line_1_41' title="bbox 718 2593 2273 2664; baseline 0 -19"><span class='ocrx_word' id='word_1_290' title='bbox 718 2611 825 2646; x_wconf 79' lang='lat' dir='ltr'><strong>non</strong></span> <span class='ocrx_word' id='word_1_291' title='bbox 853 2595 1115 2664; x_wconf 75' lang='lat' dir='ltr'><strong>agebatur</strong></span> <span class='ocrx_word' id='word_1_292' title='bbox 1151 2593 1217 2648; x_wconf 90' lang='lat' dir='ltr'><strong>de</strong></span> <span class='ocrx_word' id='word_1_293' title='bbox 1252 2595 1431 2651; x_wconf 73' lang='lat' dir='ltr'><strong>Gra&#39;co</strong></span> <span class='ocrx_word' id='word_1_294' title='bbox 1456 2605 1599 2649; x_wconf 64' lang='lat' dir='ltr'><strong>textu</strong></span> <span class='ocrx_word' id='word_1_295' title='bbox 1647 2595 1982 2648; x_wconf 88' lang='lat' dir='ltr'><strong>additionem</strong></span> <span class='ocrx_word' id='word_1_296' title='bbox 2017 2595 2273 2657; x_wconf 84' lang='lat' dir='ltr'><strong>habente,</strong></span> 
     </span>
    </p>
   </div>
   <div class='ocr_carea' id='block_1_42' title="bbox 726 2686 2274 2756">
    <p class='ocr_par' dir='ltr' id='par_1_42' title="bbox 726 2686 2274 2756">
     <span class='ocr_line' id='line_1_42' title="bbox 726 2686 2274 2756; baseline 0.006 -24"><span class='ocrx_word' id='word_1_297' title='bbox 726 2701 912 2737; x_wconf 75' lang='lat' dir='ltr'><strong>verum</strong></span> <span class='ocrx_word' id='word_1_298' title='bbox 947 2686 1014 2738; x_wconf 93' lang='lat' dir='ltr'><strong>dc</strong></span> <span class='ocrx_word' id='word_1_299' title='bbox 1054 2686 1188 2738; x_wconf 81' lang='lat' dir='ltr'><strong>libro</strong></span> <span class='ocrx_word' id='word_1_300' title='bbox 1230 2687 1418 2740; x_wconf 79' lang='lat' dir='ltr'><strong>Latino</strong></span> <span class='ocrx_word' id='word_1_301' title='bbox 1458 2689 1846 2756; x_wconf 84' lang='lat' dir='ltr'><strong>antiquissimo.</strong></span> <span class='ocrx_word' id='word_1_302' title='bbox 1896 2687 1974 2739; x_wconf 80' lang='lat' dir='ltr'><strong>Ad</strong></span> <span class='ocrx_word' id='word_1_303' title='bbox 2007 2688 2274 2741; x_wconf 78' lang='lat' dir='ltr'><strong>Anastasii</strong></span> 
     </span>
    </p>
   </div>
   <div class='ocr_carea' id='block_1_43' title="bbox 724 2778 2279 2848">
    <p class='ocr_par' dir='ltr' id='par_1_43' title="bbox 724 2778 2279 2848">
     <span class='ocr_line' id='line_1_43' title="bbox 724 2778 2279 2848; baseline 0.003 -21"><span class='ocrx_word' id='word_1_304' title='bbox 724 2779 1138 2832; x_wconf 82' lang='lat' dir='ltr'><strong>lhbliothecarii</strong></span> <span class='ocrx_word' id='word_1_305' title='bbox 1175 2780 1590 2833; x_wconf 68' lang='lat' dir='ltr'><strong>translationem</strong></span> <span class='ocrx_word' id='word_1_306' title='bbox 1624 2780 1768 2848; x_wconf 83' lang='lat' dir='ltr'><strong>quod</strong></span> <span class='ocrx_word' id='word_1_307' title='bbox 1815 2779 2048 2842; x_wconf 87' lang='lat' dir='ltr'><strong>attinet,</strong></span> <span class='ocrx_word' id='word_1_308' title='bbox 2085 2778 2279 2831; x_wconf 80' lang='lat' dir='ltr'><strong>l‘etrus</strong></span> 
     </span>
    </p>
   </div>
   <div class='ocr_carea' id='block_1_44' title="bbox 724 2871 2280 2926">
    <p class='ocr_par' dir='ltr' id='par_1_44' title="bbox 724 2871 2280 2926">
     <span class='ocr_line' id='line_1_44' title="bbox 724 2871 2280 2926; baseline 0.002 -4"><span class='ocrx_word' id='word_1_309' title='bbox 724 2871 970 2925; x_wconf 75' lang='lat' dir='ltr'><strong>Pithceus</strong></span> <span class='ocrx_word' id='word_1_310' title='bbox 1007 2873 1060 2923; x_wconf 93' lang='lat' dir='ltr'><strong>in</strong></span> <span class='ocrx_word' id='word_1_311' title='bbox 1103 2888 1198 2924; x_wconf 83' lang='lat' dir='ltr'><strong>sua</strong></span> <span class='ocrx_word' id='word_1_312' title='bbox 1256 2873 1493 2925; x_wconf 83' lang='lat' dir='ltr'><strong>Historia</strong></span> <span class='ocrx_word' id='word_1_313' title='bbox 1535 2872 1945 2926; x_wconf 74' lang='lat' dir='ltr'><strong>Controversia:</strong></span> <span class='ocrx_word' id='word_1_314' title='bbox 1983 2875 2183 2925; x_wconf 78' lang='lat' dir='ltr'><strong>veteris</strong></span> <span class='ocrx_word' id='word_1_315' title='bbox 2213 2873 2280 2925; x_wconf 83' lang='lat' dir='ltr'><strong>de</strong></span> 
     </span>
    </p>
   </div>
   <div class='ocr_carea' id='block_1_45' title="bbox 725 2961 2280 3030">
    <p class='ocr_par' dir='ltr' id='par_1_45' title="bbox 725 2961 2280 3030">
     <span class='ocr_line' id='line_1_45' title="bbox 725 2961 2280 3030; baseline -0.001 -16"><span class='ocrx_word' id='word_1_316' title='bbox 725 2961 1075 3026; x_wconf 60' lang='lat' dir='ltr'><strong>iroCcssione</strong></span> <span class='ocrx_word' id='word_1_317' title='bbox 1121 2963 1359 3030; x_wconf 84' lang='lat' dir='ltr'><strong>Spiritus</strong></span> <span class='ocrx_word' id='word_1_318' title='bbox 1396 2961 1602 3023; x_wconf 89' lang='lat' dir='ltr'><strong>sancti,</strong></span> <span class='ocrx_word' id='word_1_319' title='bbox 1634 2977 1752 3028; x_wconf 71' lang='lat' dir='ltr'><strong>quae</strong></span> <span class='ocrx_word' id='word_1_320' title='bbox 1807 2970 1985 3014; x_wconf 84' lang='lat' dir='ltr'><strong>exstat</strong></span> <span class='ocrx_word' id='word_1_321' title='bbox 2037 2961 2090 3013; x_wconf 92' lang='lat' dir='ltr'><strong>in</strong></span> <span class='ocrx_word' id='word_1_322' title='bbox 2133 2962 2280 3013; x_wconf 85' lang='lat' dir='ltr'><strong>calce</strong></span> 
     </span>
    </p>
   </div>
   <div class='ocr_carea' id='block_1_46' title="bbox 723 3052 2284 3116">
    <p class='ocr_par' dir='ltr' id='par_1_46' title="bbox 723 3052 2284 3116">
     <span class='ocr_line' id='line_1_46' title="bbox 723 3052 2284 3116; baseline 0.003 -16"><span class='ocrx_word' id='word_1_323' title='bbox 723 3055 924 3106; x_wconf 74' lang='lat' dir='ltr'><strong>(Indicis</strong></span> <span class='ocrx_word' id='word_1_324' title='bbox 953 3054 1225 3107; x_wconf 85' lang='lat' dir='ltr'><strong>Canonum</strong></span> <span class='ocrx_word' id='word_1_325' title='bbox 1254 3057 1437 3106; x_wconf 76' lang='lat' dir='ltr'><strong>reteris</strong></span> <span class='ocrx_word' id='word_1_326' title='bbox 1475 3053 1719 3108; x_wconf 75' lang='lat' dir='ltr'><strong>Ecclesia:</strong></span> <span class='ocrx_word' id='word_1_327' title='bbox 1751 3052 2002 3108; x_wconf 72' lang='lat' dir='ltr'><strong>Romana&#39;</strong></span> <span class='ocrx_word' id='word_1_328' title='bbox 2023 3095 2035 3116; x_wconf 88' lang='lat'><strong>,</strong></span> <span class='ocrx_word' id='word_1_329' title='bbox 2090 3053 2284 3106; x_wconf 88' lang='lat' dir='ltr'><strong>adver-</strong></span> 
     </span>
    </p>
   </div>
   <div class='ocr_carea' id='block_1_47' title="bbox 722 3145 2284 3214">
    <p class='ocr_par' dir='ltr' id='par_1_47' title="bbox 722 3145 2284 3214">
     <span class='ocr_line' id='line_1_47' title="bbox 722 3145 2284 3214; baseline 0.001 -18"><span class='ocrx_word' id='word_1_330' title='bbox 722 3162 839 3198; x_wconf 72' lang='lat' dir='ltr'><strong>sum</strong></span> <span class='ocrx_word' id='word_1_331' title='bbox 901 3145 1133 3198; x_wconf 83' lang='lat' dir='ltr'><strong>Baronio</strong></span> <span class='ocrx_word' id='word_1_332' title='bbox 1199 3148 1453 3214; x_wconf 65' lang='lat' dir='ltr'><strong>perhibet</strong></span> <span class='ocrx_word' id='word_1_333' title='bbox 1523 3148 1896 3201; x_wconf 73' lang='lat' dir='ltr'><strong>testiinonium</strong></span> <span class='ocrx_word' id='word_1_334' title='bbox 1949 3165 1960 3198; x_wconf 92' lang='lat'><strong>:</strong></span> <span class='ocrx_word' id='word_1_335' title='bbox 2016 3147 2284 3198; x_wconf 79' lang='lat' dir='ltr'><strong>Anastasii</strong></span> 
     </span>
    </p>
   </div>
   <div class='ocr_carea' id='block_1_48' title="bbox 725 3237 2283 3308">
    <p class='ocr_par' dir='ltr' id='par_1_48' title="bbox 725 3237 2283 3308">
     <span class='ocr_line' id='line_1_48' title="bbox 725 3237 2283 3308; baseline 0 -18"><span class='ocrx_word' id='word_1_336' title='bbox 725 3239 786 3290; x_wconf 87' lang='lat' dir='ltr'><strong>ll.</strong></span> <span class='ocrx_word' id='word_1_337' title='bbox 827 3237 891 3289; x_wconf 81' lang='grc' dir='ltr'><strong>Ε.</strong></span> <span class='ocrx_word' id='word_1_338' title='bbox 922 3237 1330 3301; x_wconf 78' lang='lat' dir='ltr'><strong>Bibliotherarii,</strong></span> <span class='ocrx_word' id='word_1_339' title='bbox 1369 3241 1654 3308; x_wconf 81' lang='lat' dir='ltr'><strong>inquiens,</strong></span> <span class='ocrx_word' id='word_1_340' title='bbox 1684 3241 1773 3307; x_wconf 81' lang='lat' dir='ltr'><strong>qui</strong></span> <span class='ocrx_word' id='word_1_341' title='bbox 1815 3241 1991 3292; x_wconf 87' lang='lat' dir='ltr'><strong>eodem</strong></span> <span class='ocrx_word' id='word_1_342' title='bbox 2023 3240 2129 3308; x_wconf 75' lang='lat' dir='ltr'><strong>fere</strong></span> <span class='ocrx_word' id='word_1_343' title='bbox 2154 3249 2283 3292; x_wconf 80' lang='lat' dir='ltr'><strong>tern-</strong></span> 
     </span>
    </p>
   </div>
   <div class='ocr_carea' id='block_1_49' title="bbox 725 3328 2286 3397">
    <p class='ocr_par' dir='ltr' id='par_1_49' title="bbox 725 3328 2286 3397">
     <span class='ocr_line' id='line_1_49' title="bbox 725 3328 2286 3397; baseline 0.001 -18"><span class='ocrx_word' id='word_1_344' title='bbox 725 3346 849 3397; x_wconf 85' lang='lat' dir='ltr'><strong>pore</strong></span> <span class='ocrx_word' id='word_1_345' title='bbox 881 3331 1025 3390; x_wconf 71' lang='lat' dir='ltr'><strong>rixit,</strong></span> <span class='ocrx_word' id='word_1_346' title='bbox 1057 3331 1217 3396; x_wconf 85' lang='lat' dir='ltr'><strong>paulo</strong></span> <span class='ocrx_word' id='word_1_347' title='bbox 1252 3339 1365 3396; x_wconf 86' lang='lat' dir='ltr'><strong>post</strong></span> <span class='ocrx_word' id='word_1_348' title='bbox 1397 3331 1487 3382; x_wconf 87' lang='lat' dir='ltr'><strong>sub</strong></span> <span class='ocrx_word' id='word_1_349' title='bbox 1518 3330 1722 3382; x_wconf 83' lang='lat' dir='ltr'><strong>Joanne</strong></span> <span class='ocrx_word' id='word_1_350' title='bbox 1766 3328 1898 3382; x_wconf 79' lang='grc' dir='ltr'>γιιι</span> <span class='ocrx_word' id='word_1_351' title='bbox 1930 3331 2166 3381; x_wconf 86' lang='lat' dir='ltr'><strong>eamdem</strong></span> <span class='ocrx_word' id='word_1_352' title='bbox 2201 3346 2286 3397; x_wconf 82' lang='lat' dir='ltr'><strong>sy-</strong></span> 
     </span>
    </p>
   </div>
   <div class='ocr_carea' id='block_1_50' title="bbox 729 3421 2288 3488">
    <p class='ocr_par' dir='ltr' id='par_1_50' title="bbox 729 3421 2288 3488">
     <span class='ocr_line' id='line_1_50' title="bbox 729 3421 2288 3488; baseline 0.001 -18"><span class='ocrx_word' id='word_1_353' title='bbox 729 3423 921 3473; x_wconf 75' lang='lat' dir='ltr'><strong>nodum</strong></span> <span class='ocrx_word' id='word_1_354' title='bbox 971 3421 1287 3488; x_wconf 69' lang='lat' dir='ltr'><strong>(Nicwttaan)</strong></span> <span class='ocrx_word' id='word_1_355' title='bbox 1333 3421 1522 3474; x_wconf 86' lang='lat' dir='ltr'><strong>Latine</strong></span> <span class='ocrx_word' id='word_1_356' title='bbox 1560 3424 1935 3487; x_wconf 81' lang='lat' dir='ltr'><strong>interpretatus</strong></span> <span class='ocrx_word' id='word_1_357' title='bbox 1985 3432 2080 3487; x_wconf 84' lang='lat' dir='ltr'><strong>est,</strong></span> <span class='ocrx_word' id='word_1_358' title='bbox 2128 3429 2288 3473; x_wconf 70' lang='lat' dir='ltr'><strong>codex</strong></span> 
     </span>
    </p>
   </div>
   <div class='ocr_carea' id='block_1_51' title="bbox 726 3513 2041 3580">
    <p class='ocr_par' dir='ltr' id='par_1_51' title="bbox 726 3513 2041 3580">
     <span class='ocr_line' id='line_1_51' title="bbox 726 3513 2041 3580; baseline 0.002 -18"><span class='ocrx_word' id='word_1_359' title='bbox 726 3513 866 3580; x_wconf 76' lang='lat' dir='ltr'><strong>apud</strong></span> <span class='ocrx_word' id='word_1_360' title='bbox 900 3529 987 3564; x_wconf 83' lang='lat' dir='ltr'><strong>nos</strong></span> <span class='ocrx_word' id='word_1_361' title='bbox 1017 3513 1440 3580; x_wconf 80' lang='lat' dir='ltr'><strong>antiquisssimus</strong></span> <span class='ocrx_word' id='word_1_362' title='bbox 1487 3513 1615 3565; x_wconf 83' lang='lat' dir='ltr'><strong>nihil</strong></span> <span class='ocrx_word' id='word_1_363' title='bbox 1647 3513 1757 3564; x_wconf 89' lang='lat' dir='ltr'><strong>tale</strong></span> <span class='ocrx_word' id='word_1_364' title='bbox 1793 3516 2041 3565; x_wconf 72' lang='lat' dir='ltr'><strong>t&#39;ortlittct.</strong></span> 
     </span>
    </p>
   </div>
   <div class='ocr_carea' id='block_1_52' title="bbox 761 3604 2292 3673">
    <p class='ocr_par' dir='ltr' id='par_1_52' title="bbox 761 3604 2292 3673">
     <span class='ocr_line' id='line_1_52' title="bbox 761 3604 2292 3673; baseline 0.001 -19"><span class='ocrx_word' id='word_1_365' title='bbox 761 3604 918 3662; x_wconf 35' lang='lat' dir='ltr'><strong>.Atio</strong></span> <span class='ocrx_word' id='word_1_366' title='bbox 958 3612 1164 3672; x_wconf 81' lang='lat' dir='ltr'><strong>pugnat</strong></span> <span class='ocrx_word' id='word_1_367' title='bbox 1220 3614 1546 3673; x_wconf 79' lang='lat' dir='ltr'><strong>argumento</strong></span> <span class='ocrx_word' id='word_1_368' title='bbox 1599 3605 1888 3658; x_wconf 87' lang='lat' dir='ltr'><strong>Annalium</strong></span> <span class='ocrx_word' id='word_1_369' title='bbox 1941 3621 2137 3672; x_wconf 87' lang='lat' dir='ltr'><strong>parens</strong></span> <span class='ocrx_word' id='word_1_370' title='bbox 2195 3622 2292 3666; x_wconf 81' lang='lat' dir='ltr'><strong>pro</strong></span> 
     </span>
    </p>
   </div>
   <div class='ocr_carea' id='block_1_53' title="bbox 732 3697 2292 3765">
    <p class='ocr_par' dir='ltr' id='par_1_53' title="bbox 732 3697 2292 3765">
     <span class='ocr_line' id='line_1_53' title="bbox 732 3697 2292 3765; baseline -0.001 -16"><span class='ocrx_word' id='word_1_371' title='bbox 732 3698 1035 3751; x_wconf 82' lang='lat' dir='ltr'><strong>additione.</strong></span> <span class='ocrx_word' id='word_1_372' title='bbox 1091 3697 1272 3765; x_wconf 82' lang='lat' dir='ltr'><strong>lnquit</strong></span> <span class='ocrx_word' id='word_1_373' title='bbox 1325 3714 1542 3751; x_wconf 90' lang='lat' dir='ltr'><strong>numer.</strong></span> <span class='ocrx_word' id='word_1_374' title='bbox 1588 3700 1654 3750; x_wconf 62' lang='lat'><strong>7:9</strong></span> <span class='ocrx_word' id='word_1_375' title='bbox 1713 3714 1725 3750; x_wconf 89' lang='lat'><strong>:</strong></span> <span class='ocrx_word' id='word_1_376' title='bbox 1782 3713 1797 3744; x_wconf 74' lang='grc' dir='ltr'><strong>ι</strong></span> <span class='ocrx_word' id='word_1_377' title='bbox 1847 3697 2115 3749; x_wconf 74' lang='lat' dir='ltr'><strong>Czeterum</strong></span> <span class='ocrx_word' id='word_1_378' title='bbox 2154 3697 2292 3749; x_wconf 87' lang='lat' dir='ltr'><strong>liber</strong></span> 
     </span>
    </p>
   </div>
   <div class='ocr_carea' id='block_1_54' title="bbox 734 3789 2293 3858">
    <p class='ocr_par' dir='ltr' id='par_1_54' title="bbox 734 3789 2293 3858">
     <span class='ocr_line' id='line_1_54' title="bbox 734 3789 2293 3858; baseline -0.001 -18"><span class='ocrx_word' id='word_1_379' title='bbox 734 3793 820 3843; x_wconf 88' lang='lat' dir='ltr'><strong>ille</strong></span> <span class='ocrx_word' id='word_1_380' title='bbox 856 3790 1058 3852; x_wconf 85' lang='lat' dir='ltr'><strong>dictus,</strong></span> <span class='ocrx_word' id='word_1_381' title='bbox 1090 3791 1400 3858; x_wconf 86' lang='lat' dir='ltr'><strong>Capitulare</strong></span> <span class='ocrx_word' id='word_1_382' title='bbox 1434 3792 1682 3844; x_wconf 83' lang='lat' dir='ltr'><strong>adversus</strong></span> <span class='ocrx_word' id='word_1_383' title='bbox 1718 3789 1992 3842; x_wconf 68' lang='lat' dir='ltr'><strong>Nica’nam</strong></span> <span class='ocrx_word' id='word_1_384' title='bbox 2015 3791 2293 3856; x_wconf 76' lang='lat' dir='ltr'><strong>synodum,</strong></span> 
     </span>
    </p>
   </div>
   <div class='ocr_carea' id='block_1_55' title="bbox 738 3878 2296 3951">
    <p class='ocr_par' dir='ltr' id='par_1_55' title="bbox 738 3878 2296 3951">
     <span class='ocr_line' id='line_1_55' title="bbox 738 3878 2296 3951; baseline -0.002 -18"><span class='ocrx_word' id='word_1_385' title='bbox 738 3883 938 3936; x_wconf 89' lang='lat' dir='ltr'><strong>missus</strong></span> <span class='ocrx_word' id='word_1_386' title='bbox 962 3899 990 3935; x_wconf 92' lang='lat' dir='ltr'><strong>a</strong></span> <span class='ocrx_word' id='word_1_387' title='bbox 1017 3883 1217 3936; x_wconf 89' lang='lat' dir='ltr'><strong>Carolo</strong></span> <span class='ocrx_word' id='word_1_388' title='bbox 1247 3881 1437 3951; x_wconf 78' lang='lat' dir='ltr'><strong>Magno</strong></span> <span class='ocrx_word' id='word_1_389' title='bbox 1462 3882 1526 3933; x_wconf 91' lang='lat' dir='ltr'><strong>ad</strong></span> <span class='ocrx_word' id='word_1_390' title='bbox 1556 3880 1854 3933; x_wconf 82' lang='lat' dir='ltr'><strong>Adrianum</strong></span> <span class='ocrx_word' id='word_1_391' title='bbox 1893 3880 1956 3948; x_wconf 73' lang='lat' dir='ltr'><strong>(l)</strong></span> <span class='ocrx_word' id='word_1_392' title='bbox 1994 3878 2152 3947; x_wconf 76' lang='lat'><strong>185</strong></span> <span class='ocrx_word' id='word_1_393' title='bbox 2193 3878 2296 3930; x_wconf 76' lang='lat' dir='ltr'><strong>lto-</strong></span> 
     </span>
    </p>
   </div>
   <div class='ocr_carea' id='block_1_56' title="bbox 737 3972 2298 4042">
    <p class='ocr_par' dir='ltr' id='par_1_56' title="bbox 737 3972 2298 4042">
     <span class='ocr_line' id='line_1_56' title="bbox 737 3972 2298 4042; baseline -0.002 -16"><span class='ocrx_word' id='word_1_394' title='bbox 737 3991 954 4029; x_wconf 88' lang='lat' dir='ltr'><strong>manum</strong></span> <span class='ocrx_word' id='word_1_395' title='bbox 1018 3975 1338 4029; x_wconf 83' lang='lat' dir='ltr'><strong>Pontilicem</strong></span> <span class='ocrx_word' id='word_1_396' title='bbox 1406 3974 1570 4042; x_wconf 89' lang='lat' dir='ltr'><strong>(idem</strong></span> <span class='ocrx_word' id='word_1_397' title='bbox 1615 3972 1763 4040; x_wconf 83' lang='lat' dir='ltr'><strong>Opus</strong></span> <span class='ocrx_word' id='word_1_398' title='bbox 1802 3980 1884 4025; x_wconf 86' lang='lat' dir='ltr'><strong>est</strong></span> <span class='ocrx_word' id='word_1_399' title='bbox 1940 3987 2065 4024; x_wconf 91' lang='lat' dir='ltr'><strong>cum</strong></span> <span class='ocrx_word' id='word_1_400' title='bbox 2123 3972 2298 4030; x_wconf 81' lang='lat' dir='ltr'><strong>libris,</strong></span> 
     </span>
    </p>
   </div>
   <div class='ocr_carea' id='block_1_57' title="bbox 733 4063 2302 4136">
    <p class='ocr_par' dir='ltr' id='par_1_57' title="bbox 733 4063 2302 4136">
     <span class='ocr_line' id='line_1_57' title="bbox 733 4063 2302 4136; baseline -0.004 -17"><span class='ocrx_word' id='word_1_401' title='bbox 733 4068 826 4136; x_wconf 85' lang='lat' dir='ltr'><strong>qui</strong></span> <span class='ocrx_word' id='word_1_402' title='bbox 883 4066 1124 4122; x_wconf 84' lang='lat' dir='ltr'><strong>Carolini</strong></span> <span class='ocrx_word' id='word_1_403' title='bbox 1175 4066 1485 4135; x_wconf 89' lang='lat' dir='ltr'><strong>vocantur),</strong></span> <span class='ocrx_word' id='word_1_404' title='bbox 1517 4078 1769 4134; x_wconf 78' lang='lat' dir='ltr'><strong>quamam</strong></span> <span class='ocrx_word' id='word_1_405' title='bbox 1822 4078 2078 4132; x_wconf 84' lang='lat' dir='ltr'><strong>germana</strong></span> <span class='ocrx_word' id='word_1_406' title='bbox 2136 4063 2302 4113; x_wconf 78' lang='lat' dir='ltr'><strong>fuerit</strong></span> 
     </span>
    </p>
   </div>
   <div class='ocr_carea' id='block_1_58' title="bbox 738 4153 2301 4228">
    <p class='ocr_par' dir='ltr' id='par_1_58' title="bbox 738 4153 2301 4228">
     <span class='ocr_line' id='line_1_58' title="bbox 738 4153 2301 4228; baseline -0.006 -15"><span class='ocrx_word' id='word_1_407' title='bbox 738 4163 902 4213; x_wconf 87' lang='lat' dir='ltr'><strong>lectio</strong></span> <span class='ocrx_word' id='word_1_408' title='bbox 919 4161 1037 4228; x_wconf 82' lang='lat' dir='ltr'><strong>ejus</strong></span> <span class='ocrx_word' id='word_1_409' title='bbox 1069 4170 1247 4212; x_wconf 75' lang='lat' dir='ltr'><strong>textus</strong></span> <span class='ocrx_word' id='word_1_410' title='bbox 1278 4159 1352 4224; x_wconf 89' lang='lat' dir='ltr'><strong>(in</strong></span> <span class='ocrx_word' id='word_1_411' title='bbox 1387 4157 1647 4225; x_wconf 78' lang='lat' dir='ltr'><strong>Symbolo</strong></span> <span class='ocrx_word' id='word_1_412' title='bbox 1669 4153 2301 4221; x_wconf 84' lang='lat' dir='ltr'><strong>Constantinopolitano)</strong></span> 
     </span>
    </p>
   </div>
   <div class='ocr_carea' id='block_1_59' title="bbox 737 4246 2305 4320">
    <p class='ocr_par' dir='ltr' id='par_1_59' title="bbox 737 4246 2305 4320">
     <span class='ocr_line' id='line_1_59' title="bbox 737 4246 2305 4320; baseline -0.004 -17"><span class='ocrx_word' id='word_1_413' title='bbox 737 4253 936 4306; x_wconf 64' lang='lat' dir='ltr'><strong>edocet</strong></span> <span class='ocrx_word' id='word_1_414' title='bbox 981 4270 992 4303; x_wconf 92' lang='lat'><strong>:</strong></span> <span class='ocrx_word' id='word_1_415' title='bbox 1037 4261 1226 4320; x_wconf 80' lang='lat' dir='ltr'><strong>utpote</strong></span> <span class='ocrx_word' id='word_1_416' title='bbox 1294 4251 1423 4319; x_wconf 83' lang='lat' dir='ltr'><strong>quia</strong></span> <span class='ocrx_word' id='word_1_417' title='bbox 1456 4251 1524 4302; x_wconf 90' lang='lat' dir='ltr'><strong>ab</strong></span> <span class='ocrx_word' id='word_1_418' title='bbox 1588 4258 1814 4303; x_wconf 87' lang='lat' dir='ltr'><strong>auctore</strong></span> <span class='ocrx_word' id='word_1_419' title='bbox 1865 4246 2305 4316; x_wconf 85' lang='lat' dir='ltr'><strong>reprehendatur</strong></span> 
     </span>
    </p>
   </div>
   <div class='ocr_carea' id='block_1_60' title="bbox 742 4339 2307 4408">
    <p class='ocr_par' dir='ltr' id='par_1_60' title="bbox 742 4339 2307 4408">
     <span class='ocr_line' id='line_1_60' title="bbox 742 4339 2307 4408; baseline -0.006 -11"><span class='ocrx_word' id='word_1_420' title='bbox 742 4343 907 4397; x_wconf 75' lang='lat' dir='ltr'><strong>(libro</strong></span> <span class='ocrx_word' id='word_1_421' title='bbox 947 4357 1029 4405; x_wconf 87' lang='lat' dir='ltr'><strong>in,</strong></span> <span class='ocrx_word' id='word_1_422' title='bbox 1064 4341 1240 4407; x_wconf 90' lang='lat' dir='ltr'><strong>capite</strong></span> <span class='ocrx_word' id='word_1_423' title='bbox 1271 4341 1325 4408; x_wconf 79' lang='grc'><strong>3)</strong></span> <span class='ocrx_word' id='word_1_424' title='bbox 1349 4382 1362 4401; x_wconf 84' lang='grc'><em>,</em></span> <span class='ocrx_word' id='word_1_425' title='bbox 1401 4339 1547 4408; x_wconf 90' lang='lat' dir='ltr'><strong>quod</strong></span> <span class='ocrx_word' id='word_1_426' title='bbox 1580 4339 1836 4392; x_wconf 82' lang='lat' dir='ltr'><strong>Tarasius</strong></span> <span class='ocrx_word' id='word_1_427' title='bbox 1869 4355 1973 4390; x_wconf 82' lang='lat' dir='ltr'><strong>non</strong></span> <span class='ocrx_word' id='word_1_428' title='bbox 2007 4346 2146 4389; x_wconf 80' lang='lat' dir='ltr'><strong>recte</strong></span> <span class='ocrx_word' id='word_1_429' title='bbox 2188 4352 2307 4388; x_wconf 87' lang='lat' dir='ltr'><strong>sen-</strong></span> 
     </span>
    </p>
   </div>
   <div class='ocr_carea' id='block_1_61' title="bbox 744 4427 2311 4505">
    <p class='ocr_par' dir='ltr' id='par_1_61' title="bbox 744 4427 2311 4505">
     <span class='ocr_line' id='line_1_61' title="bbox 744 4427 2311 4505; baseline -0.004 -19"><span class='ocrx_word' id='word_1_430' title='bbox 744 4439 862 4499; x_wconf 78' lang='lat' dir='ltr'><strong>tiat,</strong></span> <span class='ocrx_word' id='word_1_431' title='bbox 895 4437 985 4505; x_wconf 78' lang='lat' dir='ltr'><strong>qui</strong></span> <span class='ocrx_word' id='word_1_432' title='bbox 1024 4434 1282 4501; x_wconf 83' lang='lat' dir='ltr'><strong>Spiritum</strong></span> <span class='ocrx_word' id='word_1_433' title='bbox 1307 4443 1549 4485; x_wconf 81' lang='lat' dir='ltr'><strong>sanctum</strong></span> <span class='ocrx_word' id='word_1_434' title='bbox 1576 4448 1678 4492; x_wconf 84' lang='lat' dir='ltr'><strong>non</strong></span> <span class='ocrx_word' id='word_1_435' title='bbox 1703 4447 1764 4484; x_wconf 79' lang='lat' dir='ltr'><strong>ea;</strong></span> <span class='ocrx_word' id='word_1_436' title='bbox 1795 4430 1961 4484; x_wconf 84' lang='lat' dir='ltr'><strong>Patre</strong></span> <span class='ocrx_word' id='word_1_437' title='bbox 1983 4439 2031 4482; x_wconf 85' lang='lat' dir='ltr'><strong>et</strong></span> <span class='ocrx_word' id='word_1_438' title='bbox 2058 4427 2200 4480; x_wconf 78' lang='lat' dir='ltr'><strong>Filio</strong></span> <span class='ocrx_word' id='word_1_439' title='bbox 2229 4444 2311 4480; x_wconf 83' lang='lat' dir='ltr'><strong>se-</strong></span> 
     </span>
    </p>
   </div>
   <div class='ocr_carea' id='block_1_62' title="bbox 2371 1941 3930 2013">
    <p class='ocr_par' dir='ltr' id='par_1_62' title="bbox 2371 1941 3930 2013">
     <span class='ocr_line' id='line_1_62' title="bbox 2371 1941 3930 2013; baseline -0.007 -12"><span class='ocrx_word' id='word_1_440' title='bbox 2371 1958 2730 2001; x_wconf 86' lang='lat' dir='ltr'><strong>inonstratnnl</strong></span> <span class='ocrx_word' id='word_1_441' title='bbox 2792 1948 2865 2000; x_wconf 92' lang='lat' dir='ltr'><strong>sit</strong></span> <span class='ocrx_word' id='word_1_442' title='bbox 2911 1947 2962 1999; x_wconf 90' lang='lat' dir='ltr'><strong>in</strong></span> <span class='ocrx_word' id='word_1_443' title='bbox 3023 1949 3204 2013; x_wconf 83' lang='lat' dir='ltr'><strong>priore</strong></span> <span class='ocrx_word' id='word_1_444' title='bbox 3262 1944 3666 1998; x_wconf 79' lang='lat' dir='ltr'><strong>dissertatione.</strong></span> <span class='ocrx_word' id='word_1_445' title='bbox 3729 1941 3930 1996; x_wconf 79' lang='lat' dir='ltr'><strong>Contra</strong></span> 
     </span>
    </p>
   </div>
   <div class='ocr_carea' id='block_1_63' title="bbox 2371 2032 3945 2093">
    <p class='ocr_par' dir='ltr' id='par_1_63' title="bbox 2371 2032 3945 2093">
     <span class='ocr_line' id='line_1_63' title="bbox 2371 2032 3945 2093; baseline -0.003 -4"><span class='ocrx_word' id='word_1_446' title='bbox 2371 2039 2744 2093; x_wconf 87' lang='lat' dir='ltr'><strong>adversarium</strong></span> <span class='ocrx_word' id='word_1_447' title='bbox 2800 2038 3045 2090; x_wconf 87' lang='lat' dir='ltr'><strong>vindieat</strong></span> <span class='ocrx_word' id='word_1_448' title='bbox 3103 2035 3405 2089; x_wconf 83' lang='lat' dir='ltr'><strong>Tarasiana</strong></span> <span class='ocrx_word' id='word_1_449' title='bbox 3467 2034 3631 2088; x_wconf 83' lang='lat' dir='ltr'><strong>verba</strong></span> <span class='ocrx_word' id='word_1_450' title='bbox 3668 2032 3945 2086; x_wconf 82' lang='lat' dir='ltr'><strong>Adrianus</strong></span> 
     </span>
    </p>
   </div>
   <div class='ocr_carea' id='block_1_64' title="bbox 2377 2122 3945 2199">
    <p class='ocr_par' dir='ltr' id='par_1_64' title="bbox 2377 2122 3945 2199">
     <span class='ocr_line' id='line_1_64' title="bbox 2377 2122 3945 2199; baseline -0.004 -17"><span class='ocrx_word' id='word_1_451' title='bbox 2377 2131 2414 2188; x_wconf 88' lang='grc' dir='ltr'><strong>Ι.</strong></span> <span class='ocrx_word' id='word_1_452' title='bbox 2447 2131 2500 2183; x_wconf 87' lang='lat' dir='ltr'><strong>ili</strong></span> <span class='ocrx_word' id='word_1_453' title='bbox 2533 2131 2760 2199; x_wconf 88' lang='lat' dir='ltr'><strong>cpistola</strong></span> <span class='ocrx_word' id='word_1_454' title='bbox 2813 2130 2876 2182; x_wconf 87' lang='lat' dir='ltr'><strong>ad</strong></span> <span class='ocrx_word' id='word_1_455' title='bbox 2927 2129 3184 2180; x_wconf 74' lang='lat' dir='ltr'><strong>Carolum</strong></span> <span class='ocrx_word' id='word_1_456' title='bbox 3247 2143 3448 2196; x_wconf 78' lang='lat' dir='ltr'><strong>regem,</strong></span> <span class='ocrx_word' id='word_1_457' title='bbox 3483 2142 3603 2194; x_wconf 83' lang='lat' dir='ltr'><strong>qua:</strong></span> <span class='ocrx_word' id='word_1_458' title='bbox 3639 2125 3779 2192; x_wconf 87' lang='lat' dir='ltr'><strong>apud</strong></span> <span class='ocrx_word' id='word_1_459' title='bbox 3809 2122 3945 2175; x_wconf 85' lang='lat' dir='ltr'><strong>Lab-</strong></span> 
     </span>
    </p>
   </div>
   <div class='ocr_carea' id='block_1_65' title="bbox 2378 2217 3946 2293">
    <p class='ocr_par' dir='ltr' id='par_1_65' title="bbox 2378 2217 3946 2293">
     <span class='ocr_line' id='line_1_65' title="bbox 2378 2217 3946 2293; baseline -0.004 -18"><span class='ocrx_word' id='word_1_460' title='bbox 2378 2225 2534 2277; x_wconf 85' lang='lat' dir='ltr'><strong>bcuni</strong></span> <span class='ocrx_word' id='word_1_461' title='bbox 2590 2235 2800 2293; x_wconf 87' lang='lat' dir='ltr'><strong>prostat</strong></span> <span class='ocrx_word' id='word_1_462' title='bbox 2861 2235 2982 2292; x_wconf 84' lang='lat' dir='ltr'><strong>post</strong></span> <span class='ocrx_word' id='word_1_463' title='bbox 3010 2223 3201 2276; x_wconf 87' lang='lat' dir='ltr'><strong>Latina</strong></span> <span class='ocrx_word' id='word_1_464' title='bbox 3228 2223 3470 2290; x_wconf 67' lang='lat' dir='ltr'><strong>ejusdem</strong></span> <span class='ocrx_word' id='word_1_465' title='bbox 3501 2220 3691 2290; x_wconf 67' lang='lat' dir='ltr'><strong>synodi</strong></span> <span class='ocrx_word' id='word_1_466' title='bbox 3716 2217 3946 2271; x_wconf 57' lang='lat' dir='ltr'><strong>Nicen-.3</strong></span> 
     </span>
    </p>
   </div>
   <div class='ocr_carea' id='block_1_66' title="bbox 2377 2309 3944 2383">
    <p class='ocr_par' dir='ltr' id='par_1_66' title="bbox 2377 2309 3944 2383">
     <span class='ocr_line' id='line_1_66' title="bbox 2377 2309 3944 2383; baseline -0.004 -16"><span class='ocrx_word' id='word_1_467' title='bbox 2377 2321 2530 2378; x_wconf 74' lang='lat' dir='ltr'><strong>Acta,</strong></span> <span class='ocrx_word' id='word_1_468' title='bbox 2587 2316 2862 2383; x_wconf 71' lang='lat' dir='ltr'><strong>congestis</strong></span> <span class='ocrx_word' id='word_1_469' title='bbox 2912 2313 3330 2383; x_wconf 82' lang='lat' dir='ltr'><strong>quampluribus</strong></span> <span class='ocrx_word' id='word_1_470' title='bbox 3373 2321 3687 2364; x_wconf 87' lang='lat' dir='ltr'><strong>sanctorum</strong></span> <span class='ocrx_word' id='word_1_471' title='bbox 3723 2309 3944 2360; x_wconf 83' lang='lat' dir='ltr'><strong>Patrum</strong></span> 
     </span>
    </p>
   </div>
   <div class='ocr_carea' id='block_1_67' title="bbox 2379 2402 3948 2461">
    <p class='ocr_par' dir='ltr' id='par_1_67' title="bbox 2379 2402 3948 2461">
     <span class='ocr_line' id='line_1_67' title="bbox 2379 2402 3948 2461; baseline -0.005 -2"><span class='ocrx_word' id='word_1_472' title='bbox 2379 2408 2733 2461; x_wconf 74' lang='lat' dir='ltr'><strong>testimoniis.</strong></span> <span class='ocrx_word' id='word_1_473' title='bbox 2799 2406 2920 2459; x_wconf 73' lang='lat' dir='ltr'><strong>llwe</strong></span> <span class='ocrx_word' id='word_1_474' title='bbox 2991 2421 3109 2458; x_wconf 76' lang='lat' dir='ltr'><strong>vero</strong></span> <span class='ocrx_word' id='word_1_475' title='bbox 3166 2406 3210 2457; x_wconf 87' lang='lat' dir='ltr'><strong>si</strong></span> <span class='ocrx_word' id='word_1_476' title='bbox 3283 2412 3485 2456; x_wconf 87' lang='lat' dir='ltr'><strong>attente</strong></span> <span class='ocrx_word' id='word_1_477' title='bbox 3550 2402 3948 2454; x_wconf 76' lang='lat' dir='ltr'><strong>coiisiderentur</strong></span> 
     </span>
    </p>
   </div>
   <div class='ocr_carea' id='block_1_68' title="bbox 2381 2493 3946 2566">
    <p class='ocr_par' dir='ltr' id='par_1_68' title="bbox 2381 2493 3946 2566">
     <span class='ocr_line' id='line_1_68' title="bbox 2381 2493 3946 2566; baseline -0.006 -14"><span class='ocrx_word' id='word_1_478' title='bbox 2381 2499 2983 2566; x_wconf 68' lang='lat' dir='ltr'><strong>(adnotatLequienns.</strong></span> <span class='ocrx_word' id='word_1_479' title='bbox 3041 2496 3492 2549; x_wconf 75' lang='lat' dir='ltr'><strong>dissertationel</strong></span> <span class='ocrx_word' id='word_1_480' title='bbox 3555 2493 3946 2546; x_wconf 69' lang='lat' dir='ltr'><strong>Dautascen?c-.1</strong></span> 
     </span>
    </p>
   </div>
   <div class='ocr_carea' id='block_1_69' title="bbox 2381 2587 3946 2658">
    <p class='ocr_par' dir='ltr' id='par_1_69' title="bbox 2381 2587 3946 2658">
     <span class='ocr_line' id='line_1_69' title="bbox 2381 2587 3946 2658; baseline -0.009 -11"><span class='ocrx_word' id='word_1_481' title='bbox 2381 2611 2530 2647; x_wconf 89' lang='lat' dir='ltr'><strong>num.</strong></span> <span class='ocrx_word' id='word_1_482' title='bbox 2577 2592 2843 2658; x_wconf 72' lang='lat' dir='ltr'><strong>12),nihil</strong></span> <span class='ocrx_word' id='word_1_483' title='bbox 2908 2590 3058 2642; x_wconf 79' lang='lat' dir='ltr'><strong>aliud</strong></span> <span class='ocrx_word' id='word_1_484' title='bbox 3110 2605 3202 2658; x_wconf 86' lang='lat' dir='ltr'><strong>pro</strong></span> <span class='ocrx_word' id='word_1_485' title='bbox 3257 2589 3447 2657; x_wconf 80' lang='lat' dir='ltr'><strong>majori</strong></span> <span class='ocrx_word' id='word_1_486' title='bbox 3477 2595 3628 2649; x_wconf 85' lang='lat' dir='ltr'><strong>parte</strong></span> <span class='ocrx_word' id='word_1_487' title='bbox 3651 2587 3946 2644; x_wconf 88' lang='lat' dir='ltr'><strong>enuntiant,</strong></span> 
     </span>
    </p>
   </div>
   <div class='ocr_carea' id='block_1_70' title="bbox 2384 2676 3952 2752">
    <p class='ocr_par' dir='ltr' id='par_1_70' title="bbox 2384 2676 3952 2752">
     <span class='ocr_line' id='line_1_70' title="bbox 2384 2676 3952 2752; baseline -0.007 -14"><span class='ocrx_word' id='word_1_488' title='bbox 2384 2687 2482 2739; x_wconf 85' lang='lat' dir='ltr'><strong>nisi</strong></span> <span class='ocrx_word' id='word_1_489' title='bbox 2537 2683 2797 2752; x_wconf 82' lang='lat' dir='ltr'><strong>Spiritum</strong></span> <span class='ocrx_word' id='word_1_490' title='bbox 2846 2692 3091 2734; x_wconf 84' lang='lat' dir='ltr'><strong>sanctum</strong></span> <span class='ocrx_word' id='word_1_491' title='bbox 3118 2699 3148 2732; x_wconf 90' lang='lat' dir='ltr'><strong>a</strong></span> <span class='ocrx_word' id='word_1_492' title='bbox 3179 2680 3344 2732; x_wconf 79' lang='lat' dir='ltr'><strong>Patre</strong></span> <span class='ocrx_word' id='word_1_493' title='bbox 3369 2695 3461 2745; x_wconf 84' lang='lat' dir='ltr'><strong>per</strong></span> <span class='ocrx_word' id='word_1_494' title='bbox 3495 2676 3696 2730; x_wconf 84' lang='lat' dir='ltr'><strong>Filium</strong></span> <span class='ocrx_word' id='word_1_495' title='bbox 3734 2677 3952 2728; x_wconf 83' lang='lat' dir='ltr'><strong>hornini-</strong></span> 
     </span>
    </p>
   </div>
   <div class='ocr_carea' id='block_1_71' title="bbox 2384 2768 3952 2840">
    <p class='ocr_par' dir='ltr' id='par_1_71' title="bbox 2384 2768 3952 2840">
     <span class='ocr_line' id='line_1_71' title="bbox 2384 2768 3952 2840; baseline -0.006 -12"><span class='ocrx_word' id='word_1_496' title='bbox 2384 2778 2474 2829; x_wconf 87' lang='lat' dir='ltr'><strong>bus</strong></span> <span class='ocrx_word' id='word_1_497' title='bbox 2519 2775 2752 2829; x_wconf 84' lang='lat' dir='ltr'><strong>concedi.</strong></span> <span class='ocrx_word' id='word_1_498' title='bbox 2795 2773 2861 2827; x_wconf 83' lang='lat' dir='ltr'><strong>At</strong></span> <span class='ocrx_word' id='word_1_499' title='bbox 2891 2773 3215 2840; x_wconf 84' lang='lat' dir='ltr'><strong>quamplura</strong></span> <span class='ocrx_word' id='word_1_500' title='bbox 3265 2786 3364 2823; x_wconf 89' lang='lat' dir='ltr'><strong>nos</strong></span> <span class='ocrx_word' id='word_1_501' title='bbox 3395 2770 3578 2838; x_wconf 87' lang='lat' dir='ltr'><strong>priore</strong></span> <span class='ocrx_word' id='word_1_502' title='bbox 3609 2769 3658 2820; x_wconf 90' lang='lat' dir='ltr'><strong>in</strong></span> <span class='ocrx_word' id='word_1_503' title='bbox 3689 2768 3800 2820; x_wconf 84' lang='lat' dir='ltr'><strong>diss</strong></span> <span class='ocrx_word' id='word_1_504' title='bbox 3822 2776 3952 2818; x_wconf 71' lang='lat' dir='ltr'><strong>&#39;rla-</strong></span> 
     </span>
    </p>
   </div>
   <div class='ocr_carea' id='block_1_72' title="bbox 2387 2858 3951 2932">
    <p class='ocr_par' dir='ltr' id='par_1_72' title="bbox 2387 2858 3951 2932">
     <span class='ocr_line' id='line_1_72' title="bbox 2387 2858 3951 2932; baseline -0.006 -12"><span class='ocrx_word' id='word_1_505' title='bbox 2387 2869 2533 2920; x_wconf 80' lang='lat' dir='ltr'><strong>tione</strong></span> <span class='ocrx_word' id='word_1_506' title='bbox 2588 2865 2975 2932; x_wconf 67' lang='lat' dir='ltr'><strong>espendimus,</strong></span> <span class='ocrx_word' id='word_1_507' title='bbox 3040 2879 3160 2930; x_wconf 73' lang='lat' dir='ltr'><strong>quze</strong></span> <span class='ocrx_word' id='word_1_508' title='bbox 3213 2871 3473 2914; x_wconf 67' lang='lat' dir='ltr'><strong>aeternam</strong></span> <span class='ocrx_word' id='word_1_509' title='bbox 3501 2858 3742 2918; x_wconf 80' lang='lat' dir='ltr'><strong>Spiritus</strong></span> <span class='ocrx_word' id='word_1_510' title='bbox 3779 2858 3951 2910; x_wconf 83' lang='lat' dir='ltr'><strong>sancti</strong></span> 
     </span>
    </p>
   </div>
   <div class='ocr_carea' id='block_1_73' title="bbox 2387 2948 3956 3018">
    <p class='ocr_par' dir='ltr' id='par_1_73' title="bbox 2387 2948 3956 3018">
     <span class='ocr_line' id='line_1_73' title="bbox 2387 2948 3956 3018; baseline -0.005 -10"><span class='ocrx_word' id='word_1_511' title='bbox 2387 2975 2416 3008; x_wconf 80' lang='grc' dir='ltr'><strong>ιι</strong></span> <span class='ocrx_word' id='word_1_512' title='bbox 2457 2957 2618 3009; x_wconf 85' lang='lat' dir='ltr'><strong>Patre</strong></span> <span class='ocrx_word' id='word_1_513' title='bbox 2651 2968 2697 3009; x_wconf 91' lang='lat' dir='ltr'><strong>et</strong></span> <span class='ocrx_word' id='word_1_514' title='bbox 2731 2974 2762 3008; x_wconf 91' lang='lat' dir='ltr'><strong>a</strong></span> <span class='ocrx_word' id='word_1_515' title='bbox 2793 2953 2951 3014; x_wconf 85' lang='lat' dir='ltr'><strong>Filio,</strong></span> <span class='ocrx_word' id='word_1_516' title='bbox 2978 2954 3061 3006; x_wconf 86' lang='lat' dir='ltr'><strong>vel</strong></span> <span class='ocrx_word' id='word_1_517' title='bbox 3100 2971 3130 3005; x_wconf 84' lang='grc' dir='ltr'><em>α</em></span> <span class='ocrx_word' id='word_1_518' title='bbox 3169 2952 3334 3005; x_wconf 86' lang='lat' dir='ltr'><strong>Patre</strong></span> <span class='ocrx_word' id='word_1_519' title='bbox 3385 2968 3480 3018; x_wconf 88' lang='lat' dir='ltr'><strong>per</strong></span> <span class='ocrx_word' id='word_1_520' title='bbox 3536 2949 3734 3001; x_wconf 79' lang='lat' dir='ltr'><strong>Filium</strong></span> <span class='ocrx_word' id='word_1_521' title='bbox 3788 2948 3956 3015; x_wconf 60' lang='lat' dir='ltr'><strong>origio</strong></span> 
     </span>
    </p>
   </div>
   <div class='ocr_carea' id='block_1_74' title="bbox 2389 3041 3955 3117">
    <p class='ocr_par' dir='ltr' id='par_1_74' title="bbox 2389 3041 3955 3117">
     <span class='ocr_line' id='line_1_74' title="bbox 2389 3041 3955 3117; baseline -0.006 -16"><span class='ocrx_word' id='word_1_522' title='bbox 2389 3065 2511 3101; x_wconf 89' lang='lat' dir='ltr'><strong>nem</strong></span> <span class='ocrx_word' id='word_1_523' title='bbox 2571 3050 2822 3117; x_wconf 89' lang='lat' dir='ltr'><strong>probant.</strong></span> <span class='ocrx_word' id='word_1_524' title='bbox 2876 3048 2926 3100; x_wconf 84' lang='lat' dir='ltr'><strong>ld</strong></span> <span class='ocrx_word' id='word_1_525' title='bbox 2991 3047 3152 3099; x_wconf 90' lang='lat' dir='ltr'><strong>etiam</strong></span> <span class='ocrx_word' id='word_1_526' title='bbox 3200 3046 3482 3102; x_wconf 75' lang='lat' dir='ltr'><strong>evincunt.</strong></span> <span class='ocrx_word' id='word_1_527' title='bbox 3538 3059 3658 3111; x_wconf 70' lang='lat' dir='ltr'><strong>quae</strong></span> <span class='ocrx_word' id='word_1_528' title='bbox 3689 3041 3955 3109; x_wconf 86' lang='lat' dir='ltr'><strong>Spiritum</strong></span> 
     </span>
    </p>
   </div>
   <div class='ocr_carea' id='block_1_75' title="bbox 2389 3133 3955 3201">
    <p class='ocr_par' dir='ltr' id='par_1_75' title="bbox 2389 3133 3955 3201">
     <span class='ocr_line' id='line_1_75' title="bbox 2389 3133 3955 3201; baseline -0.004 -10"><span class='ocrx_word' id='word_1_529' title='bbox 2389 3149 2687 3192; x_wconf 89' lang='lat' dir='ltr'><strong>sanctuma</strong></span> <span class='ocrx_word' id='word_1_530' title='bbox 2725 3139 2882 3191; x_wconf 82' lang='lat' dir='ltr'><strong>Patre</strong></span> <span class='ocrx_word' id='word_1_531' title='bbox 2918 3149 2970 3190; x_wconf 89' lang='lat' dir='ltr'><strong>et</strong></span> <span class='ocrx_word' id='word_1_532' title='bbox 3007 3155 3032 3188; x_wconf 87' lang='lat' dir='ltr'><strong>a</strong></span> <span class='ocrx_word' id='word_1_533' title='bbox 3062 3137 3219 3197; x_wconf 80' lang='lat' dir='ltr'><strong>Filio,</strong></span> <span class='ocrx_word' id='word_1_534' title='bbox 3257 3152 3350 3188; x_wconf 85' lang='lat' dir='ltr'><strong>seu</strong></span> <span class='ocrx_word' id='word_1_535' title='bbox 3390 3151 3418 3187; x_wconf 88' lang='lat' dir='ltr'><strong>a</strong></span> <span class='ocrx_word' id='word_1_536' title='bbox 3447 3135 3604 3188; x_wconf 76' lang='lat' dir='ltr'><strong>Patre</strong></span> <span class='ocrx_word' id='word_1_537' title='bbox 3635 3149 3731 3201; x_wconf 84' lang='lat' dir='ltr'><strong>per</strong></span> <span class='ocrx_word' id='word_1_538' title='bbox 3758 3133 3955 3185; x_wconf 74' lang='lat' dir='ltr'><strong>Filium</strong></span> 
     </span>
    </p>
   </div>
   <div class='ocr_carea' id='block_1_76' title="bbox 2393 3224 3961 3282">
    <p class='ocr_par' dir='ltr' id='par_1_76' title="bbox 2393 3224 3961 3282">
     <span class='ocr_line' id='line_1_76' title="bbox 2393 3224 3961 3282; baseline -0.003 -2"><span class='ocrx_word' id='word_1_539' title='bbox 2393 3231 2527 3281; x_wconf 85' lang='lat' dir='ltr'><strong>mitti</strong></span> <span class='ocrx_word' id='word_1_540' title='bbox 2561 3229 2867 3282; x_wconf 81' lang='lat' dir='ltr'><strong>cnuntiant.</strong></span> <span class='ocrx_word' id='word_1_541' title='bbox 2935 3227 3044 3279; x_wconf 79' lang='lat' dir='ltr'><strong>Cur</strong></span> <span class='ocrx_word' id='word_1_542' title='bbox 3091 3244 3193 3279; x_wconf 92' lang='lat' dir='ltr'><strong>non</strong></span> <span class='ocrx_word' id='word_1_543' title='bbox 3260 3242 3410 3282; x_wconf 85' lang='lat' dir='ltr'><strong>vero.</strong></span> <span class='ocrx_word' id='word_1_544' title='bbox 3464 3242 3586 3278; x_wconf 95' lang='lat' dir='ltr'><strong>cum</strong></span> <span class='ocrx_word' id='word_1_545' title='bbox 3631 3226 3682 3276; x_wconf 92' lang='lat' dir='ltr'><strong>in</strong></span> <span class='ocrx_word' id='word_1_546' title='bbox 3714 3224 3961 3277; x_wconf 60' lang='lat' dir='ltr'><strong>Mission;</strong></span> 
     </span>
    </p>
   </div>
   <div class='ocr_carea' id='block_1_77' title="bbox 2390 3313 3962 3386">
    <p class='ocr_par' dir='ltr' id='par_1_77' title="bbox 2390 3313 3962 3386">
     <span class='ocr_line' id='line_1_77' title="bbox 2390 3313 3962 3386; baseline -0.003 -17"><span class='ocrx_word' id='word_1_547' title='bbox 2390 3319 2604 3386; x_wconf 85' lang='lat' dir='ltr'><strong>proprie</strong></span> <span class='ocrx_word' id='word_1_548' title='bbox 2638 3319 2779 3370; x_wconf 88' lang='lat' dir='ltr'><strong>dicta</strong></span> <span class='ocrx_word' id='word_1_549' title='bbox 2813 3318 2922 3370; x_wconf 92' lang='lat' dir='ltr'><strong>duo</strong></span> <span class='ocrx_word' id='word_1_550' title='bbox 2949 3325 3303 3376; x_wconf 82' lang='lat' dir='ltr'><strong>concurrant,</strong></span> <span class='ocrx_word' id='word_1_551' title='bbox 3358 3323 3575 3366; x_wconf 75' lang='lat' dir='ltr'><strong>externa</strong></span> <span class='ocrx_word' id='word_1_552' title='bbox 3620 3313 3801 3380; x_wconf 85' lang='lat' dir='ltr'><strong>aliqua</strong></span> <span class='ocrx_word' id='word_1_553' title='bbox 3830 3328 3962 3378; x_wconf 86' lang='lat' dir='ltr'><strong>pro-</strong></span> 
     </span>
    </p>
   </div>
   <div class='ocr_carea' id='block_1_78' title="bbox 2391 3405 3958 3479">
    <p class='ocr_par' dir='ltr' id='par_1_78' title="bbox 2391 3405 3958 3479">
     <span class='ocr_line' id='line_1_78' title="bbox 2391 3405 3958 3479; baseline -0.006 -16"><span class='ocrx_word' id='word_1_554' title='bbox 2391 3411 2574 3463; x_wconf 89' lang='lat' dir='ltr'><strong>ductio</strong></span> <span class='ocrx_word' id='word_1_555' title='bbox 2637 3409 2885 3470; x_wconf 78' lang='lat' dir='ltr'><strong>ell&#39;ectus,</strong></span> <span class='ocrx_word' id='word_1_556' title='bbox 2947 3410 3104 3479; x_wconf 85' lang='lat' dir='ltr'><strong>cujus</strong></span> <span class='ocrx_word' id='word_1_557' title='bbox 3170 3407 3329 3476; x_wconf 75' lang='lat'><strong>186</strong></span> <span class='ocrx_word' id='word_1_558' title='bbox 3387 3408 3598 3460; x_wconf 79' lang='lat' dir='ltr'><strong>ratiunu</strong></span> <span class='ocrx_word' id='word_1_559' title='bbox 3637 3405 3958 3472; x_wconf 85' lang='lat' dir='ltr'><strong>specialiter</strong></span> 
     </span>
    </p>
   </div>
   <div class='ocr_carea' id='block_1_79' title="bbox 2393 3493 3961 3570">
    <p class='ocr_par' dir='ltr' id='par_1_79' title="bbox 2393 3493 3961 3570">
     <span class='ocr_line' id='line_1_79' title="bbox 2393 3493 3961 3570; baseline -0.008 -14"><span class='ocrx_word' id='word_1_560' title='bbox 2393 3503 2697 3556; x_wconf 85' lang='lat' dir='ltr'><strong>inhabitare</strong></span> <span class='ocrx_word' id='word_1_561' title='bbox 2730 3516 2956 3570; x_wconf 86' lang='lat' dir='ltr'><strong>persona</strong></span> <span class='ocrx_word' id='word_1_562' title='bbox 2999 3500 3222 3560; x_wconf 88' lang='lat' dir='ltr'><strong>dicitur,</strong></span> <span class='ocrx_word' id='word_1_563' title='bbox 3251 3513 3372 3567; x_wconf 74' lang='lat' dir='ltr'><strong>qua:</strong></span> <span class='ocrx_word' id='word_1_564' title='bbox 3393 3496 3651 3557; x_wconf 89' lang='lat' dir='ltr'><strong>mittitur,</strong></span> <span class='ocrx_word' id='word_1_565' title='bbox 3673 3493 3768 3547; x_wconf 81' lang='lat' dir='ltr'><strong>sed</strong></span> <span class='ocrx_word' id='word_1_566' title='bbox 3793 3494 3961 3546; x_wconf 86' lang='lat' dir='ltr'><strong>etiam</strong></span> 
     </span>
    </p>
   </div>
   <div class='ocr_carea' id='block_1_80' title="bbox 2393 3583 3964 3662">
    <p class='ocr_par' dir='ltr' id='par_1_80' title="bbox 2393 3583 3964 3662">
     <span class='ocr_line' id='line_1_80' title="bbox 2393 3583 3964 3662; baseline -0.006 -17"><span class='ocrx_word' id='word_1_567' title='bbox 2393 3595 2634 3662; x_wconf 72' lang='lat' dir='ltr'><strong>ejusdem</strong></span> <span class='ocrx_word' id='word_1_568' title='bbox 2671 3607 2915 3660; x_wconf 66' lang='lat' dir='ltr'><strong>persona:</strong></span> <span class='ocrx_word' id='word_1_569' title='bbox 2948 3591 3124 3644; x_wconf 58' lang='lat' dir='ltr'><strong>missae</strong></span> <span class='ocrx_word' id='word_1_570' title='bbox 3157 3589 3477 3657; x_wconf 85' lang='lat' dir='ltr'><strong>sempiterna</strong></span> <span class='ocrx_word' id='word_1_571' title='bbox 3529 3583 3834 3654; x_wconf 84' lang='lat' dir='ltr'><strong>processio?</strong></span> <span class='ocrx_word' id='word_1_572' title='bbox 3859 3583 3964 3636; x_wconf 86' lang='lat' dir='ltr'><strong>Ita-</strong></span> 
     </span>
    </p>
   </div>
   <div class='ocr_carea' id='block_1_81' title="bbox 2396 3677 3966 3757">
    <p class='ocr_par' dir='ltr' id='par_1_81' title="bbox 2396 3677 3966 3757">
     <span class='ocr_line' id='line_1_81' title="bbox 2396 3677 3966 3757; baseline -0.006 -18"><span class='ocrx_word' id='word_1_573' title='bbox 2396 3705 2502 3757; x_wconf 89' lang='lat' dir='ltr'><strong>que</strong></span> <span class='ocrx_word' id='word_1_574' title='bbox 2561 3704 2686 3742; x_wconf 92' lang='lat' dir='ltr'><strong>eum</strong></span> <span class='ocrx_word' id='word_1_575' title='bbox 2740 3687 2978 3755; x_wconf 88' lang='lat' dir='ltr'><strong>Spiritus</strong></span> <span class='ocrx_word' id='word_1_576' title='bbox 3036 3693 3259 3738; x_wconf 86' lang='lat' dir='ltr'><strong>sanctus</strong></span> <span class='ocrx_word' id='word_1_577' title='bbox 3315 3677 3807 3735; x_wconf 72' lang='lat' dir='ltr'><strong>mittatural‘atre</strong></span> <span class='ocrx_word' id='word_1_578' title='bbox 3840 3687 3893 3730; x_wconf 89' lang='lat' dir='ltr'><strong>et</strong></span> <span class='ocrx_word' id='word_1_579' title='bbox 3933 3692 3966 3729; x_wconf 85' lang='lat' dir='ltr'><strong>a</strong></span> 
     </span>
    </p>
   </div>
   <div class='ocr_carea' id='block_1_82' title="bbox 2400 3775 3466 3850">
    <p class='ocr_par' dir='ltr' id='par_1_82' title="bbox 2400 3775 3466 3850">
     <span class='ocr_line' id='line_1_82' title="bbox 2400 3775 3466 3850; baseline -0.007 -15"><span class='ocrx_word' id='word_1_580' title='bbox 2400 3783 2558 3839; x_wconf 78' lang='lat' dir='ltr'><strong>Filio.</strong></span> <span class='ocrx_word' id='word_1_581' title='bbox 2590 3783 2658 3836; x_wconf 88' lang='lat' dir='ltr'><strong>ab</strong></span> <span class='ocrx_word' id='word_1_582' title='bbox 2694 3789 2926 3850; x_wconf 87' lang='lat' dir='ltr'><strong>utroque</strong></span> <span class='ocrx_word' id='word_1_583' title='bbox 2962 3779 3171 3848; x_wconf 89' lang='lat' dir='ltr'><strong>pariter</strong></span> <span class='ocrx_word' id='word_1_584' title='bbox 3198 3775 3466 3844; x_wconf 89' lang='lat' dir='ltr'><strong>procedit.</strong></span> 
     </span>
    </p>
   </div>
   <div class='ocr_carea' id='block_1_83' title="bbox 2471 3863 3970 3942">
    <p class='ocr_par' dir='ltr' id='par_1_83' title="bbox 2471 3863 3970 3942">
     <span class='ocr_line' id='line_1_83' title="bbox 2471 3863 3970 3942; baseline -0.009 -15"><span class='ocrx_word' id='word_1_585' title='bbox 2471 3876 2650 3929; x_wconf 79' lang='lat' dir='ltr'><strong>Verba</strong></span> <span class='ocrx_word' id='word_1_586' title='bbox 2699 3872 2945 3942; x_wconf 71' lang='lat' dir='ltr'><strong>quaedam</strong></span> <span class='ocrx_word' id='word_1_587' title='bbox 3001 3868 3292 3930; x_wconf 88' lang='lat' dir='ltr'><strong>habentur,</strong></span> <span class='ocrx_word' id='word_1_588' title='bbox 3352 3868 3405 3918; x_wconf 92' lang='lat' dir='ltr'><strong>in</strong></span> <span class='ocrx_word' id='word_1_589' title='bbox 3442 3864 3699 3933; x_wconf 85' lang='lat' dir='ltr'><strong>Epistolis</strong></span> <span class='ocrx_word' id='word_1_590' title='bbox 3728 3879 3754 3916; x_wconf 93' lang='lat' dir='ltr'><strong>a</strong></span> <span class='ocrx_word' id='word_1_591' title='bbox 3781 3863 3970 3915; x_wconf 86' lang='lat' dir='ltr'><strong>Leone</strong></span> 
     </span>
    </p>
   </div>
   <div class='ocr_carea' id='block_1_84' title="bbox 2406 3953 3976 4024">
    <p class='ocr_par' dir='ltr' id='par_1_84' title="bbox 2406 3953 3976 4024">
     <span class='ocr_line' id='line_1_84' title="bbox 2406 3953 3976 4024; baseline -0.01 -7"><span class='ocrx_word' id='word_1_592' title='bbox 2406 3964 2469 4018; x_wconf 91' lang='lat' dir='ltr'><strong>Ill</strong></span> <span class='ocrx_word' id='word_1_593' title='bbox 2526 3963 2669 4016; x_wconf 85' lang='lat' dir='ltr'><strong>datis</strong></span> <span class='ocrx_word' id='word_1_594' title='bbox 2728 3962 2795 4015; x_wconf 87' lang='lat' dir='ltr'><strong>ad</strong></span> <span class='ocrx_word' id='word_1_595' title='bbox 2859 3959 3117 4013; x_wconf 90' lang='lat' dir='ltr'><strong>Carolum</strong></span> <span class='ocrx_word' id='word_1_596' title='bbox 3183 3955 3470 4024; x_wconf 78' lang='lat' dir='ltr'><strong>Magnum,</strong></span> <span class='ocrx_word' id='word_1_597' title='bbox 3531 3953 3873 4020; x_wconf 65' lang='lat' dir='ltr'><strong>vulgatisque</strong></span> <span class='ocrx_word' id='word_1_598' title='bbox 3909 3961 3976 4003; x_wconf 86' lang='lat' dir='ltr'><strong>ut</strong></span> 
     </span>
    </p>
   </div>
   <div class='ocr_carea' id='block_1_85' title="bbox 2404 4042 3976 4116">
    <p class='ocr_par' dir='ltr' id='par_1_85' title="bbox 2404 4042 3976 4116">
     <span class='ocr_line' id='line_1_85' title="bbox 2404 4042 3976 4116; baseline -0.01 -8"><span class='ocrx_word' id='word_1_599' title='bbox 2404 4055 2785 4107; x_wconf 88' lang='lat' dir='ltr'><strong>adnotavimus</strong></span> <span class='ocrx_word' id='word_1_600' title='bbox 2817 4068 2844 4103; x_wconf 92' lang='lat' dir='ltr'><strong>a</strong></span> <span class='ocrx_word' id='word_1_601' title='bbox 2873 4050 3111 4110; x_wconf 85' lang='lat' dir='ltr'><strong>Baluzio,</strong></span> <span class='ocrx_word' id='word_1_602' title='bbox 3141 4062 3259 4116; x_wconf 66' lang='lat' dir='ltr'><strong>quae</strong></span> <span class='ocrx_word' id='word_1_603' title='bbox 3291 4045 3608 4114; x_wconf 81' lang='lat' dir='ltr'><strong>dignissima</strong></span> <span class='ocrx_word' id='word_1_604' title='bbox 3645 4051 3770 4095; x_wconf 87' lang='lat' dir='ltr'><strong>sunt</strong></span> <span class='ocrx_word' id='word_1_605' title='bbox 3800 4042 3976 4093; x_wconf 86' lang='lat' dir='ltr'><strong>anim-</strong></span> 
     </span>
    </p>
   </div>
   <div class='ocr_carea' id='block_1_86' title="bbox 2404 4133 3976 4209">
    <p class='ocr_par' dir='ltr' id='par_1_86' title="bbox 2404 4133 3976 4209">
     <span class='ocr_line' id='line_1_86' title="bbox 2404 4133 3976 4209; baseline -0.01 -9"><span class='ocrx_word' id='word_1_606' title='bbox 2404 4147 2778 4200; x_wconf 85' lang='lat' dir='ltr'><strong>adversione:</strong></span> <span class='ocrx_word' id='word_1_607' title='bbox 2838 4145 2879 4197; x_wconf 79' lang='grc' dir='ltr'><em>Α</em></span> <span class='ocrx_word' id='word_1_608' title='bbox 2921 4141 3291 4209; x_wconf 78' lang='lat' dir='ltr'><strong>Hierosolymis</strong></span> <span class='ocrx_word' id='word_1_609' title='bbox 3339 4137 3641 4189; x_wconf 87' lang='lat' dir='ltr'><strong>detulerunt</strong></span> <span class='ocrx_word' id='word_1_610' title='bbox 3702 4133 3874 4196; x_wconf 90' lang='lat' dir='ltr'><strong>(missi</strong></span> <span class='ocrx_word' id='word_1_611' title='bbox 3904 4133 3976 4185; x_wconf 86' lang='lat' dir='ltr'><strong>ad</strong></span> 
     </span>
    </p>
   </div>
   <div class='ocr_carea' id='block_1_87' title="bbox 2409 4224 3979 4303">
    <p class='ocr_par' dir='ltr' id='par_1_87' title="bbox 2409 4224 3979 4303">
     <span class='ocr_line' id='line_1_87' title="bbox 2409 4224 3979 4303; baseline -0.011 -11"><span class='ocrx_word' id='word_1_612' title='bbox 2409 4240 2587 4303; x_wconf 83' lang='lat' dir='ltr'><strong>ipsum</strong></span> <span class='ocrx_word' id='word_1_613' title='bbox 2623 4237 2856 4295; x_wconf 85' lang='lat' dir='ltr'><strong>Leonem</strong></span> <span class='ocrx_word' id='word_1_614' title='bbox 2895 4233 3142 4286; x_wconf 84' lang='lat' dir='ltr'><strong>monachi</strong></span> <span class='ocrx_word' id='word_1_615' title='bbox 3192 4231 3387 4284; x_wconf 73' lang='lat' dir='ltr'><strong>Montis</strong></span> <span class='ocrx_word' id='word_1_616' title='bbox 3421 4227 3641 4290; x_wconf 71' lang='lat' dir='ltr'><strong>Olim-ti)</strong></span> <span class='ocrx_word' id='word_1_617' title='bbox 3696 4227 3837 4276; x_wconf 87' lang='lat' dir='ltr'><strong>nobis</strong></span> <span class='ocrx_word' id='word_1_618' title='bbox 3869 4224 3979 4290; x_wconf 77' lang='lat' dir='ltr'><strong>epi-</strong></span> 
     </span>
    </p>
   </div>
   <div class='ocr_carea' id='block_1_88' title="bbox 2410 4315 3983 4390">
    <p class='ocr_par' dir='ltr' id='par_1_88' title="bbox 2410 4315 3983 4390">
     <span class='ocr_line' id='line_1_88' title="bbox 2410 4315 3983 4390; baseline -0.011 -10"><span class='ocrx_word' id='word_1_619' title='bbox 2410 4326 2603 4380; x_wconf 88' lang='lat' dir='ltr'><strong>stolam</strong></span> <span class='ocrx_word' id='word_1_620' title='bbox 2637 4325 2842 4379; x_wconf 82' lang='lat' dir='ltr'><strong>Thonne</strong></span> <span class='ocrx_word' id='word_1_621' title='bbox 2876 4321 3363 4390; x_wconf 81' lang='lat' dir='ltr'><strong>Hierosolymorum</strong></span> <span class='ocrx_word' id='word_1_622' title='bbox 3411 4315 3732 4385; x_wconf 80' lang='lat' dir='ltr'><strong>patriarcha:</strong></span> <span class='ocrx_word' id='word_1_623' title='bbox 3761 4329 3777 4364; x_wconf 93' lang='lat'><strong><em>:</em></strong></span> <span class='ocrx_word' id='word_1_624' title='bbox 3818 4328 3983 4378; x_wconf 90' lang='lat' dir='ltr'><strong>quam</strong></span> 
     </span>
    </p>
   </div>
   <div class='ocr_carea' id='block_1_89' title="bbox 2412 4406 3981 4487">
    <p class='ocr_par' dir='ltr' id='par_1_89' title="bbox 2412 4406 3981 4487">
     <span class='ocr_line' id='line_1_89' title="bbox 2412 4406 3981 4487; baseline -0.012 -16"><span class='ocrx_word' id='word_1_625' title='bbox 2412 4419 2695 4487; x_wconf 82' lang='lat' dir='ltr'><strong>relegentes</strong></span> <span class='ocrx_word' id='word_1_626' title='bbox 2743 4417 3052 4484; x_wconf 83' lang='lat' dir='ltr'><strong>reperimus,</strong></span> <span class='ocrx_word' id='word_1_627' title='bbox 3103 4421 3160 4463; x_wconf 87' lang='lat' dir='ltr'><strong>nt</strong></span> <span class='ocrx_word' id='word_1_628' title='bbox 3201 4427 3292 4478; x_wconf 87' lang='lat' dir='ltr'><strong>per</strong></span> <span class='ocrx_word' id='word_1_629' title='bbox 3327 4419 3563 4460; x_wconf 86' lang='lat' dir='ltr'><strong>nostram</strong></span> <span class='ocrx_word' id='word_1_630' title='bbox 3615 4406 3981 4473; x_wconf 80' lang='lat' dir='ltr'><strong>precatortam</strong></span> 
     </span>
    </p>
   </div>
   <div class='ocr_carea' id='block_1_90' title="bbox 743 4495 3985 4591">
    <p class='ocr_par' dir='ltr' id='par_1_90' title="bbox 743 4495 3985 4591">
     <span class='ocr_line' id='line_1_90' title="bbox 743 4495 3985 4591; baseline -0.011 -13"><span class='ocrx_word' id='word_1_631' title='bbox 743 4529 974 4580; x_wconf 71' lang='lat' dir='ltr'><strong>randum</strong></span> <span class='ocrx_word' id='word_1_632' title='bbox 1027 4526 1236 4578; x_wconf 60' lang='grc' dir='ltr'>ινξεωηί</span> <span class='ocrx_word' id='word_1_633' title='bbox 1287 4526 1420 4589; x_wconf 91' lang='lat' dir='ltr'><strong>(imo</strong></span> <span class='ocrx_word' id='word_1_634' title='bbox 1477 4521 2077 4591; x_wconf 88' lang='lat' dir='ltr'><strong>Constantinopolitani</strong></span> <span class='ocrx_word' id='word_1_635' title='bbox 2134 4522 2308 4573; x_wconf 89' lang='lat' dir='ltr'><strong>inter-</strong></span> <span class='ocrx_word' id='word_1_636' title='bbox 2341 4523 2385 4579; x_wconf 80' lang='grc' dir='ltr'><strong>Ι)</strong></span> <span class='ocrx_word' id='word_1_637' title='bbox 2413 4508 2690 4579; x_wconf 53' lang='lat' dir='ltr'><strong>(phialam</strong></span> <span class='ocrx_word' id='word_1_638' title='bbox 2721 4517 2906 4560; x_wconf 68' lang='lat' dir='ltr'><strong>vestra:</strong></span> <span class='ocrx_word' id='word_1_639' title='bbox 2937 4505 3120 4574; x_wconf 86' lang='lat' dir='ltr'><strong>pietati</strong></span> <span class='ocrx_word' id='word_1_640' title='bbox 3156 4517 3240 4574; x_wconf 79' lang='lat' dir='ltr'><strong>eos</strong></span> <span class='ocrx_word' id='word_1_641' title='bbox 3274 4500 3615 4591; x_wconf 61' lang='lat' dir='ltr'><strong>(monaclms)</strong></span> <span class='ocrx_word' id='word_1_642' title='bbox 3644 4495 3985 4591; x_wconf 67' lang='lat' dir='ltr'><strong>commenda-</strong></span> 
     </span>
    </p>
   </div>
   <div class='ocr_carea' id='block_1_91' title="bbox 746 4613 2313 4685">
    <p class='ocr_par' dir='ltr' id='par_1_91' title="bbox 746 4613 2313 4685">
     <span class='ocr_line' id='line_1_91' title="bbox 746 4613 2313 4685; baseline -0.004 -14"><span class='ocrx_word' id='word_1_643' title='bbox 746 4618 937 4685; x_wconf 87' lang='lat' dir='ltr'><strong>polati)</strong></span> <span class='ocrx_word' id='word_1_644' title='bbox 968 4617 1200 4685; x_wconf 85' lang='lat' dir='ltr'><strong>Symboli</strong></span> <span class='ocrx_word' id='word_1_645' title='bbox 1220 4617 1373 4684; x_wconf 80' lang='lat' dir='ltr'><strong>ﬁdem</strong></span> <span class='ocrx_word' id='word_1_646' title='bbox 1403 4658 1418 4682; x_wconf 92' lang='lat'><strong>,</strong></span> <span class='ocrx_word' id='word_1_647' title='bbox 1448 4619 1537 4668; x_wconf 85' lang='lat' dir='ltr'><strong>sed</strong></span> <span class='ocrx_word' id='word_1_648' title='bbox 1567 4632 1630 4668; x_wconf 78' lang='lat' dir='ltr'><strong>ea:</strong></span> <span class='ocrx_word' id='word_1_649' title='bbox 1661 4615 1826 4669; x_wconf 87' lang='lat' dir='ltr'><strong>Patre</strong></span> <span class='ocrx_word' id='word_1_650' title='bbox 1854 4631 1946 4683; x_wconf 89' lang='lat' dir='ltr'><strong>per</strong></span> <span class='ocrx_word' id='word_1_651' title='bbox 1979 4613 2170 4667; x_wconf 81' lang='lat' dir='ltr'><strong>Filium</strong></span> <span class='ocrx_word' id='word_1_652' title='bbox 2194 4629 2313 4681; x_wconf 87' lang='lat' dir='ltr'><strong>pro-</strong></span> 
     </span>
    </p>
   </div>
   <div class='ocr_carea' id='block_1_92' title="bbox 744 4703 2311 4781">
    <p class='ocr_par' dir='ltr' id='par_1_92' title="bbox 744 4703 2311 4781">
     <span class='ocr_line' id='line_1_92' title="bbox 744 4703 2311 4781; baseline -0.004 -19"><span class='ocrx_word' id='word_1_653' title='bbox 744 4713 985 4776; x_wconf 61' lang='lat' dir='ltr'><strong>[iteatun</strong></span> <span class='ocrx_word' id='word_1_654' title='bbox 1025 4709 1080 4763; x_wconf 89' lang='lat' dir='ltr'><strong>Si</strong></span> <span class='ocrx_word' id='word_1_655' title='bbox 1123 4725 1254 4781; x_wconf 75' lang='lat' dir='ltr'><strong>ergo</strong></span> <span class='ocrx_word' id='word_1_656' title='bbox 1295 4711 1396 4762; x_wconf 88' lang='lat' dir='ltr'><strong>hoc</strong></span> <span class='ocrx_word' id='word_1_657' title='bbox 1449 4709 1629 4774; x_wconf 89' lang='lat' dir='ltr'><strong>ipsum</strong></span> <span class='ocrx_word' id='word_1_658' title='bbox 1683 4707 1950 4775; x_wconf 90' lang='lat' dir='ltr'><strong>scriptum</strong></span> <span class='ocrx_word' id='word_1_659' title='bbox 2006 4705 2199 4756; x_wconf 75' lang='lat' dir='ltr'><strong>luisset</strong></span> <span class='ocrx_word' id='word_1_660' title='bbox 2258 4703 2311 4756; x_wconf 93' lang='lat' dir='ltr'><strong>in</strong></span> 
     </span>
    </p>
   </div>
   <div class='ocr_carea' id='block_1_93' title="bbox 749 4795 2313 4870">
    <p class='ocr_par' dir='ltr' id='par_1_93' title="bbox 749 4795 2313 4870">
     <span class='ocr_line' id='line_1_93' title="bbox 749 4795 2313 4870; baseline -0.004 -19"><span class='ocrx_word' id='word_1_661' title='bbox 749 4801 916 4855; x_wconf 88' lang='lat' dir='ltr'><strong>totius</strong></span> <span class='ocrx_word' id='word_1_662' title='bbox 949 4800 1137 4870; x_wconf 76' lang='lat' dir='ltr'><strong>synodi</strong></span> <span class='ocrx_word' id='word_1_663' title='bbox 1167 4799 1289 4866; x_wconf 77' lang='lat' dir='ltr'><strong>ﬁdei</strong></span> <span class='ocrx_word' id='word_1_664' title='bbox 1316 4802 1660 4866; x_wconf 78' lang='lat' dir='ltr'><strong>professione,</strong></span> <span class='ocrx_word' id='word_1_665' title='bbox 1701 4813 1820 4867; x_wconf 52' lang='lat' dir='ltr'><strong>qua</strong></span> <span class='ocrx_word' id='word_1_666' title='bbox 1853 4799 1907 4849; x_wconf 90' lang='lat' dir='ltr'><strong>in</strong></span> <span class='ocrx_word' id='word_1_667' title='bbox 1945 4797 2044 4847; x_wconf 89' lang='lat' dir='ltr'><strong>hac</strong></span> <span class='ocrx_word' id='word_1_668' title='bbox 2078 4795 2313 4863; x_wconf 80' lang='lat' dir='ltr'><strong>septima</strong></span> 
     </span>
    </p>
   </div>
   <div class='ocr_carea' id='block_1_94' title="bbox 749 4887 2314 4960">
    <p class='ocr_par' dir='ltr' id='par_1_94' title="bbox 749 4887 2314 4960">
     <span class='ocr_line' id='line_1_94' title="bbox 749 4887 2314 4960; baseline -0.004 -16"><span class='ocrx_word' id='word_1_669' title='bbox 749 4894 984 4946; x_wconf 79' lang='lat' dir='ltr'><strong>habetur</strong></span> <span class='ocrx_word' id='word_1_670' title='bbox 1012 4893 1250 4950; x_wconf 86' lang='lat' dir='ltr'><strong>actione.</strong></span> <span class='ocrx_word' id='word_1_671' title='bbox 1290 4892 1551 4960; x_wconf 84' lang='lat' dir='ltr'><strong>Spiritum</strong></span> <span class='ocrx_word' id='word_1_672' title='bbox 1591 4898 1833 4942; x_wconf 81' lang='lat' dir='ltr'><strong>sanctum</strong></span> <span class='ocrx_word' id='word_1_673' title='bbox 1856 4889 2050 4942; x_wconf 82' lang='lat' dir='ltr'><strong>scilicet</strong></span> <span class='ocrx_word' id='word_1_674' title='bbox 2088 4904 2119 4939; x_wconf 89' lang='lat' dir='ltr'><strong>a</strong></span> <span class='ocrx_word' id='word_1_675' title='bbox 2154 4887 2314 4940; x_wconf 85' lang='lat' dir='ltr'><strong>Patre</strong></span> 
     </span>
    </p>
   </div>
   <div class='ocr_carea' id='block_1_95' title="bbox 747 4977 2313 5051">
    <p class='ocr_par' dir='ltr' id='par_1_95' title="bbox 747 4977 2313 5051">
     <span class='ocr_line' id='line_1_95' title="bbox 747 4977 2313 5051; baseline -0.005 -15"><span class='ocrx_word' id='word_1_676' title='bbox 747 4998 840 5051; x_wconf 85' lang='lat' dir='ltr'><strong>per</strong></span> <span class='ocrx_word' id='word_1_677' title='bbox 875 4981 1075 5035; x_wconf 82' lang='lat' dir='ltr'><strong>Filium</strong></span> <span class='ocrx_word' id='word_1_678' title='bbox 1105 4983 1497 5051; x_wconf 86' lang='lat' dir='ltr'><strong>procedentem,</strong></span> <span class='ocrx_word' id='word_1_679' title='bbox 1551 4991 1698 5032; x_wconf 74' lang='lat' dir='ltr'><strong>certe</strong></span> <span class='ocrx_word' id='word_1_680' title='bbox 1746 4980 1967 5047; x_wconf 83' lang='lat' dir='ltr'><strong>quidem</strong></span> <span class='ocrx_word' id='word_1_681' title='bbox 2021 4979 2088 5031; x_wconf 89' lang='lat' dir='ltr'><strong>ab</strong></span> <span class='ocrx_word' id='word_1_682' title='bbox 2117 4977 2313 5031; x_wconf 85' lang='lat' dir='ltr'><strong>adver-</strong></span> 
     </span>
    </p>
   </div>
   <div class='ocr_carea' id='block_1_96' title="bbox 752 5053 2314 5133">
    <p class='ocr_par' dir='ltr' id='par_1_96' title="bbox 752 5073 2314 5133">
     <span class='ocr_line' id='line_1_96' title="bbox 752 5073 2314 5133; baseline -0.003 -9"><span class='ocrx_word' id='word_1_683' title='bbox 752 5077 903 5127; x_wconf 69' lang='lat' dir='ltr'><strong>sario</strong></span> <span class='ocrx_word' id='word_1_684' title='bbox 936 5091 1042 5125; x_wconf 91' lang='lat' dir='ltr'><strong>non</strong></span> <span class='ocrx_word' id='word_1_685' title='bbox 1087 5091 1221 5125; x_wconf 85' lang='lat' dir='ltr'><strong>unus</strong></span> <span class='ocrx_word' id='word_1_686' title='bbox 1258 5074 1508 5126; x_wconf 82' lang='lat' dir='ltr'><strong>Tarusins</strong></span> <span class='ocrx_word' id='word_1_687' title='bbox 1558 5073 1609 5125; x_wconf 95' lang='lat' dir='ltr'><strong>in</strong></span> <span class='ocrx_word' id='word_1_688' title='bbox 1642 5074 1850 5125; x_wconf 85' lang='lat' dir='ltr'><strong>crimen</strong></span> <span class='ocrx_word' id='word_1_689' title='bbox 1890 5081 2113 5123; x_wconf 82' lang='lat' dir='ltr'><strong>vocatus</strong></span> <span class='ocrx_word' id='word_1_690' title='bbox 2147 5077 2314 5133; x_wconf 83' lang='lat' dir='ltr'><strong>esset,</strong></span> 
     </span>
    </p>
   </div>
   <div class='ocr_carea' id='block_1_97' title="bbox 753 5161 2318 5234">
    <p class='ocr_par' dir='ltr' id='par_1_97' title="bbox 753 5161 2318 5234">
     <span class='ocr_line' id='line_1_97' title="bbox 753 5161 2318 5234; baseline -0.005 -16"><span class='ocrx_word' id='word_1_691' title='bbox 753 5166 846 5219; x_wconf 77' lang='lat' dir='ltr'><strong>sed</strong></span> <span class='ocrx_word' id='word_1_692' title='bbox 879 5167 992 5234; x_wconf 87' lang='lat' dir='ltr'><strong>ipsa</strong></span> <span class='ocrx_word' id='word_1_693' title='bbox 1025 5167 1251 5234; x_wconf 87' lang='lat' dir='ltr'><strong>synodus</strong></span> <span class='ocrx_word' id='word_1_694' title='bbox 1280 5167 1546 5222; x_wconf 80' lang='lat' dir='ltr'><strong>universa,</strong></span> <span class='ocrx_word' id='word_1_695' title='bbox 1583 5178 1746 5231; x_wconf 91' lang='lat' dir='ltr'><strong>quam</strong></span> <span class='ocrx_word' id='word_1_696' title='bbox 1780 5163 1982 5215; x_wconf 85' lang='lat' dir='ltr'><strong>acriter</strong></span> <span class='ocrx_word' id='word_1_697' title='bbox 2033 5161 2318 5228; x_wconf 76' lang='lat' dir='ltr'><strong>impugna-</strong></span> 
     </span>
    </p>
   </div>
   <div class='ocr_carea' id='block_1_98' title="bbox 757 5250 2318 5325">
    <p class='ocr_par' dir='ltr' id='par_1_98' title="bbox 757 5250 2318 5325">
     <span class='ocr_line' id='line_1_98' title="bbox 757 5250 2318 5325; baseline -0.003 -18"><span class='ocrx_word' id='word_1_698' title='bbox 757 5261 871 5310; x_wconf 84' lang='lat' dir='ltr'><strong>bat.</strong></span> <span class='ocrx_word' id='word_1_699' title='bbox 913 5277 932 5307; x_wconf 72' lang='grc' dir='ltr'><strong>ι</strong></span> <span class='ocrx_word' id='word_1_700' title='bbox 978 5257 1298 5325; x_wconf 83' lang='lat' dir='ltr'><strong>Symbolum</strong></span> <span class='ocrx_word' id='word_1_701' title='bbox 1333 5253 2000 5320; x_wconf 86' lang='lat' dir='ltr'><strong>Constantinopolitauum</strong></span> <span class='ocrx_word' id='word_1_702' title='bbox 2029 5291 2042 5310; x_wconf 86' lang='lat'><strong>,</strong></span> <span class='ocrx_word' id='word_1_703' title='bbox 2088 5251 2232 5318; x_wconf 87' lang='lat' dir='ltr'><strong>quod</strong></span> <span class='ocrx_word' id='word_1_704' title='bbox 2265 5250 2318 5302; x_wconf 92' lang='lat' dir='ltr'><strong>in</strong></span> 
     </span>
    </p>
   </div>
   <div class='ocr_carea' id='block_1_99' title="bbox 757 5340 2319 5408">
    <p class='ocr_par' dir='ltr' id='par_1_99' title="bbox 757 5340 2319 5408">
     <span class='ocr_line' id='line_1_99' title="bbox 757 5340 2319 5408; baseline -0.005 -9"><span class='ocrx_word' id='word_1_705' title='bbox 757 5352 858 5401; x_wconf 66' lang='lat' dir='ltr'><strong>Izac</strong></span> <span class='ocrx_word' id='word_1_706' title='bbox 888 5347 1105 5402; x_wconf 74' lang='lat' dir='ltr'><strong>Nicacna</strong></span> <span class='ocrx_word' id='word_1_707' title='bbox 1139 5347 1458 5400; x_wconf 77' lang='lat' dir='ltr'><strong>deﬁnitione</strong></span> <span class='ocrx_word' id='word_1_708' title='bbox 1493 5346 1834 5407; x_wconf 88' lang='lat' dir='ltr'><strong>continetur,</strong></span> <span class='ocrx_word' id='word_1_709' title='bbox 1871 5358 1979 5396; x_wconf 93' lang='lat' dir='ltr'><strong>non</strong></span> <span class='ocrx_word' id='word_1_710' title='bbox 2009 5341 2170 5394; x_wconf 88' lang='lat' dir='ltr'><strong>habet</strong></span> <span class='ocrx_word' id='word_1_711' title='bbox 2202 5340 2319 5408; x_wconf 88' lang='lat' dir='ltr'><strong>Spi-</strong></span> 
     </span>
    </p>
   </div>
   <div class='ocr_carea' id='block_1_100' title="bbox 756 5433 2321 5504">
    <p class='ocr_par' dir='ltr' id='par_1_100' title="bbox 756 5433 2321 5504">
     <span class='ocr_line' id='line_1_100' title="bbox 756 5433 2321 5504; baseline -0.003 -15"><span class='ocrx_word' id='word_1_712' title='bbox 756 5443 916 5492; x_wconf 86' lang='lat' dir='ltr'><strong>ritum</strong></span> <span class='ocrx_word' id='word_1_713' title='bbox 954 5449 1197 5492; x_wconf 87' lang='lat' dir='ltr'><strong>sanctum</strong></span> <span class='ocrx_word' id='word_1_714' title='bbox 1224 5456 1255 5491; x_wconf 88' lang='lat' dir='ltr'><strong>a</strong></span> <span class='ocrx_word' id='word_1_715' title='bbox 1292 5437 1456 5492; x_wconf 86' lang='lat' dir='ltr'><strong>Patre</strong></span> <span class='ocrx_word' id='word_1_716' title='bbox 1489 5453 1582 5504; x_wconf 88' lang='lat' dir='ltr'><strong>per</strong></span> <span class='ocrx_word' id='word_1_717' title='bbox 1626 5435 1826 5489; x_wconf 79' lang='lat' dir='ltr'><strong>Filium</strong></span> <span class='ocrx_word' id='word_1_718' title='bbox 1851 5433 2234 5504; x_wconf 74' lang='lat' dir='ltr'><strong>procedentem.</strong></span> <span class='ocrx_word' id='word_1_719' title='bbox 2265 5434 2321 5484; x_wconf 92' lang='lat' dir='ltr'><strong>In</strong></span> 
     </span>
    </p>
   </div>
   <div class='ocr_carea' id='block_1_101' title="bbox 756 5525 2323 5604">
    <p class='ocr_par' dir='ltr' id='par_1_101' title="bbox 756 5525 2323 5604">
     <span class='ocr_line' id='line_1_101' title="bbox 756 5525 2323 5604; baseline -0.008 -19"><span class='ocrx_word' id='word_1_720' title='bbox 756 5531 945 5586; x_wconf 55' lang='lat' dir='ltr'><strong>Greco</strong></span> <span class='ocrx_word' id='word_1_721' title='bbox 994 5541 1143 5584; x_wconf 78' lang='lat' dir='ltr'><strong>textu</strong></span> <span class='ocrx_word' id='word_1_722' title='bbox 1186 5530 1386 5599; x_wconf 82' lang='lat' dir='ltr'><strong>legitur</strong></span> <span class='ocrx_word' id='word_1_723' title='bbox 1435 5529 1577 5604; x_wconf 83' lang='lat' dir='ltr'><strong>idem</strong></span> <span class='ocrx_word' id='word_1_724' title='bbox 1617 5525 1846 5597; x_wconf 83' lang='lat' dir='ltr'><strong>Spiritus</strong></span> <span class='ocrx_word' id='word_1_725' title='bbox 1881 5544 1911 5578; x_wconf 81' lang='grc' dir='ltr'><em>α</em></span> <span class='ocrx_word' id='word_1_726' title='bbox 1944 5529 2106 5578; x_wconf 84' lang='lat' dir='ltr'><strong>Patre</strong></span> <span class='ocrx_word' id='word_1_727' title='bbox 2145 5540 2323 5593; x_wconf 78' lang='lat' dir='ltr'><strong>prore-</strong></span> 
     </span>
    </p>
   </div>
   <div class='ocr_carea' id='block_1_102' title="bbox 760 5617 2321 5689">
    <p class='ocr_par' dir='ltr' id='par_1_102' title="bbox 760 5617 2321 5689">
     <span class='ocr_line' id='line_1_102' title="bbox 760 5617 2321 5689; baseline -0.007 -13"><span class='ocrx_word' id='word_1_728' title='bbox 760 5627 925 5676; x_wconf 88' lang='lat' dir='ltr'><strong>dens:</strong></span> <span class='ocrx_word' id='word_1_729' title='bbox 948 5623 1269 5689; x_wconf 88' lang='lat' dir='ltr'><strong>eademque,</strong></span> <span class='ocrx_word' id='word_1_730' title='bbox 1293 5637 1398 5674; x_wconf 91' lang='lat' dir='ltr'><strong>non</strong></span> <span class='ocrx_word' id='word_1_731' title='bbox 1427 5623 1577 5689; x_wconf 88' lang='lat' dir='ltr'><strong>plura</strong></span> <span class='ocrx_word' id='word_1_732' title='bbox 1611 5622 1774 5674; x_wconf 83' lang='lat' dir='ltr'><strong>verba</strong></span> <span class='ocrx_word' id='word_1_733' title='bbox 1808 5617 2100 5672; x_wconf 81' lang='lat' dir='ltr'><strong>exhibebat</strong></span> <span class='ocrx_word' id='word_1_734' title='bbox 2133 5617 2321 5669; x_wconf 85' lang='lat' dir='ltr'><strong>Latina</strong></span> 
     </span>
    </p>
   </div>
   <div class='ocr_carea' id='block_1_103' title="bbox 765 5709 2322 5773">
    <p class='ocr_par' dir='ltr' id='par_1_103' title="bbox 765 5709 2322 5773">
     <span class='ocr_line' id='line_1_103' title="bbox 765 5709 2322 5773; baseline -0.01 0"><span class='ocrx_word' id='word_1_735' title='bbox 765 5716 1039 5772; x_wconf 73' lang='lat' dir='ltr'><strong>Anastasii</strong></span> <span class='ocrx_word' id='word_1_736' title='bbox 1069 5714 1475 5771; x_wconf 87' lang='lat' dir='ltr'><strong>Bibliothecarii</strong></span> <span class='ocrx_word' id='word_1_737' title='bbox 1522 5714 1720 5773; x_wconf 80' lang='lat' dir='ltr'><strong>versio.</strong></span> <span class='ocrx_word' id='word_1_738' title='bbox 1769 5721 1906 5765; x_wconf 77' lang='lat' dir='ltr'><strong>teste</strong></span> <span class='ocrx_word' id='word_1_739' title='bbox 1947 5709 2180 5763; x_wconf 66' lang='lat' dir='ltr'><strong>Pithoao.</strong></span> <span class='ocrx_word' id='word_1_740' title='bbox 2213 5709 2322 5760; x_wconf 81' lang='lat' dir='ltr'><strong>Cur</strong></span> 
     </span>
    </p>
   </div>
   <div class='ocr_carea' id='block_1_104' title="bbox 774 5800 2323 5879">
    <p class='ocr_par' dir='ltr' id='par_1_104' title="bbox 774 5800 2323 5879">
     <span class='ocr_line' id='line_1_104' title="bbox 774 5800 2323 5879; baseline -0.008 -16"><span class='ocrx_word' id='word_1_741' title='bbox 774 5824 901 5879; x_wconf 70' lang='lat' dir='ltr'><strong>ergo</strong></span> <span class='ocrx_word' id='word_1_742' title='bbox 933 5808 1290 5864; x_wconf 80' lang='lat' dir='ltr'><strong>adversarius</strong></span> <span class='ocrx_word' id='word_1_743' title='bbox 1323 5805 1424 5862; x_wconf 85' lang='lat' dir='ltr'><strong>sub</strong></span> <span class='ocrx_word' id='word_1_744' title='bbox 1454 5806 1633 5861; x_wconf 74' lang='lat' dir='ltr'><strong>Caroli</strong></span> <span class='ocrx_word' id='word_1_745' title='bbox 1678 5804 1852 5873; x_wconf 56' lang='lat' dir='ltr'><strong>fil-igni</strong></span> <span class='ocrx_word' id='word_1_746' title='bbox 1917 5802 2136 5857; x_wconf 78' lang='lat' dir='ltr'><strong>nomine</strong></span> <span class='ocrx_word' id='word_1_747' title='bbox 2184 5800 2323 5852; x_wconf 78' lang='lat' dir='ltr'><strong>hanc.</strong></span> 
     </span>
    </p>
   </div>
   <div class='ocr_carea' id='block_1_105' title="bbox 2417 4583 3984 4663">
    <p class='ocr_par' dir='ltr' id='par_1_105' title="bbox 2417 4583 3984 4663">
     <span class='ocr_line' id='line_1_105' title="bbox 2417 4583 3984 4663; baseline -0.013 -9"><span class='ocrx_word' id='word_1_748' title='bbox 2417 4619 2607 4656; x_wconf 87' lang='lat' dir='ltr'><strong>remus.</strong></span> <span class='ocrx_word' id='word_1_749' title='bbox 2642 4599 2764 4653; x_wconf 71' lang='lat' dir='ltr'><strong>Haec</strong></span> <span class='ocrx_word' id='word_1_750' title='bbox 2797 4598 3056 4652; x_wconf 87' lang='lat' dir='ltr'><strong>evincunt</strong></span> <span class='ocrx_word' id='word_1_751' title='bbox 3115 4593 3456 4663; x_wconf 87' lang='lat' dir='ltr'><strong>apertissime</strong></span> <span class='ocrx_word' id='word_1_752' title='bbox 3517 4588 3767 4640; x_wconf 82' lang='lat' dir='ltr'><strong>Thomam</strong></span> <span class='ocrx_word' id='word_1_753' title='bbox 3821 4583 3984 4635; x_wconf 77' lang='lat' dir='ltr'><strong>Jero-</strong></span> 
     </span>
    </p>
   </div>
   <div class='ocr_carea' id='block_1_106' title="bbox 2415 4676 3987 4764">
    <p class='ocr_par' dir='ltr' id='par_1_106' title="bbox 2415 4676 3987 4764">
     <span class='ocr_line' id='line_1_106' title="bbox 2415 4676 3987 4764; baseline -0.015 -16"><span class='ocrx_word' id='word_1_754' title='bbox 2415 4695 2791 4764; x_wconf 82' lang='lat' dir='ltr'><strong>solymitanum</strong></span> <span class='ocrx_word' id='word_1_755' title='bbox 2841 4689 3226 4760; x_wconf 86' lang='lat' dir='ltr'><strong>patriarcham,</strong></span> <span class='ocrx_word' id='word_1_756' title='bbox 3250 4687 3476 4754; x_wconf 78' lang='lat' dir='ltr'><strong>ejusque</strong></span> <span class='ocrx_word' id='word_1_757' title='bbox 3507 4680 3725 4733; x_wconf 61' lang='lat' dir='ltr'><strong>Graecos</strong></span> <span class='ocrx_word' id='word_1_758' title='bbox 3751 4676 3987 4746; x_wconf 79' lang='lat' dir='ltr'><strong>presby-</strong></span> 
     </span>
    </p>
   </div>
   <div class='ocr_carea' id='block_1_107' title="bbox 2419 4768 3990 4840">
    <p class='ocr_par' dir='ltr' id='par_1_107' title="bbox 2419 4768 3990 4840">
     <span class='ocr_line' id='line_1_107' title="bbox 2419 4768 3990 4840; baseline -0.014 0"><span class='ocrx_word' id='word_1_759' title='bbox 2419 4797 2561 4840; x_wconf 83' lang='lat' dir='ltr'><strong>teros</strong></span> <span class='ocrx_word' id='word_1_760' title='bbox 2611 4782 2983 4840; x_wconf 89' lang='lat' dir='ltr'><strong>criminationi</strong></span> <span class='ocrx_word' id='word_1_761' title='bbox 3034 4781 3102 4833; x_wconf 92' lang='lat' dir='ltr'><strong>ab</strong></span> <span class='ocrx_word' id='word_1_762' title='bbox 3153 4778 3382 4837; x_wconf 87' lang='lat' dir='ltr'><strong>Joanne,</strong></span> <span class='ocrx_word' id='word_1_763' title='bbox 3445 4775 3634 4827; x_wconf 59' lang='lat' dir='ltr'><strong>Gneo</strong></span> <span class='ocrx_word' id='word_1_764' title='bbox 3668 4768 3990 4828; x_wconf 75' lang='lat' dir='ltr'><strong>nimiastch</strong></span> 
     </span>
    </p>
   </div>
   <div class='ocr_carea' id='block_1_108' title="bbox 2419 4861 3980 4931">
    <p class='ocr_par' dir='ltr' id='par_1_108' title="bbox 2419 4861 3980 4931">
     <span class='ocr_line' id='line_1_108' title="bbox 2419 4861 3980 4931; baseline -0.012 -2"><span class='ocrx_word' id='word_1_765' title='bbox 2419 4876 2591 4931; x_wconf 88' lang='lat' dir='ltr'><strong>sancti</strong></span> <span class='ocrx_word' id='word_1_766' title='bbox 2658 4872 2815 4926; x_wconf 76' lang='lat' dir='ltr'><strong>Sast</strong></span> <span class='ocrx_word' id='word_1_767' title='bbox 2867 4869 3157 4929; x_wconf 89' lang='lat' dir='ltr'><strong>monacho,</strong></span> <span class='ocrx_word' id='word_1_768' title='bbox 3213 4875 3403 4918; x_wconf 91' lang='lat' dir='ltr'><strong>contra</strong></span> <span class='ocrx_word' id='word_1_769' title='bbox 3473 4862 3698 4914; x_wconf 90' lang='lat' dir='ltr'><strong>Latinos</strong></span> <span class='ocrx_word' id='word_1_770' title='bbox 3725 4861 3980 4926; x_wconf 73' lang='lat' dir='ltr'><strong>impacta:</strong></span> 
     </span>
    </p>
   </div>
   <div class='ocr_carea' id='block_1_109' title="bbox 2419 4951 3992 5024">
    <p class='ocr_par' dir='ltr' id='par_1_109' title="bbox 2419 4951 3992 5024">
     <span class='ocr_line' id='line_1_109' title="bbox 2419 4951 3992 5024; baseline -0.014 -6"><span class='ocrx_word' id='word_1_771' title='bbox 2419 4970 2489 5021; x_wconf 92' lang='lat' dir='ltr'><strong>ob</strong></span> <span class='ocrx_word' id='word_1_772' title='bbox 2531 4964 2930 5020; x_wconf 79' lang='lat' dir='ltr'><strong>confessionem</strong></span> <span class='ocrx_word' id='word_1_773' title='bbox 2962 4958 3305 5024; x_wconf 75' lang='lat' dir='ltr'><strong>processionis</strong></span> <span class='ocrx_word' id='word_1_774' title='bbox 3348 4955 3412 5006; x_wconf 93' lang='lat' dir='ltr'><strong>ab</strong></span> <span class='ocrx_word' id='word_1_775' title='bbox 3448 4965 3690 5020; x_wconf 86' lang='lat' dir='ltr'><strong>utroque,</strong></span> <span class='ocrx_word' id='word_1_776' title='bbox 3753 4951 3992 5018; x_wconf 70' lang='lat' dir='ltr'><strong>ejusqim</strong></span> 
     </span>
    </p>
   </div>
   <div class='ocr_carea' id='block_1_110' title="bbox 2421 5041 3998 5123">
    <p class='ocr_par' dir='ltr' id='par_1_110' title="bbox 2421 5041 3998 5123">
     <span class='ocr_line' id='line_1_110' title="bbox 2421 5041 3998 5123; baseline -0.012 -10"><span class='ocrx_word' id='word_1_777' title='bbox 2421 5061 2742 5113; x_wconf 84' lang='lat' dir='ltr'><strong>additionem</strong></span> <span class='ocrx_word' id='word_1_778' title='bbox 2776 5057 2844 5108; x_wconf 90' lang='lat' dir='ltr'><strong>ad</strong></span> <span class='ocrx_word' id='word_1_779' title='bbox 2865 5053 3190 5123; x_wconf 79' lang='lat' dir='ltr'><strong>Symbolum,</strong></span> <span class='ocrx_word' id='word_1_780' title='bbox 3238 5049 3462 5101; x_wconf 86' lang='lat' dir='ltr'><strong>minime</strong></span> <span class='ocrx_word' id='word_1_781' title='bbox 3491 5045 3861 5098; x_wconf 71' lang='lat' dir='ltr'><strong>consensisse.</strong></span> <span class='ocrx_word' id='word_1_782' title='bbox 3914 5041 3998 5094; x_wconf 84' lang='lat' dir='ltr'><strong>De</strong></span> 
     </span>
    </p>
   </div>
   <div class='ocr_carea' id='block_1_111' title="bbox 2403 5130 3965 5216">
    <p class='ocr_par' dir='ltr' id='par_1_111' title="bbox 2403 5130 3965 5216">
     <span class='ocr_line' id='line_1_111' title="bbox 2403 5130 3965 5216; baseline -0.013 -12"><span class='ocrx_word' id='word_1_783' title='bbox 2403 5151 2630 5204; x_wconf 80' lang='lat' dir='ltr'><strong>&quot;I&#39;homa</strong></span> <span class='ocrx_word' id='word_1_784' title='bbox 2663 5145 2970 5216; x_wconf 85' lang='lat' dir='ltr'><strong>patriarcha</strong></span> <span class='ocrx_word' id='word_1_785' title='bbox 3003 5143 3113 5194; x_wconf 86' lang='lat' dir='ltr'><strong>lato</strong></span> <span class='ocrx_word' id='word_1_786' title='bbox 3171 5141 3487 5205; x_wconf 77' lang='lat' dir='ltr'><strong>disertoque</strong></span> <span class='ocrx_word' id='word_1_787' title='bbox 3511 5135 3719 5189; x_wconf 81' lang='lat' dir='ltr'><strong>calamo</strong></span> <span class='ocrx_word' id='word_1_788' title='bbox 3755 5130 3965 5198; x_wconf 86' lang='lat' dir='ltr'><strong>Lequie</strong></span> 
     </span>
    </p>
   </div>
   <div class='ocr_carea' id='block_1_112' title="bbox 2425 5225 3765 5309">
    <p class='ocr_par' dir='ltr' id='par_1_112' title="bbox 2425 5225 3765 5309">
     <span class='ocr_line' id='line_1_112' title="bbox 2425 5225 3765 5309; baseline -0.016 -13"><span class='ocrx_word' id='word_1_789' title='bbox 2425 5258 2527 5296; x_wconf 88' lang='lat' dir='ltr'><strong>nus</strong></span> <span class='ocrx_word' id='word_1_790' title='bbox 2551 5241 2658 5309; x_wconf 79' lang='lat' dir='ltr'><strong>agit</strong></span> <span class='ocrx_word' id='word_1_791' title='bbox 2684 5239 2739 5291; x_wconf 92' lang='lat' dir='ltr'><strong>in</strong></span> <span class='ocrx_word' id='word_1_792' title='bbox 2771 5252 2871 5289; x_wconf 89' lang='lat' dir='ltr'><strong>suo</strong></span> <span class='ocrx_word' id='word_1_793' title='bbox 2895 5233 3105 5290; x_wconf 85' lang='lat' dir='ltr'><strong>Oriente</strong></span> <span class='ocrx_word' id='word_1_794' title='bbox 3140 5232 3460 5288; x_wconf 80' lang='lat' dir='ltr'><strong>Christiano.</strong></span> <span class='ocrx_word' id='word_1_795' title='bbox 3499 5238 3644 5280; x_wconf 88' lang='lat' dir='ltr'><strong>tonio</strong></span> <span class='ocrx_word' id='word_1_796' title='bbox 3680 5225 3765 5276; x_wconf 93' lang='lat' dir='ltr'><strong>Ill.</strong></span> 
     </span>
    </p>
   </div>
   <div class='ocr_carea' id='block_1_113' title="bbox 2500 5311 4004 5396">
    <p class='ocr_par' dir='ltr' id='par_1_113' title="bbox 2500 5311 4004 5396">
     <span class='ocr_line' id='line_1_113' title="bbox 2500 5311 4004 5396; baseline -0.012 -13"><span class='ocrx_word' id='word_1_797' title='bbox 2500 5330 2586 5384; x_wconf 84' lang='lat' dir='ltr'><strong>IV.</strong></span> <span class='ocrx_word' id='word_1_798' title='bbox 2647 5328 2912 5396; x_wconf 75' lang='lat' dir='ltr'><strong>Agitatam</strong></span> <span class='ocrx_word' id='word_1_799' title='bbox 2963 5324 3199 5377; x_wconf 83' lang='lat' dir='ltr'><strong>vidimus</strong></span> <span class='ocrx_word' id='word_1_800' title='bbox 3252 5321 3612 5387; x_wconf 68' lang='lat' dir='ltr'><strong>quaastionem</strong></span> <span class='ocrx_word' id='word_1_801' title='bbox 3658 5314 3725 5368; x_wconf 85' lang='lat' dir='ltr'><strong>de</strong></span> <span class='ocrx_word' id='word_1_802' title='bbox 3753 5311 4004 5380; x_wconf 85' lang='lat' dir='ltr'><strong>Spiritus</strong></span> 
     </span>
    </p>
   </div>
   <div class='ocr_carea' id='block_1_114' title="bbox 2427 5405 4006 5488">
    <p class='ocr_par' dir='ltr' id='par_1_114' title="bbox 2427 5405 4006 5488">
     <span class='ocr_line' id='line_1_114' title="bbox 2427 5405 4006 5488; baseline -0.011 -13"><span class='ocrx_word' id='word_1_803' title='bbox 2427 5422 2596 5475; x_wconf 86' lang='lat' dir='ltr'><strong>sancti</strong></span> <span class='ocrx_word' id='word_1_804' title='bbox 2648 5417 3000 5488; x_wconf 64' lang='lat' dir='ltr'><strong>procos-sione</strong></span> <span class='ocrx_word' id='word_1_805' title='bbox 3061 5431 3091 5465; x_wconf 92' lang='lat' dir='ltr'><strong>a</strong></span> <span class='ocrx_word' id='word_1_806' title='bbox 3145 5412 3306 5464; x_wconf 87' lang='lat' dir='ltr'><strong>Patre</strong></span> <span class='ocrx_word' id='word_1_807' title='bbox 3361 5419 3409 5462; x_wconf 90' lang='lat' dir='ltr'><strong>et</strong></span> <span class='ocrx_word' id='word_1_808' title='bbox 3453 5406 3656 5462; x_wconf 81' lang='lat' dir='ltr'><strong>aFilio</strong></span> <span class='ocrx_word' id='word_1_809' title='bbox 3701 5407 3751 5458; x_wconf 91' lang='lat' dir='ltr'><strong>in</strong></span> <span class='ocrx_word' id='word_1_810' title='bbox 3787 5405 4006 5472; x_wconf 79' lang='lat' dir='ltr'><strong>synodo</strong></span> 
     </span>
    </p>
   </div>
   <div class='ocr_carea' id='block_1_115' title="bbox 2430 5497 4012 5583">
    <p class='ocr_par' dir='ltr' id='par_1_115' title="bbox 2430 5497 4012 5583">
     <span class='ocr_line' id='line_1_115' title="bbox 2430 5497 4012 5583; baseline -0.013 -16"><span class='ocrx_word' id='word_1_811' title='bbox 2430 5510 2856 5583; x_wconf 78' lang='lat' dir='ltr'><strong>Aquisgranensi</strong></span> <span class='ocrx_word' id='word_1_812' title='bbox 2886 5523 3028 5560; x_wconf 88' lang='lat' dir='ltr'><strong>anno</strong></span> <span class='ocrx_word' id='word_1_813' title='bbox 3049 5506 3152 5559; x_wconf 85' lang='lat'><strong>809</strong></span> <span class='ocrx_word' id='word_1_814' title='bbox 3172 5503 3439 5557; x_wconf 72' lang='lat' dir='ltr'><strong>cclrbrata</strong></span> <span class='ocrx_word' id='word_1_815' title='bbox 3465 5500 3636 5552; x_wconf 79' lang='lat' dir='ltr'><strong>Mense</strong></span> <span class='ocrx_word' id='word_1_816' title='bbox 3662 5497 4012 5552; x_wconf 68' lang='lat' dir='ltr'><strong>Novembrio.</strong></span> 
     </span>
    </p>
   </div>
   <div class='ocr_carea' id='block_1_116' title="bbox 2431 5593 4009 5677">
    <p class='ocr_par' dir='ltr' id='par_1_116' title="bbox 2431 5593 4009 5677">
     <span class='ocr_line' id='line_1_116' title="bbox 2431 5593 4009 5677; baseline -0.011 -16"><span class='ocrx_word' id='word_1_817' title='bbox 2431 5609 2680 5677; x_wconf 66' lang='lat' dir='ltr'><strong>Legatos,</strong></span> <span class='ocrx_word' id='word_1_818' title='bbox 2737 5604 3065 5657; x_wconf 85' lang='lat' dir='ltr'><strong>Bernharum</strong></span> <span class='ocrx_word' id='word_1_819' title='bbox 3127 5600 3420 5666; x_wconf 80' lang='lat' dir='ltr'><strong>episcopum</strong></span> <span class='ocrx_word' id='word_1_820' title='bbox 3464 5593 3900 5650; x_wconf 74' lang='lat' dir='ltr'><strong>l&#39;ormariensem,</strong></span> <span class='ocrx_word' id='word_1_821' title='bbox 3945 5601 4009 5643; x_wconf 87' lang='lat' dir='ltr'><strong>ct</strong></span> 
     </span>
    </p>
   </div>
   <div class='ocr_carea' id='block_1_117' title="bbox 2435 5683 4010 5760">
    <p class='ocr_par' dir='ltr' id='par_1_117' title="bbox 2435 5683 4010 5760">
     <span class='ocr_line' id='line_1_117' title="bbox 2435 5683 4010 5760; baseline -0.018 0"><span class='ocrx_word' id='word_1_822' title='bbox 2435 5701 2788 5760; x_wconf 71' lang='lat' dir='ltr'><strong>Adelhardum</strong></span> <span class='ocrx_word' id='word_1_823' title='bbox 2818 5697 3056 5749; x_wconf 86' lang='lat' dir='ltr'><strong>abbatem</strong></span> <span class='ocrx_word' id='word_1_824' title='bbox 3087 5691 3395 5746; x_wconf 82' lang='lat' dir='ltr'><strong>monasterii</strong></span> <span class='ocrx_word' id='word_1_825' title='bbox 3454 5687 3710 5743; x_wconf 61' lang='lat' dir='ltr'><strong>Coi-bene,</strong></span> <span class='ocrx_word' id='word_1_826' title='bbox 3744 5683 3808 5734; x_wconf 88' lang='lat' dir='ltr'><strong>ad</strong></span> <span class='ocrx_word' id='word_1_827' title='bbox 3844 5697 4010 5735; x_wconf 81' lang='lat' dir='ltr'><strong>suin-</strong></span> 
     </span>
    </p>
   </div>
   <div class='ocr_carea' id='block_1_118' title="bbox 2437 5774 4009 5850">
    <p class='ocr_par' dir='ltr' id='par_1_118' title="bbox 2437 5774 4009 5850">
     <span class='ocr_line' id='line_1_118' title="bbox 2437 5774 4009 5850; baseline -0.018 -1"><span class='ocrx_word' id='word_1_828' title='bbox 2437 5809 2582 5850; x_wconf 88' lang='lat' dir='ltr'><strong>mum</strong></span> <span class='ocrx_word' id='word_1_829' title='bbox 2645 5790 2958 5844; x_wconf 78' lang='lat' dir='ltr'><strong>l‘ontilicem</strong></span> <span class='ocrx_word' id='word_1_830' title='bbox 3027 5784 3261 5838; x_wconf 79' lang='lat' dir='ltr'><strong>Leonem</strong></span> <span class='ocrx_word' id='word_1_831' title='bbox 3321 5777 3384 5833; x_wconf 88' lang='lat' dir='ltr'><strong>lll</strong></span> <span class='ocrx_word' id='word_1_832' title='bbox 3449 5778 3642 5830; x_wconf 79' lang='lat' dir='ltr'><strong>missos</strong></span> <span class='ocrx_word' id='word_1_833' title='bbox 3706 5793 3730 5825; x_wconf 88' lang='lat' dir='ltr'><strong>a</strong></span> <span class='ocrx_word' id='word_1_834' title='bbox 3799 5774 4009 5827; x_wconf 69' lang='lat' dir='ltr'><strong>Carolo</strong></span> 
     </span>
    </p>
   </div>
  </div>
