4216 6438
191 380 283 443 Ιδδ
1315 395 1518 455 \‘ti'A.
1566 420 1624 428 —
1677 398 2176 460 inssnmnio
2220 407 2296 462 ll.
3327 403 3425 467 tuo

188 496 392 564 \l-gno.
421 506 481 548 ul
511 499 704 551 eadem
735 500 953 553 demum
1004 503 1235 569 (νηδύι)
1280 508 1612 568 die/iniretur,
1644 521 1753 561 tra-
1789 531 1825 578 Α
1862 513 2084 565 tollendi
2139 516 2498 578 additionem,
2559 519 2790 583 sytnboli
2852 518 3107 572 videlicet
3171 533 3331 574 cantu
3367 524 3422 575 in

187 593 253 639 siit
312 589 624 655 l-Iginardus
676 593 729 644 in
762 592 1040 658 Chronico,
1068 595 1228 662 eique
1261 601 1614 653 consentiunt
1645 620 1746 654 cae-

187 679 275 728 teri
306 681 623 732 annalistr.
654 681 730 732 Ad
765 682 942 748 ipsum
999 685 1307 749 pontiﬁcem
1343 689 1467 741 data
1491 705 1517 741 a
1554 692 1748 743 (Iarolo

187 771 366 833 Χελκηο
424 781 610 824 exstat
671 774 898 837 epistola
951 776 1003 825 in
1049 775 1336 831 Lubheana
1389 782 1746 834 conciliorum

182 861 529 921 coiit-ctione,
569 877 689 926 qua:
729 862 917 929 incipit
956 880 968 915 :
997 863 1245 928 Quintia,
1279 885 1393 935 qui?
1427 871 1489 921 de
1523 870 1748 933 Spiritus

180 954 340 1002 sancti
405 956 740 1017 processione
789 969 862 1007 est
895 975 1060 1023 nuper
1087 971 1291 1020 exorta,
1318 963 1635 1029 jamdudum
1674 975 1748 1018 est

183 1045 584 1109 diligentissime
641 1065 670 1098 α
725 1052 919 1101 sanctis
981 1051 1225 1105 Patribus
1267 1056 1541 1107 ventilata.
1576 1057 1750 1109 Trsti-

184 1154 354 1186 moma
395 1139 626 1190 Patrum
654 1140 803 1205 plura
834 1152 1206 1196 recensentur.

248 1229 376 1277 Λειὲι
414 1228 622 1279 ibidem
648 1243 883 1288 exstant.
919 1243 972 1285 et
1009 1236 1148 1300 apud
1187 1234 1502 1298 Baroninm,
1533 1239 1596 1290 ad
1621 1255 1748 1292 ann.

184 1321 295 1377 Fit-9,
334 1337 494 1374 nunt.
536 1323 604 1375 5t
660 1323 995 1389 Collationis,
1047 1343 1206 1394 quam
1258 1329 1438 1394 Legati
1507 1332 1751 1387 habuere.

181 1428 293 1459 czun
321 1408 532 1462 Leone.
572 1415 765 1464 Actum
798 1431 922 1467 vero
947 1417 1182 1483 primum
1221 1421 1287 1471 de
1314 1421 1435 1485 fidei
1473 1422 1750 1490 dogmate:

185 1515 284 1548 t::n
318 1504 556 1566 quaestio
598 1504 806 1556 invecta
839 1506 902 1560 dc
936 1507 1191 1569 lectione.
1231 1512 1342 1563 sive
1400 1523 1564 1565 cantu
1599 1512 1751 1583 Sym-

181 1590 274 1641 1εωὶ
306 1592 888 1662 Constantinopolituni
955 1601 1089 1650 inter
1138 1602 1416 1655 missurum
1469 1604 1748 1669 solemnia,

181 1683 526 1750 maximeque
562 1702 687 1736 cum
718 1688 862 1740 vocis
897 1687 1142 1756 Filioque
1170 1691 1568 1747 additatnvnto.
1597 1697 1752 1748 Titu-

179 1777 255 1825 l.t§
284 1784 370 1826 est
402 1791 417 1828 :
459 1774 640 1835 Ratio,
698 1796 812 1845 qur
865 1779 1042 1832 habita
1074 1792 1147 1833 est
1175 1783 1236 1833 de
1270 1781 1513 1850 Symbolo
1552 1786 1672 1849 fidei
1697 1788 1751 1838 in

1856 605 2056 671 palatio
2116 608 2348 673 primum
2404 609 2595 677 Regio,
2656 611 2855 665 deinde
2915 612 2967 664 in
3018 613 3142 666 aliis
3164 612 3425 667 Ecclesiis

1855 699 2244 763 pl‘a'tcrtnissn.

1923 790 2277 844 (ioltationetn
2339 797 2508 860 ipsam
2546 795 2702 847 liceat
2733 793 3068 862 {diligentius
3090 795 3424 863 expendere.

1853 882 1982 934 Fide
2005 883 2258 937 Romamn
2282 885 2534 940 Ecclesia:
2563 889 2625 938 de
2647 888 2975 954 processione
3007 888 3236 954 Spiritus
3259 907 3290 941 a
3321 887 3428 941 Pa-

1854 984 1932 1025 tre
1962 985 2008 1025 et
2044 973 2182 1028 Filio
2207 977 2303 1029 abs
2329 976 2506 1030 Leone
2546 977 2609 1030 Ill
2641 979 2910 1046 exposita,
2944 977 3010 1030 de
3047 979 3424 1033 additamenta

1853 1067 1918 1118 ad
1984 1067 2296 1133 Symbolum
2348 1084 2656 1121 sermonem
2711 1070 2872 1138 legati
2942 1071 3236 1124 instituunt
3292 1092 3304 1122 :
3363 1072 3425 1126 Si

1853 1172 1972 1220 ergo
2004 1139 2090 1208 ita.
2114 1168 2186 1208 est
2236 1159 2252 1223 (
2289 1159 2594 1225 inquientes
2631 1160 2672 1224 ),
2724 1175 2819 1210 cur
2863 1177 2973 1231 non
3019 1162 3135 1213 licet
3166 1171 3423 1225 cantare,

1854 1245 1932 1297 rel
1981 1248 2245 1299 cantando
2305 1251 2506 1301 docere.
2568 1247 2678 1300 lino
2745 1250 2866 1302 licet
2916 1251 3167 1313 docendo,
3202 1263 3425 1304 cantare

1856 1339 2090 1404 (reponit
2119 1341 2405 1404 pontifex),
2471 1353 2520 1392 et
2574 1343 2842 1394 cantando
2872 1347 3079 1395 docere.
3117 1342 3216 1396 Sed
3243 1345 3425 1398 illicite

1853 1429 1906 1477 in
1972 1430 2285 1493 prohibitis:
2324 1446 2416 1481 nec
2468 1429 2760 1486 scribendo.
2829 1446 2920 1482 nec
2982 1434 3248 1484 cantando
3303 1434 3424 1485 licet

1855 1519 2083 1570 inserere
2143 1519 2348 1573 Sensus
2376 1532 2480 1580 est,
2515 1523 2687 1574 sancti
2723 1522 2966 1591 Spiritus
3005 1525 3420 1591 processiouem

1856 1626 1886 1658 a
1925 1605 2083 1658 l’atrc
2117 1619 2161 1660 et
2193 1625 2223 1660 a
2262 1607 2401 1662 Filio
2434 1610 2746 1667 tenendam.
2814 1613 3234 1682 docendamqne
3274 1629 3420 1676 esse,

1856 1698 1968 1750 sive
2003 1700 2270 1751 cantando
2307 1700 2356 1751 id
2392 1701 2502 1760 liat,
2534 1701 2646 1753 sive
2673 1701 2925 1769 legendo,
2957 1704 3074 1756 sive
3091 1705 3418 1758 scribendo:

1857 1801 1910 1842 at
1946 1792 2104 1841 inseri
2150 1807 2268 1843 eam
2303 1793 2568 1858 symbolo,
2639 1794 2690 1845 in
2731 1794 3024 1860 prohibitis
3049 1810 3188 1848 esse.
3229 1797 3422 1850 Ptohi-

177 1867 455 1917 secretario
487 1868 663 1918 sancti
714 1868 856 1920 Petri
889 1871 1111 1935 apostoli
1164 1875 1302 1924 inter
1337 1874 1584 1926 dontnum
1617 1874 1748 1926 Leo-
1786 1871 1821 1920 η
1856 1880 2096 1936 bitionis.
2127 1898 2287 1943 quam
2328 1881 2567 1935 Romana
2623 1885 2963 1938 custodiebat
3000 1885 3265 1947 Ecclesia,
3293 1904 3424 1942 cau-

178 1972 285 2007 και
319 1959 727 2009 sanatissimum
779 1970 826 2010 et
886 1964 1297 2030 coet'angelicnm
1365 1955 1561 2032 papam
1611 1970 1752 2020 urbis

177 2047 368 2110 Iiomc,
388 2061 439 2100 et
467 2048 789 2103 Bernarium
808 2062 963 2122 atque
982 2051 1128 2107 Jcsse
1145 2058 1403 2122 episcopos
1418 2077 1504 2110 seu
1525 2061 1750 2112 Adolar-

172 2142 290 2190 dum
353 2143 632 2201 abbatem,
694 2146 874 2198 missos
935 2147 1111 2199 damni
1155 2147 1338 2201 Caroli
1394 2153 1749 2217 imperatoris,

172 2249 259 2296 per
291 2235 644 2286 indictionem
674 2238 978 2290 secundum.
1037 2240 1191 2306 Apud
1225 2243 1526 2295 annalistas
1556 2243 1743 2296 lauda-

175 2338 249 2379 tos
293 2328 448 2380 nuda
499 2327 652 2380 Jesse
674 2332 898 2397 episcopi
926 2333 1128 2384 ntentio
1154 2333 1436 2398 ingeritur.
1473 2334 1752 2402 S:I~picio-

173 2419 783 2471 neminvehitindictio
829 2423 1082 2477 secunda.
1157 2425 1367 2478 Dicitur
1425 2429 1570 2480 enim
1626 2445 1745 2482 eam

171 2510 530 2562 (Lollationem
593 2513 900 2577 scripsisse,
958 2523 1050 2566 aut
1103 2516 1338 2569 edidisse
1395 2516 1746 2584 Smaragdus,

169 2603 332 2655 abbas
366 2605 552 2656 sancti
588 2604 866 2656 Michaelis
891 2606 954 2656 ad
988 2606 1186 2659 Mosam
1217 2626 1228 2660 :
1260 2608 1350 2676 qui
1382 2608 1746 2663 Novembrium

173 2712 395 2746 mensem
432 2696 566 2746 anni
596 2695 697 2747 809
740 2697 856 2747 sine
881 2696 1048 2749 dubio
1084 2709 1328 2751 notasset
1353 2709 1513 2766 juxta
1548 2717 1746 2756 morem

357 2796 680 2838 comuetum
712 2788 996 2839 indictione
1056 2792 1236 2842 tertia.
1263 2791 1583 2844 Addcndum
1618 2809 1743 2860 pos-

172 2890 336 2930 tremo
379 2879 723 2945 ln-gationeai
775 2881 1086 2943 praedictam
1154 2893 1272 2948 post
1317 2882 1569 2936 eumde
1603 2901 1744 2936 mcu-

165 2990 266 3024 scm
300 2974 648 3024 uorcmbrein
671 2986 700 3023 a
742 2970 938 3024 Carolo
1002 2973 1190 3041 Magno
1215 2974 1502 3035 directam,
1539 2991 1644 3028 non
1670 2977 1742 3030 ita

164 3067 317 3119 facile
363 3065 642 3132 compleri
707 3075 833 3117 ante
890 3080 1090 3117 annum
1138 3065 1263 3124 810.
1307 3077 1355 3118 et
1387 3067 1741 3121 indictionem

165 3164 378 3212 uniuni
417 3162 694 3223 potuisse.
747 3158 879 3210 Hinc
912 3169 1139 3209 censent
1191 3158 1289 3210 viri
1324 3159 1487 3220 docti,
1526 3159 1740 3211 titulum

161 3257 223 3304 ,ὠ
269 3252 469 3318 aliquo
522 3250 703 3302 sciolo
751 3250 1054 3316 appositum
1106 3263 1247 3306 esse.
1306 3249 1373 3302 de
1431 3251 1743 3305 sinceritate

161 3346 485 3396 Colla-tionis
522 3342 666 3392 nihil
702 3342 1036 3393 hesitantes.

224 3437 413 3489 Primo
442 3435 572 3486 loco
608 3433 740 3484 lecta
786 3441 906 3484 sunt
940 3450 971 3483 a
1008 3433 1270 3502 pra'dictis
1301 3434 1469 3486 missis
1532 3450 1622 3502 per
1661 3450 1745 3485 or-

156 3531 321 3581 dinem
357 3526 674 3578 testimonia
721 3525 1008 3591 (Patrum),
1043 3534 1196 3592 atque
1227 3544 1258 3577 a
1299 3525 1488 3576 dontno
1524 3528 1741 3592 Aposto-

157 3624 249 3673 lico
283 3618 706 3688 diligentissime
738 3619 940 3669 audita.
997 3617 1085 3669 Ait
1111 3617 1197 3670 ille
1232 3632 1356 3670 vero
1390 3636 1402 3670 :
1442 3616 1528 3670 Ita
1552 3618 1739 3678 sentio,

155 3718 224 3765 ita
279 3726 439 3762 teneo
506 3726 633 3760 cum
686 3709 762 3760 his
814 3708 1210 3768 auctoribus,“
1249 3723 1419 3761 sacrae
1450 3706 1742 3775 Scriptura:

159 3806 491 3854 auctori-us.
532 3800 599 3852 Si
625 3802 742 3867 quis
771 3797 925 3850 aliter
967 3798 1029 3849 de
1089 3800 1186 3852 hac
1214 3815 1266 3851 re
1298 3801 1512 3859 sentire,
1542 3798 1620 3852 vel
1643 3800 1739 3851 do-

154 3913 260 3948 cere
309 3895 574 3950 uoluerit,
641 3890 861 3957 defendo
921 3894 1038 3956 (seu
1085 3891 1366 3957 inhibeo);
1411 3900 1459 3942 et
1491 3892 1592 3942 nisi
1621 3907 1743 3943 con-

155 4006 325 4040 tersus
361 3987 558 4054 fuerit,
596 3993 644 4034 et
674 3986 957 4034 secundum
981 3984 1116 4042 hunc
1137 3998 1344 4036 sensum
1370 3994 1544 4035 tenere
1561 3983 1738 4036 volue-

154 4087 240 4140 rit,
296 4078 596 4132 contraria
644 4075 952 4127 sentientem
1015 4076 1248 4142 funditus
1295 4077 1467 4144 ejicio.
1515 4073 1570 4127 In
1599 4073 1740 4128 libro

153 4173 355 4225 Dturuo
401 4171 792 4222 ιὶυιιιειιιυτυιιι
843 4168 1157 4234 pontiﬁcum
1205 4175 1446 4234 prostant
1475 4168 1596 4234 ﬁdei
1620 4184 1740 4233 pro-

152 4267 400 4330 fssions
434 4272 578 4318 tres,
615 4274 752 4326 quas
786 4274 878 4311 sua
922 4260 974 4310 in
1016 4259 1362 4312 ordinatione
1395 4260 1495 4328 ipsi
1524 4261 1738 4312 emitte-

151 4359 275 4408 bant
303 4353 616 4420 pontiﬁces
649 4351 877 4403 Romani
911 4351 1011 4404 hac
1031 4360 1209 4411 a-tate,
1243 4366 1305 4404 ac
1319 4367 1432 4403 aevo
1459 4351 1696 4418 sequiori
1723 4371 1734 4405 τ

149 4459 194 4495 ιι
224 4447 276 4496 in
311 4446 496 4496 alte-ra
532 4441 759 4507 quidem
814 4440 926 4494 bare
979 4440 1250 4493 habentur
1279 4457 1294 4497 :
1332 4441 1590 4508 Spiritum
1621 4440 1732 4504 Dei,

1856 1983 2024 2023 sasct
2053 1973 2198 2037 leges
2258 1972 2574 2024 intellexere
2630 1973 2787 2041 legati
2825 1993 2837 2026 :
2872 1976 2995 2043 quia
3035 1976 3137 2040 illi,
3165 1979 3252 2046 qui
3281 1979 3418 2031 idem

1858 2061 2163 2130 Symbtlum
2188 2063 2552 2124 condiderunt,
2591 2079 2693 2114 non
2736 2065 3038 2117 indiderunt
3070 2083 3086 2118 :
3120 2077 3166 2118 et
3195 2084 3420 2134 sequen-

1855 2160 1926 2201 tes
1955 2151 2102 2217 princ
2125 2151 2265 2216 pales
2291 2153 2500 2218 synodi,
2552 2151 2994 2207 Chalcedonensis
3033 2167 3251 2224 quarta,
3277 2155 3418 2211 Con-

1849 2245 2323 2308 stantinopolitano
2383 2244 2586 2312 quinta,
2653 2254 2701 2295 et
2755 2255 2924 2306 sexta,
2962 2259 3015 2299 ut
3051 2264 3241 2301 novum
3271 2247 3416 2302 ultra

1848 2335 2140 2403 symbolum
2173 2376 2186 2389 .
2229 2375 2242 2387 .
2279 2375 2292 2388 .
2331 2337 2571 2394 condere,
2629 2335 2792 2403 188
2847 2345 2896 2387 et
2950 2338 3002 2390 in
3035 2340 3288 2393 veteribus
3317 2340 3419 2393 tol-

1853 2426 2028 2483 lentia,
2091 2427 2353 2486 addendo,
2415 2428 2770 2494 mutandaque
2817 2431 3101 2505 quidquam
3165 2435 3414 2496 inserere,

1850 2520 2242 2585 prohibuerunt.
2302 2518 2495 2571 Mirum
2541 2527 2624 2571 cst
2678 2518 2770 2571 lati
2817 2519 2868 2594 in
2906 2520 3176 2588 Ephesina
3211 2525 3420 2594 synodo

1851 2613 2184 2663 necuim-nim
2220 2613 2400 2668 tertia,
2432 2611 2638 2664 decreti
2675 2627 2780 2664 non
2826 2614 2998 2680 ingeri
3035 2615 3368 2666 intentionem
3399 2615 3415 2668 ι
3449 2633 3453 2636 ·

1851 2700 2165 2768 Hujuszuodi
2227 2702 2402 2768 legum
2441 2704 2673 2770 rigorem
2732 2705 2985 2756 sermbat
3027 2703 3264 2757 Ecilesia
3309 2707 3417 2758 lto-

1849 2808 2026 2854 mana,
2061 2792 2404 2858 antiquitatis
2443 2796 2807 2848 tenacissima.
2871 2798 2935 2848 At
2970 2797 3092 2862 quia
3121 2797 3173 2847 id
3203 2796 3416 2848 credere

1847 2881 2038 2933 bonum
2074 2892 2145 2933 est
2179 2883 2349 2943 (aiunt
2383 2885 2589 2952 legati).
2621 2889 2812 2937 bonum
2853 2886 3005 2937 hodie
3027 2887 3273 2949 sicut,ad
3302 2902 3415 2939 creo

1846 2974 2092 3034 dendum,
2127 2976 2200 3026 ita
2228 2979 2296 3027 ad
2318 2983 2640 3028 cantandum
2691 2987 2816 3030 tunc
2866 2986 3016 3038 esset,
3043 2979 3088 3030 si
3121 2979 3185 3030 ab
3223 2980 3295 3031 eis
3325 2980 3377 3031 in
3397 3010 3414 3023 -

1844 3076 2041 3118 sertum
2082 3067 2282 3134 fuisset.
2319 3067 2516 3134 Utique
2573 3071 2763 3121 bonum
2819 3071 2874 3120 id
2924 3071 3153 3133 credere,
3182 3079 3230 3122 et
3262 3070 3414 3122 valde

1847 3157 2035 3210 bonum
2075 3159 2257 3228 (verba
2285 3169 2412 3212 sunt
2438 3159 2757 3228 pontificis),
2815 3173 2990 3229 utpote
3021 3173 3129 3214 tant
3166 3179 3414 3232 magnum

1845 3249 1970 3317 ﬁdei
1997 3261 2405 3310 sacramentum,
2433 3253 2569 3318 quod
2625 3269 2724 3303 non
2783 3254 2899 3306 licet
2925 3271 3024 3305 non
3051 3257 3259 3306 credere
3291 3293 3307 3307 .
3343 3293 3358 3308 .
3393 3296 3408 3310 .

1851 3343 1970 3394 Non
1999 3344 2166 3395 audeo
2195 3343 2364 3394 dicere
2407 3359 2507 3394 non
2565 3345 2690 3396 bene
2754 3346 2929 3412 fecisse
2982 3346 3246 3414 (Symboli
3273 3362 3410 3420 cou-

1845 3424 2073 3498 dito'nes,
2132 3446 2227 3488 aut
2267 3436 2457 3504 synodi
2529 3437 2885 3490 meumcnicm
2939 3454 3060 3505 quae
3090 3437 3407 3508 Symbolum

1845 3527 2285 3590 confirmarunt),
2309 3527 2353 3578 si
2383 3527 2622 3594 fecissent
2657 3528 2772 3592 (aut
2806 3528 3127 3595 particulam
3170 3525 3412 3593 Filioque

1846 3615 2220 3682 addidissent)
2259 3635 2272 3671 :
2308 3619 2524 3670 scientes
2561 3621 2737 3686 utique
2768 3659 2780 3672 .
2814 3659 2826 3671 .
2865 3658 2877 3672 .
2925 3621 3260 3687 perpendisse
3296 3635 3404 3684 eos,

1843 3722 1935 3756 cur
1964 3707 2296 3759 dimiserunt.
2755 3757 2760 3762 .

1916 3797 2179 3868 Temporis
2207 3801 2514 3867 qualitatem
2537 3802 2797 3855 exhibent
2860 3803 3020 3864 legati
3053 3845 3064 3865 ,
3099 3813 3145 3854 et
3178 3805 3412 3857 imbecil-

1847 3887 2046 3940 l.latem
2081 3889 2340 3956 fratrum,
2378 3906 2439 3943 ac
2491 3894 2856 3945 necessariam
2889 3893 2951 3944 de
2985 3901 3133 3944 tanta
3171 3898 3412 3962 mysterio

1844 3981 2258 4034 instructionem
2300 3998 2312 4032 :
2355 3983 2496 4036 unde
2533 3984 2717 4036 melius
2778 3986 2924 4035 nobis
2956 3986 3117 4037 visunt
3149 3986 3246 4050 fuit
3282 3987 3402 4043 (in-

1841 4073 2080 4141 quiunt),
2131 4075 2394 4126 cantando
2449 4084 2623 4128 tantos
2676 4076 2959 4133 instruere,
3006 4093 3163 4145 quam
3189 4078 3412 4130 tacendo

1841 4166 2073 4218 indoctos
2137 4165 2451 4232 relinquere.
2515 4166 2570 4220 Si
2617 4169 2754 4218 enim
2789 4168 2946 4219 sciret
2973 4170 3269 4236 paternitas
3297 4177 3408 4234 tua,

1840 4270 2037 4326 quanta
2065 4267 2186 4309 sunt
2230 4259 2381 4310 hodie
2413 4258 2579 4310 millia
2609 4259 2661 4310 id
2712 4259 2986 4311 scientiam
3012 4258 3087 4326 (in
3117 4258 3189 4309 Ca
3219 4260 3326 4322 liis,
3359 4260 3410 4312 in

1843 4365 2006 4418 regno
2066 4349 2249 4411 Italis',
2318 4351 2368 4402 in
2421 4349 2761 4413 Germania),
2820 4351 2946 4417 quia
3001 4359 3284 4410 cantatur,
3326 4351 3414 4414 qui

1841 4458 2110 4510 nunquam
2148 4443 2330 4492 scituri
2387 4449 2576 4503 essent,
2628 4443 2728 4492 nisi
2783 4452 3096 4494 mutaretur
3134 4457 3148 4491 .'
3184 4446 3411 4508 fortasse

153 4536 321 4588 l‘ilius
385 4535 456 4586 de
517 4547 618 4583 suo
676 4534 929 4598 accipere,
958 4531 1188 4590 perhibet
1222 4570 1233 4581 .
1271 4569 1284 4583 .
1317 4539 1400 4583 .et
1427 4530 1736 4601 insufflando
1768 4539 1816 4594 Ι)
1843 4534 2106 4586 nobiscum
2138 4543 2359 4592 teneres,
2393 4542 2440 4584 et
2476 4535 2530 4584 id
2563 4543 2652 4584 tuo
2704 4536 2862 4584 etiam
2895 4550 3150 4584 consensu
3191 4543 3244 4584 ut
3278 4549 3405 4584 can-

146 4625 460 4691 ciscipalis.
503 4622 739 4687 Accipite
793 4621 1048 4684 Spiritum
1087 4631 1351 4680 sanctum,
1389 4630 1566 4690 utpote
1593 4622 1654 4672 de
1681 4637 1735 4672 se

149 4719 526 4780 procedentem
587 4713 888 4764 annuntiat.
939 4711 995 4764 In
1051 4714 1207 4764 tertia
1266 4728 1414 4771 vero.
1477 4711 1736 4779 Spiritum

147 4821 394 4860 suetum
475 4821 571 4857 nec
628 4805 878 4870 genitum,
905 4820 995 4856 nec
1020 4803 1328 4872 ingenitum,
1359 4803 1452 4855 sed
1481 4803 1543 4854 de
1578 4802 1735 4855 Patre

152 4902 170 4950 ,ι’
194 4903 395 4968 iliaque
431 4895 830 4962 procedentem.
857 4893 974 4946 Haec
999 4903 1117 4947 erat
1141 4894 1338 4947 Leonis
1363 4895 1515 4947 ﬁdes.

214 4989 357 5040 Tum
385 4989 671 5039 dictorum
707 4985 1090 5036 nonnullorum
1126 4984 1410 5037 occasione
1437 4983 1582 5043 data,
1614 4997 1735 5051 qua:

145 5079 507 5146 colloquendo
575 5079 775 5144 potius,
831 5093 989 5144 quam
1038 5076 1358 5144 disputando
1390 5077 1730 5141 exciderant,

148 5177 196 5223 in
239 5172 620 5239 quaestionem
652 5168 782 5220 abiit
822 5167 1052 5219 Collatio
1114 5168 1181 5220 de
1216 5168 1437 5236 symboli
1471 5167 1736 5221 Constan-

147 5262 499 5330 tinopolitani
529 5259 840 5326 interpolati
861 5267 1020 5310 cantu
1046 5260 1190 5311 inter
1217 5261 1504 5312 missarum
1529 5263 1732 5313 solem-

146 5357 260 5407 nia.
293 5354 430 5406 Tria
474 5365 577 5403 nos
622 5352 747 5402 Acta
775 5349 975 5402 docent
1005 5366 1014 5398 :
1049 5350 1097 5402 l.
1129 5350 1182 5400 In
1216 5349 1460 5403 Ecclesia
1493 5350 1733 5404 Romana

147 5445 400 5497 nondum
451 5442 762 5496 obtinuisse
821 5440 1047 5510 symboli
1101 5451 1319 5495 cantum
1359 5442 1501 5495 inter
1542 5442 1734 5494 missa-

150 5550 270 5587 rum
327 5531 631 5592 solemnia,
695 5544 794 5582 nec
843 5530 1276 5583 additamentum
1305 5531 1457 5584 vocis
1489 5529 1735 5600 Filioque

149 5634 212 5683 si
275 5627 631 5700 Symbolum.
695 5624 750 5677 ἢ.
795 5625 1138 5678 Additionum
1175 5627 1332 5688 hanc,
1369 5641 1395 5677 a
1441 5627 1735 5679 Gallicanis

151 5724 418 5777 Ecclesiis
475 5721 702 5784 lactant,
774 5719 1004 5772 nimium
1053 5733 1194 5787 aegre
1252 5720 1440 5771 tulisse
1495 5718 1731 5770 Leonem

151 5818 498 5886 pzvtttilicem.
563 5814 614 5868 3.
673 5811 945 5867 lndicassc
999 5826 1212 5881 quoque
1275 5812 1490 5864 modum
1557 5814 1727 5880 ipsum

1843 4633 2066 4683 taretur.
2086 4627 2458 4692 acquiesceres.
2485 4623 2855 4678 Necessarium
2891 4625 3116 4694 hujusce
3145 4626 3409 4692 mysterii,

1842 4718 2181 4784 aliorumque
2224 4717 2643 4769 instruetionem
2677 4718 2800 4784 quis
2843 4734 2949 4769 non
2997 4718 3220 4768 rideat?
3258 4715 3406 4768 Nun-

1840 4807 1965 4874 quid
1993 4823 2111 4859 vero
2154 4809 2393 4858 universa
2455 4807 2754 4874 hujnsmudi
2811 4807 2935 4871 fidei
2982 4808 3198 4874 mystica
3225 4823 3410 4858 sacra-

1844 4905 2020 4948 menta
2047 4897 2141 4966 (ait
2169 4896 2456 4964 pontifex),
2516 4899 2629 4948 sine
2683 4898 2866 4964 quibus
2930 4900 3163 4962 quisque,
3219 4898 3308 4964 qui
3338 4897 3408 4947 ad

1840 4988 1932 5038 hoc
1977 4990 2272 5054 pertingere
2328 4996 2514 5053 potest,
2575 4989 2858 5063 cptholicus
2917 5005 3022 5038 esse
3081 5005 3181 5038 non
3213 4995 3405 5054 patest,

1840 5077 2086 5145 symbolis
2141 5067 2453 5136 inserenda;
2503 5085 2548 5127 et
2595 5087 2806 5143 propter
2833 5078 3196 5143 compendium
3235 5077 3405 5126 minus

1838 5168 2263 5236 intelligentiam,
2318 5177 2371 5218 ut
2428 5170 2608 5234 cuique
2665 5169 2891 5224 libuerit,
2956 5169 3198 5220 adleuda
3236 5170 3406 5220 sunt?

1837 5260 1978 5312 Modi
2034 5270 2218 5326 patent
2273 5261 2622 5326 multiplices.
2686 5261 2887 5328 quibus
2954 5270 3105 5333 cntra
3157 5260 3399 5326 Sytnboli
3470 5294 3472 5296 τ

1838 5350 2150 5408 formulam.
2218 5352 2413 5403 instrui
2474 5350 2660 5402 fideles
2717 5365 2941 5418 queam,
2987 5352 3040 5403 in
3077 5352 3404 5416 dogmaticis

1839 5443 2014 5500 libris,
2050 5442 2102 5492 in
2131 5441 2544 5503 Catechesibus,
2578 5443 2629 5494 in
2657 5441 3051 5495 Conciouibus.

1908 5533 2155 5602 Nunquid
2208 5535 2390 5602 (legati
2441 5535 2733 5602 reponunt)
2787 5551 2886 5586 non
2947 5552 2978 5586 a
3036 5542 3084 5586 te
3137 5534 3191 5586 id
3235 5537 3402 5601 ipsum

1838 5623 2136 5694 Symbolum
2186 5635 2258 5677 est
2304 5625 2432 5678 data
2488 5628 2539 5677 in
2597 5624 2833 5678 Ecclesia
2870 5627 3124 5679 cantandi
3150 5625 3406 5677 licentia?

1836 5718 2087 5784 Nunquid
2139 5736 2168 5770 a
2205 5717 2348 5770 nobis
2380 5720 2480 5769 huc
2517 5734 2637 5770 usus
2671 5718 2764 5771 ille
2805 5720 3068 5771 cantandi
3104 5716 3404 5786 processit?

1838 5810 2083 5864 l‘ontil'cx
2119 5825 2131 5861 :
2173 5808 2279 5878 Ego
2311 5809 2574 5862 licentiam
2599 5810 2715 5862 dedi
2767 5811 3015 5863 cantandi
3044 5827 3058 5863 :
3088 5826 3190 5862 non
3224 5817 3400 5862 autem
