4216 6438
178 378 270 442 {93

1340 362 1537 420 Υιῖλ.
1583 385 1646 392 -
1690 355 2195 418 ΟιΒδΕΙῖΤΛΤΙΟ
2249 355 2326 413 ll.

3323 351 3423 419 ΞΜ

175 492 352 541 adhuc
390 490 777 537 consueverat.
832 477 1062 543 Impli-xa
1095 491 1213 543 quc
1249 485 1552 541 Sctltttttilttt‘
1591 469 1752 524 \crba
1787 475 1828 529 Α
1859 467 1969 519 vari
2015 466 2185 518 Solida
2223 480 2460 534 umquam
2515 464 2711 531 poterit
2779 480 2818 513 St
2844 463 3074 516 lntione.
3129 461 3198 516 Ea
3234 479 3421 532 repeto

176 596 337 634 sensu
369 586 589 629 carent.
620 572 922 636 eademque
955 569 1027 620 ita
1054 567 1311 620 videntur
1335 564 1700 617 construenda
1734 580 1747 614 :

176 671 426 736 Quaudiu
474 667 614 717 vobis
659 663 792 714 satis
840 662 940 726 fuit
977 661 1110 724 (sive
1166 657 1380 721 luisset)
1415 658 1466 706 in
1527 656 1647 730 hoc,
1698 654 1750 704 in

176 762 487 831 hujusmodi
521 758 776 825 (scilicet)
812 753 1079 805 cantando
1130 761 1175 803 et
1211 749 1520 802 celebrando
1577 746 1752 814 (Sym-

179 857 320 910 bolo:I
346 857 402 904 in
433 851 792 903 sacrosanctis
829 846 1109 913 mysteriis.
1144 842 1400 911 quomodo
1430 849 1612 892 sancta
1657 837 1752 889 lio-

179 963 337 997 mana
381 953 524 994 tenet
555 941 809 994 Ecclesia.
843 951 1021 1001 neque
1055 933 1236 993 nobis,
1267 947 1439 999 neque
1464 929 1588 980 aliis
1617 928 1755 979 hanc

180 1035 421 1103 patiendi
461 1031 790 1089 molestiam,
841 1027 1181 1080 occasionem
1221 1022 1528 1075 dedissetis.
1570 1021 1754 1071 Anim~

179 1127 402 1178 adverte
437 1125 672 1175 verbum
714 1118 868 1180 illud,
932 1121 1104 1169 Tenet.
1168 1115 1283 1166 Non
1359 1112 1430 1163 ait
1466 1108 1705 1178 pontifex
1742 1126 1753 1160 :

179 1213 461 1281 quomodo
503 1211 746 1263 Romana
773 1218 956 1261 cantat
986 1208 1097 1258 sine
1150 1204 1507 1256 additamenta
1540 1200 1760 1270 Symbo-

182 1311 284 1358 lum
317 1310 368 1357 in
432 1303 675 1371 Liturgia
709 1318 725 1353 :
763 1301 856 1354 sed
916 1299 1172 1367 quomodo
1206 1304 1342 1347 tenet
1406 1297 1542 1361 ipsa.
1597 1301 1758 1358 atque

183 1397 418 1448 ru-todit
452 1394 771 1462 Symbolum
793 1391 910 1442 sine
941 1389 1192 1455 praedicta
1220 1386 1468 1452 adjci-tio:
1495 1403 1548 1434 ιι.

249 1485 368 1550 Quo
403 1488 601 1550 utique
636 1497 798 1534 sensu
838 1481 1126 1544 scripserat
1169 1478 1332 1530 etiam
1373 1476 1608 1528 Joannes
1650 1472 1759 1526 V'lll

184 1577 245 1628 ad
296 1576 560 1627 Moravia:
615 1574 890 1630 comitem,
944 1571 1040 1632 abs
1089 1584 1147 1621 ne
1196 1567 1526 1620 Methodiuni
1582 1565 1764 1617 archi-

185 1669 516 1730 episcopum
579 1664 972 1729 interrogatum
1021 1674 1174 1712 esse:
1213 1657 1271 1710 Si
1308 1657 1607 1710 orthodoxa:
1641 1655 1762 1721 ﬁdei

192 1756 501 1823 Symbolum
536 1755 614 1805 ita
645 1755 896 1814 crederet,
929 1760 978 1804 et
1012 1754 1085 1802 ita
1117 1752 1256 1803 inter
1293 1765 1446 1802 sacra
1479 1747 1762 1799 Missurum

185 1850 443 1900 solemnia
505 1855 720 1899 caneret
777 1844 960 1910 (hunc
1007 1843 1149 1896 enim
1209 1856 1412 1893 morem
1472 1842 1758 1892 servabant
1797 1825 1836 1879 Β

191 1941 442 1993 Μοτπίε
493 1939 751 1992 Ecclesiae
781 1942 830 2000 ).;
876 1940 1007 1990 sicut
1039 1945 1277 1988 sanctam
1328 1932 1619 1986 Romanam
1664 1931 1761 1983 Ec-

187 2037 398 2086 rlesiam
433 2042 638 2092 tenere,
694 2041 741 2083 et
773 2032 824 2082 in
855 2031 1051 2082 sanctis
1082 2027 1316 2081 conciliis
1366 2025 1761 2093 promulgatum

189 2139 232 2176 et
258 2128 524 2178 traditum
563 2141 692 2184 esse,
725 2130 949 2175 constat.
983 2119 1102 2184 Quo
1145 2120 1266 2172 loco
1295 2119 1519 2171 verbum
1564 2125 1760 2176 tenere,

191 2235 289 2269 non
322 2228 412 2269 est
466 2216 766 2269 Ecclesiam
818 2213 1115 2266 Ilomanam
1168 2219 1387 2263 cantare
1419 2207 1761 2278 Symbolum,

190 2319 276 2358 aut
321 2307 513 2373 legere
579 2307 726 2357 inter
777 2305 1064 2355 missarum
1133 2300 1438 2363 solemnia;
1479 2298 1572 2352 sed
1631 2298 1761 2351 illud

195 2400 468 2467 integrum
503 2397 1000 2463 incorruptumque
1035 2393 1347 2454 custodire,
1384 2392 1523 2443 sicut
1565 2408 1596 2442 a
1643 2405 1766 2440 san-

189 2493 280 2543 ctis
322 2490 565 2541 'onciliis
618 2487 1020 2555 promulgatum
1059 2494 1144 2538 est
1196 2481 1590 2550 traditumque.
1633 2480 1768 2534 Hinc

193 2598 316 2634 vero
368 2578 715 2633 Walal‘ridus
755 2577 973 2636 Strabo,
1017 2576 1276 2642 deceptus
1329 2590 1548 2627 rumore
1599 2575 1766 2643 vulgi,

195 2676 410 2742 scripsit
443 2692 457 2724 :
491 2689 523 2724 a
559 2669 756 2724 Cracis
803 2671 870 2720 ad
918 2669 1178 2720 Romanos
1227 2672 1389 2720 ritum
1424 2669 1586 2720 istum
1628 2670 1768 2720 credi

200 2769 492 2832 perte-uisse
523 2778 541 2814 :
581 2773 730 2818 certa
792 2776 1027 2828 namque
1084 2760 1316 2813 Historia
1358 2773 1539 2812 narrat
1581 2759 1770 2826 Hispa-

202 2860 340 2912 nicas
396 2857 708 2919 Ecclesias,
748 2855 801 2908 in
853 2854 1058 2923 synodo
1101 2853 1359 2906 Toletana
1402 2869 1460 2905 iu
1498 2869 1640 2905 anno
1668 2853 1770 2904 589

201 2950 500 3005 celebrata,
549 2945 887 3008 decrevisse,
923 2953 980 2996 ut
1009 2945 1291 2996 secundum
1324 2944 1548 3011 formam
1584 2941 1770 2993 Orien-

202 3043 384 3093 talium
417 3038 794 3091 Ecclesiarum
823 3038 872 3088 in
908 3037 1069 3089 missa
1095 3036 1416 3088 recitaretur
1456 3036 1772 3104 Symbolum

198 3135 370 3188 Nicen
383 3150 413 3183 υ
427 3149 502 3194 Ill,
549 3139 648 3182 aut
682 3128 1372 3194 Constantinopolitanum.

263 3227 340 3278 Ad
376 3224 658 3276 Romanos
700 3223 919 3273 demutu
953 3220 1196 3279 Ordines,
1227 3233 1364 3284 quos
1385 3220 1637 3286 Opponis.
1685 3235 1773 3272 re-

206 3318 320 3384 poni
351 3317 516 3383 plura
545 3323 803 3383 possunt.
839 3313 913 3365 Ac
944 3313 1118 3380 primo
1145 3313 1187 3363 si
1230 3311 1361 3378 quid
1396 3328 1587 3364 eorum
1621 3313 1773 3364 evin-

204 3419 344 3460 ceret
377 3405 718 3466 auctoritas,
772 3419 879 3456 non
920 3403 1092 3455 solum
1126 3404 1226 3471 legi
1278 3403 1589 3472 Symbolum
1633 3403 1775 3471 apud

206 3499 485 3552 Romanos
543 3498 692 3550 inter
742 3495 1030 3548 MiSsarum
1097 3496 1361 3548 solemnia
1424 3496 1777 3549 consuerisse

204 3588 659 3646 demonstraret;
697 3585 790 3636 sed
833 3585 996 3637 etiam
1036 3584 1265 3646 cantari,
1296 3592 1388 3636 aut
1426 3598 1556 3635 voce
1589 3584 1781 3636 modu-

207 3681 302 3729 lata
336 3679 451 3729 diei
490 3695 503 3726 :
555 3676 704 3744 quod
751 3658 989 3728 Martene
1027 3675 1318 3728 inliciatur.
1364 3673 1417 3726 In
1452 3673 1657 3728 Ordine
1701 3675 1781 3727 si-

205 3771 421 3835 quidem
448 3767 703 3820 secundo
738 3766 850 3818 haec
877 3768 1146 3819 habentur
1177 3767 1373 3818 terba:
1409 3767 1482 3817 Ab
1511 3768 1780 3832 episcopo:

206 3860 364 3911 Credo
403 3861 461 3910 in
513 3873 684 3908 unum
735 3855 924 3920 Deum,
961 3868 1227 3909 cantatur.
1276 3857 1330 3910 In
1378 3858 1613 3926 quinto:
1662 3855 1782 3908 Ele-

208 3963 320 4011 rat,
353 3950 534 4002 Credo
586 3951 639 3999 in
701 3965 861 3999 unum
924 3947 1108 4000 Deum.
1160 3948 1219 4001 ltt
1270 3957 1423 4000 sexto
1463 3963 1477 3999 :
1511 3948 1637 4000 Alta
1663 3963 1782 4000 uoce

209 4043 378 4108 incipit
414 4055 638 4095 canere,
675 4037 842 4091 Credo
867 4041 921 4090 in
948 4055 1110 4091 unum
1142 4039 1328 4090 Deum.

277 4133 446 4201 196
501 4129 772 4181 Amalnrii
820 4130 1076 4183 Metensis
1121 4129 1427 4183 auctoritati
1483 4141 1786 4200 repugnant

211 4241 268 4276 ex
307 4226 596 4276 ῠίυιιιειη)
639 4221 983 4289 Micrologus,
1021 4231 1076 4274 et
1109 4221 1284 4275 Bcrno
1329 4222 1638 4290 Augiensis.
1679 4221 1783 4276 0r-

215 4319 392 4368 dinem
435 4314 755 4367 Ruinanum
785 4315 1085 4366 secundum
1115 4314 1350 4368 illustrat
1383 4315 1470 4368 ille
1498 4315 1551 4367 in
1585 4315 1783 4383 Ecloga

213 4423 326 4464 sua,
361 4423 534 4473 quam
568 4406 798 4471 protulit
827 4404 879 4456 in
911 4405 1085 4457 lucem
1125 4405 1417 4458 Baluzius;
1451 4421 1515 4459 ac
1540 4407 1782 4476 Symboli

1859 562 2059 608 \‘L‘I‘l'alt
2101 557 2404 621 δυηιὺοιιυη
2452 568 2564 624 post
2600 555 2944 622 Evangelium
2996 571 3157 622 usque
3206 557 3275 606 ad
3313 557 3422 607 Illic

1859 659 2096 714 tempora
2121 649 2250 698 diem
2294 651 2556 700 memoriir
2591 649 2805 702 llenrici
2851 648 3184 713 imperatoris
3225 652 3239 707 (
3273 647 3422 698 ince-

1859 753 2008 806 ptum
2081 741 2291 791 πλη-γι
2357 743 2611 792 (ῚΙΗἸΙιιιι
2677 741 2936 793 sa‘culum
3001 743 3422 807 undecimum),

1860 831 2003 882 nullo
2034 849 2095 882 in.
2120 834 2183 880 u’o
2213 833 2510 882 cecinerunt
2540 831 2782 884 Romani.

1932 924 1983 972 In
2028 923 2124 973 hae
2162 925 2496 986 Seritorum
2524 942 2719 991 pugna,
2756 927 2993 993 inquiro,
3025 942 3122 978 cur
3153 943 3257 978 non
3294 942 3424 990 prr-

1859 1015 2034 1065 valeat
2061 1017 2388 1082 antiquioris
2418 1017 2673 1067 Attialarti
2708 1019 3048 1068 auctoritas?
3078 1019 3210 1074 Cur,
3241 1020 3427 1085 inquiti

1861 1122 1978 1173 ego,
2022 1107 2318 1175 Mierologi,
2358 1112 2698 1175 maximeque
2755 1109 3042 1171 Bernonis,
3103 1111 3196 1178 qui
3249 1111 3316 1163 de
3367 1127 3425 1163 re

1863 1214 1972 1251 sua:
2004 1201 2178 1251 artati“.
2213 1202 2584 1254 testimonium
2624 1203 2830 1263 ferunt,
2879 1203 3076 1256 cedere
3125 1205 3427 1256 auctoritas

1862 1290 2058 1342 delicat
2085 1291 2106 1342 ?
2135 1293 2230 1344 llic
2263 1294 2409 1344 enim
2442 1304 2695 1352 testatur.
2729 1293 2944 1346 nonnisi
2978 1295 3194 1347 llenrici
3229 1294 3428 1346 ltetatn

1863 1381 2138 1436 Romanos
2185 1385 2236 1436 in
2278 1384 2520 1452 Liturgia
2576 1399 2796 1447 canere,
2839 1398 2927 1436 aut
2972 1389 3148 1452 legere
3195 1385 3422 1453 Symbo-

1864 1473 1971 1524 lum
2004 1475 2667 1542 (lonstantinopolitanum
2698 1478 2966 1542 incepisse
2996 1494 3007 1527 :
3048 1491 3112 1528 ac
3156 1477 3245 1528 ille
3265 1477 3425 1529 Cum-

1865 1567 2131 1618 mentario
2159 1582 2258 1619 suo
2283 1567 2531 1621 Ordinem
2561 1569 2860 1623 Romanum
2889 1584 3191 1640 espono-ns.
3230 1572 3430 1622 deran-

1866 1659 1960 1709 tati
2007 1658 2248 1726 dictique
2288 1657 2528 1727 Symbuli
2578 1663 2910 1714 mentionem
2949 1664 3146 1730 ingerit
3202 1663 3428 1713 nullam.

1866 1745 2194 1813 Antilogizim
2244 1757 2486 1800 remowt
2515 1764 2733 1801 omnem
2765 1753 2988 1813 solutio,
3033 1766 3154 1818 quae
3192 1753 3431 1803 sumitur

1865 1852 1929 1889 ex
1974 1840 2184 1891 invecta
2231 1841 2282 1891 in
2335 1839 2582 1894 Ordinem
2644 1843 3099 1910 interpolatione:
3153 1843 3194 1893 si
3251 1853 3428 1896 tamen

1868 1930 1979 1982 hiet:
2011 1943 2153 1983 rcrte
2193 1933 2544 1994 intelligatur.
2582 1934 2785 2001 Nempe
2835 1934 3097 1986 Romanus
3124 1934 3262 1988 Ordo
3293 1937 3431 1987 int-.1

1867 2032 2040 2090 parte.
2069 2039 2188 2090 quae
2217 2024 2456 2093 Symboli
2489 2027 2926 2078 tleeantutionetn
2977 2026 3158 2082 oll'ert.
3190 2029 3432 2094 sequior:

1864 2124 2019 2165 aetate
2050 2113 2410 2180 interpolatus
2429 2114 2531 2166 fuit
2551 2131 2694 2176 ,cutn
2720 2115 2883 2166 ritum
2906 2117 3070 2166 istum
3099 2118 3298 2167 saeculo
3327 2130 3430 2166 ttu-

1868 2205 1918 2255 dc
1937 2205 2078 2257 cimo
2101 2205 2344 2258 Romana
2380 2207 2590 2274 recepit
2615 2205 2874 2260 Ecclesia.
2894 2208 3201 2259 Amalarius
3228 2219 3429 2266 autem,

1868 2298 1961 2365 qui
2009 2299 2208 2350 seculo
2252 2313 2396 2350 It0n0
2428 2296 2676 2351 Ordinem
2712 2298 3042 2358 illustrabat,
3068 2301 3179 2367 agit
3210 2300 3276 2350 de
3327 2302 3432 2350 ritu

1869 2389 2129 2457 Symboli,
2174 2406 2279 2443 non
2314 2405 2474 2454 quem
2517 2393 2568 2442 in
2603 2395 2792 2443 eodem
2824 2389 3028 2445 Ordine
3071 2393 3298 2459 legeret.
3341 2393 3434 2444 sed

1869 2500 2030 2550 quem
2061 2486 2128 2536 ab
2151 2484 2272 2538 aliis
2303 2486 2560 2538 Ecclesiis
2587 2485 2913 2552 Hispanicis.
2965 2485 3276 2546 Gallicanis.
3304 2486 3362 2540 G~
3388 2504 3436 2538 r-

1871 2578 2119 2638 manicis,
2144 2595 2205 2630 ac
2235 2577 2432 2632 Italicis
2479 2580 2529 2630 in
2568 2595 2732 2648 regno
2773 2579 2955 2639 Italiae,
2996 2590 3222 2632 noverat
3254 2581 3303 2631 in
3336 2596 3434 2632 usu

1871 2670 2131 2735 positum.
2186 2669 2316 2722 Pars
2357 2674 2530 2738 prima
2589 2672 2787 2737 pendet
2815 2687 2879 2724 ex
2923 2674 3114 2726 altera.
3152 2673 3297 2726 Hanc
3336 2690 3438 2738 ego

1872 2759 2236 2812 certissimam
2295 2771 2492 2814 teneo:
2562 2773 2854 2830 propterea
2910 2765 3056 2832 quod
3129 2765 3439 2819 Auialaruis

1876 2851 2071 2916 passim
2131 2863 2185 2905 et
2254 2864 2565 2906 constanter
2615 2856 2666 2908 in
2729 2857 2922 2925 lit-loga
2990 2856 3150 2910 θαι-η
3214 2857 3440 2911 [laniari

1875 2939 2083 2994 Ordinis
2147 2944 2331 3006 verba,
2389 2945 2689 3013 eademque
2738 2947 2970 3000 subinde
3021 2950 3294 3015 exponit:
3348 2951 3442 3002 ul-i

1876 3047 2005 3086 vero
2035 3034 2100 3085 de
2155 3032 2412 3103 Synibolo
2451 3035 2583 3101 agit,
2620 3051 2686 3088 ne
2722 3039 3004 3090 verliulum
3047 3038 3232 3104 habet,
3293 3043 3440 3108 quod

1804 3155 1845 3211 ο
1878 3138 1941 3176 ex
1979 3123 2095 3191 ipso
2137 3124 2337 3178 Ordine
2370 3137 2636 3196 sumptum
2663 3129 2751 3180 sit.

1950 3213 2270 3282 Utriusque.
2301 3224 2355 3267 et
2384 3215 2622 3277 Ordinis,
2656 3226 2710 3270 et
2744 3215 2977 3287 Eclegrc,
3025 3219 3305 3287 specimen
3341 3234 3443 3288 po-

1879 3319 2007 3358 nere
2039 3305 2141 3358 sub
2184 3306 2374 3358 oculos
2421 3307 2628 3369 liceat,
2675 3317 2732 3359 ut
2777 3309 2920 3374 quod
2965 3312 3072 3372 aio,
3116 3311 3442 3378 splendidis-

1880 3399 2015 3450 sime
2081 3398 2406 3451 innotescat.
2464 3399 2525 3452 ln
2577 3397 2780 3453 Ordine
2838 3401 3006 3452 verba
3059 3412 3186 3454 sunt
3217 3420 3229 3454 :
3266 3421 3282 3450 ι
3327 3403 3445 3468 Ipse

1882 3503 2011 3542 vero
2061 3490 2330 3542 Diaconos
2373 3499 2481 3544 stat
2537 3507 2726 3544 versus
2786 3492 2852 3544 ad
2919 3495 3270 3546 meridiem...
3321 3494 3446 3546 Po~t

1883 3581 2082 3634 lectum
2121 3582 2493 3650 Evangelium.
2537 3583 2774 3635 candela:
2816 3584 2867 3634 in
2919 3586 3039 3636 loco
3085 3600 3186 3636 suo
3235 3589 3446 3636 exstiti-

1883 3681 2137 3740 guuntur.
2197 3673 2259 3726 Et
2311 3673 2379 3724 ab
2434 3673 2588 3741 197
2625 3676 2896 3742 episcopo,
2961 3675 3126 3726 Credo
3175 3677 3228 3726 in
3283 3692 3443 3726 unum

1887 3763 2074 3826 Deum,
2103 3775 2420 3818 cantatur...
2467 3767 2667 3817 Deinde
2707 3769 2906 3819 salutat
2936 3769 3229 3836 cpiscopus
3273 3787 3446 3836 popu-

1884 3855 1994 3906 lum
2055 3857 2262 3916 dicens,
2302 3855 2553 3908 Dominus
2585 3858 2912 3909 vobiscum...
2954 3858 3179 3910 Cunitur
3209 3858 3447 3913 Oﬂ'erto-

1887 3946 2098 3998 rium...
2131 3945 2285 3999 Tunc
2314 3948 2466 4000 venit
2490 3949 2883 4008 subdiaconus,
2919 3952 3100 4002 ferens
3134 3951 3185 4002 in
3219 3952 3446 4005 brachio

1886 4037 2080 4091 dextro
2115 4050 2390 4107 patenam,
2433 4049 2486 4092 ct
2518 4040 2738 4093 sinistro
2788 4040 3032 4101 calicem,
3075 4059 3092 4092 ι
3119 4052 3226 4093 etc.
3287 4044 3446 4096 Ama-

1888 4130 2083 4184 larium
2121 4135 2232 4185 haec
2276 4143 2638 4200 exponentem
2674 4134 2936 4185 attentius
2985 4137 3398 4188 consideremus
3430 4154 3442 4188 :

1893 4239 1910 4270 ι
1960 4222 2222 4274 Diaconus
2250 4225 2600 4291 pronuntians
2644 4223 2798 4276 verba
2833 4222 3126 4293 Evangelii,
3172 4228 3243 4278 ad
3293 4229 3450 4279 meri-

1888 4312 2023 4363 diem
2054 4321 2160 4364 stat
2183 4328 2357 4364 versus
2396 4326 2412 4362 :
2442 4315 2696 4380 quoniam
2728 4315 2836 4367 illis
2862 4318 3122 4381 loquitur,
3154 4316 3220 4368 de
3249 4320 3450 4384 quibus

1889 4401 2104 4454 dicebat
2142 4401 2363 4466 Paulus,
2394 4421 2412 4453 ι
2453 4415 2563 4456 etc.
2600 4403 2783 4456 Priora
2814 4415 2943 4456 sunt
2979 4405 3209 4459 Romani
3240 4410 3451 4461 ordinis

217 4515 262 4548 ιιι
296 4501 466 4549 missa
511 4497 646 4548 dicti
690 4498 1020 4548 mentionem
1069 4497 1287 4562 ingerit.
1337 4498 1401 4550 At
1443 4498 1557 4550 suis
1591 4498 1642 4549 in
1672 4497 1780 4550 οι).
1818 4495 1859 4548 D
1890 4493 2097 4558 verba;
2150 4510 2267 4562 quae
2323 4506 2668 4561 sequuntur.
2725 4496 2978 4558 Amalaril
3055 4501 3452 4562 expositionem

216 4587 632 4640 senationibus
681 4586 1090 4649 ecclesiasticis,
1138 4603 1274 4654 quas
1316 4589 1551 4656 vulgavit
1584 4586 1786 4640 Μία-ο-

217 4685 362 4746 lngus
399 4680 704 4731 undecimo
736 4680 930 4731 saeculo
965 4679 1240 4738 inclinato,
1288 4694 1350 4731 ea
1383 4681 1433 4731 in
1466 4692 1640 4748 parte,
1667 4696 1787 4748 quae

219 4772 544 4836 pranlictum
611 4766 856 4820 Ordinem
906 4770 1192 4820 secundum
1235 4771 1479 4835 exponit,
1528 4771 1786 4822 nimirum

218 4867 390 4930 rapite
429 4861 464 4913 9
499 4871 554 4912 et
597 4861 679 4922 l0,
727 4861 793 4913 de
840 4859 1097 4929 Symbolo
1149 4862 1200 4912 in
1253 4866 1416 4914 missa
1457 4862 1603 4913 dicto
1651 4862 1786 4914 nihil

220 4957 479 5005 habetur.
516 4953 644 5019 Agit
679 4967 809 5003 vero
838 4952 905 5004 de
949 4952 1065 5011 illo,
1099 4953 1274 5018 capite
1311 4953 1397 5013 ιιϋ,
1437 4952 1600 5003 veluti
1643 4952 1786 5019 quod

212 5048 368 5110 λεκτέα
417 5058 650 5095 canones
697 5044 750 5093 in
798 5044 940 5094 omni
990 5043 1283 5103 Dominica,
1341 5052 1390 5093 et
1449 5045 1505 5095 in
1551 5043 1788 5096 omnibus

223 5138 514 5188 Dominicis
548 5134 987 5196 solemnitatibus,
1021 5135 1147 5186 item
1186 5135 1411 5202 infestis
1435 5133 1790 5223 Sanctm_lla-
1833 5133 1842 5143 ’

223 5232 336 5288 rite,
362 5239 414 5279 et
451 5227 848 5294 Apostolorum,
882 5235 931 5280 et
978 5225 1189 5279 Sancta:
1220 5225 1424 5289 Crucis,
1455 5239 1506 5278 et
1541 5226 1790 5281 Omnium

221 5319 566 5381 Sanctorum,
600 5325 648 5366 et
681 5317 1056 5378 Dedicationis,
1086 5316 1271 5368 debeat
1296 5317 1526 5370 cantari.
1556 5317 1678 5370 Hch
1710 5318 1794 5370 iii-

221 5409 364 5458 dicat
418 5405 623 5472 agendi
669 5407 828 5466 ratio,
885 5404 1238 5473 Micrologum
1299 5408 1463 5458 ritum
1520 5419 1794 5476 spectasse

223 5495 554 5547 decantandi
603 5495 655 5546 iu
684 5493 924 5563 Liturgia
966 5493 1302 5564 Symbolum,
1351 5496 1404 5547 in
1444 5495 1645 5549 Ordine
1698 5499 1793 5550 illo

223 5584 470 5636 secundo
506 5584 734 5636 minime
764 5587 1184 5653 prascriptnm;
1218 5586 1311 5638 sed
1355 5588 1408 5638 in
1441 5587 1567 5641 aliis
1615 5592 1792 5640 eccle-

222 5675 336 5733 siis,
368 5676 621 5740 itemque
653 5676 706 5726 in
740 5673 983 5728 Romana
1017 5691 1131 5728 ano
1174 5692 1273 5728 suo
1323 5688 1625 5745 receptum.
1659 5677 1794 5731 Ber-

221 5768 382 5818 nonis
404 5765 703 5831 Augiensis
732 5775 1027 5819 auctoritas
1069 5769 1300 5831 accedit,
1341 5784 1461 5836 quin
1496 5770 1643 5823 nulla
1678 5771 1791 5824 ele-

1891 4589 2228 4639 continent:
2291 4603 2309 4636 ι
2378 4585 2504 4639 Post
2553 4587 2741 4638 lectum
2799 4587 3163 4656 Evangelium,
3219 4595 3453 4644 candela.-

1892 4679 2356 4746 exstinguuntur:
2419 4693 2516 4745 per
2574 4678 2828 4730 Candelas
2861 4679 3146 4746 signantur
3201 4681 3456 4733 doctoris

1890 4770 2168 4830 Ecclesiae,
2219 4787 2236 4818 ι
2289 4780 2395 4821 etc.
2455 4767 2626 4821 Verba
2674 4782 2979 4836 sequuntur
3017 4773 3068 4820 in
3109 4769 3351 4823 Ordine:
3390 4773 3455 4824 lit

1892 4863 1955 4914 ab
1984 4862 2240 4929 episcopo,
2297 4859 2463 4912 Credo
2497 4862 2548 4911 in
2602 4877 2760 4912 unum
2803 4861 2985 4925 Deum,
3013 4872 3280 4916 cantatur.
3335 4863 3454 4915 ILes:

1893 4966 1999 5002 non
2029 4950 2298 5001 habentur
2324 4950 2375 5000 in
2411 4951 2703 5010 Amalario,
2732 4950 2824 5016 qui
2858 4960 3034 5001 tatnen
3063 4953 3141 5002 sic
3172 4953 3247 5003 ait
3275 4972 3286 5002 ;
3323 4971 3346 5001 ‹
3385 4955 3457 5003 De

1895 5039 2064 5093 Credo
2099 5042 2152 5092 in
2211 5040 2393 5092 Deum.
2441 5040 2731 5108 Postquam
2792 5039 3042 5093 Christus
3103 5043 3315 5093 loiutus
3372 5054 3456 5094 est

1894 5131 2095 5199 popqu
2123 5146 2245 5193 suo,
2279 5131 2357 5182 fas
2389 5139 2474 5183 est
2501 5139 2560 5180 ut
2592 5131 2805 5183 dulcius
2829 5145 2881 5182 et
2918 5131 3178 5183 intentius
3205 5134 3459 5200 prolitca-

1899 5231 1982 5273 tur
2017 5223 2300 5288 (populus)
2329 5221 2709 5272 credulitatem
2753 5236 2926 5279 suam,
2968 5239 2985 5270 ι
3017 5231 3125 5273 etc.
3177 5223 3310 5285 Quis
3349 5240 3457 5276 non

1898 5310 2079 5366 {videat
2111 5314 2245 5366 nihil
2300 5314 2365 5364 de
2423 5313 2681 5382 Synibolo
2731 5313 2784 5364 in
2839 5313 3082 5365 ltomano
3130 5314 3332 5367 Ordine
3377 5332 3459 5368 re-

1900 5422 2106 5474 perisse
2156 5406 2542 5459 Amalarium:
2601 5421 2791 5473 quaeve
2840 5408 2894 5457 in
2928 5405 3121 5473 Ecloga
3162 5408 3458 5470 habentur,

1897 5497 1964 5549 de
1999 5513 2100 5549 suo
2132 5497 2307 5564 ipsum
2342 5496 2644 5563 adiecisse?
2676 5494 2811 5547 Hinc
2831 5507 3078 5562 sequitur
3110 5496 3198 5548 ille
3228 5515 3239 5546 :
3286 5517 3302 5547 α
3338 5499 3459 5550 l’ost

1903 5589 2094 5640 lectum
2136 5589 2483 5657 L‘vangelium
2536 5589 2680 5658 (non
2739 5604 2888 5650 vero,
2941 5597 3057 5655 post
3110 5589 3319 5650 lectum,
3368 5601 3457 5643 aut

1900 5693 2173 5735 cantatum
2221 5682 2387 5736 Credo
2417 5688 2432 5747 l
2468 5685 2606 5734 venit
2648 5685 3000 5737 subdiaconus
3031 5685 3196 5753 ferens
3231 5688 3286 5737 in
3331 5687 3459 5736 bra-

1896 5776 2008 5826 chio
2063 5775 2277 5827 sinistro
2343 5776 2628 5829 calicem...
2688 5776 2946 5830 Dominus
2998 5777 3154 5830 Jcsus
3212 5780 3324 5840 ipse
3377 5785 3463 5832 est
