4216 6438
162 389 270 462 υτ

1305 380 1502 443 “TA.
1549 405 1612 415 —
1655 376 2173 441 DISSERTA'l‘lO
2215 376 2295 434 ll.

3343 375 3446 444 198

168 514 235 560 .ie
265 505 415 560 facie
451 520 790 573 Cognoscere
822 504 1057 556 maxime
1086 512 1327 570 prastat.
1361 499 1599 553 Annales
1632 498 1759 551 Fer-
1791 506 1832 559 Α
1864 494 2040 547 nacho
2078 494 2130 545 iii
2173 494 2313 545 libro
2346 508 2380 545 ti
2412 501 2593 544 contio
2629 490 2863 552 (iratos,
2900 492 3168 547 Plautiano
3196 506 3443 564 tempore

164 600 368 653 tis-iani
404 598 479 650 ad
513 612 721 650 annum
757 594 860 650 866
888 598 967 649 sic
1003 593 1206 646 habent
1271 612 1281 643 :
1325 612 1341 642 i
1394 592 1509 646 Rex
1562 590 1757 658 Bulga-

166 707 387 753 rontnt,
423 692 523 759 qui
557 689 903 757 praecedente
935 702 1104 740 anno.
1136 723 1150 737 .
1172 726 1185 737 .
1229 684 1583 740 Christianus
1636 680 1758 734 ﬁeri

162 786 487 838 meditatus
545 782 747 842 fuerat.
804 796 1023 835 sacrum
1088 780 1357 847 baptisma
1410 775 1756 843 suscepit...

168 879 397 931 litteris
440 876 516 928 ad
550 873 873 927 Laetorium
899 888 1076 941 regem
1104 870 1425 933 Germania,
1459 867 1553 939 qui
1581 871 1630 922 ei
1664 868 1761 922 foe-

166 976 301 1025 dere
332 971 494 1038 pacis
533 968 869 1036 conjnuetus
898 977 1041 1024 erat.
1076 967 1375 1034 episcopum
1411 975 1456 1016 et
1493 966 1760 1033 presbyte-

169 1081 253 1115 rss
286 1062 617 1130 postulavit.
640 1097 654 1112 .
678 1098 691 1110 .
724 1059 1036 1112 Ludat'icns
1066 1068 1251 1110 autem
1276 1059 1345 1108 ad
1364 1055 1615 1111 Carolam
1639 1059 1757 1125 fra-

167 1166 298 1204 trem
324 1169 489 1205 sunt
513 1152 767 1211 mittens.
791 1152 844 1201 in
876 1150 1225 1202 ministerium
1252 1148 1581 1210 clericorum,
1615 1149 1757 1212 apud

168 1249 394 1299 fratrem
439 1260 607 1297 suum
632 1258 756 1295 vasa
798 1251 1007 1295 sacrata
1041 1255 1338 1307 sacrasque
1374 1250 1553 1292 \‘esles
1585 1257 1646 1292 ae
1685 1242 1755 1291 li-

170 1344 300 1391 bros
332 1336 519 1401 petiit.
558 1334 643 1388 Un
670 1337 715 1387 'e
743 1333 975 1387 Carolus
1010 1332 1079 1384 ab
1129 1332 1409 1399 episcopis
1461 1334 1610 1399 regni
1670 1334 1754 1385 sni

170 1442 273 1477 non
355 1439 591 1493 parvam
648 1436 921 1475 summam
990 1419 1293 1485 accipiens.
1377 1418 1427 1470 ei
1500 1419 1563 1468 ad
1624 1419 1756 1471 diri-

169 1517 409 1585 gendnin
452 1518 567 1584 regi
600 1515 959 1583 Bulgaroruin
1020 1513 1190 1565 misit.
1262 1530 1280 1562 ι
1330 1508 1403 1563 Ex
1434 1509 1755 1570 Gallicanis,

167 1612 330 1678 πω
359 1622 462 1663 aut
491 1608 837 1663 Germanicis
868 1606 1128 1660 Eirclesiis
1177 1604 1409 1657 clericos
1447 1606 1499 1655 in
1565 1604 1755 1672 Bulga-

171 1720 303 1754 nain
333 1716 567 1758 missos.
606 1709 844 1751 constat.
900 1697 1225 1751 Anastasius
1291 1696 1758 1747 B.bliniliecai-iii.'

171 1795 453 1846 limianos
502 1794 671 1846 etiam
704 1792 1001 1859 episcopos
1046 1789 1174 1841 illuc
1204 1790 1443 1841 directos
1492 1803 1751 1842 Ilielll‘tl'dl

168 1890 221 1938 in
257 1887 375 1939 Vita
408 1886 630 1939 Nicolai
667 1904 680 1937 :
716 1893 948 1950 accepta
1020 1881 1302 1935 Michaelis
1333 1883 1508 1949 gentis
1564 1882 1755 1947 Uulgat-

170 1991 351 2028 rerum
381 1977 536 2042 regis
570 1978 849 2043 legatione
912 1988 1088 2025 mense
1152 1974 1407 2041 Augusto.
1468 1976 1755 2026 indictione

170 2080 356 2137 quarto
393 2071 635 2130 decima,
695 2069 975 2135 inquiens,
1016 2066 1247 2119 Paulum
1291 2064 1617 2135 Populonieii
1650 2084 1752 2129 em,

170 2176 213 2213 et
244 2162 582 2215 Formosum
611 2161 975 2214 l’ortuensem.
1000 2174 1210 2227 magna:
1235 2175 1349 2210 san.
1369 2162 1535 2211 titatis
1563 2162 1755 2228 episco-

348 2258 425 2308 od
462 2256 871 2322 praedicandum
899 2253 1042 2323 genti
1095 2251 1179 2303 illi
1214 2253 1311 2313 ire,
1349 2254 1599 2303 decrevit.
1651 2256 1757 2304 An-

169 2351 366 2402 nalium
403 2348 775 2402 Fuldensium
809 2348 951 2399 addo
1013 2346 1203 2407 verba,
1250 2360 1371 2413 qua:
1422 2346 1586 2414 digna
1630 2357 1758 2400 sunt

173 2441 690 2502 animadversione,
724 2438 791 2492 ad
842 2454 1043 2491 annum
1082 2436 1188 2490 866
1244 2446 1300 2489 et
1334 2438 1707 2505 insequentem
1742 2458 1753 2491 :

178 2553 194 2581 ι
237 2536 427 2604 Legati
478 2533 845 2601 Bulgarorum
879 2529 1256 2598 Radesponain
1288 2538 1351 2581 ait
1390 2545 1569 2597 regem
1596 2546 1759 2583 vene-

174 2639 313 2684 runt.
366 2628 633 2679 dicentes
677 2643 689 2677 :
730 2624 930 2693 Regem
983 2624 1202 2677 illorum
1240 2637 1363 2675 cuin
1408 2624 1612 2691 populo
1650 2639 1755 2677 non

176 2719 387 2770 modico
430 2717 505 2768 ad
552 2715 838 2768 Christum
896 2728 1018 2766 esse
1069 2728 1432 2773 conversum,
1488 2712 1759 2782 simulque

176 2822 446 2879 petentes,
484 2822 545 2863 ut
587 2825 684 2863 rex
740 2809 966 2861 idoneos
1002 2808 1397 2875 praedicatores
1433 2808 1759 2862 Christiana:

172 2906 457 2972 l’t'ilglonis
494 2902 566 2954 ad
588 2916 689 2954 eos
712 2905 926 2953 mittere
958 2915 1065 2952 non
1092 2898 1357 2953 differret.
1393 2900 1499 2952 Rex
1518 2899 1762 2953 Ludovi-

170 3012 284 3061 cizs,
318 2996 695 3062 Bulgaroruin
717 2991 1073 3059 petitionibus
1102 3006 1368 3049 annuens.
1396 2990 1760 3043 Ermenricum

172 3091 474 3155 episcopum
511 3101 644 3137 cum
691 3083 1048 3152 presbyteris,
1089 3094 1146 3136 et
1184 3083 1509 3137 diacouibns
1536 3085 1601 3135 ad
1638 3100 1763 3149 pro-

1862 587 2071 654 scripto
2114 604 2125 637 :
2174 585 2303 637 Dein
2364 586 2566 639 Ariona
2623 585 2982 651 rvpullulante
3048 591 3258 642 resania
3308 592 3440 658 (iii-

1863 678 2131 745 quiente).
2164 677 2467 745 volenteque
2490 677 2811 742 con/innare
2842 695 2946 729 non
2978 696 3088 731 esse
3120 692 3274 733 rectis-
3290 682 3437 745 ﬁdei.

1862 770 2121 839 Spiritum
2170 778 2413 821 sanctum
2444 771 2617 821 diceie
2672 786 2701 819 a
2756 768 2920 822 Patre
2984 776 3296 839 procedere;
3342 776 3437 827 lioc

1860 865 1984 932 quia
2020 864 2283 937 uideretur
2315 878 2425 914 esse
2470 865 2855 931 llaipliimum,
2904 870 3155 933 quoniam
3212 869 3438 922 duorum

1862 954 2201 1024 proﬁteretur
2240 952 2403 1006 Pater
2432 955 2589 1025 201
2632 974 2761 1015 esse,
2812 958 2865 1008 id
2895 968 2967 1008 est
3022 956 3169 1018 Filii.
3232 972 3278 1012 ct
3322 960 3441 1029 Sp:-

1865 1054 1994 1099 ritus
2028 1050 2227 1110 sancti;
2259 1051 2393 1099 liam:
2454 1066 2657 1116 quoque
2698 1051 3077 1116 blasphemiam
3144 1055 3439 1119 propellen-

1862 1144 1984 1194 ilant
2021 1153 2352 1195 uccertienles
2393 1140 2648 1194 Ecclesiie
2712 1150 2968 1199 dcclvies.
3030 1149 3443 1212 sitpernildidere

1860 1236 2090 1304 symbolo
2125 1252 2141 1287 :
2178 1235 2435 1296 Spiritum
2488 1247 2729 1288 sanctum
2766 1254 2795 1288 a
2839 1235 2975 1289 Filio
3020 1254 3226 1305 quoque
3256 1256 3434 1306 proce-

1861 1332 2001 1382 dere.
2028 1346 2090 1381 ne
2124 1332 2168 1382 si
2196 1332 2259 1382 de
2293 1329 2455 1382 Patre
2484 1338 2691 1380 tantum
2724 1332 3002 1394 procedere
3031 1334 3129 1381 dici
3150 1342 3315 1391 retar,
3346 1348 3442 1398 pn-

1863 1436 2067 1475 taretur
2095 1422 2282 1481 Filius.
2318 1439 2407 1473 nec
2433 1426 2693 1474 diceretur
2720 1420 2952 1488 Spiritus
2992 1422 3135 1476 Filii.
3194 1423 3309 1477 Non
3342 1425 3440 1485 ait,

1861 1532 1888 1567 ει
1925 1516 2165 1567 Romana
2201 1515 2430 1566 Lic'rsia
2465 1514 2722 1582 Syiiibolo
2758 1516 3168 1582 stiperadditaiu
3222 1529 3435 1573 vocem.

1865 1605 2105 1673 Filioque
2139 1623 2155 1657 :
2213 1613 2305 1659 .‘Cti
2351 1607 2413 1658 ab
2466 1607 2709 1658 Ecclesia:
2755 1606 3079 1662 doctoribus.
3125 1621 3261 1670 quos
3315 1606 3442 1657 liac-

2379 1715 2433 1749 re
2474 1714 2620 1752 erire
2648 1700 2837 1751 datum
2869 1708 2973 1759 est,
3008 1699 3107 1749 nisi
3154 1697 3436 1764 ﬂgspanOs.

1862 1792 2186 1849 Gallicanos,
2228 1791 2543 1851 Germanos,
2589 1802 2644 1843 ct
2682 1790 2897 1843 Italicos
2959 1790 3011 1841 in
3048 1804 3212 1857 regno
3254 1788 3436 1841 Italiae.

1932 1884 2189 1935 S'lillllllla
2219 1884 2457 1935 l’oiitilex
2495 1883 2751 1936 Nicolaus
2778 1884 2829 1934 iti
2864 1884 3097 1949 ejiislala
3127 1899 3267 1933 anno
3304 1881 3436 1945 867,

1862 1995 1890 2026 i:
1917 1993 2043 2027 ense
2076 1976 2317 2037 0.'iot.ri,
2363 1978 2645 2028 indictione
2687 1978 2858 2039 prima
2890 1992 2916 2026 a
2961 1976 3257 2041 septembri
3295 1991 3436 2043 prm-

1859 2072 2071 2119 ceili-uti
2122 2069 2358 2134 incepta,
2417 2070 2481 2119 :tzi
2527 2067 2883 2119 llinciiiaruiu
2931 2067 3079 2130 data,
3134 2076 3181 2119 et
3221 2077 3436 2120 τωρωι

1861 2166 2123 2228 τρξςεοιυε
2154 2163 2203 2212 iri
2230 2177 2387 2227 regno
2420 2160 2624 2222 Caroli,
2663 2159 3049 2225 reprehensam
3086 2175 3112 2211 a
3148 2160 3340 2211 l’ltntio
3371 2160 3439 2212 ile

1865 1712 2022 1750 tenus
2062 1717 2165 1751 llUil
2196 1700 2329 1751 alios

1859 2255 2186 2320 processione
2222 2255 2453 2317 Spiritus
2499 2254 2671 2305 sancti
2718 2270 2747 2302 η
2804 2252 2960 2304 Patre
2998 2262 3043 2303 et
3086 2271 3115 2304 a
3154 2250 3296 2303 Filio
3328 2253 3437 2304 llo-

1862 2360 2073 2395 manuni
2126 2345 2421 2397 Ειοςιοδιίηη
2490 2355 2705 2405 narrat,
2758 2346 2903 2396 nulla
2959 2346 3310 2398 nddi’amenti
3368 2344 3435 2398 ad

1861 2433 2176 2503 Syiiilioluni
2213 2438 2488 2490 mentione
2524 2439 2749 2503 ingesta.
2791 2436 3044 2495 Comitnr,
3096 2438 3293 2503 inquit,
3326 2446 3435 2487 tant

1863 2540 2097 2581 noitram
2138 2531 2456 2594 specialiter.
2504 2549 2657 2599 quam
2708 2548 2912 2583 omnem
2971 2532 3291 2597 generaliter
3318 2545 3437 2597 quia

1862 2621 2041 2691 lfngua
2072 2621 2264 2675 Latina
2299 2635 2484 2687 utitur,
2525 2624 2813 2675 tieclesium
2850 2624 3227 2689 reprehendere
3262 2624 3439 2689 :quod

1866 2751 1876 2763 .
1924 2754 1936 2765 .
1985 2753 1998 2765 .
2033 2755 2045 2767 .
2085 2711 2341 2781 Spir.tum
2368 2723 2608 2765 sanctum
2635 2728 2695 2765 ex
2722 2710 3136 2780 PatreFilioqite
3160 2712 3439 2782 procedere

1861 2807 2121 2867 dicamus,
2149 2822 2265 2858 cum
2312 2807 2412 2873 ipsi
2445 2807 2588 2858 Iiunc
2626 2814 2834 2858 tantum
2871 2821 2934 2857 ea:
2981 2806 3139 2858 l'atre
3164 2806 3441 2872 procedere

1864 2899 2151 2965 fateantur.
2202 2900 2506 2961 Potitilicis,
2540 2915 2604 2952 ac
2630 2902 3012 2967 episeoporiim
3064 2897 3250 2952 Gallia:
3294 2899 3439 2950 Votis

1864 3006 2113 3043 annuens
2171 2989 2394 3052 lineas,
2434 2992 2527 3058 qui
2584 2991 2949 3044 Parisiensem
2979 2992 3201 3056 regebat
3253 2990 3436 3043 Eccle-

1866 3082 2025 3141 siam.
2047 3084 2248 3135 librum
2282 3084 2456 3136 edidit
2486 3084 2776 3137 adversum
2802 3085 3001 3144 Photii,
3034 3094 3083 3134 et
3118 3083 3433 3137 Grrcoruni

173 3183 484 3250 iugandum
518 3178 689 3230 ﬁdem
721 3176 1047 3230 catholicam
1074 3178 1313 3245 pracl'atzr
1340 3177 1487 3245 genti
1518 3178 1759 3230 destina-
1792 3186 1831 3241 (ξ
1865 3177 2205 3229 calumnias:
2252 3177 2427 3243 deque
2460 3193 2536 3238 re,
2575 3193 2678 3245 qua
2721 3177 2788 3228 de
2810 3178 3042 3243 agimus,
3080 3177 3191 3230 bzc
3221 3186 3433 3229 tantum

174 3274 262 3324 iit.
295 3274 406 3325 Sed
446 3286 583 3324 cum
614 3271 741 3321 illiti:
777 3269 1179 3337 pervenissent,
1210 3270 1458 3336 episcopi
1493 3285 1521 3320 a
1572 3270 1757 3321 Potiti-

174 3366 267 3419 ﬁce
301 3366 572 3419 Romano
622 3362 770 3415 missi
804 3372 971 3417 totam
1025 3362 1171 3414 illam
1215 3372 1416 3413 terram
1454 3362 1756 3430 praedici»

174 3460 255 3518 ilo,
288 3467 346 3509 et
389 3456 735 3523 baptizando
757 3454 867 3521 jam
905 3461 1039 3505 tunc
1072 3453 1417 3520 repleverant
1457 3469 1470 3504 :
1520 3468 1759 3520 quapro-

170 3559 286 3614 pter
315 3550 412 3601 isti
446 3556 676 3613 acoepta
718 3560 747 3597 a
779 3560 905 3613 rege
930 3544 1177 3607 licentia,
1204 3544 1486 3597 redierunt
1513 3545 1564 3595 in
1590 3559 1741 3596 sua.i

238 3640 429 3692 Latini
462 3639 743 3704 episcOpi,
779 3648 837 3686 er
868 3636 1056 3688 clerici
1084 3634 1463 3695 innotescunt,
1502 3634 1595 3702 qui
1630 3635 1757 3687 Bul-

172 3750 329 3798 garos
361 3734 422 3784 in
487 3730 599 3782 fide
630 3728 900 3781 catholica
955 3727 1309 3790 erudiebant,
1341 3728 1657 3794 gravissime
1728 3746 1754 3779 a

174 3825 365 3877 Photio
399 3822 740 3889 reprehensi
799 3820 869 3871 ob
902 3820 1157 3872 traditam
1188 3820 1495 3872 doetiinain
1524 3820 1592 3871 de
1623 3819 1757 3872 Pro-

174 3920 401 3969 cessioue
437 3914 677 3979 Spiritu
704 3915 875 3965 sancti
905 3929 937 3963 α
979 3911 1141 3963 Patre
1180 3920 1227 3962 et
1292 3928 1324 3961 a
1376 3908 1536 3974 Filio,
1586 3920 1641 3963 et
1687 3913 1758 3964 ob

176 4010 289 4074 ejus
325 4008 487 4059 vocis
517 4003 763 4073 Filioque
786 4002 1125 4055 additionem
1154 4000 1220 4053 ad
1252 4001 1594 4069 Symbolum.
1620 4005 1760 4057 Sunt

179 4111 371 4165 nempe
414 4094 690 4146 Uallicani
722 4089 933 4152 clerici,
969 4099 1066 4143 aut
1122 4087 1379 4143 Germani
1414 4104 1442 4141 a
1478 4088 1758 4145 Ludovico

175 4187 489 4240 Germanis:
524 4201 672 4253 rege,
706 4194 759 4236 et
787 4182 967 4237 Caroli
998 4182 1133 4234 dicti
1152 4180 1301 4235 Calvi
1331 4186 1474 4250 regis
1508 4184 1758 4259 Francia:

178 4279 552 4332 Occidentalis
607 4292 669 4328 ac
698 4285 886 4344 postea
925 4264 1276 4342 imperatoris
1300 4273 1488 4336 fratre,
1522 4275 1576 4326 in
1632 4276 1758 4328 Bul-

178 4370 382 4435 gariain
422 4366 599 4419 missi.
652 4367 793 4417 Sunt
828 4366 995 4417 etiam
1062 4364 1177 4427 alii,
1208 4379 1347 4431 quos
1399 4365 1455 4417 in
1508 4366 1755 4419 eamdem

181 4465 465 4532 regionem
502 4462 732 4513 miserat
772 4458 1027 4511 Nicotaus
1061 4458 1109 4521 l,
1177 4474 1426 4511 summus
1488 4460 1753 4527 pontifex.

1866 3268 2021 3317 habet
2078 3268 2130 3317 iii
2193 3268 2557 3331 praefatione:
2618 3267 2787 3333 Infert
2849 3266 3121 3330 (PtiOtius)
3179 3264 3433 3317 Romanis

1862 3360 2072 3408 auribus
2107 3356 2323 3420 :Quare
2348 3357 2603 3424 Spiritum
2636 3366 2878 3407 sanctum
2927 3370 2958 3406 α
2994 3355 3153 3408 Patre
3192 3365 3240 3406 et
3295 3354 3435 3407 Filio

1860 3454 2207 3518 proﬁteantur
2237 3451 2527 3517 procedere.
2567 3455 2615 3498 et
2658 3464 2761 3499 non
2808 3464 2839 3498 α
2870 3448 2981 3499 solo
3019 3447 3384 3509 PatreIQuid
3416 3450 3439 3499 ἲ

1860 3541 2006 3608 quod
2053 3540 2279 3592 Pliotius
2333 3528 2448 3607 ipse
2483 3540 2829 3607 adfectionem
2868 3540 2936 3589 ad
2960 3539 3265 3608 Symbolum
3298 3556 3435 3593 non-

1862 3634 1989 3685 dnni
2021 3634 2224 3686 Niciilai
2266 3632 2540 3699 pontificis
2568 3643 2727 3685 relate
2764 3642 3037 3700 receptam
3091 3634 3146 3687 iii
3184 3634 3429 3689 Romana

1862 3727 2122 3789 Ecclesia,
2172 3727 2303 3779 satis
2355 3726 2559 3777 indicat
2612 3726 2664 3779 iii
2696 3735 2928 3778 tractatu
2962 3728 3027 3779 de
3078 3727 3427 3795 processione

1860 3819 2099 3885 Spiritus
2131 3819 2303 3871 sancti
2336 3836 2349 3881 ;
2414 3834 2480 3870 ex
2513 3833 2621 3883 quo
2668 3818 2777 3870 Leo
2801 3818 3031 3871 Allatius
3063 3819 3425 3887 fragmentum

1863 3908 2069 3975 profert
2088 3909 2488 3962 Exercitatione
2511 3925 2597 3961 xiv
2631 3909 2683 3961 in
2717 3910 3138 3977 Creyglitoniini,
3162 3926 3283 3977 pag.
3302 3910 3397 3962 25f
3415 3950 3429 3963 .

1860 4000 1962 4053 Sed
2004 4017 2095 4052 nec
2124 4003 2451 4052 tremendum
2481 4000 3068 4069 ﬁdei(Symholitin),in
3089 4018 3176 4054 ore
3199 4006 3432 4056 omnium

1860 4095 2179 4147 circumduci
2225 4094 2461 4157 solitum,
2510 4097 2779 4147 sententia:
2809 4111 2917 4148 sua:
2950 4094 3037 4163 (de
3076 4097 3432 4163 processiniie

1859 4184 1927 4235 ab
1959 4189 2215 4252 utroque)
2270 4192 2622 4252 tegumentum
2662 4192 2951 4250 prclexens
2986 4223 2998 4235 .
3031 4223 3046 4237 .
3082 4222 3097 4236 .
3132 4224 3144 4236 .
3202 4186 3429 4236 attoudit

1859 4277 1940 4327 uel
1967 4274 2095 4327 Iasii
2128 4275 2441 4343 (Nieolaust.

1930 4366 1989 4419 ln
2014 4368 2198 4421 sedem
2228 4367 2894 4437 Constantinopolitanam
2936 4369 3248 4423 restitutum
3287 4369 3429 4423 Νιο-

1835 4462 1996 4514 .tium
2026 4460 2318 4514 conﬁrmat
2349 4476 2493 4515 anno
2540 4463 2663 4521 8'19,
2698 4462 2937 4516 Joannes
2968 4478 3214 4515 summus
3246 4465 3429 4532 ponti-

179 4556 392 4607 liiraiio
429 4553 632 4605 subeat
666 4551 835 4612 nulla,
866 4548 1175 4603 Germanos
1234 4549 1355 4602 illos
1389 4557 1484 4601 aut
1521 4552 1757 4603 Gallica-
1793 4554 1831 4603 ι)
1862 4550 1967 4613 lex,
2011 4551 2176 4619 hujus
2207 4553 2446 4605 nominis
2481 4555 2661 4605 ilictus
2700 4552 2965 4607 Octavus.
3010 4553 3087 4606 Ne
3126 4553 3426 4606 Romanam

179 4663 275 4700 nos
336 4624 992 4710 Constantinopolitanum
1090 4640 1393 4710 Symbolum
1474 4643 1759 4696 tradidisse

179 4739 451 4807 Bnlgaris,
490 4746 655 4801 prout
688 4735 791 4802 ipsi
826 4735 1127 4793 habebant.
1153 4735 1434 4786 additione
1470 4736 1623 4788 vocis
1674 4734 1761 4787 Εἰ.

179 4833 347 4898 lioque
397 4827 817 4893 interpolatum.
867 4827 924 4878 In
963 4826 1104 4880 lianc
1148 4825 1482 4877 additionein
1528 4840 1758 4879 consen-

181 4924 300 4983 tire,
333 4936 578 4990 pronum
613 4930 727 4971 erat
760 4918 1035 4986 episcopis
1065 4931 1097 4970 a
1129 4916 1353 4970 Nicolao
1385 4917 1568 4970 missis
1598 4936 1610 4969 :
1644 4930 1756 4971 tum

180 5018 301 5080 quia
326 5014 655 5067 Occidentis
684 5011 944 5064 Ecclesia:
971 5009 1087 5062 fere
1148 5024 1342 5063 omnes
1372 5025 1491 5061 eain
1524 5024 1752 5077 recepe-

183 5118 298 5157 rant
325 5148 341 5167 ,
384 5117 505 5157 tum
535 5102 663 5170 quia
699 5112 757 5153 ut
788 5101 843 5154 id
884 5099 1097 5169 Bulgarl
1124 5101 1439 5168 expressius
1468 5101 1759 5154 crederent

184 5200 415 5248 maxime
465 5204 896 5247 consentaneum
936 5202 1074 5257 erat,
1116 5206 1347 5259 quorum
1401 5192 1562 5246 tidem
1617 5194 1761 5246 schio

181 5291 389 5343 satatici
442 5287 696 5339 l’hotiani
730 5289 925 5340 vitiare
959 5287 1318 5339 conabantur.

249 5383 386 5434 Hine
418 5396 556 5432 vero
574 5380 725 5432 hisce
747 5379 926 5432 Photii
944 5378 1143 5431 litteris
1167 5378 1395 5430 nimium
1416 5378 1610 5430 leviter
1638 5394 1760 5447 per-

185 5486 356 5525 motus
370 5470 583 5525 Natalis
601 5471 905 5525 Alexander
922 5472 1119 5524 sacqu
1142 5486 1214 5535 iv,
1232 5470 1450 5523 dissert.
1473 5470 1559 5526 58.
1580 5480 1684 5522 art.
1702 5471 1756 5535 5,

183 5568 542 5617 existimavit;
575 5561 783 5615 Νέωὼὲ
808 5565 968 5631 primi
998 5563 1334 5630 temporibus,
1369 5565 1563 5629 factum
1598 5565 1759 5630 [uisse

186 5660 309 5705 hanc
350 5655 682 5706 additionen:
732 5658 784 5705 in
834 5652 1074 5707 Romana
1135 5652 1395 5705 Ecclesia.
1437 5654 1583 5706 lianc
1628 5671 1759 5721 epo-

186 5748 333 5797 τω
368 5763 483 5798 non
519 5746 870 5808 conﬁrmant,
906 5759 1083 5813 neque
1116 5745 1357 5797 indicant
1396 5746 1576 5802 verba.
1637 5762 1757 5811 que

189 5838 386 5904 proteri
427 5838 576 5894 idem
614 5846 808 5893 auctor
847 5851 916 5893 ex
952 5836 1246 5893 Ratrainno
1291 5835 1608 5891 Corbeisnsi
1649 5838 1758 5890 lto-

1860 4646 2160 4699 Ecclesiam
2191 4648 2387 4716 injuria
2410 4649 2677 4700 lacerasse
2718 4650 2830 4715 ipse
2870 4658 3178 4715 putaretur,
3215 4650 3426 4717 episto-

1861 4739 1965 4791 lant
2029 4739 2131 4791 sub
2177 4740 2426 4807 ejusdem
2482 4739 2707 4793 Joannis
2760 4744 2981 4793 nomine
3039 4741 3204 4793 veluti
3244 4743 3308 4794 ad
3368 4758 3428 4795 sc

1860 4831 2117 4897 scriptam
2149 4832 2413 4883 conlinxit
2448 4848 2461 4883 :
2499 4832 2553 4882 in
2581 4846 2753 4898 eaque
2783 4831 2851 4883 ab
2881 4832 3028 4883 omni
3065 4834 3430 4885 additamenta

1860 4924 2174 4993 pontificem
2212 4926 2449 4977 alienum
2501 4924 2725 4977 exhibet
2751 4963 2765 4984 .
2805 4936 3165 4994 paratumque
3209 4927 3273 4979 ad
3311 4928 3432 4997 ejus

1858 5017 2281 5083 expunctimiem
2332 5016 2475 5083 apud
2528 5032 2622 5069 eos
2664 5022 2981 5084 urgendaiii,
3033 5017 3123 5085 qui
3179 5018 3322 5069 idem
3375 5018 3427 5070 iii

1861 5106 2132 5176 Symbolis
2158 5109 2625 5161 admisissentNel
2648 5110 2759 5160 haec
2791 5108 2966 5160 Photii
2994 5110 3173 5161 fabula
3198 5112 3425 5172 evincit,

1860 5199 2101 5250 nondum
2165 5212 2227 5251 ea
2273 5208 2428 5251 inlati:
2503 5200 2887 5266 interpolatum
2950 5200 3091 5266 apud
3153 5198 3428 5252 Ronanos

1859 5289 2095 5353 viguisse
2154 5288 2491 5356 Symbolum.
2546 5288 2866 5341 Memoratas
2928 5290 3094 5341 refert
3157 5288 3428 5356 Epistolas

1862 5380 2128 5433 Baronins
2157 5382 2223 5433 ad
2281 5398 2482 5433 annum
2532 5382 2655 5443 879,
2695 5396 2844 5433 tium.
2894 5381 2981 5434 54.
3020 5381 3190 5433 Verba
3249 5390 3376 5433 sunt
3413 5400 3426 5435 :

1872 5489 1889 5520 ι
1924 5472 2082 5524 Novit
2110 5473 2273 5525 etiam
2309 5482 2398 5523 tua
2429 5473 2746 5526 fraternitas
2769 5512 2783 5533 ,
2814 5474 2961 5541 quod
3003 5487 3124 5524 cum
3148 5487 3330 5540 nuper
3363 5474 3430 5525 ad

1862 5578 1959 5614 nos
2000 5566 2230 5615 accessit
2258 5565 2326 5625 is,
2373 5564 2469 5631 qui
2504 5579 2533 5615 a
2571 5578 2620 5616 te
2671 5564 2870 5616 missus
2908 5573 3092 5623 est,et
3131 5564 3195 5615 de
3242 5573 3427 5616 sancto

1861 5654 2110 5724 Symbolo
2137 5672 2235 5710 tios
2263 5659 2539 5709 consuluit
2564 5696 2579 5717 ,
2614 5660 2889 5725 quomodo
2921 5657 3126 5709 invenit
3154 5673 3251 5710 nos
3293 5657 3425 5710 illud

1862 5750 2272 5810 iiiconcnssuiii,
2306 5751 2446 5802 sicut
2484 5751 2638 5804 nobis
2682 5751 2749 5802 ab
2787 5750 2942 5802 initio
2969 5749 3127 5817 202
3162 5750 3423 5801 traditum

1862 5830 1962 5905 est,
1995 5856 2359 5898 conservare:
2409 5858 2582 5911 neque
2606 5842 2808 5912 alsqaid
2831 5844 3113 5909 addidisse,
3141 5842 3220 5896 vel
3249 5844 3428 5895 detra-
