4216 6438
782 433 884 492 1W)

1720 434 2044 491 GEORGII
2094 431 2349 490 llYPltll
2391 431 2495 489 (ΣΡ.
2547 426 3056 488 PA'YRHRCIL'E

3911 430 4012 491 203

773 553 933 608 xisse.
987 564 1110 603 cum
1162 558 1308 603 recte
1360 549 1678 602 noverimus
1722 549 1863 616 qtiotl
1913 563 2029 611 eos,
2074 551 2164 616 qui
2222 547 2345 600 talia
2385 563 2414 606 ,ι
2451 554 2612 613 atque
2650 546 2808 604 lecta.
2843 559 2935 612 per
2968 559 3086 596 eam
3128 525 3570 598 Occidentalibus
3598 542 3919 599 laudandam
3951 562 4013 600 ac

777 645 954 696 facere
999 642 1220 702 audent.
1251 642 1432 710 gravis
1465 641 1851 694 condemnatio
1900 650 2199 709 exsiicctat.
2235 640 2342 692 ιιο.

777 736 1040 787 verentia:
1065 735 1244 802 itaque
1274 743 1377 785 tua:
1407 732 1602 785 iterum
1625 732 2017 799 signiﬁcamus,
2051 739 2108 782 ut
2142 728 2209 781 de
2244 730 2343 780 hac

776 827 1048 883 additiane
1081 828 1132 878 in
1174 825 1277 894 Syii
1304 825 1448 884 bolo,
1481 841 1542 876 ex
1576 821 1716 874 Filio
1761 823 1992 880 scilicet.
2045 821 2140 872 tibi
2181 821 2342 872 satis-

787 922 1087 972 faciamus:
1132 919 1275 986 quod
1311 934 1416 970 non
1453 919 1624 969 solum
1658 918 1751 969 hac
1795 933 1897 966 non
1941 915 2194 978 dieiuzus,
2249 913 2344 965 sed

779 1016 944 1066 etiam
977 1013 1118 1079 quod
1153 1028 1246 1063 eos
1281 1013 1369 1077 qui
1417 1011 1674 1077 princpio
1726 1011 1818 1060 hoc
1851 1009 2018 1060 dicere
2050 1007 2168 1058 {libi
2198 1015 2342 1066 sunt,

783 1107 938 1168 quasi
972 1120 1352 1172 tiansgrcssori
1376 1121 1399 1153 s
1419 1101 1588 1154 divini
1625 1101 1772 1153 verbi
1805 1099 2235 1151 coiidcmnaniiis
2257 1139 2266 1148 .
2292 1135 2342 1148 ..

785 1197 847 1249 13':
894 1198 1077 1261 reliqui
1112 1198 1274 1247 nostri
1318 1196 1540 1263 episcopi
1583 1191 1864 1246 nobiscum
1903 1192 2042 1244 idem
2086 1192 2344 1246 sentiant,

784 1292 909 1339 lotis
943 1288 1149 1339 viribus
1203 1286 1586 1338 contendimus
1620 1321 1633 1335 .
1663 1325 1676 1338 .
1707 1323 1719 1335 .
1775 1283 1992 1335 Ratioui
2046 1297 2346 1349 congruum

783 1381 914 1430 mihi
946 1379 1121 1430 visum
1143 1388 1242 1436 est,
1277 1393 1341 1428 ne
1378 1377 1645 1427 violenter
1669 1375 1868 1441 aliquis
1894 1382 2118 1440 cogatur
2141 1388 2168 1424 a
2190 1372 2350 1424 nobis

786 1472 1104 1522 additionein
1140 1468 1287 1520 illam
1311 1468 1609 1529 dimittere,
1653 1480 1815 1534 quam
1849 1466 1964 1532 ipse
1995 1465 2260 1532 adjecisse
2288 1478 2347 1515 se

790 1564 1050 1632 Syiuliulo
1083 1565 1294 1613 noverit
1330 1579 1342 1613 :
1373 1561 1466 1614 sed
1500 1560 1680 1628 potius
1717 1558 2134 1612 mansuetudine
2168 1556 2348 1623 aliqua

792 1652 1102 1712 huiusmodi
1158 1650 1415 1704 homines
1444 1652 1760 1712 admonere,
1814 1659 1868 1703 ct
1894 1649 2149 1717 paulatim
2179 1663 2205 1699 a
2237 1649 2352 1700 bla-

783 1745 1018 1810 sphemia
1054 1758 1326 1796 revocare.
1368 1761 1385 1792 ι
1422 1741 1742 1796 Comineuto
1772 1756 1872 1792 suo
1897 1740 2074 1791 firmat
2105 1739 2350 1799 Pliotius,

788 1847 974 1884 vocem
1013 1829 1254 1900 Filioque
1313 1833 1380 1884 ab
1428 1830 1666 1884 Ecclesia
1718 1829 1958 1882 Romana
2014 1830 2255 1878 nondum
2298 1827 2350 1878 in

789 1923 1044 1990 Symbolo
1099 1903 1371 1989 receptam
1426 1936 1441 1972 :

789 2010 1032 2078 pontifici
1066 2020 1235 2070 creat,
1275 2010 1407 2062 dum
1445 2010 1621 2077 ipsum
1649 2008 1878 2068 inducit,
1912 2007 2078 2059 veluti
2117 2005 2354 2072 blasphe-

791 2119 964 2163 iniim,
1018 2101 1394 2168 repudiantem
1443 2099 1814 2168 adjectionem.
1860 2094 2252 2162 Antiqiiitatis,
2302 2101 2358 2144 et

793 2194 994 2260 rigoris
1019 2193 1358 2245 tenacissima
1383 2191 1622 2244 Reinana
1652 2187 1894 2243 Ecclesia
1914 2187 2255 2255 adjectianem
2288 2184 2357 2235 ad

793 2281 1100 2353 Symbolum
1161 2298 1268 2335 non
1322 2282 1681 2343 admittebat;
1761 2278 1923 2333 fidem
1989 2277 2357 2347 proccssionis

791 2380 956 2428 etiam
984 2390 1015 2425 a
1049 2371 1187 2426 Filia
1225 2374 1665 2426 constantissime
1700 2371 2080 2439 prolitebatur,
2119 2368 2357 2422 vindica-

797 2465 1037 2532 batque:
1071 2469 1316 2532 adeoque
1342 2474 1397 2516 et
1431 2464 1558 2515 illud
1602 2464 2033 2515 additamentum
2069 2461 2278 2513 caeteris
2305 2463 2356 2511 iu

800 2554 1078 2618 Ecclesiis,
1112 2573 1232 2625 qua:
1276 2557 1406 2608 illud
1447 2567 1796 2623 receperant,
1832 2568 1955 2607 cuin
1986 2553 2036 2605 id
2079 2554 2144 2604 ad
2187 2552 2362 2605 eccle-

799 2649 1075 2701 siasticain
1118 2650 1410 2715 pertineret
1443 2650 1806 2715 discqiliiiaui.
1842 2646 2126 2712 tolerabat,
2160 2660 2362 2712 easque

797 2743 1224 2809 transgressionis
1254 2751 1438 2791 contra
1473 2741 1706 2792 divinum
1736 2740 1946 2791 verbum
1979 2737 2363 2792 condemnavit

801 2849 1104 2902 nunquam.
1172 2832 1429 2885 (lonl‘n-ta:
1481 2832 1757 2884 Puoiiaiiaa
1811 2830 2056 2898 epistola:
2101 2838 2363 2884 consonat

799 2925 1204 2980 coniiliabulum
1263 2923 1901 2993 ConstantinOpolitanum
1957 2923 2152 2975 eodem
2218 2937 2364 2975 anno

798 3018 901 3072 879
928 3021 1282 3076 celebratum,
1311 3026 1368 3067 ut
1398 3015 1573 3068 fertur
1600 3034 1612 3067 :
1645 3017 1788 3084 quod
1817 3024 2055 3068 attamen
2084 3015 2151 3068 ab
2171 3015 2364 3068 eodem

803 3109 997 3162 Photio
1059 3109 1265 3175 pariter
1304 3107 1595 3160 coulictuiu
1624 3148 1638 3172 ,
1677 3117 1768 3159 aut
1803 3119 1948 3160 certe
1978 3107 2249 3168 falsatum,
2287 3107 2366 3159 iii-

806 3203 946 3252 victe
977 3201 1312 3252 demonstrat
1331 3201 1587 3266 singulari
1615 3201 1666 3251 iii
1691 3204 1860 3267 Opere
1885 3197 2365 3266 Allatius.Legato-

803 3309 923 3344 rum
952 3293 1165 3345 concilii
1190 3294 1642 3360 Aquisgranensis
1675 3293 2019 3344 Collationern
2040 3306 2161 3344 cum
2183 3289 2364 3342 Leone

802 3385 865 3437 111
937 3384 1193 3452 pontifice
1257 3385 1433 3439 recole
1495 3385 1672 3455 capite
1742 3386 2028 3452 superiore
2123 3399 2277 3436 tium.
2331 3384 2365 3436 4

798 3491 855 3532 et
891 3480 944 3532 ὅ.

872 3570 1086 3623 Ludum
1147 3571 1399 3624 eamdem
1462 3571 1685 3622 Photius
1719 3569 1858 3622 ludit
1915 3569 1967 3621 in
2026 3569 2253 3637 epistola
2299 3569 2366 3622 ad

799 3662 1277 3730 archiepiscopum
1306 3663 1711 3731 Aquileiensein,
1757 3678 1860 3730 qua
1909 3666 1973 3713 ad
2011 3662 2164 3714 aliam
2199 3661 2366 3713 veluti

802 3753 906 3804 sibi
940 3756 1007 3803 ab
1033 3768 1099 3804 eo
1129 3755 1307 3804 (latam
1337 3755 1649 3821 respondet.
1690 3753 1873 3804 llefett
1902 3768 2020 3804 eam
2053 3751 2242 3804 Latine
2269 3751 2366 3803 Ba-

804 3846 1013 3906 ronius,
1052 3845 1116 3896 ad
1163 3855 1365 3896 aiiniim
1401 3847 1525 3907 88'),
1575 3861 1725 3897 num.
1765 3844 1827 3907 5;
1860 3843 2050 3896 Latine
2079 3853 2134 3896 et
2180 3843 2366 3897 Grtcce

802 3936 1162 3987 tlouibclisius
1197 3935 1253 3988 iii
1291 3937 1537 3987 Auctaria
1594 3937 1889 3997 novissima,
1942 3952 2060 4003 pag.
2104 3935 2226 3989 5:27.
2273 3936 2368 3986 La-

802 4029 944 4084 tiore
1001 4044 1099 4080 nos
1154 4029 1363 4095 egimus
1413 4029 1478 4079 de
1512 4044 1574 4080 ea
1606 4045 1857 4082 sermone
1907 4030 1958 4080 in
2015 4027 2367 4080 Monumentis

805 4119 1054 4171 Ecclesia’
1106 4119 1466 4185 Aqiiili-iinsis,
1503 4121 1679 4186 capite
1730 4122 1816 4180 50,
1865 4136 2015 4171 num.
2079 4121 2132 4180 ὅ,
2193 4120 2368 4186 deque

803 4211 979 4263 l'liotii
1037 4213 1308 4265 val'erriiiii
1361 4213 1600 4265 hominis
1652 4215 1841 4266 li'aude
1887 4212 2250 4281 suSpicionem
2289 4217 2369 4263 iii-

799 4305 1087 4372 gessimns.
1116 4302 1183 4356 Ut
1229 4317 1289 4356 ut
1317 4321 1434 4357 sese
1472 4322 1556 4357 res
1601 4307 1815 4365 habeat,
1845 4307 2127 4372 poutilices
2173 4305 2369 4356 Roma-

801 4411 901 4446 nos
959 4399 1026 4447 ita
1083 4397 1151 4447 ab
1204 4397 1563 4448 additamenta
1621 4398 1825 4448 alienos
1884 4397 2124 4457 exhibet,
2159 4408 2217 4447 ut
2274 4408 2368 4446 eos

796 4487 960 4538 etiam
1014 4489 1378 4553 processiouis
1413 4504 1440 4539 a
1497 4488 1614 4540 solo
1668 4487 1822 4540 l’atre
1876 4488 2118 4539 vindices
2168 4486 2364 4548 iaciat;

795 4577 1041 4641 aliosque
1102 4575 1305 4628 Latina:
1357 4577 1612 4629 Ecclesia:
1668 4578 1956 4645 episcopos
2013 4577 2214 4628 indicat
2250 4587 2359 4627 tum
2395 4597 2439 4650 ο

797 4668 1163 4734 processiouis
1197 4684 1229 4724 α
1267 4668 1428 4720 l’atre
1475 4679 1522 4719 et
1567 4687 1597 4720 a
1639 4667 1778 4721 Filio
1832 4667 2190 4736 professores,
2251 4677 2362 4717 tum

797 4771 1051 4810 auctores
1080 4759 1444 4810 additamenti.
1488 4759 1540 4810 ld
1570 4775 1698 4811 vero
1739 4760 2012 4827 Colligitur
2063 4758 2209 4818 inde,
2260 4758 2367 4809 Ro-

797 4865 1010 4900 manam
1065 4849 1356 4901 Ecclesiam
1408 4849 1723 4918 Simbolum
1773 4865 1894 4901 cum
1934 4864 2066 4903 Voce
2128 4847 2367 4918 Filioque

795 4958 857 4993 ea
889 4953 1066 5002 astate,
1115 4945 1229 5007 ipso
1263 4942 1454 4993 l’holio
1507 4953 1662 5000 teste.
1701 4958 1805 4992 non
1850 4943 2127 4993 recitasse.
2189 4941 2362 4993 l'liotii

797 5035 962 5084 veiba
999 5036 1208 5084 relero;
1248 5050 1265 5081 ‹
1325 5033 1581 5085 Pervenit
1625 5033 1690 5085 ad
1731 5044 1946 5086 nostras
1995 5048 2176 5095 aures,
2219 5031 2363 5099 quod

798 5124 1044 5174 nonnulli
1079 5122 1536 5187 Occidentalium,
1572 5124 1818 5175 divinum
1854 5140 1916 5175 ac
1956 5125 2361 5176 sanctissimum

799 5215 1063 5281 Spiritum
1095 5231 1195 5265 non
1225 5216 1396 5266 solum
1433 5231 1495 5266 ex
1526 5215 1634 5266 Dea
1681 5228 1727 5266 et
1761 5214 1942 5275 Patre,
1978 5230 2165 5268 verum
2201 5215 2363 5266 etiam

797 5306 954 5372 203
976 5321 1037 5355 ea:
1071 5303 1206 5356 Filio
1227 5307 1522 5370 procirdere
1552 5323 1683 5357 novo
1713 5308 1957 5375 dogmate
1988 5307 2362 5359 iiitioduciiut.

800 5397 897 5458 ilia
930 5398 1133 5447 scilici-t
1166 5407 1242 5447 ait
1280 5397 1732 5450 mendacissimus
1765 5399 1970 5466 homo.)
2001 5397 2132 5460 Leo,
2169 5397 2366 5449 ltoma-

800 5501 904 5535 nus
953 5488 1217 5552 pontifex,
1250 5496 1362 5538 tum
1415 5503 1603 5539 senior
1640 5488 1729 5558 (Il)
1763 5497 1991 5555 tumque
2024 5505 2216 5542 rursus
2271 5490 2363 5556 qui

799 5577 951 5625 illum
1010 5587 1231 5629 secutus
1273 5588 1358 5630 est
1397 5577 1506 5630 Leo
1541 5581 1727 5646 junior
1774 5578 1954 5647 (Ill)...
1996 5577 2092 5631 Hic
2145 5580 2366 5647 pietatis

799 5667 1018 5718 lcrvells
1051 5675 1354 5732 aiinulator,
1412 5682 1470 5723 ut
1518 5676 1667 5723 nullo
1731 5682 1910 5740 pacto,
1949 5672 2181 5725 barbaro
2223 5671 2361 5723 idio-

800 5771 964 5819 matc,
1013 5763 1331 5815 intemerata
1376 5774 1571 5816 nostra:
1606 5766 1728 5816 lidei
1778 5766 1957 5831 regula
1988 5779 2365 5830 corrumpere-

804 5859 913 5911 tur,
945 5851 1125 5904 Grarca
1155 5855 1355 5923 lingua,
1397 5867 1453 5907 ut
1489 5867 1543 5909 et
1577 5873 1602 5909 a
1646 5857 1915 5926 principio
1951 5858 2150 5909 dictata
2187 5857 2365 5910 fuerat

2456 637 2852 702 ιιτλιύὶειιιιαιιιιὶ
2883 635 3124 686 divinam
3158 643 3513 701 sanctamque
3555 633 3876 688 Trinitatem
3911 645 4016 687 tra-

2452 728 2607 780 didit.
2643 728 2827 796 Neque
2869 727 2921 778 id
2972 729 3136 780 vei-bo
3183 728 3356 780 solum
3389 741 3451 780 ac
3487 727 3733 794 jussione
3761 767 3775 790 ,
3825 741 4013 780 verum

2454 820 2616 872 t'tiatn
2648 820 2974 887 quibusdam
3011 819 3269 870 ancilibus
3307 818 3454 872 velut
3489 817 3663 872 titulis
3687 860 3700 880 ,
3741 818 4018 871 columna-

2457 928 2576 963 rum
2604 928 2775 976 more,
2803 912 3106 964 inscribens
3137 911 3204 964 ad
3238 911 3387 964 fores
3412 910 3668 985 Ecclesia;
3693 909 3858 963 alluit
3882 951 3896 964 .
3930 951 3942 964 .
3965 949 3978 964 .
4004 950 4015 964 .

2455 1017 2522 1055 ne
2556 1019 2793 1068 unquam
2829 1003 2909 1055 via
2933 1010 3080 1055 esset
3108 1043 3120 1055 .
3147 1040 3160 1052 .
3200 1040 3214 1052 .
3261 1039 3274 1053 .
3309 1001 3532 1053 alteram
3565 1011 3762 1069 praeter
3781 1001 4015 1063 Patrem,

2457 1093 2692 1161 Spiritus
2741 1109 2979 1153 causam,
3037 1092 3232 1145 Filium
3284 1091 3596 1144 invehendt.
3637 1111 3654 1141 ι
3709 1091 3854 1144 Nova
3912 1108 4016 1145 non

2455 1194 2570 1236 erat
2623 1193 2778 1237 aetate
2836 1186 3010 1238 Pliotii
3075 1188 3286 1238 invecta
3342 1183 3411 1237 ab
3459 1183 3901 1238 Occidentalibus
3955 1187 4018 1238 di-

2457 1275 2685 1344 Spiritus
2716 1278 2880 1329 sancti
2924 1295 2955 1328 a
3009 1276 3167 1329 Patre
3192 1286 3240 1328 et
3285 1293 3315 1327 a
3357 1275 3496 1328 Filia
3535 1293 3735 1343 process
3765 1293 3860 1328 die
3897 1293 4023 1330 sci:-

2463 1369 2626 1421 teutia
2658 1384 2671 1419 :
2714 1369 2823 1418 imo
2856 1367 3048 1433 dogma
3083 1376 3168 1420 est
3194 1366 3318 1419 fidei
3358 1368 3640 1420 catliolicii-
3667 1407 3680 1427 ,
3714 1367 4017 1435 Scriptura-

2463 1475 2583 1511 rtim
2613 1458 2935 1510 auctoritate
2977 1457 3268 1521 mimitum,
3303 1472 3365 1509 ac
3394 1459 3620 1523 perenni
3656 1457 3872 1510 Patrum
3911 1468 3989 1509 ira

2460 1551 2689 1603 ditioiie.
2724 1549 2832 1600 Leo
2868 1548 2955 1607 111,
2985 1546 3128 1615 quod
3163 1563 3190 1597 a
3227 1550 3524 1616 majoribus
3557 1559 3838 1616 aeceperat
3870 1591 3882 1612 ,
3914 1551 4026 1600 sine

2462 1642 2821 1694 additamenta
2882 1641 3199 1710 Synilnlisiu
3250 1640 3592 1694 custodiebat
3635 1657 3646 1692 :
3704 1641 4026 1708 lerehatque

2461 1747 2603 1800 aegro
2636 1732 2841 1796 animo,
2875 1747 3003 1784 voce
3039 1732 3124 1784 illa
3155 1732 3363 1800 adjecta
3399 1730 3713 1801 Symbolum
3746 1733 4025 1785 decantari

2462 1823 2808 1876 aGaliicanis
2855 1822 3158 1890 episcOpis;
3199 1837 3376 1890 neque
3424 1832 3605 1877 tamen
3660 1824 3799 1888 illos,
3835 1841 3896 1878 ac
3929 1824 4023 1876 lli-

1509 1919 1880 1987 iuvidianique
1935 1917 2098 1971 simul
2151 1914 2346 1968 .loauiii
2388 1907 2674 1982 9spauos,
2730 1915 3051 1983 ltalieosqiie
3105 1917 3158 1969 iu
3211 1931 3377 1984 regno
3440 1914 3607 1970 Italiae
3669 1919 4029 1985 reprehendit

2461 2023 2719 2076 unquam,
2750 2009 2916 2062 veluti
2957 2011 3285 2062 intemerata:
3323 2019 3517 2062 nostra:
3538 2009 3661 2077 ﬁdei
3691 2013 3884 2081 regula:
3908 2029 4029 2064 car-

2461 2109 2720 2166 ruptores.
2769 2100 2847 2152 Ad
2895 2098 3322 2153 ecclesiasticam
3363 2099 3707 2166 disciplinam
3739 2116 3825 2154 res
3863 2113 4032 2170 perti-

2460 2201 2552 2243 nct
2582 2210 2595 2245 :
2647 2191 3048 2260 placuissetque
3091 2190 3363 2254 Pontilici,
3400 2199 3458 2243 ut
3497 2192 3643 2261 rigor
3675 2192 3827 2263 legis,
3860 2209 4026 2261 quem

2461 2284 2702 2336 Romana
2756 2285 3090 2353 sequebatur
3128 2285 3400 2348 Ecclesia,
3445 2285 3503 2338 in
3542 2285 3662 2337 aliis
3699 2303 3920 2356 quoque
3953 2288 4034 2339 vi-

2461 2387 2634 2444 geret.

2535 2467 2608 2520 De
2643 2468 2956 2522 memoratis
2978 2485 3007 2523 a
3039 2469 3233 2523 Pliotio
3281 2471 3536 2523 ancilibus
3568 2471 3858 2524 certiorem
3901 2486 4032 2538 Stip-

2465 2559 2671 2627 peditat
2699 2561 2942 2612 notitiam
2979 2561 3299 2617 Anastasius
3340 2562 3796 2616 Bibliotliecarius
3825 2564 3877 2614 in
3908 2563 4028 2616 Viti

2466 2650 2663 2702 Leonis
2699 2649 2784 2712 111,
2811 2666 2963 2703 num.
3004 2651 3127 2711 410.
3175 2656 3228 2705 in
3273 2653 3516 2706 editione
3558 2651 3834 2706 Francisci
3875 2653 4032 2705 Blau-

2466 2742 2633 2795 cliiuii
2669 2757 2682 2792 ε
2726 2760 2743 2792 ι
2785 2743 2883 2794 llic
2917 2758 3044 2795 Vero
3087 2744 3406 2812 tinquiens),
3437 2761 3530 2811 pro
3559 2760 3740 2798 amare
3767 2755 3814 2796 et
3845 2755 4030 2798 cauti--

2468 2833 2518 2886 la
2555 2835 2854 2886 orthodoxa:
2882 2836 3024 2900 ﬁdei.
3048 2835 3177 2889 fecit
3209 2845 3359 2889 scuta
3388 2847 3641 2904 argentea
3665 2837 3796 2898 duo,
3821 2840 4030 2906 scripta

2468 2937 2697 2993 utraque
2731 2926 3007 2994 Symbolo,
3042 2943 3209 2980 unum
3235 2928 3456 2996 quidem
3504 2928 3691 2981 litteris
3723 2929 3943 2993 Cra-cis,
3976 2943 4036 2982 et

2466 3019 2610 3072 aliud
2676 3018 2903 3072 Latinis.
2949 3038 2965 3070 ι
3039 3020 3294 3086 Magister
3364 3020 3767 3075 Sententiarum
3845 3020 4036 3074 Petrus

2469 3109 2816 3173 Lombardus,
2848 3125 3008 3179 quem
3057 3111 3321 3164 Baronius
3371 3112 3554 3166 laudat
3609 3114 3676 3166 ad
3726 3128 3855 3166 ann.
3902 3114 4036 3176 809,

2473 3217 2618 3253 num.
2652 3200 2741 3265 6‘2,
2777 3216 2888 3254 rein
2924 3202 3063 3254 lianc
3095 3202 3179 3256 liis
3214 3203 3394 3256 verbis
3432 3214 3619 3257 narrat
3663 3204 3804 3256 libro
3841 3219 3854 3255 l
3897 3204 4039 3257 Sen-

2469 3293 2773 3355 tentiarum,
2816 3292 2943 3346 dist.
2985 3294 3043 3346 ll
3081 3311 3143 3346 :t
3179 3294 3401 3349 Addunt
3446 3294 3618 3349 Graeci
3654 3298 3720 3349 ad
3775 3299 4040 3349 assertio—

2469 3397 2594 3436 nem
2628 3398 2738 3436 suae
2767 3384 3038 3451 Opinionis
3073 3423 3086 3437 .
3133 3423 3145 3437 .
3175 3422 3187 3436 .
3225 3424 3238 3438 .
3267 3389 3409 3454 quod
3441 3385 3551 3440 Leo
3576 3387 3639 3442 111
3670 3389 3852 3442 Romae
3883 3398 4041 3441 trau-

2469 3476 2733 3544 scriptum
2796 3476 3160 3545 (Symbolum)
3231 3477 3285 3530 in
3345 3479 3522 3532 tabula
3567 3491 3845 3550 argentea,
3915 3493 4043 3549 post

2470 3569 2640 3621 altare
2693 3569 2836 3621 beati
2878 3568 3025 3622 Pauli
3079 3570 3248 3637 posita
3298 3569 3431 3639 (imo
3483 3571 3535 3624 iu
3572 3571 3795 3626 Basilica
3859 3585 4039 3626 saucii

2472 3657 2662 3726 Petri),
2695 3660 2927 3727 posteris
2951 3661 3210 3727 reliquit:
3244 3676 3339 3729 pro
3367 3664 3567 3721 antore,
3605 3675 3661 3715 ut
3702 3666 3812 3732 ipse
3851 3667 3952 3726 ait,
3991 3676 4043 3715 et

2469 3750 2680 3802 cautela
2709 3752 2833 3817 ﬁdei
2889 3751 3208 3805 orthodoxa.
3245 3753 3300 3806 ln
3343 3769 3453 3821 quo
3482 3754 3702 3822 quidem
3755 3755 4041 3824 Syiubolo.

2469 3841 2524 3891 in
2554 3843 2879 3908 pracessiane
2903 3839 3316 3910 Spiritus,solus
3333 3855 3788 3897 commemoratur
3814 3845 3998 3900 Pater.
4022 3867 4038 3894 ι

2469 3931 2744 3984 Caute-lam
2781 3931 2900 3983 lidei
2933 3932 3249 3985 orthodoxa!
3289 3948 3396 3985 non
3440 3934 3513 3986 ita
3551 3934 3824 4004 intelligas
3850 3976 3863 3996 ,
3897 3951 3962 3988 ac
3991 3952 4040 3988 si

2472 4021 2580 4072 Leo
2611 4021 2848 4087 pontifex
2884 4021 3122 4089 dogmati
3168 4023 3442 4076 catholico
3482 4024 3754 4077 dissonam
3784 4027 4049 4079 crederet

2473 4116 2878 4181 pracessionein
2907 4129 2936 4165 a
2961 4115 3121 4168 Patre
3155 4124 3210 4168 et
3243 4134 3272 4168 a
3315 4116 3473 4171 Filio.
3502 4117 3644 4181 Quin
3682 4118 3791 4172 iiuo
3822 4121 3872 4171 iu
3908 4119 4006 4172 Col
4028 4151 4040 4157 -

2472 4205 2675 4258 latione
2703 4220 2826 4257 cum
2873 4207 3065 4274 synodi
3099 4206 3552 4275 Aquisgrancusis
3583 4209 3775 4278 legatis
3805 4215 4040 4278 protite-

2474 4297 2629 4348 batur
2663 4314 2675 4348 :
2728 4297 2811 4349 Ita
2842 4300 3007 4350 sentio
3038 4298 3298 4366 Spiritum
3334 4316 3362 4351 a
3413 4300 3568 4352 Patre
3599 4313 3653 4354 et
3678 4318 3705 4354 a
3739 4301 3876 4354 Filio
3907 4320 4036 4370 pro-

2469 4387 2685 4444 cedere,
2707 4387 3085 4453 iiiquieiis;ita
3116 4399 3262 4440 teneo
3291 4406 3409 4442 cuin
3443 4392 3679 4443 omnibus
3711 4396 4046 4452 auctoribus,

2469 4487 2516 4529 et
2546 4493 2712 4530 sacrit
2745 4478 3034 4547 Scriptura:
3070 4482 3493 4534 auctoritatibus.
3543 4484 3601 4536 Si
3649 4486 3761 4553 quis
3791 4487 3950 4536 aliter
3978 4491 4050 4538 de

2469 4571 2564 4621 hac
2589 4586 2643 4621 re
2669 4573 2864 4621 sentire
2888 4572 2964 4623 vel
2992 4574 3172 4624 docere
3202 4575 3419 4625 voluerit
3440 4614 3456 4637 ,
3495 4576 3712 4644 defendo
3747 4579 4044 4644 (inhibeo‘.

2472 4661 2538 4714 Et
2574 4665 2674 4714 nisi
2716 4679 2990 4717 conversus
3035 4667 3210 4734 fuerit,
3242 4675 3291 4717 et
3323 4670 3604 4718 secundum
3639 4670 3774 4720 hunc
3820 4686 4046 4722 sensum

2469 4763 2641 4805 tenere
2660 4754 2898 4817 voluerit,
2921 4759 3191 4809 contraria
3217 4760 3520 4811 sentientem
3554 4760 3787 4827 funditus
3819 4764 4047 4829 abjirio.

2467 4844 2628 4914 204
2661 4846 2728 4898 Se
2759 4848 2992 4914 funditus
3023 4848 3282 4916 al‘jectunt
3334 4852 3549 4903 noverit
3589 4851 3836 4914 Pliotius,
3861 4853 4050 4919 fundi-

2469 4949 2650 5004 tusque
2677 4939 2904 5007 abjectas
2964 4941 3215 4993 noverint
3261 4956 3378 4994 sese
3424 4941 3596 4995 Graeci
3630 4942 3906 5006 Photiani,
3967 4947 4048 4997 ali

2469 5029 2587 5097 ipso
2642 5028 2823 5083 Leone
2871 5030 2960 5092 111.
3019 5048 3178 5099 quem
3217 5033 3378 5085 vi-luti
3411 5034 3510 5086 sibi
3547 5036 3818 5087 faventem
3877 5037 4050 5090 nobis

2467 5133 2768 5190 apponunt.
2805 5123 2878 5175 Eo
2908 5139 3069 5175 sensu
3119 5126 3383 5177 cautelam
3419 5126 3555 5193 {ﬁdei
3607 5129 3911 5181 orthodoxa
3941 5146 4046 5183 ex-

2469 5215 2669 5281 pressit
2702 5217 3039 5273 Anastasius,
3072 5222 3130 5266 ut
3170 5214 3367 5268 Leonis
3407 5232 3561 5269 metis
3597 5219 3758 5281 foret,
3798 5220 4042 5273 liberum

2469 5306 2662 5372 cuique
2706 5323 2809 5356 nou
2861 5321 2978 5358 esse
3024 5306 3088 5357 ad
3135 5306 3446 5375 Symbolum
3489 5309 3688 5362 addere
3731 5312 4043 5381 quidpiam,

2473 5398 2550 5450 vel
2585 5399 2858 5466 quidpiam
2886 5414 2949 5458 ex
3003 5413 3068 5450 eo
3105 5399 3351 5451 minuere
3382 5417 3394 5461 ;
3435 5415 3503 5452 ne
3538 5401 3847 5467 hujusmodi
3881 5406 4046 5458 addi-

2470 5491 2727 5548 tionibus,
2763 5500 2855 5541 aut
2881 5491 3273 5544 minationibus
3306 5492 3584 5559 quidpiam
3616 5506 3708 5545 aut
3739 5496 4039 5562 irreperet,

2469 5591 2560 5632 aut
2584 5582 2884 5644 tolleretur,
2921 5584 3063 5649 quod
3117 5582 3273 5649 ﬁdem
3317 5585 3659 5636 orthodoxam
3701 5588 3944 5647 laderet,
3984 5599 4044 5640 et

2469 5685 2862 5733 corrumperet.

2537 5765 2599 5817 ll.
2643 5767 2682 5815 Α
2715 5763 2912 5817 sacculo
2943 5779 3086 5817 nono
3135 5765 3200 5818 ad
3233 5767 3458 5819 alteram
3493 5779 3712 5821 transeo
3752 5768 4036 5824 undecimi

2469 5852 2650 5908 είιιρυιι
2693 5856 3078 5909 uiedietatem:
3122 5858 3439 5926 interpolato
3485 5858 3730 5928 Symbalo
3760 5858 4037 5913 Constan-
