4216 6438
176 454 272 516 Ξτπι

1339 447 1510 507 νιτΑ
1580 468 1646 478 -
1689 443 2194 504 DISSERTATIO
2233 445 2308 504 ll.

3342 439 3450 503 202

177 571 561 638 tinoPolitano,
619 569 733 622 sive
789 567 1053 636 particula
1118 560 1361 629 Filioque
1410 568 1591 618 aucto,
1649 555 1768 610 sine
1801 555 2170 619 AAchritlani
2243 556 2478 622 Epistola
2533 556 2603 606 ad
2661 554 2922 607 Joannem
2978 553 3296 606 Trancnscm
3355 556 3450 619 (in

176 664 347 715 dubio
397 664 666 715 utebatur
719 662 821 714 bon
885 671 1129 726 tempore
1173 653 1414 709 Ecclesia
1455 651 1700 705 Romana
1747 667 1760 701 :

178 753 415 812 indeque
448 753 769 806 schismatis
801 747 1096 804 innovandi
1159 753 1479 816 praetextum
1531 737 1768 806 sumpsit

178 843 409 896 Michael
441 843 788 898 Cerularius.
809 843 1092 896 Thronum
1122 840 1168 892 is
1189 833 1604 906 patriarchalem
1622 830 1764 884 Con-

176 936 742 1004 stantinopolitanum
778 948 923 987 anno
970 931 1106 985 1043
1148 925 1488 983 conscendit.
1521 921 1764 984 Dissidii,

176 1027 320 1093 quod
358 1027 694 1081 incenderat
725 1027 974 1087 Photius,
1008 1022 1300 1078 manebant
1335 1017 1586 1074 scintilla:
1621 1017 1767 1069 inter

175 1123 399 1172 Graeca
436 1135 453 1170 :
499 1119 934 1186 erumpebatque
974 1116 1116 1184 ignis
1165 1113 1309 1167 datis
1359 1107 1761 1165 occasionibus.

179 1213 249 1264 De
301 1210 557 1278 Spiritus
605 1210 775 1263 sancti
806 1207 1154 1277 processione
1195 1204 1560 1271 disceptatum
1598 1201 1766 1254 fuisse

175 1303 394 1355 decimo
431 1301 638 1354 saeculo
688 1301 964 1364 inchoato,
997 1302 1158 1353 docet
1198 1311 1297 1350 nos
1332 1295 1617 1352 Herireus.
1658 1293 1766 1346 Re-

176 1393 384 1446 mensis
452 1392 952 1460 archiepiscopus;
1014 1390 1067 1442 in
1149 1385 1467 1457 provinciali
1532 1384 1767 1438 concilio

177 1486 511 1538 Trosleiano
543 1499 690 1537 anno
722 1483 827 1538 909
857 1486 1152 1544 celebrato,
1202 1482 1378 1550 capite
1404 1479 1493 1547 ,Η
1529 1481 1642 1532 hac
1674 1479 1766 1530 ha-

179 1579 380 1629 bentur
417 1593 432 1627 :
484 1596 500 1626 ‹
536 1576 782 1629 lnnotuit
815 1574 1187 1645 (significavit)
1210 1573 1370 1626 nobis
1397 1578 1583 1625 sancta
1607 1569 1768 1622 sedes

175 1669 512 1734 apostolica,
585 1667 765 1721 adhuc
802 1681 1022 1720 errores
1077 1662 1552 1733 hlasphentiasque
1586 1663 1768 1727 cujus-

176 1760 292 1812 datu
331 1761 532 1827 vigere
568 1759 746 1812 Photii
776 1758 828 1811 in
859 1758 1104 1826 partibus
1127 1755 1368 1810 Orientis
1406 1755 1462 1807 in
1505 1751 1766 1819 Spiritum

174 1863 448 1911 sanctum,
490 1852 641 1920 quod
691 1867 791 1903 non
846 1869 876 1904 a
914 1848 1076 1914 Filio,
1127 1849 1226 1901 nisi
1272 1864 1304 1900 a
1345 1845 1506 1900 Patre
1555 1853 1762 1898 tantum

1872 647 2091 713 Apulia)
2120 647 2422 714 episcopum
2447 647 2754 708 calumnias,
2779 661 2900 712 qua:
2929 645 3228 698 Romanam
3265 647 3316 698 in
3355 645 3453 696 Etr-

1869 739 2092 794 clesiam
2126 739 2400 802 feruntur,
2427 756 2576 791 usum
2599 739 2774 808 aagmi
2805 747 3076 806 spectant,
3099 748 3154 792 et
3182 740 3448 807 jejunium

1873 832 2372 900 Sabbati,itt-m]ue
2408 834 2778 901 suffocatorum
2806 835 3193 894 coiuestionem,
3227 843 3280 886 ct
3313 835 3454 885 Alle-

1873 925 1983 976 luia
2057 925 2108 976 in
2167 924 2588 990 Quadragcsima
2635 943 2738 979 non
2770 927 3134 980 decantatum.
3179 927 3453 996 lntegram

1874 1014 2144 1068 BarOnius
2167 1018 2447 1082 epzstolam
2481 1018 2645 1071 refert
2678 1022 2743 1073 ad
2781 1035 2984 1074 annum
3013 1020 3338 1081 1053,num.
3359 1023 3449 1074 23.

1875 1105 2154 1173 Scriptum
2187 1106 2354 1159 etiam
2386 1107 2636 1160 ediderat
2665 1108 2851 1161 Niceta
2893 1111 3216 1172 monachus,
3255 1112 3307 1161 in
3343 1127 3450 1175 quo

1869 1197 2043 1248 sedem
2073 1197 2420 1263 apostolicam
2453 1200 2740 1252 incusabat
2764 1200 2826 1252 dc
2861 1217 3068 1269 azyma,
3109 1205 3172 1255 de
3219 1201 3452 1255 Sabbata

1872 1297 1920 1339 et
1948 1287 2012 1339 de
2054 1289 2250 1354 nuptiis
2283 1289 2634 1341 sacerdotum.
2667 1289 2907 1343 Consule
2964 1291 3453 1345 Commemoratio—

1871 1391 1998 1430 nem
2034 1392 2220 1430 rerum
2255 1393 2284 1430 a
2319 1378 2514 1446 legatis
2539 1380 2854 1448 apostolica:
2891 1381 3038 1434 sedis
3063 1379 3452 1434 Constantino-

1871 1469 1980 1536 poli
2006 1480 2279 1538 gestarum
2303 1472 2356 1522 in
2391 1470 2680 1524 Labbeana
2713 1471 3086 1526 Conciliornm
3108 1474 3450 1526 collectione.

1871 1561 2010 1615 Hinc
2040 1561 2326 1616 Wibertus
2372 1563 2428 1615 in
2480 1563 2600 1616 Vita
2643 1563 2842 1618 Leonis
2884 1564 2975 1626 IX,
3026 1567 3168 1635 apud
3206 1565 3454 1620 Habilio-

1873 1651 2020 1704 ninm
2069 1651 2215 1706 inter
2272 1653 2404 1706 Acta
2461 1652 2780 1707 Sanctorum
2839 1655 3050 1710 ordinis
3113 1657 3448 1710 Benedictiui

1871 1756 2017 1800 mota
2060 1747 2130 1801 ab
2187 1748 2338 1802 hisce
2378 1748 2584 1804 Grazcis
2628 1750 2854 1804 dissidia
2907 1766 3162 1809 narrans.
3221 1751 3360 1802 libro
3387 1766 3449 1812 ιι,

1867 1843 2048 1911 capite
2086 1844 2139 1906 9,
2193 1845 2272 1898 sic
2305 1845 2380 1898 ait
2415 1864 2426 1898 :
2465 1844 2546 1899 Ea
2589 1855 2894 1915 tempestate
2934 1856 3051 1899 orta
3104 1856 3181 1899 est
3241 1849 3451 1899 licet-ess

174 1945 462 2009 procedat,
499 1941 950 2010 blasphemantis.
991 1939 1280 1993 Hortamur
1316 1948 1548 1991 vestram
1575 1936 1769 1990 frater-
1799 1913 1844 1972 Β
1877 1934 2391 2000 Fermentaceorum,
2426 1955 2542 2006 qua:
2583 1939 2944 1991 calumniatur
2981 1949 3223 1992 sanctam
3261 1938 3451 1991 Roma-

177 2039 429 2094 nitatem,
468 2045 528 2086 ut
589 2035 891 2088 secundum
941 2030 1381 2085 admonitionem
1428 2029 1631 2082 domini
1664 2027 1766 2080 Ro-

177 2144 346 2178 mam:
397 2129 545 2178 sedis
591 2125 815 2192 (Scrgii)
876 2124 1072 2193 singuli
1131 2132 1415 2184 nostrum,
1468 2121 1769 2189 perspectis

177 2219 398 2272 Patrum
463 2218 869 2271 catholicorum
915 2215 1234 2278 sententiis,
1291 2215 1358 2268 de
1390 2214 1588 2267 divinae
1624 2212 1767 2266 Scri-

180 2319 348 2375 ptura:
373 2309 663 2376 pharetris
686 2317 872 2361 acutas
899 2308 1238 2376 proferamus
1260 2307 1482 2376 sagittas
1506 2307 1763 2374 potentis,

181 2403 239 2453 ad
277 2401 722 2454 confodieudam
777 2399 1010 2453 belluam
1059 2397 1283 2452 monstri
1322 2397 1683 2461 renascentis,
1714 2409 1770 2452 et

179 2497 238 2547 ad
271 2494 692 2547 conterendum
723 2503 886 2560 caput
921 2491 1240 2560 nequissimi
1273 2490 1561 2560 serpentis.
1605 2510 1622 2541 ι

243 2588 449 2640 Sedem
485 2584 1155 2652 Constantinopolitanam
1187 2596 1330 2636 anno
1381 2582 1517 2636 102‘
1549 2581 1770 2650 regebat

179 2677 508 2731 Eustathius
547 2697 560 2727 :
604 2675 933 2743 tenebatque
989 2687 1259 2726 summum
1298 2669 1553 2724 Ecclesia:
1589 2672 1769 2739 ponti-

183 2773 393 2822 ftcatutn
426 2769 684 2822 Joannes
712 2764 852 2818 XIX.
898 2764 1140 2817 Titulum
1187 2763 1499 2816 universalis
1528 2765 1765 2831 patriar-

181 2865 276 2913 cha
313 2861 658 2930 requirebat
683 2859 793 2922 ille,
820 2867 1005 2912 erecto
1031 2857 1212 2910 animo
1236 2857 1452 2925 negavit
1472 2857 1592 2909 iste.
1617 2856 1768 2924 Hugo

179 2955 338 3007 abbas
370 2951 824 3006 Flaviniacensis
879 2948 994 3001 hac
1050 2947 1211 2999 habet
1261 2946 1313 2999 in
1351 2945 1610 3000 Chronico
1650 2945 1766 2998 Vir-

178 3047 396 3099 duucnsi
437 3045 508 3097 ad
549 3042 809 3097 eumdem
837 3055 1039 3093 annum
1066 3038 1206 3108 apud
1238 3038 1511 3092 Labbeum
1543 3039 1596 3092 in
1621 3038 1767 3092 Nova

177 3138 505 3191 Bibliotheca
535 3176 552 3198 ,
603 3146 752 3190 torno
781 3134 800 3187 Ι
841 3152 855 3188 :
899 3133 1128 3186 Joannes
1155 3131 1321 3200 (XIX)
1359 3133 1634 3184 ordinatus
1668 3140 1762 3184 est.

178 3236 211 3284 Α
243 3249 340 3299 quo
373 3247 501 3282 cum
532 3228 843 3296 requisisset
881 3223 1495 3292 Constantinopolitanus
1523 3226 1761 3288 antistes,

177 3335 225 3374 ut
252 3342 350 3375 sua
392 3323 677 3380 Ecclesia,
709 3322 841 3371 sicut
870 3328 919 3370 et
946 3317 1206 3380 Romana,
1235 3317 1548 3369 universalis
1573 3318 1768 3368 dicere-

176 3421 286 3474 tur;
322 3423 371 3463 et
405 3411 570 3462 donis
605 3425 747 3468 eum,
774 3407 1140 3473 Romanosque
1175 3408 1262 3467 qui
1293 3408 1454 3459 carice
1476 3416 1762 3468 praerant,

172 3507 467 3556 innumeris
500 3505 763 3571 ﬂecteret,
797 3503 871 3551 ita
903 3509 956 3550 ut
1001 3498 1239 3550 clanculo
1284 3507 1546 3550 tentarent
1588 3515 1766 3550 conce-

176 3599 284 3648 dere
307 3602 457 3661 quod
495 3596 796 3662 rogabatur
825 3609 842 3644 :
882 3594 1048 3644 omnis
1092 3591 1152 3643 ob
1195 3593 1286 3641 hoc
1319 3591 1765 3642 vehementissime

175 3699 433 3740 commota
454 3696 534 3738 est
563 3685 752 3738 Italia.
771 3684 872 3736 Sed
899 3682 1194 3737 Galliarum
1213 3682 1437 3749 episcopi
1467 3690 1513 3731 et
1553 3680 1766 3732 abbates

175 3783 241 3832 bis
278 3783 502 3832 obviare
525 3779 709 3829 conati
738 3785 896 3828 sunt.
942 3813 956 3826 .
991 3812 1007 3826 .
1043 3773 1127 3826 Sic
1149 3773 1421 3839 confutata
1461 3769 1764 3823 Grecorum

178 3873 527 3937 prcsumptio
574 3878 670 3920 est.
710 3868 907 3920 Eadem
953 3881 1020 3918 ex
1048 3865 1470 3937 Glabro'uarrat
1499 3862 1766 3916 Baronius

183 3980 329 4015 nunt.
358 3964 418 4015 5.
446 3961 846 4014 Animadverte
899 3955 1195 4010 Ettclesiam
1242 3956 1403 4024 regia:
1440 3954 1590 4006 urbis
1618 3953 1764 4006 Con-

179 4054 628 4121 stantiuopolcos
688 4064 755 4102 eo
807 4057 1048 4114 tempore
1106 4046 1337 4098 divisam
1405 4044 1472 4096 ab
1520 4042 1763 4095 Ecclesia

183 4145 428 4198 Romana
477 4157 591 4194 non
639 4140 826 4201 fuisse,
882 4137 1001 4190 sine
1039 4137 1195 4204 cujus
1231 4148 1500 4188 consensu
1547 4148 1764 4186 sumere

181 4238 413 4290 antistes
446 4235 541 4288 ille
571 4232 792 4285 titulum
834 4230 1136 4283 acumenici
1170 4227 1491 4294 patriarcha:
1519 4240 1628 4278 non
1660 4240 1764 4279 au-

184 4331 368 4384 debat.

250 4420 416 4490 305
471 4421 812 4486 Denegatum
844 4415 1060 4469 titulum
1105 4412 1293 4480 iniquo
1347 4410 1554 4465 ferebat
1581 4409 1765 4463 animo

181 4512 531 4574 Cerularius,
597 4509 686 4576 qui
739 4516 922 4576 postea
987 4503 1299 4557 successit:
1353 4499 1763 4565 Ecclesiamque

1874 2043 1998 2077 nam
2029 2027 2226 2087 sedem.
2272 2027 2377 2078 into
2410 2043 2616 2079 omnem
2660 2026 2911 2078 Latinam
2962 2038 3011 2079 et
3058 2028 3450 2081 Occidentalent

1877 2115 2191 2178 Ecclesiam,
2243 2119 2306 2170 de
2337 2121 2534 2172 azumis
2565 2120 2829 2186 vivi/tcum
2878 2118 2984 2172 Deo
3015 2121 3197 2187 offerre
3246 2120 3450 2186 sacri/i-

1870 2210 2032 2260 cium.
2093 2208 2261 2272 Quam
2325 2210 2650 2264 calumniam
2702 2214 2860 2265 etiam
2924 2214 3120 2278 scripto
3173 2213 3448 2265 ediderunt

1871 2303 2118 2370 episcopi,
2159 2302 2392 2357 Michael
2417 2305 3052 2372 Constantinopolitanus,
3089 2317 3137 2357 et
3169 2305 3271 2358 Leo
3304 2308 3452 2357 Acti-

1871 2395 2040 2447 danus
2075 2436 2088 2449 .
2125 2433 2140 2449 .
2167 2433 2182 2448 .
2222 2399 2289 2447 ad
2317 2396 2637 2450 Trancnsem
2667 2401 2964 2466 episcOpum
2993 2399 3209 2451 directo.

1945 2488 2204 2542 Romana:
2233 2488 2380 2543 sedis
2415 2491 2608 2559 legatio
2645 2492 2695 2544 in
2733 2492 2924 2543 urbem
2959 2493 3158 2560 regiam
3182 2491 3450 2544 Constan-

1873 2580 2158 2648 tinopolim
2227 2581 2434 2635 directa
2481 2591 2582 2636 est.
2637 2583 2819 2652 Legati
2902 2583 3053 2636 fuere
3106 2584 3448 2646 Ilumbertus,

1871 2671 2164 2724 cardinalis
2195 2675 2462 2740 episcopus
2502 2674 2988 2738 Silva-Candidar;
3027 2673 3233 2736 Petrus,
3269 2677 3450 2729 Amal-

1870 2763 2211 2829 phitanorum
2244 2765 2693 2832 archiepiswpus;
2742 2777 2789 2816 et
2829 2763 3124 2817 Fridericus
3153 2805 3165 2828 ,
3196 2765 3448 2818 diaconus

1874 2863 1923 2904 et
1968 2854 2346 2906 cancellarius.
2374 2855 2563 2908 Niceta
2593 2857 2895 2909 monachus
2923 2856 2987 2909 ad
3013 2855 3219 2924 frugem
3251 2858 3444 2910 rediit:

1871 2947 2024 2998 stetit
2061 2961 2158 2999 sua
2187 2947 2491 3001 obtlurattts
2518 2951 2568 3001 in
2597 2949 2904 3017 pervicacia
2933 2950 3272 3006 Cerularins.
3305 2952 3448 3004 Ana-

1871 3039 2052 3092 tltetna
2103 3039 2155 3092 in
2194 3041 2367 3108 ipsunt
2405 3041 2613 3105 latum,
2655 3043 2798 3110 quod
2857 3043 2907 3095 in
2948 3043 3165 3096 laudata
3193 3043 3447 3098 Comme-

1872 3131 2176 3185 moratione
2201 3144 2429 3201 prostat.
2447 3134 2503 3186 In
2530 3150 2596 3187 eo
2623 3133 2764 3188 inter
2799 3134 2900 3188 alia
2923 3137 3147 3189 crimina
3175 3136 3445 3190 refertur:

1871 3225 2031 3292 quod,
2063 3225 2198 3277 sicut
2265 3225 2728 3279 Pncumatomachi
2783 3229 2860 3279 vel
2913 3226 3239 3292 Tlteomaclti,
3280 3229 3449 3280 absci-

1871 3316 2060 3368 derunt
2117 3335 2148 3368 a
2199 3316 2443 3386 Symbolo
2495 3319 2723 3386 Spiritus
2761 3320 2928 3371 sancti
2981 3321 3360 3384 processionem
3411 3309 3442 3373 a

1871 3407 2029 3462 Filio.
2069 3409 2191 3463 Περ
2217 3427 2360 3464 anno
2395 3412 2530 3465 I055
2561 3414 2830 3476 accidere,
2854 3428 3037 3467 mense
3066 3413 3229 3467 Julio.

1940 3501 2053 3555 Bile
2099 3505 2337 3570 percitus
2386 3504 2648 3567 Michael,
2707 3521 2931 3558 suorum
2977 3505 3185 3575 synodo
3232 3517 3442 3569 coacta,

1868 3595 2172 3650 Calutnnias
2228 3597 2280 3648 in
2336 3598 2686 3661 apostolicam
2747 3598 2931 3650 sedem
2985 3598 3291 3658 instaurat,
3346 3597 3443 3648 do-

1869 3687 2212 3754 ctrinamque
2263 3688 2327 3737 de
2356 3687 2555 3752 Spiritu
2604 3699 2788 3739 sancto
2814 3726 2828 3746 ,
2863 3703 2925 3740 ac
2953 3688 3252 3752 praesertim
3282 3687 3444 3756 206

1870 3775 2105 3844 Symboli
2155 3777 2623 3842 iuterpolationem
2658 3777 2823 3842 rmpit
2855 3777 3192 3844 impugnare.
3237 3778 3438 3848 Synodi

1866 3879 1984 3921 acta
2015 3867 2182 3921 refert
2215 3870 2464 3932 Allatius,
2498 3869 2883 3922 dissertatione
2918 3869 2961 3922 ll
2996 3869 3067 3921 De
3102 3869 3249 3921 libris
3282 3871 3444 3921 eccle-

1865 3962 2083 4013 siasticis
2130 3959 2455 4024 Gra'corum,
2509 3961 2598 4012 ubi
2645 3961 2759 4013 hac
2802 3961 3097 4022 habentur,
3132 3976 3252 4029 pag.
3294 3962 3437 4015 I72:

1872 4070 1889 4101 ο
1937 4053 2014 4104 At]
2072 4052 2224 4111 hac,
2256 4053 2397 4118 quod
2442 4064 2840 4104 sacrosanctum
2890 4052 3234 4119 Symbolum,
3290 4055 3438 4122 quod

1865 4141 2122 4195 omnibus
2172 4143 2524 4210 synodalibus
2569 4151 2623 4194 et
2669 4145 3024 4196 mcnmenicis
3065 4143 3302 4196 decretis
3357 4146 3439 4196 in-

1865 4245 2190 4284 concussum
2217 4241 2380 4298 atque
2399 4231 2816 4298 inexpugnabile
2839 4231 3006 4283 robur
3029 4231 3211 4290 habet.
3232 4234 3437 4300 spuriis

1865 4321 2133 4390 cogitatis,
2173 4329 2229 4373 et
2259 4321 2582 4373 sermonibus
2619 4321 2956 4376 adulterinis.
2987 4331 3043 4375 et
3068 4322 3312 4376 audacia:
3341 4339 3424 4375 ex.

1866 4427 2021 4466 cessu
2048 4413 2348 4464 adulterare
2380 4413 2669 4472 nolumus;
2725 4427 2824 4464 nec
2861 4420 2920 4464 ιιι
2951 4413 3048 4471 illi,
3086 4429 3150 4464 ex
3195 4413 3356 4467 Patre
3387 4427 3434 4467 et

1867 4505 2008 4559 Filio
2053 4506 2338 4572 Spiritum,
2369 4506 2463 4558 sed
2498 4521 2560 4557 ex
2591 4505 2748 4557 Patre
2785 4505 3021 4558 dicimus
3056 4506 3369 4573 procedere.
3413 4526 3429 4557 ι

185 4620 361 4666 suam,
394 4611 454 4654 et
485 4601 625 4654 alias
657 4597 960 4652 Orientales
985 4611 1012 4648 a
1061 4595 1302 4647 Ilomana
1331 4590 1644 4658 disjungere
1674 4603 1758 4641 sa-

1870 4599 2181 4667 Hujusmotli
2232 4614 2412 4651 rerum
2462 4598 2654 4651 eodem
2704 4612 2849 4650 anno
2888 4597 3022 4651 lOSb
3058 4599 3306 4651 notitiam
3365 4600 3432 4651 ad

184 4697 330 4762 tegit.
367 4693 573 4746 Socios
601 4688 788 4740 habuit
831 4687 1066 4739 Leonem
1099 4682 1354 4738 Achridze
1391 4681 1756 4746 archiepisco-

184 4801 329 4853 pum.
363 4798 432 4836 ac
456 4781 704 4834 Nicetam
737 4777 1062 4837 Stetbatum,
1118 4787 1214 4826 seu
1250 4772 1593 4825 Pectoratum
1637 4785 1758 4824 mo.

184 4878 446 4929 nachum.
481 4872 810 4926 Praedictum
853 4868 1152 4921 acumenici
1183 4865 1398 4919 titulum
1438 4864 1656 4932 propria
1691 4863 1759 4915 ab

185 4970 297 5035 ipso
333 4964 674 5018 auctoritate
708 4969 1068 5027 assumptum,
1118 4956 1370 5009 novimus
1393 4970 1458 5008 ex
1487 4953 1667 5007 Leone
1692 4954 1758 5006 IX

186 5060 236 5110 in
269 5053 511 5122 epistola
548 5052 616 5103 ad
649 5053 825 5118 ipsum
853 5047 1194 5102 Cerularium
1229 5045 1374 5105 data.
1403 5059 1566 5112 quam
1593 5045 1759 5096 Baro-

185 5150 307 5202 nius
341 5147 548 5198 recitat
579 5143 644 5195 ad
681 5156 881 5192 annum
910 5139 1069 5202 1054,
1104 5153 1256 5191 num.
1285 5138 1353 5190 I2
1375 5153 1389 5190 :
1410 5135 1594 5200 Qualis
1617 5152 1758 5197 vero,

183 5253 228 5294 et
309 5257 480 5306 quam
539 5235 857 5288 detestabilis
925 5245 1079 5302 atque
1132 5231 1486 5285 lamentabilis
1537 5240 1613 5283 est
1662 5231 1760 5283 illa

183 5337 450 5403 sacrilega
481 5330 782 5396 usurpatio,
812 5345 916 5397 qua
947 5337 996 5379 te
1025 5325 1370 5378 uniuersalem
1400 5326 1758 5392 patriarcham

185 5433 352 5492 iactas
399 5425 614 5491 ubique,
643 5430 693 5473 et
716 5423 930 5486 scripto,
973 5425 1020 5471 et
1063 5417 1260 5470 uerbo!
1300 5415 1591 5470 Scissionis
1625 5431 1759 5483 prte-

189 5530 393 5572 textum
439 5517 618 5584 primo
672 5520 914 5579 tempore
953 5524 1129 5578 neque
1171 5508 1362 5575 dogma
1417 5507 1758 5574 processionis

188 5628 216 5661 α
250 5609 414 5661 Patre
445 5620 492 5657 et
522 5621 554 5656 a
588 5602 752 5665 Filio,
783 5616 961 5669 neque
991 5601 1127 5653 vocis
1149 5597 1393 5667 Filioque
1409 5600 1757 5667 adfectionem

187 5703 244 5753 ad
275 5698 601 5768 Symbolum
629 5695 903 5756 obtendit,
933 5692 1026 5746 sed
1052 5692 1186 5746 alios
1223 5691 1479 5744 Romana:
1507 5689 1760 5743 Ecclesia:

187 5795 338 5855 ritus,
378 5790 729 5854 maximeque
767 5801 916 5836 usum
957 5784 1128 5851 azymi
1165 5783 1318 5851 panis
1363 5783 1414 5834 in
1469 5795 1759 5834 consecra-

189 5897 328 5937 tione
364 5880 622 5948 corporis
666 5877 898 5929 Domini.
933 5875 990 5928 lu
1033 5877 1151 5943 ejus
1202 5874 1466 5928 Cerularii
1502 5881 1555 5927 et
1612 5875 1753 5931 l‘ctri

531 5981 798 6037 ωηιξη..
847 5977 962 6032 Gtt.
1009 5972 1235 6033 CXLII.

1865 4687 2084 4742 Petrum
2124 4690 2524 4742 Antiochcnum
2553 4689 2922 4756 patriarcham
2958 4689 3282 4742 transmittit
3309 4692 3432 4742 data

1863 4782 2122 4850 Epistula,
2157 4797 2318 4850 quam
2353 4781 2616 4834 Baronius
2645 4780 2836 4833 recitat
2876 4779 3106 4842 Latine,
3137 4796 3286 4832 nutu.
3323 4779 3432 4844 9.8;

1863 4873 2053 4926 Latine
2082 4882 2137 4925 et
2166 4873 2351 4926 Grece
2378 4871 2684 4924 Cotelerius
2720 4871 2772 4922 in
2821 4869 3068 4924 Ecclesia
3093 4869 3288 4923 Cra'cte
3320 4870 3367 4921 Μ
3379 4887 3432 4920 o-

1863 4963 2144 5021 nu‘mentis,
2191 4971 2336 5012 tumo
2366 4960 2428 5012 Il.
2483 4960 2629 5012 Inter
2665 4961 2770 5013 alia
2830 4960 3024 5020 multa,
3058 4960 3124 5011 de
3183 4957 3430 5028 Symbolo

1858 5052 2175 5114 interpolato
2230 5049 2631 5103 accusationem
2689 5049 2916 5113 invehit,
2974 5049 3040 5102 In
3068 5059 3250 5101 sancto
3275 5049 3432 5117 Sym-

1862 5145 1996 5205 bolo,
2022 5143 2294 5211 inquiens,
2328 5141 2431 5194 tale
2467 5142 2886 5193 additamentum
2934 5143 3156 5194 recitavit
3189 5157 3252 5194 ea:
3284 5141 3429 5195 mala

1861 5235 2256 5304 periculosaque
2281 5233 2561 5285 sententia.
2611 5231 2731 5285 Jam
2774 5241 2920 5301 patet
2966 5233 3208 5298 Sytnboli
3261 5234 3434 5287 inter-

1861 5328 2024 5395 polati
2083 5341 2242 5379 usum
2295 5325 2397 5379 hac
2457 5334 2614 5378 aetate
2668 5326 2722 5378 in
2765 5326 3006 5379 Romana
3059 5325 3302 5379 Ecclesia
3351 5325 3431 5377 vi-

1858 5417 2057 5485 guisse.

1930 5508 2253 5578 Dignissima
2277 5517 2404 5562 sunt
2424 5509 2897 5564 animadversione
2925 5509 3071 5562 Petri
3101 5507 3427 5562 Antiocheni

1860 5603 2002 5658 dicta
2040 5604 2092 5656 in
2121 5619 2216 5656 sua
2256 5606 2655 5673 Responsione,
2687 5620 2804 5673 qua:
2839 5605 2981 5672 apud
3016 5605 3293 5657 laudatum
3325 5603 3430 5657 Co-

1861 5698 2106 5751 telerium
2155 5708 2360 5766 prostat
2398 5699 2582 5751 Graece
2627 5707 2676 5751 ct
2725 5697 2912 5750 Latine
2945 5714 2959 5750 :
3016 5716 3033 5746 ι
3068 5696 3261 5750 Malum
3298 5711 3428 5746 vero

1860 5788 2180 5855 (inquieutis
2233 5803 2384 5840 num.
2449 5789 2560 5847 ll),
2596 5798 2648 5841 ct
2703 5790 2968 5840 malorum
3027 5790 3319 5854 pessimum
3343 5795 3427 5838 est

1861 5876 2093 5945 aliectio
2111 5877 2175 5929 ad
2196 5875 2508 5947 Symbolum
2538 5879 2650 5931 haec
2672 5897 2682 5932 ;
2706 5877 2769 5928 ει
2805 5880 2854 5928 in
2882 5876 3139 5942 Spiritum
3157 5885 3419 5940 sanctum,

2899 5973 2928 6040 ἶ
