  <div class='ocr_page' id='page_1' title='image "/cluster/home/n/w/nwhite01/storage/ocr_20150623/142/nnc1.0046980024/109.png"; bbox 0 0 4216 6438; ppageno 0'>
   <div class='ocr_carea' id='block_1_1' title="bbox 795 434 902 499">
    <p class='ocr_par' dir='ltr' id='par_1_1' title="bbox 795 434 902 499">
     <span class='ocr_line' id='line_1_1' title="bbox 795 434 902 499; baseline -0.037 -2"><span class='ocrx_word' id='word_1_1' title='bbox 795 434 902 499; x_wconf 74' lang='lat'><strong>203</strong></span> 
     </span>
    </p>
   </div>
   <div class='ocr_carea' id='block_1_2' title="bbox 1747 426 3088 489">
    <p class='ocr_par' dir='ltr' id='par_1_2' title="bbox 1747 426 3088 489">
     <span class='ocr_line' id='line_1_2' title="bbox 1747 426 3088 489; baseline 0.001 -4"><span class='ocrx_word' id='word_1_2' title='bbox 1747 427 2063 486; x_wconf 69' lang='lat' dir='ltr'><strong>GEORGII</strong></span> <span class='ocrx_word' id='word_1_3' title='bbox 2112 427 2369 487; x_wconf 84' lang='lat' dir='ltr'><strong>CYPRII</strong></span> <span class='ocrx_word' id='word_1_4' title='bbox 2411 429 2518 488; x_wconf 69' lang='grc' dir='ltr'><strong>(ΖΡ.</strong></span> <span class='ocrx_word' id='word_1_5' title='bbox 2570 426 3088 489; x_wconf 66' lang='grc' dir='ltr'><strong>ΡΛἸἬῘᾹΒΕΙΙίΕ</strong></span> 
     </span>
    </p>
   </div>
   <div class='ocr_carea' id='block_1_3' title="bbox 3948 422 4041 487">
    <p class='ocr_par' dir='ltr' id='par_1_3' title="bbox 3948 422 4041 487">
     <span class='ocr_line' id='line_1_3' title="bbox 3948 422 4041 487; baseline -0.022 -1"><span class='ocrx_word' id='word_1_6' title='bbox 3948 422 4041 487; x_wconf 66' lang='grc'><strong>204</strong></span> 
     </span>
    </p>
   </div>
   <div class='ocr_carea' id='block_1_4' title="bbox 800 537 4038 611">
    <p class='ocr_par' dir='ltr' id='par_1_4' title="bbox 800 537 4038 611">
     <span class='ocr_line' id='line_1_4' title="bbox 800 537 4038 611; baseline -0.004 -8"><span class='ocrx_word' id='word_1_7' title='bbox 800 548 1102 609; x_wconf 86' lang='lat' dir='ltr'><strong>Dominum,</strong></span> <span class='ocrx_word' id='word_1_8' title='bbox 1144 551 1192 596; x_wconf 88' lang='lat' dir='ltr'><strong>et</strong></span> <span class='ocrx_word' id='word_1_9' title='bbox 1245 543 1626 611; x_wconf 76' lang='lat' dir='ltr'><strong>viviﬁcantem,</strong></span> <span class='ocrx_word' id='word_1_10' title='bbox 1681 542 1770 609; x_wconf 86' lang='lat' dir='ltr'><strong>qui</strong></span> <span class='ocrx_word' id='word_1_11' title='bbox 1819 557 1881 594; x_wconf 80' lang='lat' dir='ltr'><strong>ex</strong></span> <span class='ocrx_word' id='word_1_12' title='bbox 1934 539 2092 594; x_wconf 81' lang='lat' dir='ltr'><strong>Patre</strong></span> <span class='ocrx_word' id='word_1_13' title='bbox 2132 538 2372 609; x_wconf 75' lang='lat' dir='ltr'><strong>Filioque</strong></span> <span class='ocrx_word' id='word_1_14' title='bbox 2403 552 2441 605; x_wconf 76' lang='grc' dir='ltr'>Α</span> <span class='ocrx_word' id='word_1_15' title='bbox 2476 541 2811 595; x_wconf 82' lang='lat' dir='ltr'><strong>fueritvocis</strong></span> <span class='ocrx_word' id='word_1_16' title='bbox 2836 541 3080 610; x_wconf 81' lang='lat' dir='ltr'><strong>Filioque</strong></span> <span class='ocrx_word' id='word_1_17' title='bbox 3102 540 3565 593; x_wconf 71' lang='lat' dir='ltr'><strong>additamentum?</strong></span> <span class='ocrx_word' id='word_1_18' title='bbox 3592 537 4038 593; x_wconf 82' lang='lat' dir='ltr'><strong>Verisimillimum</strong></span> 
     </span>
    </p>
   </div>
   <div class='ocr_carea' id='block_1_5' title="bbox 797 635 2368 709">
    <p class='ocr_par' dir='ltr' id='par_1_5' title="bbox 797 635 2368 709">
     <span class='ocr_line' id='line_1_5' title="bbox 797 635 2368 709; baseline -0.006 -15"><span class='ocrx_word' id='word_1_19' title='bbox 797 641 1027 709; x_wconf 76' lang='lat' dir='ltr'><strong>procedit</strong></span> <span class='ocrx_word' id='word_1_20' title='bbox 1064 641 1237 709; x_wconf 92' lang='lat' dir='ltr'><strong>(num.</strong></span> <span class='ocrx_word' id='word_1_21' title='bbox 1264 639 1378 701; x_wconf 69' lang='lat'><strong>29.).</strong></span> <span class='ocrx_word' id='word_1_22' title='bbox 1406 648 1463 690; x_wconf 92' lang='lat' dir='ltr'><strong>ut</strong></span> <span class='ocrx_word' id='word_1_23' title='bbox 1485 635 1735 704; x_wconf 84' lang='lat' dir='ltr'><strong>equidem</strong></span> <span class='ocrx_word' id='word_1_24' title='bbox 1761 646 2217 701; x_wconf 85' lang='lat' dir='ltr'><strong>meampromam</strong></span> <span class='ocrx_word' id='word_1_25' title='bbox 2246 646 2368 685; x_wconf 88' lang='lat' dir='ltr'><strong>sen-</strong></span> 
     </span>
    </p>
   </div>
   <div class='ocr_carea' id='block_1_6' title="bbox 796 724 2365 799">
    <p class='ocr_par' dir='ltr' id='par_1_6' title="bbox 796 724 2365 799">
     <span class='ocr_line' id='line_1_6' title="bbox 796 724 2365 799; baseline -0.007 -12"><span class='ocrx_word' id='word_1_26' title='bbox 796 737 1018 787; x_wconf 65' lang='lat' dir='ltr'><strong>tentiam</strong></span> <span class='ocrx_word' id='word_1_27' title='bbox 1054 752 1067 797; x_wconf 83' lang='lat'><strong>;</strong></span> <span class='ocrx_word' id='word_1_28' title='bbox 1105 734 1146 786; x_wconf 82' lang='lat' dir='ltr'><strong>si</strong></span> <span class='ocrx_word' id='word_1_29' title='bbox 1185 732 1235 784; x_wconf 88' lang='lat' dir='ltr'><strong>itt</strong></span> <span class='ocrx_word' id='word_1_30' title='bbox 1265 731 1531 783; x_wconf 86' lang='lat' dir='ltr'><strong>additione</strong></span> <span class='ocrx_word' id='word_1_31' title='bbox 1562 726 1797 799; x_wconf 79' lang='lat' dir='ltr'><strong>Symboli</strong></span> <span class='ocrx_word' id='word_1_32' title='bbox 1833 728 2189 795; x_wconf 69' lang='lat' dir='ltr'><strong>corrigantur,</strong></span> <span class='ocrx_word' id='word_1_33' title='bbox 2231 724 2365 779; x_wconf 81' lang='lat' dir='ltr'><strong><em>nihil</em></strong></span> 
     </span>
    </p>
   </div>
   <div class='ocr_carea' id='block_1_7' title="bbox 796 816 2365 893">
    <p class='ocr_par' dir='ltr' id='par_1_7' title="bbox 796 816 2365 893">
     <span class='ocr_line' id='line_1_7' title="bbox 796 816 2365 893; baseline -0.003 -19"><span class='ocrx_word' id='word_1_34' title='bbox 796 838 1056 893; x_wconf 68' lang='lat' dir='ltr'><strong>praeterea</strong></span> <span class='ocrx_word' id='word_1_35' title='bbox 1095 822 1501 890; x_wconf 59' lang='lat' dir='ltr'><strong>postulaverint].</strong></span> <span class='ocrx_word' id='word_1_36' title='bbox 1526 839 1543 870; x_wconf 77' lang='grc' dir='ltr'><strong><em>ι</em></strong></span> <span class='ocrx_word' id='word_1_37' title='bbox 1577 820 1701 872; x_wconf 71' lang='lat' dir='ltr'><strong>Haec</strong></span> <span class='ocrx_word' id='word_1_38' title='bbox 1741 818 1982 874; x_wconf 81' lang='lat' dir='ltr'><strong>Joannes</strong></span> <span class='ocrx_word' id='word_1_39' title='bbox 2027 816 2233 870; x_wconf 81' lang='lat' dir='ltr'><strong>Beceus</strong></span> <span class='ocrx_word' id='word_1_40' title='bbox 2269 831 2365 884; x_wconf 90' lang='lat' dir='ltr'><strong>pro</strong></span> 
     </span>
    </p>
   </div>
   <div class='ocr_carea' id='block_1_8' title="bbox 799 906 2367 981">
    <p class='ocr_par' dir='ltr' id='par_1_8' title="bbox 799 906 2367 981">
     <span class='ocr_line' id='line_1_8' title="bbox 799 906 2367 981; baseline -0.006 -11"><span class='ocrx_word' id='word_1_41' title='bbox 799 918 961 971; x_wconf 81' lang='lat' dir='ltr'><strong>animi</strong></span> <span class='ocrx_word' id='word_1_42' title='bbox 998 915 1082 968; x_wconf 89' lang='lat' dir='ltr'><strong>sui</strong></span> <span class='ocrx_word' id='word_1_43' title='bbox 1116 914 1356 968; x_wconf 83' lang='lat' dir='ltr'><strong>candore</strong></span> <span class='ocrx_word' id='word_1_44' title='bbox 1406 913 1753 981; x_wconf 76' lang='lat' dir='ltr'><strong>expendens.</strong></span> <span class='ocrx_word' id='word_1_45' title='bbox 1791 909 2037 964; x_wconf 86' lang='lat' dir='ltr'><strong>oratione</strong></span> <span class='ocrx_word' id='word_1_46' title='bbox 2074 907 2129 969; x_wconf 75' lang='lat'><strong>2,</strong></span> <span class='ocrx_word' id='word_1_47' title='bbox 2186 906 2254 961; x_wconf 88' lang='lat' dir='ltr'><strong>de</strong></span> <span class='ocrx_word' id='word_1_48' title='bbox 2287 908 2367 960; x_wconf 83' lang='lat' dir='ltr'><strong>in-</strong></span> 
     </span>
    </p>
   </div>
   <div class='ocr_carea' id='block_1_9' title="bbox 792 997 2363 1071">
    <p class='ocr_par' dir='ltr' id='par_1_9' title="bbox 792 997 2363 1071">
     <span class='ocr_line' id='line_1_9' title="bbox 792 997 2363 1071; baseline -0.003 -16"><span class='ocrx_word' id='word_1_49' title='bbox 792 1009 935 1070; x_wconf 79' lang='lat' dir='ltr'><strong>justa</strong></span> <span class='ocrx_word' id='word_1_50' title='bbox 972 1006 1054 1058; x_wconf 89' lang='lat' dir='ltr'><strong><em>sui</em></strong></span> <span class='ocrx_word' id='word_1_51' title='bbox 1084 1004 1446 1071; x_wconf 83' lang='lat' dir='ltr'><strong>depositione,</strong></span> <span class='ocrx_word' id='word_1_52' title='bbox 1481 1015 1631 1054; x_wconf 89' lang='lat' dir='ltr'><strong>num.</strong></span> <span class='ocrx_word' id='word_1_53' title='bbox 1662 1002 1724 1053; x_wconf 72' lang='grc' dir='ltr'><strong>ιε</strong></span> <span class='ocrx_word' id='word_1_54' title='bbox 1756 1018 1774 1051; x_wconf 74' lang='grc' dir='ltr'>ί</span> <span class='ocrx_word' id='word_1_55' title='bbox 1798 1000 2022 1052; x_wconf 81' lang='lat' dir='ltr'><strong>Attente</strong></span> <span class='ocrx_word' id='word_1_56' title='bbox 2051 997 2363 1061; x_wconf 85' lang='lat' dir='ltr'><strong>considera,</strong></span> 
     </span>
    </p>
   </div>
   <div class='ocr_carea' id='block_1_10' title="bbox 794 1086 2360 1161">
    <p class='ocr_par' dir='ltr' id='par_1_10' title="bbox 794 1086 2360 1161">
     <span class='ocr_line' id='line_1_10' title="bbox 794 1086 2360 1161; baseline -0.001 -19"><span class='ocrx_word' id='word_1_57' title='bbox 794 1094 995 1161; x_wconf 87' lang='lat' dir='ltr'><strong>inquit,</strong></span> <span class='ocrx_word' id='word_1_58' title='bbox 1040 1094 1338 1151; x_wconf 74' lang='lat' dir='ltr'><strong>dictionem,</strong></span> <span class='ocrx_word' id='word_1_59' title='bbox 1375 1090 1467 1159; x_wconf 91' lang='lat' dir='ltr'><strong>qui</strong></span> <span class='ocrx_word' id='word_1_60' title='bbox 1515 1090 1628 1142; x_wconf 69' lang='lat' dir='ltr'><strong>haec</strong></span> <span class='ocrx_word' id='word_1_61' title='bbox 1655 1103 1811 1156; x_wconf 66' lang='lat' dir='ltr'><strong>aequo</strong></span> <span class='ocrx_word' id='word_1_62' title='bbox 1842 1088 2027 1142; x_wconf 86' lang='lat' dir='ltr'><strong>animo</strong></span> <span class='ocrx_word' id='word_1_63' title='bbox 2054 1086 2360 1156; x_wconf 76' lang='lat' dir='ltr'><strong>dijudicas:</strong></span> 
     </span>
    </p>
   </div>
   <div class='ocr_carea' id='block_1_11' title="bbox 792 1176 2361 1248">
    <p class='ocr_par' dir='ltr' id='par_1_11' title="bbox 792 1176 2361 1248">
     <span class='ocr_line' id='line_1_11' title="bbox 792 1176 2361 1248; baseline -0.004 -16"><span class='ocrx_word' id='word_1_64' title='bbox 792 1182 836 1233; x_wconf 80' lang='lat' dir='ltr'><strong>si</strong></span> <span class='ocrx_word' id='word_1_65' title='bbox 872 1182 925 1232; x_wconf 86' lang='lat' dir='ltr'><strong>in</strong></span> <span class='ocrx_word' id='word_1_66' title='bbox 960 1190 1141 1231; x_wconf 83' lang='lat' dir='ltr'><strong>sancto</strong></span> <span class='ocrx_word' id='word_1_67' title='bbox 1177 1178 1419 1248; x_wconf 81' lang='lat' dir='ltr'><strong>Symbolo</strong></span> <span class='ocrx_word' id='word_1_68' title='bbox 1451 1179 1647 1246; x_wconf 78' lang='lat' dir='ltr'><strong>factum</strong></span> <span class='ocrx_word' id='word_1_69' title='bbox 1678 1176 1995 1229; x_wconf 85' lang='lat' dir='ltr'><strong>additionem</strong></span> <span class='ocrx_word' id='word_1_70' title='bbox 2020 1178 2361 1228; x_wconf 72' lang='lat' dir='ltr'><strong>correxerint.</strong></span> 
     </span>
    </p>
   </div>
   <div class='ocr_carea' id='block_1_12' title="bbox 792 1267 2365 1336">
    <p class='ocr_par' dir='ltr' id='par_1_12' title="bbox 792 1267 2365 1336">
     <span class='ocr_line' id='line_1_12' title="bbox 792 1267 2365 1336; baseline -0.003 -13"><span class='ocrx_word' id='word_1_71' title='bbox 792 1272 906 1323; x_wconf 76' lang='lat' dir='ltr'><strong>Non</strong></span> <span class='ocrx_word' id='word_1_72' title='bbox 930 1286 1078 1333; x_wconf 84' lang='lat' dir='ltr'><strong>vero,</strong></span> <span class='ocrx_word' id='word_1_73' title='bbox 1120 1270 1347 1325; x_wconf 76' lang='lat' dir='ltr'><strong>siiude</strong></span> <span class='ocrx_word' id='word_1_74' title='bbox 1397 1270 1730 1336; x_wconf 79' lang='lat' dir='ltr'><strong>impietatem</strong></span> <span class='ocrx_word' id='word_1_75' title='bbox 1772 1267 2232 1329; x_wconf 83' lang='lat' dir='ltr'><strong>oblitteraverint,</strong></span> <span class='ocrx_word' id='word_1_76' title='bbox 2270 1277 2365 1320; x_wconf 84' lang='lat' dir='ltr'><strong>aut</strong></span> 
     </span>
    </p>
   </div>
   <div class='ocr_carea' id='block_1_13' title="bbox 792 1358 2366 1429">
    <p class='ocr_par' dir='ltr' id='par_1_13' title="bbox 792 1358 2366 1429">
     <span class='ocr_line' id='line_1_13' title="bbox 792 1358 2366 1429; baseline -0.001 -16"><span class='ocrx_word' id='word_1_77' title='bbox 792 1364 915 1416; x_wconf 82' lang='lat' dir='ltr'><strong>inte</strong></span> <span class='ocrx_word' id='word_1_78' title='bbox 951 1363 1215 1416; x_wconf 75' lang='lat' dir='ltr'><strong>adversus</strong></span> <span class='ocrx_word' id='word_1_79' title='bbox 1240 1363 1408 1415; x_wconf 88' lang='lat' dir='ltr'><strong>Deum</strong></span> <span class='ocrx_word' id='word_1_80' title='bbox 1441 1360 1833 1429; x_wconf 84' lang='lat' dir='ltr'><strong>blasphemiam</strong></span> <span class='ocrx_word' id='word_1_81' title='bbox 1865 1358 2146 1427; x_wconf 71' lang='lat' dir='ltr'><strong>eiecerint.</strong></span> <span class='ocrx_word' id='word_1_82' title='bbox 2175 1377 2192 1408; x_wconf 75' lang='grc' dir='ltr'>ι</span> <span class='ocrx_word' id='word_1_83' title='bbox 2224 1358 2366 1411; x_wconf 87' lang='lat' dir='ltr'><strong>Inta-</strong></span> 
     </span>
    </p>
   </div>
   <div class='ocr_carea' id='block_1_14' title="bbox 792 1451 2365 1523">
    <p class='ocr_par' dir='ltr' id='par_1_14' title="bbox 792 1451 2365 1523">
     <span class='ocr_line' id='line_1_14' title="bbox 792 1451 2365 1523; baseline -0.004 -16"><span class='ocrx_word' id='word_1_84' title='bbox 792 1468 931 1507; x_wconf 83' lang='lat' dir='ltr'><strong>t-tatn</strong></span> <span class='ocrx_word' id='word_1_85' title='bbox 968 1471 1099 1523; x_wconf 80' lang='lat' dir='ltr'><strong>ergo</strong></span> <span class='ocrx_word' id='word_1_86' title='bbox 1155 1453 1530 1507; x_wconf 82' lang='lat' dir='ltr'><strong>Antiochenus</strong></span> <span class='ocrx_word' id='word_1_87' title='bbox 1564 1452 1909 1520; x_wconf 83' lang='lat' dir='ltr'><strong>relinquebat</strong></span> <span class='ocrx_word' id='word_1_88' title='bbox 1940 1454 2003 1503; x_wconf 89' lang='lat' dir='ltr'><strong>de</strong></span> <span class='ocrx_word' id='word_1_89' title='bbox 2037 1451 2365 1517; x_wconf 85' lang='lat' dir='ltr'><strong>processione</strong></span> 
     </span>
    </p>
   </div>
   <div class='ocr_carea' id='block_1_15' title="bbox 792 1542 2363 1609">
    <p class='ocr_par' dir='ltr' id='par_1_15' title="bbox 792 1542 2363 1609">
     <span class='ocr_line' id='line_1_15' title="bbox 792 1542 2363 1609; baseline -0.003 -11"><span class='ocrx_word' id='word_1_90' title='bbox 792 1565 822 1599; x_wconf 86' lang='lat' dir='ltr'><strong><em>tl</em></strong></span> <span class='ocrx_word' id='word_1_91' title='bbox 859 1544 994 1598; x_wconf 76' lang='lat' dir='ltr'><strong>Filio</strong></span> <span class='ocrx_word' id='word_1_92' title='bbox 1021 1545 1347 1597; x_wconf 75' lang='lat' dir='ltr'><strong>doctrinam.</strong></span> <span class='ocrx_word' id='word_1_93' title='bbox 1382 1545 1449 1597; x_wconf 85' lang='lat' dir='ltr'><strong>At</strong></span> <span class='ocrx_word' id='word_1_94' title='bbox 1481 1543 1677 1595; x_wconf 87' lang='lat' dir='ltr'><strong>malum</strong></span> <span class='ocrx_word' id='word_1_95' title='bbox 1714 1550 1763 1594; x_wconf 85' lang='lat' dir='ltr'><strong>et</strong></span> <span class='ocrx_word' id='word_1_96' title='bbox 1791 1542 2051 1593; x_wconf 85' lang='lat' dir='ltr'><strong>malorum</strong></span> <span class='ocrx_word' id='word_1_97' title='bbox 2082 1542 2363 1609; x_wconf 83' lang='lat' dir='ltr'><strong>pessimum</strong></span> 
     </span>
    </p>
   </div>
   <div class='ocr_carea' id='block_1_16' title="bbox 792 1632 2363 1705">
    <p class='ocr_par' dir='ltr' id='par_1_16' title="bbox 792 1632 2363 1705">
     <span class='ocr_line' id='line_1_16' title="bbox 792 1632 2363 1705; baseline -0.003 -17"><span class='ocrx_word' id='word_1_98' title='bbox 792 1638 1012 1704; x_wconf 80' lang='lat' dir='ltr'><strong><em>(inquis</em></strong></span> <span class='ocrx_word' id='word_1_99' title='bbox 1038 1638 1077 1703; x_wconf 93' lang='lat'><strong>),</strong></span> <span class='ocrx_word' id='word_1_100' title='bbox 1124 1636 1295 1705; x_wconf 70' lang='lat' dir='ltr'><strong>ipsam</strong></span> <span class='ocrx_word' id='word_1_101' title='bbox 1352 1643 1507 1687; x_wconf 85' lang='lat' dir='ltr'><strong>vocat</strong></span> <span class='ocrx_word' id='word_1_102' title='bbox 1535 1634 1883 1701; x_wconf 82' lang='lat' dir='ltr'><strong>adjectionem</strong></span> <span class='ocrx_word' id='word_1_103' title='bbox 1931 1634 1998 1685; x_wconf 88' lang='lat' dir='ltr'><strong>ad</strong></span> <span class='ocrx_word' id='word_1_104' title='bbox 2034 1632 2363 1701; x_wconf 84' lang='lat' dir='ltr'><strong>Symbolum.</strong></span> 
     </span>
    </p>
   </div>
   <div class='ocr_carea' id='block_1_17' title="bbox 790 1725 2362 1795">
    <p class='ocr_par' dir='ltr' id='par_1_17' title="bbox 790 1725 2362 1795">
     <span class='ocr_line' id='line_1_17' title="bbox 790 1725 2362 1795; baseline -0.004 -14"><span class='ocrx_word' id='word_1_105' title='bbox 790 1729 1023 1782; x_wconf 81' lang='lat' dir='ltr'><strong>Beccum</strong></span> <span class='ocrx_word' id='word_1_106' title='bbox 1054 1728 1243 1780; x_wconf 86' lang='lat' dir='ltr'><strong>audire</strong></span> <span class='ocrx_word' id='word_1_107' title='bbox 1296 1736 1516 1795; x_wconf 59' lang='lat' dir='ltr'><strong>prccstat</strong></span> <span class='ocrx_word' id='word_1_108' title='bbox 1564 1726 1764 1778; x_wconf 84' lang='lat' dir='ltr'><strong>ibidem</strong></span> <span class='ocrx_word' id='word_1_109' title='bbox 1794 1741 1807 1777; x_wconf 88' lang='lat'><strong>:</strong></span> <span class='ocrx_word' id='word_1_110' title='bbox 1842 1743 1859 1775; x_wconf 72' lang='grc' dir='ltr'>ι</span> <span class='ocrx_word' id='word_1_111' title='bbox 1906 1725 2017 1792; x_wconf 83' lang='lat' dir='ltr'><strong>Ego</strong></span> <span class='ocrx_word' id='word_1_112' title='bbox 2053 1725 2207 1792; x_wconf 75' lang='lat' dir='ltr'><strong>plane</strong></span> <span class='ocrx_word' id='word_1_113' title='bbox 2239 1739 2362 1777; x_wconf 88' lang='lat' dir='ltr'><strong>eum</strong></span> 
     </span>
    </p>
   </div>
   <div class='ocr_carea' id='block_1_18' title="bbox 791 1817 2364 1890">
    <p class='ocr_par' dir='ltr' id='par_1_18' title="bbox 791 1817 2364 1890">
     <span class='ocr_line' id='line_1_18' title="bbox 791 1817 2364 1890; baseline -0.005 -16"><span class='ocrx_word' id='word_1_114' title='bbox 791 1822 1031 1890; x_wconf 82' lang='lat' dir='ltr'><strong>(Petrum</strong></span> <span class='ocrx_word' id='word_1_115' title='bbox 1063 1820 1513 1882; x_wconf 74' lang='lat' dir='ltr'><strong>Antiochenam),</strong></span> <span class='ocrx_word' id='word_1_116' title='bbox 1534 1818 1675 1886; x_wconf 92' lang='lat' dir='ltr'><strong>quod</strong></span> <span class='ocrx_word' id='word_1_117' title='bbox 1708 1818 1981 1870; x_wconf 81' lang='lat' dir='ltr'><strong>videbatur</strong></span> <span class='ocrx_word' id='word_1_118' title='bbox 2014 1818 2067 1868; x_wconf 87' lang='lat' dir='ltr'><strong>in</strong></span> <span class='ocrx_word' id='word_1_119' title='bbox 2096 1817 2364 1868; x_wconf 87' lang='lat' dir='ltr'><strong>additione</strong></span> 
     </span>
    </p>
   </div>
   <div class='ocr_carea' id='block_1_19' title="bbox 792 1887 3702 1976">
    <p class='ocr_par' dir='ltr' id='par_1_19' title="bbox 792 1887 3702 1976">
     <span class='ocr_line' id='line_1_19' title="bbox 792 1887 3702 1976; baseline -0.002 -13"><span class='ocrx_word' id='word_1_120' title='bbox 792 1912 1055 1971; x_wconf 73' lang='lat' dir='ltr'><strong>delictum,</strong></span> <span class='ocrx_word' id='word_1_121' title='bbox 1094 1910 1239 1963; x_wconf 79' lang='lat' dir='ltr'><strong>[acili</strong></span> <span class='ocrx_word' id='word_1_122' title='bbox 1281 1910 1500 1976; x_wconf 79' lang='lat' dir='ltr'><strong>negotio</strong></span> <span class='ocrx_word' id='word_1_123' title='bbox 1561 1908 1936 1975; x_wconf 74' lang='lat' dir='ltr'><strong>neglecturum</strong></span> <span class='ocrx_word' id='word_1_124' title='bbox 1972 1906 2269 1959; x_wconf 79' lang='lat' dir='ltr'><strong>existimo:</strong></span> <span class='ocrx_word' id='word_1_125' title='bbox 2313 1906 2358 1959; x_wconf 89' lang='lat' dir='ltr'><strong>si</strong></span> <span class='ocrx_word' id='word_1_126' title='bbox 2394 1887 2436 1943; x_wconf 73' lang='grc' dir='ltr'><strong>Β</strong></span> <span class='ocrx_word' id='word_1_127' title='bbox 2466 1902 2570 1954; x_wconf 76' lang='lat' dir='ltr'><strong>illis</strong></span> <span class='ocrx_word' id='word_1_128' title='bbox 2618 1902 3003 1955; x_wconf 73' lang='lat' dir='ltr'><strong>intemeratum</strong></span> <span class='ocrx_word' id='word_1_129' title='bbox 3046 1904 3351 1957; x_wconf 72' lang='lat' dir='ltr'><strong>custodiret</strong></span> <span class='ocrx_word' id='word_1_130' title='bbox 3414 1903 3653 1956; x_wconf 77' lang='lat' dir='ltr'><strong>Romana</strong></span> <span class='ocrx_word' id='word_1_131' title='bbox 3691 1925 3702 1956; x_wconf 88' lang='lat'><strong>:</strong></span> 
     </span>
    </p>
   </div>
   <div class='ocr_carea' id='block_1_20' title="bbox 791 1995 2364 2070">
    <p class='ocr_par' dir='ltr' id='par_1_20' title="bbox 791 1995 2364 2070">
     <span class='ocr_line' id='line_1_20' title="bbox 791 1995 2364 2070; baseline -0.004 -16"><span class='ocrx_word' id='word_1_132' title='bbox 791 2004 874 2056; x_wconf 67' lang='lat' dir='ltr'><strong>vel</strong></span> <span class='ocrx_word' id='word_1_133' title='bbox 918 2001 1176 2070; x_wconf 87' lang='lat' dir='ltr'><strong>pusillum</strong></span> <span class='ocrx_word' id='word_1_134' title='bbox 1230 2000 1377 2067; x_wconf 80' lang='lat' dir='ltr'><strong>pacis</strong></span> <span class='ocrx_word' id='word_1_135' title='bbox 1424 1999 1678 2067; x_wconf 82' lang='lat' dir='ltr'><strong>spiritum</strong></span> <span class='ocrx_word' id='word_1_136' title='bbox 1738 1999 1793 2051; x_wconf 87' lang='lat' dir='ltr'><strong>in</strong></span> <span class='ocrx_word' id='word_1_137' title='bbox 1843 2012 1908 2051; x_wconf 90' lang='lat' dir='ltr'><strong>eo</strong></span> <span class='ocrx_word' id='word_1_138' title='bbox 1940 1997 2221 2064; x_wconf 82' lang='lat' dir='ltr'><strong>(Micltaele</strong></span> <span class='ocrx_word' id='word_1_139' title='bbox 2262 1995 2364 2050; x_wconf 86' lang='lat' dir='ltr'><strong>Ce-</strong></span> 
     </span>
    </p>
   </div>
   <div class='ocr_carea' id='block_1_21' title="bbox 794 2088 2369 2159">
    <p class='ocr_par' dir='ltr' id='par_1_21' title="bbox 794 2088 2369 2159">
     <span class='ocr_line' id='line_1_21' title="bbox 794 2088 2369 2159; baseline -0.004 -15"><span class='ocrx_word' id='word_1_140' title='bbox 794 2093 1044 2159; x_wconf 87' lang='lat' dir='ltr'><strong>rulario),</strong></span> <span class='ocrx_word' id='word_1_141' title='bbox 1094 2090 1160 2143; x_wconf 89' lang='lat' dir='ltr'><strong>ad</strong></span> <span class='ocrx_word' id='word_1_142' title='bbox 1210 2106 1372 2157; x_wconf 92' lang='lat' dir='ltr'><strong>quctu</strong></span> <span class='ocrx_word' id='word_1_143' title='bbox 1426 2090 1637 2142; x_wconf 83' lang='lat' dir='ltr'><strong>litteras</strong></span> <span class='ocrx_word' id='word_1_144' title='bbox 1692 2088 1878 2151; x_wconf 88' lang='lat' dir='ltr'><strong>dabat,</strong></span> <span class='ocrx_word' id='word_1_145' title='bbox 1926 2088 2195 2141; x_wconf 83' lang='lat' dir='ltr'><strong>contineri</strong></span> <span class='ocrx_word' id='word_1_146' title='bbox 2244 2101 2369 2156; x_wconf 88' lang='lat' dir='ltr'><strong>pro-</strong></span> 
     </span>
    </p>
   </div>
   <div class='ocr_carea' id='block_1_22' title="bbox 793 2176 2367 2248">
    <p class='ocr_par' dir='ltr' id='par_1_22' title="bbox 793 2176 2367 2248">
     <span class='ocr_line' id='line_1_22' title="bbox 793 2176 2367 2248; baseline -0.003 -15"><span class='ocrx_word' id='word_1_147' title='bbox 793 2180 1080 2248; x_wconf 66' lang='lat' dir='ltr'><strong>spexisset;</strong></span> <span class='ocrx_word' id='word_1_148' title='bbox 1121 2178 1287 2246; x_wconf 88' lang='lat' dir='ltr'><strong>quue</strong></span> <span class='ocrx_word' id='word_1_149' title='bbox 1315 2178 1545 2243; x_wconf 58' lang='lat' dir='ltr'><strong>colligo,</strong></span> <span class='ocrx_word' id='word_1_150' title='bbox 1580 2192 1681 2230; x_wconf 85' lang='lat' dir='ltr'><strong>nec</strong></span> <span class='ocrx_word' id='word_1_151' title='bbox 1717 2179 1876 2240; x_wconf 59' lang='lat' dir='ltr'><strong>male,</strong></span> <span class='ocrx_word' id='word_1_152' title='bbox 1916 2191 1983 2229; x_wconf 79' lang='lat' dir='ltr'><strong>ex</strong></span> <span class='ocrx_word' id='word_1_153' title='bbox 2019 2176 2125 2229; x_wconf 84' lang='lat' dir='ltr'><strong><em>illis</em></strong></span> <span class='ocrx_word' id='word_1_154' title='bbox 2156 2191 2277 2243; x_wconf 73' lang='lat' dir='ltr'><strong>qua:</strong></span> <span class='ocrx_word' id='word_1_155' title='bbox 2312 2176 2367 2228; x_wconf 92' lang='lat' dir='ltr'><strong>in</strong></span> 
     </span>
    </p>
   </div>
   <div class='ocr_carea' id='block_1_23' title="bbox 793 2266 2367 2337">
    <p class='ocr_par' dir='ltr' id='par_1_23' title="bbox 793 2266 2367 2337">
     <span class='ocr_line' id='line_1_23' title="bbox 793 2266 2367 2337; baseline -0.001 -15"><span class='ocrx_word' id='word_1_156' title='bbox 793 2272 896 2323; x_wconf 84' lang='lat' dir='ltr'><strong>alia</strong></span> <span class='ocrx_word' id='word_1_157' title='bbox 934 2270 1183 2337; x_wconf 66' lang='lat' dir='ltr'><strong>Epistulae</strong></span> <span class='ocrx_word' id='word_1_158' title='bbox 1212 2272 1553 2337; x_wconf 68' lang='lat' dir='ltr'><strong>partelttum.</strong></span> <span class='ocrx_word' id='word_1_159' title='bbox 1592 2267 1677 2335; x_wconf 77' lang='grc' dir='ltr'><strong>Η)</strong></span> <span class='ocrx_word' id='word_1_160' title='bbox 1736 2268 1918 2321; x_wconf 78' lang='lat' dir='ltr'><strong>verbis</strong></span> <span class='ocrx_word' id='word_1_161' title='bbox 1952 2268 2099 2320; x_wconf 86' lang='lat' dir='ltr'><strong>hisce</strong></span> <span class='ocrx_word' id='word_1_162' title='bbox 2131 2266 2367 2335; x_wconf 76' lang='lat' dir='ltr'><strong>digerit:</strong></span> 
     </span>
    </p>
   </div>
   <div class='ocr_carea' id='block_1_24' title="bbox 792 2360 2367 2429">
    <p class='ocr_par' dir='ltr' id='par_1_24' title="bbox 792 2360 2367 2429">
     <span class='ocr_line' id='line_1_24' title="bbox 792 2360 2367 2429; baseline -0.005 -14"><span class='ocrx_word' id='word_1_163' title='bbox 792 2363 998 2415; x_wconf 83' lang='lat' dir='ltr'><strong>Bonum</strong></span> <span class='ocrx_word' id='word_1_164' title='bbox 1046 2363 1184 2415; x_wconf 84' lang='lat' dir='ltr'><strong>enim</strong></span> <span class='ocrx_word' id='word_1_165' title='bbox 1228 2371 1299 2413; x_wconf 84' lang='lat' dir='ltr'><strong>cst</strong></span> <span class='ocrx_word' id='word_1_166' title='bbox 1353 2377 1444 2414; x_wconf 87' lang='lat' dir='ltr'><strong>nos</strong></span> <span class='ocrx_word' id='word_1_167' title='bbox 1506 2360 1575 2414; x_wconf 88' lang='lat' dir='ltr'><strong>ad</strong></span> <span class='ocrx_word' id='word_1_168' title='bbox 1631 2361 1934 2429; x_wconf 64' lang='lat' dir='ltr'><strong>(equitatem</strong></span> <span class='ocrx_word' id='word_1_169' title='bbox 1980 2374 2282 2428; x_wconf 80' lang='lat' dir='ltr'><strong>propensos,</strong></span> <span class='ocrx_word' id='word_1_170' title='bbox 2318 2365 2367 2409; x_wconf 86' lang='lat' dir='ltr'><strong>et</strong></span> 
     </span>
    </p>
   </div>
   <div class='ocr_carea' id='block_1_25' title="bbox 794 2450 2368 2525">
    <p class='ocr_par' dir='ltr' id='par_1_25' title="bbox 794 2450 2368 2525">
     <span class='ocr_line' id='line_1_25' title="bbox 794 2450 2368 2525; baseline -0.004 -17"><span class='ocrx_word' id='word_1_171' title='bbox 794 2459 1120 2525; x_wconf 83' lang='lat' dir='ltr'><strong>potissimum</strong></span> <span class='ocrx_word' id='word_1_172' title='bbox 1162 2456 1248 2507; x_wconf 83' lang='lat' dir='ltr'><strong>ubi</strong></span> <span class='ocrx_word' id='word_1_173' title='bbox 1291 2470 1452 2522; x_wconf 83' lang='lat' dir='ltr'><strong>neque</strong></span> <span class='ocrx_word' id='word_1_174' title='bbox 1501 2451 1661 2515; x_wconf 81' lang='lat' dir='ltr'><strong>Deus,</strong></span> <span class='ocrx_word' id='word_1_175' title='bbox 1687 2470 1849 2520; x_wconf 84' lang='lat' dir='ltr'><strong>neque</strong></span> <span class='ocrx_word' id='word_1_176' title='bbox 1876 2451 2006 2518; x_wconf 81' lang='lat' dir='ltr'><strong>ﬁdes</strong></span> <span class='ocrx_word' id='word_1_177' title='bbox 2053 2453 2107 2504; x_wconf 88' lang='lat' dir='ltr'><strong>in</strong></span> <span class='ocrx_word' id='word_1_178' title='bbox 2138 2450 2368 2520; x_wconf 83' lang='lat' dir='ltr'><strong>periculo</strong></span> 
     </span>
    </p>
   </div>
   <div class='ocr_carea' id='block_1_26' title="bbox 795 2540 2369 2614">
    <p class='ocr_par' dir='ltr' id='par_1_26' title="bbox 795 2540 2369 2614">
     <span class='ocr_line' id='line_1_26' title="bbox 795 2540 2369 2614; baseline -0.004 -16"><span class='ocrx_word' id='word_1_179' title='bbox 795 2549 1014 2599; x_wconf 73' lang='lat' dir='ltr'><strong>vertitur</strong></span> <span class='ocrx_word' id='word_1_180' title='bbox 1033 2543 1361 2614; x_wconf 70' lang='lat' dir='ltr'><strong>(cuiusmodi</strong></span> <span class='ocrx_word' id='word_1_181' title='bbox 1388 2542 1529 2611; x_wconf 85' lang='lat' dir='ltr'><strong>apud</strong></span> <span class='ocrx_word' id='word_1_182' title='bbox 1565 2542 1966 2594; x_wconf 78' lang='lat' dir='ltr'><strong>Autiochenum</strong></span> <span class='ocrx_word' id='word_1_183' title='bbox 1995 2552 2110 2594; x_wconf 87' lang='lat' dir='ltr'><strong>erat</strong></span> <span class='ocrx_word' id='word_1_184' title='bbox 2130 2540 2369 2608; x_wconf 84' lang='lat' dir='ltr'><strong>Spiritus</strong></span> 
     </span>
    </p>
   </div>
   <div class='ocr_carea' id='block_1_27' title="bbox 795 2630 2365 2704">
    <p class='ocr_par' dir='ltr' id='par_1_27' title="bbox 795 2630 2365 2704">
     <span class='ocr_line' id='line_1_27' title="bbox 795 2630 2365 2704; baseline -0.005 -11"><span class='ocrx_word' id='word_1_185' title='bbox 795 2643 965 2693; x_wconf 84' lang='lat' dir='ltr'><strong>sancti</strong></span> <span class='ocrx_word' id='word_1_186' title='bbox 1023 2638 1301 2704; x_wconf 64' lang='lat' dir='ltr'><strong>processio</strong></span> <span class='ocrx_word' id='word_1_187' title='bbox 1332 2638 1495 2691; x_wconf 86' lang='lat' dir='ltr'><strong>etiam</strong></span> <span class='ocrx_word' id='word_1_188' title='bbox 1552 2635 1743 2689; x_wconf 70' lang='lat' dir='ltr'><strong>aFiléo</strong></span> <span class='ocrx_word' id='word_1_189' title='bbox 1778 2651 1803 2687; x_wconf 91' lang='lat' dir='ltr'><strong>a</strong></span> <span class='ocrx_word' id='word_1_190' title='bbox 1854 2632 2061 2687; x_wconf 77' lang='lat' dir='ltr'><strong>Latinis</strong></span> <span class='ocrx_word' id='word_1_191' title='bbox 2115 2630 2365 2700; x_wconf 81' lang='lat' dir='ltr'><strong>asserta).</strong></span> 
     </span>
    </p>
   </div>
   <div class='ocr_carea' id='block_1_28' title="bbox 793 2727 2257 2798">
    <p class='ocr_par' dir='ltr' id='par_1_28' title="bbox 793 2727 2257 2798">
     <span class='ocr_line' id='line_1_28' title="bbox 793 2727 2257 2798; baseline -0.006 -14"><span class='ocrx_word' id='word_1_192' title='bbox 793 2748 996 2795; x_wconf 81' lang='lat' dir='ltr'><strong>semper</strong></span> <span class='ocrx_word' id='word_1_193' title='bbox 1034 2733 1101 2783; x_wconf 89' lang='lat' dir='ltr'><strong>ad</strong></span> <span class='ocrx_word' id='word_1_194' title='bbox 1132 2747 1310 2798; x_wconf 81' lang='lat' dir='ltr'><strong>pacein</strong></span> <span class='ocrx_word' id='word_1_195' title='bbox 1364 2740 1412 2782; x_wconf 88' lang='lat' dir='ltr'><strong>et</strong></span> <span class='ocrx_word' id='word_1_196' title='bbox 1446 2730 1671 2797; x_wconf 78' lang='lat' dir='ltr'><strong>fratrum</strong></span> <span class='ocrx_word' id='word_1_197' title='bbox 1701 2743 1933 2779; x_wconf 88' lang='lat' dir='ltr'><strong>amorem</strong></span> <span class='ocrx_word' id='word_1_198' title='bbox 1959 2727 2257 2779; x_wconf 69' lang='lat' dir='ltr'><strong>inclinari.)</strong></span> 
     </span>
    </p>
   </div>
   <div class='ocr_carea' id='block_1_29' title="bbox 869 2817 2369 2889">
    <p class='ocr_par' dir='ltr' id='par_1_29' title="bbox 869 2817 2369 2889">
     <span class='ocr_line' id='line_1_29' title="bbox 869 2817 2369 2889; baseline -0.003 -14"><span class='ocrx_word' id='word_1_199' title='bbox 869 2822 953 2875; x_wconf 81' lang='lat' dir='ltr'><strong><em>lll.</em></strong></span> <span class='ocrx_word' id='word_1_200' title='bbox 994 2824 1171 2876; x_wconf 85' lang='lat' dir='ltr'><strong>llocce</strong></span> <span class='ocrx_word' id='word_1_201' title='bbox 1205 2821 1466 2889; x_wconf 89' lang='lat' dir='ltr'><strong>temporis</strong></span> <span class='ocrx_word' id='word_1_202' title='bbox 1513 2820 1820 2880; x_wconf 68' lang='lat' dir='ltr'><strong>intervallo,</strong></span> <span class='ocrx_word' id='word_1_203' title='bbox 1857 2818 2001 2885; x_wconf 89' lang='lat' dir='ltr'><strong>quod</strong></span> <span class='ocrx_word' id='word_1_204' title='bbox 2047 2832 2075 2870; x_wconf 91' lang='lat' dir='ltr'><strong>a</strong></span> <span class='ocrx_word' id='word_1_205' title='bbox 2110 2817 2369 2870; x_wconf 82' lang='lat' dir='ltr'><strong>Photiano</strong></span> 
     </span>
    </p>
   </div>
   <div class='ocr_carea' id='block_1_30' title="bbox 794 2910 2369 2970">
    <p class='ocr_par' dir='ltr' id='par_1_30' title="bbox 794 2910 2369 2970">
     <span class='ocr_line' id='line_1_30' title="bbox 794 2910 2369 2970; baseline -0.004 -1"><span class='ocrx_word' id='word_1_206' title='bbox 794 2920 1072 2970; x_wconf 72' lang='lat' dir='ltr'><strong>schismate</strong></span> <span class='ocrx_word' id='word_1_207' title='bbox 1100 2916 1341 2967; x_wconf 74' lang='lat' dir='ltr'><strong>excurrit</strong></span> <span class='ocrx_word' id='word_1_208' title='bbox 1366 2912 1429 2967; x_wconf 88' lang='lat' dir='ltr'><strong>ad</strong></span> <span class='ocrx_word' id='word_1_209' title='bbox 1465 2912 1784 2966; x_wconf 76' lang='lat' dir='ltr'><strong>Micltaelem</strong></span> <span class='ocrx_word' id='word_1_210' title='bbox 1825 2910 2166 2966; x_wconf 80' lang='lat' dir='ltr'><strong>Ccrularium</strong></span> <span class='ocrx_word' id='word_1_211' title='bbox 2223 2910 2369 2964; x_wconf 87' lang='lat' dir='ltr'><strong>schi-</strong></span> 
     </span>
    </p>
   </div>
   <div class='ocr_carea' id='block_1_31' title="bbox 796 3002 2373 3072">
    <p class='ocr_par' dir='ltr' id='par_1_31' title="bbox 796 3002 2373 3072">
     <span class='ocr_line' id='line_1_31' title="bbox 796 3002 2373 3072; baseline -0.004 -9"><span class='ocrx_word' id='word_1_212' title='bbox 796 3010 991 3063; x_wconf 83' lang='lat' dir='ltr'><strong>smatis</strong></span> <span class='ocrx_word' id='word_1_213' title='bbox 1032 3010 1495 3064; x_wconf 60' lang='lat' dir='ltr'><strong>instauratort‘m,</strong></span> <span class='ocrx_word' id='word_1_214' title='bbox 1569 3004 1775 3072; x_wconf 82' lang='lat' dir='ltr'><strong>epoclta</strong></span> <span class='ocrx_word' id='word_1_215' title='bbox 1832 3002 1990 3071; x_wconf 77' lang='grc'><strong>207</strong></span> <span class='ocrx_word' id='word_1_216' title='bbox 2055 3003 2373 3070; x_wconf 84' lang='lat' dir='ltr'><strong>diligentius</strong></span> 
     </span>
    </p>
   </div>
   <div class='ocr_carea' id='block_1_32' title="bbox 797 3094 2369 3169">
    <p class='ocr_par' dir='ltr' id='par_1_32' title="bbox 797 3094 2369 3169">
     <span class='ocr_line' id='line_1_32' title="bbox 797 3094 2369 3169; baseline -0.004 -16"><span class='ocrx_word' id='word_1_217' title='bbox 797 3099 1163 3169; x_wconf 83' lang='lat' dir='ltr'><strong>perquirentla</strong></span> <span class='ocrx_word' id='word_1_218' title='bbox 1218 3110 1300 3150; x_wconf 86' lang='lat' dir='ltr'><strong>est</strong></span> <span class='ocrx_word' id='word_1_219' title='bbox 1374 3095 1599 3151; x_wconf 82' lang='lat' dir='ltr'><strong>admissi</strong></span> <span class='ocrx_word' id='word_1_220' title='bbox 1659 3097 1971 3162; x_wconf 80' lang='lat' dir='ltr'><strong>receptique</strong></span> <span class='ocrx_word' id='word_1_221' title='bbox 2024 3095 2077 3146; x_wconf 91' lang='lat' dir='ltr'><strong>in</strong></span> <span class='ocrx_word' id='word_1_222' title='bbox 2129 3094 2369 3148; x_wconf 68' lang='lat' dir='ltr'><strong>Ecclesia</strong></span> 
     </span>
    </p>
   </div>
   <div class='ocr_carea' id='block_1_33' title="bbox 798 3184 2369 3255">
    <p class='ocr_par' dir='ltr' id='par_1_33' title="bbox 798 3184 2369 3255">
     <span class='ocr_line' id='line_1_33' title="bbox 798 3184 2369 3255; baseline -0.004 -10"><span class='ocrx_word' id='word_1_223' title='bbox 798 3194 1040 3246; x_wconf 81' lang='lat' dir='ltr'><strong>llontana</strong></span> <span class='ocrx_word' id='word_1_224' title='bbox 1096 3207 1213 3241; x_wconf 87' lang='lat' dir='ltr'><strong>cum</strong></span> <span class='ocrx_word' id='word_1_225' title='bbox 1275 3186 1679 3255; x_wconf 74' lang='lat' dir='ltr'><strong>interpolatione</strong></span> <span class='ocrx_word' id='word_1_226' title='bbox 1735 3184 2002 3254; x_wconf 72' lang='lat' dir='ltr'><strong>Symboli.</strong></span> <span class='ocrx_word' id='word_1_227' title='bbox 2063 3188 2139 3239; x_wconf 85' lang='lat' dir='ltr'><strong>Ac</strong></span> <span class='ocrx_word' id='word_1_228' title='bbox 2192 3186 2369 3253; x_wconf 89' lang='lat' dir='ltr'><strong>primo</strong></span> 
     </span>
    </p>
   </div>
   <div class='ocr_carea' id='block_1_34' title="bbox 797 3274 2367 3353">
    <p class='ocr_par' dir='ltr' id='par_1_34' title="bbox 797 3274 2367 3353">
     <span class='ocr_line' id='line_1_34' title="bbox 797 3274 2367 3353; baseline -0.005 -16"><span class='ocrx_word' id='word_1_229' title='bbox 797 3284 1116 3353; x_wconf 79' lang='lat' dir='ltr'><strong>Symbolum</strong></span> <span class='ocrx_word' id='word_1_230' title='bbox 1178 3278 1845 3347; x_wconf 81' lang='lat' dir='ltr'><strong>Constantinopolitanum</strong></span> <span class='ocrx_word' id='word_1_231' title='bbox 1896 3274 2130 3343; x_wconf 66' lang='lat' dir='ltr'><strong>erupisse</strong></span> <span class='ocrx_word' id='word_1_232' title='bbox 2182 3277 2367 3329; x_wconf 62' lang='lat' dir='ltr'><strong>Romae</strong></span> 
     </span>
    </p>
   </div>
   <div class='ocr_carea' id='block_1_35' title="bbox 798 3369 2365 3433">
    <p class='ocr_par' dir='ltr' id='par_1_35' title="bbox 798 3369 2365 3433">
     <span class='ocr_line' id='line_1_35' title="bbox 798 3369 2365 3433; baseline -0.004 -5"><span class='ocrx_word' id='word_1_233' title='bbox 798 3378 943 3429; x_wconf 87' lang='lat' dir='ltr'><strong>inter</strong></span> <span class='ocrx_word' id='word_1_234' title='bbox 1001 3374 1284 3427; x_wconf 72' lang='lat' dir='ltr'><strong>Missurum</strong></span> <span class='ocrx_word' id='word_1_235' title='bbox 1346 3372 1611 3424; x_wconf 81' lang='lat' dir='ltr'><strong>solemnia</strong></span> <span class='ocrx_word' id='word_1_236' title='bbox 1669 3369 1946 3423; x_wconf 77' lang='lat' dir='ltr'><strong>derantari</strong></span> <span class='ocrx_word' id='word_1_237' title='bbox 1999 3384 2143 3422; x_wconf 76' lang='lat' dir='ltr'><strong>anno</strong></span> <span class='ocrx_word' id='word_1_238' title='bbox 2205 3369 2365 3433; x_wconf 77' lang='lat' dir='ltr'><strong>10H,</strong></span> 
     </span>
    </p>
   </div>
   <div class='ocr_carea' id='block_1_36' title="bbox 796 3458 2370 3533">
    <p class='ocr_par' dir='ltr' id='par_1_36' title="bbox 796 3458 2370 3533">
     <span class='ocr_line' id='line_1_36' title="bbox 796 3458 2370 3533; baseline -0.006 -14"><span class='ocrx_word' id='word_1_239' title='bbox 796 3471 979 3519; x_wconf 71' lang='lat' dir='ltr'><strong>sedem</strong></span> <span class='ocrx_word' id='word_1_240' title='bbox 1024 3464 1373 3533; x_wconf 84' lang='lat' dir='ltr'><strong>apostolicam</strong></span> <span class='ocrx_word' id='word_1_241' title='bbox 1409 3471 1627 3514; x_wconf 84' lang='lat' dir='ltr'><strong>tenente</strong></span> <span class='ocrx_word' id='word_1_242' title='bbox 1686 3459 1976 3513; x_wconf 66' lang='lat' dir='ltr'><strong>Benedicto</strong></span> <span class='ocrx_word' id='word_1_243' title='bbox 2012 3458 2147 3520; x_wconf 82' lang='lat' dir='ltr'><strong><em>Vill,</em></strong></span> <span class='ocrx_word' id='word_1_244' title='bbox 2176 3474 2237 3512; x_wconf 91' lang='lat' dir='ltr'><strong>ac</strong></span> <span class='ocrx_word' id='word_1_245' title='bbox 2271 3460 2370 3510; x_wconf 86' lang='lat' dir='ltr'><strong>itu-</strong></span> 
     </span>
    </p>
   </div>
   <div class='ocr_carea' id='block_1_37' title="bbox 797 3552 2369 3628">
    <p class='ocr_par' dir='ltr' id='par_1_37' title="bbox 797 3552 2369 3628">
     <span class='ocr_line' id='line_1_37' title="bbox 797 3552 2369 3628; baseline -0.004 -16"><span class='ocrx_word' id='word_1_246' title='bbox 797 3566 1022 3628; x_wconf 66' lang='lat' dir='ltr'><strong>p-&#39;r:tttle</strong></span> <span class='ocrx_word' id='word_1_247' title='bbox 1074 3555 1306 3609; x_wconf 88' lang='lat' dir='ltr'><strong>llenrico</strong></span> <span class='ocrx_word' id='word_1_248' title='bbox 1351 3555 1394 3618; x_wconf 88' lang='lat' dir='ltr'><strong><em>l,</em></strong></span> <span class='ocrx_word' id='word_1_249' title='bbox 1444 3563 1594 3607; x_wconf 60' lang='lat' dir='ltr'><strong>extra</strong></span> <span class='ocrx_word' id='word_1_250' title='bbox 1632 3552 1861 3605; x_wconf 89' lang='lat' dir='ltr'><strong>dubium</strong></span> <span class='ocrx_word' id='word_1_251' title='bbox 1904 3554 2058 3621; x_wconf 89' lang='lat' dir='ltr'><strong>ponit</strong></span> <span class='ocrx_word' id='word_1_252' title='bbox 2106 3552 2369 3605; x_wconf 85' lang='lat' dir='ltr'><strong>Bernonis</strong></span> 
     </span>
    </p>
   </div>
   <div class='ocr_carea' id='block_1_38' title="bbox 793 3641 2370 3715">
    <p class='ocr_par' dir='ltr' id='par_1_38' title="bbox 793 3641 2370 3715">
     <span class='ocr_line' id='line_1_38' title="bbox 793 3641 2370 3715; baseline -0.004 -11"><span class='ocrx_word' id='word_1_253' title='bbox 793 3649 1007 3704; x_wconf 79' lang='lat' dir='ltr'><strong>abbatis</strong></span> <span class='ocrx_word' id='word_1_254' title='bbox 1048 3646 1335 3715; x_wconf 79' lang='lat' dir='ltr'><strong>Angicnsis</strong></span> <span class='ocrx_word' id='word_1_255' title='bbox 1370 3647 1689 3697; x_wconf 85' lang='lat' dir='ltr'><strong>auctoritas.</strong></span> <span class='ocrx_word' id='word_1_256' title='bbox 1734 3643 1920 3695; x_wconf 70' lang='lat' dir='ltr'><strong>“orna:</strong></span> <span class='ocrx_word' id='word_1_257' title='bbox 1977 3641 2224 3695; x_wconf 85' lang='lat' dir='ltr'><strong>interluit</strong></span> <span class='ocrx_word' id='word_1_258' title='bbox 2281 3643 2370 3697; x_wconf 85' lang='lat' dir='ltr'><strong>ille</strong></span> 
     </span>
    </p>
   </div>
   <div class='ocr_carea' id='block_1_39' title="bbox 795 3733 2368 3811">
    <p class='ocr_par' dir='ltr' id='par_1_39' title="bbox 795 3733 2368 3811">
     <span class='ocr_line' id='line_1_39' title="bbox 795 3733 2368 3811; baseline -0.003 -17"><span class='ocrx_word' id='word_1_259' title='bbox 795 3744 967 3811; x_wconf 83' lang='lat' dir='ltr'><strong>ipsius</strong></span> <span class='ocrx_word' id='word_1_260' title='bbox 1007 3737 1225 3792; x_wconf 76' lang='lat' dir='ltr'><strong>llenrici</strong></span> <span class='ocrx_word' id='word_1_261' title='bbox 1258 3735 1595 3791; x_wconf 89' lang='lat' dir='ltr'><strong>coronatioui</strong></span> <span class='ocrx_word' id='word_1_262' title='bbox 1641 3735 1835 3788; x_wconf 85' lang='lat' dir='ltr'><strong>eodem</strong></span> <span class='ocrx_word' id='word_1_263' title='bbox 1880 3749 2026 3788; x_wconf 89' lang='lat' dir='ltr'><strong>anno</strong></span> <span class='ocrx_word' id='word_1_264' title='bbox 2064 3733 2200 3788; x_wconf 76' lang='grc'><strong>1014</strong></span> <span class='ocrx_word' id='word_1_265' title='bbox 2224 3734 2368 3789; x_wconf 80' lang='lat' dir='ltr'><strong>cele-</strong></span> 
     </span>
    </p>
   </div>
   <div class='ocr_carea' id='block_1_40' title="bbox 795 3836 981 3887">
    <p class='ocr_par' dir='ltr' id='par_1_40' title="bbox 795 3836 981 3887">
     <span class='ocr_line' id='line_1_40' title="bbox 795 3836 981 3887; baseline -0.011 0"><span class='ocrx_word' id='word_1_266' title='bbox 795 3836 981 3887; x_wconf 70' lang='lat' dir='ltr'><strong>brataz.</strong></span> 
     </span>
    </p>
   </div>
   <div class='ocr_carea' id='block_1_41' title="bbox 867 3918 2369 3988">
    <p class='ocr_par' dir='ltr' id='par_1_41' title="bbox 867 3918 2369 3988">
     <span class='ocr_line' id='line_1_41' title="bbox 867 3918 2369 3988; baseline -0.002 -11"><span class='ocrx_word' id='word_1_267' title='bbox 867 3926 922 3977; x_wconf 92' lang='lat' dir='ltr'><strong>lu</strong></span> <span class='ocrx_word' id='word_1_268' title='bbox 976 3923 1179 3987; x_wconf 86' lang='lat' dir='ltr'><strong>libello,</strong></span> <span class='ocrx_word' id='word_1_269' title='bbox 1206 3936 1368 3985; x_wconf 90' lang='lat' dir='ltr'><strong>quem</strong></span> <span class='ocrx_word' id='word_1_270' title='bbox 1397 3920 1463 3973; x_wconf 88' lang='lat' dir='ltr'><strong>de</strong></span> <span class='ocrx_word' id='word_1_271' title='bbox 1493 3918 1821 3988; x_wconf 88' lang='lat' dir='ltr'><strong>quibusdam</strong></span> <span class='ocrx_word' id='word_1_272' title='bbox 1867 3919 2033 3973; x_wconf 84' lang='lat' dir='ltr'><strong>rebus</strong></span> <span class='ocrx_word' id='word_1_273' title='bbox 2079 3918 2145 3972; x_wconf 93' lang='lat' dir='ltr'><strong>ad</strong></span> <span class='ocrx_word' id='word_1_274' title='bbox 2194 3919 2369 3974; x_wconf 75' lang='lat' dir='ltr'><strong>Missa:</strong></span> 
     </span>
    </p>
   </div>
   <div class='ocr_carea' id='block_1_42' title="bbox 792 4010 2372 4083">
    <p class='ocr_par' dir='ltr' id='par_1_42' title="bbox 792 4010 2372 4083">
     <span class='ocr_line' id='line_1_42' title="bbox 792 4010 2372 4083; baseline -0.003 -14"><span class='ocrx_word' id='word_1_275' title='bbox 792 4016 1031 4069; x_wconf 79' lang='lat' dir='ltr'><strong>ollicium</strong></span> <span class='ocrx_word' id='word_1_276' title='bbox 1085 4012 1489 4083; x_wconf 87' lang='lat' dir='ltr'><strong>pertinentibus</strong></span> <span class='ocrx_word' id='word_1_277' title='bbox 1532 4012 1864 4079; x_wconf 85' lang='lat' dir='ltr'><strong>composuit,</strong></span> <span class='ocrx_word' id='word_1_278' title='bbox 1899 4011 2013 4064; x_wconf 66' lang='lat' dir='ltr'><strong>haec</strong></span> <span class='ocrx_word' id='word_1_279' title='bbox 2069 4010 2234 4064; x_wconf 84' lang='lat' dir='ltr'><strong>habet</strong></span> <span class='ocrx_word' id='word_1_280' title='bbox 2285 4026 2372 4065; x_wconf 84' lang='lat' dir='ltr'><strong>ca-</strong></span> 
     </span>
    </p>
   </div>
   <div class='ocr_carea' id='block_1_43' title="bbox 791 4105 2369 4179">
    <p class='ocr_par' dir='ltr' id='par_1_43' title="bbox 791 4105 2369 4179">
     <span class='ocr_line' id='line_1_43' title="bbox 791 4105 2369 4179; baseline -0.002 -19"><span class='ocrx_word' id='word_1_281' title='bbox 791 4112 903 4179; x_wconf 91' lang='lat' dir='ltr'><strong>pite</strong></span> <span class='ocrx_word' id='word_1_282' title='bbox 931 4111 1003 4161; x_wconf 74' lang='lat'><strong>2:</strong></span> <span class='ocrx_word' id='word_1_283' title='bbox 1040 4125 1059 4158; x_wconf 74' lang='grc' dir='ltr'><strong><em>ο</em></strong></span> <span class='ocrx_word' id='word_1_284' title='bbox 1096 4105 1326 4159; x_wconf 78' lang='lat' dir='ltr'><strong>Romani</strong></span> <span class='ocrx_word' id='word_1_285' title='bbox 1359 4120 1528 4171; x_wconf 90' lang='lat' dir='ltr'><strong>usque</strong></span> <span class='ocrx_word' id='word_1_286' title='bbox 1573 4105 1640 4155; x_wconf 87' lang='lat' dir='ltr'><strong>ad</strong></span> <span class='ocrx_word' id='word_1_287' title='bbox 1672 4106 1781 4156; x_wconf 79' lang='lat' dir='ltr'><strong>lucc</strong></span> <span class='ocrx_word' id='word_1_288' title='bbox 1822 4113 2060 4172; x_wconf 85' lang='lat' dir='ltr'><strong>tempora</strong></span> <span class='ocrx_word' id='word_1_289' title='bbox 2094 4105 2225 4157; x_wconf 74' lang='lat' dir='ltr'><strong>diva:</strong></span> <span class='ocrx_word' id='word_1_290' title='bbox 2263 4119 2369 4157; x_wconf 87' lang='lat' dir='ltr'><strong>me-</strong></span> 
     </span>
    </p>
   </div>
   <div class='ocr_carea' id='block_1_44' title="bbox 792 4194 2367 4264">
    <p class='ocr_par' dir='ltr' id='par_1_44' title="bbox 792 4194 2367 4264">
     <span class='ocr_line' id='line_1_44' title="bbox 792 4194 2367 4264; baseline -0.004 -10"><span class='ocrx_word' id='word_1_291' title='bbox 792 4203 974 4254; x_wconf 68' lang='lat' dir='ltr'><strong>moria:</strong></span> <span class='ocrx_word' id='word_1_292' title='bbox 1021 4197 1233 4251; x_wconf 83' lang='lat' dir='ltr'><strong>Henrici</strong></span> <span class='ocrx_word' id='word_1_293' title='bbox 1280 4196 1616 4264; x_wconf 84' lang='lat' dir='ltr'><strong>imperatoris</strong></span> <span class='ocrx_word' id='word_1_294' title='bbox 1665 4194 1812 4247; x_wconf 86' lang='lat' dir='ltr'><strong>nullo</strong></span> <span class='ocrx_word' id='word_1_295' title='bbox 1843 4195 1997 4247; x_wconf 81' lang='lat' dir='ltr'><strong>modo</strong></span> <span class='ocrx_word' id='word_1_296' title='bbox 2046 4196 2367 4248; x_wconf 79' lang='lat' dir='ltr'><strong>cecinerunt.</strong></span> 
     </span>
    </p>
   </div>
   <div class='ocr_carea' id='block_1_45' title="bbox 793 4287 2370 4357">
    <p class='ocr_par' dir='ltr' id='par_1_45' title="bbox 793 4287 2370 4357">
     <span class='ocr_line' id='line_1_45' title="bbox 793 4287 2370 4357; baseline -0.003 -10"><span class='ocrx_word' id='word_1_297' title='bbox 793 4293 899 4347; x_wconf 88' lang='lat' dir='ltr'><strong>Sed</strong></span> <span class='ocrx_word' id='word_1_298' title='bbox 956 4292 1026 4344; x_wconf 88' lang='lat' dir='ltr'><strong>ab</strong></span> <span class='ocrx_word' id='word_1_299' title='bbox 1075 4289 1269 4342; x_wconf 86' lang='lat' dir='ltr'><strong>eodem</strong></span> <span class='ocrx_word' id='word_1_300' title='bbox 1333 4287 1694 4355; x_wconf 79' lang='lat' dir='ltr'><strong>interrogati,</strong></span> <span class='ocrx_word' id='word_1_301' title='bbox 1754 4301 1854 4339; x_wconf 86' lang='lat' dir='ltr'><strong>cur</strong></span> <span class='ocrx_word' id='word_1_302' title='bbox 1890 4287 1964 4340; x_wconf 89' lang='lat' dir='ltr'><strong>ita</strong></span> <span class='ocrx_word' id='word_1_303' title='bbox 1994 4296 2243 4357; x_wconf 89' lang='lat' dir='ltr'><strong>agerent,</strong></span> <span class='ocrx_word' id='word_1_304' title='bbox 2285 4301 2370 4343; x_wconf 85' lang='lat' dir='ltr'><strong>tne</strong></span> 
     </span>
    </p>
   </div>
   <div class='ocr_carea' id='block_1_46' title="bbox 792 4377 2371 4448">
    <p class='ocr_par' dir='ltr' id='par_1_46' title="bbox 792 4377 2371 4448">
     <span class='ocr_line' id='line_1_46' title="bbox 792 4377 2371 4448; baseline -0.003 -11"><span class='ocrx_word' id='word_1_305' title='bbox 792 4383 1321 4440; x_wconf 82' lang='lat' dir='ltr'><strong>eoram‘assistente,</strong></span> <span class='ocrx_word' id='word_1_306' title='bbox 1412 4377 1595 4431; x_wconf 82' lang='lat' dir='ltr'><strong>audivi</strong></span> <span class='ocrx_word' id='word_1_307' title='bbox 1655 4393 1752 4431; x_wconf 83' lang='lat' dir='ltr'><strong>eos</strong></span> <span class='ocrx_word' id='word_1_308' title='bbox 1799 4378 2113 4448; x_wconf 86' lang='lat' dir='ltr'><strong>hujusmodi</strong></span> <span class='ocrx_word' id='word_1_309' title='bbox 2147 4394 2371 4448; x_wconf 84' lang='lat' dir='ltr'><strong>respon-</strong></span> 
     </span>
    </p>
   </div>
   <div class='ocr_carea' id='block_1_47' title="bbox 794 4467 2372 4535">
    <p class='ocr_par' dir='ltr' id='par_1_47' title="bbox 794 4467 2372 4535">
     <span class='ocr_line' id='line_1_47' title="bbox 794 4467 2372 4535; baseline -0.004 -8"><span class='ocrx_word' id='word_1_310' title='bbox 794 4491 911 4527; x_wconf 69' lang='lat' dir='ltr'><strong>sum</strong></span> <span class='ocrx_word' id='word_1_311' title='bbox 955 4473 1223 4534; x_wconf 83' lang='lat' dir='ltr'><strong>reddere;</strong></span> <span class='ocrx_word' id='word_1_312' title='bbox 1256 4469 1505 4521; x_wconf 78' lang='lat' dir='ltr'><strong>videlicet</strong></span> <span class='ocrx_word' id='word_1_313' title='bbox 1536 4468 1683 4535; x_wconf 89' lang='lat' dir='ltr'><strong>quod</strong></span> <span class='ocrx_word' id='word_1_314' title='bbox 1720 4467 1969 4522; x_wconf 74' lang='lat' dir='ltr'><strong>Romana</strong></span> <span class='ocrx_word' id='word_1_315' title='bbox 2000 4468 2241 4523; x_wconf 74' lang='lat' dir='ltr'><strong>Ecclesia</strong></span> <span class='ocrx_word' id='word_1_316' title='bbox 2262 4483 2372 4522; x_wconf 87' lang='lat' dir='ltr'><strong>non</strong></span> 
     </span>
    </p>
   </div>
   <div class='ocr_carea' id='block_1_48' title="bbox 2475 630 4039 689">
    <p class='ocr_par' dir='ltr' id='par_1_48' title="bbox 2475 630 4039 689">
     <span class='ocr_line' id='line_1_48' title="bbox 2475 630 4039 689; baseline -0.004 -1"><span class='ocrx_word' id='word_1_317' title='bbox 2475 635 2526 688; x_wconf 93' lang='lat' dir='ltr'><strong>id</strong></span> <span class='ocrx_word' id='word_1_318' title='bbox 2563 635 2796 688; x_wconf 77' lang='lat' dir='ltr'><strong>videtur.</strong></span> <span class='ocrx_word' id='word_1_319' title='bbox 2823 635 2934 687; x_wconf 81' lang='lat' dir='ltr'><strong>Cur</strong></span> <span class='ocrx_word' id='word_1_320' title='bbox 2959 634 3105 686; x_wconf 85' lang='lat' dir='ltr'><strong>enim</strong></span> <span class='ocrx_word' id='word_1_321' title='bbox 3149 632 3573 689; x_wconf 55' lang='lat' dir='ltr'><strong>autemtametsi</strong></span> <span class='ocrx_word' id='word_1_322' title='bbox 3608 646 3636 682; x_wconf 85' lang='lat' dir='ltr'><strong>a</strong></span> <span class='ocrx_word' id='word_1_323' title='bbox 3672 642 3827 683; x_wconf 74' lang='lat' dir='ltr'><strong>sexto</strong></span> <span class='ocrx_word' id='word_1_324' title='bbox 3855 630 4039 683; x_wconf 70' lang='lat' dir='ltr'><strong>saeculo</strong></span> 
     </span>
    </p>
   </div>
   <div class='ocr_carea' id='block_1_49' title="bbox 2471 722 4039 790">
    <p class='ocr_par' dir='ltr' id='par_1_49' title="bbox 2471 722 4039 790">
     <span class='ocr_line' id='line_1_49' title="bbox 2471 722 4039 790; baseline -0.004 -13"><span class='ocrx_word' id='word_1_325' title='bbox 2471 725 2758 777; x_wconf 87' lang='lat' dir='ltr'><strong>desinente</strong></span> <span class='ocrx_word' id='word_1_326' title='bbox 2796 722 3054 775; x_wconf 81' lang='lat' dir='ltr'><strong>Ecclesi:e</strong></span> <span class='ocrx_word' id='word_1_327' title='bbox 3097 723 3427 790; x_wconf 69' lang='lat' dir='ltr'><strong>Hispanicae,</strong></span> <span class='ocrx_word' id='word_1_328' title='bbox 3469 733 3521 774; x_wconf 87' lang='lat' dir='ltr'><strong>et</strong></span> <span class='ocrx_word' id='word_1_329' title='bbox 3564 736 3592 773; x_wconf 87' lang='lat' dir='ltr'><strong>a</strong></span> <span class='ocrx_word' id='word_1_330' title='bbox 3623 722 3825 773; x_wconf 53' lang='lat' dir='ltr'><strong>gerulo</strong></span> <span class='ocrx_word' id='word_1_331' title='bbox 3858 731 4039 773; x_wconf 71' lang='lat' dir='ltr'><strong>octavo</strong></span> 
     </span>
    </p>
   </div>
   <div class='ocr_carea' id='block_1_50' title="bbox 2470 812 4039 880">
    <p class='ocr_par' dir='ltr' id='par_1_50' title="bbox 2470 812 4039 880">
     <span class='ocr_line' id='line_1_50' title="bbox 2470 812 4039 880; baseline -0.002 -12"><span class='ocrx_word' id='word_1_332' title='bbox 2470 815 2784 878; x_wconf 58' lang='lat' dir='ltr'><strong>Gallicana,</strong></span> <span class='ocrx_word' id='word_1_333' title='bbox 2815 825 2870 868; x_wconf 90' lang='lat' dir='ltr'><strong>et</strong></span> <span class='ocrx_word' id='word_1_334' title='bbox 2893 815 3252 869; x_wconf 61' lang='lat' dir='ltr'><strong>Germanicas.</strong></span> <span class='ocrx_word' id='word_1_335' title='bbox 3288 831 3350 867; x_wconf 88' lang='lat' dir='ltr'><strong>ac.</strong></span> <span class='ocrx_word' id='word_1_336' title='bbox 3387 814 3583 868; x_wconf 68' lang='lat' dir='ltr'><strong>italicae</strong></span> <span class='ocrx_word' id='word_1_337' title='bbox 3606 815 3663 867; x_wconf 91' lang='lat' dir='ltr'><strong>in</strong></span> <span class='ocrx_word' id='word_1_338' title='bbox 3691 828 3856 880; x_wconf 77' lang='lat' dir='ltr'><strong>regno</strong></span> <span class='ocrx_word' id='word_1_339' title='bbox 3890 812 4039 865; x_wconf 72' lang='lat' dir='ltr'><strong>Italia:</strong></span> 
     </span>
    </p>
   </div>
   <div class='ocr_carea' id='block_1_51' title="bbox 2473 902 4041 971">
    <p class='ocr_par' dir='ltr' id='par_1_51' title="bbox 2473 902 4041 971">
     <span class='ocr_line' id='line_1_51' title="bbox 2473 902 4041 971; baseline -0.001 -18"><span class='ocrx_word' id='word_1_340' title='bbox 2473 902 2689 969; x_wconf 86' lang='lat' dir='ltr'><strong>publice</strong></span> <span class='ocrx_word' id='word_1_341' title='bbox 2724 902 3042 971; x_wconf 75' lang='lat' dir='ltr'><strong>Symbolum</strong></span> <span class='ocrx_word' id='word_1_342' title='bbox 3068 904 3212 956; x_wconf 84' lang='lat' dir='ltr'><strong>idem</strong></span> <span class='ocrx_word' id='word_1_343' title='bbox 3239 904 3292 955; x_wconf 87' lang='lat' dir='ltr'><strong>in</strong></span> <span class='ocrx_word' id='word_1_344' title='bbox 3318 902 3564 971; x_wconf 73' lang='lat' dir='ltr'><strong>Liturgia</strong></span> <span class='ocrx_word' id='word_1_345' title='bbox 3600 904 3915 962; x_wconf 79' lang='lat' dir='ltr'><strong>recitarem.</strong></span> <span class='ocrx_word' id='word_1_346' title='bbox 3956 911 4041 954; x_wconf 84' lang='lat' dir='ltr'><strong>aut</strong></span> 
     </span>
    </p>
   </div>
   <div class='ocr_carea' id='block_1_52' title="bbox 2471 979 4041 1058">
    <p class='ocr_par' dir='ltr' id='par_1_52' title="bbox 2471 979 4041 1058">
     <span class='ocr_line' id='line_1_52' title="bbox 2471 979 4041 1058; baseline -0.002 -11"><span class='ocrx_word' id='word_1_347' title='bbox 2471 1004 2752 1055; x_wconf 85' lang='lat' dir='ltr'><strong>canerent,</strong></span> <span class='ocrx_word' id='word_1_348' title='bbox 2798 1011 3001 1046; x_wconf 80' lang='lat' dir='ltr'><strong>morem</strong></span> <span class='ocrx_word' id='word_1_349' title='bbox 3055 995 3217 1047; x_wconf 86' lang='lat' dir='ltr'><strong>istutn</strong></span> <span class='ocrx_word' id='word_1_350' title='bbox 3274 995 3514 1047; x_wconf 77' lang='lat' dir='ltr'><strong>Romana</strong></span> <span class='ocrx_word' id='word_1_351' title='bbox 3556 979 3798 1046; x_wconf 58' lang='lat' dir='ltr'><strong>Ecclesia</strong></span> <span class='ocrx_word' id='word_1_352' title='bbox 3848 995 4041 1058; x_wconf 67' lang='lat' dir='ltr'><strong>rec-pit</strong></span> 
     </span>
    </p>
   </div>
   <div class='ocr_carea' id='block_1_53' title="bbox 2471 1084 4041 1153">
    <p class='ocr_par' dir='ltr' id='par_1_53' title="bbox 2471 1084 4041 1153">
     <span class='ocr_line' id='line_1_53' title="bbox 2471 1084 4041 1153; baseline -0.001 -17"><span class='ocrx_word' id='word_1_353' title='bbox 2471 1100 2749 1153; x_wconf 83' lang='lat' dir='ltr'><strong>nunquam</strong></span> <span class='ocrx_word' id='word_1_354' title='bbox 2771 1085 3070 1138; x_wconf 79' lang='lat' dir='ltr'><strong>?\&#39;idelicet</strong></span> <span class='ocrx_word' id='word_1_355' title='bbox 3089 1087 3230 1153; x_wconf 84' lang='lat' dir='ltr'><strong>quod</strong></span> <span class='ocrx_word' id='word_1_356' title='bbox 3262 1084 3501 1137; x_wconf 77' lang='lat' dir='ltr'><strong>Romana</strong></span> <span class='ocrx_word' id='word_1_357' title='bbox 3538 1085 3776 1137; x_wconf 54' lang='lat' dir='ltr'><strong>Ecclesia</strong></span> <span class='ocrx_word' id='word_1_358' title='bbox 3796 1084 4041 1142; x_wconf 63' lang='lat' dir='ltr'><strong>ilionrit-o</strong></span> 
     </span>
    </p>
   </div>
   <div class='ocr_carea' id='block_1_54' title="bbox 2470 1176 4041 1244">
    <p class='ocr_par' dir='ltr' id='par_1_54' title="bbox 2470 1176 4041 1244">
     <span class='ocr_line' id='line_1_54' title="bbox 2470 1176 4041 1244; baseline -0.004 -15"><span class='ocrx_word' id='word_1_359' title='bbox 2470 1177 2786 1242; x_wconf 87' lang='lat' dir='ltr'><strong>imperatori</strong></span> <span class='ocrx_word' id='word_1_360' title='bbox 2844 1177 3184 1244; x_wconf 80' lang='lat' dir='ltr'><strong>reponebam</strong></span> <span class='ocrx_word' id='word_1_361' title='bbox 3233 1178 3503 1241; x_wconf 77' lang='lat' dir='ltr'><strong>Romani)</strong></span> <span class='ocrx_word' id='word_1_362' title='bbox 3563 1192 3668 1228; x_wconf 82' lang='lat' dir='ltr'><strong>non</strong></span> <span class='ocrx_word' id='word_1_363' title='bbox 3727 1177 3902 1243; x_wconf 75' lang='lat' dir='ltr'><strong>{uisset</strong></span> <span class='ocrx_word' id='word_1_364' title='bbox 3948 1176 4041 1225; x_wconf 81' lang='lat' dir='ltr'><strong>ali-</strong></span> 
     </span>
    </p>
   </div>
   <div class='ocr_carea' id='block_1_55' title="bbox 2469 1266 4042 1335">
    <p class='ocr_par' dir='ltr' id='par_1_55' title="bbox 2469 1266 4042 1335">
     <span class='ocr_line' id='line_1_55' title="bbox 2469 1266 4042 1335; baseline -0.001 -20"><span class='ocrx_word' id='word_1_365' title='bbox 2469 1268 2677 1333; x_wconf 83' lang='lat' dir='ltr'><strong>quando</strong></span> <span class='ocrx_word' id='word_1_366' title='bbox 2726 1266 2835 1318; x_wconf 90' lang='lat' dir='ltr'><strong>ulla</strong></span> <span class='ocrx_word' id='word_1_367' title='bbox 2877 1269 3129 1319; x_wconf 74' lang='lat' dir='ltr'><strong>lta&#39;reseos</strong></span> <span class='ocrx_word' id='word_1_368' title='bbox 3164 1266 3287 1334; x_wconf 69' lang='lat' dir='ltr'><strong>{recc</strong></span> <span class='ocrx_word' id='word_1_369' title='bbox 3318 1268 3508 1335; x_wconf 64' lang='lat' dir='ltr'><strong>infecta</strong></span> <span class='ocrx_word' id='word_1_370' title='bbox 3537 1307 3552 1326; x_wconf 93' lang='lat'><strong>,</strong></span> <span class='ocrx_word' id='word_1_371' title='bbox 3580 1267 3668 1317; x_wconf 89' lang='lat' dir='ltr'><strong>sed</strong></span> <span class='ocrx_word' id='word_1_372' title='bbox 3710 1267 3762 1318; x_wconf 91' lang='lat' dir='ltr'><strong>in</strong></span> <span class='ocrx_word' id='word_1_373' title='bbox 3789 1266 4042 1317; x_wconf 85' lang='lat' dir='ltr'><strong>soliditate</strong></span> 
     </span>
    </p>
   </div>
   <div class='ocr_carea' id='block_1_56' title="bbox 2467 1356 4043 1425">
    <p class='ocr_par' dir='ltr' id='par_1_56' title="bbox 2467 1356 4043 1425">
     <span class='ocr_line' id='line_1_56' title="bbox 2467 1356 4043 1425; baseline 0 -18"><span class='ocrx_word' id='word_1_374' title='bbox 2467 1357 2739 1409; x_wconf 75' lang='lat' dir='ltr'><strong>catholica!</strong></span> <span class='ocrx_word' id='word_1_375' title='bbox 2792 1357 2914 1422; x_wconf 84' lang='lat' dir='ltr'><strong>ﬁdei</strong></span> <span class='ocrx_word' id='word_1_376' title='bbox 2964 1369 3292 1425; x_wconf 76' lang='lat' dir='ltr'><strong>permaneret</strong></span> <span class='ocrx_word' id='word_1_377' title='bbox 3343 1361 3674 1409; x_wconf 84' lang='lat' dir='ltr'><strong>inconcussa.</strong></span> <span class='ocrx_word' id='word_1_378' title='bbox 3722 1358 3882 1422; x_wconf 77' lang='lat' dir='ltr'><strong>Atqui</strong></span> <span class='ocrx_word' id='word_1_379' title='bbox 3936 1356 4043 1407; x_wconf 56' lang='lat' dir='ltr'><strong>haec</strong></span> 
     </span>
    </p>
   </div>
   <div class='ocr_carea' id='block_1_57' title="bbox 2469 1445 4042 1515">
    <p class='ocr_par' dir='ltr' id='par_1_57' title="bbox 2469 1445 4042 1515">
     <span class='ocr_line' id='line_1_57' title="bbox 2469 1445 4042 1515; baseline 0 -19"><span class='ocrx_word' id='word_1_380' title='bbox 2469 1446 2605 1497; x_wconf 86' lang='lat' dir='ltr'><strong>ratio</strong></span> <span class='ocrx_word' id='word_1_381' title='bbox 2639 1460 2743 1497; x_wconf 93' lang='lat' dir='ltr'><strong>non</strong></span> <span class='ocrx_word' id='word_1_382' title='bbox 2772 1447 2947 1498; x_wconf 90' lang='lat' dir='ltr'><strong>solum</strong></span> <span class='ocrx_word' id='word_1_383' title='bbox 2969 1447 3208 1515; x_wconf 74' lang='lat' dir='ltr'><strong>Symboli</strong></span> <span class='ocrx_word' id='word_1_384' title='bbox 3237 1458 3481 1508; x_wconf 86' lang='lat' dir='ltr'><strong>cantum,</strong></span> <span class='ocrx_word' id='word_1_385' title='bbox 3506 1446 3600 1513; x_wconf 90' lang='lat' dir='ltr'><strong><em>qui</em></strong></span> <span class='ocrx_word' id='word_1_386' title='bbox 3633 1445 3784 1513; x_wconf 87' lang='lat' dir='ltr'><strong>prius</strong></span> <span class='ocrx_word' id='word_1_387' title='bbox 3811 1446 3865 1495; x_wconf 87' lang='lat' dir='ltr'><strong>in</strong></span> <span class='ocrx_word' id='word_1_388' title='bbox 3899 1460 4042 1496; x_wconf 87' lang='lat' dir='ltr'><strong>more</strong></span> 
     </span>
    </p>
   </div>
   <div class='ocr_carea' id='block_1_58' title="bbox 2470 1536 4040 1607">
    <p class='ocr_par' dir='ltr' id='par_1_58' title="bbox 2470 1536 4040 1607">
     <span class='ocr_line' id='line_1_58' title="bbox 2470 1536 4040 1607; baseline 0 -19"><span class='ocrx_word' id='word_1_389' title='bbox 2470 1536 2655 1598; x_wconf 78' lang='lat' dir='ltr'><strong>fuerit,</strong></span> <span class='ocrx_word' id='word_1_390' title='bbox 2687 1538 2780 1589; x_wconf 83' lang='lat' dir='ltr'><strong>sed</strong></span> <span class='ocrx_word' id='word_1_391' title='bbox 2801 1538 2926 1606; x_wconf 70' lang='lat' dir='ltr'><strong>jura</strong></span> <span class='ocrx_word' id='word_1_392' title='bbox 2964 1538 3161 1604; x_wconf 88' lang='lat' dir='ltr'><strong>potiori</strong></span> <span class='ocrx_word' id='word_1_393' title='bbox 3198 1536 3434 1607; x_wconf 79' lang='lat' dir='ltr'><strong>Symboli</strong></span> <span class='ocrx_word' id='word_1_394' title='bbox 3480 1539 3934 1603; x_wconf 79' lang='lat' dir='ltr'><strong>intet&#39;polutionem</strong></span> <span class='ocrx_word' id='word_1_395' title='bbox 3963 1552 4040 1588; x_wconf 90' lang='lat' dir='ltr'><strong>re-</strong></span> 
     </span>
    </p>
   </div>
   <div class='ocr_carea' id='block_1_59' title="bbox 2464 1627 4043 1697">
    <p class='ocr_par' dir='ltr' id='par_1_59' title="bbox 2464 1627 4043 1697">
     <span class='ocr_line' id='line_1_59' title="bbox 2464 1627 4043 1697; baseline 0.003 -20"><span class='ocrx_word' id='word_1_396' title='bbox 2464 1628 2602 1696; x_wconf 76' lang='lat' dir='ltr'><strong>jicit.</strong></span> <span class='ocrx_word' id='word_1_397' title='bbox 2663 1627 2815 1680; x_wconf 86' lang='lat' dir='ltr'><strong>Hanc</strong></span> <span class='ocrx_word' id='word_1_398' title='bbox 2850 1629 3016 1679; x_wconf 86' lang='lat' dir='ltr'><strong>etiam</strong></span> <span class='ocrx_word' id='word_1_399' title='bbox 3072 1644 3171 1681; x_wconf 90' lang='lat' dir='ltr'><strong>suo</strong></span> <span class='ocrx_word' id='word_1_400' title='bbox 3230 1642 3471 1697; x_wconf 85' lang='lat' dir='ltr'><strong>tempore</strong></span> <span class='ocrx_word' id='word_1_401' title='bbox 3539 1646 3757 1682; x_wconf 87' lang='lat' dir='ltr'><strong>cattsam</strong></span> <span class='ocrx_word' id='word_1_402' title='bbox 3820 1630 4043 1682; x_wconf 69' lang='lat' dir='ltr'><strong>Rufinus</strong></span> 
     </span>
    </p>
   </div>
   <div class='ocr_carea' id='block_1_60' title="bbox 2469 1718 4042 1789">
    <p class='ocr_par' dir='ltr' id='par_1_60' title="bbox 2469 1718 4042 1789">
     <span class='ocr_line' id='line_1_60' title="bbox 2469 1718 4042 1789; baseline 0.001 -20"><span class='ocrx_word' id='word_1_403' title='bbox 2469 1718 2756 1781; x_wconf 85' lang='lat' dir='ltr'><strong>reddebat,</strong></span> <span class='ocrx_word' id='word_1_404' title='bbox 2795 1732 2893 1770; x_wconf 90' lang='lat' dir='ltr'><strong>cur</strong></span> <span class='ocrx_word' id='word_1_405' title='bbox 2927 1719 3245 1787; x_wconf 70' lang='lat' dir='ltr'><strong>Symbolum</strong></span> <span class='ocrx_word' id='word_1_406' title='bbox 3280 1722 3642 1788; x_wconf 77' lang='lat' dir='ltr'><strong>apostolicum</strong></span> <span class='ocrx_word' id='word_1_407' title='bbox 3680 1738 3802 1773; x_wconf 87' lang='lat' dir='ltr'><strong>cum</strong></span> <span class='ocrx_word' id='word_1_408' title='bbox 3848 1723 4042 1789; x_wconf 78' lang='lat' dir='ltr'><strong>aliqui-</strong></span> 
     </span>
    </p>
   </div>
   <div class='ocr_carea' id='block_1_61' title="bbox 2470 1810 4042 1869">
    <p class='ocr_par' dir='ltr' id='par_1_61' title="bbox 2470 1810 4042 1869">
     <span class='ocr_line' id='line_1_61' title="bbox 2470 1810 4042 1869; baseline 0.001 -8"><span class='ocrx_word' id='word_1_409' title='bbox 2470 1810 2572 1864; x_wconf 85' lang='lat' dir='ltr'><strong>bus</strong></span> <span class='ocrx_word' id='word_1_410' title='bbox 2609 1812 2995 1865; x_wconf 72' lang='lat' dir='ltr'><strong>additamentis</strong></span> <span class='ocrx_word' id='word_1_411' title='bbox 3034 1822 3242 1864; x_wconf 68' lang='lat' dir='ltr'><strong>caetera:</strong></span> <span class='ocrx_word' id='word_1_412' title='bbox 3283 1812 3542 1865; x_wconf 63' lang='lat' dir='ltr'><strong>Ecclesiae</strong></span> <span class='ocrx_word' id='word_1_413' title='bbox 3576 1813 3895 1869; x_wconf 75' lang='lat' dir='ltr'><strong>recitarem,</strong></span> <span class='ocrx_word' id='word_1_414' title='bbox 3931 1816 4042 1864; x_wconf 56' lang='lat' dir='ltr'><strong>sine</strong></span> 
     </span>
    </p>
   </div>
   <div class='ocr_carea' id='block_1_62' title="bbox 3758 1904 4029 1969">
    <p class='ocr_par' dir='ltr' id='par_1_62' title="bbox 3758 1904 4029 1969">
     <span class='ocr_line' id='line_1_62' title="bbox 3758 1904 4029 1969; baseline 0 -15"><span class='ocrx_word' id='word_1_415' title='bbox 3758 1904 3906 1967; x_wconf 72' lang='lat' dir='ltr'><strong>Quod</strong></span> <span class='ocrx_word' id='word_1_416' title='bbox 3939 1921 4029 1969; x_wconf 71' lang='lat' dir='ltr'><strong>ego</strong></span> 
     </span>
    </p>
   </div>
   <div class='ocr_carea' id='block_1_63' title="bbox 2472 1996 4043 2063">
    <p class='ocr_par' dir='ltr' id='par_1_63' title="bbox 2472 1996 4043 2063">
     <span class='ocr_line' id='line_1_63' title="bbox 2472 1996 4043 2063; baseline 0.003 -21"><span class='ocrx_word' id='word_1_417' title='bbox 2472 2000 2744 2060; x_wconf 85' lang='lat' dir='ltr'><strong>propterea</strong></span> <span class='ocrx_word' id='word_1_418' title='bbox 2776 2009 2884 2045; x_wconf 80' lang='lat' dir='ltr'><strong>esse</strong></span> <span class='ocrx_word' id='word_1_419' title='bbox 2906 1996 3155 2055; x_wconf 87' lang='lat' dir='ltr'><strong>arbitror,</strong></span> <span class='ocrx_word' id='word_1_420' title='bbox 3190 1996 3461 2063; x_wconf 83' lang='lat' dir='ltr'><strong>inquiens,</strong></span> <span class='ocrx_word' id='word_1_421' title='bbox 3483 1998 3617 2062; x_wconf 88' lang='lat' dir='ltr'><strong>quod</strong></span> <span class='ocrx_word' id='word_1_422' title='bbox 3648 2012 3809 2062; x_wconf 58' lang='lat' dir='ltr'><strong>neque</strong></span> <span class='ocrx_word' id='word_1_423' title='bbox 3838 1996 3900 2043; x_wconf 76' lang='lat' dir='ltr'><strong>Im</strong></span> <span class='ocrx_word' id='word_1_424' title='bbox 3921 1998 4043 2046; x_wconf 75' lang='lat' dir='ltr'><strong>resis</strong></span> 
     </span>
    </p>
   </div>
   <div class='ocr_carea' id='block_1_64' title="bbox 2473 2084 4043 2153">
    <p class='ocr_par' dir='ltr' id='par_1_64' title="bbox 2473 2084 4043 2153">
     <span class='ocr_line' id='line_1_64' title="bbox 2473 2084 4043 2153; baseline 0.003 -18"><span class='ocrx_word' id='word_1_425' title='bbox 2473 2084 2583 2135; x_wconf 88' lang='lat' dir='ltr'><strong>ulla</strong></span> <span class='ocrx_word' id='word_1_426' title='bbox 2624 2084 2737 2137; x_wconf 76' lang='lat' dir='ltr'><strong>illic</strong></span> <span class='ocrx_word' id='word_1_427' title='bbox 2782 2087 3003 2151; x_wconf 82' lang='lat' dir='ltr'><strong>sumpsit</strong></span> <span class='ocrx_word' id='word_1_428' title='bbox 3057 2088 3352 2138; x_wconf 69' lang='lat' dir='ltr'><strong>exordium.</strong></span> <span class='ocrx_word' id='word_1_429' title='bbox 3418 2086 3603 2153; x_wconf 86' lang='lat' dir='ltr'><strong>itaque</strong></span> <span class='ocrx_word' id='word_1_430' title='bbox 3655 2102 3776 2138; x_wconf 88' lang='lat' dir='ltr'><strong>cum</strong></span> <span class='ocrx_word' id='word_1_431' title='bbox 3827 2086 4043 2137; x_wconf 85' lang='lat' dir='ltr'><strong>demum</strong></span> 
     </span>
    </p>
   </div>
   <div class='ocr_carea' id='block_1_65' title="bbox 2474 2175 4045 2246">
    <p class='ocr_par' dir='ltr' id='par_1_65' title="bbox 2474 2175 4045 2246">
     <span class='ocr_line' id='line_1_65' title="bbox 2474 2175 4045 2246; baseline 0.001 -17"><span class='ocrx_word' id='word_1_432' title='bbox 2474 2176 2826 2231; x_wconf 81' lang='lat' dir='ltr'><strong>Benedictum</strong></span> <span class='ocrx_word' id='word_1_433' title='bbox 2866 2175 2980 2230; x_wconf 71' lang='lat' dir='ltr'><strong>Vill</strong></span> <span class='ocrx_word' id='word_1_434' title='bbox 3015 2178 3267 2245; x_wconf 88' lang='lat' dir='ltr'><strong>petitioni</strong></span> <span class='ocrx_word' id='word_1_435' title='bbox 3308 2178 3525 2232; x_wconf 82' lang='lat' dir='ltr'><strong>lieurici</strong></span> <span class='ocrx_word' id='word_1_436' title='bbox 3560 2180 3821 2246; x_wconf 73' lang='lat' dir='ltr'><strong>Augusti.</strong></span> <span class='ocrx_word' id='word_1_437' title='bbox 3862 2177 4045 2230; x_wconf 89' lang='lat' dir='ltr'><strong>habito</strong></span> 
     </span>
    </p>
   </div>
   <div class='ocr_carea' id='block_1_66' title="bbox 2472 2270 4042 2339">
    <p class='ocr_par' dir='ltr' id='par_1_66' title="bbox 2472 2270 4042 2339">
     <span class='ocr_line' id='line_1_66' title="bbox 2472 2270 4042 2339; baseline -0.001 -19"><span class='ocrx_word' id='word_1_438' title='bbox 2472 2270 2702 2320; x_wconf 87' lang='lat' dir='ltr'><strong>omnium</strong></span> <span class='ocrx_word' id='word_1_439' title='bbox 2770 2287 3060 2333; x_wconf 81' lang='lat' dir='ltr'><strong>consensu,</strong></span> <span class='ocrx_word' id='word_1_440' title='bbox 3120 2270 3513 2339; x_wconf 87' lang='lat' dir='ltr'><strong>indulgendum</strong></span> <span class='ocrx_word' id='word_1_441' title='bbox 3564 2286 3685 2323; x_wconf 85' lang='lat' dir='ltr'><strong>esse</strong></span> <span class='ocrx_word' id='word_1_442' title='bbox 3743 2272 4042 2330; x_wconf 80' lang='lat' dir='ltr'><strong>censuerit,</strong></span> 
     </span>
    </p>
   </div>
   <div class='ocr_carea' id='block_1_67' title="bbox 2473 2358 4043 2430">
    <p class='ocr_par' dir='ltr' id='par_1_67' title="bbox 2473 2358 4043 2430">
     <span class='ocr_line' id='line_1_67' title="bbox 2473 2358 4043 2430; baseline -0.001 -17"><span class='ocrx_word' id='word_1_443' title='bbox 2473 2358 2716 2429; x_wconf 79' lang='lat' dir='ltr'><strong>Symboli</strong></span> <span class='ocrx_word' id='word_1_444' title='bbox 2746 2361 3341 2430; x_wconf 80' lang='lat' dir='ltr'><strong>Constantiuopolitani</strong></span> <span class='ocrx_word' id='word_1_445' title='bbox 3377 2374 3536 2416; x_wconf 86' lang='lat' dir='ltr'><strong>cantu</strong></span> <span class='ocrx_word' id='word_1_446' title='bbox 3576 2363 3717 2416; x_wconf 90' lang='lat' dir='ltr'><strong>inter</strong></span> <span class='ocrx_word' id='word_1_447' title='bbox 3762 2363 4043 2415; x_wconf 77' lang='lat' dir='ltr'><strong>Missarum</strong></span> 
     </span>
    </p>
   </div>
   <div class='ocr_carea' id='block_1_68' title="bbox 2472 2454 4048 2527">
    <p class='ocr_par' dir='ltr' id='par_1_68' title="bbox 2472 2454 4048 2527">
     <span class='ocr_line' id='line_1_68' title="bbox 2472 2454 4048 2527; baseline 0.005 -21"><span class='ocrx_word' id='word_1_448' title='bbox 2472 2454 2734 2507; x_wconf 84' lang='lat' dir='ltr'><strong>solemnia</strong></span> <span class='ocrx_word' id='word_1_449' title='bbox 2784 2468 3044 2524; x_wconf 89' lang='lat' dir='ltr'><strong>recepto,</strong></span> <span class='ocrx_word' id='word_1_450' title='bbox 3076 2457 3418 2526; x_wconf 68' lang='lat' dir='ltr'><strong>Symbolum</strong></span> <span class='ocrx_word' id='word_1_451' title='bbox 3445 2461 3608 2513; x_wconf 86' lang='lat' dir='ltr'><strong>etiam</strong></span> <span class='ocrx_word' id='word_1_452' title='bbox 3664 2460 3934 2527; x_wconf 72' lang='lat' dir='ltr'><strong>recepisse</strong></span> <span class='ocrx_word' id='word_1_453' title='bbox 3970 2458 4048 2509; x_wconf 81' lang='lat' dir='ltr'><strong>\i-</strong></span> 
     </span>
    </p>
   </div>
   <div class='ocr_carea' id='block_1_69' title="bbox 2473 2544 4045 2617">
    <p class='ocr_par' dir='ltr' id='par_1_69' title="bbox 2473 2544 4045 2617">
     <span class='ocr_line' id='line_1_69' title="bbox 2473 2544 4045 2617; baseline 0.001 -21"><span class='ocrx_word' id='word_1_454' title='bbox 2473 2544 2632 2597; x_wconf 86' lang='lat' dir='ltr'><strong>detur</strong></span> <span class='ocrx_word' id='word_1_455' title='bbox 2671 2544 2835 2613; x_wconf 75' lang='lat'><strong>208</strong></span> <span class='ocrx_word' id='word_1_456' title='bbox 2858 2561 2979 2599; x_wconf 90' lang='lat' dir='ltr'><strong>cum</strong></span> <span class='ocrx_word' id='word_1_457' title='bbox 3021 2546 3442 2615; x_wconf 83' lang='lat' dir='ltr'><strong>interpolatione</strong></span> <span class='ocrx_word' id='word_1_458' title='bbox 3464 2589 3478 2614; x_wconf 94' lang='lat'><strong>,</strong></span> <span class='ocrx_word' id='word_1_459' title='bbox 3511 2564 3672 2617; x_wconf 88' lang='lat' dir='ltr'><strong>quam</strong></span> <span class='ocrx_word' id='word_1_460' title='bbox 3702 2561 3907 2601; x_wconf 53' lang='grc' dir='ltr'><strong>ωηιξη</strong></span> <span class='ocrx_word' id='word_1_461' title='bbox 3935 2549 4045 2616; x_wconf 80' lang='lat' dir='ltr'><strong>jam</strong></span> 
     </span>
    </p>
   </div>
   <div class='ocr_carea' id='block_1_70' title="bbox 2475 2637 4045 2708">
    <p class='ocr_par' dir='ltr' id='par_1_70' title="bbox 2475 2637 4045 2708">
     <span class='ocr_line' id='line_1_70' title="bbox 2475 2637 4045 2708; baseline 0.001 -19"><span class='ocrx_word' id='word_1_462' title='bbox 2475 2638 2643 2689; x_wconf 90' lang='lat' dir='ltr'><strong>totius</strong></span> <span class='ocrx_word' id='word_1_463' title='bbox 2671 2637 2981 2690; x_wconf 82' lang='lat' dir='ltr'><strong>Occidentis</strong></span> <span class='ocrx_word' id='word_1_464' title='bbox 3015 2639 3269 2692; x_wconf 69' lang='lat' dir='ltr'><strong>Ecclesiae</strong></span> <span class='ocrx_word' id='word_1_465' title='bbox 3300 2641 3621 2708; x_wconf 69' lang='lat' dir='ltr'><strong>amplexata:</strong></span> <span class='ocrx_word' id='word_1_466' title='bbox 3662 2645 3911 2701; x_wconf 80' lang='lat' dir='ltr'><strong>fuerant,</strong></span> <span class='ocrx_word' id='word_1_467' title='bbox 3948 2656 4045 2707; x_wconf 91' lang='lat' dir='ltr'><strong>pu-</strong></span> 
     </span>
    </p>
   </div>
   <div class='ocr_carea' id='block_1_71' title="bbox 2475 2727 3723 2799">
    <p class='ocr_par' dir='ltr' id='par_1_71' title="bbox 2475 2727 3723 2799">
     <span class='ocr_line' id='line_1_71' title="bbox 2475 2727 3723 2799; baseline 0.004 -19"><span class='ocrx_word' id='word_1_468' title='bbox 2475 2728 2720 2794; x_wconf 82' lang='lat' dir='ltr'><strong>bliceque</strong></span> <span class='ocrx_word' id='word_1_469' title='bbox 2755 2729 2805 2780; x_wconf 89' lang='lat' dir='ltr'><strong>in</strong></span> <span class='ocrx_word' id='word_1_470' title='bbox 2838 2727 3077 2799; x_wconf 67' lang='lat' dir='ltr'><strong>Syntboli</strong></span> <span class='ocrx_word' id='word_1_471' title='bbox 3115 2742 3275 2784; x_wconf 90' lang='lat' dir='ltr'><strong>cantu</strong></span> <span class='ocrx_word' id='word_1_472' title='bbox 3303 2732 3723 2799; x_wconf 77' lang='lat' dir='ltr'><strong>proﬁtebantur.</strong></span> 
     </span>
    </p>
   </div>
   <div class='ocr_carea' id='block_1_72' title="bbox 2544 2816 4055 2890">
    <p class='ocr_par' dir='ltr' id='par_1_72' title="bbox 2544 2816 4055 2890">
     <span class='ocr_line' id='line_1_72' title="bbox 2544 2816 4055 2890; baseline 0.003 -21"><span class='ocrx_word' id='word_1_473' title='bbox 2544 2816 2630 2869; x_wconf 83' lang='lat' dir='ltr'><strong>IV.</strong></span> <span class='ocrx_word' id='word_1_474' title='bbox 2664 2816 2771 2869; x_wconf 80' lang='lat' dir='ltr'><strong>liae</strong></span> <span class='ocrx_word' id='word_1_475' title='bbox 2803 2828 2983 2871; x_wconf 87' lang='lat' dir='ltr'><strong>tamen</strong></span> <span class='ocrx_word' id='word_1_476' title='bbox 3026 2819 3091 2873; x_wconf 91' lang='lat' dir='ltr'><strong>de</strong></span> <span class='ocrx_word' id='word_1_477' title='bbox 3126 2835 3181 2872; x_wconf 86' lang='lat' dir='ltr'><strong>re</strong></span> <span class='ocrx_word' id='word_1_478' title='bbox 3218 2821 3380 2873; x_wconf 59' lang='lat' dir='ltr'><strong>urbe</strong></span> <span class='ocrx_word' id='word_1_479' title='bbox 3429 2834 3559 2876; x_wconf 87' lang='lat' dir='ltr'><strong>sunt</strong></span> <span class='ocrx_word' id='word_1_480' title='bbox 3608 2823 3896 2890; x_wconf 58' lang='lat' dir='ltr'><strong>vigentque</strong></span> <span class='ocrx_word' id='word_1_481' title='bbox 3958 2824 4055 2874; x_wconf 56' lang='lat' dir='ltr'><strong>ad.</strong></span> 
     </span>
    </p>
   </div>
   <div class='ocr_carea' id='block_1_73' title="bbox 2475 2907 4052 2981">
    <p class='ocr_par' dir='ltr' id='par_1_73' title="bbox 2475 2907 4052 2981">
     <span class='ocr_line' id='line_1_73' title="bbox 2475 2907 4052 2981; baseline 0.006 -22"><span class='ocrx_word' id='word_1_482' title='bbox 2475 2907 2583 2959; x_wconf 85' lang='lat' dir='ltr'><strong>huc</strong></span> <span class='ocrx_word' id='word_1_483' title='bbox 2610 2913 2936 2975; x_wconf 84' lang='lat' dir='ltr'><strong>scriptorum</strong></span> <span class='ocrx_word' id='word_1_484' title='bbox 2964 2912 3274 2976; x_wconf 83' lang='lat' dir='ltr'><strong>opiniones.</strong></span> <span class='ocrx_word' id='word_1_485' title='bbox 3306 2928 3442 2979; x_wconf 80' lang='lat' dir='ltr'><strong>quas</strong></span> <span class='ocrx_word' id='word_1_486' title='bbox 3480 2914 3683 2965; x_wconf 55' lang='lat' dir='ltr'><strong>referre</strong></span> <span class='ocrx_word' id='word_1_487' title='bbox 3718 2925 3929 2981; x_wconf 66' lang='lat' dir='ltr'><strong>praestat</strong></span> <span class='ocrx_word' id='word_1_488' title='bbox 3996 2924 4052 2967; x_wconf 86' lang='lat' dir='ltr'><strong>et</strong></span> 
     </span>
    </p>
   </div>
   <div class='ocr_carea' id='block_1_74' title="bbox 2474 3000 4047 3074">
    <p class='ocr_par' dir='ltr' id='par_1_74' title="bbox 2474 3000 4047 3074">
     <span class='ocr_line' id='line_1_74' title="bbox 2474 3000 4047 3074; baseline 0 -20"><span class='ocrx_word' id='word_1_489' title='bbox 2474 3001 2801 3069; x_wconf 69' lang='lat' dir='ltr'><strong>expendere.</strong></span> <span class='ocrx_word' id='word_1_490' title='bbox 2871 3000 3105 3055; x_wconf 79' lang='lat' dir='ltr'><strong>Sanctus</strong></span> <span class='ocrx_word' id='word_1_491' title='bbox 3157 3003 3392 3057; x_wconf 78' lang='lat' dir='ltr'><strong>Thomas</strong></span> <span class='ocrx_word' id='word_1_492' title='bbox 3443 3006 3457 3057; x_wconf 96' lang='lat' dir='ltr'><strong>l</strong></span> <span class='ocrx_word' id='word_1_493' title='bbox 3508 3018 3671 3073; x_wconf 87' lang='lat' dir='ltr'><strong>part.,</strong></span> <span class='ocrx_word' id='word_1_494' title='bbox 3725 3017 3915 3074; x_wconf 71' lang='lat' dir='ltr'><strong>qua-st.</strong></span> <span class='ocrx_word' id='word_1_495' title='bbox 3956 3006 4047 3068; x_wconf 77' lang='lat'><strong>36,</strong></span> 
     </span>
    </p>
   </div>
   <div class='ocr_carea' id='block_1_75' title="bbox 2475 3092 4051 3165">
    <p class='ocr_par' dir='ltr' id='par_1_75' title="bbox 2475 3092 4051 3165">
     <span class='ocr_line' id='line_1_75' title="bbox 2475 3092 4051 3165; baseline 0 -18"><span class='ocrx_word' id='word_1_496' title='bbox 2475 3104 2577 3147; x_wconf 86' lang='lat' dir='ltr'><strong>art.</strong></span> <span class='ocrx_word' id='word_1_497' title='bbox 2612 3092 2667 3154; x_wconf 68' lang='lat'><strong>‘2,</strong></span> <span class='ocrx_word' id='word_1_498' title='bbox 2699 3094 2764 3145; x_wconf 81' lang='lat' dir='ltr'><strong>ad</strong></span> <span class='ocrx_word' id='word_1_499' title='bbox 2791 3094 2845 3155; x_wconf 69' lang='grc' dir='ltr'><strong>Ξ,</strong></span> <span class='ocrx_word' id='word_1_500' title='bbox 2878 3095 2951 3146; x_wconf 74' lang='lat' dir='ltr'><strong>ait</strong></span> <span class='ocrx_word' id='word_1_501' title='bbox 2982 3112 2997 3146; x_wconf 88' lang='lat'><strong>:</strong></span> <span class='ocrx_word' id='word_1_502' title='bbox 3037 3094 3225 3146; x_wconf 79' lang='lat' dir='ltr'><strong>Postea</strong></span> <span class='ocrx_word' id='word_1_503' title='bbox 3260 3097 3560 3165; x_wconf 84' lang='lat' dir='ltr'><strong>insurgente</strong></span> <span class='ocrx_word' id='word_1_504' title='bbox 3594 3114 3769 3149; x_wconf 85' lang='lat' dir='ltr'><strong>errorc</strong></span> <span class='ocrx_word' id='word_1_505' title='bbox 3799 3115 4051 3163; x_wconf 81' lang='lat' dir='ltr'><strong>querunt-</strong></span> 
     </span>
    </p>
   </div>
   <div class='ocr_carea' id='block_1_76' title="bbox 2473 3188 4051 3259">
    <p class='ocr_par' dir='ltr' id='par_1_76' title="bbox 2473 3188 4051 3259">
     <span class='ocr_line' id='line_1_76' title="bbox 2473 3188 4051 3259; baseline 0 -20"><span class='ocrx_word' id='word_1_506' title='bbox 2473 3189 2618 3250; x_wconf 85' lang='lat' dir='ltr'><strong>dam,</strong></span> <span class='ocrx_word' id='word_1_507' title='bbox 2672 3188 2723 3239; x_wconf 87' lang='lat' dir='ltr'><strong>in</strong></span> <span class='ocrx_word' id='word_1_508' title='bbox 2758 3188 2982 3257; x_wconf 88' lang='lat' dir='ltr'><strong>quodam</strong></span> <span class='ocrx_word' id='word_1_509' title='bbox 3015 3189 3232 3240; x_wconf 75' lang='lat' dir='ltr'><strong>concilio</strong></span> <span class='ocrx_word' id='word_1_510' title='bbox 3276 3190 3326 3239; x_wconf 90' lang='lat' dir='ltr'><strong>in</strong></span> <span class='ocrx_word' id='word_1_511' title='bbox 3379 3190 3800 3243; x_wconf 80' lang='lat' dir='ltr'><strong>Occidentalibus</strong></span> <span class='ocrx_word' id='word_1_512' title='bbox 3833 3207 4051 3259; x_wconf 79' lang='lat' dir='ltr'><strong>congre-</strong></span> 
     </span>
    </p>
   </div>
   <div class='ocr_carea' id='block_1_77' title="bbox 2470 3280 4050 3350">
    <p class='ocr_par' dir='ltr' id='par_1_77' title="bbox 2470 3280 4050 3350">
     <span class='ocr_line' id='line_1_77' title="bbox 2470 3280 4050 3350; baseline 0.001 -19"><span class='ocrx_word' id='word_1_513' title='bbox 2470 3291 2613 3350; x_wconf 84' lang='lat' dir='ltr'><strong>gato.</strong></span> <span class='ocrx_word' id='word_1_514' title='bbox 2650 3296 2949 3347; x_wconf 74' lang='lat' dir='ltr'><strong>expressum</strong></span> <span class='ocrx_word' id='word_1_515' title='bbox 2980 3281 3075 3347; x_wconf 77' lang='lat' dir='ltr'><strong>fuit</strong></span> <span class='ocrx_word' id='word_1_516' title='bbox 3108 3280 3275 3347; x_wconf 83' lang='lat' dir='ltr'><strong>(quod</strong></span> <span class='ocrx_word' id='word_1_517' title='bbox 3299 3284 3464 3334; x_wconf 87' lang='lat' dir='ltr'><strong>etiam</strong></span> <span class='ocrx_word' id='word_1_518' title='bbox 3494 3296 3520 3334; x_wconf 90' lang='lat' dir='ltr'><strong>a</strong></span> <span class='ocrx_word' id='word_1_519' title='bbox 3550 3283 3689 3336; x_wconf 86' lang='lat' dir='ltr'><strong>Filio</strong></span> <span class='ocrx_word' id='word_1_520' title='bbox 3724 3287 4050 3348; x_wconf 84' lang='lat' dir='ltr'><strong>procederet</strong></span> 
     </span>
    </p>
   </div>
   <div class='ocr_carea' id='block_1_78' title="bbox 2470 3370 4052 3440">
    <p class='ocr_par' dir='ltr' id='par_1_78' title="bbox 2470 3370 4052 3440">
     <span class='ocr_line' id='line_1_78' title="bbox 2470 3370 4052 3440; baseline 0.002 -16"><span class='ocrx_word' id='word_1_521' title='bbox 2470 3370 2707 3439; x_wconf 57' lang='lat' dir='ltr'><strong>Spiritus</strong></span> <span class='ocrx_word' id='word_1_522' title='bbox 2770 3374 3041 3428; x_wconf 57' lang='lat' dir='ltr'><strong>sanctus).</strong></span> <span class='ocrx_word' id='word_1_523' title='bbox 3085 3373 3401 3423; x_wconf 86' lang='lat' dir='ltr'><strong>auctoritate</strong></span> <span class='ocrx_word' id='word_1_524' title='bbox 3447 3372 3669 3426; x_wconf 82' lang='lat' dir='ltr'><strong>Romani</strong></span> <span class='ocrx_word' id='word_1_525' title='bbox 3724 3373 3997 3440; x_wconf 73' lang='lat' dir='ltr'><strong>Pontiﬁcis</strong></span> <span class='ocrx_word' id='word_1_526' title='bbox 4035 3391 4052 3426; x_wconf 92' lang='lat'><em>:</em></span> 
     </span>
    </p>
   </div>
   <div class='ocr_carea' id='block_1_79' title="bbox 2469 3467 4053 3539">
    <p class='ocr_par' dir='ltr' id='par_1_79' title="bbox 2469 3467 4053 3539">
     <span class='ocr_line' id='line_1_79' title="bbox 2469 3467 4053 3539; baseline 0.004 -24"><span class='ocrx_word' id='word_1_527' title='bbox 2469 3467 2618 3533; x_wconf 84' lang='lat' dir='ltr'><strong>cujus</strong></span> <span class='ocrx_word' id='word_1_528' title='bbox 2666 3468 2979 3518; x_wconf 82' lang='lat' dir='ltr'><strong>auctoritate</strong></span> <span class='ocrx_word' id='word_1_529' title='bbox 3016 3468 3173 3517; x_wconf 87' lang='lat' dir='ltr'><strong>etiam</strong></span> <span class='ocrx_word' id='word_1_530' title='bbox 3224 3470 3438 3533; x_wconf 85' lang='lat' dir='ltr'><strong>antiqua</strong></span> <span class='ocrx_word' id='word_1_531' title='bbox 3487 3469 3707 3521; x_wconf 88' lang='lat' dir='ltr'><strong>concilia</strong></span> <span class='ocrx_word' id='word_1_532' title='bbox 3759 3484 4053 3539; x_wconf 82' lang='lat' dir='ltr'><strong>cangrega-</strong></span> 
     </span>
    </p>
   </div>
   <div class='ocr_carea' id='block_1_80' title="bbox 2469 3555 4055 3620">
    <p class='ocr_par' dir='ltr' id='par_1_80' title="bbox 2469 3555 4055 3620">
     <span class='ocr_line' id='line_1_80' title="bbox 2469 3555 4055 3620; baseline 0.003 -15"><span class='ocrx_word' id='word_1_533' title='bbox 2469 3555 2663 3606; x_wconf 89' lang='lat' dir='ltr'><strong>bantur</strong></span> <span class='ocrx_word' id='word_1_534' title='bbox 2709 3564 2758 3610; x_wconf 86' lang='lat' dir='ltr'><strong>et</strong></span> <span class='ocrx_word' id='word_1_535' title='bbox 2840 3557 3311 3620; x_wconf 79' lang='lat' dir='ltr'><strong>conﬁrmabantur.</strong></span> <span class='ocrx_word' id='word_1_536' title='bbox 3370 3558 3524 3611; x_wconf 67' lang='lat' dir='ltr'><strong>Paria</strong></span> <span class='ocrx_word' id='word_1_537' title='bbox 3596 3559 3790 3611; x_wconf 81' lang='lat' dir='ltr'><strong>scribit</strong></span> <span class='ocrx_word' id='word_1_538' title='bbox 3859 3573 4055 3612; x_wconf 79' lang='lat' dir='ltr'><strong>contra</strong></span> 
     </span>
    </p>
   </div>
   <div class='ocr_carea' id='block_1_81' title="bbox 2469 3647 4053 3716">
    <p class='ocr_par' dir='ltr' id='par_1_81' title="bbox 2469 3647 4053 3716">
     <span class='ocr_line' id='line_1_81' title="bbox 2469 3647 4053 3716; baseline 0.004 -21"><span class='ocrx_word' id='word_1_539' title='bbox 2469 3657 2679 3715; x_wconf 66' lang='lat' dir='ltr'><strong>gentes,</strong></span> <span class='ocrx_word' id='word_1_540' title='bbox 2698 3647 2839 3701; x_wconf 86' lang='lat' dir='ltr'><strong>libro</strong></span> <span class='ocrx_word' id='word_1_541' title='bbox 2876 3664 2949 3710; x_wconf 77' lang='lat' dir='ltr'><strong>Iv,</strong></span> <span class='ocrx_word' id='word_1_542' title='bbox 2981 3650 3157 3715; x_wconf 80' lang='lat' dir='ltr'><strong>Capite</strong></span> <span class='ocrx_word' id='word_1_543' title='bbox 3184 3648 3251 3700; x_wconf 78' lang='lat'><strong>&#39;25</strong></span> <span class='ocrx_word' id='word_1_544' title='bbox 3279 3666 3290 3699; x_wconf 93' lang='lat'>:</span> <span class='ocrx_word' id='word_1_545' title='bbox 3330 3649 3600 3702; x_wconf 70' lang='lat' dir='ltr'><strong>Process&#39;o</strong></span> <span class='ocrx_word' id='word_1_546' title='bbox 3624 3649 3851 3716; x_wconf 83' lang='lat' dir='ltr'><strong>Spiritus</strong></span> <span class='ocrx_word' id='word_1_547' title='bbox 3876 3655 4053 3704; x_wconf 82' lang='lat' dir='ltr'><strong>sancti</strong></span> 
     </span>
    </p>
   </div>
   <div class='ocr_carea' id='block_1_82' title="bbox 2472 3738 4053 3811">
    <p class='ocr_par' dir='ltr' id='par_1_82' title="bbox 2472 3738 4053 3811">
     <span class='ocr_line' id='line_1_82' title="bbox 2472 3738 4053 3811; baseline 0.003 -20"><span class='ocrx_word' id='word_1_548' title='bbox 2472 3757 2503 3791; x_wconf 93' lang='lat' dir='ltr'><strong>a</strong></span> <span class='ocrx_word' id='word_1_549' title='bbox 2552 3738 2687 3790; x_wconf 80' lang='lat' dir='ltr'><strong>Filio</strong></span> <span class='ocrx_word' id='word_1_550' title='bbox 2718 3740 2970 3806; x_wconf 85' lang='lat' dir='ltr'><strong>implicite</strong></span> <span class='ocrx_word' id='word_1_551' title='bbox 3000 3742 3298 3791; x_wconf 74' lang='lat' dir='ltr'><strong>continetur</strong></span> <span class='ocrx_word' id='word_1_552' title='bbox 3342 3744 3392 3793; x_wconf 86' lang='lat' dir='ltr'><strong>in</strong></span> <span class='ocrx_word' id='word_1_553' title='bbox 3448 3741 4053 3811; x_wconf 77' lang='lat' dir='ltr'><strong>Constantinopolitaua</strong></span> 
     </span>
    </p>
   </div>
   <div class='ocr_carea' id='block_1_83' title="bbox 2468 3832 4054 3903">
    <p class='ocr_par' dir='ltr' id='par_1_83' title="bbox 2468 3832 4054 3903">
     <span class='ocr_line' id='line_1_83' title="bbox 2468 3832 4054 3903; baseline 0.004 -20"><span class='ocrx_word' id='word_1_554' title='bbox 2468 3832 2667 3900; x_wconf 78' lang='lat' dir='ltr'><strong>synodo</strong></span> <span class='ocrx_word' id='word_1_555' title='bbox 2688 3833 2744 3883; x_wconf 83' lang='lat' dir='ltr'><strong>in</strong></span> <span class='ocrx_word' id='word_1_556' title='bbox 2770 3837 2863 3885; x_wconf 81' lang='lat' dir='ltr'><strong>hoc</strong></span> <span class='ocrx_word' id='word_1_557' title='bbox 2890 3836 3027 3900; x_wconf 89' lang='lat' dir='ltr'><strong>quod</strong></span> <span class='ocrx_word' id='word_1_558' title='bbox 3057 3836 3365 3892; x_wconf 35' lang='lat' dir='ltr'><strong>ibi‘tlicitur.</strong></span> <span class='ocrx_word' id='word_1_559' title='bbox 3390 3838 3526 3901; x_wconf 78' lang='lat' dir='ltr'><strong>quod</strong></span> <span class='ocrx_word' id='word_1_560' title='bbox 3545 3840 3772 3903; x_wconf 79' lang='lat' dir='ltr'><strong>procedit</strong></span> <span class='ocrx_word' id='word_1_561' title='bbox 3791 3855 3821 3889; x_wconf 81' lang='grc' dir='ltr'><strong><em>(ι</em></strong></span> <span class='ocrx_word' id='word_1_562' title='bbox 3852 3838 4016 3890; x_wconf 70' lang='lat' dir='ltr'><strong>Putre</strong></span> <span class='ocrx_word' id='word_1_563' title='bbox 4039 3857 4054 3890; x_wconf 92' lang='lat'><em>:</em></span> 
     </span>
    </p>
   </div>
   <div class='ocr_carea' id='block_1_84' title="bbox 2471 3925 4058 3994">
    <p class='ocr_par' dir='ltr' id='par_1_84' title="bbox 2471 3925 4058 3994">
     <span class='ocr_line' id='line_1_84' title="bbox 2471 3925 4058 3994; baseline 0.005 -21"><span class='ocrx_word' id='word_1_564' title='bbox 2471 3925 2594 3992; x_wconf 87' lang='lat' dir='ltr'><strong><em>quia</em></strong></span> <span class='ocrx_word' id='word_1_565' title='bbox 2631 3926 2765 3990; x_wconf 85' lang='lat' dir='ltr'><strong><em>quod</em></strong></span> <span class='ocrx_word' id='word_1_566' title='bbox 2818 3925 2882 3977; x_wconf 88' lang='lat' dir='ltr'><strong>de</strong></span> <span class='ocrx_word' id='word_1_567' title='bbox 2920 3925 3083 3977; x_wconf 85' lang='lat' dir='ltr'><strong>Patre</strong></span> <span class='ocrx_word' id='word_1_568' title='bbox 3116 3925 3451 3994; x_wconf 77' lang='lat' dir='ltr'><strong>intelligitur,</strong></span> <span class='ocrx_word' id='word_1_569' title='bbox 3484 3936 3684 3990; x_wconf 78' lang='lat' dir='ltr'><strong>oportet</strong></span> <span class='ocrx_word' id='word_1_570' title='bbox 3720 3937 3768 3979; x_wconf 76' lang='lat' dir='ltr'><strong>et</strong></span> <span class='ocrx_word' id='word_1_571' title='bbox 3811 3930 3873 3979; x_wconf 71' lang='lat' dir='ltr'><strong>de</strong></span> <span class='ocrx_word' id='word_1_572' title='bbox 3910 3926 4058 3981; x_wconf 78' lang='lat' dir='ltr'><strong><em>Filio</em></strong></span> 
     </span>
    </p>
   </div>
   <div class='ocr_carea' id='block_1_85' title="bbox 2472 4015 4056 4086">
    <p class='ocr_par' dir='ltr' id='par_1_85' title="bbox 2472 4015 4056 4086">
     <span class='ocr_line' id='line_1_85' title="bbox 2472 4015 4056 4086; baseline 0.004 -21"><span class='ocrx_word' id='word_1_573' title='bbox 2472 4015 2722 4084; x_wconf 78' lang='lat' dir='ltr'><strong>intelligi.</strong></span> <span class='ocrx_word' id='word_1_574' title='bbox 2767 4016 2833 4068; x_wconf 78' lang='lat' dir='ltr'><strong>Et</strong></span> <span class='ocrx_word' id='word_1_575' title='bbox 2883 4018 2951 4067; x_wconf 89' lang='lat' dir='ltr'><strong>ad</strong></span> <span class='ocrx_word' id='word_1_576' title='bbox 3013 4020 3102 4069; x_wconf 72' lang='lat' dir='ltr'><strong>hoc</strong></span> <span class='ocrx_word' id='word_1_577' title='bbox 3155 4020 3453 4071; x_wconf 83' lang='lat' dir='ltr'><strong>addendum</strong></span> <span class='ocrx_word' id='word_1_578' title='bbox 3507 4021 3691 4086; x_wconf 77' lang='lat' dir='ltr'><strong>sufﬁcit</strong></span> <span class='ocrx_word' id='word_1_579' title='bbox 3758 4023 4056 4072; x_wconf 85' lang='lat' dir='ltr'><strong>auctoritas</strong></span> 
     </span>
    </p>
   </div>
   <div class='ocr_carea' id='block_1_86' title="bbox 2474 4105 4046 4177">
    <p class='ocr_par' dir='ltr' id='par_1_86' title="bbox 2474 4105 4046 4177">
     <span class='ocr_line' id='line_1_86' title="bbox 2474 4105 4046 4177; baseline 0.004 -19"><span class='ocrx_word' id='word_1_580' title='bbox 2474 4105 2698 4158; x_wconf 84' lang='lat' dir='ltr'><strong>Romani</strong></span> <span class='ocrx_word' id='word_1_581' title='bbox 2747 4108 3027 4173; x_wconf 74' lang='lat' dir='ltr'><strong>pontiﬁcis,</strong></span> <span class='ocrx_word' id='word_1_582' title='bbox 3066 4126 3156 4177; x_wconf 84' lang='lat' dir='ltr'><strong>per</strong></span> <span class='ocrx_word' id='word_1_583' title='bbox 3185 4127 3345 4176; x_wconf 80' lang='lat' dir='ltr'><strong>quant</strong></span> <span class='ocrx_word' id='word_1_584' title='bbox 3378 4114 3539 4162; x_wconf 80' lang='lat' dir='ltr'><strong>etiam</strong></span> <span class='ocrx_word' id='word_1_585' title='bbox 3568 4114 3909 4165; x_wconf 67' lang='lat' dir='ltr'><strong>Moeninntur</strong></span> <span class='ocrx_word' id='word_1_586' title='bbox 3958 4132 4046 4165; x_wconf 76' lang='lat' dir='ltr'><strong>an-</strong></span> 
     </span>
    </p>
   </div>
   <div class='ocr_carea' id='block_1_87' title="bbox 2472 4198 4054 4270">
    <p class='ocr_par' dir='ltr' id='par_1_87' title="bbox 2472 4198 4054 4270">
     <span class='ocr_line' id='line_1_87' title="bbox 2472 4198 4054 4270; baseline 0.003 -20"><span class='ocrx_word' id='word_1_587' title='bbox 2472 4199 2621 4266; x_wconf 87' lang='lat' dir='ltr'><strong>tiqua</strong></span> <span class='ocrx_word' id='word_1_588' title='bbox 2667 4198 2891 4250; x_wconf 82' lang='lat' dir='ltr'><strong>concilia</strong></span> <span class='ocrx_word' id='word_1_589' title='bbox 2946 4214 3056 4251; x_wconf 81' lang='lat' dir='ltr'><strong>esse</strong></span> <span class='ocrx_word' id='word_1_590' title='bbox 3076 4200 3418 4266; x_wconf 80' lang='lat' dir='ltr'><strong>conﬁrmata.</strong></span> <span class='ocrx_word' id='word_1_591' title='bbox 3469 4201 3846 4258; x_wconf 82' lang='lat' dir='ltr'><strong>Occidentale.</strong></span> <span class='ocrx_word' id='word_1_592' title='bbox 3899 4205 4054 4270; x_wconf 75' lang='lat' dir='ltr'><strong>quod</strong></span> 
     </span>
    </p>
   </div>
   <div class='ocr_carea' id='block_1_88' title="bbox 2473 4290 4061 4362">
    <p class='ocr_par' dir='ltr' id='par_1_88' title="bbox 2473 4290 4061 4362">
     <span class='ocr_line' id='line_1_88' title="bbox 2473 4290 4061 4362; baseline 0.002 -19"><span class='ocrx_word' id='word_1_593' title='bbox 2473 4290 2715 4357; x_wconf 82' lang='lat' dir='ltr'><strong>Aquinas</strong></span> <span class='ocrx_word' id='word_1_594' title='bbox 2768 4300 3055 4349; x_wconf 82' lang='lat' dir='ltr'><strong>memerat.</strong></span> <span class='ocrx_word' id='word_1_595' title='bbox 3089 4306 3119 4343; x_wconf 87' lang='lat' dir='ltr'><strong>a</strong></span> <span class='ocrx_word' id='word_1_596' title='bbox 3168 4292 3414 4345; x_wconf 81' lang='lat' dir='ltr'><strong>Romano</strong></span> <span class='ocrx_word' id='word_1_597' title='bbox 3449 4293 3705 4360; x_wconf 78' lang='lat' dir='ltr'><strong>pontiﬁce</strong></span> <span class='ocrx_word' id='word_1_598' title='bbox 3750 4310 4061 4362; x_wconf 54' lang='lat' dir='ltr'><strong>congrega.</strong></span> 
     </span>
    </p>
   </div>
   <div class='ocr_carea' id='block_1_89' title="bbox 2477 4382 4061 4453">
    <p class='ocr_par' dir='ltr' id='par_1_89' title="bbox 2477 4382 4061 4453">
     <span class='ocr_line' id='line_1_89' title="bbox 2477 4382 4061 4453; baseline 0.003 -19"><span class='ocrx_word' id='word_1_599' title='bbox 2477 4390 2616 4443; x_wconf 91' lang='lat' dir='ltr'><strong>tum,</strong></span> <span class='ocrx_word' id='word_1_600' title='bbox 2666 4382 2959 4435; x_wconf 85' lang='lat' dir='ltr'><strong>concilium</strong></span> <span class='ocrx_word' id='word_1_601' title='bbox 2995 4384 3142 4436; x_wconf 87' lang='lat' dir='ltr'><strong>latet.</strong></span> <span class='ocrx_word' id='word_1_602' title='bbox 3186 4383 3386 4448; x_wconf 85' lang='lat' dir='ltr'><strong>Quidni</strong></span> <span class='ocrx_word' id='word_1_603' title='bbox 3428 4400 3561 4439; x_wconf 77' lang='lat' dir='ltr'><strong>vero</strong></span> <span class='ocrx_word' id='word_1_604' title='bbox 3597 4401 3696 4453; x_wconf 89' lang='lat' dir='ltr'><strong>pro</strong></span> <span class='ocrx_word' id='word_1_605' title='bbox 3722 4385 4061 4440; x_wconf 79' lang='lat' dir='ltr'><strong>Occidentali</strong></span> 
     </span>
    </p>
   </div>
   <div class='ocr_carea' id='block_1_90' title="bbox 2474 4474 4061 4545">
    <p class='ocr_par' dir='ltr' id='par_1_90' title="bbox 2474 4474 4061 4545">
     <span class='ocr_line' id='line_1_90' title="bbox 2474 4474 4061 4545; baseline 0.004 -20"><span class='ocrx_word' id='word_1_606' title='bbox 2474 4474 2693 4527; x_wconf 85' lang='lat' dir='ltr'><strong>concilio</strong></span> <span class='ocrx_word' id='word_1_607' title='bbox 2716 4474 2944 4543; x_wconf 74' lang='lat' dir='ltr'><strong>intelligi</strong></span> <span class='ocrx_word' id='word_1_608' title='bbox 2975 4485 3165 4543; x_wconf 86' lang='lat' dir='ltr'><strong>queat,</strong></span> <span class='ocrx_word' id='word_1_609' title='bbox 3198 4475 3416 4529; x_wconf 82' lang='lat' dir='ltr'><strong>Henrici</strong></span> <span class='ocrx_word' id='word_1_610' title='bbox 3450 4480 3800 4545; x_wconf 85' lang='lat' dir='ltr'><strong>imperatoris</strong></span> <span class='ocrx_word' id='word_1_611' title='bbox 3834 4482 4061 4545; x_wconf 82' lang='lat' dir='ltr'><strong>petitio,</strong></span> 
     </span>
    </p>
   </div>
   <div class='ocr_carea' id='block_1_91' title="bbox 796 4559 4067 4635">
    <p class='ocr_par' dir='ltr' id='par_1_91' title="bbox 796 4559 4067 4635">
     <span class='ocr_line' id='line_1_91' title="bbox 796 4559 4067 4635; baseline 0.001 -15"><span class='ocrx_word' id='word_1_612' title='bbox 796 4569 993 4620; x_wconf 78' lang='lat' dir='ltr'><strong>fuisset</strong></span> <span class='ocrx_word' id='word_1_613' title='bbox 1030 4562 1325 4630; x_wconf 87' lang='lat' dir='ltr'><strong>aliquando</strong></span> <span class='ocrx_word' id='word_1_614' title='bbox 1381 4560 1488 4613; x_wconf 91' lang='lat' dir='ltr'><strong>ulla</strong></span> <span class='ocrx_word' id='word_1_615' title='bbox 1538 4560 1805 4613; x_wconf 67' lang='lat' dir='ltr'><strong>haereseos</strong></span> <span class='ocrx_word' id='word_1_616' title='bbox 1838 4559 1969 4613; x_wconf 70' lang='lat' dir='ltr'><strong>faece</strong></span> <span class='ocrx_word' id='word_1_617' title='bbox 2009 4559 2241 4622; x_wconf 82' lang='lat' dir='ltr'><strong>inlecta,</strong></span> <span class='ocrx_word' id='word_1_618' title='bbox 2271 4560 2369 4614; x_wconf 81' lang='lat' dir='ltr'><strong>sed</strong></span> <span class='ocrx_word' id='word_1_619' title='bbox 2404 4582 2447 4635; x_wconf 81' lang='grc' dir='ltr'><strong>ι)</strong></span> <span class='ocrx_word' id='word_1_620' title='bbox 2478 4566 2811 4632; x_wconf 81' lang='lat' dir='ltr'><strong>omniumque</strong></span> <span class='ocrx_word' id='word_1_621' title='bbox 2854 4568 3091 4619; x_wconf 83' lang='lat' dir='ltr'><strong>maxime</strong></span> <span class='ocrx_word' id='word_1_622' title='bbox 3128 4583 3444 4629; x_wconf 82' lang='lat' dir='ltr'><strong>consensus;</strong></span> <span class='ocrx_word' id='word_1_623' title='bbox 3484 4584 3596 4635; x_wconf 91' lang='lat' dir='ltr'><strong>quo</strong></span> <span class='ocrx_word' id='word_1_624' title='bbox 3643 4569 3827 4623; x_wconf 78' lang='lat' dir='ltr'><strong>habito</strong></span> <span class='ocrx_word' id='word_1_625' title='bbox 3876 4569 4067 4623; x_wconf 85' lang='lat' dir='ltr'><strong>Bene-</strong></span> 
     </span>
    </p>
   </div>
   <div class='ocr_carea' id='block_1_92' title="bbox 794 4650 2371 4710">
    <p class='ocr_par' dir='ltr' id='par_1_92' title="bbox 794 4650 2371 4710">
     <span class='ocr_line' id='line_1_92' title="bbox 794 4650 2371 4710; baseline -0.005 0"><span class='ocrx_word' id='word_1_626' title='bbox 794 4655 1097 4710; x_wconf 86' lang='lat' dir='ltr'><strong>secundum</strong></span> <span class='ocrx_word' id='word_1_627' title='bbox 1125 4652 1297 4706; x_wconf 89' lang='lat' dir='ltr'><strong>sancti</strong></span> <span class='ocrx_word' id='word_1_628' title='bbox 1353 4650 1499 4705; x_wconf 88' lang='lat' dir='ltr'><strong>Petri</strong></span> <span class='ocrx_word' id='word_1_629' title='bbox 1539 4650 1842 4703; x_wconf 87' lang='lat' dir='ltr'><strong>doctrinam</strong></span> <span class='ocrx_word' id='word_1_630' title='bbox 1872 4652 1925 4704; x_wconf 90' lang='lat' dir='ltr'><strong>in</strong></span> <span class='ocrx_word' id='word_1_631' title='bbox 1954 4650 2228 4705; x_wconf 84' lang='lat' dir='ltr'><strong>soliditate</strong></span> <span class='ocrx_word' id='word_1_632' title='bbox 2278 4665 2371 4704; x_wconf 88' lang='lat' dir='ltr'><strong>ca-</strong></span> 
     </span>
    </p>
   </div>
   <div class='ocr_carea' id='block_1_93' title="bbox 801 4742 2372 4813">
    <p class='ocr_par' dir='ltr' id='par_1_93' title="bbox 801 4742 2372 4813">
     <span class='ocr_line' id='line_1_93' title="bbox 801 4742 2372 4813; baseline -0.003 -13"><span class='ocrx_word' id='word_1_633' title='bbox 801 4747 1018 4800; x_wconf 78' lang='lat' dir='ltr'><strong>tltoliete</strong></span> <span class='ocrx_word' id='word_1_634' title='bbox 1046 4744 1169 4796; x_wconf 84' lang='lat' dir='ltr'><strong>ﬁdei</strong></span> <span class='ocrx_word' id='word_1_635' title='bbox 1203 4753 1553 4811; x_wconf 88' lang='lat' dir='ltr'><strong>permaneret</strong></span> <span class='ocrx_word' id='word_1_636' title='bbox 1580 4742 1905 4796; x_wconf 84' lang='lat' dir='ltr'><strong>inconcussa</strong></span> <span class='ocrx_word' id='word_1_637' title='bbox 1933 4750 2024 4795; x_wconf 86' lang='lat' dir='ltr'><strong>:et</strong></span> <span class='ocrx_word' id='word_1_638' title='bbox 2056 4743 2178 4796; x_wconf 89' lang='lat' dir='ltr'><strong>ideo</strong></span> <span class='ocrx_word' id='word_1_639' title='bbox 2200 4743 2372 4813; x_wconf 84' lang='lat' dir='ltr'><strong>magis</strong></span> 
     </span>
    </p>
   </div>
   <div class='ocr_carea' id='block_1_94' title="bbox 799 4836 2377 4906">
    <p class='ocr_par' dir='ltr' id='par_1_94' title="bbox 799 4836 2377 4906">
     <span class='ocr_line' id='line_1_94' title="bbox 799 4836 2377 4906; baseline -0.004 -10"><span class='ocrx_word' id='word_1_640' title='bbox 799 4845 887 4896; x_wconf 85' lang='lat' dir='ltr'><strong>his</strong></span> <span class='ocrx_word' id='word_1_641' title='bbox 916 4838 1286 4895; x_wconf 70' lang='lat' dir='ltr'><strong>necessztriunt</strong></span> <span class='ocrx_word' id='word_1_642' title='bbox 1327 4852 1449 4891; x_wconf 87' lang='lat' dir='ltr'><strong>esse</strong></span> <span class='ocrx_word' id='word_1_643' title='bbox 1482 4838 1614 4890; x_wconf 88' lang='lat' dir='ltr'><strong>illud</strong></span> <span class='ocrx_word' id='word_1_644' title='bbox 1648 4836 1968 4906; x_wconf 85' lang='lat' dir='ltr'><strong>Symbolum</strong></span> <span class='ocrx_word' id='word_1_645' title='bbox 2008 4839 2209 4906; x_wconf 67' lang='lat' dir='ltr'><strong>sepius</strong></span> <span class='ocrx_word' id='word_1_646' title='bbox 2249 4854 2377 4892; x_wconf 83' lang='lat' dir='ltr'><strong>catt-</strong></span> 
     </span>
    </p>
   </div>
   <div class='ocr_carea' id='block_1_95' title="bbox 802 4930 2380 5000">
    <p class='ocr_par' dir='ltr' id='par_1_95' title="bbox 802 4930 2380 5000">
     <span class='ocr_line' id='line_1_95' title="bbox 802 4930 2380 5000; baseline -0.003 -12"><span class='ocrx_word' id='word_1_647' title='bbox 802 4935 961 4988; x_wconf 89' lang='lat' dir='ltr'><strong>tando</strong></span> <span class='ocrx_word' id='word_1_648' title='bbox 991 4930 1474 5000; x_wconf 80' lang='lat' dir='ltr'><strong>frequentare,qui</strong></span> <span class='ocrx_word' id='word_1_649' title='bbox 1503 4930 1796 4997; x_wconf 87' lang='lat' dir='ltr'><strong>aliquando</strong></span> <span class='ocrx_word' id='word_1_650' title='bbox 1821 4930 1927 4982; x_wconf 83' lang='lat' dir='ltr'><strong><em>ulla</em></strong></span> <span class='ocrx_word' id='word_1_651' title='bbox 1957 4930 2149 4983; x_wconf 69' lang='lat' dir='ltr'><strong>lucresi</strong></span> <span class='ocrx_word' id='word_1_652' title='bbox 2188 4940 2380 4998; x_wconf 85' lang='lat' dir='ltr'><strong>potue-</strong></span> 
     </span>
    </p>
   </div>
   <div class='ocr_carea' id='block_1_96' title="bbox 800 5017 2375 5085">
    <p class='ocr_par' dir='ltr' id='par_1_96' title="bbox 800 5017 2375 5085">
     <span class='ocr_line' id='line_1_96' title="bbox 800 5017 2375 5085; baseline -0.003 -8"><span class='ocrx_word' id='word_1_653' title='bbox 800 5033 927 5077; x_wconf 90' lang='lat' dir='ltr'><strong>runt</strong></span> <span class='ocrx_word' id='word_1_654' title='bbox 983 5022 1263 5074; x_wconf 89' lang='lat' dir='ltr'><strong>maculari.</strong></span> <span class='ocrx_word' id='word_1_655' title='bbox 1304 5021 1371 5072; x_wconf 84' lang='lat' dir='ltr'><strong>At</strong></span> <span class='ocrx_word' id='word_1_656' title='bbox 1412 5019 1669 5072; x_wconf 87' lang='lat' dir='ltr'><strong>dominus</strong></span> <span class='ocrx_word' id='word_1_657' title='bbox 1720 5017 2018 5085; x_wconf 87' lang='lat' dir='ltr'><strong>imperator</strong></span> <span class='ocrx_word' id='word_1_658' title='bbox 2056 5034 2163 5071; x_wconf 90' lang='lat' dir='ltr'><strong>non</strong></span> <span class='ocrx_word' id='word_1_659' title='bbox 2216 5032 2375 5073; x_wconf 78' lang='lat' dir='ltr'><strong>antea</strong></span> 
     </span>
    </p>
   </div>
   <div class='ocr_carea' id='block_1_97' title="bbox 798 5108 2377 5182">
    <p class='ocr_par' dir='ltr' id='par_1_97' title="bbox 798 5108 2377 5182">
     <span class='ocr_line' id='line_1_97' title="bbox 798 5108 2377 5182; baseline -0.004 -12"><span class='ocrx_word' id='word_1_660' title='bbox 798 5116 980 5175; x_wconf 88' lang='lat' dir='ltr'><strong>desiit,</strong></span> <span class='ocrx_word' id='word_1_661' title='bbox 1012 5126 1174 5182; x_wconf 89' lang='lat' dir='ltr'><strong>quam</strong></span> <span class='ocrx_word' id='word_1_662' title='bbox 1208 5111 1436 5163; x_wconf 87' lang='lat' dir='ltr'><strong>omnium</strong></span> <span class='ocrx_word' id='word_1_663' title='bbox 1464 5124 1714 5162; x_wconf 79' lang='lat' dir='ltr'><strong>consensu</strong></span> <span class='ocrx_word' id='word_1_664' title='bbox 1763 5108 1815 5161; x_wconf 90' lang='lat' dir='ltr'><strong>id</strong></span> <span class='ocrx_word' id='word_1_665' title='bbox 1873 5108 2095 5163; x_wconf 92' lang='lat' dir='ltr'><strong>domino</strong></span> <span class='ocrx_word' id='word_1_666' title='bbox 2141 5110 2377 5164; x_wconf 86' lang='lat' dir='ltr'><strong>Benedi-</strong></span> 
     </span>
    </p>
   </div>
   <div class='ocr_carea' id='block_1_98' title="bbox 799 5200 2373 5271">
    <p class='ocr_par' dir='ltr' id='par_1_98' title="bbox 799 5200 2373 5271">
     <span class='ocr_line' id='line_1_98' title="bbox 799 5200 2373 5271; baseline -0.002 -14"><span class='ocrx_word' id='word_1_667' title='bbox 799 5214 889 5257; x_wconf 87' lang='lat' dir='ltr'><strong>cto</strong></span> <span class='ocrx_word' id='word_1_668' title='bbox 928 5203 1238 5271; x_wconf 83' lang='lat' dir='ltr'><strong>Apostolieo</strong></span> <span class='ocrx_word' id='word_1_669' title='bbox 1278 5200 1566 5268; x_wconf 86' lang='lat' dir='ltr'><strong>persuasit,</strong></span> <span class='ocrx_word' id='word_1_670' title='bbox 1617 5209 1672 5251; x_wconf 88' lang='lat' dir='ltr'><strong>ut</strong></span> <span class='ocrx_word' id='word_1_671' title='bbox 1712 5200 1780 5252; x_wconf 87' lang='lat' dir='ltr'><strong>ad</strong></span> <span class='ocrx_word' id='word_1_672' title='bbox 1831 5200 2091 5265; x_wconf 83' lang='lat' dir='ltr'><strong>publicam</strong></span> <span class='ocrx_word' id='word_1_673' title='bbox 2151 5200 2373 5254; x_wconf 74' lang='lat' dir='ltr'><strong>Missam</strong></span> 
     </span>
    </p>
   </div>
   <div class='ocr_carea' id='block_1_99' title="bbox 798 5289 2371 5348">
    <p class='ocr_par' dir='ltr' id='par_1_99' title="bbox 798 5289 2371 5348">
     <span class='ocr_line' id='line_1_99' title="bbox 798 5289 2371 5348; baseline -0.001 0"><span class='ocrx_word' id='word_1_674' title='bbox 798 5294 932 5348; x_wconf 87' lang='lat' dir='ltr'><strong>illud</strong></span> <span class='ocrx_word' id='word_1_675' title='bbox 962 5295 1330 5346; x_wconf 85' lang='lat' dir='ltr'><strong>decantarent.</strong></span> <span class='ocrx_word' id='word_1_676' title='bbox 1372 5289 1476 5343; x_wconf 86' lang='lat' dir='ltr'><strong>Sed</strong></span> <span class='ocrx_word' id='word_1_677' title='bbox 1512 5299 1693 5343; x_wconf 91' lang='lat' dir='ltr'><strong>utrum</strong></span> <span class='ocrx_word' id='word_1_678' title='bbox 1742 5292 1882 5344; x_wconf 89' lang='lat' dir='ltr'><strong>hanc</strong></span> <span class='ocrx_word' id='word_1_679' title='bbox 1918 5294 2371 5347; x_wconf 86' lang='lat' dir='ltr'><strong>consuetudinem</strong></span> 
     </span>
    </p>
   </div>
   <div class='ocr_carea' id='block_1_100' title="bbox 797 5381 2376 5451">
    <p class='ocr_par' dir='ltr' id='par_1_100' title="bbox 797 5381 2376 5451">
     <span class='ocr_line' id='line_1_100' title="bbox 797 5381 2376 5451; baseline -0.002 -9"><span class='ocrx_word' id='word_1_680' title='bbox 797 5397 1021 5442; x_wconf 84' lang='lat' dir='ltr'><strong>servent</strong></span> <span class='ocrx_word' id='word_1_681' title='bbox 1062 5386 1257 5447; x_wconf 85' lang='lat' dir='ltr'><strong>adhuc,</strong></span> <span class='ocrx_word' id='word_1_682' title='bbox 1291 5381 1559 5436; x_wconf 86' lang='lat' dir='ltr'><strong>allirmare</strong></span> <span class='ocrx_word' id='word_1_683' title='bbox 1602 5398 1709 5435; x_wconf 88' lang='lat' dir='ltr'><strong>non</strong></span> <span class='ocrx_word' id='word_1_684' title='bbox 1739 5399 2060 5451; x_wconf 78' lang='lat' dir='ltr'><strong>possumus,</strong></span> <span class='ocrx_word' id='word_1_685' title='bbox 2097 5386 2224 5451; x_wconf 85' lang='lat' dir='ltr'><strong>quia</strong></span> <span class='ocrx_word' id='word_1_686' title='bbox 2258 5401 2376 5439; x_wconf 87' lang='lat' dir='ltr'><strong>cer-</strong></span> 
     </span>
    </p>
   </div>
   <div class='ocr_carea' id='block_1_101' title="bbox 804 5472 2195 5532">
    <p class='ocr_par' dir='ltr' id='par_1_101' title="bbox 804 5472 2195 5532">
     <span class='ocr_line' id='line_1_101' title="bbox 804 5472 2195 5532; baseline -0.001 0"><span class='ocrx_word' id='word_1_687' title='bbox 804 5490 917 5532; x_wconf 90' lang='lat' dir='ltr'><strong>tum</strong></span> <span class='ocrx_word' id='word_1_688' title='bbox 961 5492 1073 5532; x_wconf 91' lang='lat' dir='ltr'><strong>non</strong></span> <span class='ocrx_word' id='word_1_689' title='bbox 1097 5485 1370 5529; x_wconf 85' lang='lat' dir='ltr'><strong>tenemus.</strong></span> <span class='ocrx_word' id='word_1_690' title='bbox 1410 5491 1429 5524; x_wconf 75' lang='grc' dir='ltr'><strong><em>ι</em></strong></span> <span class='ocrx_word' id='word_1_691' title='bbox 1464 5472 1612 5527; x_wconf 87' lang='lat' dir='ltr'><strong>Obiit</strong></span> <span class='ocrx_word' id='word_1_692' title='bbox 1643 5473 1822 5527; x_wconf 78' lang='lat' dir='ltr'><strong>Berno</strong></span> <span class='ocrx_word' id='word_1_693' title='bbox 1849 5490 1991 5528; x_wconf 85' lang='lat' dir='ltr'><strong>anno</strong></span> <span class='ocrx_word' id='word_1_694' title='bbox 2032 5475 2195 5530; x_wconf 68' lang='grc'><strong>1043.</strong></span> 
     </span>
    </p>
   </div>
   <div class='ocr_carea' id='block_1_102' title="bbox 873 5565 2372 5637">
    <p class='ocr_par' dir='ltr' id='par_1_102' title="bbox 873 5565 2372 5637">
     <span class='ocr_line' id='line_1_102' title="bbox 873 5565 2372 5637; baseline -0.003 -13"><span class='ocrx_word' id='word_1_695' title='bbox 873 5571 1013 5624; x_wconf 83' lang='lat' dir='ltr'><strong>Num</strong></span> <span class='ocrx_word' id='word_1_696' title='bbox 1042 5583 1173 5637; x_wconf 86' lang='lat' dir='ltr'><strong>ergo</strong></span> <span class='ocrx_word' id='word_1_697' title='bbox 1206 5566 1307 5619; x_wconf 88' lang='lat' dir='ltr'><strong>hac</strong></span> <span class='ocrx_word' id='word_1_698' title='bbox 1338 5565 1464 5619; x_wconf 84' lang='lat' dir='ltr'><strong>data</strong></span> <span class='ocrx_word' id='word_1_699' title='bbox 1496 5566 1804 5627; x_wconf 82' lang='lat' dir='ltr'><strong>occasione,</strong></span> <span class='ocrx_word' id='word_1_700' title='bbox 1839 5580 1944 5633; x_wconf 83' lang='lat' dir='ltr'><strong>qua</strong></span> <span class='ocrx_word' id='word_1_701' title='bbox 1987 5568 2225 5619; x_wconf 87' lang='lat' dir='ltr'><strong>omnium</strong></span> <span class='ocrx_word' id='word_1_702' title='bbox 2248 5583 2372 5620; x_wconf 87' lang='lat' dir='ltr'><strong>con-</strong></span> 
     </span>
    </p>
   </div>
   <div class='ocr_carea' id='block_1_103' title="bbox 802 5656 2371 5724">
    <p class='ocr_par' dir='ltr' id='par_1_103' title="bbox 802 5656 2371 5724">
     <span class='ocr_line' id='line_1_103' title="bbox 802 5656 2371 5724; baseline -0.001 -11"><span class='ocrx_word' id='word_1_703' title='bbox 802 5677 954 5714; x_wconf 79' lang='lat' dir='ltr'><strong>sensu</strong></span> <span class='ocrx_word' id='word_1_704' title='bbox 1013 5659 1205 5712; x_wconf 87' lang='lat' dir='ltr'><strong>annuit</strong></span> <span class='ocrx_word' id='word_1_705' title='bbox 1251 5672 1502 5710; x_wconf 81' lang='lat' dir='ltr'><strong>summus</strong></span> <span class='ocrx_word' id='word_1_706' title='bbox 1546 5656 1783 5724; x_wconf 74' lang='lat' dir='ltr'><strong>pontifex</strong></span> <span class='ocrx_word' id='word_1_707' title='bbox 1817 5657 2141 5710; x_wconf 82' lang='lat' dir='ltr'><strong>Benedictus</strong></span> <span class='ocrx_word' id='word_1_708' title='bbox 2166 5659 2279 5710; x_wconf 77' lang='lat' dir='ltr'><strong><em>Vlll</em></strong></span> <span class='ocrx_word' id='word_1_709' title='bbox 2312 5668 2371 5711; x_wconf 90' lang='lat' dir='ltr'><strong>ut</strong></span> 
     </span>
    </p>
   </div>
   <div class='ocr_carea' id='block_1_104' title="bbox 802 5747 2375 5817">
    <p class='ocr_par' dir='ltr' id='par_1_104' title="bbox 802 5747 2375 5817">
     <span class='ocr_line' id='line_1_104' title="bbox 802 5747 2375 5817; baseline -0.002 -11"><span class='ocrx_word' id='word_1_710' title='bbox 802 5755 947 5807; x_wconf 90' lang='lat' dir='ltr'><strong>inter</strong></span> <span class='ocrx_word' id='word_1_711' title='bbox 991 5751 1277 5803; x_wconf 82' lang='lat' dir='ltr'><strong>Missarum</strong></span> <span class='ocrx_word' id='word_1_712' title='bbox 1308 5748 1572 5801; x_wconf 85' lang='lat' dir='ltr'><strong>solemnia</strong></span> <span class='ocrx_word' id='word_1_713' title='bbox 1619 5747 1936 5817; x_wconf 85' lang='lat' dir='ltr'><strong>Symbolum</strong></span> <span class='ocrx_word' id='word_1_714' title='bbox 1982 5748 2375 5803; x_wconf 69' lang='lat' dir='ltr'><strong>Constantino-</strong></span> 
     </span>
    </p>
   </div>
   <div class='ocr_carea' id='block_1_105' title="bbox 801 5839 2375 5916">
    <p class='ocr_par' dir='ltr' id='par_1_105' title="bbox 801 5839 2375 5916">
     <span class='ocr_line' id='line_1_105' title="bbox 801 5839 2375 5916; baseline -0.001 -18"><span class='ocrx_word' id='word_1_715' title='bbox 801 5845 1102 5916; x_wconf 86' lang='lat' dir='ltr'><strong>polltanum</strong></span> <span class='ocrx_word' id='word_1_716' title='bbox 1145 5852 1469 5902; x_wconf 77' lang='lat' dir='ltr'><strong>(atterctur,</strong></span> <span class='ocrx_word' id='word_1_717' title='bbox 1513 5839 1812 5894; x_wconf 82' lang='lat' dir='ltr'><strong>admissum</strong></span> <span class='ocrx_word' id='word_1_718' title='bbox 1847 5841 2010 5895; x_wconf 84' lang='lat' dir='ltr'><strong>etiam</strong></span> <span class='ocrx_word' id='word_1_719' title='bbox 2058 5844 2225 5908; x_wconf 86' lang='lat' dir='ltr'><strong>prima</strong></span> <span class='ocrx_word' id='word_1_720' title='bbox 2260 5843 2375 5898; x_wconf 50' lang='lat' dir='ltr'><strong>\‘icc</strong></span> 
     </span>
    </p>
   </div>
   <div class='ocr_carea' id='block_1_106' title="bbox 2479 4655 4069 4729">
    <p class='ocr_par' dir='ltr' id='par_1_106' title="bbox 2479 4655 4069 4729">
     <span class='ocr_line' id='line_1_106' title="bbox 2479 4655 4069 4729; baseline 0.003 -20"><span class='ocrx_word' id='word_1_721' title='bbox 2479 4656 2660 4710; x_wconf 85' lang='lat' dir='ltr'><strong>dictus</strong></span> <span class='ocrx_word' id='word_1_722' title='bbox 2683 4655 2795 4710; x_wconf 72' lang='lat' dir='ltr'><strong><em>Vill</em></strong></span> <span class='ocrx_word' id='word_1_723' title='bbox 2841 4656 3163 4719; x_wconf 85' lang='lat' dir='ltr'><strong>indulserit,</strong></span> <span class='ocrx_word' id='word_1_724' title='bbox 3204 4659 3423 4725; x_wconf 84' lang='lat' dir='ltr'><strong>publice</strong></span> <span class='ocrx_word' id='word_1_725' title='bbox 3459 4660 3581 4713; x_wconf 86' lang='lat' dir='ltr'><strong>cani</strong></span> <span class='ocrx_word' id='word_1_726' title='bbox 3625 4659 3948 4729; x_wconf 81' lang='lat' dir='ltr'><strong>Symbolum</strong></span> <span class='ocrx_word' id='word_1_727' title='bbox 4011 4665 4069 4714; x_wconf 75' lang='lat' dir='ltr'><strong>in</strong></span> 
     </span>
    </p>
   </div>
   <div class='ocr_carea' id='block_1_107' title="bbox 2480 4746 4070 4815">
    <p class='ocr_par' dir='ltr' id='par_1_107' title="bbox 2480 4746 4070 4815">
     <span class='ocr_line' id='line_1_107' title="bbox 2480 4746 4070 4815; baseline 0.003 -15"><span class='ocrx_word' id='word_1_728' title='bbox 2480 4748 2665 4811; x_wconf 83' lang='lat' dir='ltr'><strong>missa,</strong></span> <span class='ocrx_word' id='word_1_729' title='bbox 2708 4756 2870 4815; x_wconf 90' lang='lat' dir='ltr'><strong>prout</strong></span> <span class='ocrx_word' id='word_1_730' title='bbox 2910 4746 3235 4815; x_wconf 63' lang='lat' dir='ltr'><strong>llispanicai,</strong></span> <span class='ocrx_word' id='word_1_731' title='bbox 3286 4760 3345 4802; x_wconf 83' lang='lat' dir='ltr'><strong>et</strong></span> <span class='ocrx_word' id='word_1_732' title='bbox 3383 4749 3699 4810; x_wconf 71' lang='lat' dir='ltr'><strong>Gallicanae,</strong></span> <span class='ocrx_word' id='word_1_733' title='bbox 3737 4764 3790 4803; x_wconf 90' lang='lat' dir='ltr'><strong>et</strong></span> <span class='ocrx_word' id='word_1_734' title='bbox 3828 4751 4070 4805; x_wconf 59' lang='lat' dir='ltr'><strong>Gortua-</strong></span> 
     </span>
    </p>
   </div>
   <div class='ocr_carea' id='block_1_108' title="bbox 2479 4840 4071 4909">
    <p class='ocr_par' dir='ltr' id='par_1_108' title="bbox 2479 4840 4071 4909">
     <span class='ocr_line' id='line_1_108' title="bbox 2479 4840 4071 4909; baseline 0 -15"><span class='ocrx_word' id='word_1_735' title='bbox 2479 4841 2617 4894; x_wconf 77' lang='lat' dir='ltr'><strong>nicze</strong></span> <span class='ocrx_word' id='word_1_736' title='bbox 2645 4850 2700 4894; x_wconf 92' lang='lat' dir='ltr'><strong>et</strong></span> <span class='ocrx_word' id='word_1_737' title='bbox 2740 4840 2932 4894; x_wconf 63' lang='lat' dir='ltr'><strong>lulica</strong></span> <span class='ocrx_word' id='word_1_738' title='bbox 2960 4840 3014 4893; x_wconf 90' lang='lat' dir='ltr'><strong><em>iu</em></strong></span> <span class='ocrx_word' id='word_1_739' title='bbox 3057 4856 3224 4909; x_wconf 80' lang='lat' dir='ltr'><strong>regno</strong></span> <span class='ocrx_word' id='word_1_740' title='bbox 3256 4840 3423 4894; x_wconf 78' lang='lat' dir='ltr'><strong>Italia:</strong></span> <span class='ocrx_word' id='word_1_741' title='bbox 3450 4841 3584 4895; x_wconf 88' lang='lat' dir='ltr'><strong>illud</strong></span> <span class='ocrx_word' id='word_1_742' title='bbox 3612 4842 3907 4902; x_wconf 82' lang='lat' dir='ltr'><strong>canebant,</strong></span> <span class='ocrx_word' id='word_1_743' title='bbox 3934 4861 4071 4895; x_wconf 86' lang='lat' dir='ltr'><strong>cum</strong></span> 
     </span>
    </p>
   </div>
   <div class='ocr_carea' id='block_1_109' title="bbox 2480 4926 3719 5000">
    <p class='ocr_par' dir='ltr' id='par_1_109' title="bbox 2480 4926 3719 5000">
     <span class='ocr_line' id='line_1_109' title="bbox 2480 4926 3719 5000; baseline -0.003 -14"><span class='ocrx_word' id='word_1_744' title='bbox 2480 4934 2630 4986; x_wconf 79' lang='lat' dir='ltr'><strong>vocis</strong></span> <span class='ocrx_word' id='word_1_745' title='bbox 2660 4930 2903 5000; x_wconf 76' lang='lat' dir='ltr'><strong>Filioque</strong></span> <span class='ocrx_word' id='word_1_746' title='bbox 2934 4930 3397 4999; x_wconf 69' lang='lat' dir='ltr'><strong>inter-potatione?</strong></span> <span class='ocrx_word' id='word_1_747' title='bbox 3716 4926 3719 4928; x_wconf 74' lang='grc'><em>’</em></span> 
     </span>
    </p>
   </div>
   <div class='ocr_carea' id='block_1_110' title="bbox 2553 5021 4074 5091">
    <p class='ocr_par' dir='ltr' id='par_1_110' title="bbox 2553 5021 4074 5091">
     <span class='ocr_line' id='line_1_110' title="bbox 2553 5021 4074 5091; baseline 0.003 -17"><span class='ocrx_word' id='word_1_748' title='bbox 2553 5021 2707 5091; x_wconf 74' lang='lat' dir='ltr'><strong>Hugo</strong></span> <span class='ocrx_word' id='word_1_749' title='bbox 2758 5022 3069 5087; x_wconf 78' lang='lat' dir='ltr'><strong>Eterisnus,</strong></span> <span class='ocrx_word' id='word_1_750' title='bbox 3110 5024 3166 5074; x_wconf 88' lang='lat' dir='ltr'><strong>in</strong></span> <span class='ocrx_word' id='word_1_751' title='bbox 3205 5037 3395 5090; x_wconf 87' lang='lat' dir='ltr'><strong>opere,</strong></span> <span class='ocrx_word' id='word_1_752' title='bbox 3438 5023 3586 5088; x_wconf 90' lang='lat' dir='ltr'><strong>quod</strong></span> <span class='ocrx_word' id='word_1_753' title='bbox 3637 5024 3958 5079; x_wconf 77' lang='lat' dir='ltr'><strong>Alexandro</strong></span> <span class='ocrx_word' id='word_1_754' title='bbox 4005 5026 4074 5078; x_wconf 76' lang='grc' dir='ltr'>ιιι</span> 
     </span>
    </p>
   </div>
   <div class='ocr_carea' id='block_1_111' title="bbox 2482 5112 4079 5185">
    <p class='ocr_par' dir='ltr' id='par_1_111' title="bbox 2482 5112 4079 5185">
     <span class='ocr_line' id='line_1_111' title="bbox 2482 5112 4079 5185; baseline 0.002 -19"><span class='ocrx_word' id='word_1_755' title='bbox 2482 5112 2729 5167; x_wconf 81' lang='lat' dir='ltr'><strong>Romano</strong></span> <span class='ocrx_word' id='word_1_756' title='bbox 2772 5112 3017 5180; x_wconf 73' lang='lat' dir='ltr'><strong>pontiﬁci</strong></span> <span class='ocrx_word' id='word_1_757' title='bbox 3068 5115 3427 5181; x_wconf 79' lang='lat' dir='ltr'><strong>nuncupavit,</strong></span> <span class='ocrx_word' id='word_1_758' title='bbox 3462 5114 3540 5167; x_wconf 89' lang='lat' dir='ltr'><strong>De</strong></span> <span class='ocrx_word' id='word_1_759' title='bbox 3578 5117 3886 5175; x_wconf 69' lang='lat' dir='ltr'><strong>att-usibus,</strong></span> <span class='ocrx_word' id='word_1_760' title='bbox 3932 5134 4079 5185; x_wconf 72' lang='lat' dir='ltr'><strong>quas</strong></span> 
     </span>
    </p>
   </div>
   <div class='ocr_carea' id='block_1_112' title="bbox 2482 5202 4074 5275">
    <p class='ocr_par' dir='ltr' id='par_1_112' title="bbox 2482 5202 4074 5275">
     <span class='ocr_line' id='line_1_112' title="bbox 2482 5202 4074 5275; baseline 0.003 -22"><span class='ocrx_word' id='word_1_761' title='bbox 2482 5204 2536 5255; x_wconf 88' lang='lat' dir='ltr'><strong>iu</strong></span> <span class='ocrx_word' id='word_1_762' title='bbox 2591 5202 2810 5254; x_wconf 80' lang='lat' dir='ltr'><strong>Latinos</strong></span> <span class='ocrx_word' id='word_1_763' title='bbox 2845 5203 3013 5256; x_wconf 59' lang='lat' dir='ltr'><strong>Cruci</strong></span> <span class='ocrx_word' id='word_1_764' title='bbox 3075 5203 3562 5266; x_wconf 69' lang='lat' dir='ltr'><strong>deeolcunt,libro</strong></span> <span class='ocrx_word' id='word_1_765' title='bbox 3599 5221 3680 5268; x_wconf 89' lang='lat' dir='ltr'><strong>nt,</strong></span> <span class='ocrx_word' id='word_1_766' title='bbox 3733 5208 3917 5275; x_wconf 79' lang='lat' dir='ltr'><strong>capite</strong></span> <span class='ocrx_word' id='word_1_767' title='bbox 3981 5212 4074 5269; x_wconf 73' lang='lat' dir='ltr'><strong>tu,</strong></span> 
     </span>
    </p>
   </div>
   <div class='ocr_carea' id='block_1_113' title="bbox 2485 5290 4077 5367">
    <p class='ocr_par' dir='ltr' id='par_1_113' title="bbox 2485 5290 4077 5367">
     <span class='ocr_line' id='line_1_113' title="bbox 2485 5290 4077 5367; baseline 0.003 -24"><span class='ocrx_word' id='word_1_768' title='bbox 2485 5292 2600 5345; x_wconf 62' lang='lat' dir='ltr'><strong>haec</strong></span> <span class='ocrx_word' id='word_1_769' title='bbox 2616 5292 2779 5344; x_wconf 83' lang='lat' dir='ltr'><strong>habet</strong></span> <span class='ocrx_word' id='word_1_770' title='bbox 2795 5311 2809 5344; x_wconf 88' lang='lat'>:</span> <span class='ocrx_word' id='word_1_771' title='bbox 2827 5290 3025 5345; x_wconf 68' lang='lat' dir='ltr'><strong>«Nulla</strong></span> <span class='ocrx_word' id='word_1_772' title='bbox 3046 5293 3319 5346; x_wconf 81' lang='lat' dir='ltr'><strong>calumnia</strong></span> <span class='ocrx_word' id='word_1_773' title='bbox 3338 5296 3612 5349; x_wconf 85' lang='lat' dir='ltr'><strong>notandus</strong></span> <span class='ocrx_word' id='word_1_774' title='bbox 3624 5309 3707 5350; x_wconf 86' lang='lat' dir='ltr'><strong>est</strong></span> <span class='ocrx_word' id='word_1_775' title='bbox 3727 5300 4077 5367; x_wconf 46' lang='lat' dir='ltr'><strong>antiquiorit</strong></span> 
     </span>
    </p>
   </div>
   <div class='ocr_carea' id='block_1_114' title="bbox 2480 5383 4079 5454">
    <p class='ocr_par' dir='ltr' id='par_1_114' title="bbox 2480 5383 4079 5454">
     <span class='ocr_line' id='line_1_114' title="bbox 2480 5383 4079 5454; baseline 0.004 -17"><span class='ocrx_word' id='word_1_776' title='bbox 2480 5383 2668 5437; x_wconf 72' lang='lat' dir='ltr'><strong>Romae</strong></span> <span class='ocrx_word' id='word_1_777' title='bbox 2701 5384 2952 5446; x_wconf 83' lang='lat' dir='ltr'><strong>antistes,</strong></span> <span class='ocrx_word' id='word_1_778' title='bbox 2983 5384 3132 5451; x_wconf 85' lang='lat' dir='ltr'><strong>quod</strong></span> <span class='ocrx_word' id='word_1_779' title='bbox 3163 5400 3320 5437; x_wconf 82' lang='lat' dir='ltr'><strong>causa</strong></span> <span class='ocrx_word' id='word_1_780' title='bbox 3362 5387 3818 5454; x_wconf 77' lang='lat' dir='ltr'><strong>interpretationis</strong></span> <span class='ocrx_word' id='word_1_781' title='bbox 3862 5390 4079 5443; x_wconf 77' lang='lat' dir='ltr'><strong>dictio-</strong></span> 
     </span>
    </p>
   </div>
   <div class='ocr_carea' id='block_1_115' title="bbox 2480 5474 4080 5550">
    <p class='ocr_par' dir='ltr' id='par_1_115' title="bbox 2480 5474 4080 5550">
     <span class='ocr_line' id='line_1_115' title="bbox 2480 5474 4080 5550; baseline 0.003 -22"><span class='ocrx_word' id='word_1_782' title='bbox 2480 5491 2603 5528; x_wconf 87' lang='lat' dir='ltr'><strong>nem</strong></span> <span class='ocrx_word' id='word_1_783' title='bbox 2623 5490 2809 5537; x_wconf 81' lang='lat' dir='ltr'><strong>unam,</strong></span> <span class='ocrx_word' id='word_1_784' title='bbox 2833 5475 2960 5528; x_wconf 89' lang='lat' dir='ltr'><strong>dico</strong></span> <span class='ocrx_word' id='word_1_785' title='bbox 2979 5486 3163 5528; x_wconf 85' lang='lat' dir='ltr'><strong>autem</strong></span> <span class='ocrx_word' id='word_1_786' title='bbox 3182 5492 3245 5528; x_wconf 76' lang='lat' dir='ltr'><strong>ex</strong></span> <span class='ocrx_word' id='word_1_787' title='bbox 3275 5474 3416 5529; x_wconf 76' lang='lat' dir='ltr'><strong>Filio</strong></span> <span class='ocrx_word' id='word_1_788' title='bbox 3441 5480 3734 5545; x_wconf 83' lang='lat' dir='ltr'><strong>procedere</strong></span> <span class='ocrx_word' id='word_1_789' title='bbox 3768 5480 4080 5550; x_wconf 66' lang='lat' dir='ltr'><strong>Spiritum,</strong></span> 
     </span>
    </p>
   </div>
   <div class='ocr_carea' id='block_1_116' title="bbox 2478 5566 4085 5640">
    <p class='ocr_par' dir='ltr' id='par_1_116' title="bbox 2478 5566 4085 5640">
     <span class='ocr_line' id='line_1_116' title="bbox 2478 5566 4085 5640; baseline 0.004 -21"><span class='ocrx_word' id='word_1_790' title='bbox 2478 5578 2785 5619; x_wconf 78' lang='lat' dir='ltr'><strong>sanctorum</strong></span> <span class='ocrx_word' id='word_1_791' title='bbox 2809 5566 3043 5634; x_wconf 75' lang='lat' dir='ltr'><strong>plur-iant</strong></span> <span class='ocrx_word' id='word_1_792' title='bbox 3071 5568 3454 5634; x_wconf 77' lang='lat' dir='ltr'><strong>episcoporum,</strong></span> <span class='ocrx_word' id='word_1_793' title='bbox 3487 5571 4085 5640; x_wconf 77' lang='lat' dir='ltr'><strong>scientissimorumque</strong></span> 
     </span>
    </p>
   </div>
   <div class='ocr_carea' id='block_1_117' title="bbox 2480 5659 4083 5729">
    <p class='ocr_par' dir='ltr' id='par_1_117' title="bbox 2480 5659 4083 5729">
     <span class='ocr_line' id='line_1_117' title="bbox 2480 5659 4083 5729; baseline 0.004 -18"><span class='ocrx_word' id='word_1_794' title='bbox 2480 5659 2839 5711; x_wconf 83' lang='lat' dir='ltr'><strong>curdinalium</strong></span> <span class='ocrx_word' id='word_1_795' title='bbox 2858 5660 3333 5723; x_wconf 66' lang='lat' dir='ltr'><strong>consensu‘hobito,</strong></span> <span class='ocrx_word' id='word_1_796' title='bbox 3354 5668 3692 5729; x_wconf 84' lang='lat' dir='ltr'><strong>apposuerit.</strong></span> <span class='ocrx_word' id='word_1_797' title='bbox 3718 5683 3736 5714; x_wconf 75' lang='grc' dir='ltr'><strong><em>ι</em></strong></span> <span class='ocrx_word' id='word_1_798' title='bbox 3771 5666 3898 5718; x_wconf 71' lang='lat' dir='ltr'><strong>Haec</strong></span> <span class='ocrx_word' id='word_1_799' title='bbox 3934 5670 4083 5720; x_wconf 84' lang='lat' dir='ltr'><strong>mil.i</strong></span> 
     </span>
    </p>
   </div>
   <div class='ocr_carea' id='block_1_118' title="bbox 2480 5750 4078 5810">
    <p class='ocr_par' dir='ltr' id='par_1_118' title="bbox 2480 5750 4078 5810">
     <span class='ocr_line' id='line_1_118' title="bbox 2480 5750 4078 5810; baseline 0.006 -9"><span class='ocrx_word' id='word_1_800' title='bbox 2480 5754 2733 5803; x_wconf 82' lang='lat' dir='ltr'><strong>videntur</strong></span> <span class='ocrx_word' id='word_1_801' title='bbox 2771 5751 2933 5802; x_wconf 72' lang='lat' dir='ltr'><strong>verba</strong></span> <span class='ocrx_word' id='word_1_802' title='bbox 2968 5750 3119 5802; x_wconf 89' lang='lat' dir='ltr'><strong>illum</strong></span> <span class='ocrx_word' id='word_1_803' title='bbox 3164 5753 3400 5803; x_wconf 79' lang='lat' dir='ltr'><strong>omnium</strong></span> <span class='ocrx_word' id='word_1_804' title='bbox 3431 5770 3737 5806; x_wconf 73' lang='lat' dir='ltr'><strong>consensum</strong></span> <span class='ocrx_word' id='word_1_805' title='bbox 3768 5756 4029 5810; x_wconf 76' lang='lat' dir='ltr'><strong>indicare</strong></span> <span class='ocrx_word' id='word_1_806' title='bbox 4066 5778 4078 5810; x_wconf 87' lang='lat'>:</span> 
     </span>
    </p>
   </div>
   <div class='ocr_carea' id='block_1_119' title="bbox 2479 5841 4084 5911">
    <p class='ocr_par' dir='ltr' id='par_1_119' title="bbox 2479 5841 4084 5911">
     <span class='ocr_line' id='line_1_119' title="bbox 2479 5841 4084 5911; baseline 0.004 -16"><span class='ocrx_word' id='word_1_807' title='bbox 2479 5858 2587 5903; x_wconf 86' lang='lat' dir='ltr'><strong>quo</strong></span> <span class='ocrx_word' id='word_1_808' title='bbox 2625 5844 2808 5895; x_wconf 75' lang='lat' dir='ltr'><strong>|tabito</strong></span> <span class='ocrx_word' id='word_1_809' title='bbox 2839 5842 3190 5894; x_wconf 71' lang='lat' dir='ltr'><strong>B&#39;JIICtllt‘lttltl</strong></span> <span class='ocrx_word' id='word_1_810' title='bbox 3227 5841 3334 5897; x_wconf 68' lang='lat' dir='ltr'><strong><em>Vill</em></strong></span> <span class='ocrx_word' id='word_1_811' title='bbox 3384 5846 3636 5911; x_wconf 86' lang='lat' dir='ltr'><strong>petitioni</strong></span> <span class='ocrx_word' id='word_1_812' title='bbox 3683 5847 3910 5902; x_wconf 79' lang='lat' dir='ltr'><strong>lleurici</strong></span> <span class='ocrx_word' id='word_1_813' title='bbox 3965 5851 4084 5902; x_wconf 78' lang='lat' dir='ltr'><strong>im-</strong></span> 
     </span>
    </p>
   </div>
  </div>
