4216 6438
205 441 317 500 905

206 554 486 619 pcratoris
537 553 828 616 annuisse,
887 561 1113 605 testatur
1148 551 1322 604 B-:rno
1369 552 1655 622 Augiensis
1681 553 1772 605 ab-

204 646 328 698 bas.

281 735 624 789 Ilumbertus
654 735 974 793 cardina‘is.
1006 735 1290 802 episcopus
1313 733 1778 798 Silva-Candide,

203 845 328 883 cum
376 831 572 891 sociis,
622 831 674 881 in
723 830 990 882 sententia
1048 829 1414 882 anathematis
1445 837 1632 881 contra
1675 829 1779 880 Mi-

205 920 456 970 chaclem
505 918 848 970 Cerularin:n
894 917 1019 976 lata.
1052 917 1226 984 ipsum
1283 931 1521 984 suosque
1563 915 1780 969 Graecos

203 1019 454 1065 accusat.
493 1010 631 1075 quod
657 1009 987 1060 absciderunt
1017 1024 1046 1058 a
1073 1006 1319 1075 Symbolo
1352 1006 1582 1075 Spiritus
1609 1008 1778 1058 sancti

204 1102 619 1166 processiouem.
641 1100 695 1150 In
723 1115 913 1152 eorum
934 1099 1142 1151 scilicet
1171 1099 1385 1150 videtur
1411 1099 1498 1150 ille
1521 1097 1779 1165 opinione

203 1193 396 1253 fuisse,
431 1193 526 1258 qui
584 1206 711 1244 ante
764 1189 1226 1244 Monotheliticam
1271 1190 1543 1248 ha-resim,
1573 1205 1634 1241 ac
1667 1187 1778 1240 for-

205 1293 351 1334 tasse
415 1284 472 1334 in
527 1282 1135 1350 Constantinopolitana
1161 1290 1351 1333 contra
1404 1279 1776 1334 Macedonium

202 1372 438 1438 synodo,
492 1372 758 1438 adjectam
805 1386 988 1424 vocem
1045 1368 1288 1438 Filioque
1341 1368 1405 1420 ad
1460 1368 1776 1437 Symbolum

204 1458 498 1524 putabant.
549 1457 833 1521 Quomodo
866 1472 994 1510 vero
1031 1459 1206 1510 eidem
1265 1455 1526 1509 cardinali
1580 1465 1634 1508 et
1663 1456 1781 1523 epi-

203 1563 368 1611 scopo
416 1547 890 1607 SilvaroCandidx.
936 1550 1190 1617 praedicta
1241 1563 1384 1600 anno
1417 1548 1552 1602 1054
1601 1549 1778 1614 profe-

207 1639 366 1693 renti.
411 1654 524 1689 non
557 1638 1043 1706 innotuerit,quod
1063 1647 1185 1690 ante
1219 1637 1573 1705 quadraginta
1607 1651 1778 1691 annos

203 1729 304 1780 sub
347 1729 598 1782 Henrico
644 1729 969 1794 imperatore
1013 1727 1211 1781 factum
1247 1728 1670 1780 constituimus?
1712 1728 1781 1780 At

207 1821 573 1882 llumbertus.
613 1822 662 1874 in
698 1822 938 1875 Tullensi
971 1821 1191 1875 dimcesi
1221 1822 1518 1874 monachus
1547 1818 1776 1872 Mediani

1340 438 1532 495 VITA.
1579 461 1644 471 -
1688 435 2186 494 DISSEHTATIO
2233 438 2312 494 ll.

3329 439 3435 500 Ξ)οῧ

1883 569 1992 610 nes.
2047 551 2377 612 Beiieatctus,
2429 552 2552 615 Leo,
2604 567 2916 604 successores
2951 569 3093 604 novre
3138 556 3435 622 Imjusmodi

1883 644 2134 695 doctrina:
2179 641 2439 704 Formosi,
2478 646 2529 695 in
2569 644 2806 694 omnibus
2837 645 3046 710 fuerunt
3092 647 3190 711 ipsi
3243 651 3440 700 discor-

1883 734 1971 784 des
2003 747 2019 784 :
2048 735 2136 800 qni
2178 742 2394 794 secreto,
2441 749 2468 786 a
2513 734 2646 787 Filio
2677 749 2895 802 quoque
2928 737 3223 802 proredere
3265 737 3435 804 Spiti-

1884 830 1995 873 tntn
2030 833 2276 876 sanctum
2325 826 2622 888 asserebat,
2664 842 2782 877 cum
2815 833 2987 878 tamen
3023 829 3074 878 in
3116 829 3336 893 epistola
3370 831 3439 880 ad

1880 912 2022 963 sedes
2055 914 2439 979 patriarchales
2475 917 2630 966 missa
2669 917 2730 966 de
2756 916 2867 967 solo
2899 915 3056 968 Patre
3088 918 3263 982 fecerit
3290 935 3438 970 men-

1884 1007 2096 1056 tionem.
2129 1004 2247 1058 Post
2274 1023 2400 1072 quos
2431 1023 2546 1058 cum
2573 1007 2973 1074 Christopliorus
3005 1025 3140 1074 papa
3174 1008 3436 1061 Romanus

1881 1103 2085 1145 creatus
2119 1095 2322 1159 fuisset,
2353 1098 2406 1148 in
2445 1097 2569 1163 fidei
2603 1097 2951 1162 confessione,
2987 1114 3148 1165 quam
3192 1102 3327 1150 misit
3368 1102 3436 1150 ad

1881 1183 2525 1254 Constantinopolitanum
2559 1189 2944 1256 patriarcltam.
2983 1204 3159 1253 nempe
3190 1192 3240 1241 in
3285 1189 3438 1258 Sym.

1881 1276 2016 1338 bolo,
2051 1278 2212 1348 210
2243 1294 2271 1331 a
2309 1278 2446 1332 Filio
2482 1295 2700 1347 quoque
2735 1280 2999 1346 Spiritum
3029 1290 3279 1333 sanctum
3317 1297 3439 1349 pro-

1881 1367 2096 1427 cedere,
2147 1387 2304 1422 ausus
2338 1380 2411 1423 est
2451 1372 2637 1424 dicere.
2689 1370 2803 1434 Qua
2863 1374 2924 1423 de
2965 1389 3127 1424 causa
3179 1383 3356 1438 postea
3409 1392 3440 1424 tt

1883 1455 2064 1525 Sergio
2129 1461 2456 1526 patriarcha,
2503 1463 2589 1526 qui
2632 1464 2889 1528 pra'cessit
2925 1461 3280 1522 Cerularium,
3314 1479 3339 1511 e
3366 1467 3443 1514 di-

1882 1550 2080 1617 ptychis
2113 1551 2220 1618 ipse
2275 1551 2678 1620 Claristopltorus
2725 1563 3007 1618 expunctus
3047 1563 3142 1604 est.
3186 1573 3201 1604 ι
3253 1552 3442 1605 Gram-0

1879 1652 2152 1706 anonymo
2193 1641 2236 1693 si
2269 1643 2566 1708 credimus,
2601 1659 2780 1712 neque
2814 1647 3161 1710 processionis
3196 1645 3258 1696 ab
3292 1653 3436 1695 utro-

1881 1747 1982 1798 que
2041 1731 2234 1800 dogma
2283 1743 2528 1796 tenuere.
2577 1751 2753 1804 neque
2801 1737 3101 1804 Symbolum
3155 1737 3440 1802 interpola-

1884 1829 2002 1870 runt
2053 1821 2281 1874 Romani
2337 1826 2621 1893 pontiﬁces
2654 1842 2825 1894 nsque
2863 1825 2927 1878 ad
2965 1825 3292 1888 Formosum,
3346 1825 3439 1893 qui

206 1911 534 1963 monasterii
572 1912 734 1981 209
759 1913 809 1964 in
853 1912 1196 1980 Lotharingia
1219 1951 1233 1973 ,
1257 1911 1571 1980 Symbolum
1611 1911 1778 1962 inter-
1811 1917 1849 1971 Β
1879 1911 1945 1963 ab
1975 1926 2120 1964 anno
2153 1913 2245 1965 891
2291 1917 2432 1968 sedit
2480 1917 2544 1968 ad
2593 1932 2796 1970 annum
2830 1933 3001 1987 usque
3027 1919 3148 1972 896.
3181 1917 3277 1970 llic
3309 1933 3440 1970 vero

205 2003 455 2070 polatum
493 2003 748 2063 canebat.
780 2005 1144 2070 audiebatque
1177 2001 1297 2053 cani
1333 2001 1445 2054 suis
1474 2003 1525 2055 in
1559 2002 1777 2070 provin-

204 2097 298 2145 ciis
358 2098 521 2163 juxta
590 2110 789 2148 morem
843 2096 910 2148 ab
962 2097 1188 2161 antiquo
1243 2097 1579 2150 obtinentem
1621 2135 1634 2152 .
1688 2110 1778 2147 ve-

206 2200 437 2253 ramque
503 2185 792 2254 ignorabat
853 2187 971 2254 ejus
1035 2186 1321 2251 originem.
1369 2187 1611 2254 Vulgari,
1658 2200 1779 2252 quae

203 2278 346 2344 apud
385 2293 524 2331 suos
576 2277 874 2337 ferebatur.
913 2287 1312 2347 praeoccupatus
1361 2279 1639 2346 Opinione,
1676 2277 1783 2331 Ro-

207 2385 344 2422 mam
396 2369 687 2438 profectus
733 2379 816 2423 est
844 2384 967 2423 cum
1022 2368 1200 2422 Leone
1233 2384 1365 2437 papa
1407 2366 1468 2421 ΙΧ
1508 2368 1576 2422 ab
1606 2384 1779 2436 eoque

204 2474 424 2515 creatus
453 2462 760 2514 cardinalis
788 2471 843 2514 et
875 2462 1168 2528 episcopus
1207 2459 1680 2514 Silvae-Candidas.
1721 2460 1775 2513 ln

203 2568 287 2613 en,
322 2553 475 2620 quod
514 2551 835 2605 Ci-rularius
869 2551 1154 2604 dissidium
1193 2561 1433 2605 moverat
1487 2566 1585 2620 pro
1609 2552 1776 2604 semel

206 2645 396 2696 hausta
438 2643 726 2711 opinione,
755 2643 972 2697 Grazcos
1003 2643 1224 2712 putabat
1261 2644 1579 2711 particulam
1611 2641 1781 2695 Filio-

204 2752 296 2801 que
343 2735 660 2787 detraxisse
723 2734 1000 2804 Symbolo,
1045 2750 1182 2801 quos
1209 2735 1503 2788 acerrimos
1556 2744 1780 2787 noverat

207 2827 560 2889 proccssionis
612 2827 676 2876 ab
727 2836 944 2892 utroque
990 2825 1192 2877 hostes.
1235 2826 1290 2876 In
1327 2825 1444 2876 viro
1488 2825 1778 2894 cmteroqui

208 2918 532 2971 doctissimo
566 2916 876 2969 accuratior
903 2916 1004 2968 hac
1048 2917 1100 2967 in
1130 2930 1187 2970 re
1231 2915 1550 2984 perquisitio
1578 2916 1779 2969 frustra

205 3024 259 3061 ει
273 3009 533 3075 petenda.

275 3099 455 3150 Minus
516 3107 835 3150 accuratam
886 3105 1229 3163 temporum,
1281 3099 1483 3166 quibus
1537 3098 1779 3151 Romana

203 3188 451 3241 ECclesia
485 3187 976 3254 interpolationem
1015 3187 1314 3250 admiserit,
1348 3188 1594 3240 notitiam
1623 3189 1778 3241 exhi-

204 3281 289 3332 bet
322 3280 593 3333 Andreas
627 3278 958 3332 Rhodiensis
988 3279 1278 3345 episcopus
1312 3279 1363 3330 in
1406 3279 1551 3331 Actis
1570 3277 1780 3331 Graeco-

203 3372 415 3423 Latinis
460 3371 805 3424 Florentinis:
845 3371 1036 3439 synodi
1071 3373 1314 3424 seSsione
1350 3375 1422 3425 7:
1474 3390 1491 3422 ε
1539 3373 1781 3426 Instante

202 3465 544 3517 necessitate
594 3461 842 3514 additum
893 3471 973 3514 est
1019 3473 1245 3530 propter
1291 3465 1551 3531 quosdam
1587 3466 1781 3520 Nesto-

203 3558 409 3615 rianos,
445 3555 599 3620 apud
630 3553 1034 3607 Occidentalem
1079 3553 1378 3607 Ecclesiam
1419 3556 1781 3609 disseminan-

201 3659 298 3704 tes,
340 3645 618 3713 Spiritum
652 3656 889 3696 sanctum
937 3661 1036 3695 non
1088 3660 1193 3695 esse
1244 3661 1306 3697 ea:
1347 3647 1456 3713 ipso
1495 3645 1652 3707 Filio,
1692 3665 1782 3699 nec

199 3757 346 3790 suum
404 3753 521 3789 esse
573 3736 636 3787 ab
692 3735 782 3787 illo
829 3736 1084 3804 accipere.
1124 3736 1297 3800 (Quod
1335 3737 1447 3804 ipse
1479 3738 1682 3806 colligit
1716 3754 1779 3790 cx

200 3830 546 3882 Nestoriano
580 3825 848 3895 symbolo,
881 3841 943 3878 ac
988 3824 1390 3879 Theodoretum
1425 3828 1567 3880 inter
1597 3839 1650 3882 et
1675 3828 1779 3897 Cy-

206 3922 394 3971 riilum
431 3917 875 3970 Alexandrinum
913 3916 1133 3984 litigio.)
1178 3917 1290 3969 llac
1337 3919 1546 3972 ratione
1592 3930 1777 3972 coacta

203 4014 303 4063 luit
333 4012 594 4063 ﬂuuiana
629 4008 890 4066 Ecclesia.
914 4022 1037 4060 cum
1074 4023 1322 4074 magnum
1355 4009 1564 4062 videret
1600 4011 1778 4062 immi-

206 4119 332 4155 nere
371 4102 694 4172 periculum
735 4116 748 4151 :
784 4098 905 4150 lam
949 4099 1088 4150 enim
1147 4098 1438 4152 cauebatur
1487 4102 1540 4152 in
1589 4101 1779 4155 Galliis

205 4208 248 4246 et
280 4195 585 4262 Hispaniis.
623 4210 640 4240 ι
676 4190 970 4244 Miscentur
991 4192 1195 4242 omnia.
1233 4189 1344 4242 Lux
1375 4198 1615 4246 attamen
1652 4196 1781 4247 sub-

206 4289 348 4339 lucet
385 4287 578 4352 aliqua
634 4285 688 4335 in
744 4294 1036 4349 postremis
1071 4283 1274 4340 verbis.
1307 4299 1426 4350 qua:
1475 4285 1606 4336 satis
1637 4285 1779 4338 indi-

210 4387 359 4430 cant.
418 4377 727 4428 Romanam
759 4374 1057 4426 Ecclesium
1084 4373 1349 4439 adjectam
1382 4373 1525 4424 illam
1564 4389 1669 4426 non
1698 4389 1782 4427 re-

208 4471 426 4536 cepisse
460 4466 909 4532 explicationem,
942 4465 1041 4516 nisi
1079 4464 1236 4532 longe
1279 4473 1399 4532 post
1428 4467 1781 4518 conSuetudi-

1885 1998 2166 2056 Formosus
2213 2005 2336 2070 fuit,
2393 2007 2484 2074 qul
2536 2025 2720 2061 novam
2772 2011 3066 2062 doctrinam
3119 2010 3348 2072 invexit,
3395 2010 3440 2061 si

1883 2090 2018 2146 ﬁdes
2077 2109 2373 2166 anonymo,
2438 2107 2731 2167 secretaque
2792 2100 3105 2164 asserebat,
3174 2099 3438 2168 Spiritum

1883 2193 2129 2237 sanctum
2195 2203 2222 2238 a
2279 2188 2414 2241 Filio
2464 2206 2684 2258 quoque
2747 2191 3068 2258 procedere.
3129 2189 3280 2243 llaud
3337 2189 3439 2259 ipsi

1883 2285 2310 2337 consenserunt,
2341 2278 2433 2344 qui
2470 2279 2770 2332 Romanam
2801 2289 3027 2334 tenuere
3056 2280 3238 2333 sedem
3270 2295 3442 2349 usque

1881 2365 1946 2417 ad
1985 2365 2468 2436 Christophorum.
2505 2373 2887 2426 Pontiﬁcatum
2942 2375 3140 2426 invasit
3196 2374 3297 2426 iSIe
3342 2389 3442 2426 an~

1883 2469 1952 2505 no
1984 2456 2110 2519 905,
2140 2459 2283 2510 circa
2320 2459 2477 2512 linem
2535 2461 2878 2526 Novembris,
2910 2461 3268 2532 dejectusqne
3296 2480 3441 2516 anno

1888 2549 2208 2617 insequente
2236 2551 2336 2605 luit
2367 2554 2510 2607 circa
2544 2557 2761 2608 initium
2794 2557 3166 2612 mensisJunii
3196 2575 3221 2609 a
3252 2557 3442 2625 Sergio

1886 2639 2049 2709 hujus
2112 2644 2351 2698 nominis
2411 2647 2599 2702 tertio.
2663 2643 2977 2716 Symbolum
3041 2649 3250 2716 adjecta
3308 2664 3443 2704 voce

1887 2725 2132 2797 Filioque
2197 2734 2308 2800 ipse
2371 2733 2802 2804 Christophorns
2876 2740 3236 2807 interpolasse
3304 2737 3442 2792 dici-

1886 2828 1994 2880 tur,
2053 2839 2170 2874 eam
2227 2826 2297 2877 ob
2353 2842 2570 2881 causam
2632 2843 2660 2880 a
2704 2828 2892 2898 Sergio
2951 2831 3258 2898 patriarcha
3298 2831 3445 2884 Con-

1884 2913 2376 2980 stantinnpolitano
2405 2928 2711 2985 expunctus
2745 2934 2774 2972 e
2809 2920 3106 2989 diptychis.
3155 2920 3277 2974 lla:c
3329 2921 3432 2976 ille.

1961 3002 2143 3056 Rimas
2201 3006 2308 3073 agit
2363 3022 2804 3076 quaquaversum
2856 3011 3164 3075 excogitata
3219 3011 3437 3064 fabella.

1885 3090 2121 3158 Spiritus
2154 3095 2326 3146 saneti
2359 3097 2740 3162 processionem
2773 3115 2802 3150 a
2847 3099 3008 3152 Patre
3043 3099 3287 3169 Filioque
3329 3117 3436 3154 non

1886 3182 2088 3236 invexit
2117 3185 2323 3252 primus
2362 3185 2658 3241 Formosus
2687 3208 2698 3242 :
2728 3205 2888 3258 quam
2925 3206 3292 3259 prrecessores
3331 3193 3441 3244 lto-

1889 3290 2076 3327 manos
2120 3277 2403 3343 pontiﬁces
2438 3294 2630 3332 omnes
2660 3282 2918 3344 tenuisse,
2951 3285 3274 3335 san-olorum
3325 3299 3436 3334 om-

1886 3365 2033 3416 nium
2075 3367 2390 3431 traditione,
2427 3367 2736 3437 Graeca-que
2764 3385 2824 3422 ac
2858 3369 3060 3424 Latina:
3089 3373 3287 3438 lingua:
3325 3390 3442 3424 om—

1885 3458 2032 3508 nium
2082 3459 2303 3510 Patrum
2348 3462 2670 3515 aurtoritate
2730 3463 2995 3525 munitos,
3036 3466 3144 3532 jam
3195 3466 3440 3518 ostendi-

1887 3565 2026 3600 mus.
2058 3549 2200 3610 llmc,
2235 3567 2262 3602 a
2291 3552 2587 3619 majoribus
2616 3564 2858 3622 accepta,
2889 3555 3021 3607 ﬁdes
3048 3565 3163 3608 erat
3189 3556 3438 3608 Christo-

1885 3640 2066 3708 phori,
2118 3654 2172 3694 et
2214 3643 2385 3711 Sergii
2428 3647 2785 3709 successoris,
2829 3650 2920 3716 qui
2975 3649 3246 3702 llcrveum
3297 3651 3442 3703 Rhe-

1886 3747 2121 3784 mensetn
2149 3735 2648 3804 archiepiscopum,
2699 3741 2929 3808 ejusque
2982 3745 3247 3810 synodum
3282 3745 3444 3799 Tros~

1887 3821 2114 3879 leianam
2143 3840 2284 3875 anno
2320 3826 2420 3877 909
2451 3828 2778 3882 celebratam
2809 3832 3108 3896 admonuit,
3146 3844 3206 3886 ut
3248 3837 3441 3905 singuli

1884 3925 2117 3964 nostrum
2180 3917 2390 3982 (ipsius
2443 3918 2637 3972 llervci
2689 3922 2853 3973 verba
2920 3925 3100 3989 sunt),
3157 3930 3440 3992 perspectis

1885 4005 2104 4057 Patrum
2130 4009 2498 4062 catholicorum
2531 4015 2821 4074 sententiis,
2855 4016 2915 4064 de
2944 4017 3133 4068 divina:
3155 4016 3441 4086 Scriptura:

1883 4096 2142 4160 pharetris
2192 4107 2374 4148 acutas
2420 4100 2749 4166 proferamus
2803 4103 3023 4171 sagittas
3077 4110 3324 4172 potentis,
3375 4110 3443 4160 atl

1883 4183 2251 4254 confodiendas
2289 4184 2634 4248 blasphemias
2666 4190 2943 4258 cujusdam
2981 4191 3173 4253 P/totii,
3211 4194 3438 4263 vigentes

1885 4273 1936 4322 in
1971 4276 2205 4340 partibus
2237 4274 2461 4330 Orientis
2493 4279 2544 4330 in
2583 4277 2838 4345 Spiritum
2870 4293 3133 4346 sanctum,
3168 4288 3304 4352 quod
3341 4304 3440 4339 non

1885 4382 1915 4415 a
1953 4362 2113 4430 Filio,
2149 4369 2248 4418 nisi
2277 4385 2307 4418 η
2346 4368 2504 4420 Patre
2528 4379 2735 4421 tantum
2765 4373 3035 4437 procedat.
3069 4373 3440 4441 blaspheman-

1885 4456 1968 4506 tis.
2001 4456 2104 4508 Sed
2140 4457 2277 4510 hanc
2319 4459 2501 4520 ﬁdem,
2543 4461 2869 4527 interpolato
2898 4463 3180 4532 Symbolo,
3228 4467 3439 4533 profes-

211 4576 357 4620 nem,
412 4556 735 4627 Symbolum
784 4555 839 4607 in
891 4557 1053 4607 missa
1108 4555 1362 4618 canendi,
1399 4555 1465 4606 ab
1518 4556 1851 4631 Ecclesiis‘o
1883 4562 2001 4598 sum
2034 4561 2154 4600 esse
2187 4548 2360 4615 Palam
2394 4565 2687 4618 οοηηιίιηα
2723 4553 3181 4622 (ἶιιτῖειορῐιοτυηι
3223 4558 3439 4624 Pomm-

212 4649 533 4718 Ilispanicis
567 4656 722 4700 sexto
753 4655 808 4699 et
845 4646 1074 4713 septimo
1097 4647 1321 4708 saeculo,
1345 4655 1401 4699 et
1432 4661 1458 4698 a
1484 4643 1777 4703 Gallicanis

207 4752 401 4793 octavo
437 4747 494 4790 et
522 4749 672 4787 nouo
701 4745 989 4787 Invectam.

276 4828 648 4882 Accnratiora
683 4825 784 4891 ipsi
817 4825 990 4878 (ἓνκαὶ
1026 4838 1133 4878 non
1181 4825 1405 4888 habent,
1444 4842 1565 4896 qua:
1598 4828 1779 4896 profe-

211 4934 327 4972 rant
357 4938 370 4970 :
419 4935 438 4967 ι
475 4918 796 4984 Anonymus
821 4913 1044 4968 Gracus
1073 4925 1266 4968 auctor
1299 4918 1484 4984 (verba
1518 4930 1642 4970 sunt
1682 4919 1778 4971 Ba-

211 5011 374 5071 ronii,
439 5009 506 5060 ad
561 5021 760 5058 annum
814 5005 938 5068 885,
988 5021 1141 5058 num.
1198 5006 1306 5074 35),
1345 5008 1438 5074 qui
1488 5007 1628 5060 inter
1672 5009 1776 5060 alia

207 5104 532 5156 Grrcorum
591 5105 941 5149 monumenta
981 5097 1190 5165 positus
1241 5097 1474 5150 habetur
1540 5101 1592 5150 in
1654 5099 1776 5152 Val-

210 5194 468 5246 licellana
519 5189 877 5250 bibliotheca,
912 5188 964 5240 id
1021 5188 1259 5256 primum
1297 5188 1499 5242 laetum
1554 5206 1582 5242 a
1618 5188 1777 5243 Chri-

206 5286 463 5352 stophoro
528 5297 669 5348 papa
713 5279 879 5333 tradit
930 5297 943 5333 :
987 5289 1150 5349 atque
1181 5281 1434 5344 alﬁrtnat,
1488 5296 1657 5349 usque
1710 5281 1775 5334 ad

210 5375 341 5427 illud
402 5382 624 5438 tempus
689 5384 873 5424 omnes
919 5371 1011 5439 qui
1063 5381 1462 5440 praecesserunt
1502 5372 1778 5425 Romanos

211 5465 528 5535 pontiﬁces,
586 5463 640 5515 iu
689 5463 931 5529 ipsorum
962 5462 1087 5528 ﬁdei
1115 5463 1435 5530 professione
1473 5465 1776 5516 asseruisse

209 5560 422 5626 absque
444 5557 562 5609 ullo
592 5554 983 5616 additamenta,
1014 5553 1268 5623 Spiritum
1299 5565 1537 5606 sanctum
1563 5572 1592 5606 a
1616 5555 1776 5607 Patre

210 5649 511 5714 procedere.
573 5647 770 5712 Attque
818 5655 940 5713 post
996 5645 1297 5698 recensitos
1342 5646 1778 5712 pra‘decessores

214 5741 505 5803 pontiﬁces
534 5756 547 5790 :
587 5737 688 5802 Qui
721 5753 838 5790 vero
869 5739 1041 5805 ipsum
1073 5740 1234 5790 secuti
1264 5747 1384 5790 sunt
1435 5737 1772 5801 Formosum,

213 5832 544 5896 Bonifacius,
585 5828 901 5892 Steti/ianus,
936 5828 1226 5894 Romanus,
1259 5829 1578 5893 Theodorus,
1610 5831 1775 5883 Joau-

1887 4652 2024 4698 cent,
2079 4638 2326 4692 indicant
2359 4642 2505 4692 nulla
2534 4651 2746 4695 vetusta
2785 4645 3008 4710 probata
3038 4662 3390 4702 monumenta
3427 4670 3438 4701 :

1887 4743 2063 4796 neque
2113 4745 2242 4782 sane
2289 4732 2452 4784 tribui
2503 4734 2598 4785 ista
2650 4744 2914 4800 possunt,
2962 4752 3082 4805 qua:
3131 4751 3441 4799 narrantur,

1889 4821 2064 4873 eidem
2095 4821 2514 4890 Christophuro,
2539 4833 2596 4875 ut
2623 4827 2699 4878 ait
2727 4826 2984 4881 Daronius
3013 4839 3230 4897 :utpote
3249 4835 3338 4898 qui
3365 4833 3444 4884 in-

1891 4929 2046 4966 vasor
2079 4915 2393 4981 apostolicae
2441 4917 2606 4978 sedis,
2656 4933 2778 4969 mox
2828 4918 2955 4971 sede
3002 4921 3279 4988 depulsus,
3317 4939 3439 4991 per-

1889 5004 2040 5056 brevi
2084 5017 2328 5073 tetrpore
2375 5023 2493 5059 eam
2529 5010 2702 5060 tenuit
2745 5011 3102 5064 tumultuose.
3149 5013 3442 5067 Enormem

1887 5095 2121 5163 denique
2144 5098 2267 5165 quis
2299 5098 2437 5150 ferat
2461 5102 2715 5168 anonymi
2756 5100 2927 5155 Caeci
2960 5104 3441 5157 anachronismum

1887 5189 2201 5250 asserentis,
2227 5205 2256 5242 e
2290 5190 2459 5242 saetis
2481 5191 2755 5260 diplycbis
2784 5191 3212 5260 Cltristophorum
3251 5196 3447 5248 Roma-

1886 5293 2012 5328 num
2071 5277 2370 5345 pontiﬁcem
2429 5289 2758 5349 expunctum
2809 5298 2838 5335 a
2903 5281 3084 5351 Sergio
3136 5288 3440 5353 patriarcha

1886 5369 2484 5438 Constantinopolitano,
2517 5371 2798 5426 Michaelis
2826 5372 3091 5427 Cerularii
3130 5376 3440 5437 decessore.

1886 5462 1950 5512 ad
1977 5463 2225 5513 eamdem
2268 5462 2417 5515 urbis
2465 5462 2626 5528 regiae
2672 5463 2854 5516 sedem
2888 5480 3032 5517 anno
3076 5466 3178 5519 999
3225 5476 3441 5529 evecto,

1885 5552 2130 5620 adeoque
2163 5553 2375 5621 integro
2417 5554 2530 5606 fere
2566 5555 2763 5606 sam-nlo
2795 5565 2917 5622 post
2948 5556 3444 5625 Christophorum?

1887 5648 2059 5711 Quid?
2112 5647 2255 5714 quod
2311 5649 2506 5702 l’etrus
2557 5649 2934 5704 Antiochcnus
2980 5651 3032 5703 in
3087 5652 3330 5718 Epistola
3377 5655 3440 5705 ad

1887 5740 2204 5792 Michaeletn
2239 5739 2583 5792 Cerularium
2613 5740 2754 5808 apud
2790 5741 3120 5795 Cotclerium
3159 5745 3210 5797 in
3250 5743 3440 5796 Monu-

1887 5833 2072 5885 mentis
2109 5827 2352 5884 Ecclesia:
2384 5832 2600 5894 Cra-ar,
2638 5845 2780 5886 tumo
2837 5836 2897 5893 ll.
2935 5852 3081 5889 num.
3121 5839 3173 5892 5.
3214 5848 3442 5892 testatur
