4216 6438
211 417 314 482 209

1357 433 1551 494 VlTA.
1595 459 1657 468 —
1705 434 2209 496 DISSEllTATlO
2252 441 2330 499 ll.

3353 449 3456 508 210

212 541 377 588 Amen
442 537 787 607 (Symbolum
829 551 911 594 est
970 543 1342 609 apostolorum
1372 565 1381 596 :
1437 547 1580 614 quod
1616 548 1779 599 etiam
1815 555 1852 607 Α
1887 553 2048 604 verbis
2076 568 2093 604 :
2124 553 2246 605 llaec
2281 569 2489 607 stnmna
2540 562 2619 607 est
2647 556 2767 608 fidei
2821 566 3045 618 nostrae,
3088 559 3454 614 dilectissimi.

207 626 481 692 integrum
523 630 868 697 exponitur).
933 630 1176 701 Sequitur
1233 637 1484 701 expositio
1519 635 1780 704 Symboli.

207 717 365 770 Credo
401 721 460 771 in
495 720 662 773 Deum
685 720 900 774 Patrem
927 729 1351 792 omnipotentem.
1388 728 1443 782 Si
1475 728 1781 790 credidisti,

209 804 312 855 noli
339 804 631 862 dubitare.
653 809 772 862 Noli
805 810 986 865 faccre
1010 813 1076 865 de
1107 815 1430 871 credulitate
1471 817 1778 885 perfidiam.

208 894 318 947 Noli
355 898 559 948 vitium
600 899 808 952 sociare
833 901 1039 955 virtuti.
1070 902 1298 957 Dixisti:
1333 905 1499 958 Credo
1534 909 1585 959 in
1621 907 1784 959 Deum

207 986 442 1039 Patrem.
488 989 541 1039 In
583 1005 746 1043 unum
789 991 956 1044 Deum
987 1003 1148 1045 lotam
1181 996 1472 1050 confessus
1517 1014 1574 1050 es
1601 999 1783 1051 Trini-

207 1087 389 1130 tatem.
468 1078 538 1131 Et
591 1082 645 1131 in
707 1080 884 1134 Iesum
943 1082 1227 1138 Christum.
1288 1085 1449 1140 Jesus
1511 1086 1780 1151 Salvator,

208 1167 472 1221 Christus
531 1181 733 1224 unctus
802 1176 1027 1242 mystice
1079 1188 1451 1246 nuncupatur.
1531 1180 1784 1234 Salvator

203 1259 433 1320 dicitur,
465 1263 600 1328 quia
631 1264 746 1331 ipse
775 1280 885 1318 sua:
915 1266 1160 1321 Salvator
1195 1270 1369 1323 factus
1389 1282 1472 1323 est
1496 1283 1782 1325 creaturas.

201 1349 351 1400 Sicut
409 1352 586 1403 etiam
616 1368 772 1420 reges
801 1355 945 1417 oleo,
999 1357 1069 1409 ita
1104 1359 1440 1426 plenitudine
1465 1372 1548 1415 est
1584 1363 1785 1415 divini-

202 1439 318 1489 tatis
348 1439 598 1493 infusus.
622 1439 820 1495 Filium
845 1447 957 1514 ejus
979 1449 1185 1499 unicum
1217 1447 1498 1503 Dominum
1525 1463 1782 1506 nostrum.

200 1528 334 1592 Quia
404 1545 535 1584 esse
579 1531 697 1598 lilii,
729 1549 850 1590 esse
911 1537 1118 1592 domini
1178 1551 1511 1610 acceperunt
1561 1545 1649 1596 alii
1687 1560 1786 1612 per

198 1620 477 1685 gratiam:
532 1623 653 1691 ipse
717 1636 942 1689 autem,
1023 1630 1166 1696 quod
1227 1640 1314 1684 est
1375 1632 1568 1695 Filius,
1637 1633 1782 1702 quod

196 1721 277 1761 est
342 1713 659 1780 Dominus,
698 1718 802 1773 hoc
843 1733 998 1773 suam
1073 1722 1312 1789 possidet
1357 1739 1455 1792 per
1514 1735 1784 1777 naturam.
1848 1723 1850 1725 ’

199 1801 301 1864 Qui
367 1813 536 1857 natus
599 1816 676 1859 est
733 1810 795 1861 de
850 1809 1053 1878 Spiritu
1104 1823 1289 1866 sancto
1347 1830 1411 1866 ex
1448 1813 1624 1867 Maria
1665 1814 1784 1868 Vir-

195 1897 333 1962 gine.
370 1897 546 1967 Virgo
598 1910 655 1953 et
706 1901 944 1970 Spiritus
994 1917 1215 1959 sanctus
1243 1908 1631 1967 commercium
1670 1907 1783 1959 vir-
1816 1880 1862 1938 Β

196 1988 328 2038 tutis
392 1997 483 2040 est
519 1991 744 2045 caeleste
791 1996 1130 2048 consortium
1177 1997 1488 2064 'majestatis
1546 1999 1785 2066 insigne.

192 2079 348 2142 Quod
380 2096 520 2149 ergo
549 2092 774 2150 generat
810 2085 993 2155 Virgo,
1025 2087 1268 2141 divinum
1309 2098 1414 2152 est,
1446 2105 1554 2142 non
1588 2089 1783 2142 buma-

196 2188 350 2224 num.
381 2173 627 2227 Mundus
650 2191 754 2228 non
776 2183 940 2245 capit,
969 2181 1106 2233 ratio
1126 2197 1231 2233 non
1255 2182 1444 2235 habet:
1471 2182 1783 2250 sapitlides,

197 2278 301 2314 non
328 2264 482 2331 sapit
514 2267 701 2320 saeculi
729 2268 1041 2337 inquisitor.
1080 2273 1320 2326 Dicitur:
1351 2272 1455 2327 Sub
1479 2273 1666 2327 Pontio
1697 2272 1784 2325 Pi-

195 2355 300 2406 lato
333 2357 633 2421 cruciﬁxus
672 2373 771 2423 est,
801 2373 846 2413 et
878 2364 1128 2430 sepultus.
1168 2365 1378 2419 Audisti
1413 2382 1605 2420 nomen
1636 2367 1786 2435 judi-

194 2449 290 2508 cis,
327 2466 396 2501 ne
438 2460 663 2519 tempus
690 2456 1087 2520 persecutionis
1135 2456 1370 2526 ignores.
1420 2460 1631 2514 Audisti
1661 2475 1785 2513 crn-

200 2540 452 2602 ciﬁxum,
524 2554 588 2595 ut
627 2544 768 2596 scias
859 2548 1027 2600 vitam
1102 2550 1325 2604 rediisse
1395 2568 1495 2619 per
1553 2552 1785 2620 lignum.

199 2637 421 2688 Audisti
444 2639 750 2704 sepultum.
782 2657 846 2692 ne
878 2654 1108 2695 mortetn
1141 2645 1571 2711 pcrfunctoriam
1604 2651 1785 2716 suspi-

196 2731 358 2780 ceris.
399 2729 638 2781 Mortem
693 2731 895 2800 fugisse
922 2734 1137 2787 timoris
1185 2745 1290 2798 est,
1319 2737 1516 2792 vicisse
1545 2740 1782 2794 virtutis.

211 2820 389 2871 Tertia
418 2821 507 2872 die
533 2825 826 2875 resurrexit
863 2826 1036 2878 virens
1090 2845 1120 2878 a
1178 2830 1412 2882 mortuis.
1453 2830 1587 2894 Quia
1639 2833 1782 2900 quod

201 2929 395 2980 passus
429 2925 542 2977 est,
569 2917 739 2969 solius
762 2928 844 2970 est
866 2919 1082 2983 carnis;
1110 2921 1250 2988 quod
1274 2923 1586 2985 resurrexit,
1624 2927 1787 2980 totius

198 3005 369 3066 gloria
428 3003 748 3061 Trinitatis.
805 3009 1048 3062 Ascendit
1098 3013 1148 3064 in
1180 3013 1390 3065 ca'lum.
1434 3013 1540 3066 Nos
1583 3014 1783 3077 ferens,

199 3113 303 3150 non
339 3114 401 3151 se
435 3099 714 3160 referens,
755 3116 848 3168 qui
881 3117 988 3153 non
1042 3101 1230 3154 deerat
1287 3103 1444 3156 ccelo.
1505 3105 1658 3158 Sedet
1714 3107 1784 3156 ad

1890 645 2016 697 llurc
2053 643 2218 696 verba
2251 655 2376 696 sunt
2411 645 2676 715 Symboli,
2709 666 2724 697 ι
2767 658 2873 702 etc.
2907 650 3102 702 Eadem
3129 660 3210 704 est
3245 655 3457 718 exposi-

1887 738 1980 793 tio,
2013 745 2173 802 prout
2208 735 2259 786 in
2295 737 2491 788 Ordine
2519 737 2752 790 Romano
2784 739 3014 806 legitur:
3052 755 3174 807 qua:
3209 743 3456 808 superio-

1888 843 2001 878 rcm
2060 825 2300 893 Symboli
2339 829 2631 894 apostolici,
2697 846 2803 881 non
2858 829 3455 900 Constantinopolitani,

1885 917 2278 983 expositionem
2307 920 2632 986 compendio
2683 921 2962 974 collectam
2995 923 3242 975 exhibet.

1958 1003 2159 1056 Praeter
2221 1005 2458 1058 Ordines
2509 1008 2799 1067 lloinanos,
2852 1010 3061 1062 editum
3116 1011 3348 1064 alterum
3381 1015 3454 1065 ab

1888 1093 2177 1162 llittorpio.
2226 1098 2566 1164 alterumque
2613 1111 2641 1148 a
2703 1096 3042 1160 Mabillonio,
3089 1117 3238 1152 num.
3283 1103 3334 1160 7,
3390 1101 3444 1152 in

1887 1185 2088 1253 quibus
2140 1187 2402 1240 traditum
2457 1188 2869 1241 cateehumenis
2893 1189 3095 1258 legitur
3132 1191 3452 1258 Symbolum

1889 1277 2570 1346 Constantinopolitanum;
2633 1281 2947 1349 Symbolum
2986 1282 3112 1334 item
3167 1283 3348 1336 Graece
3401 1295 3457 1336 et

1889 1369 2078 1424 Latine
2108 1381 2319 1439 prostat
2355 1374 2406 1424 in
2441 1371 2879 1426 Sacramentario
2926 1375 3242 1438 Gelasiano,
3300 1391 3452 1429 num.

1888 1462 1976 1520 55,
2011 1463 2156 1530 apud
2195 1463 2552 1516 Muratorium
2590 1463 2642 1516 in
2669 1463 2908 1533 Liturgia
2962 1466 3206 1519 Romana
3261 1467 3454 1528 veteri,

1891 1563 2037 1607 tomo
2073 1554 2114 1606 Ι.
2143 1556 2209 1606 At
2233 1554 2415 1608 brevis
2447 1555 2535 1608 illa
2559 1558 2804 1609 occurrit
2863 1556 3153 1624 expositio,
3187 1573 3308 1624 quae
3365 1573 3456 1624 po-

1891 1645 1998 1700 tivs
2021 1644 2358 1712 apostolicum
2389 1645 2591 1700 indicat
2617 1646 2938 1716 Symbolum
2979 1664 2992 1698 τ
3019 1662 3082 1700 ac
3113 1648 3168 1700 in
3221 1659 3456 1715 utroque

1891 1746 2172 1806 praeterea.
2197 1736 2386 1791 Greco
2436 1747 2493 1790 et
2527 1735 2740 1800 Latino,
2776 1753 2878 1791 vox
2914 1737 3157 1809 Filioque
3184 1739 3454 1794 desidera-

1894 1838 2003 1880 tur.
2038 1825 2302 1894 Scriptum
2329 1827 2573 1880 codicem
2603 1829 2654 1878 in
2684 1826 2937 1891 Francia,
2979 1846 3077 1898 pro
3113 1840 3264 1885 certo
3297 1831 3454 1884 habet

1890 1916 2090 1984 Ioseph
2151 1916 2316 1968 Maria
2373 1915 2720 1981 Thomasius,
2787 1919 2880 1986 qui
2950 1921 3452 1973 Sacramentarium

1893 2007 2035 2061 istud
2099 2006 2438 2061 Celasianum
2503 2009 2712 2076 primus
2774 2011 3052 2080 vulgavit:
3112 2012 3295 2082 ibique
3356 2031 3452 2081 pro

1891 2114 2044 2152 more
2092 2099 2383 2153 Gallicana:
2439 2100 2674 2167 alicujus
2743 2102 2998 2156 Ecclesia:
3062 2104 3452 2172 interpolatum

1889 2192 2080 2258 fuisse,
2109 2194 2240 2245 nihil
2264 2209 2364 2262 ego
2405 2193 2786 2248 dubitaverint.
2817 2195 3192 2250 Christianum
3237 2197 3451 2268 Lupum

1890 2301 2111 2354 sequor,
2165 2285 2255 2352 qui
2310 2286 2362 2338 in
2407 2285 2795 2340 dissertatione
2825 2287 2890 2340 de
2942 2286 3198 2357 Symbolo
3237 2299 3454 2357 aposto-

1891 2377 1996 2430 lico
2040 2387 2092 2430 et
2127 2377 2366 2435 Niczeno,
2397 2377 2574 2444 capite
2596 2375 2649 2440 5‘,
2682 2377 2986 2444 quaestione
3021 2379 3074 2444 3,
3127 2379 3208 2432 sic
3253 2379 3450 2433 habet:

1896 2495 1911 2526 ι
1951 2473 2270 2540 [ὶθεμοιιόεο
2314 2471 2619 2539 hnjnsmodi
2653 2469 2870 2524 Ordines
2919 2488 3026 2525 non
3063 2487 3185 2525 esse
3215 2488 3340 2526 vere
3387 2489 3451 2526 ac

1890 2579 2022 2632 pure
2061 2562 2354 2624 Romanos,
2383 2562 2475 2615 sed
2504 2562 2686 2614 multis
2712 2561 3041 2614 Francorum
3072 2563 3455 2615 additamentis

1890 2657 2307 2710 transformatos
2337 2695 2349 2707 .
2392 2692 2407 2706 .
2439 2694 2452 2708 .
2494 2654 2836 2723 Quapmpter
2889 2672 2995 2708 non
3070 2665 3197 2710 sunt
3261 2655 3456 2708 Carolo

1891 2747 2082 2816 Magno
2135 2747 2492 2814 antiquiores.
2557 2745 2670 2800 Sub
2704 2747 2848 2801 illius
2894 2749 3041 2802 enim
3073 2750 3302 2817 imperio
3364 2760 3452 2802 aut

1891 2853 2056 2905 regno
2117 2838 2444 2890 Francorum
2504 2838 2743 2905 cpiscOpi
2790 2848 3078 2902 cmperunt
3136 2839 3454 2908 Symbolum

1888 2940 2105 2984 cantare
2161 2929 2227 2982 ad
2297 2929 2538 2991 missam,
2569 2938 2623 2982 et
2672 2929 2770 2997 ipsi
2817 2928 3059 2984 inserere
3105 2931 3236 2983 illud
3269 2930 3455 2998 llispa-

1892 3023 2074 3074 nicum
2112 3023 2284 3088 (vocis
2323 3019 2584 3089 Filioque)
2619 3020 3082 3074 additamentum.
3150 3022 3337 3090 Neque
3371 3033 3453 3075 ta.

1892 3128 2013 3164 tuen
2051 3111 2394 3179 baptizarunt
2419 3111 2470 3162 in
2505 3111 2594 3163 illo
2617 3110 2894 3180 Symbolo.
2938 3111 3107 3164 Lucet
3137 3125 3204 3164 ex
3266 3111 3454 3175 hujus-

197 3192 477 3241 dexteram
546 3190 752 3243 Patris.
819 3191 1015 3244 Totum
1056 3193 1292 3247 tenendo
1323 3195 1465 3263 quod
1498 3199 1784 3264 potestatis
1815 3235 1856 3288 ε
1892 3200 2315 3254 modiOrdinum
2352 3201 2550 3253 ibidem
2583 3201 2649 3253 ad
2668 3202 3090 3254 catechumenos
3111 3200 3311 3263 verbis,
3334 3217 3454 3268 qttte

194 3294 273 3335 est
307 3293 364 3335 et
399 3282 660 3336 honoris.
697 3283 826 3336 Inde
867 3292 1113 3338 venturus
1145 3297 1216 3339 est
1262 3288 1506 3356 judicare
1532 3292 1672 3341 vivos
1731 3298 1779 3340 et

202 3387 463 3428 mortuos.
510 3373 667 3438 Quos
702 3385 796 3427 aut
829 3376 1008 3428 mittat
1045 3377 1110 3429 ad
1145 3378 1393 3446 gloriam,
1423 3388 1519 3432 aut
1562 3379 1783 3434 damnet

192 3469 253 3519 ad
288 3482 543 3535 pcnnam.
589 3465 758 3519 Credo
792 3469 843 3519 in
872 3466 1125 3536 Spiritum
1166 3480 1433 3522 sanctum.
1489 3470 1639 3525 Sicut
1665 3490 1782 3527 crc-

193 3560 379 3611 dimus
437 3560 493 3613 in
538 3559 711 3612 Deum
748 3560 986 3623 Patrem,
1021 3563 1088 3615 ita
1113 3564 1392 3617 credimus
1419 3565 1472 3618 in
1509 3565 1776 3635 Spiritum

195 3667 474 3705 smctnm.
509 3651 754 3718 Spiritus
785 3661 1003 3707 sanctus
1052 3657 1323 3724 quomodo
1365 3660 1644 3727 putabitur
1678 3662 1783 3712 mi-

201 3760 298 3796 nor
321 3760 451 3797 esse
489 3743 785 3798 divinitate
815 3744 837 3796 ?
870 3745 1105 3811 Patrem,
1173 3760 1228 3802 et
1264 3749 1458 3803 Filium
1508 3761 1562 3804 et
1613 3751 1782 3820 Spiri-

199 3846 311 3886 tum
347 3845 610 3887 sanctum
642 3834 1015 3890 manifestatos
1063 3838 1361 3904 vocabulis,
1419 3855 1526 3893 non
1586 3841 1788 3895 divisos

200 3929 510 3980 Subslatllia
537 3927 840 3980 sentiamus
880 3938 976 3981 :et
1033 3929 1300 3998 perfectos
1349 3933 1620 3999 personis,
1680 3948 1785 3986 non

200 4022 511 4074 minoratos
565 4021 760 4074 ordine
816 4021 1107 4076 fateamur.
1164 4023 1413 4078 Sanctam
1499 4025 1787 4078 Ecclesium

203 4113 552 4164 catholicam.
601 4111 744 4176 Quia
778 4114 889 4180 ipsa
918 4124 1000 4166 est
1029 4129 1227 4181 corpus
1250 4113 1476 4179 Christi,
1507 4127 1561 4170 et
1618 4117 1790 4183 ipsius

201 4213 363 4270 caput
402 4213 491 4257 est
520 4203 798 4259 Christus.
833 4204 1110 4258 Christum
1134 4221 1262 4273 ergo
1293 4207 1348 4258 in
1381 4216 1567 4260 sancta
1598 4207 1787 4262 Eccle-

203 4298 276 4348 sia
302 4295 663 4349 conﬁtemur.
699 4296 860 4367 214
888 4297 1255 4351 Remissionem
1310 4306 1656 4366 peccatorum.
1686 4299 1789 4364 Qui

204 4390 303 4442 sibi
335 4390 521 4442 credit
553 4388 674 4442 dari
708 4405 936 4458 regnum
954 4391 1102 4452 cmli,
1154 4392 1426 4460 quomodo
1457 4393 1559 4446 sibi
1586 4393 1790 4448 dimitti

209 4492 430 4546 peccata
467 4496 582 4534 non
615 4482 803 4536 credat
826 4482 1074 4537 ?leum
1096 4484 1415 4540 innocentes
1448 4485 1785 4553 recipit,non

1890 3294 1941 3345 in
1979 3291 2312 3359 Aquileiensi
2335 3293 2495 3342 etiam
2527 3292 2631 3342 ritu
2669 3290 2941 3343 habentur
2981 3309 2992 3343 :
3027 3289 3251 3342 Intcnlis
3277 3291 3455 3358 itaque

1887 3385 2078 3438 animis
2116 3381 2420 3453 Symbolum
2444 3382 2622 3434 discite
2643 3398 2661 3435 :
2684 3390 2731 3433 et
2767 3382 2904 3448 quod
2936 3383 3072 3434 vobis
3106 3384 3235 3435 sicut
3293 3400 3440 3434 arcer

1885 3479 2074 3544 pimus,
2111 3477 2391 3537 tradimus,
2444 3490 2544 3525 non
2585 3473 2744 3526 alicui
2772 3473 3006 3526 materia:
3037 3490 3153 3541 qua:
3183 3475 3449 3541 corrumpi

1887 3579 2070 3636 potest,
2100 3568 2259 3638 215
2289 3569 2378 3620 sed
2406 3569 2608 3637 paginis
2638 3568 2792 3619 vestri
2831 3567 2999 3618 cordis
3050 3565 3340 3617 inscribite.
3387 3565 3453 3617 At

1887 3661 2160 3729 quodnam
2250 3660 2352 3712 hoc
2417 3658 2780 3727 Symbolum?
2843 3657 3141 3725 Evangelici
3215 3657 3451 3726 Symboli

1885 3761 2269 3806 sacramentum
2327 3769 2358 3803 a
2417 3750 2640 3803 Domino
2684 3750 3020 3815 inspiratam,
3085 3748 3147 3800 ab
3207 3750 3452 3815 apostolis

1888 3845 2203 3894 institutum.
2230 3841 2390 3908 Cujus
2407 3857 2573 3911 pauca
2594 3841 2799 3908 quidem
2822 3839 2970 3891 verba
2987 3848 3125 3902 sunt,
3149 3839 3239 3891 sed
3265 3855 3454 3906 magna

1892 3935 2159 4003 mysteria.
2202 3932 2431 3985 Sanctus
2452 3933 2587 3983 enint
2624 3929 2873 3999 Spiritus,
2911 3931 2998 3998 qui
3040 3931 3306 3998 magistris
3351 3928 3452 3981 Ec-

1889 4025 2058 4077 clesia’
2102 4026 2204 4076 ista
2261 4025 2496 4078 dic/avit.
2565 4022 2660 4072 tali
2718 4021 2944 4088 eloquio,
2981 4019 3177 4088 talique
3206 4021 3456 4071 brevitate

1889 4115 2228 4182 salutiferam
2261 4116 2490 4166 condidit
2521 4112 2694 4180 ﬁdem,
2729 4121 2780 4164 ut
2811 4113 2948 4181 quod
2976 4114 3292 4164 credendum
3320 4114 3455 4164 vobis

1891 4220 1986 4272 est,
2018 4223 2317 4275 semperque
2343 4205 2717 4274 profitendum,
2746 4221 2836 4257 nec
2865 4202 3270 4273 intelligentiam
3295 4206 3459 4270 possit

1893 4301 2079 4358 latere,
2139 4315 2230 4351 nec
2283 4299 2588 4349 memoriam
2648 4298 2890 4365 fatigare.
2960 4295 3136 4348 l'alam
3202 4295 3456 4347 laudatur

1893 4391 2236 4457 apostolicum
2271 4389 2617 4460 Symbolum,
2672 4389 3078 4452 aflirmaturque
3131 4397 3358 4441 cunctos
3403 4388 3456 4440 in

1896 4483 2012 4549 ipso
2035 4481 2318 4550 baptizari.
2354 4480 2938 4545 (Animadvertendum
2990 4480 3092 4548 est)
3149 4480 3457 4532 Constanti-

207 4585 497 4626 nocentes.
525 4571 815 4627 Credimus
865 4575 1030 4635 enim,
1059 4576 1216 4628 nobis
1255 4578 1438 4630 omnia
1462 4576 1786 4630 remittenda
1817 4573 1866 4632 D

1817 4573 1866 4632 D
1895 4571 2258 4639 napolilanum
2296 4569 2612 4640 Symbolum
2648 4585 2755 4622 non
2791 4586 2882 4635 per
2937 4571 3073 4638 ipsos
3103 4570 3459 4622 catechume-

203 4679 322 4715 csse
345 4673 579 4732 peccata
605 4682 620 4726 ;
657 4666 780 4732 quia
808 4665 910 4719 nisi
935 4667 1328 4730 sancti,sancta
1355 4685 1461 4722 non
1497 4685 1787 4739 possumus

208 4753 522 4818 possidere.
579 4751 766 4807 Carnis
818 4759 1265 4809 resurrectionem.
1333 4759 1602 4827 Resurget
1659 4775 1790 4830 ergo

208 4861 337 4896 caro
371 4855 592 4902 nostra.
634 4855 686 4897 ut
714 4861 831 4913 quae
869 4847 970 4899 fuit
1006 4847 1278 4916 particeps
1315 4861 1406 4902 aut
1431 4851 1669 4912 virtutis,
1700 4860 1793 4904 aut

203 4937 480 4996 criminis,
511 4935 596 4987 vel
627 4936 831 5003 prteniii
860 4938 1128 5006 particeps
1158 4952 1274 4991 esse
1294 4941 1464 5007 possit
1488 4941 1567 4991 vel
1593 4956 1786 5009 poanae.

205 5027 505 5080 Credimus
539 5034 593 5079 et
614 5027 773 5078 vitam
804 5036 1076 5080 arternam.
1103 5028 1240 5092 Quia
1272 5029 1434 5083 homo
1456 5042 1582 5082 tunc
1609 5033 1791 5085 vivere

211 5118 426 5186 incipit,
463 5115 692 5185 quando
715 5131 770 5170 se
796 5118 1001 5169 nesciet
1035 5118 1194 5170 tnori.

281 5228 298 5258 ι
325 5209 538 5262 Iterum
576 5208 858 5259 annuntiat
885 5207 1172 5260 diaconus:
1205 5209 1428 5278 Signate
1456 5226 1551 5264 vos
1569 5226 1787 5275 omnes,

203 5311 254 5354 ct
286 5301 462 5354 dicite
496 5298 841 5369 Symbolum.
866 5296 934 5350 Et
959 5299 1124 5351 dicent
1163 5299 1487 5368 Symbolum,
1525 5313 1577 5354 ut
1608 5320 1793 5371 supra,

202 5392 382 5445 Credo
419 5395 473 5444 in
511 5387 707 5443 Deum.
737 5389 1010 5452 (Occurrit
1048 5407 1260 5460 semper
1286 5393 1603 5462 Symbolum
1665 5398 1796 5448 sim-

207 5485 322 5548 ple:
354 5480 775 5549 apostolicum.)
799 5481 863 5533 Et
905 5489 1095 5534 tractat
1127 5483 1388 5551 presbyter
1445 5485 1521 5536 his
1584 5484 1792 5537 verbis:

211 5575 424 5627 Idcirco
451 5572 619 5639 bujus
654 5569 894 5640 Symboli
922 5572 1060 5625 ratio
1078 5572 1222 5624 omni
1253 5572 1517 5625 brevitate
1548 5589 1792 5628 connexa

205 5676 320 5727 est,
359 5675 470 5717 etc.
500 5662 636 5716 Item
673 5665 922 5716 diaconus
961 5666 1138 5716 dicat:
1176 5663 1395 5731 Signale
1454 5680 1550 5716 vos
1582 5683 1793 5728 oumes,

208 5772 258 5808 et
303 5757 499 5808 audite
541 5755 862 5824 Symbolum
896 5755 1147 5824 (simplex
1182 5756 1590 5824 apostolicum.)
1624 5757 1686 5809 lCt
1713 5760 1793 5810 di-

214 5861 386 5900 cunt:
430 5848 614 5903 Credo
650 5850 703 5903 in
729 5847 919 5902 Deum.
986 5847 1049 5901 Et
1121 5855 1312 5901 tractat
1384 5850 1652 5918 presbyter
1718 5853 1793 5905 Itis

1894 4679 2014 4724 nos.
2041 4664 2133 4716 sed
2173 4662 2690 4730 superipsosjuberi
2729 4663 2806 4728 (in
2855 4661 3159 4714 Ordinibus
3190 4676 3456 4714 memora-

1892 4756 1986 4822 tis)
2025 4769 2120 4821 per
2147 4754 2462 4821 acolythum
2496 4753 2734 4806 reeiturl.
2762 4752 2863 4816 Qui
2896 4752 3032 4804 ritus
3073 4765 3173 4803 nec
3203 4752 3459 4820 apostoli-

1893 4863 1980 4899 cus
2001 4856 2102 4906 est,
2131 4861 2229 4898 nec
2263 4844 2550 4907 Romanus,
2605 4859 2703 4895 nec
2743 4844 3001 4910 antiquus
3045 4841 3187 4910 apud
3237 4842 3457 4895 Gallos:

1893 4938 1985 4990 sed
2030 4937 2242 4989 noviter
2293 4935 2532 4989 indictus
2591 4950 2687 5003 per
2748 4933 2988 4987 Francos
3044 4934 3222 5002 magni
3268 4933 3449 4986 Caroli

1894 5029 2199 5098 episcopos.
2224 5029 2306 5080 0b
2347 5027 2565 5080 easdem
2603 5041 2816 5086 causas,
2841 5040 2904 5078 ex
2931 5026 3132 5092 quibus
3167 5025 3458 5078 voluerunt

1895 5122 2101 5174 cantari
2140 5121 2206 5173 ad
2233 5121 2471 5179 missam,
2508 5118 2723 5171 recitari
2759 5118 2901 5171 istud
2925 5117 3240 5187 Symbolum
3276 5117 3459 5170 volue~

1896 5221 2024 5263 runt
2073 5225 2235 5278 super
2274 5209 2722 5261 catechumenos.
2761 5226 2778 5258 ι

1966 5299 2425 5354 Verisimillimum
2457 5301 2566 5368 jam
2620 5313 2767 5360 vero,
2796 5298 3041 5366 mihique
3070 5298 3182 5352 fere
3209 5313 3462 5366 comper-

1899 5401 2010 5445 tum
2046 5391 2276 5455 videtur,
2305 5389 2598 5442 Romanam
2657 5389 2952 5443 Eeclesiam
2993 5405 3166 5457 neque
3192 5390 3439 5459 Symbolo

1898 5483 2496 5552 Constantinopolitano,
2514 5498 2687 5550 neque
2704 5483 2855 5535 vocis
2876 5481 3429 5552 Filioque-additamcn
3447 5512 3462 5520 -

1903 5587 1977 5635 to,
2016 5576 2126 5628 ullo
2156 5589 2393 5642 unquam
2429 5585 2861 5641 temporc,usam
2895 5589 3014 5626 esse
3040 5574 3092 5626 in
3125 5572 3471 5639 baptismatis

1900 5667 2397 5728 administratione;
2425 5667 2475 5718 id
2500 5675 2732 5718 attamen
2762 5665 2814 5716 in
2829 5665 2998 5717 Gallia
3032 5664 3156 5716 etin
3177 5665 3463 5716 Germania

1901 5759 2103 5809 factum
2135 5758 2410 5824 aliquibus
2446 5757 2498 5808 in
2530 5756 2810 5809 I‘Icclcsiis.
2855 5754 3176 5807 Edniundus
3206 5754 3466 5812 Martem,

1905 5853 1979 5905 De
2011 5851 2248 5919 Antiquis
2291 5850 2539 5903 Ecclesia:
2577 5850 2758 5901 ritibus
2795 5848 2927 5900 libro
2956 5863 2989 5912 ι,
3039 5847 3212 5915 capite
3254 5845 3302 5910 l,
3340 5855 3466 5897 aut.
