4216 6438
177 430 276 488 i’ll

1325 433 1495 489 VITA
1565 457 1630 465 -
1677 432 2190 490 [)ISSER'I'ATIO
2235 431 2312 490 ll.

3341 430 3442 490 ΞΗ

179 559 220 593 e;
253 545 663 611 priuilegiontm
695 543 1102 610 subreptionem.
1134 543 1238 597 Sed
1275 544 1462 608 hocce,
1492 548 1640 614 quod
1673 548 1762 598 ad-
1801 561 1836 611 Α
1871 563 2043 598 ιλιι-ειη
2075 561 2278 596 mrmem
2311 547 2560 596 lnrresem
2597 546 2675 612 (ut
2708 546 2781 600 ait
2812 544 3060 600 Gelasius
3089 543 3446 613 Cyzicemis),

181 640 491 702 mittimus,
521 638 758 690 schisma
792 636 970 705 Sergii
1001 638 1090 688 diu
1123 654 1228 690 non
1261 639 1582 706 perduravit
1616 660 1623 691 :
1657 658 1764 704 quo

181 732 408 788 factum,
465 729 546 781 uti
603 728 826 782 Graecus
875 745 1177 798 auonymus
1227 742 1417 784 auctor
1469 732 1637 784 libelli
1694 731 1766 783 De

183 819 626 870 translationibus
662 821 1022 886 episcoporum
1056 827 1265 871 asserat
1299 819 1438 886 apud
1478 819 1761 872 laudatum

182 913 473 968 Allatium.
504 913 874 978 septemdecim
903 913 1256 977 patriarchas,
1287 911 1377 978 qui
1414 913 1609 965 Photio
1643 928 1766 964 suc-

183 1019 398 1056 cessere
445 1004 512 1056 ad
553 1002 901 1057 Cerularium
948 1019 1140 1072 usque,
1176 1021 1294 1054 cum
1337 1003 1493 1057 Italis
1537 1022 1767 1056 commu-

184 1097 388 1144 nionem
426 1096 695 1155 habuisse,
725 1095 1013 1156 κοινωνοὺς
1046 1090 1188 1162 εἶχον
1215 1097 1340 1155 τοὺς
1377 1097 1610 1156 ἰτὰλους
1632 1113 1644 1127 ·
1685 1098 1766 1149 ni-

185 1187 381 1236 mirum
434 1185 709 1250 lgnatium
759 1187 979 1247 iterum,
1024 1184 1348 1253 Stephanum
1392 1186 1436 1247 1.
1482 1189 1766 1239 Antonium

183 1276 260 1337 ll,
305 1277 599 1327 Nicolaum
635 1277 686 1336 l,
727 1277 1066 1346 Euthyminm
1107 1277 1164 1338 I,
1208 1278 1491 1331 Nicolaum
1528 1281 1763 1341 iterum,

184 1375 516 1432 διιριιαιιυιιι
551 1367 628 1430 ll,
667 1371 1012 1436 Tryphonem,
1046 1368 1508 1437 Theophylartum,
1549 1369 1768 1438 Polych-

183 1473 342 1518 clima,
387 1458 659 1512 Basiliam
699 1461 748 1516 l.
785 1462 1074 1513 Antonium
1110 1461 1220 1524 Ill,
1255 1461 1529 1514 Nicolaum
1568 1461 1649 1521 11,
1687 1463 1768 1513 Si-

179 1556 416 1606 sinnium
453 1554 540 1617 II,
573 1554 813 1624 Sergium
847 1553 932 1616 Il,
969 1555 1328 1612 Eustathium.
1365 1557 1630 1608 Alcrium.
1668 1555 1768 1606 Eo-

182 1661 292 1696 rum
322 1656 482 1713 gcsta
548 1656 605 1698 et
631 1646 1041 1714 tlironologiam
1069 1647 1314 1714 expende
1343 1648 1482 1712 apud
1516 1645 1763 1698 Bollandi

177 1739 653 1799 tituuinuatores,
694 1748 748 1791 et
787 1739 1105 1794 Michaelem
1151 1739 1490 1809 Lequienum
1567 1748 1617 1791 et
1663 1740 1767 1790 Ar.-

179 1830 411 1880 St‘ltlthl
451 1828 820 1882 Bandurium.

248 1919 358 1973 Hoc
399 1930 724 1988 temporum
765 1922 1088 1982 intervallo,
1129 1921 1274 1974 nulla
1312 1937 1373 1973 ex
1413 1921 1664 1987 dogmate
1703 1921 1767 1971 de

179 2016 348 2066 sancti
385 2014 642 2082 Spiritus
678 2016 1027 2082 processione
1063 2031 1122 2066 ea:
1159 2014 1314 2066 Patre
1351 2016 1590 2080 Filioque
1619 2032 1766 2066 sum-

179 2117 260 2170 pta
295 2106 638 2159 scindenda:
677 2105 929 2159 Ecclesiae
963 2106 1198 2159 occasio.
1235 2105 1497 2158 Sisinnius
1535 2106 1767 2174 patriar-

180 2198 271 2248 cha
302 2197 566 2250 accusari
598 2197 754 2252 solet.
784 2197 875 2264 qui
907 2198 1236 2265 encyclicam
1265 2197 1574 2264 epistolam,
1605 2212 1766 2264 quam

182 2291 229 2338 in
264 2288 504 2341 Latinos
542 2288 758 2340 Pltotius
791 2301 1112 2342 curaverat
1143 2289 1382 2341 audaciai
1418 2290 1664 2355 plenam,
1699 2290 1766 2339 ti-

183 2383 290 2432 tulo
330 2383 732 2432 tantummodo
772 2381 1057 2431 immulan
1083 2420 1095 2440 ,
1133 2394 1340 2446 suoque
1379 2379 1599 2431 nomine
1638 2393 1770 2446 sup-

182 2483 358 2539 posuo
381 2513 394 2532 ,
433 2472 501 2523 ad
547 2473 792 2539 reliquos
825 2471 1164 2541 patriarchas
1197 2471 1582 2523 transmiserit.
1618 2469 1673 2522 In
1708 2485 1769 2522 ea

188 2566 463 2618 Processio
499 2566 738 2632 Spiritus
769 2569 938 2618 sancti
969 2585 999 2618 a
1036 2565 1196 2618 Patre
1228 2579 1272 2618 et
1305 2586 1332 2618 ιι
1375 2565 1512 2617 Filio
1545 2565 1768 2633 ineptis-

182 2661 331 2712 simis
360 2677 547 2726 arguo
575 2661 718 2712 entis
745 2661 1201 2726 oppugnabatur:
1234 2675 1463 2726 eamque
1495 2659 1772 2727 rejiciebat

184 2755 410 2806 Michael
449 2753 770 2805 Cerularius
811 2769 932 2806 cum
973 2754 1110 2813 suis,
1155 2753 1253 2805 hac
1295 2754 1458 2805 etiam
1503 2755 1569 2806 de
1611 2768 1770 2806 causa

186 2845 598 2896 condemnatus
633 2857 660 2894 a
700 2843 888 2909 legatis
925 2843 1238 2908 pontiﬁciis.
1276 2843 1520 2894 Schisma
1557 2843 1763 2895 instau-

190 2936 318 2985 ravit
354 2934 478 3001 ipse
514 2951 526 2986 :
563 2933 851 3000 primoque
883 2941 1126 3000 tempore
1155 2950 1372 2986 errores
1401 2935 1560 3002 longe
1590 2934 1770 2986 diver-

188 3037 274 3075 sos
314 3025 592 3076 Romana:
637 3023 893 3076 Ecclesia:
940 3022 1247 3090 alﬁngebat,
1292 3028 1633 3092 sumpsitque
1679 3025 1771 3077 de-

187 3131 332 3167 mum
367 3131 436 3167 ex
470 3115 760 3168 additione
796 3115 939 3168 vocis
975 3113 1214 3183 Filioque
1250 3127 1596 3183 praetextum.

1869 656 1984 704 quu'
2027 650 2142 689 orta
2182 639 2350 704 fuerat
2389 641 2438 690 in
2477 640 2734 690 catholica
2775 650 2818 689 ct
2859 638 3146 703 apostolica
3193 635 3444 688 Ecclesia.

1869 731 2138 783 Nico-nam
2174 732 2310 783 hanc
2341 732 2463 782 ﬁdei
2499 732 2785 782 formulam
2819 732 3147 796 azltiptarunt
3183 728 3234 779 in
3273 728 3444 786 bat'li-

3299 822 3446 871 sti-tit

1871 917 1921 968 iu
1958 914 2250 982 apostolica
2287 916 2514 982 simplici
2557 932 2615 966 ac
2651 913 2888 966 lircviori
2925 911 3293 964 Occidentalis
3327 930 3337 962 :
3374 913 3449 978 ip-

1868 827 2056 876 smatis
2092 824 2572 876 administratione
2612 822 2922 875 Orientales
2957 821 3212 872 Ecclesia:
3249 840 3258 872 :

1869 1023 2094 1074 sanique
2124 1007 2396 1060 Nica'nam
2433 1023 2538 1056 non
2571 1007 2764 1057 eodem
2802 1019 3028 1072 prorsus
3062 1001 3223 1052 modo
3254 1003 3448 1053 ()ricn-

1872 1101 1936 1152 tis
1996 1099 2251 1150 Ecclesiie
2305 1106 2663 1164 usurparunt.
2723 1097 2860 1148 Num
2917 1096 3076 1146 varia:
3134 1095 3445 1162 IlthItSIllntii

1869 1187 2320 1246 consuetudines,
2355 1203 2491 1253 quas
2522 1187 2692 1238 citato
2727 1185 2905 1252 capite
2943 1183 2990 1244 l,
3028 1201 3177 1234 num.
3215 1185 3266 1240 5,
3305 1183 3449 1234 indi-

1869 1283 2147 1340 cavimus,
2187 1298 2374 1346 pacem
2419 1290 2472 1332 et
2517 1280 2781 1331 unitatem
2829 1276 3312 1346 perturbavcrint'.’
3350 1276 3448 1328 Illi-

1872 1375 2014 1427 nime
2048 1377 2314 1441 gentium.

1942 1467 2115 1518 Fui-re
2146 1465 2277 1516 certi
2311 1464 2562 1515 homines
2590 1463 2641 1513 in
2673 1461 2985 1513 Sardicensi
3019 1459 3274 1520 concilio,
3305 1457 3449 1526 quod

1871 1573 2014 1610 anno
2053 1557 2154 1610 517
2193 1558 2534 1609 celebratum
2576 1555 2803 1614 dicitur,
2843 1555 2934 1620 qui
2975 1553 3262 1610 nonnulla,
3301 1553 3452 1618 quasi

1871 1666 1987 1715 qute
2019 1650 2270 1709 deessent,
2300 1648 2509 1700 Niea'uo
2542 1649 2761 1698 concilio
2797 1651 2879 1712 (ac
2917 1645 3195 1712 Symbolo)
3262 1644 3450 1694 ωτι-ἱιί

1872 1743 2236 1809 postulabant.
2274 1742 2339 1790 At
2376 1757 2438 1791 ne
2474 1739 2600 1806 quid
2637 1739 2851 1789 ulterius
2888 1738 2948 1788 tle
2983 1737 3081 1802 [ide
3117 1738 3447 1789 scriberetur.

1873 1842 1920 1885 et
1953 1849 2061 1885 sese
2095 1842 2359 1884 contentos
2398 1848 2504 1884 esse
2546 1831 2757 1884 Nica'na
2795 1832 2914 1896 fide,
2950 1830 3312 1881 decreverunt
3351 1831 3449 1880 I‘a-

1806 1919 1843 1970 Β
1873 1936 2016 1984 tres,
2056 1924 2354 1975 Athanasio
2392 1934 2525 1974 teste
2568 1923 2618 1973 in
2663 1921 2868 1988 synodo
2908 1920 3268 1970 Alexandrina
3308 1937 3450 1970 anno

1871 2017 1975 2069 362
2016 2017 2310 2066 celebrata.
2357 2013 2527 2065 Fuere
2575 2025 2752 2064 tamen
2800 2014 2850 2063 in
2899 2012 3143 2063 Ecclesia
3187 2011 3446 2064 Orientali

1873 2107 2198 2162 sanctissimi
2267 2111 2564 2176 praesules,
2627 2107 2716 2174 qui
2784 2107 3056 2158 Nicncnam
3123 2105 3448 2167 formulam,

1873 2200 2073 2252 smculu
2125 2209 2320 2268 quarto
2370 2199 2620 2257 libente,
2674 2197 3028 2266 amplissimis
3077 2196 3452 2249 additionibus

1873 2301 2142 2345 auxerunt
2191 2294 2438 2344 adversus
2485 2295 2799 2359 prodeuntes
2845 2292 3124 2343 identidem
3169 2293 3388 2342 hereses
3436 2331 3448 2346 ,

1875 2385 2423 2451 mautlaveruntquc,
2467 2393 2523 2434 ut
2568 2384 2654 2451 qui
2701 2383 2959 2447 baptismo
3005 2384 3250 2434 initiandi
3293 2395 3447 2438 sunt.

1876 2475 2232 2542 interpolatas
2275 2475 2539 2527 formulas
2576 2491 2666 2526 cas
2709 2474 3106 2542 proﬁterentur.
3148 2472 3277 2524 Rem
3326 2492 3450 2525 nar-

1876 2576 1958 2618 rat
1991 2578 2212 2618 sanctus
2247 2567 2616 2634 Epiphanius,
2654 2568 2702 2618 in
2741 2569 3004 2618 Ancoran
3028 2607 3039 2624 ,
3074 2583 3224 2618 num.
3271 2567 3363 2618 ltili
3395 2579 3442 2616 et

1878 2658 2006 2720 121,
2057 2658 2237 2724 ibique
2285 2658 2545 2710 formulas
2593 2657 2713 2708 ﬁdei
2767 2659 2900 2708 duas
2944 2657 3176 2722 profert,
3223 2657 3448 2709 alteram

1874 2749 2042 2800 altera
2078 2747 2454 2814 prolixiorem,
2487 2757 2773 2813 utramque
2807 2748 2922 2797 sine
2956 2745 3124 2798 dubio
3157 2745 3447 2804 Moenum,

1875 2841 1968 2892 scd
2001 2839 2224 2890 vocibus
2258 2839 2506 2905 pluribus
2537 2854 2622 2888 aut
2649 2849 2774 2888 tam.
2811 2837 2916 2888 llac
2948 2836 3013 2888 de
3048 2853 3102 2888 re
3139 2836 3257 2887 loco
3285 2839 3450 2888 citato

1878 2946 1976 2984 nos
2007 2931 2219 2997 egimus
2254 2948 2265 2983 :
2306 2930 2468 2998 idque
2503 2931 2734 2982 maxime
2769 2939 3015 2990 constat,
3055 2928 3334 2981 scissionis
3369 2930 3449 2980 in-

1879 3034 1959 3076 ter
2015 3023 2282 3074 Ecclesias
2339 3023 2550 3072 nultum
2612 3021 2736 3072 inde
2799 3031 3118 3088 prmtt-xtmu
3175 3030 3446 3087 sumptum

1878 3116 2043 3168 fuisse
2082 3133 2091 3166 :
2130 3115 2388 3182 ipsasque
2427 3129 2594 3165 novas
2629 3113 2896 3164 formulas
2933 3129 3031 3180 pro
3074 3111 3305 3174 Sicanio,
3345 3115 3452 3163 imo

254 3207 577 3260 Praetextus
617 3206 910 3258 vanitatem
954 3208 1280 3274 quamplura
1321 3207 1607 3270 evincunt,
1653 3224 1771 3275 qua:
1797 3202 1840 3263 C
1874 3210 2036 3262 etiam
2067 3206 2356 3275 apostolico
2389 3206 2644 3274 Symbolo
2675 3206 2884 3257 habitas
2913 3222 3052 3259 esse.
3088 3216 3272 3273 utpote
3302 3206 3451 3256 addi-

187 3300 582 3366 superioribus
611 3297 884 3365 capitibus
915 3299 1198 3366 posuimus
1228 3309 1566 3367 argumenta.
1600 3300 1770 3354 Simul

189 3391 416 3441 colle-ets
455 3389 579 3440 haec
615 3397 763 3441 sunt.
799 3388 994 3442 Primis
1029 3388 1284 3443 Ecclesia:
1315 3389 1640 3444 Christiana:
1677 3408 1775 3445 sze-

189 3482 324 3534 culis
373 3481 594 3543 tribus,
640 3495 809 3532 unum
853 3488 970 3532 erat
1017 3481 1068 3533 in
1118 3497 1210 3534 ore
1255 3497 1473 3550 preque
1523 3484 1774 3538 manibus

192 3572 519 3636 Symbolum
566 3571 714 3632 fidei,
750 3571 894 3638 quod
931 3574 1298 3640 Apostolorum
1333 3574 1639 3629 dicebatur.
1684 3576 1769 3628 ln-

194 3673 534 3716 temeratum
573 3663 704 3716 illud
737 3665 988 3719 servabat
1021 3665 1261 3718 Romana
1293 3667 1536 3722 Ecclesia
1565 3709 1578 3731 ,
1615 3678 1774 3738 prout

196 3758 259 3807 ab
286 3757 452 3809 initio
484 3757 748 3808 traditum
779 3755 954 3808 fuerat
986 3772 998 3807 :
1028 3758 1315 3826 ipsumque
1341 3758 1648 3814 Orientales
1677 3780 1772 3814 an-

197 3851 399 3900 tistites
438 3859 720 3900 auxerunt
754 3848 1164 3911 additamentis,
1201 3853 1402 3918 quibus
1437 3855 1539 3905 alia
1577 3854 1774 3924 adjecit

197 3940 554 4006 Aquileiensis
591 3940 642 3990 in
677 3937 828 3991 Italia
860 3939 1120 3994 Ecclesia.
1154 3942 1302 3996 Hanc
1329 3955 1624 4007 vetustam,
1655 3962 1774 4014 qum

197 4029 371 4092 primo
410 4027 679 4080 Ecclesiae
713 4027 1036 4082 Christiana
1069 4040 1312 4100 tempore
1346 4031 1659 4098 obtinebat,
1700 4036 1774 4086 la-

200 4123 336 4172 tiore
365 4133 627 4172 sermone
655 4121 1108 4174 consuetudinem
1134 4125 1490 4190 exposuimus
1517 4127 1694 4193 capite
1725 4128 1772 4189 l,

201 4232 350 4269 num.
374 4216 434 4278 ἓ.
465 4215 600 4284 quin
631 4215 738 4267 ulla
768 4225 946 4267 tamen
975 4216 1254 4268 scissionis
1283 4219 1501 4271 occasio
1530 4230 1624 4272 aut
1654 4221 1774 4273 data

201 4309 384 4368 fuerit,
427 4317 523 4359 aut
561 4317 781 4374 accepta
816 4306 1149 4361 Orientaletu
1189 4308 1330 4361 inter
1364 4321 1418 4363 et
1451 4310 1771 4365 Occidenta-

201 4401 300 4453 lem
335 4400 668 4459 Eeclesiam,
701 4401 936 4468 itemque
967 4401 1106 4454 inter
1135 4402 1535 4470 Aquileiensem
1567 4421 1629 4457 ac
1662 4406 1771 4459 Ro-

201 4507 442 4555 manam,
473 4501 808 4559 ceterasque
835 4491 1019 4545 Italiae.

269 4585 439 4653 219
472 4582 861 4638 Additamenta
887 4584 1092 4639 scilicet
1118 4596 1294 4648 erant,
1322 4603 1441 4655 qua:
1469 4587 1551 4641 vel
1577 4588 1772 4641 clario-

205 4694 312 4731 rem
347 4679 621 4730 duntaxat
652 4675 958 4728 communis
992 4686 1150 4731 rectae
1186 4679 1307 4730 lidei
1342 4679 1769 4732 declarationem

203 4769 739 4838 complectebantur,
795 4768 879 4820 vel
912 4767 1180 4837 dogmatis
1213 4768 1605 4837 professionem
1640 4787 1774 4838 prte-

204 4863 420 4914 stabant
454 4867 647 4914 contra
685 4867 965 4925 surgentes
1001 4873 1168 4910 novas
1207 4857 1469 4921 haereses,
1503 4874 1638 4927 quas
1674 4860 1774 4911 ali-

204 4956 405 5019 quibus
445 4953 497 5004 in
536 4952 677 5004 locis
714 4949 900 5017 procul
938 4949 1111 5002 arceri
1149 4965 1176 5001 a
1214 4950 1490 5003 mentibus
1530 4951 1771 5004 ﬁdelium

207 5046 582 5100 neces~arium
610 5043 929 5095 ducebatur.
957 5040 1221 5093 Praevium
1251 5057 1455 5094 morem
1486 5042 1647 5094 istum
1680 5041 1774 5093 Ec-

206 5143 500 5192 l-lesiarum
535 5144 724 5187 secuta
752 5145 833 5188 est
861 5144 1054 5200 quarto
1085 5134 1300 5201 incepto
1330 5133 1528 5186 szeculo
1557 5150 1773 5185 aecume-

206 5238 314 5283 nica
363 5229 584 5283 Nerua
625 5229 798 5295 prima
839 5226 1100 5295 synodus,
1142 5241 1258 5292 qua:
1299 5225 1532 5292 primum
1589 5235 1642 5278 ct
1698 5227 1774 5278 al-

209 5334 384 5372 terum
440 5315 688 5386 Symboli
738 5316 1020 5380 apostolici
1066 5315 1345 5378 articulos,
1390 5313 1589 5381 quibus
1642 5315 1775 5368 fides

212 5409 540 5478 proponitur
581 5408 634 5458 in
686 5405 845 5457 Deum
899 5406 1106 5456 Patrem
1153 5407 1588 5473 omnipotentem,
1633 5417 1678 5456 et
1723 5408 1773 5456 in

212 5502 479 5554 Christum
519 5499 702 5552 Iesum
740 5499 950 5549 unicum
987 5496 1177 5548 Filium
1213 5496 1323 5565 ejus
1363 5497 1639 5549 Dominum
1682 5515 1774 5547 no-

210 5604 397 5652 strum,
450 5589 702 5657 pluribus
749 5588 973 5653 adjectis
1018 5587 1243 5639 vocibus
1289 5587 1438 5639 ausit
1487 5587 1552 5638 ad
1606 5590 1773 5653 ipsam

215 5687 366 5738 tidem
424 5681 760 5735 luculentius
807 5679 1223 5748 explicandum,
1274 5693 1448 5744 eoque
1497 5678 1774 5730 tutandam

216 5777 464 5841 praesidio
498 5775 791 5826 adversum
829 5773 1059 5824 liam-ses
1097 5772 1225 5829 Arii,
1264 5770 1502 5830 Sabellii,
1547 5770 1770 5829 Photini,

219 5869 370 5922 Pauli
417 5866 773 5930 Samosuteni,
813 5864 1085 5918 Jlauichtt'i
1146 5873 1198 5917 et
1243 5861 1547 5922 Marcionis,
1594 5871 1638 5912 (Ἰ
1684 5863 1774 5913 (ιιι-

1881 3301 2136 3351 tamcntis
2191 3309 2410 3358 auctas,
2467 3296 2680 3348 [Vica-uo
2734 3306 2784 3347 ct
2842 3297 3142 3363 apostolico
3197 3297 3450 3365 Symbolo

1876 3389 2258 3441 consentaneis.
2302 3387 2569 3456 Insignem
2610 3389 2784 3439 locum
2820 3387 3108 3456 Epiphanzi
3149 3389 3326 3438 recide
3398 3398 3450 3439 et

1876 3482 2148 3547 expende.

1948 3571 2270 3624 Sardiccnse
2329 3572 2472 3638 quod
2553 3573 2976 3622 memoravimus
3025 3573 3338 3634 decretum,
3385 3590 3448 3626 eo

1877 3680 2036 3717 setisu
2071 3666 2431 3722 intellectum.
2466 3665 2609 3732 quod
2646 3665 2872 3717 Nico-mc
2911 3666 3148 3732 for-inulte
3184 3666 3316 3716 nihil
3351 3667 3413 3715 ad
3437 3697 3447 3704 -

1871 3760 1962 3828 jici
2041 3769 2243 3810 temere
2292 3759 2483 3808 debeat
2532 3758 2674 3820 quml
2727 3758 2993 3808 Nicn-uatn
3041 3756 3195 3807 lidcm
3246 3757 3445 3807 labefa-

1876 3859 2005 3909 ctct,
2041 3851 2294 3901 firmitate
2345 3849 2510 3914 pollet
2544 3865 2661 3914 qua:
2716 3848 2885 3912 ipsius
2922 3849 3041 3898 lidci
3079 3848 3315 3898 lirmilati
3357 3865 3448 3905 p..r

1875 3952 1976 3992 est.
2009 3940 2080 3991 De
2113 3940 2222 4006 ipsa
2256 3940 2506 3996 formula,
2540 3940 2694 4001 ﬁdem
2726 3937 2993 3989 Nica'nam
3022 3937 3445 4004 complectenle.

1877 4031 1917 4082 si
1953 4029 2231 4082 decretum
2266 4029 2405 4082 idem
2439 4030 2599 4096 220
2630 4030 2987 4097 intelligatur,
3023 4031 3084 4082 ad
3119 4030 3445 4082 ecclesiasti-

1878 4135 1994 4172 cam
2030 4122 2265 4187 pertinet
2299 4120 2640 4186 disciplinam
2665 4163 2676 4182 ,
2715 4135 2834 4187 qua:
2869 4121 3228 4173 mutationem
3263 4121 3445 4172 subire

1878 4220 2072 4278 potest.
2121 4211 2254 4263 lliuc
2299 4210 2586 4262 formulam
2637 4210 2882 4263 eamdem
2933 4210 3205 4263 Nicmnam
3253 4211 3444 4262 adver-

1880 4319 1995 4354 sum
2040 4304 2371 4371 prodeuntes
2406 4304 2639 4355 li.i-reses
2674 4318 2870 4369 augere
2906 4302 3213 4355 Orientales
3251 4305 3446 4370 aliqua:

1880 4397 2135 4448 Ecclesia:
2166 4395 2534 4445 necessarium
2568 4393 2862 4452 duxerunt,
2895 4394 3276 4462 Epiphanianis
3309 4411 3443 4461 prae-

1807 4469 1849 4524 D
1881 4485 2038 4536 (lictis
2075 4483 2312 4548 formulis
2351 4483 2565 4533 duabus
2605 4484 2862 4545 invectis,
2902 4498 3022 4550 quae
3060 4483 3124 4534 iis
3165 4485 3446 4534 traderen-

1881 4584 1967 4626 tur
1997 4576 2089 4641 qui
2132 4574 2440 4640 baptizandi
2480 4583 2627 4624 sunt.
2666 4574 3096 4639 Epiphanianam
3135 4573 3442 4631 formulam,

1876 4680 1994 4727 qua:
2034 4665 2212 4716 minus
2251 4665 2459 4730 prolixa
2499 4675 2614 4722 est,
2652 4664 2980 4729 quibusdam
3021 4665 3262 4731 exceptis
3298 4665 3444 4716 voci-

1877 4757 2011 4815 bus,
2053 4757 2383 4818 adoptaruut
2428 4765 2635 4806 centum
2679 4765 2726 4806 et
2772 4757 3156 4824 quinquaginta
3204 4755 3443 4809 Orienta-

1878 4848 2003 4899 lium
2037 4847 2387 4899 Ecclesiarum
2419 4845 2623 4905 Patres,
2653 4861 2794 4896 anno
2824 4848 2922 4897 38l
2988 4851 3040 4897 in
3070 4847 3277 4914 synodo
3304 4849 3443 4897 (Ion-

1874 4940 2356 5005 stautinopolitana
2419 4938 2766 5005 congregati,
2825 4954 2946 5004 qua:
3007 4948 3192 5005 postea
3250 4939 3438 5007 synodi

1875 5031 2220 5084 mcumenicze
2249 5030 2627 5081 auctoritatem
2657 5029 2915 5080 obtinuit.
2949 5028 3084 5081 lliuc
3112 5030 3437 5096 Symbolum,

1876 5127 2076 5179 dictmu
2113 5123 2753 5184 Constantinopolitanunt
2777 5161 2790 5181 ,
2827 5123 3089 5184 invaluit,
3129 5123 3276 5175 nullo
3313 5123 3438 5176 inde

1876 5219 2151 5272 scissionis
2183 5227 2446 5285 prxtextu
2480 5217 2787 5281 desumpto.

1949 5310 2057 5362 lino
2084 5323 2178 5361 sua
2209 5323 2324 5360 εξνο
2358 5307 2446 5359 illo
2481 5306 2832 5373 potiebantur
2861 5306 3114 5358 libertate
3147 5307 3440 5374 particula-

1881 5418 1964 5455 res
1994 5400 2242 5454 Ecclesiae
2270 5399 2321 5450 in
2348 5397 2569 5451 Oriente
2599 5415 2610 5449 :
2637 5397 2864 5464 aliaeque
2895 5399 2944 5449 in
2975 5397 3295 5466 baptismate
3327 5410 3440 5448 ute-

1881 5494 2075 5546 bantur
2114 5488 2699 5556 Constantinopolitano
2743 5488 3021 5556 Symbolo,
3067 5490 3296 5557 simplici
3347 5488 3439 5541 Ni-

1880 5601 2020 5636 ca-no
2053 5583 2191 5643 alim,
2225 5590 2277 5632 ct
2309 5582 2424 5632 alia:
2457 5581 2668 5648 proprio
2700 5582 2946 5647 quodam,
2982 5582 3124 5646 quod
3160 5596 3187 5632 a
3223 5582 3438 5632 Nion-uo

1879 5689 1931 5728 et
1958 5673 2584 5740 Constantinopolitano,
2617 5673 2680 5723 ad
2713 5687 2871 5724 voces
2903 5673 3112 5738 aliquas
3141 5671 3282 5738 quod
3317 5675 3436 5721 atti-

1883 5779 1990 5827 net,
2045 5766 2347 5828 dilfcrcbat,
2404 5768 2724 5819 Antiochcna
2778 5765 3008 5823 scilicet,
3067 5763 3437 5830 Hierosolymi-

1884 5873 2034 5921 tana,
2071 5859 2574 5926 Philadelphiensis,
2611 5867 2768 5925 caput
2805 5859 2856 5907 2.
2892 5857 3020 5909 Vide
3059 5872 3206 5908 num.
3246 5855 3295 5907 ὖ.
3331 5853 3438 5907 ηις
