4216 6438
174 385 254 448 2ιῖ
1302 384 1503 444 νιτΑ.
1554 406 1615 418 ·-·
1659 385 1839 445 DISS]

1302 384 1503 444 νιτΑ.
1554 406 1615 418 ·-·
1659 384 2162 445 DISSEHTATIO
2203 384 2277 443 ll.

3303 378 3409 441 218

171 510 316 552 tmte
352 515 369 549 :
414 499 716 566 ipsumque
757 495 1001 549 nondum
1043 493 1342 548 admiserat
1385 495 1527 547 inter
1562 510 1730 547 sacrc
1762 504 1801 559 Α
1835 496 2055 548 demum
2084 496 2261 547 delata
2289 492 2353 547 ad
2386 492 2623 545 Leonem
2654 491 2717 543 ΙΙΙ
2764 507 3039 544 sumntum
3070 490 3402 555 pontificem.

173 591 399 660 Litsrqia:
445 599 661 658 partes.
700 588 875 641 Mores
916 586 1217 640 orientales
1252 587 1441 653 prima
1475 586 1529 638 in
1565 587 1726 639 Occi-

171 685 309 736 dente
363 683 601 736 imitata
656 690 783 736 sunt
836 680 1219 750 Hispaniarum
1270 678 1556 742 Ecclesia,
1607 694 1729 747 qua:

174 774 476 844 Symbolum
512 774 663 829 idem
691 783 846 828 sexto
877 772 1164 826 desinente
1194 771 1394 825 secqu
1426 771 1568 823 inter
1602 771 1731 823 inis-

171 883 331 919 sarurn
376 870 659 920 solemnia
696 880 893 919 canere
933 876 1242 932 coeperunt.
1284 864 1559 930 simulque
1602 877 1731 916 voce

173 960 335 1011 addita
372 958 633 1026 Filioque
667 971 891 1013 auxere.
930 960 1126 1009 Ansam
1162 956 1365 1011 dedere
1400 956 1563 1010 Gothi
1588 997 1601 1018 ,
1639 956 1731 1022 qui

174 1051 438 1118 Hispanias
475 1054 862 1120 subjugarunt.
904 1052 978 1105 Ex
1012 1050 1238 1105 Oriente
1276 1065 1464 1105 secum
1505 1051 1605 1117 ipsi
1640 1051 1732 1102 de-

174 1144 391 1195 tulerant
424 1144 636 1195 Ariana
670 1144 956 1211 dogmata,
997 1152 1050 1194 et
1085 1142 1501 1203 Macedoniam,
1539 1151 1592 1193 et
1630 1141 1735 1193 Eu-

173 1235 401 1285 numiana
437 1250 450 1284 :
482 1232 685 1285 Filium
719 1235 973 1286 minorem
1004 1232 1184 1294 Patre,
1214 1248 1276 1285 ac
1310 1231 1452 1284 Filio
1484 1233 1735 1283 minorem

173 1325 406 1392 Spiritum
458 1340 734 1384 sanctum.
784 1329 1084 1396 {actumque
1132 1343 1165 1378 a
1213 1324 1348 1379 Filio
1396 1327 1735 1393 profitentes.

174 1418 392 1482 [piratis
444 1420 555 1471 sub
613 1418 927 1473 lleccaredo
977 1432 1102 1487 rege
1154 1416 1340 1485 impiis
1388 1416 1736 1475 commentis,

175 1508 366 1561 Nicena
413 1508 546 1562 fidei
592 1510 827 1564 formula
873 1519 1126 1577 suscepta
1169 1518 1274 1572 est,
1314 1508 1554 1577 itemque
1598 1505 1739 1560 Con-

172 1598 667 1663 stantiniipolitana.
712 1596 873 1651 Fides
914 1598 1127 1667 integra
1166 1602 1525 1653 sanctissima
1560 1596 1741 1649 Trini-

178 1688 281 1739 tatis
311 1698 365 1739 ut
396 1705 589 1741 coram
623 1690 910 1758 palamque
946 1691 1335 1758 proﬁterentur
1366 1704 1555 1742 omnes
1576 1727 1591 1749 .
1626 1698 1737 1740 tum

177 1780 300 1832 inter
338 1779 634 1834 Hissarum
682 1781 944 1833 solemnia
989 1782 1110 1834 cani
1152 1792 1389 1850 coeptum
1435 1780 1737 1849 Symbolum

1838 586 2081 639 Romana
2113 586 2353 640 Ecclesia
2373 625 2387 644 .
2420 602 2541 654 quae
2572 586 2833 639 doctrina:
2862 588 3171 655 depositum
3205 586 3273 637 ab
3308 586 3409 637 ini-

1836 675 1910 726 tio
1960 686 2245 743 accepturu
2300 678 2549 730 servabat
2603 677 3009 740 intemeratum,
3058 676 3406 741 haerebatque

1836 768 2184 821 tenacissime
2216 769 2463 821 moribus
2493 771 2769 839 antiquis.
2804 772 2857 823 in
2889 784 2957 823 eo
2987 770 3133 839 quod
3165 779 3284 821 erat
3314 772 3408 821 do-

1834 877 1955 929 gnta
1991 860 2133 925 ﬁdei,
2173 862 2397 913 immota
2432 862 2731 929 permansit
2768 878 2780 915 :
2818 862 2871 914 in
2908 877 3108 929 eoque,
3141 862 3285 928 quod
3326 877 3407 913 σεο

1834 954 2187 1006 clesiasticam
2242 953 2307 1006 ad
2365 954 2699 1017 disciplinam
2752 954 3073 1021 spectabat,
3129 952 3410 1019 publicum

1841 1048 1984 1098 inter
2032 1046 2317 1098 missarum
2365 1045 2630 1099 solemnia
2681 1046 2931 1113 permisit
2978 1045 3221 1115 Symboli
3270 1043 3383 1098 Con

1840 1138 2310 1205 stantinOpolitani
2345 1147 2587 1194 cantum.
2621 1137 3011 1205 invectumque
3045 1136 3160 1189 tolli
3194 1136 3411 1187 addita-

1841 1238 2083 1282 mentum
2134 1230 2373 1297 optabat.
2420 1231 2489 1284 At
2539 1230 2671 1284 illud
2724 1229 3103 1298 Hispaniarum
3156 1228 3417 1282 Ecclesiae

1841 1332 1995 1376 sexto
2037 1338 2161 1377 terte
2203 1323 2526 1376 Christianae
2570 1322 2770 1376 saeculo
2816 1329 3139 1389 receperant
3218 1322 3419 1373 retine-

1843 1416 2081 1485 bantque
2112 1433 2125 1468 :
2155 1417 2443 1484 ipsumque
2468 1416 2785 1484 amplexata:
2814 1424 2945 1469 sunt
3000 1414 3199 1467 saeculo
3223 1424 3416 1465 octavo

1841 1519 1898 1563 et
1932 1523 2074 1561 nono
2103 1507 2419 1569 Gallicanae,
2455 1508 2695 1577 itemque
2726 1506 3092 1564 Germanicae.
3126 1519 3189 1559 ac
3221 1505 3420 1558 Italica:

1844 1602 1898 1656 in
1940 1617 2107 1670 regno
2144 1601 2342 1665 Italia,
2382 1602 2446 1654 ad
2490 1610 2690 1654 rectam
2729 1600 2889 1653 tidem
2925 1599 3185 1652 tuendam
3222 1597 3420 1651 adver-

1844 1711 1967 1749 sum
2009 1694 2321 1749 Graecorum
2362 1694 2678 1748 molitiones
2718 1692 3035 1763 praesidium
3077 1691 3204 1745 inde
3242 1706 3424 1745 arces-

1844 1798 2047 1844 880185.

175 1865 835 1936 ConstantinOpolitanam,
870 1878 983 1922 tum
1016 1868 1193 1937 ipsum
1229 1886 1332 1922 una
1366 1870 1454 1921 illa
1490 1884 1619 1922 voce
1651 1868 1733 1920 Fi-
1766 1874 1810 1933 Β

1766 1874 1810 1933 Β
1912 1880 2036 1933 Ηεεε
2083 1880 2231 1933 varia
2280 1879 2333 1932 in
2388 1878 2685 1933 Occidente
2733 1877 3053 1945 disciplina,
3102 1875 3168 1930 ad
3222 1874 3422 1943 rigoris

176 1956 330 2022 lioque
376 1960 709 2011 adauctum.
757 1959 868 2011 Cur
916 1959 1059 2013 banc
1106 1959 1228 2012 fidei
1278 1969 1524 2028 partem,
1572 1974 1735 2025 quain

178 2049 424 2101 hactenus
464 2048 638 2102 Gothi
679 2049 1036 2119 denegabant,
1075 2051 1292 2118 publico
1330 2051 1589 2120 Sytnbolo
1630 2067 1736 2103 non

175 2139 500 2192 addidissent
546 2138 932 2209 Hispaniarum
979 2140 1257 2205 Ecclesiae,
1301 2141 1562 2195 cordibus
1607 2143 1739 2193 fide.-

176 2231 286 2283 lium
318 2233 395 2285 uti
424 2232 801 2300 frequentius,
831 2237 900 2285 ita
938 2232 1261 2301 profundius
1292 2233 1741 2287 inscribendum?

174 2321 489 2391 iampridem
527 2326 779 2393 episcorn's
813 2324 1306 2389 Tarraconensibus,
1333 2326 1742 2396 Carthaginien-

175 2418 313 2479 sibus,
352 2419 631 2471 Lusitanis
678 2429 834 2487 atque
869 2419 1085 2473 Gallicis
1122 2436 1268 2473 anno
1306 2421 1406 2474 H7
1450 2422 1740 2489 epiSIolam

177 2514 381 2565 dederat
415 2525 653 2567 sanctus
691 2512 799 2567 Leo
835 2513 1059 2584 Magnus
1092 2533 1105 2569 ε
1142 2516 1395 2584 ipsosque
1430 2531 1549 2583 cap.
1589 2516 1638 2575 l.
1675 2515 1743 2568 de

175 2618 346 2657 eorum
396 2605 570 2674 223
622 2606 904 2674 impietate
950 2608 1209 2661 admonet
1256 2609 1351 2676 qui
1403 2608 1742 2671 sentiebant,

178 2714 262 2749 tto"
296 2700 464 2749 aliam
499 2714 616 2751 esse
646 2699 735 2764 qui
768 2701 973 2767 genuit,
1004 2700 1171 2751 alium
1203 2701 1292 2766 qui
1325 2700 1526 2767 genitus
1558 2710 1662 2761 est,
1695 2710 1742 2751 et

179 2792 327 2842 aliam
358 2796 451 2859 qui
486 2794 557 2844 de
592 2804 815 2859 utroque
850 2794 1122 2859 processit.
1157 2791 1360 2844 Eodem
1396 2808 1540 2845 anno
1576 2791 1746 2860 Regu-

181 2884 272 2934 lam
300 2886 424 2949 ﬁdei
461 2884 741 2949 scripsere
776 2884 948 2935 instar
978 2880 1211 2950 Symboli
1247 2881 1471 2950 Hispani
1510 2882 1697 2934 Patres
1729 2899 1743 2934 :

177 2976 536 3044 dicebantque
586 2975 639 3026 in
686 2975 919 3028 articulo
966 2972 1204 3042 Spiritus
1249 2974 1445 3037 sancu,
1494 2975 1671 3041 ipsum
1715 2990 1747 3025 a

183 3069 326 3119 l’atre
368 3068 622 3137 Filioque
678 3068 973 3134 procedere.
1009 3066 1343 3120 Decretalem
1376 3066 1440 3118 ad
1474 3066 1748 3120 Justinum

174 3163 433 3214 seniorem
472 3160 819 3227 Augustum,
856 3172 1001 3212 anno
1035 3159 1166 3219 521.
1206 3159 1582 3211 transmiserat
1616 3158 1746 3224 Epi-

174 3253 353 3304 stolam
404 3252 729 3305 Hormisdas
775 3266 932 3319 papa,
978 3250 1070 3304 ubi
1116 3251 1346 3319 legimus
1391 3268 1403 3303 :
1454 3250 1744 3316 Proprium

175 3344 394 3411 Spiritus
422 3344 604 3396 sancti
631 3358 760 3404 esse,
788 3354 842 3393 ut
869 3344 932 3394 de
959 3340 1121 3395 Patre
1146 3351 1193 3393 et
1222 3340 1353 3394 Filio
1380 3342 1627 3411 procedat
1654 3340 1747 3392 sub

176 3452 267 3485 una
301 3435 611 3486 substantia
652 3432 898 3486 Deitatis.
932 3432 1064 3486 Vide
1098 3444 1261 3501 caput
1296 3433 1329 3485 5
1351 3475 1363 3493 ,
1403 3450 1554 3485 num.
1588 3434 1620 3485 5
1644 3472 1659 3494 ,
1696 3442 1749 3485 et

175 3540 325 3594 caput
354 3531 411 3589 ι,
445 3543 606 3581 num.
642 3528 690 3581 l.
720 3526 918 3580 Vocem
953 3527 1111 3587 hanc,
1144 3525 1409 3594 Filioque,
1442 3524 1749 3594 prolixiori-

181 3620 269 3670 bus
315 3619 445 3672 fidei
498 3618 755 3671 formulis
799 3620 909 3687 jam
965 3619 1263 3679 insertam,
1314 3619 1377 3670 ad
1426 3616 1749 3685 Symbolum

177 3710 881 3778 Constantinopolitanum,
931 3710 1076 3777 quod
1128 3710 1271 3763 inter
1321 3710 1615 3761 missarum
1666 3722 1753 3759 so-

180 3805 372 3856 lemnia
408 3802 721 3865 canebant,
752 3802 856 3855 sibi
892 3802 1186 3856 transferre
1219 3810 1482 3870 putarunt
1516 3801 1595 3852 fas
1629 3815 1752 3853 esse

180 3892 579 3963 Hispaniarum
607 3892 900 3957 Ecclesiae,
936 3892 1281 3962 disciplinam
1317 3902 1590 3946 sectantes
1629 3905 1752 3960 qua:

179 3987 602 4043 convenientior
638 3987 750 4040 visa
786 3985 964 4039 fuerat
996 3986 1064 4038 ad
1103 3982 1261 4039 ﬁdem
1298 3996 1505 4039 rectam
1552 3984 1753 4038 docen-

180 4080 312 4139 dam,
368 4094 436 4133 ac
486 4078 796 4141 tutandam,
842 4077 1302 4145 aervandamque.
1353 4076 1515 4130 Fides
1562 4091 1754 4130 carum

182 4192 276 4228 non
307 4184 434 4228 erat
466 4173 669 4235 altera,
698 4172 799 4225 hoe
831 4182 916 4227 est
944 4170 1173 4225 Nicaena
1204 4170 1326 4224 fidei
1359 4180 1415 4224 et
1444 4169 1758 4224 Constanti-

184 4270 517 4338 nopolitana:
558 4266 785 4319 adversa
826 4283 839 4319 :
886 4278 1064 4333 neque
1107 4263 1244 4317 fides
1286 4263 1480 4325 altera,
1524 4264 1628 4317 hoc
1673 4272 1759 4317 est

181 4362 414 4413 formula
456 4358 586 4412 fidei
632 4358 892 4411 articulos
930 4356 1243 4419 continens,
1285 4370 1406 4422 qua
1448 4370 1478 4409 a
1522 4356 1755 4409 formula

184 4452 397 4505 Μαίη
438 4461 499 4505 et
552 4450 1156 4517 ConstantinOpolitana
1190 4446 1440 4500 diﬂerret
1471 4465 1484 4500 :
1516 4448 1610 4501 sed
1645 4449 1758 4499 haec

1839 1973 2050 2039 apicem
2096 1971 2149 2023 in
2193 1971 2433 2024 Romana
2483 1970 2723 2024 Ecclesia
2770 1968 3069 2026 custodita.
3110 1969 3163 2021 in
3208 1967 3425 2020 eateris

1844 2079 1941 2130 pro
1961 2064 2128 2116 variis
2152 2063 2431 2129 regionum
2454 2061 2886 2114 circumstantiis
2908 2060 3195 2127 paululum
3220 2058 3419 2118 laxata,

1844 2155 2334 2217 schismatisjnter
2363 2168 2455 2206 eas
2488 2152 2723 2221 praebuit
2753 2167 2941 2205 ansam
2977 2150 3202 2202 nullam.
3238 2149 3422 2202 Flore-

1846 2249 1935 2300 bat
1967 2246 2130 2317 225
2161 2263 2373 2300 summa
2405 2262 2504 2313 pax
2528 2287 2541 2309 ,
2572 2246 2896 2313 vigebatque
2929 2244 3139 2312 integra
3169 2258 3421 2296 coutinu-

1844 2341 1956 2393 nio.
2001 2342 2142 2405 Quin
2178 2342 2288 2393 imo
2340 2340 2583 2393 Romana
2611 2338 2832 2390 demum
2884 2336 3128 2390 Ecclesia
3178 2334 3420 2404 Syniboll

1844 2432 2463 2499 Constantinopolitani,
2513 2431 2874 2499 ejusdemque
2930 2427 3247 2496 interpolati
3294 2444 3424 2480 can-

1848 2534 1960 2576 tum
2006 2522 2224 2576 admisit
2264 2523 2462 2576 saeenlo
2499 2522 2790 2574 undecimo
2827 2521 2969 2573 inter
3006 2520 3297 2571 missarum
3339 2532 3426 2570 so-

1848 2616 2067 2675 lemnia,
2107 2616 2350 2668 moribus
2393 2615 2620 2666 aliarum
2662 2628 2783 2665 sese
2826 2611 3178 2663 conforrnans
3218 2625 3321 2677 pro
3359 2625 3421 2661 ea

1848 2723 1952 2775 qua
1994 2708 2302 2774 potiebatur
2340 2706 2392 2757 in
2430 2706 2819 2758 ecclesiastica:
2854 2702 3165 2770 disciplinae
3202 2703 3423 2768 negotio

1850 2800 2126 2853 facultate.
2154 2798 2392 2851 Consule
2422 2796 2595 2863 capita
2626 2796 2909 2863 superiora
2942 2794 3070 2855 duo,
3102 2796 3134 2847 4
3161 2803 3216 2845 et
3245 2794 3295 2845 5.
3328 2793 3429 2845 Ar-

1850 2900 2106 2960 gumenta
2150 2904 2276 2943 vero
2316 2889 2426 2956 jam
2473 2889 2701 2942 collecta
2746 2898 2895 2948 sunt,
2945 2901 3067 2953 qua!
3111 2884 3425 2938 Graecorum

1852 2984 2131 3036 seissionis
2183 2992 2506 3052 praetextum
2584 2980 2834 3033 funditus
2880 2988 3137 3033 exertunt
3183 2992 3246 3031 ac
3299 2990 3429 3044 pro-

1850 3073 2055 3143 ﬂigant.

1922 3167 1984 3220 ll.
2028 3166 2132 3220 Sed
2170 3168 2309 3218 hanc
2338 3164 2521 3226 vocis,
2558 3162 2823 3230 Filioque,
2856 3161 3223 3231 adiectionem
3254 3161 3426 3227 veluti

1852 3260 2100 3313 illicitam
2148 3259 2396 3312 incusant
2445 3257 2541 3319 illi,
2592 3270 2823 3324 eamque
2870 3254 3212 3322 ingeminant
3261 3251 3434 3320 Ephe-

1852 3355 1982 3405 sinir
2010 3351 2193 3421 synodi
2223 3350 2447 3402 decreto
2476 3349 2787 3401 adversam.
2818 3346 2935 3414 Ipse
2967 3344 3078 3397 Leo
3110 3344 3199 3405 ΙΙΙ,
3231 3344 3429 3397 Roma-

1854 3461 1956 3497 nus
1986 3442 2229 3511 pontifex
2265 3440 2593 3508 (inquiunt),
2625 3441 2676 3491 in
2706 3438 3010 3490 Collatione
3040 3452 3163 3489 cum
3194 3435 3432 3488 Gallica-

1854 3537 1937 3588 nis
1982 3532 2259 3599 episcopis
2306 3532 2486 3584 aiebat
2539 3548 2553 3584 :
2608 3528 2752 3581 Licet
2800 3530 3030 3580 docendo
3079 3536 3335 3589 cantare,
3382 3533 3429 3577 et

1854 3627 2119 3679 cantando
2151 3627 2335 3677 docere
2367 3639 2383 3675 :
2413 3625 2503 3676 sed
2535 3624 2721 3674 illicite
2755 3624 2807 3673 in
2846 3623 3142 3689 prohibitis,
3179 3636 3271 3671 nec
3303 3619 3435 3669 scri-

1854 3700 2017 3773 bendo
2064 3736 2156 3771 nec
2198 3722 2461 3770 cantando
2508 3716 2622 3767 licet
2671 3716 2918 3767 inserere.
2969 3712 3129 3779 Legis
3172 3712 3430 3764 nimirum

1858 3814 2140 3881 Ephesium
2179 3812 2343 3879 rigori
2381 3811 2621 3863 hauebat
2654 3824 2720 3861 eo
2760 3818 3003 3875 tempore
3039 3805 3281 3859 Ecclesia
3322 3805 3432 3858 Ro-

1856 3922 2012 3959 mana
2045 3924 2057 3957 :
2094 3904 2187 3957 sed
2226 3904 2402 3971 ipsum
2440 3904 2674 3970 rigorem
2713 3901 2848 3965 legis
2887 3914 2984 3967 pro
3019 3899 3187 3951 variis
3222 3907 3433 3963 tempo-

1858 4015 1976 4050 rum
2006 3995 2435 4049 circumstantiis
2457 4032 2471 4054 ,
2505 4005 2690 4061 utpote
2722 3994 2861 4044 intra
2893 3991 3097 4043 limites
3128 3990 3431 4057 disciplinas

1858 4087 2242 4143 ecclesiastica:
2297 4086 2711 4143 consistentem.
2770 4084 3062 4151 temperari
3116 4096 3275 4149 posse
3322 4082 3433 4149 jam

1860 4190 2108 4236 noverat.
2145 4179 2400 4248 Optabat,
2437 4178 2857 4229 additamentum
2902 4176 3017 4227 tolli
3064 4190 3093 4227 a
3137 4173 3434 4228 Gallicanis

1860 4274 2132 4342 episc0pis
2166 4289 2179 4325 :
2212 4272 2387 4339 deque
2422 4270 2586 4322 modo
2616 4269 2906 4321 consilium
2939 4267 3126 4328 dabat,
3157 4283 3260 4318 non
3293 4266 3435 4332 afﬁr-

1862 4368 2089 4428 mando,
2139 4364 2228 4415 sed
2279 4362 2581 4414 tractando.
2630 4360 2899 4413 Caeterum
2950 4373 3081 4411 vero
3126 4357 3436 4411 Orientales

1862 4459 2025 4512 etiam
2059 4459 2188 4524 ipsa:
2220 4456 2477 4509 Ecclesiae
2504 4456 2572 4508 ab
2602 4454 2849 4523 ejusdem
2880 4452 3168 4520 Ephesinz
3200 4451 3335 4518 legis
3366 4448 3440 4502 ri-

184 4544 370 4596 eadem
400 4555 661 4612 prorsus,
688 4554 809 4593 cum
840 4539 1000 4592 unius
1026 4538 1175 4591 vocis
1198 4538 1517 4592 orthodoxa:
1546 4537 1755 4591 addita-
1795 4577 1833 4631 υ

1795 4577 1833 4631 υ
1865 4566 1993 4619 gore
2034 4556 2411 4608 recesserant,
2448 4562 2570 4614 quae
2614 4546 2740 4600 licet
2784 4546 2835 4598 in
2882 4544 3245 4612 baptismate,
3285 4552 3338 4595 et
3380 4543 3434 4594 in

189 4646 391 4696 mento,
421 4633 493 4687 ad
528 4632 855 4686 Arianorum
886 4630 1135 4684 heresim
1163 4630 1578 4684 eliininandani.

251 4727 374 4778 Alio
418 4725 642 4777 invecto
685 4720 922 4789 Spiritus
967 4721 1141 4774 sancti
1186 4719 1454 4789 originem
1500 4720 1763 4774 vitiarunt

189 4816 546 4868 Honotltelita
583 4827 793 4876 errore,
830 4826 993 4881 quem
1031 4811 1193 4880 longe
1234 4812 1455 4880 lateque
1497 4827 1763 4881 pr0paga-

190 4922 309 4962 runt
348 4906 697 4961 Iconomacln'
732 4906 785 4958 in
818 4904 1063 4961 Oriente.
1100 4905 1298 4958 Filium
1332 4904 1701 4958 excludebant
1732 4920 1762 4959 a

190 5004 468 5057 consortio
496 5000 776 5069 spirativa:
801 5014 925 5053 cuin
955 4996 1115 5051 Patre
1143 4998 1363 5051 virtutis
1397 5017 1409 5051 :
1444 4999 1625 5067 doque
1657 4999 1765 5051 bat-

194 5100 289 5152 resi
340 5095 677 5153 incusabant
720 5093 965 5155 Latinos,
1017 5092 1379 5161 procedentem
1432 5090 1496 5143 ab
1544 5100 1764 5159 utroque

195 5191 451 5261 Spiritum
495 5196 741 5240 sanctam
788 5186 1127 5254 profitentes.
1175 5183 1313 5237 Mota
1360 5182 1594 5251 quastio
1638 5197 1763 5235 cum

195 5282 414 5337 Francis
444 5280 694 5333 discussa
725 5288 809 5331 est
838 5291 981 5329 anno
1012 5275 1135 5340 767,
1169 5275 1223 5328 in
1257 5274 1467 5344 synodo
1498 5273 1765 5327 Gentilia-

196 5378 335 5427 censi
376 5392 390 5425 :
429 5385 645 5442 proque
681 5368 936 5437 dogmate
971 5367 1096 5420 fidei
1136 5366 1303 5418 latum
1338 5365 1641 5419 decretum.
1681 5363 1766 5418 Fi-

197 5466 312 5518 dem
343 5465 511 5525 banc,
543 5471 747 5515 temere
774 5475 802 5513 a
829 5458 1035 5513 Grmcis
1061 5459 1314 5511 violatam
1333 5496 1347 5519 ,
1378 5468 1436 5509 ut
1462 5471 1645 5510 coram
1677 5472 1766 5523 pa-

200 5560 410 5623 lamque
449 5556 846 5625 proﬁterentur
883 5551 1174 5606 Gallicanze
1221 5550 1498 5613 Ecclesiae,
1546 5561 1767 5617 sumpto

197 5666 258 5703 ex
289 5647 601 5717 Hispanicis
637 5644 911 5713 exemplo,
948 5657 1114 5697 sacra:
1149 5641 1407 5711 Liturgiie
1441 5650 1649 5711 partem
1686 5642 1763 5694 fe-

200 5755 313 5793 tere
343 5737 668 5807 Symbolum
698 5733 1372 5801 Constantinopolitanutn
1402 5746 1525 5785 cuni
1556 5732 1762 5785 addita-

201 5844 395 5889 uicnto.
426 5830 713 5888 Haerescos
739 5845 1026 5885 censuram
1060 5827 1402 5883 iueulcabant
1431 5827 1625 5883 Caeci.
1660 5828 1765 5882 Hes

1863 4656 2017 4696 sacra
2046 4640 2289 4707 Liturgia
2323 4636 2911 4704 Constantinopolitano
2942 4636 3175 4704 symbolo
3207 4650 3314 4687 non
3350 4634 3435 4686 in-

1866 4734 2137 4799 terpolato
2170 4740 2487 4792 uterentur;
2520 4730 2572 4781 in
2605 4745 2756 4781 more
2788 4743 3006 4795 semper
3034 4728 3299 4787 habuere,
3329 4727 3439 4779 for-

1868 4825 2044 4876 mulas
2100 4822 2297 4874 alteras
2353 4821 2682 4889 prolixiores
2739 4816 3080 4878 instruendi,
3132 4817 3291 4885 queis
3346 4826 3447 4867 aut

1868 4914 2051 4966 tidelcs
2103 4923 2308 4965 rectam
2359 4912 2521 4964 fidem
2577 4908 3006 4976 profiterentur,
3054 4918 3148 4961 aut
3202 4908 3439 4975 suspecti

1866 5006 2077 5074 seipsos
2118 5012 2508 5073 expurgarent.
2555 5000 2692 5054 Hinc
2739 5000 3056 5055 Florentina
3104 5000 3157 5054 in
3207 5003 3437 5068 synodo,

1865 5098 2067 5153 Grtccis
2103 5094 2601 5153 consentientibus.
2638 5093 2923 5147 definitum
2962 5111 2973 5144 :
3016 5092 3438 5155 Explicationem

1866 5191 2138 5242 verborum
2186 5189 2437 5251 illorum,
2490 5186 2769 5253 Filioque,
2818 5184 3055 5235 veritatis
3105 5184 3443 5235 declarandae

1867 5281 2065 5347 gratia,
2096 5286 2142 5328 et
2169 5278 2476 5329 imminente
2504 5286 2627 5326 tunc
2658 5275 2984 5335 necessitate,
3017 5272 3157 5325 licite
3188 5288 3250 5325 ac
3282 5274 3444 5324 ratio-

1868 5370 2115 5425 nabiliter
2144 5367 2388 5437 Symbolo
2420 5367 2578 5434 fuisse
2608 5366 2924 5435 appositam.

1943 5461 2273 5529 Epiri-sinam
2309 5459 2480 5525 legem
2504 5496 2517 5519 ,
2550 5458 2766 5509 tametsi
2797 5455 2860 5507 ad
2892 5454 3321 5508 ecclesiasticam
3352 5452 3438 5507 di-

1870 5554 2155 5621 sciplinam
2190 5558 2428 5617 spectet,
2464 5549 2615 5600 nullo
2647 5547 2784 5601 solvi
2819 5546 3073 5599 debuisse
3105 5544 3298 5607 modo,
3332 5543 3439 5597 nisi

1870 5650 2058 5700 saltem
2092 5644 2283 5712 synodi
2316 5643 2590 5711 generalis
2619 5641 2945 5693 auctoritate
2976 5640 3302 5699 accedente,
3338 5640 3439 5690 ite-

1875 5756 1992 5791 rum
2024 5738 2231 5790 instant
2258 5736 2446 5786 eadem
2476 5748 2691 5801 semper
2718 5732 3040 5783 oberrantcs
3066 5729 3291 5782 chorda.
3324 5728 3437 5782 Lit-

1875 5842 2021 5896 lcl'J',
2053 5844 2167 5897 qua:
2200 5826 2419 5884 occidit.
2453 5826 2571 5895 plus
2604 5823 2768 5877 nitnio
2802 5822 3086 5876 inhaerent.
3122 5820 3433 5875 Forinulatn
