4216 6438
786 437 888 496 109

1725 434 2048 492 GEORGII
2098 430 2354 490 (Il'PillI
2395 431 2500 488 (ΣΡ.
2551 425 3060 486 ΡᾹῪΒῘᾹΠΩΠΕ

3916 425 4016 486 200

778 557 938 612 εἰπε,
992 567 1115 606 cum
1167 561 1312 605 recte
1365 551 1683 604 noverimus
1727 550 1868 618 quod
1918 564 2033 611 eos,
2079 551 2169 616 qui
2226 547 2350 601 talia
2389 562 2418 606 ,ι
2455 554 2616 612 atque
2655 545 2812 603 lecta,
2847 558 2939 610 per
2972 557 3090 595 eam
3132 537 3575 595 Occidentalibus
3602 537 3924 594 laudandam
3955 557 4016 595 ac

782 649 960 700 facere
1005 645 1226 704 audent.
1257 645 1438 713 gravis
1471 642 1856 696 condemnatio
1905 650 2204 709 exsin-ctat.
2240 640 2346 692 Re-

782 739 1046 791 verentia:
1071 739 1251 804 itaque
1279 745 1383 788 tua!
1413 735 1607 787 iterum
1631 734 2023 801 significamus,
2056 740 2113 783 ut
2147 729 2214 782 de
2249 730 2348 781 liae

782 831 1054 888 additione
1087 832 1138 881 in
1180 828 1282 896 Syu
1309 828 1454 887 bolo,
1487 843 1548 878 ex
1582 823 1722 876 Filio
1767 824 1998 881 scilicet,
2051 822 2145 873 tibi
2187 821 2348 872 satis«

793 926 1094 976 faciamus:
1139 921 1281 990 quod
1318 937 1423 972 non
1459 921 1631 972 solum
1664 919 1757 971 hoc
1802 934 1902 968 non
1947 915 2200 979 dicimus,
2255 913 2349 965 scil

785 1020 950 1070 etiam
983 1017 1125 1082 quod
1159 1031 1253 1066 eos
1289 1015 1376 1080 qui
1424 1013 1680 1080 princpio
1733 1013 1825 1062 hoc
1857 1010 2024 1061 dicere
2056 1008 2175 1059 ausi
2204 1015 2349 1066 sunt,

789 1111 945 1172 quasi
978 1123 1359 1175 Itatisgressort
1383 1124 1406 1156 s
1426 1104 1595 1156 divini
1631 1102 1780 1155 verbi
1812 1100 2242 1154 Ctittdcmnamtts
2264 1139 2273 1148 .
2299 1135 2312 1148 .
2338 1138 2348 1148 .

792 1202 854 1253 [ἵε
901 1202 1084 1265 reliqui
1120 1201 1281 1250 nostri
1325 1198 1548 1265 episcopi
1590 1193 1872 1247 nobiscum
1909 1193 2048 1244 idetn
2092 1192 2351 1246 sentiant,

791 1296 916 1344 lotis
949 1292 1157 1343 viribus
1210 1289 1594 1342 contendimus
1627 1324 1640 1337 .
1669 1328 1683 1341 .
1714 1325 1726 1337 .
1782 1284 1999 1336 Rationi
2053 1296 2352 1349 congruum

791 1385 922 1434 mihi
954 1384 1129 1435 visum
1150 1392 1251 1440 est.
1285 1396 1349 1432 ne
1386 1380 1653 1430 violenter
1676 1378 1876 1443 aliquis
1901 1382 2126 1441 cogatur
2148 1389 2176 1424 a
2197 1371 2357 1423 nobis

794 1477 1112 1526 additionem
1149 1472 1294 1524 illam
1319 1471 1617 1532 dimittere,
1661 1482 1823 1535 quain
1857 1468 1971 1534 ipse
2003 1465 2268 1534 adjecisse
2295 1478 2354 1515 se

799 1568 1058 1636 Symbolo
1091 1568 1302 1617 noverit
1339 1583 1350 1616 :
1381 1563 1474 1617 sed
1508 1562 1688 1631 potius
1725 1559 2142 1614 mansuetudine
2177 1557 2355 1624 aliqua

800 1656 1111 1716 huiusmodi
1166 1653 1424 1722 homines
1452 1655 1768 1714 admonere,
1823 1661 1876 1704 ct
1902 1651 2157 1718 paulatim
2186 1663 2212 1700 a
2245 1648 2359 1700 bla-

793 1749 1026 1816 sphemia
1062 1761 1335 1800 revocare.
1377 1764 1394 1795 ι
1431 1744 1750 1798 Cornute-nio
1781 1757 1880 1793 suo
1905 1741 2082 1792 llrmat
2113 1739 2358 1800 Photius,

797 1852 983 1889 vocem
1022 1834 1264 1904 Filioque
1323 1836 1389 1887 ab
1437 1832 1675 1887 l‘icclesia
1727 1831 1966 1883 Romana
2022 1830 2263 1879 nondum
2307 1827 2358 1878 in

799 1927 1054 1995 Symbolo
1108 1934 1381 1992 receptam
1435 1939 1450 1976 :

799 2015 1042 2083 pontifici
1075 2024 1245 2073 creat,
1285 2013 1417 2066 dum
1455 2013 1630 2080 ipsum
1659 2010 1888 2069 inducit.
1921 2007 2088 2060 veluti
2125 2005 2364 2072 blasphe-

801 2122 974 2167 nmm,
1028 2105 1404 2172 repudiantem
1454 2100 1824 2170 adjectionem.
1869 2095 2261 2164 Autiquitatis,
2311 2101 2366 2144 et

805 2198 1004 2264 rigoris
1029 2197 1367 2249 tenacissima
1393 2193 1632 2247 Romana
1662 2189 1903 2245 Ecclesia
1923 2188 2264 2256 adjectionem
2297 2184 2366 2235 ad

804 2286 1110 2357 Symbolum
1171 2302 1279 2338 non
1333 2285 1691 2345 admittebat;
1771 2280 1933 2334 fidem
1998 2277 2367 2348 processionis

802 2392 966 2432 etiam
994 2394 1026 2428 α
1058 2375 1197 2429 Filio
1236 2377 1675 2429 constantissime
1710 2372 2090 2441 proﬁtebatur,
2128 2369 2367 2422 vindica-

808 2470 1047 2536 batque;
1082 2472 1327 2535 adeoque
1353 2477 1408 2519 et
1441 2466 1569 2517 illud
1613 2466 2044 2517 additamentum
2079 2461 2288 2514 caeteris
2315 2463 2366 2511 in

811 2558 1089 2622 Ecclesiis,
1122 2576 1243 2628 qua:
1287 2560 1417 2610 illud
1458 2569 1807 2625 reci-perant,
1843 2570 1966 2608 cum
1997 2554 2047 2606 id
2089 2555 2155 2605 ad
2198 2552 2372 2605 eccle-

811 2654 1086 2705 siasticatn
1129 2652 1420 2718 pertineret
1455 2653 1817 2716 disciplinam.
1853 2647 2137 2712 tolerabat,
2171 2660 2372 2713 easque

809 2747 1234 2814 transgressionis
1265 2753 1449 2794 contra
1484 2743 1717 2794 divinum
1748 2741 1957 2793 verbum
1991 2737 2374 2793 condemnavit

812 2853 1116 2906 nunquam.
1184 2834 1441 2889 (leniit-ue
1493 2834 1769 2886 Pno‘iianae
1823 2831 2068 2899 epistola:
2113 2837 2375 2884 consonat

811 2929 1216 2984 conciliabulum
1275 2924 1914 2995 Constantinopolitanuin
1969 2924 2164 2975 eodem
2229 2937 2376 2974 anno

811 3023 914 3076 879
941 3024 1294 3080 celebratum,
1323 3029 1380 3070 ut
1410 3018 1585 3071 fertur
1612 3036 1624 3069 :
1657 3019 1800 3086 quod
1829 3026 2068 3069 attamen
2095 3015 2162 3068 ab
2183 3015 2376 3068 eodem

816 3114 1010 3166 Photio
1071 3114 1277 3180 pariter
1317 3110 1608 3162 conﬁctum
1637 3150 1650 3173 ,
1689 3119 1781 3161 aut
1815 3120 1960 3161 certe
1990 3108 2262 3168 falsatum,
2299 3106 2378 3159 iti-

819 3208 959 3256 victc
989 3204 1325 3255 demonstrat
1344 3203 1600 3269 singulari
1627 3203 1678 3253 in
1703 3205 1872 3268 Opere
1898 3197 2377 3266 Allatius.Legato-

815 3313 936 3348 ram
965 3297 1178 3349 concilii
1202 3297 1656 3363 Aquisgranensis
1688 3294 2032 3347 Culiulionem
2053 3307 2174 3344 cum
2196 3289 2378 3343 Leone

815 3390 878 3441 ΙΙΙ
950 3388 1206 3457 pontifice
1270 3388 1446 3441 recole
1508 3387 1685 3457 rapite
1755 3388 2041 3454 superiore
2136 3399 2290 3436 nutu.
2345 3384 2378 3437 4

812 3495 868 3536 et
904 3484 958 3537 5.

886 3574 1099 3627 Ludunt
1160 3574 1413 3627 eumdem
1475 3574 1699 3625 Pltotius
1734 3570 1872 3623 ludit
1929 3571 1981 3622 in
2039 3569 2267 3638 epistola
2313 3569 2380 3621 ad

812 3666 1291 3734 archiepiscopum
1319 3665 1725 3733 Aquileiensem,
1771 3679 1874 3732 qua
1923 3668 1986 3715 ad
2025 3663 2178 3716 aliain
2213 3661 2380 3713 veluti

816 3757 920 3808 sibi
953 3761 1021 3807 ab
1047 3772 1113 3807 eo
1142 3758 1321 3807 datam
1350 3756 1664 3823 respondet.
1704 3755 1887 3806 ltefett
1916 3769 2034 3805 eain
2068 3752 2256 3805 Latine
2284 3751 2380 3803 Ba-

818 3851 1027 3910 ronius,
1066 3849 1130 3900 ad
1178 3859 1379 3899 annum
1416 3850 1539 3910 88'),
1589 3863 1740 3899 nutu.
1779 3846 1841 3909 5;
1875 3845 2065 3897 Latine
2093 3855 2148 3897 et
2195 3844 2380 3898 Gl‘iDCC

816 3941 1176 3991 (Loinbclisius
1211 3938 1268 3992 in
1305 3939 1552 3989 Auctario
1609 3939 1905 3998 novissimo,
1957 3953 2075 4004 pag.
2119 3935 2240 3990 527.
2287 3936 2382 3986 La-

816 4035 958 4088 tiore
1015 4048 1114 4083 uos
1169 4028 1378 4098 egimus
1428 4032 1493 4082 de
1528 4046 1590 4082 ea
1622 4047 1871 4083 sermone
1921 4031 1972 4081 in
2030 4028 2382 4081 Monumentis

820 4123 1069 4176 Ecclesiw
1121 4123 1481 4189 Aquilriinsis,
1519 4124 1694 4188 capite
1745 4124 1832 4182 50,
1881 4137 2030 4172 ιιυιιι.
2095 4121 2147 4181 5.
2207 4120 2384 4186 deque

819 4215 995 4268 l‘liotii
1052 4216 1323 4268 vaferriuii
1377 4216 1615 4268 liotntuis
1668 4216 1857 4267 fraude
1902 4213 2266 4282 SUSpiCiOllelll
2305 4217 2385 4262 in—

815 4309 1103 4376 gessimus.
1132 4305 1199 4359 Ut
1245 4320 1305 4359 ut
1333 4324 1450 4360 siese
1488 4324 1572 4360 res
1617 4309 1831 4366 habeat,
1861 4307 2142 4373 poutilices
2189 4305 2385 4357 Ruina-

817 4415 917 4451 nos
974 4404 1041 4450 ita
1098 4400 1167 4450 ab
1220 4401 1580 4450 additamenta
1638 4400 1842 4449 alienos
1900 4397 2140 4457 exhibet.
2175 4408 2233 4448 ut
2290 4409 2384 4446 eos

812 4491 976 4542 etiam
1031 4492 1394 4557 processionis
1429 4507 1456 4541 ιι
1513 4490 1630 4542 solo
1685 4489 1838 4541 l’atre
1892 4489 2135 4540 vindices
2185 4487 2382 4548 faciat;

812 4582 1058 4645 aliosque
1119 4578 1322 4632 Latine
1373 4580 1629 4631 Ecclesia:
1685 4579 1973 4646 episcopos
2029 4578 2231 4629 indicat
2267 4587 2375 4628 tum
2412 4597 2456 4650 ο

815 4671 1180 4738 processiouis
1214 4687 1247 4727 α
1284 4670 1445 4723 Putre
1493 4681 1539 4722 et
1584 4689 1614 4722 α
1657 4669 1795 4723 Filio
1849 4668 2206 4736 professores,
2269 4677 2379 4717 tum

815 4775 1068 4814 auctores
1097 4763 1462 4812 additamenti.
1505 4762 1558 4812 Id
1587 4777 1716 4813 vero
1757 4761 2029 4828 colligitur
2081 4758 2226 4817 inde,
2277 4758 2384 4809 Ro-

814 4869 1027 4905 manam
1083 4853 1373 4904 Ecclesiam
1425 4853 1741 4921 Simbolum
1790 4867 1912 4902 cum
1952 4865 2083 4904 voce
2145 4847 2384 4917 Filioque

813 4963 875 4998 ca
907 4957 1084 5006 amite,
1132 4948 1247 5011 ipso
1281 4945 1472 4996 i’liotto
1525 4955 1681 5003 teste,
1718 4959 1823 4994 non
1867 4944 2146 4994 recitasse.
2206 4941 2380 4992 l‘liotii

815 5039 980 5089 verba
1017 5040 1226 5088 refero:
1267 5054 1282 5084 ι
1342 5036 1599 5087 Pervenit
1643 5035 1708 5087 ad
1749 5045 1964 5087 nostras
2013 5049 2193 5096 aures,
2237 5031 2381 5100 quod

816 5128 1062 5178 nonnulli
1097 5125 1554 5188 Occidentalium,
1591 5126 1837 5177 diviuunt
1871 5141 1933 5176 ac
1974 5125 2379 5177 sanctissimum

817 5219 1082 5285 Spiritum
1114 5235 1214 5268 non
1244 5219 1415 5269 solum
1451 5233 1514 5268 ea:
1545 5217 1652 5268 Deo
1699 5229 1746 5268 et
1779 5216 1960 5276 Patre,
1995 5231 2182 5268 verum
2219 5214 2381 5266 etiam

816 5310 974 5376 203
995 5324 1056 5358 ex
1091 5307 1224 5359 Filio
1246 5309 1540 5373 praeedere
1572 5325 1701 5359 novo
1732 5310 1976 5376 dogmate
2007 5307 2380 5358 introducunt.

819 5401 916 5462 (Ita
949 5400 1152 5450 >CliiCt'l
1185 5409 1261 5450 att
1299 5399 1751 5452 mendacissimus
1784 5400 1989 5466 homo.)
2020 5397 2151 5460 Leo,
2187 5397 2384 5449 [torna—

819 5505 923 5539 nus
972 5490 1237 5555 pontifex,
1269 5499 1381 5540 tum
1434 5504 1622 5542 senior
1659 5490 1748 5559 (ΙΙ)
1782 5498 2010 5557 tumque
2043 5504 2235 5542 rursus
2290 5489 2382 5556 qui

818 5580 970 5630 illum
1029 5590 1251 5632 secutus
1293 5590 1377 5632 est
1417 5579 1525 5632 Leo
1560 5581 1746 5648 λιιιιὶοτ
1793 5579 1974 5648 (111)...
2014 5578 2112 5632 llic
2165 5580 2385 5647 pietatis

818 5671 1037 5722 fervens
1070 5679 1374 5735 aemulator,
1431 5683 1490 5725 ut
1538 5677 1687 5724 nullo
1751 5683 1930 5741 pacto,
1969 5673 2200 5726 barbaro
2243 5672 2380 5722 idio-

819 5776 984 5823 mate,
1033 5767 1351 5817 intemerata
1395 5775 1591 5819 nostra:
1627 5768 1748 5818 lidci
1798 5767 1977 5832 regula
2008 5779 2385 5830 corrumpere-

824 5863 932 5916 tur,
965 5855 1145 5908 Grarca
1175 5859 1375 5926 lingua,
1416 5869 1474 5909 ut
1509 5869 1563 5911 et
1597 5875 1623 5911 ει
1667 5859 1936 5927 principio
1971 5858 2170 5910 dictata
2207 5857 2385 5910 fuerat

2460 636 2856 702 pra-dicandam
2887 633 3128 685 divinam
3163 640 3518 698 sanctamque
3560 630 3881 684 Trinitatem
3916 640 4019 682 tra-

2457 727 2611 779 didit.
2647 727 2831 794 Neque
2873 725 2926 777 id
2976 726 3140 778 verbo
3189 725 3361 776 solum
3394 738 3456 776 ac
3493 723 3738 790 jussione
3766 763 3781 786 ,
3831 737 4017 775 verum

2459 820 2621 872 etiam
2653 818 2980 886 quibusdam
3015 817 3275 868 ancilibus
3313 815 3459 868 velut
3495 814 3668 868 titulis
3692 855 3705 876 ,
3747 814 4022 867 columna-

2463 927 2582 962 rum
2610 926 2780 974 more,
2809 910 3111 962 inscribens
3143 909 3209 962 ad
3244 907 3392 962 fores
3417 907 3674 982 Ecclesia;
3698 905 3864 959 afluit
3888 946 3902 959 .
3936 946 3948 958 .
3970 944 3983 958 .
4009 944 4019 958 .

2461 1017 2529 1055 ne
2562 1018 2798 1067 unquam
2835 1001 2915 1052 via
2939 1008 3085 1052 esset
3114 1039 3126 1052 .
3153 1037 3166 1050 .
3206 1037 3221 1050 .
3267 1035 3280 1050 .
3314 998 3538 1050 alteram
3571 1007 3767 1065 praeter
3787 997 4019 1058 Patrem,

2463 1093 2698 1160 Spitilus
2747 1108 2985 1150 causam.
3042 1089 3238 1142 Filium
3290 1087 3602 1141 invebendi.
3643 1107 3660 1137 ο
3715 1086 3860 1139 Nova
3919 1103 4020 1140 nou

2462 1193 2577 1236 erat
2629 1193 2785 1236 aetate
2842 1184 3016 1236 ['liotii
3082 1185 3292 1235 invecta
3348 1180 3418 1233 ab
3466 1179 3908 1234 Occidentalibus
3961 1182 4024 1232 di’

2464 1274 2691 1343 Spiritus
2722 1276 2886 1326 sancti
2930 1292 2961 1326 a
3016 1274 3174 1327 Patre
3199 1283 3245 1325 et
3292 1290 3322 1324 a
3363 1271 3503 1325 Filio
3541 1289 3742 1339 process
3772 1289 3867 1323 ωε
3904 1288 4028 1325 sci:-

2469 1367 2633 1420 teutia
2665 1383 2678 1417 :
2721 1367 2830 1417 iuio
2863 1365 3055 1431 dogma
3090 1373 3174 1417 est
3201 1363 3325 1416 fidei
3365 1365 3648 1417 catholicii-
3673 1403 3687 1423 .
3720 1363 4021 1430 Scriptura-

2470 1475 2590 1510 rutu
2621 1457 2942 1509 auctoritate
2983 1454 3275 1518 munitum,
3311 1469 3372 1506 ac
3401 1455 3628 1520 perenni
3663 1453 3879 1506 Patrutu
3919 1463 4024 1504 ira»

2468 1549 2696 1602 ditione.
2732 1548 2839 1598 Lco
2875 1546 2962 1605 Ill.
2992 1544 3136 1612 quod
3171 1560 3197 1594 a
3235 1545 3532 1613 majoribus
3564 1555 3845 1612 acceperat
3877 1587 3890 1608 ,
3921 1547 4032 1595 sine

2470 1641 2828 1693 additamenta
2890 1639 3207 1708 Synilulviu
3258 1636 3654 1690 custodiebat:
3712 1637 4033 1704 lerebatque

2469 1747 2611 1799 :cgro
2644 1731 2850 1794 animo,
2882 1745 3011 1782 voce
3047 1729 3132 1782 illa
3163 1729 3372 1798 adjecta
3407 1727 3721 1798 Symbolum
3754 1729 4032 1780 decantari

2471 1822 2816 1875 aGallicanis
2864 1820 3166 1888 episcOpis;
3207 1834 3384 1888 neque
3433 1829 3613 1874 tamen
3668 1820 3808 1884 illos,
3843 1837 3904 1873 ac
3937 1819 4030 1871 lli-

1519 1921 1889 1988 iuvidiamque
1943 1918 2107 1972 simul
2159 1915 2355 1968 .loauui
2397 1907 2432 1958 Β
2463 1930 2682 1981 spanos,
2739 1914 3060 1981 ltalicosque
3113 1915 3167 1966 iii
3220 1928 3386 1982 regno
3449 1911 3615 1966 Italiae
3677 1914 4035 1981 reprehendit

2469 2023 2728 2075 unquam,
2760 2007 2925 2060 veluti
2965 2009 3294 2060 intemerata:
3333 2015 3526 2058 nostrai
3547 2006 3670 2073 ﬁdei
3700 2008 3892 2076 regula:
3917 2025 4036 2060 ror-

2471 2108 2728 2165 ruptores.
2778 2098 2856 2150 Ad
2904 2095 3332 2151 ecclesiasticam
3372 2095 3716 2163 disciplinam
3748 2111 3834 2149 res
3871 2107 4040 2165 perti-

2469 2201 2561 2242 net
2592 2209 2604 2244 :
2657 2189 3058 2260 placuissetque
3100 2187 3373 2251 Pontilici,
3409 2195 3468 2239 ut
3507 2189 3652 2256 rigor
3683 2187 3837 2258 legis,
3869 2204 4033 2256 quem

2471 2283 2712 2336 Romana
2765 2283 3100 2351 sequebatur
3138 2281 3410 2345 Ecclesia,
3455 2281 3513 2334 in
3552 2280 3672 2333 aliis
3709 2297 3928 2351 quoque
3960 2283 4042 2333 vi-

2471 2385 2644 2444 geret.

2546 2466 2618 2519 De
2653 2466 2966 2520 memoratis
2989 2482 3017 2521 a
3049 2466 3243 2521 Pliotio
3291 2467 3547 2520 ancilibus
3579 2466 3868 2519 certiorem
3912 2481 4040 2534 sup-

2475 2558 2682 2626 peditat
2709 2559 2953 2610 notitiam
2989 2559 3310 2614 Anastasius
3350 2559 3806 2612 Bibliotliccarius
3835 2558 3888 2609 in
3919 2558 4038 2610 Viti

2476 2649 2674 2701 Leonis
2709 2647 2796 2711 Ill,
2823 2665 2974 2701 num.
3015 2649 3138 2708 410,
3185 2653 3238 2702 in
3283 2650 3527 2703 editione
3569 2647 3845 2700 Francisei
3887 2648 4042 2700 Blan-

2477 2741 2644 2794 cliiuii
2681 2756 2693 2791 :
2737 2759 2754 2790 ι
2797 2741 2894 2793 llic
2928 2756 3055 2793 vero
3098 2741 3418 2810 tinquiens),
3449 2757 3541 2807 pro
3570 2756 3751 2793 amore
3778 2750 3826 2792 et
3857 2750 4041 2792 caute-

2479 2833 2530 2884 la
2566 2834 2865 2884 ortliorloxre
2893 2834 3036 2898 ﬁdei,
3059 2833 3188 2888 fecit
3221 2842 3371 2886 scuta
3399 2843 3652 2901 argentea
3676 2833 3808 2893 duo,
3833 2835 4040 2901 scripta

2481 2937 2709 2992 utraque
2743 2925 3018 2993 Sytnbolo,
3054 2940 3220 2977 unum
3247 2925 3468 2993 quidem
3516 2924 3703 2976 litteris
3734 2925 3955 2988 (ἔπνιξε,
3988 2938 4047 2977 et

2478 3018 2621 3071 aliud
2688 3017 2916 3070 Latinis.
2961 3036 2977 3068 ι
3051 3017 3305 3084 Magister
3375 3017 3779 3072 Sententiarum
3859 3015 4048 3070 Petrus

2481 3108 2829 3172 Lombardus,
2861 3123 3020 3177 quem
3070 3109 3332 3162 Baronius
3383 3109 3566 3163 laudat
3621 3109 3688 3162 ad
3738 3124 3868 3161 ann.
3915 3110 4047 3172 809,

2485 3215 2630 3252 num.
2664 3199 2754 3264 62,
2789 3215 2901 3253 rem
2937 3200 3075 3252 lianc
3107 3200 3192 3253 liis
3226 3200 3406 3253 verbis
3444 3211 3631 3253 narrat
3675 3199 3817 3252 libro
3854 3214 3868 3250 l
3911 3198 4050 3252 Sen-

2482 3292 2786 3353 tentiarum,
2829 3290 2956 3344 dist.
2998 3292 3057 3344 11
3094 3309 3107 3344 :
3138 3308 3156 3341 ι
3193 3291 3414 3346 Addunt
3459 3291 3631 3345 Graeci
3666 3294 3733 3344 ad
3789 3294 4052 3344 assertio—

2483 3397 2608 3435 nem
2641 3397 2751 3435 sua:
2780 3383 3051 3450 opinionis
3087 3421 3099 3435 .
3146 3421 3158 3435 .
3188 3419 3200 3434 .
3239 3422 3251 3435 .
3280 3385 3422 3452 quod
3454 3382 3564 3437 Leo
3589 3383 3652 3438 Ill
3683 3386 3865 3438 Roma:
3897 3393 4052 3436 trau-

2482 3475 2747 3543 scriptum
2809 3475 3172 3544 (Symbolum)
3243 3475 3298 3527 in
3357 3476 3535 3529 tabula
3581 3486 3859 3545 argentea,
3928 3487 4056 3544 post

2485 3568 2653 3619 altare
2707 3567 2850 3620 beati
2892 3566 3040 3620 Pauli
3093 3568 3262 3634 posita
3311 3566 3445 3636 (imo
3497 3568 3549 3620 iii
3585 3567 3810 3622 Basilica
3874 3580 4051 3621 sancti

2487 3656 2676 3724 Petri),
2708 3659 2941 3725 posteris
2966 3660 3224 3724 reliquit:
3258 3673 3353 3726 pro
3381 3661 3581 3717 antore,
3618 3671 3675 3710 ιιι
3716 3662 3827 3727 ipse
3867 3662 3966 3721 ait,
4004 3671 4055 3710 et

2483 3749 2694 3800 cautela
2724 3751 2848 3816 ﬁdei
2904 3749 3222 3802 orthodoxe.
3259 3750 3314 3803 ln
3357 3765 3467 3818 quo
3496 3750 3716 3818 quidem
3769 3751 4054 3820 Syuibolo.

2483 3841 2538 3890 in
2569 3841 2894 3907 processioae
2917 3837 3331 3908 Spiritus,solus
3347 3851 3802 3893 commemoratur
3829 3841 4012 3894 Pater.
4034 3861 4051 3889 ι

2483 3929 2759 3982 (lautelaui
2795 3929 2916 3981 fidei
2947 3929 3264 3982 orthodoxae
3304 3944 3410 3982 non
3454 3931 3527 3982 ita
3566 3929 3838 3999 intelligas
3865 3972 3878 3991 ,
3911 3946 3976 3983 ac
4005 3946 4053 3982 si

2486 4020 2595 4072 Leo
2627 4020 2863 4086 pontifex
2899 4019 3137 4087 dogmati
3183 4019 3457 4073 catholico
3496 4021 3769 4073 dissouain
3800 4022 4061 4074 crederet

2487 4114 2894 4181 processionem
2922 4127 2950 4163 a
2976 4112 3137 4166 Patre
3170 4121 3225 4166 ct
3258 4131 3287 4165 a
3330 4113 3489 4167 Filio.
3517 4114 3658 4177 Quin
3697 4115 3807 4168 imo
3838 4116 3888 4166 iu
3922 4115 4019 4167 Cui
4041 4145 4054 4152 ›

2488 4205 2690 4258 latione
2719 4219 2841 4256 cum
2888 4205 3080 4273 synodi
3115 4203 3567 4272 Aquisgrancnsis
3599 4205 3791 4273 legatis
3821 4208 4053 4273 protite-

2489 4296 2645 4347 batur
2679 4313 2690 4348 :
2743 4296 2827 4347 Ita
2858 4298 3022 4348 sentio
3053 4296 3314 4364 Spiritqu
3349 4313 3378 4348 a
3430 4297 3584 4348 Patre
3615 4309 3668 4350 et
3694 4314 3722 4350 a
3755 4297 3892 4349 Filio
3922 4315 4051 4365 pro-

2485 4387 2701 4443 cedere.
2723 4386 3101 4452 inquiens;ita
3132 4396 3278 4438 teneo
3307 4403 3425 4438 cum
3459 4389 3695 4439 omnibus
3727 4391 4058 4446 auctoribus.

2485 4486 2533 4528 et
2562 4492 2728 4529 επεν-ιε
2761 4477 3050 4546 Scriptura:
3087 4478 3509 4530 auctoritatibus.
3560 4480 3617 4532 Si
3665 4482 3777 4548 quis
3809 4482 3967 4532 aliter
3995 4485 4061 4532 de

2485 4570 2582 4620 hac
2605 4585 2659 4621 re
2686 4571 2881 4620 sentire
2905 4571 2981 4621 uel
3009 4572 3188 4622 docere
3218 4573 3435 4623 voluerit
3456 4611 3471 4634 ,
3511 4572 3729 4639 defendo
3765 4574 4055 4640 (inltibeo'.

2488 4661 2554 4714 Et
2591 4663 2690 4714 nisi
2732 4678 3006 4716 conversus
3052 4664 3226 4732 fuerit,
3258 4672 3307 4714 et
3339 4667 3621 4715 secundum
3657 4666 3792 4716 hunc
3837 4682 4058 4717 sensum

2487 4763 2658 4803 tenere
2677 4753 2915 4815 voluerit,
2939 4756 3208 4806 contraria
3233 4758 3538 4808 sentientem
3572 4756 3805 4823 funditus
3836 4759 4059 4824 abjicio.

2485 4843 2646 4913 205
2678 4845 2745 4896 Se
2777 4846 3009 4912 funditus
3041 4846 3300 4913 al‘jectuut
3353 4848 3566 4899 noverit
3607 4847 3853 4908 Pliotius,
3879 4847 4065 4915 fundi-

2487 4949 2668 5004 iusque
2694 4938 2921 5006 abjectos
2981 4938 3233 4990 noverint
3279 4952 3396 4990 sese
3442 4937 3614 4992 Graeci
3648 4937 3923 5001 Photiani,
3984 4941 4063 4990 ab

2487 5029 2605 5096 ipso
2660 5027 2840 5081 Leone
2888 5028 2978 5089 ill.
3037 5045 3196 5096 quem
3234 5029 3396 5082 νι·1ιιιί
3429 5030 3528 5082 sibi
3565 5032 3835 5082 faventem
3895 5031 4065 5084 nobis

2486 5131 2786 5189 opponunt.
2823 5121 2896 5173 Eo
2926 5137 3087 5172 sensu
3137 5122 3402 5173 cautelam
3437 5121 3574 5189 {ﬁdei
3625 5124 3927 5175 orthodoxa
3959 5140 4062 5177 ex-

2487 5213 2688 5280 pressit
2721 5214 3057 5269 Anastasius.
3091 5219 3148 5262 ut
3188 5211 3386 5266 Leonis
3426 5229 3580 5265 meus
3615 5215 3777 5277 foret,
3815 5215 4058 5267 liberum

2487 5305 2682 5370 cuique
2724 5321 2828 5354 nou
2880 5319 2996 5355 esse
3042 5303 3107 5354 ad
3154 5303 3465 5371 Symbolum
3507 5305 3708 5358 addere
3750 5307 4059 5375 quidpiam,

2492 5397 2570 5448 vel
2605 5397 2877 5464 quidpiam
2905 5411 2968 5456 es
3021 5411 3088 5447 eo
3125 5396 3370 5447 minuere
3402 5413 3413 5457 ;
3455 5411 3521 5448 ne
3557 5397 3866 5463 bujusniodi
3897 5400 4064 5450 addi-

2489 5491 2747 5546 tionibus,
2783 5497 2874 5538 aut
2901 5488 3293 5540 ntiuutionibus
3326 5488 3604 5555 quidpiam
3635 5502 3727 5540 aut
3758 5491 4056 5556 irreperet,

2489 5589 2579 5631 aut
2603 5580 2904 5642 tolleretur,
2940 5581 3082 5646 quod
3137 5579 3293 5645 ﬁdem
3337 5581 3679 5632 orthodoxam
3720 5583 3959 5640 lmdcret,
3997 5592 4063 5633 ιιι

2489 5682 2882 5731 corruuiperet.

2558 5763 2620 5815 ΙΙ.
2662 5765 2703 5814 Α
2735 5761 2932 5814 Siccqu
2963 5776 3106 5814 nouo
3155 5761 3220 5814 ad
3254 5763 3478 5816 alteram
3513 5775 3732 5816 transeo
3772 5762 4054 5817 undecimi

2489 5852 2670 5907 saeculi
2713 5854 3098 5906 nicdietatetu:
3143 5855 3460 5923 interpolato
3505 5853 3750 5923 Symbolo
3781 5852 4058 5908 Constan-
