4216 6438
206 463 296 525 ΞΜ
1352 454 1525 514 νιτΑ
1594 475 1661 486 -
1703 451 1778 510 Dl

1886 451 2209 510 ERTATIO
2248 452 2324 511 ll.

3357 444 3464 508 202

207 580 579 647 tinopolitano,
633 577 746 631 sive
803 575 1068 645 particula
1132 567 1375 637 Filioque
1425 575 1606 625 aucto,
1664 562 1782 617 sine
1816 562 2185 626 AAcliridani
2257 563 2494 630 Epistula
2549 563 2618 613 ad
2676 560 2937 614 Joannem
2993 559 3311 612 Traucnscm
3371 561 3465 624 (in

204 673 373 724 dubio
422 673 680 725 utebatur
731 670 835 723 hoc
900 679 1144 735 tempore
1187 661 1429 716 Ecclesia
1470 659 1715 712 Romana
1762 674 1774 708 :

206 762 440 822 indeque
469 761 782 814 schismatis
815 755 1110 812 innovandi
1173 760 1494 824 praetextum
1546 745 1784 814 sumpsit

207 851 436 905 Michael
464 852 802 906 Cerularius.
823 851 1106 905 Thronum
1137 848 1183 900 is
1204 840 1619 914 patriarclialem
1637 837 1780 892 Con-

205 945 756 1013 stantinopolitanum
793 956 939 996 anno
986 939 1122 993 1043
1163 933 1504 991 conscendit.
1537 928 1779 992 Dissidii,

204 1036 347 1103 quod
387 1036 709 1089 incenderat
739 1035 990 1095 Pbotius,
1023 1031 1314 1086 manebant
1350 1025 1601 1081 scintilla:
1637 1025 1782 1077 inter

204 1131 476 1182 Graecos:
520 1127 950 1194 erumpebatque
990 1124 1131 1192 ignis
1180 1120 1324 1174 datis
1375 1115 1777 1172 occasionibus.

206 1222 275 1274 De
329 1219 575 1287 Spiritus
619 1219 788 1272 sancti
820 1216 1170 1285 processione
1210 1212 1576 1278 disceptatum
1613 1208 1782 1262 fuisse

201 1312 424 1364 decimo
455 1310 654 1362 saeculo
703 1309 980 1372 inchoato,
1013 1311 1173 1361 docet
1213 1318 1312 1358 nos
1347 1302 1633 1360 Heriveus.
1673 1300 1781 1354 Re-

203 1402 414 1454 mensis
475 1400 968 1468 archiepiscopus;
1031 1397 1082 1451 in
1165 1393 1483 1464 provinciali
1547 1392 1783 1445 concilio

202 1495 532 1548 Trosleiano
563 1508 704 1546 anno
737 1492 842 1547 909
871 1494 1168 1552 celebrato,
1217 1490 1394 1558 capite
1420 1487 1509 1555 ,ιι
1546 1489 1659 1540 hac
1689 1486 1782 1537 Ita-

204 1587 411 1638 beutur
443 1601 456 1636 :
505 1605 523 1636 ι
557 1585 796 1638 lnnotuit
829 1581 1202 1653 (significavit)
1225 1580 1386 1634 nobis
1413 1586 1599 1633 sancta
1623 1577 1784 1630 sedes

201 1677 534 1743 apostolica,
601 1676 779 1729 adhuc
816 1689 1038 1728 errores
1093 1669 1568 1741 blasphemiasque
1603 1670 1784 1734 cujus-

201 1769 324 1820 dam
362 1769 552 1836 vigere
585 1767 761 1821 Pliotii
790 1767 842 1819 in
873 1766 1120 1834 partibus
1143 1763 1384 1818 Orientis
1422 1762 1478 1815 in
1521 1759 1782 1826 Spiritum

198 1873 471 1920 sanctum,
513 1860 658 1928 quod
705 1876 806 1912 non
861 1877 892 1912 a
930 1856 1091 1922 Filio,
1143 1858 1242 1909 nisi
1288 1873 1320 1908 a
1363 1853 1522 1908 Patre
1571 1861 1779 1905 tantum

1887 653 2106 720 Apulia)
2135 655 2438 720 episcopum
2461 653 2768 714 calumniae,
2795 667 2915 718 qua:
2944 651 3243 704 Romanam
3279 653 3331 704 in
3370 650 3468 702 Ec-

1884 747 2108 801 clesiam
2141 745 2416 809 feruntur,
2442 763 2592 798 usum
2614 746 2790 815 asymi
2820 753 3092 812 spectant,
3114 755 3170 798 et
3197 745 3464 813 jejunium

1888 839 2387 907 Sabbati,itvm]ue
2423 841 2792 908 suﬂ'ocatorum
2821 842 3208 900 comestionem,
3242 848 3295 891 et
3328 841 3470 890 Alle-

1889 932 1999 983 luia
2072 932 2123 983 in
2182 931 2603 998 Quadragcsima
2650 950 2753 986 non
2785 934 3148 985 decantatnm.
3195 933 3468 1001 lntegram

1890 1022 2160 1076 Bamuius
2183 1025 2462 1090 ep:stol;im
2497 1024 2660 1077 refert
2693 1028 2758 1079 ad
2795 1042 3000 1080 annum
3028 1026 3353 1087 1053,num.
3374 1028 3464 1078 ‘23.

1891 1113 2169 1180 Scriptum
2203 1113 2369 1166 etiam
2401 1114 2652 1166 ediderat
2680 1114 2866 1167 Niceta
2908 1116 3231 1178 monachus,
3271 1117 3322 1167 in
3358 1132 3466 1180 quo

1885 1204 2059 1255 sedent
2089 1203 2435 1271 apostolicam
2469 1206 2755 1258 incusabat
2780 1206 2842 1258 de
2877 1223 3084 1275 azyma,
3124 1210 3188 1260 de
3235 1206 3468 1261 Sabbato

1888 1304 1936 1346 et
1964 1294 2028 1346 de
2070 1296 2266 1360 nuptiis
2298 1295 2650 1348 sacerdotum.
2683 1296 2922 1349 Consule
2979 1297 3469 1350 Commemoratio—

1888 1398 2013 1437 nem
2051 1399 2236 1437 rerum
2272 1399 2300 1437 a
2335 1385 2530 1453 legatis
2555 1386 2870 1454 apostolicae
2907 1387 3053 1439 sedis
3079 1385 3467 1439 Constantinu-

1887 1476 1996 1544 poli
2023 1487 2295 1545 gestarum
2319 1477 2372 1528 in
2407 1477 2696 1530 Labbeana
2729 1477 3102 1532 Conciliorum
3124 1479 3466 1531 collectione.

1887 1568 2026 1622 Hinc
2056 1568 2341 1622 Wibertus
2388 1569 2444 1622 in
2495 1569 2616 1622 Vita
2659 1569 2858 1624 Leonis
2899 1570 2990 1631 IX,
3042 1572 3184 1641 apud
3223 1571 3470 1625 Mabillo-

1889 1658 2036 1711 ninm
2085 1657 2231 1712 inter
2287 1660 2420 1712 Acta
2477 1658 2796 1712 Sanctorum
2854 1661 3066 1716 ordinis
3129 1662 3465 1715 Benedictini

1887 1763 2033 1807 mota
2076 1753 2146 1808 ab
2203 1754 2353 1809 hisce
2394 1755 2600 1810 Graecis
2644 1756 2870 1811 dissidia
2923 1772 3178 1816 narrans.
3237 1756 3376 1808 libro
3404 1771 3466 1817 ιι,

1884 1850 2064 1918 capite
2103 1851 2155 1912 9,
2209 1851 2288 1905 sic
2321 1851 2396 1904 ait
2432 1871 2442 1904 :
2482 1851 2562 1906 Ea
2606 1861 2910 1921 tempestate
2950 1862 3068 1905 orta
3120 1861 3197 1904 est
3257 1854 3420 1904 turres
3444 1871 3467 1902 ε

198 1953 484 2018 procedat,
522 1949 967 2018 blasphemantis.
1007 1947 1296 2001 Hortamur
1332 1955 1565 1998 vestram
1591 1944 1786 1998 frater-
1815 1920 1861 1979 Β
1893 1941 2408 2006 Fermentaceorum,
2442 1961 2559 2013 qua:
2599 1920 2960 1997 calumniatur
2997 1955 3240 1998 sanctam
3278 1943 3468 1996 Roma-

201 2047 456 2104 nitatem,
490 2053 550 2094 ut
605 2043 907 2096 secundum
959 2038 1398 2094 admonitionem
1445 2037 1647 2090 domini
1680 2035 1783 2087 Ro-

202 2152 380 2187 mana:
427 2137 565 2187 sedis
607 2133 830 2201 (Sergii)
892 2132 1088 2201 singuli
1147 2139 1432 2192 nostrum,
1485 2129 1786 2197 perspectis

203 2227 428 2280 Patrum
486 2227 885 2280 catholicorum
932 2223 1250 2287 sententiis,
1308 2223 1374 2276 de
1407 2221 1604 2275 divina:
1641 2220 1784 2274 Scri-

205 2326 381 2384 ptura:
405 2317 680 2384 pharetris
703 2326 888 2369 acutas
916 2315 1255 2385 proferamus
1277 2315 1500 2384 sagittas
1523 2315 1780 2382 potentis,

207 2411 270 2461 ad
309 2409 738 2462 coufodieudam
792 2408 1026 2461 belluam
1075 2405 1300 2460 monstri
1339 2405 1700 2468 renascentis,
1731 2415 1787 2460 et

205 2505 268 2556 ad
303 2503 709 2556 conterendum
739 2511 902 2569 caput
938 2499 1257 2569 nequissimi
1289 2497 1578 2568 serpentis.
1622 2517 1639 2548 ι

274 2595 475 2648 Sedem
512 2592 1172 2660 Coustantinopolitanam
1203 2605 1348 2644 anno
1399 2589 1535 2643 102‘
1567 2589 1788 2658 regebat

205 2686 537 2739 Eustathius
571 2705 582 2735 :
621 2683 950 2751 tenebatque
1006 2695 1276 2734 summum
1315 2677 1571 2732 Ecclesia:
1607 2679 1786 2746 ponti-

210 2781 425 2830 ﬁcatum
455 2777 702 2830 Joannes
729 2773 869 2827 XIX.
915 2773 1156 2826 Titulum
1205 2771 1516 2824 universalis
1545 2772 1783 2839 patriar-

206 2873 311 2922 cha
347 2869 677 2938 requirebat
700 2868 810 2931 ille,
836 2875 1022 2920 erecto
1049 2865 1229 2918 animo
1253 2865 1469 2932 negavit
1489 2864 1609 2917 iste.
1635 2863 1786 2932 Ilugo

205 2963 373 3014 abbas
405 2959 842 3014 Flaviniacensis
897 2957 1012 3009 haec
1067 2955 1229 3008 habet
1279 2954 1330 3006 in
1368 2953 1627 3008 Chronico
1668 2952 1784 3005 Vir-

203 3054 430 3107 duuensi
469 3052 538 3105 ad
573 3051 827 3106 eumdem
856 3063 1056 3101 annum
1084 3046 1224 3116 apud
1256 3046 1528 3100 Labbeum
1561 3047 1614 3100 in
1638 3045 1785 3099 Noua

202 3145 536 3198 Bibliotheca
561 3183 576 3206 ,
623 3153 769 3198 torno
799 3142 818 3195 l
859 3161 874 3197 :
917 3140 1147 3194 Joannes
1174 3139 1338 3208 (XIX)
1377 3139 1652 3191 Ordinatus
1686 3147 1780 3190 est.

203 3243 241 3292 Α
276 3257 378 3308 quo
409 3254 532 3289 cum
560 3236 861 3304 requisisset
899 3231 1513 3300 Constantinopolitanus
1542 3233 1778 3295 antistes,

202 3342 257 3382 ut
287 3349 389 3383 sua
428 3330 696 3388 Ecclesia,
727 3331 859 3379 sicut
888 3336 938 3378 et
965 3325 1223 3388 Romana,
1253 3324 1567 3376 universalis
1591 3325 1785 3376 dicere-

202 3429 324 3482 tur;
360 3429 409 3471 ct
439 3418 593 3470 donis
626 3434 765 3477 eum,
793 3415 1158 3482 Romanosque
1193 3416 1280 3475 qui
1311 3416 1472 3467 curio:
1495 3423 1780 3476 praerant,

198 3514 500 3564 innumeris
533 3513 781 3578 ﬂecteret,
815 3511 890 3560 ita
922 3518 974 3559 ut
1019 3506 1257 3559 clanculo
1302 3515 1565 3558 tentarent
1607 3521 1784 3557 conce-

202 3607 321 3655 dere
346 3609 491 3669 quod
528 3604 814 3670 rogabatur
845 3617 861 3652 :
901 3603 1067 3652 omnis
1110 3600 1170 3650 ob
1213 3601 1304 3649 hoc
1337 3598 1784 3650 vehementissime

203 3705 466 3748 commota
487 3703 561 3746 est
586 3693 771 3746 Italia.
790 3692 892 3745 Sed
918 3691 1213 3746 Galliarum
1232 3690 1456 3756 episcopi
1485 3697 1532 3739 et
1572 3687 1784 3740 abbates

203 3790 278 3840 his
315 3789 533 3839 obviare
553 3787 727 3837 conati
757 3793 915 3836 sunt.
961 3821 974 3834 .
1010 3820 1025 3834 .
1061 3780 1145 3834 Sic
1167 3781 1440 3847 confutata
1481 3776 1783 3830 Gra'corum

206 3880 555 3945 presumptio
595 3887 690 3928 est.
727 3876 926 3928 Eadem
973 3890 1039 3926 ex
1067 3872 1490 3946 Glabro'uarrat
1518 3869 1785 3923 Baronius

211 3987 365 4023 ηιιιιι.
395 3971 449 4022 5.
476 3969 866 4021 Animadverte
918 3963 1214 4018 Etzclesiam
1261 3964 1421 4032 regize
1459 3961 1609 4013 urbis
1637 3960 1783 4014 Con-

206 4062 648 4129 stantinopoleos
706 4073 773 4111 eo
825 4067 1067 4122 tempore
1125 4053 1356 4106 divisam
1423 4051 1491 4104 ab
1540 4049 1782 4102 Ecclesia

212 4154 454 4206 Romana
505 4165 610 4202 non
659 4149 844 4210 fuisse,
901 4146 1020 4198 sine
1058 4145 1214 4212 cujus
1251 4156 1519 4196 consensu
1566 4155 1783 4193 sumere

208 4245 441 4298 antistes
472 4243 564 4296 ille
592 4241 810 4294 titulum
853 4237 1155 4291 acumenici
1189 4234 1510 4302 patriarcha
1538 4247 1648 4286 non
1679 4247 1783 4286 au-

210 4338 398 4391 debat.

278 4428 443 4498 205
496 4429 830 4495 Denegatum
864 4423 1079 4478 titulum
1125 4421 1312 4488 iniquo
1367 4418 1574 4473 terebat
1600 4416 1784 4470 animo

208 4520 553 4581 Cerularius,
613 4517 702 4584 qui
757 4524 942 4584 postea
1007 4510 1319 4565 successit:
1373 4507 1782 4572 Ecclesiamque

1891 2049 2015 2084 nam
2045 2033 2243 2094 sedem,
2288 2034 2393 2084 imo
2426 2049 2633 2085 omnem
2677 2032 2927 2084 Latinam
2978 2044 3028 2084 et
3075 2034 3466 2086 Occidentalem

1893 2121 2207 2184 Ecclesium,
2259 2125 2322 2176 de
2353 2127 2550 2179 azumis
2581 2126 2845 2192 vivi/icum
2894 2124 3000 2178 Deo
3031 2126 3214 2193 offerre
3263 2126 3467 2191 sacri/i-

1887 2217 2048 2267 cium.
2109 2215 2278 2279 Quam
2341 2217 2667 2270 calumniam
2719 2220 2876 2271 etiam
2941 2220 3137 2284 scripto
3190 2219 3464 2270 ediderunt

1888 2311 2135 2377 episcopi,
2177 2309 2409 2364 Michael
2433 2312 3068 2378 Constantinopolitanus,
3107 2323 3154 2362 et
3186 2310 3288 2364 Leo
3321 2314 3469 2362 Acti-

1887 2402 2056 2454 danus
2092 2443 2106 2456 .
2142 2440 2157 2455 .
2184 2440 2198 2454 .
2239 2405 2306 2454 ad
2334 2403 2654 2456 Traucnsem
2684 2407 2980 2472 episcopum
3010 2405 3226 2456 directo.

1962 2495 2221 2549 Romanae
2249 2495 2397 2549 sedis
2433 2498 2626 2566 legatio
2661 2499 2712 2550 in
2750 2498 2941 2549 urbem
2976 2499 3176 2566 regiam
3199 2497 3468 2550 Constan-

1890 2587 2176 2655 tinopolim
2244 2587 2451 2642 directa
2497 2597 2600 2642 est.
2654 2589 2836 2658 Legati
2919 2588 3070 2642 fuere
3123 2589 3465 2651 Ilumbertus,

1888 2677 2181 2731 cardinalis
2212 2681 2480 2748 cpiscopus
2519 2680 3005 2743 Silva-Candidas;
3044 2679 3251 2741 Petrus,
3287 2683 3468 2734 Amal-

1888 2770 2228 2836 phitanorum
2261 2771 2710 2838 arcltiepiswpus;
2759 2783 2806 2822 et
2847 2769 3142 2823 Fridericus
3171 2811 3183 2833 ,
3213 2771 3465 2823 diaconus

1891 2870 1940 2911 et
1985 2861 2363 2913 cancellarius.
2391 2861 2581 2914 Niceta
2611 2863 2913 2915 monachus
2940 2863 3004 2916 ad
3030 2862 3236 2929 frugem
3268 2863 3461 2916 rediit:

1889 2954 2042 3006 stetit
2078 2968 2175 3006 sua
2205 2954 2509 3008 obduratus
2536 2957 2586 3008 in
2615 2955 2922 3024 pervicacia
2950 2955 3290 3012 Cerularius.
3323 2958 3465 3010 Ana-

1889 3046 2070 3100 tliema
2121 3047 2173 3099 in
2211 3048 2385 3115 ipsum
2422 3048 2631 3111 latum,
2673 3049 2816 3116 quod
2875 3049 2925 3101 in
2966 3050 3183 3102 laudata
3211 3049 3465 3104 Comme-

1889 3139 2194 3192 moratione
2219 3150 2447 3208 prostat.
2465 3141 2522 3193 ln
2548 3157 2614 3194 eo
2641 3140 2782 3194 inter
2817 3141 2918 3194 alia
2941 3142 3166 3195 crimina
3193 3142 3463 3195 refertur:

1890 3232 2049 3299 quod,
2082 3232 2216 3284 sicut
2283 3232 2747 3286 Pncumatomachi
2800 3235 2878 3286 t'el
2931 3232 3257 3297 Tlteomachi,
3299 3235 3467 3286 absci-

1889 3323 2077 3376 derunt
2135 3341 2166 3375 a
2217 3323 2461 3394 Symbolo
2513 3325 2740 3392 Spiritus
2780 3327 2946 3378 sancti
2999 3327 3378 3390 processionem
3429 3312 3460 3378 a

1889 3413 2048 3468 Filio.
2088 3416 2209 3470 llazc
2235 3433 2379 3470 anno
2413 3419 2549 3472 105$
2579 3420 2849 3482 accidere,
2872 3434 3055 3472 mense
3084 3419 3247 3472 Julio.

1959 3508 2072 3562 Bile
2118 3511 2355 3577 percitus
2405 3511 2666 3573 Michael,
2725 3527 2949 3564 suorum
2995 3511 3203 3581 synodo
3250 3522 3460 3574 coacta,

1887 3602 2192 3656 Calumnias
2247 3603 2298 3655 in
2355 3604 2705 3668 apostolicam
2765 3603 2950 3656 sedem
3004 3603 3310 3663 instaurat,
3364 3603 3461 3653 do-

1887 3694 2230 3760 ctrinamque
2281 3694 2346 3744 de
2374 3693 2574 3758 Spiritu
2623 3704 2806 3745 sancto
2833 3732 2847 3752 ,
2882 3709 2944 3745 ac
2971 3693 3270 3758 praesertim
3300 3693 3463 3761 206

1888 3783 2124 3851 Symboli
2174 3784 2642 3848 iuterpolationem
2677 3784 2842 3848 capit
2873 3783 3211 3851 impugnare.
3256 3783 3457 3853 Synodi

1885 3886 2003 3928 acta
2034 3874 2201 3928 refert
2233 3876 2483 3938 Allatius,
2517 3876 2902 3928 dissertatione
2937 3875 2981 3928 ιι
3014 3875 3086 3927 De
3121 3874 3268 3926 libris
3301 3877 3464 3926 eccle-

1883 3969 2102 4020 siuslicis
2149 3966 2474 4030 Grcrcorum,
2528 3968 2618 4019 tibi
2665 3967 2778 4019 lucc
2821 3967 3116 4028 habentur,
3151 3982 3272 4034 pug.
3313 3967 3456 4020 172:

1891 4077 1908 4108 s
1956 4060 2033 4110 Ad
2092 4059 2243 4118 haec,
2275 4059 2416 4124 quod
2461 4071 2859 4110 sacrosanctum
2909 4057 3254 4124 Symbolum,
3309 4061 3456 4127 quod

1885 4149 2142 4202 omnibus
2191 4150 2544 4216 synodalibus
2588 4158 2642 4200 et
2689 4151 3043 4202 mcumenicis
3085 4149 3322 4201 decretis
3375 4151 3458 4201 in.

1884 4251 2209 4291 concussum
2237 4248 2399 4305 atque
2418 4237 2834 4304 inexpugnabile
2857 4236 3025 4289 robur
3049 4237 3230 4296 habet.
3251 4239 3456 4305 Spuriis

1884 4328 2152 4397 cogitatis,
2193 4335 2248 4380 et
2278 4328 2601 4379 sermonibus
2639 4327 2975 4381 adulterinis.
3007 4337 3063 4380 et
3088 4327 3331 4381 audacia
3360 4344 3424 4380 es

1885 4435 2041 4473 cessu
2068 4419 2368 4470 adulterare
2399 4419 2689 4479 nolumus;
2745 4433 2844 4470 nec
2881 4426 2939 4469 ut
2971 4419 3068 4477 illi,
3106 4434 3170 4470 ea:
3215 4418 3376 4472 Patre
3406 4433 3454 4472 et

1887 4513 2028 4566 Filio
2073 4513 2358 4579 Spiritum,
2388 4513 2482 4565 sed
2518 4527 2580 4562 ex
2611 4511 2767 4563 Patre
2804 4511 3041 4563 dicimus
3076 4511 3388 4578 procedere.
3432 4532 3448 4562 s

211 4627 391 4673 suam,
421 4619 477 4662 et
510 4609 644 4661 alias
676 4605 980 4660 Orientales
1003 4619 1032 4656 a
1082 4603 1322 4654 Romana
1351 4597 1664 4666 disjungere
1694 4611 1778 4649 sa-
1811 4612 1858 4670 ι)
1885 4606 2201 4674 Huiusmodi
2252 4620 2432 4657 rerum
2482 4604 2674 4657 eodem
2724 4618 2869 4656 anno
2908 4603 3042 4657 105‘
3078 4604 3326 4656 ιιοιίιίειηι
3385 4605 3451 4656 ,ά

210 4705 360 4770 tegit.
396 4701 590 4753 Socios
619 4696 807 4749 habuit
851 4695 1086 4747 Leonem
1120 4689 1374 4746 Achridm
1411 4688 1776 4754 archiepisco-

210 4808 358 4860 pum.
392 4805 453 4843 ac
479 4789 722 4842 Nicetam
756 4785 1082 4845 Stethatum,
1139 4795 1234 4834 seu
1269 4780 1614 4833 Pectoratum
1658 4793 1778 4831 mo-

210 4885 467 4936 nachum.
504 4880 829 4934 Praedictum
873 4875 1173 4929 mcumenici
1204 4873 1419 4926 titulum
1459 4871 1676 4939 propria
1711 4870 1780 4922 ab

209 4977 324 5043 ipso
360 4973 692 5025 auctoritate
725 4977 1088 5035 assumptum,
1139 4963 1390 5017 novimus
1413 4977 1479 5015 es
1507 4961 1688 5014 Leone
1712 4961 1779 5013 IX

210 5069 260 5118 in
295 5062 533 5129 epistola
567 5060 634 5111 ad
668 5061 845 5127 ipsum
873 5055 1214 5110 Cerularium
1249 5052 1394 5112 data,
1424 5067 1587 5119 quam
1614 5051 1779 5103 Baro-

209 5158 333 5209 nius
366 5155 568 5206 recitat
597 5151 662 5204 ad
699 5164 901 5201 annum
930 5148 1090 5209 1054.
1125 5160 1276 5199 num.
1306 5145 1374 5197 12
1397 5160 1410 5197 :
1431 5142 1614 5206 Qualis
1638 5159 1778 5203 vero,

205 5262 250 5302 et
334 5265 503 5314 quam
558 5243 878 5297 detestabilis
945 5253 1100 5310 atque
1153 5238 1508 5293 lamentabilis
1559 5247 1634 5290 est
1683 5237 1780 5290 illa

203 5345 470 5411 sacrilega
503 5339 801 5404 usurpatio,
832 5353 936 5404 qua
968 5344 1015 5387 te
1045 5333 1391 5386 uniuersalem
1421 5333 1780 5400 patriarcha»:

204 5439 377 5501 iactas
419 5434 633 5498 ubique,
663 5438 712 5481 et
736 5431 950 5494 scripto,
993 5433 1041 5479 et
1084 5425 1281 5478 verba!
1320 5423 1612 5477 Scissionis
1646 5437 1780 5490 pra:-

207 5539 414 5580 tesium
458 5525 638 5592 primo
691 5528 935 5588 tempore
974 5532 1150 5585 neque
1192 5515 1384 5582 dogma
1439 5515 1780 5582 processionis

205 5637 235 5671 a
270 5618 433 5670 Patre
467 5628 516 5665 et
544 5630 574 5665 a
607 5610 773 5674 Filio,
804 5625 982 5677 neque
1011 5609 1148 5661 vocis
1169 5605 1414 5675 Filioque
1430 5607 1778 5675 adjectionem

203 5711 264 5762 ad
297 5706 622 5776 Symbolum
652 5703 924 5764 obtendit,
955 5700 1048 5753 sed
1073 5701 1208 5753 alios
1244 5699 1501 5752 Romana
1529 5696 1780 5750 Ecclesia:

204 5805 362 5864 ritus,
400 5799 750 5862 maximeque
787 5809 938 5844 usum
978 5792 1148 5859 azymi
1186 5791 1340 5859 panis
1384 5791 1436 5841 in
1491 5802 1780 5841 consecra-

203 5897 351 5947 tione
387 5888 644 5956 corporis
687 5886 920 5938 Domini.
956 5883 1011 5936 lu
1054 5885 1172 5951 ejus
1223 5881 1488 5936 Cernlarii
1523 5889 1576 5934 et
1633 5881 1774 5938 Petri

554 5988 818 6045 ι’λιιιοι..
868 5985 984 6040 Gn.
1030 5980 1257 6040 CXLII.

1885 4695 2104 4749 Petrum
2143 4696 2544 4748 Antiochenam
2572 4694 2942 4762 patriarcham
2978 4695 3302 4748 transmittit
3329 4697 3452 4747 data

1883 4789 2142 4857 Epistula,
2177 4803 2338 4856 quam
2373 4787 2636 4839 Baronins
2665 4785 2856 4838 recitat
2896 4785 3127 4847 Latine,
3158 4802 3307 4838 num.
3343 4785 3452 4850 9.8;

1883 4879 2074 4933 Latine
2102 4888 2157 4931 et
2186 4879 2371 4932 Graece
2398 4877 2704 4930 Cotelerius
2740 4877 2792 4928 in
2842 4875 3088 4930 Ecclesia:
3113 4875 3308 4929 σταται
3341 4877 3387 4927 Μ
3399 4893 3452 4926 o-

1883 4969 2164 5027 na‘mentis,
2211 4977 2356 5018 torno
2387 4965 2448 5018 ll.
2503 4965 2649 5018 Inter
2686 4967 2791 5018 alia
2851 4966 3045 5026 multa,
3079 4966 3144 5017 de
3204 4962 3450 5034 Symbolo

1878 5058 2195 5121 interpolato
2251 5055 2652 5108 accusationem
2710 5055 2937 5119 invehit,
2994 5055 3061 5108 ln
3089 5066 3270 5107 sancto
3296 5055 3452 5123 Sym-

1882 5152 2016 5212 bolo,
2042 5149 2315 5218 inquiens,
2348 5147 2452 5200 tale
2488 5148 2907 5199 additamentum
2955 5149 3178 5200 recitavit
3210 5163 3273 5199 ex
3305 5147 3450 5200 mala

1881 5241 2276 5311 periculosaque
2301 5239 2582 5292 sententia.
2631 5237 2752 5290 iam
2795 5247 2942 5306 patet
2987 5238 3230 5304 Symboli
3283 5239 3456 5291 inter-

1881 5335 2044 5402 polati
2104 5347 2263 5386 usum
2315 5331 2418 5385 bac
2478 5339 2636 5384 aetate
2689 5331 2742 5383 in
2787 5331 3027 5384 Romana
3081 5330 3323 5384 Ecclesia
3373 5330 3452 5382 vi-

1879 5424 2078 5492 guisse.

1951 5515 2273 5585 Dignissima
2298 5524 2425 5569 sunt
2445 5515 2919 5569 animadversione
2946 5514 3093 5568 Petri
3123 5513 3449 5568 Antiocheni

1881 5611 2024 5664 dicta
2062 5611 2113 5663 in
2142 5625 2237 5663 sua
2277 5612 2677 5679 Responsione,
2708 5627 2826 5680 qua:
2860 5611 3002 5678 apud
3037 5610 3314 5662 laudatum
3347 5608 3451 5662 Co-

1881 5705 2128 5757 telcrium
2176 5715 2381 5772 prostat
2419 5705 2604 5757 Graece
2648 5713 2697 5757 ct
2746 5703 2933 5756 Latine
2966 5719 2980 5755 :
3038 5722 3055 5752 ι
3091 5701 3283 5754 Malum
3320 5716 3449 5751 vero

1882 5794 2202 5861 (inquientis
2255 5810 2405 5846 num.
2471 5795 2580 5853 ll).
2617 5804 2670 5846 et
2724 5795 2990 5846 malorum
3049 5795 3340 5859 pessimum
3365 5799 3448 5843 cst

1882 5883 2115 5951 anectio
2132 5883 2196 5935 ad
2217 5881 2528 5952 Sylttbolttttt
2560 5884 2670 5936 lucc
2694 5902 2704 5937 ;
2728 5882 2791 5934 ."It
2827 5886 2876 5934 in
2903 5881 3161 5947 Spiritum
3179 5890 3441 5945 sanctum,

2921 5978 2950 6045 1
