4216 6438
774 424 881 490 203

1726 417 2042 476 GEORGII
2091 417 2347 477 CYPRII
2389 420 2497 479 ΕΡ.
2548 416 3067 479 PATRIARCILE

3934 413 4031 477 204

778 539 1081 600 Dominum,
1123 541 1171 586 et
1223 533 1605 601 viviﬁcantem,
1660 532 1749 599 qui
1798 547 1860 583 ea:
1914 530 2071 585 Patre
2110 529 2351 599 Filioque
2382 542 2419 595 Α
2455 531 2619 585 fuerit
2643 533 2790 586 vocis
2814 531 3059 600 Filioque
3080 530 3544 584 additamentum?
3571 528 4027 584 Verisimillimum

775 633 1005 698 procedit
1043 631 1216 699 (num.
1243 629 1357 692 29.),
1386 638 1441 680 ut
1464 625 1714 695 equidem
1740 636 2195 692 nteampromam
2225 636 2346 676 sen-

775 728 997 777 tentiam
1033 742 1045 788 ;
1084 724 1125 776 si
1163 722 1214 774 in
1243 721 1510 773 additione
1541 717 1775 789 Symboli
1811 719 2168 785 corrigantur,
2210 715 2344 769 nihil

775 828 1034 884 prtL'lcrca
1073 812 1523 881 postnlaverim.»
1556 810 1680 863 Haec
1720 809 1961 864 Joannes
2006 806 2212 861 Beccus
2248 822 2344 875 pro

777 908 940 961 animi
976 905 1060 959 sui
1095 904 1335 959 candore
1385 903 1731 971 expendens.
1770 899 2016 954 oratione
2053 897 2107 960 2,
2164 896 2233 952 de
2266 898 2345 951 iu-

770 999 913 1061 justa
950 996 1033 1049 sui
1062 995 1425 1062 depositione,
1460 1006 1611 1045 num.
1641 992 1703 1045 ιε
1736 1009 1753 1041 ι
1777 991 2001 1043 Attenle
2029 987 2342 1051 considera,

772 1084 973 1151 inquit,
1018 1084 1316 1142 dictionem,
1354 1081 1445 1149 qui
1494 1081 1607 1133 hinc
1635 1094 1790 1147 aequo
1822 1078 2006 1132 animo
2033 1077 2338 1147 dijudicas:

770 1173 815 1224 si
851 1172 903 1223 in
938 1180 1119 1222 sancto
1156 1169 1398 1239 Symbolo
1430 1170 1625 1237 [actam
1657 1167 1974 1219 additionem
1999 1169 2340 1219 correxerint.

770 1263 885 1314 Non
908 1276 1056 1325 vero,
1098 1261 1143 1316 si
1170 1300 1173 1303 ›
1200 1261 1326 1314 inde
1376 1261 1709 1326 impietatem
1751 1258 2210 1319 oblitteraverint,
2249 1268 2343 1311 aut

771 1354 893 1407 inte
930 1353 1194 1407 adversus
1219 1354 1386 1406 Deum
1420 1350 1813 1419 blaSpbemiam
1844 1349 2124 1418 ejecerint.
2154 1368 2171 1399 ι
2202 1349 2345 1402 Iuta-

770 1459 910 1498 i-tam
947 1462 1078 1515 ergo
1134 1444 1509 1497 Antioclienus
1543 1443 1888 1511 relinquebat
1918 1444 1981 1493 de
2016 1442 2343 1507 processione

771 1556 800 1590 u
837 1535 973 1589 Filio
1000 1536 1326 1589 doctrinam.
1361 1537 1427 1588 At
1460 1535 1656 1586 malum
1693 1541 1742 1585 et
1770 1532 2030 1584 malorum
2060 1534 2341 1601 pessimum

771 1629 991 1695 linquis
1016 1630 1055 1694 ),
1103 1628 1274 1695 ipsam
1330 1634 1485 1679 vocat
1514 1625 1862 1692 adjectionem
1909 1625 1977 1675 ad
2012 1624 2341 1692 Symbolum.

768 1720 1003 1772 Beccum
1033 1719 1223 1771 audire
1276 1727 1493 1786 praestat
1542 1716 1742 1770 ibidem
1772 1732 1785 1768 :
1821 1734 1837 1766 ι
1885 1716 1995 1783 Ego
2031 1716 2186 1783 plane
2218 1730 2341 1767 eum

770 1813 1010 1881 (Petrum
1042 1811 1492 1873 Antiocbeuum),
1512 1809 1653 1877 quod
1687 1809 1960 1861 videbatur
1992 1809 2045 1858 in
2074 1808 2342 1859 additione

770 1902 1034 1962 delictum,
1073 1900 1218 1953 facili
1260 1901 1479 1967 negotio
1540 1898 1914 1965 neglecturum
1950 1896 2247 1950 existimo:
2291 1896 2336 1950 si
2372 1878 2413 1934 Β
2444 1893 2549 1944 illis
2597 1893 2982 1946 intemeratum
3024 1894 3330 1948 custodiret
3392 1894 3631 1948 Romana
3669 1916 3680 1948 :

770 1995 853 2047 vel
896 1991 1155 2060 pusillum
1208 1991 1356 2058 pacis
1403 1990 1656 2058 spiritum
1717 1990 1772 2042 in
1821 2003 1887 2041 eo
1918 1988 2199 2055 (Micbaele
2240 1986 2342 2041 Ce-

773 2084 1022 2149 rulario),
1072 2081 1139 2133 ad
1189 2096 1350 2147 quem
1404 2080 1616 2132 litteras
1671 2080 1856 2142 dabat,
1904 2078 2174 2131 contineri
2222 2092 2348 2147 pro-

772 2171 1058 2239 spexisset‘.
1099 2168 1266 2237 quue
1294 2168 1489 2233 colligo
1512 2209 1524 2231 ,
1558 2182 1659 2220 nec
1696 2169 1854 2231 male,
1894 2182 1960 2219 ex
1998 2167 2103 2220 illis
2134 2182 2255 2234 qua:
2290 2166 2345 2218 in

772 2262 875 2314 alia
913 2260 1161 2327 Epistulae
1190 2263 1531 2327 parte(num.
1570 2258 1656 2326 ll)
1714 2258 1897 2312 verbis
1930 2259 2077 2311 hisce
2109 2257 2345 2325 digerit:

771 2353 977 2405 Bonum
1024 2354 1163 2405 enim
1206 2362 1277 2403 est
1332 2368 1423 2404 nos
1485 2351 1553 2404 ad
1609 2352 1912 2420 d’quilatt‘m
1958 2365 2260 2419 propensos,
2296 2356 2345 2400 et

773 2449 1097 2515 potissimum
1140 2447 1226 2497 ubi
1269 2461 1431 2513 neque
1480 2441 1639 2506 Deus,
1666 2460 1827 2511 neque
1854 2442 1985 2509 ﬁdes
2031 2444 2086 2495 in
2116 2441 2346 2511 periculo

774 2534 1339 2605 vertitur(cujusmodi
1367 2532 1507 2601 apud
1544 2532 1944 2585 Antiocltennm
1973 2544 2089 2585 erat
2108 2531 2347 2598 Spiritus

773 2632 944 2683 sancti
1001 2628 1279 2695 processio
1311 2628 1473 2681 etiam
1530 2626 1721 2680 aFilio
1756 2641 1782 2678 a
1832 2623 2039 2678 Latinis
2094 2622 2343 2691 asserta),

772 2739 974 2786 semper
1013 2723 1079 2773 ad
1110 2737 1288 2789 pacem
1343 2731 1391 2772 et
1425 2721 1650 2787 fratrum
1680 2734 1911 2770 amorem
1937 2718 2235 2770 inclinari.»

848 2812 931 2865 Ill.
973 2814 1149 2867 Ilocce
1184 2812 1445 2879 temporis
1492 2811 1799 2871 intervallo,
1836 2810 1979 2876 quod
2025 2824 2053 2860 a
2088 2808 2348 2861 Photiano

773 2910 1051 2960 schismate
1078 2906 1319 2958 excurrit
1344 2902 1408 2957 ad
1443 2904 1763 2957 Micbaclem
1804 2901 2144 2958 Ccrularium
2201 2902 2348 2955 schi-

775 3000 970 3053 sanatis
1010 3000 1473 3054 instauratorcm.
1548 2996 1754 3063 epuclia
1810 2992 1968 3062 207
2033 2994 2350 3062 diligentius

776 3090 1142 3159 perquircnda
1196 3101 1278 3141 est
1352 3086 1578 3142 admissi
1638 3088 1949 3153 receptique
2002 3085 2055 3137 in
2108 3085 2348 3139 Ecclesia

777 3185 1018 3236 Iluanana
1074 3198 1191 3232 cum
1253 3178 1658 3247 interpolatione
1713 3176 1980 3245 Symboli.
2041 3179 2117 3230 Ac
2171 3177 2347 3245 primo

775 3275 1094 3344 Symbolum
1156 3269 1823 3338 Constantinopolitanum
1874 3265 2108 3334 cepisse
2161 3269 2346 3321 Romae

777 3369 922 3419 inter
979 3365 1263 3418 Missarmn
1324 3363 1589 3415 solemnia
1647 3360 1924 3414 decantari
1978 3376 2122 3413 anno
2183 3360 2345 3424 IOlt,

775 3461 958 3510 sedem
1003 3455 1352 3523 apostolicam
1387 3463 1605 3505 tenente
1664 3450 1955 3504 Benedicto
1990 3450 2125 3511 VIII,
2154 3465 2215 3503 ac
2249 3451 2349 3502 im-

776 3556 1001 3617 p-rante
1052 3546 1284 3600 llenrico
1330 3546 1373 3609 l,
1421 3554 1572 3598 cntra
1610 3544 1839 3595 dubimn
1882 3545 2037 3612 ponit
2085 3543 2348 3597 Bernonis

772 3640 986 3693 abbatis
1027 3638 1313 3705 Angit-usis
1348 3638 1668 3687 auctoritas.
1711 3634 1898 3687 Romae
1956 3633 2203 3687 interluit
2260 3635 2348 3689 ille

773 3733 946 3800 ipsius
985 3728 1203 3782 Ilenrici
1236 3726 1573 3781 coronationi
1620 3726 1814 3779 eodem
1859 3740 2005 3779 anno
2042 3725 2178 3779 10H
2203 3726 2347 3781 cele-

773 3826 960 3877 bram.

845 3916 901 3967 In
954 3914 1157 3978 libello,
1184 3927 1347 3977 quem
1375 3911 1441 3964 de
1471 3909 1799 3979 quibusdam
1845 3910 2011 3965 rebus
2058 3910 2124 3963 ad
2173 3911 2348 3965 mssa:

771 4006 1010 4060 ollicium
1064 4004 1467 4074 pertinentibus
1511 4003 1843 4071 composuit,
1878 4002 1992 4056 haec
2048 4002 2213 4056 habet
2263 4018 2351 4057 ca-

769 4102 881 4169 pite
910 4102 982 4152 ει
1018 4116 1037 4149 ι
1075 4096 1305 4151 Romani
1336 4111 1507 4163 usque
1552 4097 1619 4147 ad
1651 4098 1759 4148 lucc
1800 4104 2039 4163 tempora
2073 4096 2204 4149 ditia:
2242 4111 2349 4148 me-

771 4194 953 4245 moriis
1000 4188 1211 4242 llenrici
1258 4189 1594 4256 imperatoris
1644 4185 1791 4238 nullo
1822 4186 1975 4239 modo
2024 4187 2345 4239 cecinerunt.

771 4284 877 4338 Sed
934 4283 1004 4335 ab
1053 4280 1248 4334 eodem
1312 4278 1672 4347 interrogati,
1732 4293 1833 4331 cur
1869 4279 1943 4332 ita
1973 4288 2222 4348 agerent,
2264 4293 2349 4335 me

770 4376 1300 4431 coram'assistente,
1390 4369 1574 4422 audivi
1633 4384 1731 4423 eos
1778 4370 2091 4439 bujusmodi
2126 4386 2349 4440 respon-

772 4483 890 4519 sum
934 4465 1202 4527 reddere;
1235 4460 1484 4513 videlicet
1514 4460 1662 4528 quod
1699 4459 1948 4514 Romana
1979 4460 2219 4515 Ecclesia
2240 4475 2350 4514 non

2454 625 2504 678 id
2541 626 2775 678 videtur.
2801 626 2912 678 Cur
2938 625 3084 677 enim
3128 622 3553 679 autemtametsi
3587 636 3615 673 a
3651 632 3806 674 sexto
3834 621 4028 674 seculo

2450 715 2737 768 desinente
2776 712 3033 766 Ecclesize
3076 713 3405 781 Hispanicae,
3448 723 3499 765 et
3542 726 3570 763 a
3602 712 3805 763 seculo
3837 722 4027 764 octavo

2448 806 2763 869 Gallicanae,
2793 816 2849 859 et
2871 806 3231 859 Germaniam.
3267 822 3329 858 ac
3366 805 3562 859 Italica:
3584 806 3641 857 in
3669 820 3834 871 regno
3869 803 4027 855 Italiae

2451 893 2668 959 publice
2703 893 3021 961 Symbolum
3047 895 3191 947 idem
3218 894 3270 946 in
3298 893 3542 963 Liturgia
3579 895 3896 954 recitarem,
3940 903 4031 945 aut

2450 995 2730 1044 canerent,
2776 1001 2980 1037 morem
3034 986 3195 1038 istum
3252 986 3493 1037 Enniana
3535 970 3777 1037 licvit-sia
3826 986 4030 1049 rect-pit

2450 1091 2727 1144 nunquam
2750 1076 3048 1129 ?\'idelicet
3068 1078 3208 1143 quod
3241 1075 3479 1128 Romana
3517 1076 3755 1127 Ecclrsin
3774 1075 4029 1133 (Henrico

2449 1168 2765 1233 imperatori
2822 1168 3163 1235 reponebam
3212 1168 3481 1232 Romani)
3541 1183 3646 1219 non
3706 1168 3882 1234 {uisset
3930 1168 4028 1217 ali-

2448 1258 2655 1324 quando
2704 1257 2814 1309 ulla
2856 1260 3107 1310 Ita'rcseos
3142 1257 3266 1325 ftece
3296 1260 3486 1326 infecta
3516 1298 3531 1318 ,
3558 1258 3647 1309 sed
3689 1258 3741 1308 in
3767 1256 4029 1307 soliditate

2446 1348 2718 1399 catholicae
2770 1348 2893 1413 ﬁdei
2942 1359 3271 1416 permaneret
3321 1352 3653 1401 inconcussa.
3700 1348 3861 1413 Atqui
3918 1348 4031 1399 lucc

2448 1436 2583 1487 ratio
2618 1452 2722 1488 non
2751 1438 2925 1489 solum
2947 1438 3187 1506 Symboli
3216 1450 3459 1499 cantum,
3485 1437 3579 1505 qui
3612 1436 3763 1504 prius
3789 1438 3843 1487 in
3878 1451 4029 1487 more

2448 1527 2633 1589 fuerit,
2666 1528 2905 1596 sedjura
2943 1530 3140 1596 potiori
3177 1528 3412 1598 Symboli
3459 1530 3915 1593 interpellationem
3946 1543 4026 1579 re-

2443 1619 2581 1687 jicit.
2641 1618 2793 1671 Hanc
2829 1620 2995 1671 etiam
3050 1635 3150 1672 suo
3209 1632 3449 1688 tempore
3517 1637 3736 1673 causam
3798 1621 4029 1674 Rufinus

2448 1709 2734 1773 reddebat,
2774 1723 2872 1761 cur
2906 1710 3224 1778 Symbolum
3258 1714 3620 1779 apostolicum
3659 1729 3780 1765 cum
3826 1715 4027 1781 aliqui-

2449 1801 2551 1855 bus
2587 1803 2974 1856 additamentis
3013 1813 3221 1855 ceterzc
3262 1803 3520 1856 Ecclesiae
3554 1804 3875 1862 recitarem,
3911 1805 4027 1855 sine

3737 1896 3885 1959 Quod
3919 1912 4014 1961 ego

2450 1991 2723 2051 propterea
2755 2000 2863 2036 esse
2885 1986 3134 2047 arbitror,
3168 1986 3439 2053 inquiens,
3461 1989 3595 2053 quod
3626 2004 3787 2053 utque
3817 1988 3879 2035 Im
3901 1991 4027 2038 rasis

2452 2074 2562 2126 ulla
2604 2074 2715 2128 illic
2761 2078 2982 2141 sumpsit
3036 2078 3331 2130 exordium.
3396 2077 3581 2145 Itaque
3633 2093 3755 2129 cum
3806 2078 4027 2129 demum

2452 2167 2805 2221 Benedictum
2844 2166 2959 2221 VIII
2994 2170 3245 2235 petitioni
3286 2169 3503 2223 lIeurici
3539 2172 3799 2237 Augusti,
3840 2168 4027 2222 habito

2450 2261 2681 2311 omnium
2749 2277 3039 2324 consensu,
3099 2260 3492 2330 indulgendum
3542 2278 3664 2315 esse
3721 2263 4025 2323 censuerit,

2452 2349 2695 2420 Symboli
2725 2352 3320 2421 Constantinopolitani
3355 2366 3515 2407 cantu
3554 2355 3695 2407 inter
3740 2354 4026 2407 Missarum

2450 2446 2713 2498 solenmia
2763 2459 3022 2515 recepto,
3079 2448 3397 2517 Symbolum
3424 2452 3586 2503 etiam
3642 2451 3913 2519 recepisse
3950 2450 4031 2501 \i-

2451 2535 2611 2588 detur
2649 2535 2814 2605 208
2837 2552 2958 2590 cum
3000 2538 3421 2606 interpolatione
3443 2580 3457 2606 ,
3489 2556 3650 2609 quam
3679 2553 3886 2593 autem
3914 2541 4027 2607 jam

2453 2629 2621 2681 totius
2650 2628 2961 2682 Occidentis
2994 2630 3247 2683 Ecclesiae
3279 2633 3599 2699 amplexam
3640 2636 3888 2693 fuerant,
3925 2647 4025 2699 pu-

2454 2719 2699 2786 bliceque
2733 2720 2784 2771 in
2817 2719 3056 2790 Symboli
3094 2733 3253 2775 cantu
3282 2724 3701 2790 proﬁtebantur.

2523 2808 2609 2861 IV.
2643 2808 2750 2861 Ilac
2783 2819 2961 2863 tamen
3006 2810 3070 2864 de
3105 2826 3160 2864 re
3197 2813 3359 2865 urbe
3408 2826 3537 2867 sunt
3586 2814 3874 2882 sigentque
3936 2816 4035 2866 ad.

2454 2899 2562 2951 huc
2589 2904 2915 2967 scriptorum
2943 2903 3253 2968 opiniones,
3286 2920 3420 2971 quas
3459 2906 3661 2957 referre
3696 2917 3906 2972 prestat
3973 2916 4031 2959 et

2452 2993 2780 3061 expendere.
2850 2992 3083 3047 Sanctus
3136 2995 3371 3048 Tbomas
3422 2998 3436 3049 I
3486 3009 3648 3064 parI.,
3703 3010 3893 3065 quast.
3933 2998 4026 3061 56,

2453 3096 2555 3139 art.
2592 3084 2646 3145 2,
2678 3086 2743 3137 ad
2770 3086 2824 3146 ‘2,
2858 3087 2930 3137 ait
2961 3103 2975 3138 :
3017 3085 3204 3138 Postea
3239 3089 3539 3157 insurgente
3572 3106 3747 3141 errore
3777 3107 4029 3156 quorum-

2453 3181 2597 3241 dam,
2650 3179 2702 3231 iu
2737 3180 2961 3248 quodam
2994 3182 3211 3231 concilio
3256 3182 3305 3231 in
3358 3182 3778 3235 Occidentalibus
3810 3199 4029 3251 congre-

2449 3283 2591 3341 gato,
2629 3287 2929 3338 expressum
2959 3273 3054 3339 fuit
3087 3272 3254 3339 (quod
3278 3275 3442 3325 etiam
3472 3288 3499 3326 a
3528 3274 3666 3328 Filio
3702 3279 4029 3340 procederet

2449 3362 2686 3430 Spiritus
2749 3367 3020 3419 sanctus),
3064 3365 3381 3415 auctoritate
3426 3363 3647 3417 Romani
3701 3365 3973 3431 Ponti/iris
4010 3383 4030 3418 :

2448 3459 2596 3523 cujus
2645 3460 2958 3509 auctoritate
2994 3459 3153 3509 etiam
3203 3461 3417 3524 antiqua
3466 3461 3685 3512 concilia
3736 3477 4030 3531 congrege-

2448 3546 2642 3598 bantur
2688 3556 2737 3601 et
2820 3549 3290 3612 conﬁrmabantur.
3350 3550 3503 3602 Paria
3574 3551 3767 3603 scribit
3836 3564 4032 3603 c0ntra

2448 3650 2658 3707 gentes,
2677 3639 2818 3692 libro
2855 3656 2928 3702 tv,
2960 3642 3136 3706 capite
3163 3640 3231 3692 25
3258 3658 3269 3691 :
3309 3640 3579 3693 Processu
3603 3641 3829 3707 Spiritus
3854 3647 4030 3695 sancti

2450 3748 2481 3782 a
2530 3730 2667 3782 Filio
2697 3732 2949 3797 implicita
2979 3734 3277 3783 continetur
3321 3735 3371 3785 in
3427 3732 4029 3802 Constantiuopalitarm

2446 3824 2646 3891 synodo
2667 3824 2723 3875 in
2749 3828 2842 3877 hoc
2869 3828 3006 3892 quod
3037 3828 3344 3884 ibi‘dicitur.
3369 3830 3504 3893 quod
3523 3831 3749 3894 procedit
3768 3846 3798 3880 a
3830 3829 3989 3881 Putre
4014 3848 4030 3882 :

2450 3916 2573 3983 quia
2609 3917 2744 3982 quod
2797 3916 2861 3968 de
2900 3916 3062 3969 Patre
3096 3917 3429 3986 intelligitur,
3462 3928 3661 3982 oportet
3698 3928 3745 3970 et
3788 3922 3850 3970 de
3886 3918 4035 3973 Filio

2451 4007 2701 4075 intelligi.
2746 4007 2812 4060 Et
2862 4009 2931 4059 ad
2992 4012 3082 4061 hoc
3134 4011 3431 4062 addendum
3486 4012 3670 4077 sufﬁcit
3736 4015 4033 4063 auctoritas

2452 4097 2677 4150 Romani
2726 4100 3006 4165 pontiﬁcis,
3045 4118 3135 4168 per
3164 4119 3324 4167 quant
3357 4106 3516 4153 etiam
3547 4105 3885 4157 hiseniuntur
3932 4123 4020 4157 au-

2451 4191 2599 4258 tiqua
2645 4190 2871 4242 concilia
2925 4206 3036 4243 esse
3055 4192 3396 4258 conﬁrmata.
3447 4192 3823 4250 Occidentale.
3875 4197 4029 4262 quod

2451 4282 2694 4349 Aquinas
2746 4292 3034 4341 memorat,
3068 4298 3098 4335 a
3147 4284 3393 4337 Romano
3426 4285 3683 4351 pontiﬁce
3728 4302 4035 4353 congrega-

2456 4381 2595 4436 tum,
2644 4374 2937 4427 concilium
2973 4375 3122 4428 latet.
3166 4375 3365 4440 Quidni
3407 4392 3539 4431 vero
3576 4393 3675 4445 pro
3700 4378 4035 4432 Occidentali

2453 4466 2672 4519 concilio
2696 4467 2923 4536 intelligi
2954 4477 3144 4536 queat,
3177 4467 3395 4521 Henriei
3429 4472 3777 4537 imperatoris
3810 4473 4036 4537 petitio,

774 4561 971 4612 fuisset
1008 4554 1304 4623 aliquando
1360 4552 1467 4605 ulla
1516 4552 1784 4605 haereseos
1816 4551 1947 4605 leuce
1987 4551 2220 4613 inlecta,
2249 4552 2347 4605 sed
2382 4574 2426 4627 ι)
2456 4559 2789 4625 omniumque
2834 4560 3070 4612 maxime
3106 4575 3422 4621 consensus;
3462 4575 3575 4627 quo
3621 4561 3804 4615 habito
3852 4561 4044 4615 Bene-

773 4647 1076 4702 secundum
1104 4645 1276 4698 sancti
1332 4642 1478 4696 Petri
1518 4642 1820 4696 doctrinam
1850 4644 1904 4697 in
1933 4642 2206 4697 soliditate
2256 4657 2349 4696 ca-

779 4740 996 4792 tholicae
1025 4736 1148 4789 ﬁdei
1181 4745 1531 4803 permaneret
1558 4734 1883 4788 inconcussa
1911 4742 2002 4787 :et
2034 4735 2157 4788 ideo
2179 4736 2351 4803 magis

777 4837 865 4888 bis
895 4831 1265 4888 necessarium
1305 4844 1428 4883 esse
1460 4829 1593 4882 illud
1627 4828 1946 4898 Symbolum
1987 4831 2187 4898 saepius
2227 4846 2354 4884 can-

781 4927 940 4980 tando
970 4921 1452 4993 lrequentare,qni
1481 4922 1774 4989 aliquando
1799 4922 1906 4974 ulla
1936 4922 2127 4975 haeresi
2166 4932 2359 4990 potue-

778 5025 906 5069 runt
961 5014 1242 5066 maculari.
1282 5012 1350 5063 At
1391 5010 1648 5063 dominus
1699 5010 1997 5077 imperator
2034 5026 2142 5064 non
2194 5025 2353 5065 antea

777 5108 959 5167 desiit,
992 5118 1153 5173 quam
1186 5103 1414 5155 omnium
1442 5116 1693 5153 consensu
1742 5100 1793 5153 id
1850 5101 2074 5155 domino
2120 5102 2355 5157 Benedi-

778 5207 867 5250 cto
907 5194 1216 5264 Apostolico
1256 5192 1545 5259 persuasit,
1595 5201 1651 5243 ut
1690 5193 1759 5243 ad
1810 5192 2069 5257 publicam
2129 5192 2351 5247 Missam

777 5287 910 5341 illud
940 5287 1309 5339 decantarent.
1350 5281 1454 5335 Sed
1490 5290 1671 5335 utrum
1721 5284 1860 5336 banc
1897 5286 2349 5339 consuetudinem

776 5390 1001 5435 servent
1041 5378 1235 5438 adhuc,
1270 5373 1538 5428 aﬂirmare
1580 5391 1687 5427 non
1718 5390 2038 5443 passnmus,
2076 5378 2202 5443 quia
2236 5393 2355 5432 cer.

782 5482 896 5524 tum
940 5484 1051 5524 non
1076 5478 1349 5521 tenemus.
1389 5483 1409 5516 ι
1442 5464 1591 5519 Obiit
1621 5465 1801 5519 Berno
1827 5482 1970 5520 attno
2010 5467 2173 5523 1045.

852 5563 991 5616 Num
1021 5574 1152 5629 ergo
1185 5558 1285 5611 hac
1318 5557 1443 5610 data
1475 5559 1783 5619 occasione,
1818 5573 1923 5624 qua
1965 5561 2203 5611 omnium
2227 5575 2350 5612 con-

781 5669 933 5706 sensu
992 5646 1183 5703 annuit
1230 5664 1481 5701 summus
1525 5647 1763 5716 pontifex
1796 5648 2119 5702 Benedictus
2144 5652 2257 5703 VIII
2290 5662 2349 5704 ut

781 5747 925 5799 inter
970 5742 1256 5795 Missarum
1288 5739 1551 5792 solemnia
1598 5738 1915 5809 Symbolum
1961 5740 2353 5795 Constantino-

780 5837 1081 5907 polltanum
1124 5842 1448 5895 (auerctur,
1492 5831 1790 5885 admissum
1826 5833 1989 5886 etiam
2036 5836 2204 5900 prima
2238 5836 2353 5891 vice

2458 4648 2639 4702 dictus
2662 4647 2772 4702 Vill
2820 4648 3141 4711 indulserit,
3183 4651 3401 4717 publice
3438 4652 3559 4705 cani
3603 4651 3919 4721 Symbolum
3980 4656 4046 4707 in

2458 4741 2645 4804 missa,
2688 4748 2849 4807 prout
2888 4739 3213 4807 llispanicz,
3266 4752 3324 4794 et
3361 4741 3678 4803 Gallicanae,
3715 4756 3768 4797 et
3805 4743 4049 4798 Gerrun-

2458 4834 2596 4886 nica:
2623 4842 2679 4886 et
2718 4832 2911 4886 Italica
2938 4833 2993 4886 in
3036 4848 3203 4901 regno
3235 4833 3402 4886 Italic
3428 4834 3562 4887 illud
3590 4835 3881 4894 callebant,
3906 4854 4047 4888 Cltttl

2458 4926 2608 4979 vocis
2638 4922 2883 4993 Filioque
2913 4923 3377 4991 inter-potatione!
3694 4920 3697 4923 ’

2531 5014 2685 5084 Hugo
2737 5015 3048 5080 Eterianus,
3089 5017 3145 5067 in
3184 5030 3374 5083 opere,
3417 5016 3564 5082 quod
3615 5017 3929 5071 Alexandro
3973 5019 4053 5072 III

2459 5105 2707 5159 Romano
2750 5106 2997 5173 pontiﬁci
3047 5108 3407 5175 nuncupavit,
3440 5106 3519 5159 De
3556 5109 3860 5168 amnibus,
3905 5126 4060 5178 quas

2460 5197 2514 5248 iu
2569 5194 2789 5248 Latinos
2823 5196 2992 5250 Cra-ci
3053 5196 3540 5258 desolantJibro
3577 5214 3659 5261 nt,
3710 5201 3889 5268 capite
3949 5205 4055 5264 16,

2464 5284 2578 5337 haec
2594 5284 2757 5337 habet
2774 5304 2787 5337 :
2806 5284 3003 5339 «Nulla
3026 5287 3298 5339 calumnia
3317 5289 3590 5341 notandus
3602 5301 3685 5343 est
3704 5292 4012 5359 antiquiori
4028 5315 4057 5342 ς

2458 5376 2646 5430 Romae
2680 5378 2931 5439 antistes,
2961 5378 3112 5445 quod
3142 5393 3299 5431 causa
3342 5381 3794 5448 interpretationis
3837 5383 4062 5437 dictio-

2459 5484 2581 5522 nem
2601 5484 2787 5531 uuam,
2812 5468 2938 5522 dico
2958 5480 3142 5522 autem
3162 5486 3225 5522 ex
3254 5468 3395 5523 Filio
3420 5473 3711 5539 procedere
3745 5472 4025 5543 Spiritum
4046 5522 4062 5541 ,

2457 5571 2765 5613 sanctorum
2787 5560 3022 5628 plur-iisut
3050 5561 3433 5628 episcoporum,
3466 5565 4069 5634 scientissimoramquc

2459 5654 2817 5705 curdinalium
2837 5654 3311 5717 consensu‘habilo,
3333 5659 3669 5723 apposuerit.
3695 5676 3713 5707 ι
3747 5658 3871 5711 Hauc
3906 5663 4067 5717 mihi

2458 5747 2712 5797 videntur
2749 5745 2911 5797 verba
2946 5745 3098 5796 illum
3143 5747 3379 5797 omnium
3409 5764 3715 5799 consensum
3745 5749 3997 5805 indicare
4048 5774 4062 5807 :

2458 5852 2565 5896 uno
2603 5838 2786 5889 habito
2818 5836 3169 5889 Benedictum
3206 5836 3312 5891 VIII
3363 5840 3615 5905 petitioni
3660 5840 3883 5895 IIenrici
3932 5844 4070 5897 itu-
