4216 6438
219 444 330 502 Ξοῆ

220 555 496 622 peratoris
549 555 836 618 annuisse,
895 563 1121 607 testatur
1156 554 1330 605 Bcrno
1377 554 1663 624 Augiensis
1689 555 1780 607 ab-

219 648 343 700 bas.

297 737 632 791 llumbertus
663 736 981 794 cardina‘is.
1013 737 1299 804 episcopus
1321 735 1787 799 Silvae-Candide.

218 847 343 885 cum
393 832 582 892 sociis,
631 832 682 882 in
730 831 997 882 sententia
1056 830 1422 884 anathematis
1453 839 1640 882 contra
1683 831 1787 881 Mi-

220 921 469 972 chaclem
516 919 857 972 Cerulariurn
901 919 1026 977 lata.
1059 919 1234 986 ipsum
1292 933 1528 985 suosque
1571 917 1788 970 Gnaeos

220 1021 467 1066 occu~at.
504 1011 639 1077 quod
666 1011 994 1061 absciderunt
1025 1025 1054 1059 a
1081 1007 1327 1076 Symbolo
1359 1007 1590 1076 Spiritus
1617 1010 1786 1059 sancti

221 1103 627 1168 processiouem.
649 1101 702 1152 In
730 1116 920 1154 eorum
942 1101 1150 1153 scilicet
1178 1101 1393 1152 videtur
1419 1100 1506 1151 illc
1529 1099 1787 1166 opinione

221 1194 413 1254 fuisse.
445 1194 538 1259 qui
593 1207 718 1246 ante
771 1191 1233 1245 Monotheliticam
1278 1192 1551 1250 ha-resim.
1581 1206 1642 1243 ac
1675 1189 1786 1242 lor-

224 1296 369 1337 tasse
431 1285 482 1335 in
538 1283 1143 1352 Constantinopolitans
1169 1291 1358 1335 contra
1411 1281 1784 1335 Macedoniam

221 1373 452 1440 synodo,
503 1373 766 1440 adjectum
812 1387 995 1425 vocem
1053 1369 1295 1440 Filioque
1349 1369 1414 1422 ad
1468 1369 1784 1439 Symbolum

223 1459 508 1525 potabant.
560 1459 841 1523 Quomodo
875 1474 1002 1512 vero
1039 1460 1214 1512 eidem
1273 1458 1534 1510 cardinali
1588 1467 1643 1510 et
1672 1458 1789 1524 epi-

222 1565 385 1613 scopo
431 1549 898 1608 Silvae-Candidas.
944 1551 1198 1618 prazdicta
1248 1565 1392 1602 anno
1425 1549 1560 1604 1054
1609 1550 1786 1616 profe—

225 1641 382 1693 renti.
426 1656 535 1691 non
566 1640 1051 1708 innotuerit.quod
1070 1649 1193 1692 ante
1227 1638 1581 1707 quadraginta
1615 1654 1787 1693 annos

223 1731 321 1781 sub
364 1730 604 1784 Henrico
652 1731 977 1796 imperatore
1021 1730 1218 1783 factum
1255 1730 1678 1782 constituimus?
1720 1731 1790 1782 At

224 1823 582 1883 llumbertus.
620 1823 671 1875 in
707 1824 948 1877 Tullensi
979 1824 1198 1877 dit'ecesi
1229 1824 1526 1876 monachus
1554 1819 1784 1874 Mediani

1348 440 1540 496 VITA.
1587 463 1653 473 -
1696 437 2194 496 [ηςςῐηῖιιτλτιο
2241 440 2320 495 11.

3337 441 3442 502 2‘06

1891 571 2000 612 nes.
2055 552 2385 615 Benedictus,
2438 554 2560 617 Leo,
2612 569 2924 605 successores
2959 571 3101 606 notue
3146 558 3443 624 Imjusmodi

1891 645 2143 697 doctrina:
2187 642 2446 704 Formosi.
2486 648 2538 696 in
2577 645 2814 696 omnibus
2845 647 3054 712 fuerunt
3100 649 3197 714 ipsi
3252 653 3447 701 discor-

1891 737 1979 785 des
2011 748 2027 785 :
2057 736 2144 801 qui
2186 745 2402 796 secreto.
2450 751 2476 788 a
2521 736 2654 789 Filio
2685 751 2903 804 quoque
2935 739 3232 804 proredere
3273 739 3442 805 5ρὶιί-

1892 832 2004 875 tum
2038 835 2284 878 sanctum
2333 828 2630 889 asserebat,
2673 844 2790 878 cum
2823 835 2994 880 tamen
3031 830 3082 881 in
3124 831 3344 895 epistola
3379 833 3447 882 ad

1888 914 2030 965 sedes
2063 916 2447 981 putriarchales
2483 918 2638 967 missa
2677 919 2738 968 de
2764 919 2875 969 solo
2907 916 3063 970 Patre
3095 919 3271 984 fecerit
3298 937 3446 972 men-

1892 1009 2104 1058 tionem.
2138 1006 2255 1060 Post
2283 1025 2408 1074 quos
2439 1025 2554 1060 cum
2581 1009 2980 1076 Citristogyltorus
3013 1027 3148 1076 papa
3182 1010 3444 1063 Romanus

1889 1106 2093 1147 creatus
2127 1096 2329 1161 fuisset,
2361 1099 2414 1150 in
2453 1099 2577 1164 ﬁdei
2611 1099 2959 1164 confessione,
2996 1116 3156 1166 quam
3200 1103 3335 1152 misit
3376 1105 3444 1152 ad

1889 1185 2533 1256 Constantinopolitanum
2567 1191 2952 1258 patriarcltam,
2991 1206 3168 1255 nempe
3198 1194 3248 1243 in
3293 1191 3447 1261 Sym-

1889 1277 2024 1340 bolo,
2059 1280 2220 1350 210
2251 1296 2279 1332 a
2316 1280 2454 1334 Filio
2490 1297 2708 1350 quoque.
2743 1281 3007 1348 Spiritum
3037 1293 3287 1335 sanctum
3325 1299 3447 1351 pro-

1889 1369 2104 1429 cedere.
2155 1388 2312 1424 ausus
2346 1382 2419 1425 est
2459 1374 2645 1426 dicere.
2697 1372 2812 1436 Qua
2871 1376 2932 1426 de
2973 1391 3135 1426 causa
3187 1384 3364 1440 postea
3418 1394 3448 1426 η

1890 1456 2072 1528 Sergio
2137 1463 2464 1528 patriarcha.
2511 1465 2598 1529 qui
2641 1466 2896 1529 pra‘cessit
2932 1464 3288 1525 Cerularium,
3323 1481 3347 1514 e
3374 1468 3452 1517 di-

1889 1552 2088 1620 ptychis
2120 1553 2228 1620 ipse
2282 1553 2686 1622 Christophorus
2733 1565 3015 1620 expunctus
3055 1565 3150 1607 est.
3194 1576 3209 1606 ι
3260 1555 3450 1607 (ἔνεικε-ο

1887 1655 2161 1708 anonymo
2201 1643 2244 1695 si
2277 1645 2574 1710 credimus,
2609 1662 2788 1714 neque.
2822 1649 3168 1712 processionis
3204 1647 3267 1698 ab
3300 1656 3445 1697 utro-

1890 1749 1990 1800 que
2049 1733 2242 1803 dogma
2291 1746 2536 1798 tenuere.
2585 1754 2761 1807 neque
2809 1739 3109 1806 Symbolum
3163 1739 3448 1805 interpola-

1892 1831 2010 1872 runt
2061 1823 2289 1877 Romani
2345 1828 2630 1896 ponlilices
2662 1844 2833 1897 usque
2871 1828 2935 1880 ad
2973 1829 3299 1890 Formosum.
3354 1827 3447 1896 qtti

223 1913 546 1965 monasterii
580 1914 742 1982 209
767 1915 816 1966 in
861 1914 1204 1982 Lotharingia
1227 1953 1240 1974 ,
1265 1913 1579 1981 Symbolum
1619 1913 1786 1964 inter-
1818 1919 1857 1974 Β
1887 1913 1953 1965 ab
1984 1929 2128 1967 anno
2161 1915 2253 1968 89l
2298 1919 2440 1971 sedit
2488 1919 2552 1971 ad
2601 1935 2804 1973 annum
2838 1935 3008 1990 usque
3035 1921 3155 1976 896.
3189 1921 3284 1973 llic
3317 1936 3448 1973 vero

224 2005 464 2071 polatutn
503 2006 756 2064 canebat.
789 2007 1152 2071 audiebatque
1185 2003 1305 2056 cani
1341 2003 1452 2056 suis
1482 2005 1533 2057 in
1567 2004 1785 2072 provin-

222 2100 316 2147 ciis
375 2099 531 2164 juxta
596 2113 797 2150 morem
851 2098 918 2150 ab
971 2098 1196 2163 antiquo
1250 2099 1642 2155 obtinentem.
1697 2112 1786 2150 ve-

223 2202 448 2255 ramque
514 2187 800 2255 ignorabat
862 2188 980 2257 ejus
1043 2188 1329 2254 originem.
1377 2189 1619 2257 Vulgari,
1666 2203 1787 2254 qua:

220 2279 362 2346 apud
401 2295 535 2332 suos
583 2279 882 2339 ferebatur.
920 2289 1321 2349 przeoccupatus
1369 2280 1647 2348 opinione.
1685 2280 1791 2334 Ro-

223 2386 361 2423 mam
411 2371 695 2439 profectus
741 2380 824 2425 est
852 2386 975 2424 cum
1030 2371 1208 2424 Leone
1241 2385 1373 2438 papa
1415 2368 1476 2423 IX
1516 2369 1585 2424 ab
1614 2386 1787 2439 eoque

219 2474 437 2516 creatus
463 2465 768 2516 cardinalis
795 2474 851 2516 et
883 2464 1175 2531 episcopus
1215 2461 1688 2516 Silvae-Candida.
1729 2461 1783 2515 In

219 2569 304 2614 eo.
339 2555 487 2621 quod
525 2553 843 2606 Ccrularius
877 2553 1162 2606 dissidium
1201 2563 1441 2607 moverat
1495 2568 1594 2622 pro
1618 2554 1784 2606 semel

220 2646 411 2697 hausta
449 2646 734 2713 Opinione,
762 2645 979 2699 Graecos
1009 2646 1230 2714 putabat
1269 2646 1588 2713 particulam
1619 2643 1789 2698 Filio-

219 2754 312 2803 que
360 2737 669 2789 detraxisse
730 2736 1006 2806 Symbolo.
1052 2752 1189 2804 quos
1217 2737 1511 2790 acerrimos
1564 2745 1789 2789 noverat

222 2830 569 2890 processionis
621 2829 684 2879 ab
735 2839 952 2894 utroque
996 2827 1199 2879 hostes.
1243 2827 1298 2879 In
1334 2827 1452 2878 viro
1496 2827 1786 2896 cmteroqui

223 2921 545 2973 doctissimo
574 2918 883 2971 accuratior
911 2917 1010 2971 hac
1055 2919 1106 2970 in
1137 2933 1194 2972 re
1238 2917 1559 2987 perquisitio
1587 2919 1787 2971 frustra

220 3025 275 3062 ex
290 3011 547 3077 petenda.

291 3101 470 3152 Minus
530 3109 842 3152 accuratam
893 3107 1237 3166 temporum,
1289 3101 1490 3168 quibus
1545 3100 1786 3154 Romana

219 3190 467 3242 Ecclesia
499 3190 983 3256 interpolationem
1021 3189 1322 3252 admiserit,
1356 3191 1602 3242 notitiam
1632 3191 1786 3244 exhi-

220 3281 307 3333 bet
342 3282 601 3334 Andreas
635 3281 965 3334 Rhodiensis
995 3281 1286 3347 episcopus
1320 3281 1371 3332 in
1413 3281 1558 3334 Actis
1579 3279 1789 3333 Graeco-

218 3373 434 3424 Latinis
477 3373 812 3425 Florentinae
852 3374 1044 3442 synodi
1078 3374 1322 3426 sessione
1358 3376 1430 3428 7:
1481 3392 1500 3424 ‹
1547 3375 1788 3428 Instante

217 3466 557 3517 necessitate
603 3463 848 3516 additum
899 3473 980 3516 est
1026 3474 1252 3532 propter
1299 3467 1559 3534 quosdam
1595 3469 1789 3522 Nesto-

217 3559 429 3616 rianos,
463 3557 608 3622 apud
640 3555 1040 3608 Occidentaletn
1085 3556 1386 3609 Ecclesiam
1427 3559 1790 3612 disseminan-

217 3659 319 3704 tes.
361 3645 626 3713 Spiritum
662 3658 896 3698 sanctum
944 3663 1044 3697 non
1094 3662 1200 3698 esse
1252 3663 1314 3699 ex
1355 3649 1464 3716 ipso
1502 3647 1661 3709 Filio.
1700 3667 1790 3701 nec

214 3757 368 3791 suum
424 3754 537 3790 esse
582 3737 645 3788 ab
698 3736 788 3789 illo
836 3738 1091 3806 accipere.
1131 3737 1306 3803 (Quod
1342 3739 1455 3806 ipse
1487 3740 1691 3808 colligit
1724 3756 1786 3792 cx

217 3831 559 3882 Nestoriano
589 3827 855 3896 symbolo.
887 3843 951 3880 ac
995 3826 1398 3881 Thcodoretum
1432 3831 1575 3882 inter
1605 3840 1658 3883 et
1683 3830 1786 3898 Cy-

222 3922 413 3972 rillum
449 3919 882 3972 Alexandrinum
921 3919 1141 3986 litigio.)
1186 3919 1298 3971 Hac
1345 3922 1554 3974 ratione
1600 3932 1785 3974 coacta

219 4015 321 4063 luit
354 4012 602 4064 ﬂuuiana
638 4009 897 4068 Ecclesia.
922 4023 1044 4061 cum
1081 4025 1330 4076 magnum
1363 4011 1572 4063 videret
1609 4013 1786 4064 immi-

221 4120 351 4157 nere
392 4103 700 4172 periculum
742 4118 754 4152 :
790 4100 913 4152 Jam
956 4101 1096 4151 enim
1155 4100 1446 4154 cauebatur
1495 4104 1549 4154 in
1598 4103 1787 4157 Galliis

220 4209 264 4248 ct
296 4197 593 4263 Hispaniis.
631 4212 648 4242 ι
683 4192 977 4245 Miscentur
999 4194 1203 4244 omnia.
1241 4191 1352 4244 Lux
1383 4199 1622 4248 attamen
1661 4198 1789 4248 sub-

219 4289 365 4340 lucet
403 4288 584 4353 aliqua
642 4286 694 4337 in
750 4296 1044 4351 postremis
1079 4285 1282 4343 verbis,
1315 4301 1433 4352 qua:
1483 4287 1615 4338 satis
1644 4287 1786 4340 indi-

223 4389 375 4431 cant.
431 4378 732 4430 Romanam
765 4375 1066 4428 Ecclesium
1092 4374 1358 4441 adjectam
1390 4375 1534 4426 illam
1572 4391 1677 4428 non
1706 4391 1790 4429 re-

222 4473 438 4538 cepisse
471 4468 916 4535 explicationem,
950 4467 1050 4518 nisi
1086 4467 1244 4534 longe
1286 4476 1408 4534 post
1437 4469 1789 4521 consuetudi-

1893 1999 2174 2058 Formosus
2221 2008 2345 2072 fuit,
2401 2009 2492 2078 qui
2544 2028 2728 2064 novam
2781 2013 3074 2065 doctrinam
3127 2013 3356 2074 invexit,
3403 2013 3447 2064 si

1891 2093 2026 2148 ﬁdes
2085 2111 2382 2168 anonymo.
2446 2110 2739 2170 secretoque
2800 2103 3113 2166 asserebat,
3182 2102 3446 2170 Spiritum

1891 2195 2137 2240 sanctum
2203 2205 2230 2241 a
2287 2191 2422 2244 Filio
2473 2209 2692 2261 quoque
2755 2193 3076 2260 procedere.
3137 2191 3288 2245 Ilaud
3344 2192 3447 2261 ipsi

1891 2287 2318 2339 consenserunt,
2349 2281 2442 2347 qui
2478 2281 2778 2334 Romanam
2809 2293 3035 2336 tenuere
3064 2283 3246 2336 sedem
3278 2297 3450 2351 usquc

1889 2367 1954 2419 ad
1993 2367 2477 2439 Christophorum.
2513 2375 2895 2428 l’ontilicatuut
2951 2377 3149 2429 invasit
3204 2377 3305 2428 iSIe
3350 2392 3449 2428 an~

1892 2471 1961 2507 no
1992 2458 2118 2521 905,
2148 2461 2291 2513 circa
2328 2461 2485 2515 [luem
2543 2463 2886 2528 Novembris,
2918 2464 3276 2534 dejectusquc
3304 2482 3449 2518 anno

1896 2552 2216 2619 insequente
2245 2553 2344 2607 luit
2375 2557 2518 2610 circa
2552 2558 2770 2611 initium
2803 2559 3174 2614 mensisJunii
3204 2577 3230 2611 a
3260 2559 3450 2628 Sergio

1894 2641 2057 2712 hujus
2120 2647 2359 2701 nominis
2419 2649 2607 2704 tertio.
2671 2645 2985 2719 Symbolum
3048 2651 3258 2718 adjecta
3317 2667 3450 2706 voce

1895 2729 2141 2800 Filioque
2205 2737 2317 2803 ipsc
2378 2736 2810 2806 Chrismpltorus
2884 2742 3244 2809 interpolasse
3313 2740 3450 2794 dici-

1895 2830 2002 2882 tur.
2061 2841 2178 2877 eam
2235 2829 2305 2879 ob
2361 2844 2578 2883 causam
2640 2845 2668 2882 a
2712 2830 2900 2900 Sergio
2959 2834 3266 2900 patriarcha
3306 2833 3453 2886 Con-

1892 2915 2384 2982 stantinopolitnno
2412 2931 2719 2987 expunctus
2754 2936 2782 2974 e
2817 2922 3114 2992 diptychis.
3163 2923 3286 2976 lla-c
3337 2924 3440 2978 ille.

1969 3005 2150 3058 Rimas
2209 3009 2316 3076 agit
2370 3025 2812 3078 quaquaversum
2864 3013 3171 3078 excogitata
3226 3013 3445 3066 fabella.

1893 3092 2130 3160 Spiritus
2162 3097 2333 3148 sancti
2367 3099 2747 3165 processionem
2780 3118 2810 3152 a
2855 3101 3016 3154 Patre
3051 3101 3295 3172 Filioque
3337 3119 3444 3156 non

1894 3184 2096 3238 invexit
2125 3188 2331 3254 ptimus
2369 3187 2706 3244 Formosus:
2735 3208 2895 3260 quam
2932 3209 3300 3262 prrecessores
3339 3195 3448 3246 llo-

1897 3292 2084 3329 manos
2127 3280 2411 3346 pontifices
2446 3297 2637 3334 omnes
2667 3284 2926 3346 tenuisse,
2959 3287 3282 3337 sa'culorum
3333 3302 3444 3337 om-

1894 3367 2041 3418 nium
2082 3369 2398 3433 traditione,
2434 3369 2743 3439 Graecoque
2771 3387 2832 3425 ac
2866 3371 3068 3426 Latina:
3096 3375 3294 3441 linguae
3333 3393 3450 3426 out-

1893 3460 2040 3510 niunt
2090 3461 2310 3512 Patrum
2355 3465 2678 3517 auctoritate
2738 3465 3003 3526 munitos,
3044 3468 3152 3534 jam
3203 3468 3448 3520 ostendi-

1895 3566 2034 3602 mus.
2066 3551 2208 3612 ll:rc.
2243 3570 2270 3604 a
2299 3554 2594 3622 majoribus
2623 3567 2866 3624 accepta.
2897 3557 3030 3610 lides
3056 3568 3170 3610 erat
3197 3559 3447 3611 Christo-

1893 3643 2074 3710 phori,
2126 3655 2180 3696 et
2222 3646 2393 3713 Sergii
2436 3650 2793 3712 successoris,
2837 3652 2928 3718 qui
2983 3651 3254 3705 llervcutn
3305 3654 3450 3705 Rhe-

1893 3749 2128 3786 menseni
2156 3738 2655 3807 archiepiscopum,
2707 3743 2937 3811 ejusque
2990 3747 3254 3813 synodum
3291 3747 3452 3802 Tros-

1895 3822 2122 3882 leiauam
2151 3842 2292 3877 anno
2328 3828 2428 3879 909
2459 3830 2786 3884 celebratam
2817 3835 3116 3898 admonuit,
3154 3846 3213 3888 ut
3255 3840 3448 3908 singuli

1892 3926 2125 3966 nostrum
2188 3919 2397 3984 (ipsius
2451 3921 2645 3974 llervci
2697 3924 2860 3976 verba
2928 3927 3108 3991 sunt),
3165 3932 3448 3995 perspectis

1893 4007 2112 4058 Patrum
2137 4011 2506 4064 catholicorum
2539 4017 2829 4076 sententiis,
2863 4019 2923 4067 de
2952 4019 3140 4070 dicina:
3163 4019 3449 4088 Scriptura:

1891 4097 2150 4162 pharetris
2200 4110 2383 4150 acutas
2428 4102 2757 4168 proferamus
2811 4106 3031 4173 sagittas
3085 4112 3332 4175 potentis,
3383 4112 3450 4163 ad

1891 4185 2259 4250 confodiendas
2297 4186 2642 4251 blaspltemias
2674 4193 2951 4260 cujusdam
2989 4193 3181 4256 P/totii,
3219 4197 3446 4265 vigentes

1892 4275 1944 4324 in
1979 4278 2212 4342 partibus
2245 4277 2469 4332 Orientis
2502 4281 2553 4332 in
2591 4280 2846 4348 Spiritum
2878 4296 3140 4348 sanctum,
3176 4290 3311 4354 quod
3348 4307 3448 4341 non

1893 4384 1922 4418 a
1961 4365 2121 4432 Filio,
2157 4371 2256 4420 nisi
2285 4388 2314 4420 (ι
2354 4371 2512 4422 l’atre
2537 4381 2743 4424 tantum
2773 4375 3043 4439 procedat.
3077 4375 3448 4443 blaspheman-

1893 4458 1976 4508 tis.
2009 4458 2112 4510 Sed
2148 4460 2285 4512 hanc
2327 4462 2509 4522 iidem.
2550 4464 2877 4530 interpolato
2905 4465 3187 4534 Symbolo,
3235 4469 3446 4536 profes-

223 4579 371 4620 Μαι.
425 4558 741 4628 symbulum
791 4558 846 4610 ίη
898 4558 1062 4610 missa
1117 4557 1370 4619 canendi,
1407 4556 1474 4608 ab
1526 4558 1859 4634 Ecclesiis‘o
1891 4564 2009 4600 sum
2042 4563 2162 4602 esse
2195 4551 2368 4617 palam
2401 4567 2695 4620 coramque,
2731 4554 3188 4624 Christophorum
3231 4560 3447 4627 pontiﬁ-

226 4651 544 4720 Ilispanicis
572 4659 728 4703 sexto
760 4657 815 4701 et
852 4647 1083 4716 septimo
1106 4650 1329 4711 saeculo,
1353 4657 1409 4701 et
1440 4663 1467 4700 a
1493 4645 1785 4705 Gallicanis

220 4753 412 4795 DCL‘H‘O
446 4749 503 4792 ει
532 4752 678 4789 nouo
706 4748 996 4789 invectam.

287 4830 655 4884 Aceuratiora
688 4827 791 4894 ipsi
824 4827 998 4880 Graeci
1035 4841 1142 4881 non
1189 4827 1413 4890 habent,
1452 4844 1573 4898 quae
1606 4830 1787 4898 prole-

222 4937 382 4974 rant:
426 4938 444 4970 t
482 4921 803 4986 Anonymus
828 4915 1053 4971 Graecus
1081 4927 1273 4970 auctor
1308 4919 1492 4987 (verba
1527 4933 1650 4972 sunt
1689 4921 1786 4972 Ba-

221 5013 384 5073 r0nii.
444 5011 514 5062 ad
566 5024 768 5061 annum
821 5007 946 5071 885,
997 5024 1150 5061 num.
1205 5008 1314 5076 55),
1353 5010 1446 5077 qui
1496 5009 1636 5062 inter
1681 5011 1784 5063 alia

219 5106 540 5158 Graecorum
596 5107 948 5152 monumenta
990 5099 1198 5167 positus
1249 5099 1482 5152 habetur
1548 5103 1600 5152 in
1662 5102 1785 5158 Val-

220 5196 475 5248 licellana
526 5191 884 5252 bibliotheca,
919 5190 972 5242 id
1029 5190 1266 5258 primum
1306 5191 1507 5244 laetum
1562 5208 1590 5244 ι
1626 5191 1785 5244 Chri-

216 5288 469 5355 slophoro
536 5299 676 5351 papa
720 5281 886 5335 tradit
939 5300 950 5334 :
995 5290 1157 5350 atque
1189 5284 1442 5346 atlirtnat,
1496 5298 1665 5351 usque
1717 5283 1783 5336 ad

219 5376 351 5429 illud
408 5384 631 5441 tempus
694 5386 881 5426 omnes
926 5374 1019 5441 qui
1071 5383 1470 5442 praecesserunt
1510 5374 1786 5427 Romanos

220 5467 536 5537 pontiﬁces,
590 5466 647 5518 iu
695 5466 938 5532 ipsorum
970 5464 1096 5530 ﬁdei
1122 5465 1443 5532 professione
1481 5467 1784 5518 asseruisse

218 5562 427 5628 absque
449 5560 566 5612 ullo
597 5557 990 5618 additamento,
1023 5554 1276 5624 Spiritum
1307 5566 1544 5608 sanctum
1570 5574 1601 5608 a
1624 5557 1784 5609 Patre

218 5651 519 5718 procedere.
577 5649 776 5715 Aitquc
826 5657 948 5714 post
1003 5647 1305 5700 recensitos
1350 5648 1786 5715 pra'decessores

222 5743 512 5805 pontiﬁces
541 5759 553 5793 ε
593 5740 694 5804 Qui
727 5755 846 5792 vero
877 5741 1049 5807 ipsum
1081 5742 1242 5792 secuti
1271 5749 1392 5792 sunt
1443 5739 1780 5803 Formosum,

218 5835 550 5897 Bonifacius,
591 5831 908 5894 Steti/ianus,
945 5829 1234 5896 Romanus,
1266 5832 1585 5895 Theodorus,
1618 5833 1782 5885 Joan-

1895 4655 2032 4701 cem.
2087 4641 2333 4694 indicant
2367 4644 2513 4694 nulla
2543 4653 2754 4697 vetusta
2793 4646 3016 4711 probata
3046 4664 3397 4704 monumenta
3434 4672 3445 4704 :

1896 4745 2070 4799 neque
2121 4747 2250 4784 sane
2298 4734 2460 4786 tribui
2511 4736 2606 4787 ista
2657 4747 2922 4802 possunt,
2969 4754 3089 4806 qua:
3139 4752 3448 4801 narrantur.

1896 4823 2072 4875 eidem
2103 4823 2522 4892 Christuphnro,
2548 4835 2603 4878 ut
2631 4828 2707 4880 ait
2734 4828 2992 4883 [laronius
3021 4841 3237 4899 :utpotc
3257 4837 3346 4901 qui
3372 4835 3450 4886 in~

1899 4930 2054 4968 vasor
2087 4917 2401 4983 apostolicae
2449 4919 2614 4980 sedis,
2664 4935 2786 4971 mox
2836 4921 2962 4973 sede
3009 4922 3286 4990 depulsus,
3324 4942 3447 4993 per-

1898 5006 2048 5058 brevi
2092 5019 2336 5075 tetrpore
2382 5024 2501 5061 cant
2537 5011 2710 5062 tenuit
2752 5013 3109 5066 tumultuose.
3157 5015 3449 5069 Iinormem

1895 5098 2129 5165 denique
2152 5101 2275 5167 quis
2307 5101 2444 5152 ferat
2469 5104 2722 5171 anonytni
2764 5102 2934 5157 Graeci
2967 5106 3448 5160 anachronismum

1895 5191 2209 5252 asserentis.
2235 5207 2264 5244 e
2297 5192 2466 5244 sacris
2489 5193 2762 5263 diptychis
2792 5193 3219 5263 Claristophorum
3259 5198 3454 5250 Roma-

1894 5295 2020 5330 num
2079 5279 2377 5347 pontiﬁcem
2436 5291 2766 5351 expunctum
2817 5300 2845 5337 a
2911 5283 3092 5353 Sergio
3143 5289 3448 5355 patriarcha

1894 5371 2491 5440 Constantinopolitano,
2525 5373 2805 5428 Michaelis
2833 5374 3098 5428 Cerularii
3137 5378 3448 5437 decessore.

1894 5464 1958 5515 ad
1985 5465 2233 5515 eamdem
2275 5464 2425 5516 urbis
2472 5465 2634 5530 regia:
2680 5466 2862 5518 sedem
2896 5482 3040 5519 anno
3083 5468 3186 5521 999
3233 5479 3448 5531 evecto,

1893 5554 2138 5622 adeoque
2170 5555 2383 5623 integro
2425 5556 2537 5607 fere
2573 5557 2770 5608 sarculo
2801 5567 2925 5625 post
2955 5559 3452 5627 Christophorutn?

1895 5650 2067 5712 Quid?
2120 5649 2263 5716 quod
2319 5651 2514 5704 l’ctrus
2565 5651 2941 5706 Antiochcnus
2988 5654 3039 5705 in
3095 5654 3338 5720 Epistola
3385 5657 3448 5707 ad

1894 5742 2212 5794 Michaeletn
2247 5741 2590 5794 Cerulariutn
2621 5743 2762 5809 apud
2797 5743 3127 5797 Cotelerium
3166 5747 3218 5799 in
3257 5745 3447 5797 Monu-

1895 5835 2080 5886 mentis
2117 5828 2360 5886 Ecclesia:
2392 5833 2607 5896 Cra'cw.
2646 5847 2788 5888 tumo
2844 5838 2905 5895 ll.
2942 5854 3088 5891 num.
3129 5841 3180 5894 5.
3221 5851 3450 5894 testatur
