4216 6438
747 478 850 545 ‘20’1

1670 461 1995 526 GEORGII
2038 456 2293 519 CYPRII
2339 456 2445 517 (ΣΡ.
2487 451 3013 514 ΡΑΤΒΙΛΗΟΗᾸΞ

3892 446 3989 507 238

750 607 808 645 se
837 595 960 640 ante
992 584 1081 635 hos
1106 597 1271 635 annos
1304 578 1660 648 quadraginta
1686 577 1917 644 quinque
1948 572 2321 625 (.‘onstantino-
2350 570 2399 629 Α
2425 575 2532 631 est,
2589 566 2935 621 dilectissimi
2982 562 3163 629 nobis,
3213 561 3341 617 ﬁdei
3395 570 3599 618 nostra!
3628 580 3642 617 :
3678 561 3795 617 hac
3843 563 3995 617 verba

750 684 911 747 polim
965 667 1255 748 ingressum
1314 671 1597 740 reperisse,
1668 672 1761 719 sub
1812 675 2009 720 sancta!
2059 663 2325 716 memoria'

755 776 1063 848 patriarcha
1115 772 1309 823 domno
1340 766 1497 835 21],
1549 762 1732 831 Sergio
1772 761 2081 831 pru'dictnm
2130 770 2325 827 papam

756 872 1040 938 (Joannem
1086 861 1228 916 XVII
1286 861 1369 915 vel
1411 856 1597 925 XVIII)
1661 858 1715 909 in
1763 871 1917 908 sacra
1969 850 2137 905 Missa
2207 864 2324 902 cum

755 965 875 1018 aliis
905 959 1222 1030 patriarchis
1254 953 1465 1024 referri.

826 1055 1187 1109 Memoratum
1218 1047 1395 1117 Sergii
1423 1044 1495 1099 III
1536 1042 1813 1111 pontiﬁcis
1845 1049 1939 1092 aut
1972 1044 2327 1108 przcceptum,

754 1163 851 1205 aut
885 1147 1179 1207 monitum,
1212 1157 1323 1212 quo
1367 1138 1681 1194 Gallicanos
1719 1134 2011 1202 episcopos
2073 1130 2126 1182 in
2169 1128 2327 1181 Tros-

757 1244 936 1297 leiaua
983 1244 1347 1306 congregatos
1400 1231 1649 1301 urgebat,
1716 1236 1775 1280 ut
1828 1224 2001 1279 solide
2036 1222 2327 1274 adversum

755 1335 976 1389 Grzccos
1028 1329 1407 1383 vindicaretur
1456 1320 1716 1391 processio
1772 1316 2004 1389 Spiritus
2065 1313 2237 1367 sancti
2296 1328 2327 1361 a

760 1428 923 1489 Filio,
982 1422 1327 1495 eonjeetandi
1381 1417 1535 1472 dedit
1592 1430 1781 1469 ansam
1834 1410 2078 1465 Gcrardo
2132 1407 2328 1461 Jnauui

756 1520 952 1575 Vossio
1016 1519 1069 1570 in
1136 1512 1523 1568 dissertatione
1587 1508 1654 1562 III
1692 1507 1761 1559 De
1827 1507 1986 1557 tribus
2050 1500 2330 1570 Symbolis,

759 1628 910 1666 num.
946 1608 1034 1671 tl,
1069 1606 1312 1660 additam
1359 1604 1428 1659 ab
1473 1602 1664 1656 eodem
1720 1598 1913 1667 Sergio
1966 1595 2138 1648 fuisse
2177 1594 2332 1663 Sym-

756 1704 886 1756 bolo
922 1714 1113 1754 vocem
1172 1696 1439 1764 Filioque.
1484 1691 1761 1747 Iudicium
1813 1690 1916 1743 hoc
1960 1688 2161 1757 (inquit
2218 1685 2330 1750 ille)

760 1797 992 1849 timidius
1049 1790 1277 1860 profero,
1332 1787 1457 1855 qttia
1506 1786 1738 1855 priorem
1793 1791 2058 1834 auctorem
2109 1779 2332 1831 laudare

2431 669 2560 713 sunt
2614 658 2901 730 Symboli,
2954 673 3065 711 non
3115 656 3401 726 sapientiae
3452 656 3708 710 humanae
3752 670 3997 709 sermone

2431 753 2593 815 facta,
2615 753 2713 806 sed
2740 767 2881 805 verae
2904 750 3213 805 divinitatis
3242 750 3457 804 ratione
3484 748 3777 818 diaposita.
3798 748 4001 814 Quibus

2430 844 2966 913 comprehendendis
3054 852 3219 909 atque
3289 841 3581 896 servandis
3649 854 3813 893 nemo
3902 854 4001 892 non

2432 934 2690 998 idoneus,
2720 950 2886 988 nemo
2923 948 3033 987 non
3070 942 3263 1003 aptus.
3298 931 3398 987 Hic
3432 932 3527 986 Dei
3562 932 3739 985 Patris
3792 945 3847 985 et
3885 928 4003 982 Filii

2433 1042 2539 1079 uua
2596 1026 2885 1094 aqualitas
2934 1028 3331 1095 pronuntiatur
3399 1034 3565 1092 atque
3617 1036 3878 1090 pou-stas.
3917 1021 4003 1074 Hie

2430 1115 2733 1183 unigenitus
2772 1112 2867 1166 Dei
2896 1113 2958 1167 de
2993 1111 3170 1166 Maria
3224 1110 3435 1182 Virgine
3518 1122 3567 1164 et
3602 1111 3810 1181 Spiritu
3833 1124 4005 1164 saneto

2431 1208 2713 1259 secundum
2761 1223 2978 1260 carnem
3028 1214 3189 1260 natus
3228 1204 3564 1260 ostenditur.
3616 1206 3717 1261 Hic
3768 1205 4004 1276 ejusdem

2431 1301 2726 1367 cruciﬁxio,
2761 1309 2808 1353 et
2845 1301 3139 1369 sepultura,
3163 1316 3224 1353 ac
3245 1300 3328 1351 die
3356 1302 3509 1353 tertia
3535 1302 3844 1352 resurrectio
3879 1316 4006 1367 prae-

2433 1392 2670 1446 dicatur.
2708 1392 2803 1445 Hic
2829 1393 3066 1444 ascensio
3106 1394 3271 1460 ipsius
3298 1408 3451 1459 super
3502 1392 3676 1454 caelos,
3717 1402 3771 1444 et
3808 1408 4007 1443 conses-

2433 1488 2509 1537 sio
2539 1486 2591 1537 in
2609 1484 2824 1537 dextera
2848 1494 3086 1554 paterna
3133 1485 3427 1552 majestatis
3447 1487 3765 1553 agnoscitur
3792 1503 3802 1536 :
3829 1494 4007 1537 vetitu-

2436 1593 2625 1646 rusqne
2661 1578 2729 1629 ad
2748 1576 3069 1644 judicandos
3110 1579 3251 1629 vivos
3298 1586 3347 1628 et
3383 1587 3620 1630 mortuus
3677 1576 4003 1629 declaratur.

2435 1670 2535 1723 Hic
2568 1668 2796 1737 Spiritus
2825 1680 3038 1722 sanctus
3070 1670 3124 1722 in
3164 1670 3380 1731 eadem,
3407 1685 3512 1737 qua
3549 1670 3706 1722 Pater
3733 1677 3787 1721 et
3820 1669 4005 1727 Filius,

2436 1762 2650 1817 Deitate
2685 1760 3022 1814 indiscretus
3055 1760 3350 1827 accipitur.
3387 1759 3486 1813 Hic
3520 1770 3803 1828 postremo
3834 1757 4008 1810 Ειτιε-

760 1884 955 1951 possim
1003 1880 1285 1931 neminem.
1326 1875 1639 1930 Gallicanos
1698 1874 1886 1938 utique
1926 1886 2023 1923 eos
2070 1868 2333 1938 praesules
2366 1911 2409 1969 Β

2366 1856 2528 1969 Bsia:
2558 1855 2793 1917 vocatio,
2841 1863 3172 1921 peccatorum
3221 1855 3463 1906 remissio
3521 1862 3576 1906 et
3624 1856 3799 1905 carnis
3843 1869 4007 1903 resur-

2442 1947 2600 1969 ._--n.'-
2639 1949 2950 1969 _-_J_---o-._
3007 1963 3021 1969 -
3290 1949 3295 1955 '

761 1975 1123 2028 vehementer
1158 1966 1367 2023 hortari
1411 1967 1592 2037 potuit
1623 1965 1689 2018 ad
1724 1962 2179 2033 propugnandum
2210 1960 2333 2012 ﬁdei

761 2067 984 2135 dogma,
1015 2064 1151 2132 quin
1181 2062 1347 2116 ullam
1388 2062 1504 2129 ipse
1537 2060 1602 2113 ad
1648 2057 1970 2128 Symbolum
2008 2054 2209 2109 fecerit
2248 2066 2336 2104 ac-

764 2154 1097 2209 cessionem.
1156 2150 1229 2205 Ea
1259 2151 1427 2221 igitur
1462 2149 1820 2203 verisimilior
1855 2146 2075 2201 tandem
2112 2153 2339 2213 apparet

764 2245 1066 2307 sententia,
1120 2259 1241 2313 quae
1289 2244 1355 2297 ad
1422 2240 1553 2296 illud
1613 2250 1829 2307 tempus
1882 2236 2246 2307 adjectionem
2285 2236 2337 2286 in

771 2341 1013 2392 Romana
1068 2335 1315 2390 Ecclesia
1356 2332 1650 2387 admissam
1696 2331 1887 2393 refert,
1941 2344 2051 2395 quo
2109 2326 2338 2379 Benedi-

767 2439 891 2483 ctus
926 2427 1036 2483 VIII
1072 2426 1293 2495 publice
1341 2426 1465 2479 cani
1504 2422 1821 2495 Symbolum
1870 2422 2012 2474 inter
2056 2418 2339 2472 Missarum

780 2520 1049 2575 solemnia
1085 2518 1384 2573 consensit.
1411 2516 1562 2571 Dicta
1590 2516 1768 2569 recole
1800 2530 1950 2567 num.
1977 2512 2039 2565 ὖ.

846 2612 913 2668 ν.
962 2632 977 2663 ι
1039 2611 1308 2665 Caeterum
1362 2610 1519 2663 fateri
1559 2609 1790 2663 interest
1832 2606 2020 2672 (verba
2070 2615 2199 2655 sunt
2249 2601 2345 2654 Mi-

777 2704 987 2759 chaelis
1014 2701 1278 2771 Lequieni
1318 2701 1369 2754 in
1413 2700 1673 2769 Panoplia
1705 2710 1899 2752 contra
1931 2697 2169 2751 schisma
2200 2694 2348 2748 Grae-

777 2813 968 2850 corum
1023 2795 1223 2849 szeculo
1273 2810 1371 2855 xu,
1420 2793 1596 2861 capite
1646 2793 1699 2851 4,
1755 2805 1910 2843 num.
1966 2788 2078 2854 2i),
2129 2784 2344 2838 tametsi

781 2888 1002 2942 nonnisi
1036 2886 1195 2940 initio
1247 2884 1432 2937 saeculi
1466 2900 1539 2945 χι,
1576 2883 1872 2936 Benedicto
1903 2879 2015 2933 VIII
2064 2877 2343 2947 pontiﬁce,

778 2979 1096 3050 Symbolum
1128 2976 1311 3030 Romae
1334 2978 1385 3028 in
1413 2975 1571 3028 Missa
1594 2977 1715 3029 cani
1741 2982 1978 3042 emptum
2008 2973 2112 3034 sit;
2138 2970 2345 3023 dudum

779 3084 963 3125 tamen
1033 3079 1193 3122 antea
1260 3067 1577 3138 Symbolum
1643 3064 2345 3133 Constantinopolitatmm,

777 3173 974 3231 quarta
1011 3161 1164 3214 Feria
1223 3159 1581 3213 hebdomadis
1632 3170 1838 3227 quarta:
1885 3157 2343 3225 Quatlragesimai,

2440 1947 2601 1999 rectio
2637 1949 2966 2015 perducetur.
3006 1963 3024 1996 ι

2509 2038 2663 2093 Haud
2712 2039 2905 2092 ivcrim
2959 2037 3186 2101 inﬁtias,
3236 2038 3377 2092 hanc
3424 2036 3669 2108 Symbolo
3713 2034 4011 2091 Constanti-

2442 2132 2748 2201 nopolitano
2798 2133 2975 2198 aptari
3034 2132 3279 2199 potuisse
3322 2132 3729 2198 expOsitionem
3775 2151 3785 2184 :
3840 2140 3893 2183 at
3949 2148 4008 2183 ea

2444 2223 2761 2295 Symbolum
2818 2223 3000 2291 potius
3055 2222 3286 2275 indicari
3340 2222 3688 2289 apOstolicum
3745 2222 4011 2289 simplex,

2446 2319 2631 2372 nullus
2658 2317 3057 2371 dubitaverim.
3089 2314 3272 2369 Codex
3307 2323 3624 2369 aSservatur
3658 2315 3710 2368 in
3744 2315 4015 2369 tabulario
4074 2372 4084 2383 _

2445 2410 2671 2479 capituli
2704 2410 3097 2463 canonieorum
3147 2408 3567 2472 Forojuliensis,
3603 2407 3655 2459 in
3696 2422 3806 2474 quo
3856 2420 4017 2457 retu-

2448 2516 2565 2558 stus
2612 2502 2930 2554 continetur
2967 2501 3107 2553 ritus
3137 2545 3149 2565 ,
3179 2501 3700 2554 eatechumenorum
3752 2499 4015 2553 scrutinia

2448 2594 2766 2664 peragendi.
2801 2591 3039 2645 ditatem
3082 2593 3196 2645 haec
3229 2594 3395 2646 verba
3434 2593 3789 2646 subindicant
3819 2610 3831 2644 :
3884 2591 4017 2643 Huic

2450 2686 2700 2755 mysterio
2732 2684 2966 2752 pontifex
3000 2686 3247 2737 interesse
3275 2686 3447 2746 debet,
3475 2688 3611 2737 sicut
3646 2687 3770 2737 mihi
3824 2685 4021 2751 Luponi

2451 2781 2613 2831 visunt
2671 2786 2765 2840 est,
2828 2776 3075 2829 Ecclesite
3132 2788 3329 2829 sancta
3386 2778 3731 2841 Aquileiensis
3766 2778 4022 2842 pontiﬁci.

2451 2869 2785 2922 l’atriarchze
2828 2868 2959 2932 duo,
2998 2866 3133 2933 Lupi
3186 2883 3281 2921 seu
3326 2867 3556 2936 Luponis
3590 2869 3809 2921 nomine
3844 2867 4027 2936 appel-

2452 2962 2569 3023 lati,
2640 2970 3004 3014 recensentur
3088 2962 3139 3013 in
3203 2960 3478 3027 Catalogis
3553 2960 4024 3028 Aquileiensibus.

2453 3052 2671 3105 Primus
2740 3052 3039 3105 Teutimaro
3102 3053 3375 3106 successit
3444 3062 3565 3121 post
3635 3068 3839 3104 annum
3896 3052 4025 3110 835.

2454 3149 2706 3210 rexitque
2761 3145 3061 3198 Ecclesium
3108 3145 3211 3197 sub
3261 3145 3540 3199 Ludovico
3584 3146 3621 3198 II
3656 3160 3779 3212 rege
3843 3155 3895 3198 et
3930 3146 4032 3196 im-

780 3270 993 3307 nccuon
1047 3253 1289 3305 Sabbato
1337 3259 1552 3314 saneto,
1590 3250 1641 3303 in
1684 3250 1915 3303 ecclesia
1964 3266 2120 3317 super
2164 3249 2349 3301 electos
2378 3262 2419 3320 ο
2455 3250 2730 3307 peratore.
2788 3236 3025 3291 Sedebat
3072 3237 3212 3289 alter
3241 3252 3389 3290 anno
3440 3236 3564 3295 9N.
3604 3238 3703 3291 sub
3753 3252 3875 3305 tege
3918 3235 4030 3288 Hu-

781 3346 1181 3397 catcchumeuos
1217 3342 1438 3394 recitari
1473 3341 1719 3404 solitum,
1768 3340 1956 3395 Grtece
1986 3340 2207 3408 quidem
2242 3354 2351 3392 ma-

783 3437 972 3497 sculis,
1007 3434 1199 3487 Latine
1252 3448 1379 3486 vero
1427 3432 1667 3492 feminis,
1701 3443 1759 3483 ut
1794 3433 2026 3485 habetur
2076 3433 2129 3484 in
2180 3431 2352 3484 altero

784 3528 981 3582 OrJine
1031 3524 1286 3587 Romano,
1336 3525 1425 3591 qui
1459 3524 1510 3575 in
1560 3522 1879 3575 Bibliotheca
1915 3520 2142 3574 Patrum
2184 3522 2354 3591 (scili-

785 3632 872 3670 ret
934 3617 1305 3685 Lugdunensi,
1364 3624 1512 3667 tomo
1571 3614 1705 3679 XIII,
1763 3631 1885 3683 pag.
1939 3615 2066 3678 677)
2119 3629 2355 3668 excusus

790 3712 931 3781 typis
968 3711 1090 3762 luit.
1124 3710 1325 3762 Verum
1382 3710 1433 3760 in
1488 3708 1678 3760 Graeco
1717 3706 1978 3776 Symbolo
2032 3704 2151 3759 sine
2204 3706 2352 3773 adje-

789 3806 973 3857 ctione
1007 3802 1073 3853 de
1104 3800 1305 3869 Spiritu
1346 3810 1528 3851 sancto
1562 3799 1792 3865 legitur,
1834 3799 1892 3847 τὸ
1923 3800 1983 3848 ὲκ
2015 3796 2226 3863 Πατρδς
2262 3797 2354 3845 ἐκ·

793 3895 1194 3963 πορευόμενυν;
1233 3891 1285 3943 in
1318 3890 1511 3942 Latino
1546 3904 1695 3951 vero,
1735 3888 1822 3956 qui
1868 3902 1931 3938 ea:
1975 3886 2137 3938 Patre
2191 3882 2356 3936 Filio-

791 4000 890 4053 que
922 3984 1176 4053 procedit.
1224 3980 1378 4045 Quod
1416 3979 1713 4031 discrimen
1746 3977 2064 4031 Latinorunt
2098 3976 2356 4029 librario-

794 4090 915 4127 rum
954 4072 1261 4125 oscitantize
1292 4069 1517 4122 attribui
1556 4069 1766 4135 possit:
1794 4068 1895 4121 nisi
1923 4068 2103 4121 forsan
2133 4066 2360 4136 Symbo-

792 4168 904 4220 lum
958 4166 1295 4225 Graecorum,
1352 4170 1411 4213 ut
1459 4176 1486 4213 a
1545 4159 1803 4212 secundae
1852 4160 2043 4229 synodi
2101 4158 2359 4212 Patribus

2454 3346 2592 3400 gone
2669 3341 2725 3384 et
2770 3329 3033 3383 Lotbario
3084 3329 3194 3382 tilio
3244 3328 3383 3394 ejus.
3420 3329 3653 3394 Quinam
3694 3344 4031 3383 memoratus

2457 3426 2510 3478 in
2542 3424 2735 3478 codice
2789 3433 2978 3477 nostro
3016 3422 3125 3475 diei
3158 3422 3357 3475 debeat
3386 3420 3555 3489 Lupo,
3588 3437 3654 3474 an
3690 3423 3923 3490 primus,
3960 3437 4031 3473 an

2457 3520 2620 3581 alter,
2672 3532 2777 3569 non
2825 3525 3060 3569 constat.
3115 3514 3172 3568 Id
3234 3531 3367 3568 vero
3420 3527 3808 3584 compertum,
3862 3515 4032 3569 ritum

2462 3610 2850 3663 Scrutiniorum
2884 3625 2951 3661 eo
2978 3608 3228 3661 exhiberi
3271 3608 3325 3659 in
3368 3608 3580 3672 codice,
3623 3610 3716 3677 qui
3749 3624 3894 3663 nono
3932 3625 4034 3662 sce-

2457 3704 2579 3757 culo
2619 3712 2711 3755 aut
2749 3702 2961 3755 decimo
3018 3702 3069 3754 in
3120 3717 3222 3755 usu
3269 3712 3384 3754 erat
3432 3702 3573 3769 apud
3630 3702 4031 3771 Aquileienses.

2459 3795 2830 3865 Apostolicum
2858 3794 3172 3864 Symbolum
3204 3808 3363 3862 porro
3392 3794 3583 3847 electis
3610 3795 4031 3848 catechumenis

2462 3886 2744 3949 traditum,
2783 3885 2943 3938 docet
3007 3885 3217 3937 codex:
3259 3884 3548 3953 eidemque
3594 3884 3854 3953 Symbolo
3890 3900 4032 3952 pra:-

2462 3978 2564 4031 fata
2600 3977 2893 4045 explicatio
2934 3976 3301 4045 subjungitur.
3356 3975 3517 4029 Ilitus
3558 3976 3781 4046 hujusce
3816 3986 4033 4046 partem

2460 4074 2667 4139 accipe,
2724 4085 2843 4139 quae
2888 4070 3155 4138 sequitur.

2538 4178 2557 4210 ι
2573 4160 2767 4229 Incipit
2804 4162 3046 4228 pra'futio
3068 4159 3321 4230 Symboli.
3346 4162 3635 4230 Antequam
3653 4164 3795 4214 dicas
3814 4160 4045 4231 Symbo-

793 4258 1001 4311 eclitum
1048 4266 1188 4317 erat,
1230 4255 1297 4306 ab
1350 4253 1499 4306 omni
1549 4254 1924 4305 additamento
1976 4267 2201 4320 purum,
2254 4251 2358 4303 Ro-

798 4346 943 4400 mani
993 4344 1324 4397 servandum
1374 4342 1693 4395 censuerint
1741 4357 1756 4396 :
1802 4355 1927 4393 cum
1981 4340 2202 4392 interim
2241 4342 2362 4407 ejus

2463 4255 2589 4316 tum,
2609 4253 2685 4305 his
2713 4253 2875 4305 verbis
2898 4268 3207 4321 prosequere
3225 4269 3243 4305 :
3261 4253 3603 4307 Dilectissimi
3630 4252 3789 4307 nobis
3809 4254 3860 4305 in
3878 4252 4051 4307 Chri-

2463 4357 2571 4405 διο.
2602 4355 2711 4399 etc.
2762 4344 2885 4396 Post
2914 4346 3023 4397 hac
3049 4346 3307 4407 accipiens
3341 4344 3611 4413 acolythus
3640 4361 3799 4396 unum
3828 4361 3888 4396 ex
3914 4348 4046 4411 ipsis

794 4438 1051 4491 Latinam
1090 4433 1503 4486 translationem
1555 4448 1660 4483 una
1712 4432 1901 4484 vocula
1951 4431 2139 4499 augeri
2202 4446 2360 4500 posse
2464 4437 2749 4505 infantibus
2768 4437 3081 4499 masculum,
3109 4448 3287 4489 tenens
3322 4439 3373 4489 in
3397 4439 3619 4489 sinistro
3653 4439 3881 4499 brachio,
3953 4456 4049 4501 po-

796 4532 1021 4584 minime
1083 4529 1426 4581 dubitarent.
1493 4526 1651 4591 Quod
1719 4537 1899 4579 tamen
1964 4526 2170 4579 dudum
2237 4535 2362 4593 post
2465 4530 2632 4581 nenda
2665 4544 2879 4579 manum
2899 4543 3052 4596 super
3075 4536 3231 4592 caput
3260 4529 3371 4596 ejus
3395 4544 3414 4581 :
3438 4538 3483 4579 et
3512 4530 3793 4597 interroget
3827 4532 4051 4599 presby-

794 4624 1000 4677 Leonis
1029 4621 1091 4674 llI
1119 4632 1363 4689 tempora
1398 4620 1600 4672 factum
1636 4623 1761 4671 erit.
1788 4618 2111 4685 Quanquam
2143 4619 2367 4671 minime
2401 4612 2445 4666 1)
2475 4633 2550 4674 ter
2584 4634 2601 4671 :
2630 4619 2746 4685 Qua
2782 4620 2964 4686 lingua
2995 4622 3328 4673 conﬁtentur
3357 4619 3645 4672 Dominum
3675 4621 3857 4675 Jesum
3881 4622 4055 4674 Chri-

800 4714 1241 4783 pratermittam,
1272 4710 1519 4764 ordinem
1552 4711 1696 4762 hunc
1738 4710 2040 4761 Romanum
2072 4708 2145 4761 De
2172 4710 2358 4760 divinis
2464 4711 2641 4764 stum?
2660 4709 2948 4778 Respondet
2970 4710 3260 4778 acolythus.
3280 4709 3489 4762 Latina.
3510 4708 3574 4761 Et
3588 4711 3725 4762 dicat
3744 4716 4015 4779 presbyter
4034 4726 4053 4762 :

799 4801 978 4869 oﬂiciis
1043 4800 1108 4853 ad
1160 4814 1292 4851 usus
1338 4809 1391 4850 et
1429 4814 1611 4851 mores
1641 4796 1934 4851 Gallicanae
1980 4796 2233 4851 Ecclesiae
2275 4811 2362 4849 ac-

2464 4804 2738 4858 Annuntia
2765 4802 2925 4854 ﬁdem
2960 4802 3225 4869 ipsorum,
3256 4801 3493 4869 qualiter
3527 4802 3783 4855 credunt.
3820 4802 3885 4854 Et
3956 4807 4059 4854 ιιι(

800 4894 1212 4952 commodatum
1246 4891 1436 4942 videri.
1481 4910 1497 4935 ι
1530 4890 1695 4942 Hisce
1727 4890 1828 4941 viri
1859 4888 2161 4942 doctissimi
2192 4891 2367 4941 anim-
2465 4901 2646 4946 cantat
2682 4890 2985 4961 Symbolum
3035 4908 3053 4945 ,-
3078 4890 3255 4945 Credo
3310 4893 3364 4944 in
3399 4892 3567 4944 Deum
3610 4891 3825 4945 pan-em
3859 4908 4058 4944 0mm-

803 4981 1221 5039 adversionibus
1257 4980 1390 5031 satis
1425 4978 1722 5041 evincitur,
1754 4978 1888 5030 nihil
1943 4980 2125 5031 inesse
2163 4979 2214 5031 in
2263 4980 2364 5030 hu-
2469 4994 2743 5053 potentem
2765 4980 3102 5052 (Symbolum
3130 4992 3214 5036 est
3247 4985 3663 5051 apostolorum).
3706 4985 3772 5037 Et
3794 4990 3921 5037 dum
3955 4990 4062 5037 hoc

797 5074 1037 5147 jusmodi
1088 5071 1287 5125 Ordine
1328 5070 1514 5122 solidae
1548 5069 1915 5132 auctoritatis,
1950 5084 2069 5135 qua:
2095 5079 2365 5122 vetustam
2465 5082 2665 5137 cantat,
2705 5089 2919 5125 manum
2959 5090 3112 5142 super
3133 5085 3285 5139 caput
3320 5085 3509 5127 teneat.
3555 5076 3666 5127 lloc
3690 5076 3848 5144 213
3871 5077 4061 5141 ﬁnito,

804 5165 1002 5235 probet
1035 5163 1089 5215 in
1129 5161 1366 5214 ECClesia
1410 5160 1650 5213 Romam
1684 5159 2054 5213 aCCCSSiODCm
2086 5161 2233 5214 vocis
2268 5160 2368 5213 Fi-
2468 5166 2656 5219 iterum
2678 5167 2900 5233 accipiat
2921 5166 3058 5219 alter
3078 5166 3566 5237 acolythusexipsis
3590 5171 3877 5235 infantibus
3897 5171 4065 5236 femi-

805 5260 975 5322 ltoqne
1002 5254 1066 5306 ad
1102 5252 1442 5323 Symbolum.
2471 5261 2755 5323 nam,sicut
2787 5275 2971 5328 supra.
3007 5258 3072 5311 Et
3096 5262 3377 5329 interroget
3398 5261 3663 5329 presbyter
3692 5262 3826 5312 sicut
3861 5271 4063 5314 antea.

880 5344 1120 5398 Dixerim
1156 5352 1438 5409 praetcrea,
1471 5356 1648 5408 neque
1678 5339 1994 5409 Symbolum
2028 5341 2206 5408 ipsum
2231 5340 2367 5395 Con-
2474 5347 2541 5400 ει

2474 5347 2541 5400 Et
2578 5350 2685 5415 ipse
2731 5350 2998 5417 acolythus
3033 5360 3206 5402 cantet
3237 5348 3563 5418 Symbolum,
3626 5359 3684 5403 ut
3715 5368 3875 5415 supra
3922 5354 4069 5403 scri-

806 5434 1344 5500 stantinopolitanum
1380 5431 1519 5483 tradi
1560 5432 1753 5483 electis
1797 5432 2153 5485 consuevisse
2189 5432 2241 5483 in
2276 5431 2371 5485 Ec—
2475 5448 2619 5509 ptum
2650 5450 2746 5493 est.
2771 5440 2886 5494 Hoc
2932 5441 3156 5509 expleto,
3194 5443 3426 5508 sequitur
3453 5443 3717 5510 presbyter
3740 5444 3819 5493 his
3846 5450 4025 5494 rerbts
4056 5458 4069 5470 ·

807 5530 973 5582 clesia
1008 5526 1277 5583 Romana,
1327 5524 1420 5576 sed
1455 5523 1687 5589 simplex
1733 5537 1797 5575 ac
1847 5537 2042 5587 purum
2092 5524 2373 5589 vulgatum

2168 5524 2373 5589 Isatum
2476 5532 2594 5585 Filii
2645 5533 2980 5596 charissimi,
3020 5534 3251 5587 audistis
3280 5548 3464 5586 vocem
3500 5532 3696 5593 Patris,
3726 5544 3830 5587 etc.

812 5617 1176 5686 apostolicum.
1217 5614 1270 5666 Id
1314 5614 1493 5681 colligi
1527 5628 1685 5681 posse
1717 5628 1782 5664 ex
1816 5611 1993 5677 brevi,
2025 5629 2146 5679 quae
2193 5615 2378 5681 sequi-
2554 5638 2572 5671 ι
2621 5619 2687 5673 Et
2742 5624 3030 5674 αηηιιηιίαι
3078 5623 3367 5685 diaconus,
3414 5622 3622 5673 dicem;
3676 5621 3894 5689 533mm
3960 5636 4071 5673 νο.

810 5722 921 5771 ιιιν.
957 5709 1114 5775 212
1163 5706 1355 5758 “idem
1404 5706 1459 5757 ίιι
1508 5705 1693 5755 ονάίηε
1742 5704 2085 5771 ειροείιίοηε
2135 5704 2374 5773 Symboli
2478 5728 2689 5777 omnes,
2716 5722 2769 5765 et
2799 5713 2985 5767 audite
3018 5712 3360 5783 Symbolum.
3398 5714 3463 5767 Et
3490 5716 3664 5767 dicunt
3706 5714 3914 5765 excelsa
3936 5728 4071 5763 race

811 5802 943 5854 mibi
978 5801 1193 5851 videtur
1228 5816 1238 5850 :
1275 5798 1326 5849 in
1383 5811 1486 5862 qua
1520 5795 1765 5864 ejusdem
1797 5794 2086 5861 apostolici
2138 5794 2376 5862 Symboli
2481 5806 2784 5874 presbyter,
2841 5814 2885 5855 et
2942 5806 3190 5857 diaconus
3264 5816 3311 5858 et
3371 5808 3505 5859 idem
3566 5807 3747 5873 repetit
3814 5806 4017 5855 chorus
4051 5819 4073 5856 :

816 5903 1024 5948 tantum
1073 5892 1235 5945 verba
1298 5890 1526 5944 indicari
1576 5889 1872 5943 videntur:
1915 5906 1932 5938 ι
1985 5886 2108 5941 Περ
2164 5902 2378 5943 summa
2482 5892 2659 5946 Credo
2722 5890 2774 5944 in
2836 5892 3003 5946 Deum
3060 5892 3359 5950 Patrem“
3400 5936 3414 5949 ,
3459 5935 3469 5952 ,
3533 5896 3696 5950 {nam
3760 5902 4072 5948 uernam,
