4216 6438
209 418 324 484 209

1364 430 1558 491 VlTA.
1601 456 1664 465 —
1711 431 2215 492 DISSERTATIO
2257 437 2336 494 ll.

3360 442 3463 501 210

213 542 391 590 Amen
453 538 793 608 (Symbolum
835 551 918 593 est
976 542 1348 608 apostolorum
1378 563 1388 595 :
1443 545 1587 612 quod
1623 546 1786 596 etiam
1823 553 1859 604 Α
1893 549 2099 600 verbis:
2131 548 2253 601 lltec
2288 564 2496 602 sntnma
2546 556 2626 602 est
2653 551 2773 602 fidei
2827 560 3051 611 nostrae,
3095 552 3460 607 dilectissimi.

209 628 490 693 integrum
534 630 876 698 exponitur).
941 629 1182 699 Sequitur
1239 635 1490 700 expositio
1525 632 1787 702 Symboli.

210 719 381 771 Credo
419 722 471 772 in
505 720 669 774 Deum
691 720 908 774 Patrem
933 728 1358 791 omnipotentem.
1395 725 1450 779 Si
1483 726 1788 786 credidisti,

213 806 327 858 noli
356 806 779 862 dubitare.Noli
813 810 992 864 facere
1016 811 1082 864 de
1115 813 1438 869 credulitate
1478 815 1786 883 perfidiam.

213 896 334 948 Noli
372 899 570 949 vitium
607 899 815 952 sociare
841 901 1045 954 virtuti.
1076 901 1267 956 Dixisti
1295 923 1306 955 :
1340 903 1507 957 Credo
1541 906 1593 956 in
1628 904 1791 956 Deum

212 989 456 1040 Patrem.
499 990 553 1040 In
589 1006 753 1043 unum
797 991 964 1044 Deum
993 1003 1156 1045 lotam
1189 994 1480 1049 confessus
1525 1012 1583 1048 es
1609 997 1791 1048 Trini-

214 1089 408 1131 tatem.
480 1079 550 1132 Et
598 1082 652 1132 in
713 1081 893 1134 Iesum
951 1082 1235 1138 Christum.
1296 1084 1457 1138 Jesus
1518 1083 1788 1148 Salvator,

217 1169 484 1222 Chiistus
542 1181 740 1225 unctus
810 1175 1035 1243 mystice
1087 1185 1460 1244 nuncupatur.
1539 1177 1792 1232 Salvator

213 1261 448 1322 dicitur,
477 1263 608 1329 quia
641 1265 755 1331 ipse
783 1280 894 1318 suae
923 1266 1168 1321 Salvator
1203 1269 1377 1321 factus
1396 1280 1480 1321 est
1504 1281 1791 1323 creatum.

211 1351 370 1401 Sicut
428 1353 594 1404 etiam
625 1368 779 1420 reges
809 1355 955 1417 oleo,
1007 1356 1078 1409 ita
1113 1358 1448 1425 plenitudine
1474 1369 1557 1413 est
1592 1361 1794 1413 divini-

213 1439 338 1491 tatis
367 1439 606 1494 infusus.
630 1439 829 1496 Filium
854 1447 967 1514 ejus
987 1449 1194 1498 unicum
1227 1447 1506 1502 Dominum
1533 1461 1792 1504 nostrum.

213 1530 354 1593 Quia
423 1547 548 1585 esse
587 1532 705 1598 filii,
737 1549 860 1590 esse
921 1537 1127 1592 domini
1187 1549 1520 1609 acceperunt
1569 1543 1658 1594 alii
1696 1557 1795 1610 per

210 1622 491 1688 gratiam:
545 1624 662 1692 ipse
726 1635 953 1689 autem,
1032 1629 1175 1695 quod
1237 1639 1323 1683 est
1385 1631 1577 1693 Filius,
1647 1631 1792 1699 quod

210 1723 295 1763 est
363 1714 670 1781 Dominus,
707 1718 810 1772 hoc
853 1733 1007 1772 suam
1083 1721 1322 1788 possidet
1367 1737 1464 1790 per
1523 1733 1793 1775 naturam.

213 1802 320 1865 Qui
387 1815 550 1859 natus
609 1817 686 1860 est
743 1810 804 1862 de
861 1809 1064 1878 Spiritu
1114 1822 1299 1865 sancto
1357 1828 1421 1864 ex
1457 1811 1633 1865 Maria
1675 1812 1794 1866 Vir-

209 1898 351 1964 gine.
389 1898 559 1968 Virgo
608 1911 665 1953 et
715 1901 954 1970 Spiritus
1004 1915 1225 1958 sanctus
1253 1906 1641 1966 commercium
1681 1905 1793 1957 vir-

212 1989 346 2040 tutis
412 1998 497 2041 est
533 1991 755 2046 cteleste
802 1996 1142 2047 consortium
1189 1996 1499 2063 imajestatis
1557 1996 1796 2064 insigne.

209 2081 366 2144 Quod
399 2097 535 2150 ergo
563 2093 785 2151 generat
819 2085 1004 2155 Virgo,
1036 2087 1279 2140 divinum
1320 2096 1424 2151 est,
1457 2103 1565 2141 non
1599 2087 1794 2139 buma-

213 2189 369 2226 nmn.
401 2174 638 2228 Mundus
661 2191 766 2229 non
787 2183 951 2245 capit,
979 2180 1118 2232 ratio
1137 2196 1242 2232 non
1266 2181 1456 2234 habet:
1482 2181 1622 2248 sapit
1641 2179 1794 2243 fides,

215 2279 322 2315 non
349 2264 497 2332 sapit
529 2268 712 2320 saeculi
741 2269 1053 2338 inquisitor.
1091 2272 1330 2324 Dicitur:
1361 2270 1467 2325 Sub
1489 2271 1678 2326 Pontio
1707 2270 1795 2323 Pi-

212 2357 320 2408 luto
354 2358 645 2423 cruciﬁxus
684 2373 782 2424 est,
810 2372 858 2413 et
888 2363 1140 2429 sepultus.
1179 2363 1390 2418 Audisti
1425 2380 1617 2418 nomen
1647 2365 1797 2433 judi-

213 2450 310 2508 cis,
347 2467 416 2502 ne
454 2462 675 2519 tempus
700 2455 1099 2521 persecutionis
1147 2455 1381 2524 ignores.
1432 2457 1642 2512 Audisti
1673 2473 1796 2510 eru-

217 2542 468 2602 cifitum,
540 2555 600 2595 ut
639 2545 780 2596 scias
871 2548 1039 2599 vitam
1114 2549 1337 2602 rediisse
1407 2566 1507 2617 per
1564 2550 1797 2618 lignum.

216 2638 438 2690 Audisti
460 2640 763 2704 sepultum,
793 2657 858 2693 ne
889 2654 1120 2694 mortem
1154 2643 1583 2710 pcrfunctoriam
1616 2648 1797 2714 suspi-

213 2732 380 2782 ceris.
419 2730 650 2782 Mortem
703 2731 906 2800 fugisse
934 2734 1150 2786 timoris
1198 2744 1302 2796 est,
1331 2736 1529 2790 vicisse
1557 2737 1794 2791 virtutis.

227 2821 410 2872 Tertia
437 2823 524 2873 die
551 2825 838 2876 resurrexit
876 2826 1050 2877 vivens
1103 2843 1133 2877 a
1191 2829 1426 2880 mortuis.
1465 2828 1600 2891 Quia
1651 2830 1795 2896 quod

218 2930 414 2982 passus
446 2925 559 2977 est,
581 2917 751 2969 sol'us
775 2927 857 2970 est
879 2919 1094 2982 carnis;
1122 2919 1264 2987 quod
1287 2921 1600 2983 resurrexit,
1636 2923 1800 2978 totius

215 3006 390 3067 gloria
446 3004 761 3061 Trinitatis.
817 3009 1061 3062 Ascendit
1110 3012 1162 3063 in
1193 3011 1402 3064 artum.
1447 3011 1553 3064 Nos
1596 3011 1796 3075 ferens,

216 3115 324 3151 non
361 3115 422 3151 se
455 3099 727 3161 referens,
769 3117 862 3168 qut
896 3115 1001 3152 non
1056 3101 1242 3154 deerat
1300 3101 1458 3155 caelo.
1518 3103 1671 3155 Sedet
1728 3104 1797 3154 ad

1897 641 2023 693 Ilarc
2060 639 2224 691 verba
2257 650 2383 691 sunt
2417 639 2682 710 Sytnlioli,
2716 660 2732 691 ι
2773 652 2879 695 etc.
2914 643 3110 695 Eadem
3136 653 3216 696 est
3252 649 3464 711 exposi-

1895 733 1987 789 tio,
2020 740 2180 798 prout
2215 731 2266 781 in
2302 732 2498 782 Ordine
2525 732 2758 784 Romano
2791 733 3021 799 legitur:
3059 749 3181 800 qua:
3217 735 3463 801 superio-

1896 839 2008 875 rem
2067 821 2307 889 Symboli
2347 824 2638 889 apostolici,
2705 839 2810 875 non
2865 823 3463 892 Constantinopolitani,

1892 913 2286 980 espositionem
2314 914 2639 981 compendio
2690 915 2970 968 collectam
3003 916 3250 969 exhibet.

1965 1000 2167 1052 Praucr
2228 1000 2466 1054 Ordines
2517 1002 2807 1061 Romanos,
2860 1003 3069 1056 editum
3124 1004 3356 1057 alterum
3389 1007 3462 1057 ab

1896 1089 2184 1158 llittorpio.
2234 1094 2574 1158 alterumque
2621 1106 2648 1142 a
2710 1090 3050 1152 Mabillonio.
3097 1109 3247 1145 num.
3291 1096 3342 1152 7,
3398 1094 3453 1144 in

1895 1181 2096 1250 quibus
2149 1183 2410 1236 traditum
2465 1183 2876 1236 catechumenis
2901 1183 3103 1251 legitur
3140 1184 3461 1251 Symbolum

1897 1273 2578 1342 ConstantinOpolitanum;
2641 1275 2956 1343 Symbolum
2995 1275 3121 1328 item
3176 1276 3358 1329 Graece
3410 1287 3466 1328 et

1898 1367 2087 1420 Latine
2116 1377 2327 1435 prostat
2364 1369 2415 1420 in
2450 1367 2888 1421 Sacrainentario
2935 1369 3251 1430 Gelasiano,
3309 1384 3462 1421 num.

1897 1459 1986 1517 55.
2020 1459 2165 1527 apud
2203 1459 2561 1511 Muratorium
2599 1458 2651 1510 in
2679 1457 2918 1528 Liturgia
2972 1460 3215 1512 Romana
3270 1460 3463 1521 veteri.

1899 1559 2046 1603 tonio
2082 1550 2124 1603 I.
2152 1551 2218 1601 At
2242 1551 2424 1604 brevis
2456 1550 2544 1603 illa
2567 1551 2814 1604 occurrit
2873 1549 3162 1618 expositio,
3197 1566 3318 1618 qua:
3375 1565 3466 1617 po-

1900 1642 2007 1696 tius
2031 1640 2367 1707 apostolicum
2399 1639 2600 1695 indicat
2626 1641 2947 1710 Symbolum
2989 1658 3002 1692 :
3030 1655 3092 1694 ac
3123 1642 3178 1694 in
3231 1652 3466 1707 utroque

1900 1743 2182 1802 pra'terea,
2206 1732 2396 1787 Grieco
2445 1741 2502 1785 et
2537 1729 2750 1795 Latino,
2787 1748 2888 1785 vox
2924 1730 3167 1802 Filioque
3195 1732 3465 1786 desidera-

1904 1834 2012 1876 tur.
2048 1822 2311 1890 Scriptum
2338 1823 2582 1876 codicem
2613 1823 2664 1874 in
2694 1821 2947 1885 Francia,
2990 1839 3088 1891 pro
3123 1834 3275 1878 certo
3308 1823 3464 1876 habet

1901 1913 2099 1980 Joseph
2161 1912 2326 1964 Maria
2384 1911 2730 1976 Thomasius,
2798 1913 2891 1981 qui
2960 1914 3463 1966 Sacramentarium

1902 2004 2045 2058 istud
2109 2002 2449 2057 Gelasianum
2514 2004 2723 2072 primus
2785 2006 3063 2074 vulgavit:
3123 2005 3305 2075 ibique
3367 2023 3463 2074 pro

1902 2111 2054 2149 more
2103 2095 2394 2149 Gallicana:
2451 2096 2684 2162 alicujus
2754 2097 3008 2150 Ecclesia:
3073 2098 3463 2165 interpolatum

1899 2189 2090 2254 fuisse,
2120 2190 2251 2242 nihil
2274 2205 2374 2258 ego
2415 2188 2798 2243 dubitaverim.
2827 2189 3204 2244 Christianum
3249 2190 3462 2260 Lupum

1901 2297 2122 2350 sequor,
2176 2281 2265 2348 qui
2321 2282 2373 2334 in
2419 2281 2806 2334 dissertatione
2836 2281 2902 2335 de
2953 2279 3210 2351 Symbolo
3249 2291 3465 2350 aposto-

1903 2374 2006 2427 lico
2051 2383 2104 2427 et
2138 2373 2377 2431 Niczeno,
2409 2372 2584 2439 capite
2607 2371 2660 2434 3,
2694 2372 2998 2439 quaestione
3033 2372 3086 2438 ὅ,
3139 2373 3221 2426 sic
3265 2373 3462 2425 habet:

1908 2491 1923 2522 ε
1963 2469 2282 2536 Ite-spondeo
2325 2466 2631 2536 Imjusmodi
2665 2464 2882 2519 Ordines
2930 2482 3038 2519 non
3075 2481 3197 2518 esse
3227 2481 3352 2519 vcre
3399 2481 3463 2519 ac

1902 2576 2034 2628 pure
2071 2558 2366 2620 Romanos,
2395 2557 2487 2610 sed
2516 2557 2698 2608 nmltis
2724 2555 3053 2609 Francorum
3083 2555 3467 2608 additamentis

1903 2653 2319 2706 transformatos
2349 2690 2361 2703 .
2404 2687 2419 2701 .
2451 2690 2464 2703 .
2506 2650 2848 2718 QuaprOpter
2901 2665 3007 2702 non
3083 2657 3209 2703 sunt
3274 2648 3468 2701 Carolo

1903 2744 2095 2813 Magno
2148 2743 2504 2810 antiquiores.
2569 2740 2682 2795 Sub
2716 2742 2861 2796 illius
2907 2743 3054 2796 enim
3085 2743 3314 2810 imperio
3376 2753 3465 2794 ant

1905 2848 2070 2901 regno
2130 2834 2457 2886 Francorum
2516 2833 2756 2900 cpisc0pi
2803 2841 3091 2896 cmperunt
3149 2832 3468 2902 Symbolum

1902 2936 2118 2980 cantare
2174 2925 2240 2978 ad
2309 2925 2550 2986 missam,
2582 2932 2636 2977 et
2685 2923 2782 2992 ipsi
2829 2923 3071 2978 inserere
3117 2923 3249 2976 illud
3282 2923 3468 2991 llispa-

1905 3019 2087 3071 nicum
2125 3019 2297 3085 (vocis
2338 3015 2598 3084 Filioque)
2633 3015 3095 3069 additamentum.
3163 3015 3351 3084 Neque
3385 3025 3466 3068 la-

1906 3124 2027 3160 men
2065 3107 2408 3175 baptizarunt
2432 3106 2483 3158 in
2518 3106 2608 3158 illo
2629 3105 2908 3175 Symbolo.
2951 3104 3120 3158 Lucet
3151 3119 3217 3158 ex
3280 3105 3467 3168 hujus-

216 3193 497 3242 dexteram
564 3191 765 3244 Patris.
832 3191 1029 3244 Totum
1070 3193 1306 3246 tenendo
1336 3193 1479 3261 quod
1511 3196 1797 3262 potestatis
1829 3232 1870 3285 ρ
1906 3197 2329 3250 modiOrdinum
2365 3196 2564 3248 ibidem
2597 3196 2662 3248 ad
2681 3196 3104 3248 catechumenos
3124 3193 3325 3256 verbis,
3348 3209 3468 3262 qua:

213 3295 295 3336 est
330 3293 387 3335 et
421 3283 674 3336 honoris.
711 3283 840 3336 Inde
882 3292 1127 3336 venturus
1159 3296 1231 3338 est
1276 3286 1521 3354 judicare
1546 3289 1686 3338 vivos
1745 3296 1793 3338 et

223 3387 484 3427 mortuos.
530 3373 680 3438 Quos
714 3385 809 3428 aut
843 3376 1022 3428 mittat
1061 3375 1125 3428 ad
1159 3377 1407 3445 gloriam,
1437 3386 1534 3430 aut
1576 3377 1797 3432 damnet

213 3469 277 3519 ad
313 3483 562 3536 partam.
603 3466 773 3520 Credo
806 3469 858 3518 in
887 3465 1140 3536 Spiritum
1181 3479 1448 3521 sanctum.
1503 3468 1654 3522 Sicut
1680 3487 1796 3524 crc-

216 3562 403 3612 dimus
458 3561 514 3613 in
558 3560 724 3612 Deum
763 3560 1000 3622 Patrem,
1035 3563 1104 3614 ita
1128 3563 1406 3616 credimus
1434 3564 1486 3616 in
1524 3563 1791 3633 Spiritum

217 3669 495 3706 sanetum.
530 3651 769 3719 Spiritus
799 3661 1018 3707 sanctus
1067 3656 1338 3722 quomodo
1380 3658 1659 3724 putabitur
1692 3659 1798 3709 mi-

225 3761 322 3797 nor
346 3761 473 3797 esse
511 3744 800 3798 divinitate
830 3744 852 3796 ‘.’
886 3744 1120 3811 Patrem,
1189 3759 1244 3801 et
1280 3748 1473 3801 Filium
1523 3759 1577 3801 et
1627 3749 1798 3817 Spiri-

222 3847 334 3887 tum
371 3846 626 3887 sanetum
659 3835 1031 3889 manifestatos
1079 3837 1377 3902 vocabulis,
1434 3853 1542 3891 non
1601 3839 1804 3891 divisos

222 3928 531 3980 substantia
557 3927 857 3979 sentiamus
896 3945 906 3979 :
939 3938 991 3981 et
1049 3927 1316 3996 perfectos
1365 3931 1635 3997 personis,
1695 3945 1800 3984 non

222 4023 532 4074 minoratos
583 4020 777 4074 ordine
832 4020 1123 4075 fateamur.
1180 4022 1428 4076 Sanctam
1515 4022 1803 4076 Ecclesiam

224 4114 570 4164 catholicam.
617 4111 760 4176 Quia
793 4113 905 4181 ipsa
934 4123 1016 4166 est
1047 4127 1244 4180 corpus
1267 4111 1492 4177 Christi,
1523 4124 1578 4167 et
1634 4115 1806 4180 ipsius

221 4214 386 4271 caput
422 4213 511 4258 est
541 4203 814 4259 Christus.
849 4204 1127 4258 Christum
1151 4219 1278 4272 ergo
1310 4205 1367 4257 in
1398 4213 1584 4258 sancta
1615 4205 1803 4260 Eccle-

223 4301 295 4349 sia
323 4296 680 4350 conﬁtemur.
714 4296 876 4367 214
904 4297 1272 4350 Remissionem
1326 4305 1672 4363 peccatorum.
1703 4297 1805 4362 Qui

227 4392 323 4443 sibi
356 4391 542 4443 credit
571 4389 690 4443 dari
725 4405 953 4458 regnum
971 4391 1118 4450 caeli.
1170 4390 1442 4459 quomodo
1473 4390 1576 4443 sibi
1603 4389 1806 4444 dimitti

228 4493 448 4548 peccata
486 4496 600 4535 non
634 4482 818 4536 credat
842 4481 1432 4538 ?leuminnocentes
1465 4483 1802 4550 recipit,non

1903 3291 1955 3342 in
1993 3287 2326 3356 Aquileiensi
2349 3289 2509 3338 etiam
2541 3287 2644 3337 ritu
2682 3285 2954 3337 habentur
2995 3302 3006 3337 :
3041 3283 3265 3336 [utentis
3291 3284 3468 3351 itaque

1901 3381 2092 3434 animis
2130 3377 2434 3449 Symbolum
2458 3377 2675 3430 discite:
2698 3385 2745 3428 et
2781 3377 2918 3443 quod
2950 3377 3086 3428 vobis
3121 3378 3249 3429 sicut
3308 3393 3455 3427 acce~

1899 3475 2089 3541 pimus,
2125 3472 2405 3533 tradimus,
2459 3485 2558 3520 non
2599 3467 2758 3521 alicui
2786 3468 3020 3520 materia:
3052 3483 3167 3535 qua:
3197 3467 3463 3533 corrumpi

1901 3575 2085 3632 potest,
2115 3563 2274 3634 215
2304 3564 2393 3616 sed
2421 3563 2623 3632 paginis
2652 3563 2806 3613 vestri
2846 3561 3013 3612 cordis
3065 3559 3355 3610 inscribite.
3402 3558 3468 3610 At

1901 3657 2174 3726 quodnam
2265 3656 2366 3708 hoc
2432 3653 2795 3722 Symbolum?
2857 3650 3156 3719 Evangelici
3230 3650 3466 3718 Symboli

1900 3757 2284 3802 sacramentum
2342 3764 2373 3798 a
2433 3745 2655 3798 Domino
2699 3745 3036 3809 inspiratam,
3100 3741 3162 3793 ab
3223 3742 3467 3808 apostolis

1903 3841 2219 3891 institutum.
2246 3837 2406 3904 Cujus
2423 3853 2589 3905 pauca
2610 3835 2815 3902 quidem
2837 3833 2986 3886 verba
3003 3842 3141 3896 sunt,
3164 3833 3255 3884 sed
3279 3847 3470 3898 magna

1907 3931 2174 3999 mysteria.
2217 3928 2446 3980 Sanctus
2468 3928 2604 3978 enim
2640 3923 2889 3994 Spiritus,
2927 3924 3015 3991 qui
3056 3924 3321 3992 magistris
3367 3921 3468 3973 Ec-

1905 4022 2074 4074 clesia:
2118 4022 2221 4072 ista
2277 4020 2512 4074 dictavit.
2582 4017 2676 4068 tali
2734 4016 2960 4082 eloquio,
2996 4013 3193 4081 talique
3223 4014 3472 4064 brevitate

1905 4111 2244 4178 salutiferam
2277 4111 2506 4162 condidit
2537 4107 2711 4175 ﬁdem,
2745 4115 2796 4158 ut
2827 4106 2964 4176 quod
2993 4107 3308 4158 credendam
3337 4107 3471 4157 vobis

1907 4217 2002 4269 est,
2034 4219 2333 4271 semperque
2360 4201 2734 4270 proﬁtendum,
2763 4215 2853 4251 nec
2882 4195 3287 4267 intelligentiam
3312 4198 3476 4263 possit

1910 4298 2096 4354 latere,
2155 4311 2246 4347 nec
2301 4294 2605 4345 memoriam
2665 4292 2907 4359 fatigare.
2977 4289 3154 4341 l'alam
3219 4289 3473 4340 laudatur

1910 4387 2253 4453 apostolicum
2289 4385 2634 4456 Symbolum,
2689 4384 3095 4446 allirmaturque
3149 4390 3376 4433 cunctos
3420 4381 3472 4432 in

1913 4479 2029 4545 ipso
2052 4477 2336 4546 baptizari.
2371 4474 2955 4541 (Animadvertendum
3008 4474 3109 4540 est)
3167 4473 3474 4525 Constanti-

228 4586 518 4626 nocemcs.
547 4572 832 4627 Credimus
881 4575 1048 4633 enim,
1077 4575 1233 4627 nobis
1273 4576 1456 4628 omnia
1479 4573 1804 4628 remittenda
1834 4569 1883 4628 D
1912 4567 2276 4635 nopolitanum
2313 4563 2630 4635 Symbolum
2666 4581 2772 4616 non
2809 4581 2900 4629 per
2955 4564 3091 4632 ipsos
3121 4562 3478 4615 catechume-

224 4681 341 4717 t'SSC
365 4672 596 4733 peccata
624 4683 637 4727 ;
675 4667 795 4732 quia
824 4665 926 4719 nisi
952 4665 1346 4730 sancti,sancta
1373 4682 1479 4720 non
1515 4682 1805 4736 possumus

228 4754 543 4821 possidete.
596 4752 782 4808 Carnis
834 4758 1283 4808 resurrectionem.
1351 4756 1620 4825 Resurget
1678 4772 1808 4827 ergo

228 4863 356 4898 caro
391 4855 609 4903 nostra,
652 4855 701 4896 ul
730 4861 846 4912 quae
885 4847 988 4898 fuit
1023 4846 1296 4915 particeps
1334 4858 1424 4899 ant
1449 4848 1688 4908 virtutis,
1719 4857 1811 4900 aut

223 4939 498 4997 criminis,
531 4935 613 4988 vel
645 4936 847 5003 praemii
877 4937 1147 5005 particeps
1175 4950 1292 4990 esse
1313 4939 1483 5005 possit
1507 4938 1586 4989 vel
1613 4953 1806 5007 poenie.

224 5029 524 5082 Credimus
558 5035 610 5080 et
631 5027 788 5078 vitam
820 5036 1093 5079 aeternam.
1122 5027 1258 5091 Quia
1291 5028 1453 5081 homo
1475 5039 1602 5080 tunc
1628 5030 1810 5082 vivere

229 5119 443 5188 incipit,
481 5116 709 5186 quando
731 5131 787 5169 se
813 5117 1019 5169 nesciet
1053 5117 1213 5170 mori.

301 5230 317 5260 ι
343 5211 556 5264 Iterum
593 5208 876 5259 annuntiat
902 5207 1191 5259 diaconus:
1224 5208 1447 5276 Signate
1475 5223 1570 5261 vos
1589 5223 1806 5272 omnes,

223 5313 274 5356 et
305 5303 480 5356 dicite
515 5299 858 5370 Symbolum.
885 5297 952 5350 Et
979 5298 1144 5350 dicent
1181 5298 1507 5368 Symbolum,
1545 5310 1597 5351 ut
1629 5318 1813 5369 supra,

222 5395 399 5447 Credo
436 5397 491 5446 in
529 5388 724 5444 Deum.
755 5390 1030 5452 (Occurrit
1067 5406 1280 5459 semper
1306 5391 1623 5460 Symbolum
1685 5395 1817 5444 sim-

228 5487 342 5552 plex
373 5481 792 5551 apostolicum.)
817 5481 882 5534 Et
924 5488 1114 5534 tractat
1147 5482 1408 5549 presbyter
1465 5483 1542 5533 his
1604 5481 1812 5535 verbis:

232 5577 441 5628 Idcirco
469 5573 639 5640 hujus
675 5570 914 5641 Symboli
941 5571 1080 5624 ratio
1097 5572 1242 5624 omni
1273 5571 1537 5624 brevitate
1567 5587 1813 5625 connexa

228 5678 340 5730 est,
379 5679 489 5718 etc.
522 5663 658 5717 Item
693 5665 943 5715 diaconus
982 5665 1158 5715 dicat:
1196 5662 1415 5730 Signate
1474 5677 1570 5714 vos
1603 5680 1814 5726 omnes,

232 5776 282 5809 et
325 5759 521 5810 audite
560 5755 882 5824 Symbolum
916 5755 1167 5822 (simplex
1202 5755 1611 5822 apostolicum.)
1645 5755 1707 5806 lit
1734 5757 1814 5807 di-

238 5862 404 5902 cunt:
448 5849 636 5904 Credo
673 5849 724 5903 in
751 5847 940 5902 Deum.
1007 5846 1070 5900 Et
1141 5854 1332 5900 tractat
1405 5847 1673 5916 presbyter
1739 5851 1814 5901 liis

1912 4675 2032 4720 nos.
2058 4660 2151 4712 sed
2191 4675 2346 4726 super
2370 4656 2708 4726 ipsosjulieri
2747 4656 2824 4722 (in
2873 4655 3177 4707 Ordinibus
3208 4669 3474 4706 memora-

1911 4752 2004 4819 tis)
2043 4765 2138 4817 per
2166 4749 2480 4817 acolythum
2515 4749 2753 4801 recitari.
2780 4745 2881 4809 Qui
2914 4745 3051 4797 ritus
3092 4759 3191 4796 nec
3221 4744 3477 4813 apostoli-

1911 4859 1998 4895 cus
2020 4852 2121 4902 est,
2149 4856 2248 4893 nec
2281 4839 2569 4902 Romanus,
2624 4854 2722 4890 nec
2762 4838 3020 4904 antiquus
3065 4835 3205 4903 apud
3256 4835 3476 4887 Gallos:

1912 4934 2004 4986 sed
2049 4933 2261 4985 novilcr
2313 4931 2551 4984 indictus
2610 4945 2706 4997 per
2766 4927 3006 4980 Francos
3064 4926 3241 4995 magni
3287 4926 3468 4979 Caroli

1913 5026 2218 5094 episc0pos.
2243 5024 2325 5076 0b
2366 5021 2584 5075 easdem
2621 5035 2835 5081 causas,
2860 5034 2924 5071 ex
2951 5020 3151 5086 quibus
3185 5017 3478 5069 voluerunt

1915 5118 2120 5171 eantari
2159 5116 2226 5168 ad
2252 5116 2490 5174 missam,
2527 5113 2743 5165 recitari
2778 5112 2920 5164 istud
2944 5110 3260 5180 Symbolum
3295 5109 3478 5162 volue~

1916 5217 2043 5260 runt
2093 5221 2255 5274 super
2294 5204 2742 5257 catechumenos.
2781 5220 2797 5252 ι

1987 5295 2446 5351 Vcrisimillimum
2477 5296 2586 5363 jam
2640 5308 2787 5355 vero,
2815 5292 3061 5359 mihique
3091 5291 3202 5345 fere
3229 5305 3482 5358 comper-

1919 5399 2030 5441 tum
2067 5387 2296 5450 videtur,
2325 5385 2618 5438 Romanam
2677 5384 2971 5438 Ecclesiam
3013 5398 3186 5450 neque
3213 5382 3460 5451 Symboto

1919 5478 2516 5548 Constantinopolitano,
2534 5492 2708 5544 neque
2725 5477 2875 5529 vocis
2897 5476 3449 5545 Filioque'additatnen
3467 5503 3482 5512 -

1925 5583 1997 5631 to.
2036 5572 2146 5623 ullo
2177 5585 2414 5637 unquam
2450 5580 2882 5635 teniporc,nsam
2915 5583 3034 5620 esse
3061 5567 3113 5619 in
3146 5565 3491 5632 baptismatis

1921 5663 2418 5723 administratione;
2446 5661 2496 5713 id
2521 5670 2753 5712 attamen
2783 5659 2835 5710 in
2850 5659 3018 5711 Gallia
3053 5657 3177 5709 etin
3199 5658 3483 5709 Germana

1923 5755 2124 5806 factum
2157 5753 2431 5819 aliquibus
2468 5752 2519 5802 in
2551 5750 2830 5803 Ecclesiis.
2876 5747 3196 5801 Edmundus
3228 5746 3486 5803 Marteno.

1926 5849 2001 5902 De
2032 5847 2270 5915 Antiquis
2313 5845 2560 5898 Ecclesia:
2598 5844 2779 5895 ritibus
2817 5841 2948 5893 libro
2978 5856 3010 5905 ι,
3060 5839 3234 5908 capite
3275 5837 3323 5902 l,
3361 5846 3486 5888 astt-
