4216 6438
184 437 284 496 an

1335 442 1504 499 VlTA
1574 467 1640 475 -
1686 442 2200 500 DISSER'l'ATIO
2245 442 2321 501 ΙΙ.

3349 441 3451 502 2H.

186 567 226 601 e:
263 553 672 620 privilegionim
703 552 1112 619 subreptionem.
1143 552 1247 607 Sed
1284 553 1472 617 hocce,
1501 558 1648 623 quod
1683 558 1772 609 ad-
1811 570 1845 620 Α
1880 573 2053 607 versus
2085 572 2288 607 omnem
2321 557 2570 607 lia'rescm
2606 557 2684 622 (ut
2718 557 2791 611 ait
2821 555 3070 611 Gelasius
3098 555 3455 624 (Iyliceuus),

188 648 501 710 mittimus,
531 647 768 698 schisma
801 645 978 714 Sergii
1012 647 1100 698 diu
1133 663 1238 699 non
1270 649 1591 716 perduravit
1625 669 1632 701 :
1666 667 1773 714 quo

188 739 422 797 factum,
474 737 558 789 uti
611 736 834 791 Gracus
884 754 1186 808 auonymus
1237 751 1427 794 auctor
1479 742 1646 794 libelli
1703 741 1774 793 De

190 828 636 878 translationibus
671 829 1033 895 episcoporum
1066 836 1274 880 asserat
1309 828 1448 896 apud
1487 829 1770 882 laudatum

190 921 484 977 Allatium.
516 922 884 987 septemdecim
913 922 1265 987 patriarchas,
1296 921 1387 988 qui
1423 922 1618 974 Photio
1652 937 1775 975 suc-

191 1027 415 1064 cessere
456 1013 524 1065 ad
565 1011 910 1066 Cerularium
957 1029 1150 1081 usque,
1185 1030 1303 1064 cum
1346 1013 1502 1066 Italis
1546 1032 1776 1066 commu-

192 1105 405 1152 nionem
440 1104 704 1164 habuisse,
734 1104 1023 1165 κοινωνοὺς
1056 1099 1198 1172 εἶχον
1224 1107 1349 1165 τοὺς
1386 1107 1619 1166 Ίτάλους
1641 1123 1653 1136 ·
1693 1107 1775 1158 ni-

193 1195 398 1245 mirum
446 1193 718 1259 lgnatium
768 1195 987 1256 iterum,
1034 1193 1357 1262 Stephanum
1401 1196 1445 1257 I,
1491 1199 1775 1249 Antonium

193 1284 276 1344 II,
321 1286 610 1336 Nicolaum
645 1285 696 1344 1,
737 1285 1074 1355 Euthymium
1116 1285 1172 1347 1,
1217 1287 1499 1340 Nicolaum
1537 1290 1734 1340 iterum
1759 1329 1772 1351 ,

193 1383 530 1441 >ιιμ.·.αιιιιιιι
565 1375 638 1438 ll,
677 1379 1021 1445 Tryphonem,
1055 1377 1516 1446 Theophylactum,
1557 1378 1776 1447 l'olyeu-

193 1480 358 1526 ctum,
405 1466 670 1520 Basiliam
709 1470 757 1525 1.
795 1471 1082 1522 Antonium
1118 1469 1228 1533 HI,
1263 1471 1538 1524 Nicolaum
1576 1471 1658 1530 11,
1695 1473 1776 1522 Si-

189 1565 432 1614 sinnium
467 1562 554 1625 ll,
584 1562 822 1632 Sergium
856 1562 940 1625 11,
978 1564 1336 1622 Eustathium,
1373 1567 1638 1617 Alerinm.
1677 1565 1776 1616 Eo-

193 1669 308 1704 rum
338 1665 496 1721 gesta
562 1665 616 1706 et
642 1656 1049 1723 chronologiam
1077 1656 1322 1724 expende
1351 1658 1490 1722 apud
1525 1656 1771 1708 Bollandi

188 1746 664 1807 Curitinuatores.
703 1756 757 1800 et
795 1748 1113 1803 Michaelem
1159 1748 1498 1818 Lequienum
1575 1758 1625 1800 et
1671 1750 1775 1800 Ao-

191 1838 427 1888 selmurl
465 1837 828 1890 Baudurium.

259 1927 374 1982 lloc
416 1939 733 1996 temporum
775 1930 1095 1990 intervallo,
1137 1930 1282 1983 nulla
1320 1947 1381 1983 ex
1421 1930 1672 1996 dogmate
1711 1931 1774 1982 de

189 2024 364 2074 sancti
402 2022 652 2090 Spiritus
687 2025 1034 2090 processione
1069 2041 1129 2076 ea:
1167 2023 1322 2076 Patre
1359 2025 1598 2089 Filioque
1627 2041 1774 2076 sum-

190 2124 274 2177 pta
311 2114 648 2168 scindenda
686 2113 936 2168 Ecclesia:
970 2115 1206 2168 occasio.
1243 2114 1504 2168 Sisiunius
1543 2115 1774 2183 patriar-

190 2206 284 2256 cha
317 2205 576 2258 accusari
607 2205 762 2260 solet.
793 2206 883 2273 qui
914 2207 1243 2274 encyclicam
1273 2207 1582 2274 epistolam,
1612 2221 1774 2274 quam

193 2298 240 2346 in
277 2296 517 2350 Latinos
555 2296 767 2348 Photius
799 2309 1119 2351 exaraverat
1151 2298 1389 2351 audacia'
1425 2299 1671 2364 plenam,
1707 2299 1774 2349 ti-

195 2391 302 2439 tulo
343 2392 741 2441 tantummodo
781 2390 1064 2440 inunulato
1089 2429 1102 2448 ,
1141 2404 1348 2456 suoque
1387 2389 1606 2441 nomine
1645 2404 1777 2456 sup-

193 2490 370 2546 posuto
393 2521 407 2539 ,
444 2480 514 2531 ad
558 2481 801 2548 reliquos
833 2480 1170 2549 patriarchas
1204 2480 1588 2532 transmiserit.
1625 2479 1681 2532 In
1715 2495 1777 2532 ca

199 2574 474 2626 Procassio
512 2574 747 2641 Spiritus
778 2578 946 2628 sancti
977 2594 1006 2628 a
1042 2575 1202 2628 Patre
1235 2587 1280 2627 et
1313 2595 1340 2627 ιι
1382 2574 1520 2626 Filio
1552 2575 1775 2642 ineptis-

193 2668 342 2719 simis
373 2685 558 2734 argun
582 2670 726 2720 entis
753 2669 1166 2736 oppugnabatur
1196 2687 1208 2718 :
1241 2684 1470 2735 eamque
1502 2669 1779 2737 rejiciebat

195 2764 419 2814 Michael
459 2761 778 2814 Cerularius
819 2777 939 2815 cum
980 2763 1116 2823 suis,
1161 2763 1261 2814 hac
1303 2764 1466 2814 etiam
1509 2764 1575 2815 de
1618 2778 1777 2816 causa

197 2853 606 2903 condemnatus
641 2867 670 2902 a
708 2852 896 2918 legatis
933 2851 1245 2917 pontificiis.
1283 2853 1526 2903 Schisma
1563 2853 1770 2904 instau-

203 2944 331 2992 ravit
367 2942 489 3008 ipse
525 2960 538 2993 :
571 2942 859 3009 primoque
891 2950 1132 3009 tempore
1161 2959 1379 2996 errores
1409 2944 1567 3011 longe
1598 2943 1777 2996 diver-

201 3045 287 3083 sos
328 3032 600 3083 Romana:
646 3031 900 3085 Ecclesia:
947 3031 1254 3100 aﬂiugebat,
1299 3037 1640 3102 sumpsitque
1685 3036 1778 3087 de-

201 3139 346 3174 mum
379 3139 446 3174 ex
481 3124 768 3177 additione
803 3124 946 3176 vocis
981 3123 1220 3192 Filioque
1257 3136 1603 3192 prastextum.

1878 667 1994 715 qua-
2036 660 2151 700 orta
2192 649 2360 715 fuerat
2398 652 2447 700 in
2487 651 2744 701 catholica
2784 661 2828 700 et
2868 649 3155 714 apostolica
3203 647 3453 700 Ecclesia.

1877 741 2148 793 Nicaauam
2183 742 2319 793 hanc
2350 742 2473 793 fidei
2508 743 2795 793 formulam
2828 743 3156 807 adoptarunt
3191 740 3243 790 iu
3282 739 3453 797 bapti-

3308 833 3456 883 δια-ιιι

1880 927 1930 978 in
1967 924 2258 992 apostolica
2296 926 2524 992 simplici
2566 943 2623 977 ac.
2660 924 2896 977 hreviori
2934 923 3302 975 Oreidentalis
3336 941 3346 973 :
3382 925 3457 989 ip-

1877 837 2065 886 siuatis
2101 834 2582 887 administratione
2621 833 2931 886 Orientales
2966 833 3220 884 Ecclesia:
3257 851 3267 884 :

1878 1033 2103 1084 sanique
2133 1016 2406 1070 Nica-nam
2442 1033 2547 1067 non
2580 1017 2774 1067 eodem
2811 1030 3037 1083 prorsus
3071 1012 3231 1064 modo
3263 1015 3456 1065 ()rien-

1881 1111 1945 1163 tis
2005 1109 2260 1160 Ecclesia:
2314 1116 2672 1174 usurparunt.
2731 1107 2869 1158 Num
2926 1107 3086 1157 varix
3143 1106 3453 1174 huiusmodi

1878 1197 2329 1257 consuetudines,
2363 1213 2500 1264 quas
2531 1198 2702 1249 citato
2737 1197 2914 1263 capite
2953 1194 2998 1255 l,
3037 1212 3185 1245 num.
3224 1196 3274 1252 5,
3314 1195 3457 1245 indi-

1879 1293 2156 1350 cavimus,
2196 1309 2382 1357 pacem
2429 1301 2481 1342 et
2525 1291 2790 1342 unitatem
2838 1287 3320 1357 perlurliavcriut'.’
3359 1287 3455 1339 Mi-

1880 1385 2022 1436 nime
2057 1387 2322 1451 gentium.

1950 1477 2123 1528 Fuere
2155 1476 2286 1527 certi
2320 1475 2571 1525 homines
2599 1474 2650 1524 in
2682 1473 2994 1523 Sardirensi
3027 1470 3282 1531 concilio,
3313 1469 3457 1537 quod

1879 1584 2023 1620 anno
2061 1567 2162 1620 ’517
2203 1569 2542 1619 celebratum
2585 1565 2811 1624 dicitur,
2851 1566 2942 1631 qui
2984 1564 3270 1620 nonnulla.
3309 1564 3459 1629 quasi

1879 1676 1994 1725 qui?
2027 1660 2278 1719 deessent,
2309 1658 2518 1710 Nica'no
2551 1660 2769 1708 concilio
2805 1659 2887 1722 (ac
2925 1656 3203 1723 Symliolo)
3271 1656 3458 1705 αιτιΗὶ

1880 1753 2244 1818 postulabant.
2283 1752 2347 1801 At
2385 1767 2446 1802 ne
2482 1750 2607 1817 quiti
2645 1750 2859 1800 ulterius
2896 1749 2956 1799 tle
2991 1748 3089 1813 [ille
3126 1749 3454 1800 scriberetur.

1881 1852 1928 1894 et
1961 1860 2069 1896 sese
2103 1852 2367 1894 contentos
2406 1858 2512 1894 esse
2554 1842 2764 1894 Nic-ana
2803 1843 2922 1907 ﬁde,
2958 1841 3320 1891 decreverunt
3359 1844 3456 1891 l‘a-

1815 1929 1851 1980 Β
1881 1946 2025 1995 tres,
2064 1934 2362 1986 Athanasio
2400 1944 2534 1984 teste
2575 1933 2626 1983 iu
2670 1932 2876 1998 synodo
2916 1931 3276 1982 Alevandrina
3316 1948 3457 1981 anno

1879 2027 1983 2078 562
2024 2027 2318 2076 celebrata.
2365 2024 2535 2075 Fuere
2583 2036 2760 2074 tamen
2808 2025 2858 2074 ill
2907 2023 3150 2074 Ecclesia
3195 2023 3453 2075 Otit'tilaii

1880 2115 2206 2171 sanctissimi
2274 2120 2572 2186 pra-sules,
2634 2117 2724 2184 qui
2792 2117 3064 2168 Nicmnam
3131 2117 3456 2178 formulam,

1881 2209 2080 2262 sa'eulo
2133 2220 2328 2277 quarto
2378 2209 2628 2268 libente,
2681 2208 3035 2276 amplissimis
3084 2207 3459 2260 additionibus

1880 2311 2149 2355 auxerunt
2199 2304 2446 2354 adversus
2493 2305 2806 2369 prodeuntes
2853 2302 3131 2353 identidem
3177 2304 3395 2353 lia'reses
3444 2342 3456 2358 .

1883 2395 2430 2461 mamlaveruntquc,
2474 2403 2530 2445 ut
2576 2395 2662 2461 qui
2708 2394 2966 2458 baptismo
3012 2394 3258 2446 initiaudi
3300 2406 3454 2449 sunt.

1883 2486 2239 2552 interpolatas
2283 2485 2546 2537 formulas
2583 2501 2674 2536 cas
2717 2485 3113 2553 proﬁterentur.
3155 2483 3285 2535 Rem
3333 2503 3457 2536 nar-

1884 2586 1966 2628 rat
1998 2588 2219 2628 sanctus
2255 2578 2624 2644 Epiphanius,
2662 2579 2709 2628 in
2748 2580 3010 2629 Ant-orato
3035 2618 3046 2635 ,
3082 2593 3231 2628 nutn.
3277 2578 3370 2629 l9.”
3403 2591 3450 2628 et

1886 2668 2013 2730 121,
2065 2669 2244 2734 ibique
2293 2668 2552 2720 formulas
2601 2667 2720 2718 fidei
2774 2669 2908 2719 duas
2951 2669 3182 2732 profert,
3231 2668 3455 2720 alteram

1881 2759 2049 2810 altera
2085 2758 2462 2824 prolixiorem,
2494 2767 2780 2824 utramque
2813 2759 2929 2808 sine
2963 2756 3131 2808 dubio
3164 2756 3454 2816 Nicmnam,

1882 2851 1975 2902 sed
2008 2849 2231 2900 vocibus
2265 2849 2514 2915 pluribus
2545 2864 2630 2898 aut
2656 2860 2781 2899 tam.
2817 2847 2922 2899 llac
2955 2847 3020 2898 de
3055 2863 3109 2899 re
3146 2847 3263 2899 loco
3292 2850 3457 2900 citato

1885 2956 1983 2994 nos
2013 2942 2226 3007 egimus
2261 2959 2272 2993 ε
2313 2940 2475 3008 idque
2511 2941 2741 2993 maxime
2775 2950 3022 3002 constat,
3061 2939 3341 2992 scissionis
3376 2941 3456 2991 iu-

1887 3043 1966 3086 ter
2022 3033 2289 3084 Ecclesias
2345 3033 2556 3083 nullum
2619 3031 2743 3083 inde
2806 3042 3124 3098 prmtextum
3181 3041 3453 3098 sumptum

1885 3126 2050 3178 fuisse
2089 3143 2098 3176 :
2137 3125 2395 3192 ipsasque
2433 3139 2600 3176 novas
2635 3123 2902 3175 formulas
2939 3140 3037 3191 pro
3080 3123 3312 3186 Nicamo,
3351 3125 3458 3174 imo

268 3215 585 3267 Praetextus
625 3215 917 3267 vanitatem
961 3217 1287 3284 quamplura
1328 3217 1614 3279 evincunt,
1660 3233 1778 3285 quae
1804 3212 1847 3273 C
1881 3220 2042 3271 etiam
2074 3216 2362 3284 apostolico
2396 3217 2651 3284 Symlmlo
2682 3217 2890 3268 habitas
2919 3233 3058 3270 esse.
3095 3227 3278 3284 utpote.
3309 3217 3458 3267 addi-

201 3307 590 3373 strperioribus
620 3306 890 3373 capitibus
921 3307 1205 3374 posuimus
1235 3319 1572 3376 argumenta.
1606 3310 1778 3363 Simul

203 3398 427 3448 collecta
466 3396 588 3448 hmc
622 3405 771 3449 sunt.
805 3396 1000 3450 Primis
1034 3397 1290 3452 Ecclesiae
1322 3399 1647 3454 Christianae
1684 3418 1782 3455 sa:-

203 3489 338 3540 culis
386 3489 603 3550 tribus,
649 3503 816 3540 unum
860 3496 976 3541 erat
1022 3490 1075 3542 in
1123 3505 1216 3543 ore
1262 3507 1480 3558 praeque
1529 3494 1781 3548 manibus

204 3579 529 3642 Symbolum
574 3578 722 3640 ﬁdei,
758 3579 900 3646 quod
937 3581 1305 3649 Apostolorum
1340 3583 1645 3638 dicebatur.
1690 3585 1776 3638 ln-

205 3680 544 3723 temeratum
581 3671 713 3724 illud
745 3673 993 3727 servabat
1026 3673 1266 3727 Romana
1299 3676 1542 3731 Ecclesia
1571 3719 1584 3740 ,
1621 3688 1780 3748 prout

206 3765 270 3814 ab
297 3763 462 3816 initio
494 3764 756 3816 traditum
787 3763 960 3817 fuerat
992 3781 1003 3816 :
1033 3768 1322 3836 ipsumque
1347 3767 1654 3824 Orientales
1682 3789 1779 3823 an-

207 3857 412 3907 tistites
448 3867 728 3908 auxerunt
763 3856 1170 3921 additamentis,
1206 3861 1408 3926 quibus
1444 3864 1545 3914 alia
1583 3863 1780 3933 adjecit

204 3947 563 4012 Aquileiensis
599 3947 652 3998 in
685 3945 834 3999 Italia
867 3947 1126 4003 Ecclesia.
1159 3951 1308 4005 Hanc
1334 3964 1630 4016 vetustam,
1661 3971 1780 4024 qure

205 4036 382 4099 primo
421 4034 688 4087 Ecclesia:
721 4035 1041 4090 Christiana:
1075 4048 1318 4108 tempore
1352 4041 1665 4107 obtinebat,
1707 4046 1780 4095 Ia—

207 4128 355 4179 tiore.
375 4141 634 4179 sermone
663 4129 1114 4182 consuetudinem
1139 4134 1496 4198 exposuimus
1522 4136 1699 4202 capite
1731 4137 1778 4199 l,

207 4239 358 4276 num.
384 4223 441 4285 ἓ,
473 4223 607 4291 quin
639 4223 746 4275 ulla
776 4232 952 4276 tamen
981 4225 1260 4276 scissionis
1289 4228 1507 4280 occasio
1535 4239 1630 4281 aut
1659 4229 1781 4282 data

206 4316 392 4375 fuerit,
434 4325 531 4367 aut
569 4326 788 4382 accepta
823 4314 1156 4369 Orientalem
1195 4316 1335 4370 inter
1370 4329 1423 4371 et
1457 4319 1777 4374 Occidenta-

205 4409 306 4461 lem
341 4407 676 4468 Ecclesiam,
708 4409 940 4476 itemque
973 4409 1111 4463 inter
1141 4411 1540 4478 Aquileiensem
1573 4429 1635 4467 ac
1668 4415 1777 4468 Ro-

204 4515 448 4562 manam,
481 4509 814 4567 ceterasque
842 4499 1024 4554 italiae.

273 4592 444 4661 219
478 4590 865 4646 Additamenta
892 4592 1097 4647 scilicet
1124 4605 1299 4657 erant,
1328 4611 1447 4664 quae
1473 4596 1556 4650 vcl
1584 4598 1779 4650 clario-

207 4702 318 4739 rem
352 4686 628 4737 duntaxat
659 4683 963 4736 communis
997 4693 1155 4739 recta:
1191 4687 1312 4739 fidei
1348 4688 1774 4742 declarationem

204 4777 745 4845 complectebantur,
800 4776 884 4829 vel
916 4777 1186 4845 dogmatis
1218 4777 1610 4846 professionem
1645 4795 1778 4847 pra:-

205 4870 425 4921 stabant
459 4875 653 4922 contra
691 4875 970 4934 surgentes
1006 4881 1173 4918 novas
1211 4865 1474 4930 haereses,
1508 4883 1643 4936 quas
1679 4869 1778 4920 ali-

205 4963 410 5027 quibus
449 4960 501 5012 in
543 4959 683 5012 locis
719 4957 904 5024 procul
943 4958 1115 5010 arceri
1154 4973 1180 5009 a
1219 4958 1495 5012 mentibus
1535 4959 1776 5012 fidelium

207 5054 587 5107 necessarium
614 5050 934 5103 ducebatur.
962 5048 1226 5102 Praevium
1255 5065 1460 5102 morem
1491 5050 1652 5102 istum
1685 5049 1779 5102 Ec-

206 5150 506 5200 rlesiarum
541 5152 729 5195 secuta
757 5153 837 5195 est
865 5152 1058 5208 quarto
1089 5142 1304 5209 incepto
1336 5141 1532 5195 sazculo
1562 5158 1778 5194 acume-

206 5245 322 5291 nica
369 5236 587 5291 Νςσωπα
629 5237 802 5302 prima
843 5235 1104 5303 synodus,
1147 5249 1263 5301 quae
1305 5234 1537 5301 primum
1593 5244 1646 5287 ct
1703 5235 1780 5286 al-

210 5341 389 5380 terum
442 5323 692 5394 Symboli
742 5324 1025 5388 apostolici
1071 5324 1351 5386 articulos,
1395 5322 1594 5390 quibus
1647 5323 1780 5377 fides

211 5417 545 5484 proponitur
584 5417 638 5466 in
691 5413 849 5465 Deum
903 5415 1111 5465 Patrem
1157 5415 1592 5482 omnipotentem,
1638 5425 1684 5465 et
1727 5416 1778 5465 in

211 5509 482 5561 Christum
525 5507 707 5560 Jesnm
745 5508 954 5558 unicum
993 5504 1180 5557 Filium
1217 5505 1328 5573 ejus
1368 5506 1644 5558 Dominum
1687 5523 1779 5556 no-

207 5611 401 5660 stram,
453 5598 706 5666 pluribus
752 5596 977 5662 adjectis
1022 5596 1248 5648 vocibus
1294 5595 1443 5647 ausit
1491 5596 1557 5646 ad
1611 5599 1778 5662 ipsam

212 5695 372 5744 ﬁdem
427 5689 764 5743 luculentius
810 5687 1228 5756 explicandam,
1279 5701 1452 5752 eoque
1502 5687 1778 5738 tutandam

212 5784 468 5847 prasidio
502 5783 795 5834 adversum
832 5781 1064 5832 ha'rv-ses
1101 5780 1230 5838 Arii,
1269 5779 1506 5838 Sabellii,
1552 5779 1775 5839 Photini,

213 5878 375 5931 Pauli
420 5874 777 5937 Samomtcni,
816 5872 1089 5926 Jlauiclia'i
1150 5882 1202 5925 ct
1248 5870 1552 5931 Marcionis,
1598 5879 1642 5920 rt
1689 5872 1779 5922 (Ul-

1887 3311 2142 3361 tamcntis
2198 3319 2416 3367 auctas,
2473 3307 2686 3359 Nicamo
2741 3317 2790 3358 et
2849 3308 3149 3374 apostolico
3204 3308 3456 3376 Symbolo

1883 3399 2265 3451 consentaneis.
2309 3398 2576 3466 Insignem
2617 3400 2790 3449 locum
2827 3397 3114 3466 Epiphanii
3155 3400 3332 3450 reetdo
3404 3410 3456 3450 et

1883 3491 2154 3557 expende.

1955 3580 2276 3634 Sardiccnse
2335 3582 2478 3648 quod
2559 3583 2983 3633 memoravimus
3032 3583 3344 3645 decretum,
3391 3601 3455 3636 co

1883 3689 2042 3726 sensu
2078 3676 2438 3732 intellectum.
2472 3676 2615 3742 quod
2654 3675 2879 3727 Niea'ua'
2917 3677 3154 3742 fut'mttfll'
3189 3677 3322 3727 nihil
3357 3678 3419 3726 ad
3442 3708 3453 3715 -

1878 3769 1968 3837 jici
2047 3779 2250 3820 lctucre
2298 3769 2490 3818 tit'ilt‘ﬂl
2538 3769 2681 3831 «itiod
2732 3768 2999 3818 Niea'nam
3047 3767 3202 3818 fidem
3252 3768 3451 3818 labefa-

1882 3869 2011 3919 ctet,
2047 3860 2300 3911 firmitate
2350 3859 2516 3924 pollet
2550 3875 2667 3924 qua:
2722 3858 2890 3922 ipsius
2928 3860 3047 3908 fidei
3085 3859 3321 3909 firmitati
3362 3876 3454 3916 ματ

1881 3962 1982 4001 est.
2016 3949 2086 4000 De
2119 3950 2228 4016 ipsa
2263 3949 2511 4007 formula,
2546 3950 2700 4010 ﬁdem
2732 3947 2999 3999 Nica'uam
3029 3948 3450 4014 complectente.

1883 4040 1923 4091 si
1959 4039 2237 4092 decretum
2272 4039 2411 4091 idem
2445 4040 2606 4106 220
2636 4040 2993 4107 intelligatur,
3029 4041 3090 4092 ad
3125 4041 3451 4093 ecclesiasti-

1883 4144 2000 4181 cam
2036 4132 2271 4196 pcrtinet
2306 4129 2646 4196 disciplinam
2671 4173 2682 4193 ,
2720 4145 2840 4197 qua:
2874 4132 3234 4183 mulationem
3269 4133 3451 4183 sulsire

1884 4229 2077 4288 potest.
2127 4221 2260 4273 llinc
2305 4220 2592 4272 formulam
2643 4221 2888 4273 eanidem
2939 4220 3211 4274 Nicaenam
3259 4222 3450 4274 adver-

1885 4328 2001 4364 sum
2046 4313 2377 4380 prodeuntes
2412 4314 2645 4364 lia-roses
2680 4329 2875 4379 augere
2912 4312 3219 4366 Orientales
3257 4316 3451 4381 aliqua:

1886 4406 2140 4458 Ecclesia:
2171 4405 2540 4455 necessarium
2573 4404 2867 4463 duxerunt,
2900 4404 3282 4473 Epiphanianis
3316 4423 3449 4472 prae-

1812 4478 1854 4532 D
1886 4494 2044 4546 dictis
2080 4493 2317 4558 formulis
2356 4493 2570 4543 duabus
2611 4493 2868 4555 invectis,
2907 4509 3028 4560 quae
3066 4494 3130 4544 iis
3171 4495 3452 4544 traderen-

1887 4593 1973 4636 tur
2003 4585 2095 4650 qui
2137 4583 2446 4650 baptizandi
2486 4593 2633 4634 sunt.
2672 4584 3102 4650 Epiphanianam
3141 4583 3448 4642 formulam,

1881 4690 1999 4736 quia:
2040 4674 2217 4725 minus
2257 4675 2464 4740 prolixa
2504 4685 2619 4732 est,
2657 4674 2985 4739 quibusdam
3026 4676 3268 4741 exceptis
3304 4675 3450 4727 voci-

1882 4765 2016 4824 bus,
2058 4767 2388 4828 adoptarunt
2433 4775 2641 4816 centum
2685 4775 2731 4815 et
2777 4768 3162 4834 quinquaginta
3209 4765 3448 4819 Orienta-

1883 4858 2008 4908 lium
2043 4855 2392 4908 Ecclesiarum
2425 4855 2628 4916 Patres,
2658 4871 2800 4906 anno
2829 4858 2927 4907 58I
2993 4861 3045 4907 in
3075 4857 3283 4924 synodo
3310 4861 3448 4908 (Zon-

1880 4949 2361 5015 stantinopolilana
2424 4948 2771 5015 Congregati,
2831 4964 2950 5014 quae
3012 4959 3198 5016 postea
3256 4951 3444 5018 synodi

1880 5040 2226 5094 wciinienicze
2254 5040 2632 5091 auctoritatem
2662 5039 2920 5090 obtinuit.
2954 5039 3089 5092 lliuc
3117 5041 3442 5106 Symbolum,

1881 5136 2081 5188 dictum
2118 5132 2758 5194 Constantinopolitanum
2782 5171 2795 5191 ,
2832 5133 3094 5195 invaluit,
3134 5134 3282 5185 nullo
3319 5134 3443 5187 inde

1881 5228 2156 5280 scissionis
2187 5236 2450 5294 praetenu
2485 5227 2792 5291 desumpto.

1953 5319 2062 5371 lino
2089 5332 2183 5370 sua
2214 5332 2329 5370 aevo
2363 5317 2451 5368 illo
2486 5315 2836 5383 potiebantur
2865 5317 3119 5369 libertate
3152 5317 3444 5385 particula-

1886 5427 1969 5465 ies
1998 5410 2247 5463 Ecclesia:
2274 5409 2326 5460 iu
2353 5407 2573 5461 Oriente
2603 5426 2614 5460 :
2642 5407 2869 5475 aliisque
2899 5409 2949 5459 in
2981 5408 3300 5477 baptismate
3332 5421 3445 5459 uie.-

1886 5503 2080 5555 hantur
2119 5499 2704 5565 Constantinopolitano
2747 5498 3026 5566 Symbolo,
3071 5501 3301 5567 simplici
3351 5499 3444 5552 Ni-

1885 5610 2025 5646 ea-no
2058 5593 2196 5653 alite,
2229 5601 2282 5643 et
2314 5592 2428 5642 alia:
2461 5591 2672 5657 proprio
2705 5592 2951 5657 quodam,
2987 5593 3128 5656 quati
3165 5607 3192 5642 a
3227 5593 3442 5643 Nicamo

1883 5699 1935 5738 et
1962 5683 2588 5750 Constantinopolitano,
2622 5683 2685 5734 ad
2718 5697 2876 5734 voces
2907 5684 3116 5748 aliquas
3145 5682 3286 5749 quod
3322 5685 3440 5732 atti-

1887 5789 1995 5836 nct,
2049 5776 2351 5837 differebat,
2409 5777 2728 5829 Autiochena
2783 5776 3012 5833 scilicet,
3071 5774 3442 5841 Hierosolymf“

1889 5883 2039 5930 tona,
2075 5869 2578 5936 Pliilmlclplticnsis,
2615 5877 2774 5935 caput
2810 5870 2861 5918 2.
2896 5868 3024 5920 Vide
3064 5883 3210 5919 num.
3251 5866 3300 5918 ὖ.
3335 5864 3442 5918 Ιιιυ
