4216 6438
825 415 930 476 215
1782 411 2102 472 GEORGII
2147 415 2396 476 CYPRll
2441 417 2484 475 C

2383 418 2396 474 [
2441 417 2548 478 (ΣΡ.
2597 415 3116 478 ΡΑΤΒΙΑΒΕΗᾸΞ
3960 413 4048 475 ριδ

824 528 1071 579 libertate
1101 524 1315 581 scelesti
1348 526 1567 595 quidam
1602 528 1852 582 homines
1882 530 2036 584 abusi
2067 541 2232 595 sunt,
2262 546 2389 601 par-
2423 537 2464 592 Α
2495 531 2684 584 stiaute
2719 529 3105 584 usumimadem
3146 537 3329 582 sancta
3385 526 3628 597 synodus
3663 526 3916 589 deducit,
3947 543 4049 583 sese

824 613 1080 670 ticnlarcs
1113 631 1248 683 quas
1283 615 1653 684 usurpabant,
1688 617 1900 688 injectis
1934 619 2217 673 erroribus
2240 659 2253 682 ,
2288 621 2395 674 for-
2499 620 2854 692 Eutychianis
2892 635 3195 690 opponens,
3233 619 3350 687 qui,
3377 622 3730 672 additionibus
3772 618 4052 674 Constanti-

824 706 1001 760 mulas
1043 707 1462 776 interpolantes.
1506 707 1869 778 Depravatum
1913 712 2140 782 hujusce
2181 715 2397 779 generis
2501 715 2818 782 nopolitanis
2881 713 3134 784 rejectis,
3187 711 3408 766 Niczno
3456 712 3692 779 simplici
3752 713 4050 764 utebantur.

823 799 1135 868 Symbolum
1184 799 1250 853 ad
1303 803 1570 871 synodum
1625 802 1951 871 Ephesinam
2000 807 2391 859 mcutnenicam
2502 807 2780 861 Vindicius
2816 806 3055 868 habent,
3089 804 3290 873 quibus
3325 805 3429 857 hoc
3461 805 3625 857 etiam
3661 818 3730 856 ex
3764 805 3887 858 loco
3918 819 4052 856 sum-

823 908 964 945 anno
993 892 1086 944 451
1125 892 1623 948 detulitCharisius
1641 893 2156 964 Philadelphiensis.
2197 898 2392 952 Reme-
2499 899 2608 968 ptis
2636 913 2822 951 vocem
2856 897 3042 960 illam,
3073 894 3354 964 Filioque,
3391 895 3649 964 Symbolo
3681 894 4053 949 Constantino-

823 985 972 1035 ttinm
1023 993 1080 1036 ut
1126 983 1348 1039 aﬂerret
1397 986 1540 1040 malo
1582 988 1924 1042 sanctissima
1974 989 2236 1059 synodus,
2283 990 2396 1044 lato
2499 989 2741 1058 politano
2798 987 3107 1057 adjectam,
3161 986 3494 1040 validissime
3552 985 3808 1040 tueantur
3866 983 4055 1040 Latina

820 1076 1042 1131 decreto
1082 1076 1271 1129 statuit
1313 1095 1327 1130 :
1373 1077 1612 1131 Alteram
1652 1080 1809 1147 ﬁdem
1853 1082 2046 1134 nemini
2087 1080 2239 1134 licere
2275 1097 2396 1148 pro-
2499 1080 2876 1134 Occidentales
2910 1078 3187 1133 Ecclesia.

823 1168 981 1233 ferre,
1015 1178 1104 1220 aut
1135 1171 1476 1233 conscribere,
1505 1183 1594 1224 aut
1627 1189 1957 1240 componere,
1990 1182 2181 1243 prceter
2207 1173 2394 1239 deﬁni-
2571 1168 2792 1224 Summa
2845 1179 2966 1239 post
3015 1168 3464 1224 Chalcedonense
3515 1169 3796 1223 decretum
3847 1185 4059 1224 venera-

822 1270 930 1311 tam
969 1277 999 1311 η
1039 1262 1237 1313 sanctis
1282 1259 1546 1324 Patribus,
1583 1265 1673 1331 qui
1715 1265 1768 1316 in
1807 1263 1985 1318 Nica'a
2023 1282 2141 1318 cum
2185 1265 2394 1334 Spiritu
2500 1261 2645 1315 tione
2681 1261 2987 1330 Symbolum
3023 1258 3677 1328 Constantinopolitanum
3713 1269 4058 1329 susceperunt

819 1359 1002 1402 sancto
1046 1355 1347 1421 congregati
1389 1355 1621 1421 fuerunt.
1660 1355 1982 1423 legitimum
2023 1355 2228 1409 decreti
2270 1372 2395 1410 sen-
2499 1356 2757 1410 Ecclesiae
2804 1355 3048 1411 Orientis
3083 1371 3094 1407 :
3129 1357 3273 1423 quod
3318 1357 3484 1408 etiam
3537 1355 3808 1408 Nircennm
3860 1355 4054 1406 dictum

824 1458 944 1495 sum
987 1450 1047 1495 ut
1087 1444 1308 1508 habeas,
1345 1446 1718 1499 animadverte
1764 1447 2056 1501 inhibitum
2100 1449 2206 1504 sibi
2247 1450 2394 1503 haud
2498 1460 2599 1504 est.
2633 1447 2947 1502 Tradebant
2980 1445 3108 1499 illud
3147 1448 3200 1500 in
3239 1447 3568 1515 baptismate
3599 1447 3788 1500 electis
3817 1449 4060 1499 catechu-

824 1533 1123 1587 credidisse
1159 1534 1472 1602 Ecclesias,
1509 1539 1806 1606 quominus
1837 1540 1946 1609 jam
1984 1555 2231 1612 receptas
2269 1542 2392 1599 ﬁdei
2501 1537 4064 1611 menis,peculiaribuspraetermissisformulis.quashac-

826 1626 1087 1679 l'ortnulas
1130 1626 1455 1681 adhiberent
1501 1630 1554 1682 in
1605 1631 1947 1698 baptismate,
1988 1646 2081 1688 aut
2125 1635 2394 1690 .Vicwnam
2502 1642 2662 1687 tenus
2699 1632 3073 1686 adhibuerant
3106 1649 3117 1683 :
3157 1633 3447 1700 ipsumque
3484 1631 3664 1685 iecere
3700 1645 3869 1684 sacrm
3905 1629 4066 1682 Litur-

824 1718 1110 1785 simplicem
1133 1761 1146 1780 ,
1181 1729 1274 1772 aut
1308 1719 1984 1790 Constantinopolitanoni,
2020 1735 2115 1780 aut
2149 1727 2288 1780 alias
2326 1728 2395 1781 ab
2498 1726 2596 1794 gite
2627 1733 2856 1790 partem.
2885 1723 3141 1792 Antiquis
3175 1725 3420 1776 moribus
3454 1722 3694 1775 Romana
3760 1731 4068 1787 ceteraeque

830 1819 1058 1879 utraque
1093 1811 1444 1876 dill‘crentes,
1475 1813 1641 1867 illaesa
1678 1816 1821 1869 inter
1869 1830 1962 1870 eas
1996 1832 2128 1886 pace
2173 1834 2235 1872 ac
2271 1820 2395 1872 uui-
2502 1815 2882 1870 Occidentales
2910 1815 3166 1869 Ecclesia“
3197 1815 3500 1874 haerebant,
3532 1815 3892 1881 apostolorum
3923 1812 4070 1882 Synt-

831 1911 937 1955 tate
977 1919 991 1955 :
1035 1918 1144 1971 quo
1188 1905 1351 1958 etiam
1399 1915 1641 1972 tempore
1686 1907 2096 1962 catechutnenis
2141 1908 2194 1962 iu
2239 1909 2396 1962 Occi-
2435 1894 2471 1947 Β
2502 1906 2617 1960 bolo
2646 1906 2988 1976 baptizandis
3019 1905 3250 1968 tradito,
3279 1907 3753 1974 praetermissaque
3784 1907 3920 1958 inter
3945 1906 4068 1957 mis-

826 1993 988 2046 dente
1021 1993 1341 2048 tradebatur
1371 1994 1677 2064 Symbolum
1707 1997 2088 2064 apostolorum,
2119 1998 2263 2066 quod
2295 1998 2395 2050 ali-
2502 2014 2685 2053 sarum
2713 1999 2976 2052 solemnia
3004 1999 3126 2052 ﬁdei
3155 1998 3406 2052 l'ormuia.
3429 1998 3564 2052 Cum
3593 1999 3737 2051 varia
3765 1999 4068 2064 disciplina,

829 2085 1030 2151 quibus
1088 2084 1475 2139 additamentis
1536 2087 1590 2139 in
1653 2087 1772 2140 aliis
1836 2087 2070 2154 primum
2136 2087 2399 2142 Ecclesiis
2503 2090 2619 2144 sive
2643 2091 2896 2144 brevioris
2925 2091 2978 2144 in
3007 2089 3306 2145 Occidente
3336 2090 3601 2160 Sytnholi,
3635 2094 3749 2144 sive
3781 2091 3830 2143 in
3860 2090 4070 2144 Oriente

830 2187 1072 2241 auctum,
1103 2192 1262 2231 suum
1295 2176 1533 2246 denique
1563 2177 1690 2230 fecit
1722 2179 1884 2231 etiam
1915 2176 2182 2231 Romana.
2503 2182 2827 2250 prolixioris,
2863 2183 2978 2238 site
3007 2184 3132 2237 lecti
3166 2183 3546 2250 decantatique
3582 2183 3635 2236 in
3670 2181 3929 2252 Liturgia,
3961 2184 4071 2235 sive

903 2266 1088 2320 Fidem
1120 2268 1379 2331 alterunt,
1413 2284 1573 2336 quam
1606 2272 1831 2338 proferri
1863 2281 2060 2339 printer
2091 2270 2359 2325 Nica’nam
2382 2313 2396 2338 ,
2502 2275 2726 2339 omissi,
2765 2289 2868 2328 una
2913 2274 3250 2329 consistebat
3289 2275 3420 2328 ﬁdes
3455 2274 3702 2327 omnium
3754 2289 3816 2329 ac
3881 2275 4074 2328 ﬁrmis-

830 2370 922 2414 aut
958 2362 1233 2425 conscribi,
1269 2371 1362 2415 aut
1397 2364 1656 2430 componi,
1694 2373 1838 2415 vetat
1876 2364 2140 2416 decretum
2178 2364 2397 2434 Epltesi-
2501 2366 2636 2419 sima
2670 2383 2795 2434 pax.

832 2472 992 2517 num,
1029 2455 1345 2508 intellexere
1383 2454 1631 2523 plerique
1667 2456 1963 2508 doctrinam
2002 2456 2127 2511 ﬁdei
2165 2457 2398 2511 Nicmnze
2573 2459 2762 2529 Legem
2804 2460 3488 2527 Ep/tesinant,instauravit
3527 2462 3755 2530 synodus
3791 2461 4076 2514 Chalcedo-

834 2548 1128 2601 adversam.
1179 2546 1353 2617 Ipsam
1405 2550 1716 2614 formulam,
1765 2565 1885 2617 qua!
1933 2549 2004 2603 sit
2054 2549 2156 2602 alia
2207 2560 2400 2618 praeter
2504 2557 2698 2618 nensis,
2733 2559 2944 2609 actione
3061 2557 3318 2618 definiens
3352 2572 3367 2608 :
3403 2555 3627 2608 alteram
3659 2555 3814 2622 fidem
3849 2556 3981 2606 nulli
4014 2555 4080 2606 li-

833 2640 1122 2692 lormulam
1165 2638 1290 2693 ﬁdei
1334 2638 1587 2702 Niczente,
1631 2639 2039 2708 intelligendam
2078 2655 2199 2694 esse
2243 2648 2401 2708 puta-
2504 2664 2618 2701 τετε
2660 2649 2918 2716 proferre,
2967 2657 3057 2700 aut
3103 2648 3447 2705 conscribere,
3493 2646 3570 2698 rel
3615 2661 3940 2710 componere,
3986 2656 4078 2697 aut

832 2743 955 2783 runt
999 2731 1114 2783 alii.
1156 2731 1384 2784 Sensum
1430 2731 1667 2798 priorem
1712 2731 1896 2784 addita
1939 2746 2092 2793 voce,
2136 2730 2397 2799 Filioque,

2502 2741 2719 2800 sentire,
2758 2750 2844 2790 aut
2889 2740 3023 2791 alios
3069 2740 3270 2790 docere.
3318 2737 3578 2790 lure-sere
3624 2745 3800 2789 tamen
3846 2735 4080 2788 audaces

833 2834 927 2877 aut
967 2824 1073 2876 alio
1113 2823 1274 2876 simili
1321 2833 1481 2877 recta:
1525 2823 1650 2876 ﬁdei
1700 2839 1940 2877 consono
1985 2825 2398 2887 additamenta,
2505 2828 2754 2881 homines
2796 2827 3033 2892 plurium
3074 2826 3354 2880 haereseon
3401 2835 3660 2884 monstra,
3725 2823 4077 2876 Manut/taline

831 2915 1024 2968 violari
1071 2915 1272 2969 dixerit
1315 2930 1499 2978 nemo,
1540 2916 1642 2968 nisi
1686 2915 1778 2985 qui
1822 2917 2083 2985 vertigine
2130 2916 2402 2970 haereseos
2505 2930 2560 2974 et
2602 2920 2958 2974 Iconomaclti.
3006 2918 3114 2972 Eos
3164 2928 3221 2970 ut
3269 2917 3572 2977 cohiberet,
3621 2916 3796 2982 deque
3845 2916 4076 2968 aliorum

833 3019 990 3062 actus
1019 3010 1396 3076 pt'ocessionem
1426 3003 1659 3076 Spiritus
1715 3010 1883 3060 sancti
1915 3026 1946 3061 a
1980 3007 2140 3061 Patre
2166 3016 2212 3060 et
2243 3026 2273 3060 a
2306 3006 2401 3059 Fi-
2507 3021 2688 3066 mente
2729 3011 2798 3065 ab
2838 3013 3122 3064 erroribus
3162 3009 3340 3063 aliena
3385 3017 3440 3061 ut
3487 3009 3686 3063 certior
3725 3007 3883 3076 222
3929 3007 4086 3060 ﬁeret

835 3100 925 3162 lio,
963 3100 1075 3152 sive
1117 3115 1211 3168 per
1250 3096 1468 3160 Filium,
1500 3099 1831 3166 pertinacius
1872 3099 2123 3167 abneget.
2163 3099 2402 3167 Hujusce
2507 3102 2774 3163 Ecclesia,
2821 3103 2935 3156 sive
2987 3102 3040 3155 in
3091 3101 3313 3168 synodis
3359 3110 3706 3169 congregata,
3756 3101 3870 3152 sive
3915 3102 4083 3151 etiam

835 3195 1025 3247 farina:
1076 3190 1441 3245 heterodosos
1491 3191 1743 3244 homines
1790 3190 2176 3244 dissertatione
2225 3190 2401 3259 prima
2433 3229 2478 3289 ο
2509 3206 2662 3246 extra
2690 3191 2946 3255 synodos.
2979 3189 3297 3242 methodutu
3331 3188 3589 3247 servavit,
3621 3202 3726 3254 qua
3761 3186 3884 3253 legis
3913 3184 4089 3251 Ephe-

832 3289 1070 3341 ‘insecuti
1103 3302 1310 3340 sumus.
2437 3279 2477 3289 '
2509 3287 2641 3336 sinu:
2689 3291 2853 3350 atque
2880 3281 3317 3334 Chalcedonensis
3383 3281 3618 3347 rigorem
3653 3294 3827 3346 neque
3858 3279 4090 3330 omnino

910 3379 1048 3433 Num
1084 3395 1214 3433 vero
1256 3380 1488 3449 formula
1533 3377 1655 3432 ﬁdei
1699 3377 1964 3440 Nicmnze,
2007 3385 2065 3430 ut
2104 3376 2339 3447 primum
2378 3394 2404 3430 a
2509 3385 2852 3443 sequeretur,
2888 3388 3064 3441 neque
3098 3372 3163 3425 ab
3194 3387 3255 3424 ea
3291 3373 3515 3423 omnino
3549 3370 3891 3424 abscederet.
3932 3370 4094 3439 Synt-

838 3469 1095 3522 l‘atribus
1130 3470 1393 3522 instructa
1431 3469 1564 3528 fuit,
1601 3467 1854 3521 debuerit
1889 3469 2208 3522 intemerata
2246 3467 2406 3521 deiu-
2511 3468 2696 3521 bolum
2729 3468 2938 3521 scilicet
2971 3466 3618 3533 Constantinopolitannm
3655 3467 3707 3518 in
3742 3463 4093 3533 baptismatis

839 3578 967 3631 t-ops
997 3561 1258 3624 retineri,
1290 3577 1356 3614 an
1389 3575 1508 3614 eam
1541 3561 1724 3628 augeri
1759 3559 2083 3627 quibusdam
2119 3561 2278 3628 221
2315 3575 2408 3611 το·
2510 3560 2987 3614 administratione
3043 3569 3096 3612 et
3129 3574 3281 3610 sacra
3317 3558 3368 3609 in
3405 3557 3642 3623 Liturgia
3679 3557 3940 3609 intactum
3976 3571 4097 3608 ευτ-

840 3655 996 3706 cibus
1029 3653 1222 3714 liccat,
1255 3653 1369 3704 sive
1404 3651 1623 3720 majoris
1652 3649 2034 3702 declarationis
2063 3665 2224 3702 causa
2248 3690 2262 3711 ,
2295 3648 2409 3700 sive
2511 3662 2693 3710 vatum
2726 3661 2810 3704 est
2843 3669 2855 3702 :
2892 3665 2991 3703 usu
3026 3664 3156 3702 vero
3190 3662 3492 3717 receptum,
3529 3659 3588 3700 ut
3619 3663 3742 3700 cum
3777 3649 3901 3700 novi
3934 3662 4096 3700 erro-

843 3753 1063 3812 propter
1100 3742 1336 3795 btet-eses
1374 3741 1737 3809 prodeuntes,
1777 3748 1949 3792 totum
1986 3747 2069 3792 est
2107 3737 2410 3806 disciplina:
2514 3760 2601 3798 res
2629 3741 3034 3798 condemnandi
3067 3741 3269 3802 forent,
3301 3752 3394 3795 aut
3424 3743 3544 3794 lidei
3577 3740 3847 3808 professio
3872 3739 4094 3792 edenda

842 3835 1227 3888 ecclesiaSIicae
1254 3833 1546 3900 negotium.
1578 3832 1682 3884 l’ro
1708 3831 2082 3883 additamentis
2104 3870 2117 3893 ,
2145 3844 2263 3898 qua:
2291 3845 2412 3899 gra-
2513 3844 2682 3896 esset,
2730 3840 2816 3886 vel
2852 3833 3028 3901 ipsum
3065 3831 3380 3900 Symbolum
3413 3831 4099 3898 Constantinopolitanutn

843 3926 1080 3980 vissiute
1109 3923 1386 3994 postulent
1413 3930 1758 3989 emergentes
1789 3920 2237 3985 circumstantias,
2272 3921 2410 3974 insi-
2513 3923 2905 3978 additamentis
2943 3935 3256 3991 augeretur,
3293 3932 3386 3975 aut
3421 3923 3644 3990 prolixa
3681 3923 4104 3976 instruerentur

845 4033 947 4087 gne
978 4017 1284 4085 exemplum
1316 4014 1520 4082 praebet
1546 4013 1879 4067 (ecumcnica
1913 4013 2151 4082 synodus
2187 4011 2412 4066 Chalce-
2517 4015 2642 4069 ﬁdei
2681 4014 3054 4084 professiones
3092 4016 3262 4068 instar
3300 4013 3566 4083 Symboli.
3607 4013 3862 4067 Prostant
3898 4014 4106 4082 hujus-

847 4109 1129 4172 donensis,
1169 4121 1310 4160 anno
1361 4105 1456 4158 451
1520 4103 1815 4158 celebrata.
1865 4103 2102 4157 Citatum
2159 4111 2324 4170 caput
2379 4102 2414 4154 2
2517 4110 2660 4164 modi
2711 4109 2953 4180 formulae
3003 4108 3057 4160 in
3109 4106 3447 4161 mcumen'tca
3499 4105 3709 4175 synodo
3759 4117 3910 4160 sexta
3963 4105 4106 4158 anni

850 4203 1224 4266 recole,num.
1254 4199 1287 4252 4
1323 4209 1379 4253 et
1413 4198 1820 4252 5.Admonente
1871 4196 2103 4266 Diogene
2145 4195 2414 4265 Cyziceno
2517 4201 2650 4265 630,
2689 4200 2744 4254 in
2777 4200 2991 4253 actione
3027 4197 3059 4251 4
3094 4205 3148 4250 et
3189 4197 3284 4258 10,
3321 4207 3376 4250 et
3413 4197 3467 4249 in
3503 4196 3715 4264 synodo
3751 4197 4110 4250 tecumenica

848 4297 1138 4363 opiscOpo,
1170 4290 1674 4344 animadverterunt
1701 4288 1919 4348 Patres,
1948 4286 2158 4340 Nictcno
2187 4286 2412 4351 simplici
2520 4307 2616 4356 ru,
2651 4289 2864 4345 Nicena
2900 4305 2958 4350 tt.
3012 4289 3139 4343 anni
3178 4288 3300 4350 787,
3338 4290 3392 4341 in
3427 4290 3646 4342 actione
3685 4289 3706 4339 l
3749 4299 3804 4342 et
3838 4291 3891 4343 3.
3930 4288 4113 4343 Moris

849 4389 996 4440 abuti
1032 4379 1301 4457 'Symbolo
1347 4381 1746 4452 Eutychianos,
1793 4381 1859 4434 ab
1907 4380 2098 4449 eisque
2145 4379 2413 4434 catholica
2520 4384 2747 4452 hujusce
2808 4397 2871 4436 ac
2911 4381 3214 4450 disciplinas
3253 4382 3360 4449 iam
3408 4381 3618 4448 pridem
3659 4382 3908 4450 exempla
3953 4397 4112 4450 prae-

853 4479 996 4547 rejici
1028 4476 1416 4537 additamenta,
1447 4489 1567 4541 qua:
1599 4472 1650 4525 in
1682 4471 1941 4541 Symbolo
1971 4473 2414 4537 Constantinopo~
2451 4507 2492 4557 ο

2451 4507 2492 4557 D
2523 4475 2761 4528 buerunt
2795 4474 3129 4526 Athanasius
3164 4489 3216 4525 tn
3252 4487 3347 4526 sua
3381 4471 3504 4538 fidei
3539 4474 3884 4537 expositione,
3915 4472 4113 4541 Cyril-

853 4569 1018 4619 litano
1047 4563 1491 4620 continebantur.
1511 4560 1659 4630 Opus
1687 4575 1805 4614 esse
1833 4571 2166 4614 censuerunt
2194 4560 2418 4628 ipsi,ut,
2523 4566 2606 4618 lus
2653 4563 3056 4617 Alexandrinus
3104 4565 3158 4617 in
3208 4579 3272 4616 ea
3321 4578 3486 4631 quam
3540 4564 3776 4617 inseruit
3823 4563 4118 4632 Synodiccr

852 4659 1297 4713 machinationem
1341 4670 1546 4707 omnem
1591 4655 1959 4706 haereticorum
2001 4662 2188 4705 contra
2229 4653 2421 4705 uerita—
2523 4654 2778 4718 Epistula:
2810 4656 2864 4708 in
2899 4655 3107 4724 synodo
3138 4656 3505 4709 Alexandrina
3538 4655 3679 4709 data:
3710 4671 3856 4708 anno
3886 4656 4017 4715 450.
4056 4668 4118 4710 et

852 4765 953 4803 tem
1002 4748 1246 4802 claudere
1289 4747 1538 4807 uolentes,
1579 4745 1676 4798 abs
1721 4745 1897 4813 rigore
1946 4743 2082 4812 legis
2133 4743 2421 4812 Ephesium
2523 4747 2760 4800 Joannes
2805 4747 3180 4800 Antiochenus
3225 4747 3279 4799 in
3327 4762 3388 4800 ea
3434 4762 3596 4815 quam
3643 4764 3740 4816 per
3790 4746 4121 4800 Emisenum

851 4843 1214 4898 abscederent
1249 4857 1264 4893 :
1305 4838 1646 4891 Decernentes
1688 4847 1808 4890 ante
1847 4838 2050 4900 omnia,
2088 4837 2242 4903 fidem
2280 4837 2419 4888 inte-
2524 4838 2820 4904 episcOpum
2877 4835 3108 4888 Paulum
3148 4851 3291 4890 anno
3337 4837 3442 4890 452
3505 4837 3570 4890 ad
3610 4837 3875 4905 Cyrillum
3918 4847 4121 4891 trans-

853 4955 1004 5008 gram
1035 4945 1081 4987 ct
1117 4936 1483 4986 intemeratum
1531 4944 1840 4997 permanere
1870 4936 2218 4981 trecentorum
2245 4929 2420 4979 decem
2525 4926 2690 4978 misit.
2738 4924 3002 4994 Sequiore
3047 4937 3290 4994 tempore
3335 4929 3388 4979 in
3429 4928 3684 4980 conciliis
3723 4940 3778 4982 et
3818 4931 3959 4982 actis
4001 4929 4122 4983 Ec-

854 5041 900 5080 t-t
932 5037 1044 5081 octo
1073 5035 1373 5077 sanctorum
1408 5021 1629 5074 Patrum
1659 5020 1732 5087 (id
1761 5030 1846 5074 est
1874 5019 2168 5084 Nicaenatn)
2197 5034 2210 5071 :
2241 5034 2302 5071 ac
2330 5021 2419 5071 do-
2525 5017 2704 5070 clesia‘.
2754 5028 3054 5070 occurrunt
3105 5018 3409 5070 innumera:
3460 5019 3635 5073 instar
3685 5019 3932 5089 Symboli
3991 5021 4120 5073 [οι-ο

854 5119 1080 5170 ctrinam
1128 5113 1518 5180 confirmantes,
1566 5126 1681 5178 autc
1731 5112 1794 5162 de
1843 5110 2140 5162 substantia
2192 5108 2418 5177 Spiritus
2528 5113 2708 5170 mulae,
2744 5112 2900 5178 queis
2935 5110 3016 5163 vel
3053 5110 3212 5163 ﬁdem
3247 5111 3516 5165 sinceram
3552 5117 3947 5180 proﬁterentur
3988 5116 4122 5174 alii.

853 5209 1020 5259 sancti
1061 5224 1091 5258 (ι
1135 5204 1376 5257 Patr-ibus
1415 5211 1618 5252 centum
1660 5201 2040 5267 quinquaginta
2081 5207 2260 5267 postea
2297 5214 2419 5250 con-
2527 5204 2611 5257 vel
2659 5203 2892 5271 injectus
2938 5205 3299 5257 amolirentur
3343 5204 3434 5258 alii
3483 5205 3842 5273 suspiciones.
3896 5206 4125 5262 Recole

854 5298 1083 5367 gregalis
1136 5297 1189 5348 in
1242 5295 1386 5360 regia
1442 5292 1651 5344 civitate
1703 5289 2253 5358 (Constantinopoli)
2309 5299 2419 5342 tra-
2526 5309 2647 5362 quae
2693 5295 2886 5348 latiore
2935 5294 3145 5347 calamo
3195 5295 3558 5348 disseruimus
3625 5296 3804 5364 capite
3850 5296 3886 5350 2
3941 5308 4002 5350 ct
4061 5299 4126 5354 3.

858 5395 964 5444 dita
992 5399 1063 5443 est
1089 5398 1298 5457 propter
1322 5386 1438 5440 illos
1466 5387 1553 5453 qui
1582 5381 1804 5451 Spiritui
1827 5393 2009 5435 sancto
2037 5385 2417 5452 repugnabant.
2525 5385 2797 5450 Quorsum
2847 5399 2974 5438 vero
3030 5385 3141 5438 haec
3192 5385 3414 5437 omnia?
3465 5385 3734 5438 Nimirum
3790 5397 3849 5440 ut
3907 5399 4129 5442 notum

862 5486 983 5537 llaec
1016 5483 1286 5536 habentur
1318 5479 1531 5532 actione
1564 5477 1616 5530 5.
1650 5475 2285 5544 Constantinopolitanos
2318 5475 2419 5529 Pa-
2526 5489 2977 5544 compertumque
3010 5475 3119 5532 ﬁat,
3158 5490 3465 5544 perperam,
3499 5491 3562 5530 ac
3597 5493 3733 5531 vano
3763 5491 4000 5541 conatu.
4042 5481 4120 5534 ir-

860 5590 969 5628 tres
1023 5571 1365 5639 commendat
1419 5568 1658 5638 synodus
1710 5566 2172 5621 Chalcedonensis
2247 5569 2315 5620 ob
2356 5581 2418 5618 ea
2529 5570 2743 5634 rituque
2778 5577 2924 5620 certe
2957 5576 3104 5628 voto,
3137 5577 3324 5619 contra
3359 5568 3638 5634 particula
3671 5567 3914 5636 Filioque
3953 5571 4135 5639 adje-

856 5668 1058 5736 quibus
1103 5662 1377 5716 Nicannnu
1444 5675 1644 5714 auxere
1690 5659 2008 5728 Symbolum
2049 5658 2420 5712 additamenta
2529 5663 2764 5710 ctionetn
2806 5660 3005 5725 opponi
3044 5672 3070 5709 a
3107 5657 3304 5710 Grtecis
3339 5657 3628 5726 Ephesium
3661 5660 3799 5728 legis
3834 5663 4130 5727 rigorem.

858 5769 1067 5826 prOptcr
1091 5756 1206 5809 illos
1234 5759 1321 5824 qui
1346 5754 1566 5823 Spiritui
1592 5763 1769 5806 sancto
1794 5753 2188 5817 repugnabant;
2215 5751 2421 5819 ipsunt-
2600 5748 2844 5817 Syntbolo
2871 5748 3452 5814 Constantinopolitano
3481 5765 3589 5803 non
3618 5752 3892 5810 utebatur.
3925 5767 4136 5819 neque

859 5867 962 5921 que
993 5851 1305 5920 Symbolum
1336 5849 1386 5901 iu
1418 5859 1760 5902 communem
1790 5844 1952 5898 totius
1983 5842 2234 5898 Ecclesia.-
2264 5843 2419 5898 Chri-
2526 5857 2763 5910 unquam
2799 5841 2927 5896 illud
2965 5841 3244 5908 osori-am
3273 5840 3512 5896 Ecclesia
3547 5841 3788 5896 Romana
3844 5843 3894 5897 in
3935 5845 4142 5895 buuti-
