4216 6438
158 405 253 467 217

156 530 326 572 [male
367 535 386 570 .'

159 611 419 681 Liturgic
465 618 673 678 partes.
711 608 887 662 ﬂores
929 606 1229 660 orientales
1265 606 1454 673 prima
1488 605 1541 657 in
1578 606 1739 659 Occi-

157 704 319 757 dente
379 703 615 756 imitat:
669 710 795 757 sunt
849 700 1231 769 Hispaniarum
1284 697 1569 762 Ecclesia,
1620 714 1741 767 qua

160 794 494 864 Symbolum
530 794 676 848 idem
703 802 859 848 sexto
889 791 1176 847 desinente
1206 790 1407 845 sarculo
1438 790 1581 842 inter
1614 790 1743 842 mis-

159 902 345 939 sarnrn
395 890 672 940 solemnia
708 900 906 939 canere
946 896 1255 952 carperunt.
1297 884 1572 950 simulque
1615 897 1743 935 voce

160 980 347 1032 addita
389 979 646 1046 Filioque
680 992 904 1033 auxere.
942 980 1139 1029 Anaam
1174 975 1378 1030 dedere
1413 976 1576 1029 Gothi
1600 1016 1614 1037 .
1652 976 1743 1042 qui

163 1071 458 1138 Hispanias
493 1073 875 1140 subjugarunt.
916 1071 991 1125 Ex
1026 1069 1251 1125 Oriente
1289 1085 1477 1125 secum
1518 1070 1617 1137 ipsi
1653 1070 1744 1122 de-

163 1165 411 1215 tulerant
444 1164 650 1215 Ariana
683 1163 969 1231 dogmata,
1010 1172 1062 1214 et
1098 1162 1514 1222 Macedonians,
1552 1171 1605 1213 et
1643 1161 1748 1213 Eu-

162 1256 421 1305 oomiana
457 1271 469 1304 :
501 1252 699 1305 Filium
732 1255 985 1305 minorem
1016 1252 1197 1314 Patre,
1226 1268 1289 1304 ac
1322 1250 1465 1304 Filio
1496 1253 1748 1303 minorem

163 1346 426 1413 Spiritum
476 1360 747 1405 sanctum.
796 1349 1097 1415 {actumque
1145 1362 1177 1398 a
1226 1344 1361 1398 Filio
1409 1346 1747 1412 profitentes.

165 1438 410 1503 Ejuratis
462 1440 570 1491 sub
626 1437 939 1493 lteccaredo
990 1452 1115 1507 rege
1166 1436 1353 1505 impiis
1401 1436 1749 1495 commentis,

166 1528 381 1581 Nicena
432 1529 562 1582 fidei
606 1530 840 1584 formula
885 1538 1139 1597 suscepta
1182 1537 1286 1593 est,
1327 1528 1567 1597 itemque
1611 1524 1752 1579 Con-

164 1618 681 1684 stantinopolitano.
724 1615 885 1671 Fides
926 1617 1139 1686 integra
1178 1622 1538 1672 sanctissima
1573 1616 1754 1669 Trini-

169 1710 285 1761 tatis
319 1718 378 1759 ut
414 1724 603 1761 coram
637 1710 923 1777 palamque
959 1710 1348 1777 proﬁterentur
1379 1724 1567 1762 omnes
1589 1747 1603 1768 ,
1638 1717 1749 1760 tum

170 1800 307 1852 inter
349 1800 648 1853 Missarum
694 1801 957 1854 solemnia
1002 1801 1123 1854 cani
1164 1811 1402 1870 emptum
1448 1799 1750 1869 Symbolum

168 1886 847 1956 Constaittimpolitanum,
882 1898 996 1942 tum
1029 1888 1206 1957 ipsum
1241 1905 1345 1942 una
1379 1890 1467 1941 illa
1502 1904 1632 1942 voce
1663 1888 1747 1940 Fi-
1778 1894 1823 1952 Β

170 1976 340 2043 lioque
392 1979 721 2031 adauctum.
769 1979 881 2031 Cur
928 1979 1072 2033 hanc
1119 1979 1240 2032 ﬁdei
1291 1989 1537 2047 partem,
1584 1994 1747 2045 quam

173 2068 440 2121 hactenus
481 2068 651 2123 Gothi
691 2069 1049 2139 denegabant,
1088 2071 1305 2138 publico
1343 2071 1601 2140 Symbolo
1642 2086 1749 2122 non

171 2160 516 2213 addidissent
561 2158 944 2229 llispaniarum
991 2160 1270 2225 Ecclesiae,
1314 2161 1575 2215 cordibus
1619 2162 1752 2213 ﬁde-

172 2252 292 2303 lium
328 2253 410 2305 uti
441 2252 813 2320 frequentius,
843 2258 913 2305 ita
950 2252 1273 2321 profundius
1304 2253 1754 2306 inscribendum?

169 2343 506 2412 iampridem
544 2346 791 2413 episcopis
826 2345 1319 2409 Tarraconensibus,
1346 2346 1754 2417 Carthaginien-

171 2439 324 2501 sibus,
364 2438 645 2491 Lusitanis
691 2448 847 2507 atque
881 2438 1097 2493 Gallicis
1134 2455 1280 2493 anno
1318 2440 1419 2493 H7
1462 2441 1753 2509 epismlam

174 2534 396 2586 dederat
432 2545 667 2587 sanctus
702 2533 811 2587 Leo
848 2533 1072 2604 Magnus
1104 2552 1118 2589 :
1154 2536 1407 2604 ipsosque
1442 2552 1561 2603 cap.
1602 2536 1651 2595 l.
1687 2535 1756 2588 de

173 2639 358 2678 eorum
413 2625 584 2694 223
636 2626 916 2694 impietate
963 2628 1221 2681 admonet
1269 2629 1363 2696 qui
1416 2628 1755 2691 sentiebant,

178 2735 269 2771 non
306 2720 481 2769 alium
517 2734 630 2770 esse
660 2719 747 2785 qui
780 2721 985 2787 genuit,
1017 2720 1185 2771 alium
1216 2721 1305 2787 qui
1338 2720 1539 2788 genitus
1570 2729 1675 2780 est,
1708 2730 1754 2772 et

180 2813 339 2863 alium
373 2816 468 2881 qui
502 2813 572 2863 de
606 2825 828 2880 utroque
864 2814 1134 2880 processit.
1170 2811 1373 2864 Eodem
1408 2828 1552 2865 anno
1588 2811 1759 2880 Regu-

181 2905 281 2956 lam
312 2905 441 2971 ﬁdei
479 2904 754 2969 scripsere
789 2904 961 2955 instar
991 2900 1225 2970 Symboli
1260 2902 1483 2970 Hispani
1522 2903 1709 2955 Patres
1741 2919 1755 2954 :

178 2997 553 3063 dicebantque
601 2995 655 3046 in
698 2996 933 3048 articulo
979 2992 1217 3062 Spiritus
1261 2994 1458 3057 sancti,
1507 2996 1682 3061 ipsum
1728 3009 1760 3045 a

184 3090 339 3140 Patre
386 3087 637 3156 Filioque
690 3087 985 3154 procedere.
1021 3086 1356 3140 Decretalem
1389 3086 1453 3138 ad
1486 3086 1761 3140 Iustinum

176 3182 450 3234 seniorem
491 3180 832 3247 Augustum,
870 3193 1014 3232 anno
1048 3179 1179 3239 52L
1219 3178 1594 3231 transmiserat
1628 3178 1759 3244 Epi-

176 3274 371 3325 stolam
422 3272 743 3324 Hormisdas
787 3286 945 3340 papa,
990 3270 1082 3323 ubi
1130 3271 1359 3339 legimus
1404 3288 1415 3322 :
1466 3269 1756 3336 PrOpriam

177 3364 412 3433 Spiritus
440 3364 618 3415 sancti
646 3378 773 3424 esse,
801 3373 856 3413 ut
882 3363 945 3413 de
972 3359 1134 3414 Patre
1159 3371 1206 3413 et
1235 3361 1366 3414 Filio
1393 3362 1639 3430 procedat
1667 3360 1759 3412 sub

178 3473 279 3505 una
314 3454 627 3506 substantia
666 3452 911 3506 Deitatis.
944 3451 1076 3506 Vide
1111 3463 1273 3521 caput
1310 3453 1342 3505 3
1364 3494 1377 3513 ,
1416 3469 1567 3505 num.
1601 3453 1633 3505 5
1657 3491 1671 3514 ,
1708 3461 1762 3504 et

178 3559 342 3615 caput
372 3550 427 3607 4,
463 3562 621 3600 num.
656 3547 703 3600 1.
734 3546 931 3600 Vocem
965 3546 1125 3606 hanc,
1157 3544 1422 3614 Filioque,
1454 3543 1762 3613 prolixiori-

183 3640 281 3690 bus
330 3639 462 3691 ﬁdei
515 3638 769 3691 formulis
812 3639 923 3707 jam
978 3638 1277 3698 insertam,
1326 3638 1390 3689 ad
1439 3635 1762 3705 Symbolum

181 3730 894 3798 Constantinopolitanum,
944 3729 1089 3797 quod
1141 3730 1285 3782 inter
1334 3729 1627 3780 missarum
1678 3742 1765 3779 so-

183 3824 389 3877 lemnia
422 3821 735 3886 canebant,
765 3822 870 3875 sibi
906 3822 1199 3875 transferre
1232 3828 1495 3890 putarunt
1529 3820 1609 3872 fas
1642 3834 1764 3873 esse

183 3913 593 3984 Hispaniarum
621 3911 913 3978 Ecclesia,
949 3912 1294 3981 disciplinam
1330 3921 1603 3965 sectantes
1642 3924 1764 3980 qua:

182 4006 616 4063 comenientior
653 4006 763 4060 visa
799 4005 977 4058 fuerat
1009 4005 1076 4057 ad
1116 4002 1274 4058 ﬁdem
1311 4014 1518 4059 rectam
1564 4004 1766 4058 docen-

184 4101 329 4159 dam,
384 4114 450 4153 ac
500 4098 810 4161 tutandam,
856 4097 1315 4165 servandamque.
1367 4096 1528 4150 Fides
1575 4111 1766 4150 earum

187 4212 290 4247 non
323 4204 448 4247 erat
478 4192 682 4255 altera,
710 4191 814 4245 hoe
844 4200 929 4247 est
958 4190 1186 4245 Nicaeum
1217 4189 1340 4244 ﬁdei
1373 4200 1428 4244 et
1458 4189 1770 4244 Constanti-

188 4288 531 4359 nopolitana:
570 4285 799 4339 adversa
840 4302 852 4337 :
900 4298 1076 4352 neque
1120 4283 1257 4337 ﬁdes
1300 4282 1493 4344 altera,
1537 4283 1641 4337 hoc
1686 4291 1771 4337 est

186 4381 428 4434 formula
470 4378 598 4431 ﬁdei
645 4378 905 4431 articulos
943 4376 1257 4439 continens,
1299 4390 1419 4442 qua
1462 4390 1491 4429 a
1535 4375 1768 4428 formula

189 4472 412 4525 Niczna
452 4481 513 4525 et
565 4469 1170 4537 ConstantinOpolitana
1204 4466 1453 4519 diﬁ‘erret
1485 4484 1497 4520 :
1528 4467 1623 4520 sed
1658 4469 1770 4519 hac

1314 404 1515 463 VITA.
1566 426 1627 437 —
1672 404 2174 465 DISSEllTATIO
2214 404 2290 463 ιι.

435 519 729 587 ipsumque
769 514 1013 569 nondum
1056 513 1355 568 admiserat
1398 515 1540 567 inter
1575 530 1743 567 sacrte
1774 524 1814 578 Α
1848 515 2068 568 demum
2097 516 2273 567 delata
2302 512 2366 566 ad
2398 512 2635 565 Leonem
2666 511 2730 563 ΙΙΙ
2776 526 3051 564 summum
3083 510 3414 575 pontiﬁcem.

3316 398 3421 461 218

1850 605 2093 658 Romana
2125 605 2400 664 Ecclesia.
2432 621 2553 673 quae
2585 606 2845 659 doctrina:
2874 608 3183 674 depositum
3218 605 3285 657 ah
3320 606 3421 657 ini-

1848 694 1923 746 tio
1972 705 2257 763 acceptum
2312 698 2562 750 servabat
2615 697 3021 759 intemeratum,
3071 695 3419 761 haerebatque

1848 787 2197 841 tenacissime
2229 790 2476 841 moribus
2505 791 2781 858 antiquis,
2816 790 2870 843 in
2902 804 2969 843 eo
2999 789 3145 858 quod
3178 799 3296 841 erat
3327 791 3421 841 do-

1846 897 1969 949 gma
2004 880 2146 945 ﬁdei,
2186 882 2409 933 immota
2445 882 2743 948 permansit
2779 898 2793 935 :
2830 882 2883 934 in
2920 896 3121 949 eoque,
3154 882 3298 947 quod
3338 896 3419 932 ec-

1847 972 2200 1025 clesiasticam
2254 973 2320 1026 ad
2378 974 2711 1038 disciplinam
2765 974 3086 1041 spectabat,
3142 972 3423 1039 publicum

1854 1066 1997 1117 inter
2045 1066 2330 1118 missarum
2377 1065 2643 1118 solemnia
2693 1066 2944 1133 permisit
2991 1064 3233 1134 Symboli
3282 1063 3396 1118 Con

1853 1158 2323 1225 stantinopolitani
2357 1167 2600 1213 cantum.
2634 1157 3023 1225 invectumque
3058 1156 3173 1209 tolli
3207 1155 3424 1207 addita-

1854 1258 2096 1301 mentum
2147 1250 2386 1317 optabat.
2432 1251 2501 1304 At
2552 1250 2684 1304 illud
2736 1249 3115 1318 Hispaniarum
3168 1248 3429 1302 Ecclesiae

1854 1352 2008 1395 sexto
2050 1358 2173 1396 tera:
2216 1343 2539 1395 Christianae
2582 1342 2783 1395 saeculo
2829 1349 3152 1409 receperant
3230 1341 3431 1393 retine-

1855 1436 2093 1505 bantque
2125 1453 2138 1488 :
2168 1436 2455 1503 ipsumque
2480 1436 2798 1503 amplexata:
2826 1443 2957 1489 sunt
3012 1433 3212 1487 strettlo
3235 1444 3429 1485 octavo

1854 1538 1911 1582 et
1944 1542 2087 1581 nono
2116 1526 2432 1588 Gallicanae.
2468 1527 2709 1596 itemque
2738 1526 3105 1584 Germanica.
3138 1538 3201 1579 ac
3234 1524 3432 1578 Italica:

1856 1622 1911 1675 in
1952 1636 2120 1689 regno
2157 1621 2355 1685 Italia,
2394 1621 2459 1673 ad
2502 1630 2702 1674 rectam
2741 1619 2901 1672 ﬁdem
2938 1618 3197 1671 tuendam
3234 1616 3432 1670 adver-

1856 1730 1979 1769 sum
2021 1713 2333 1770 Graecorum
2375 1713 2691 1767 molitioues
2731 1712 3047 1782 praesidium
3090 1710 3216 1765 inde
3254 1726 3436 1764 arces-

1856 1817 2060 1864 sentes.

1924 1899 2049 1953 Hinc
2096 1899 2244 1952 varia
2293 1898 2346 1952 iu
2400 1897 2697 1952 Occidente
2745 1896 3066 1963 disciplina,
3114 1894 3181 1949 ad
3235 1894 3435 1962 rigoris

1852 1992 2062 2058 apicem
2108 1990 2161 2042 in
2206 1990 2447 2043 Romana
2495 1989 2736 2043 Ecclesia
2783 1988 3081 2045 custodita,
3122 1988 3176 2040 in
3221 1986 3438 2039 cateris

1856 2098 1953 2149 pro
1974 2083 2141 2135 variis
2164 2083 2444 2149 regionum
2467 2080 2899 2133 circumstantiis
2920 2079 3207 2147 paululum
3233 2078 3431 2138 laxata,

1857 2174 2347 2237 schismatistinter
2376 2188 2468 2226 eas
2501 2172 2737 2240 praebuit
2765 2186 2954 2223 ansam
2990 2169 3215 2222 nullam.
3250 2168 3435 2221 Flore-

1858 2268 1948 2320 bat
1979 2266 2142 2337 225
2173 2282 2387 2319 summa
2418 2281 2516 2333 pax
2540 2306 2553 2328 ,
2585 2264 2908 2332 vigebatque
2941 2264 3152 2331 integra
3181 2278 3433 2315 commu-

1857 2360 1969 2413 nio.
2013 2361 2154 2425 Quin
2190 2361 2301 2413 imo
2352 2359 2596 2413 Romana
2624 2358 2845 2409 demum
2896 2355 3141 2410 Ecclesia
3191 2354 3432 2424 Symboll

1857 2451 2477 2519 Constantinopolitani,
2525 2450 2887 2518 ejusdemque
2942 2447 3260 2515 interpolati
3306 2463 3437 2499 can-

1861 2554 1973 2596 tum
2018 2542 2236 2596 admisit
2276 2543 2474 2595 saeculo
2512 2541 2803 2594 undecimo
2840 2540 2981 2592 inter
3019 2539 3310 2591 missarum
3352 2551 3439 2590 so-

1860 2635 2079 2696 lemnia,
2120 2636 2363 2688 moribus
2405 2635 2633 2686 aliarum
2674 2648 2796 2685 sese
2838 2631 3191 2683 conformaus
3231 2644 3333 2696 pro
3371 2645 3434 2681 ea

1861 2743 1965 2795 qua
2007 2728 2315 2794 potiebatur
2352 2726 2405 2777 in
2442 2726 2832 2777 ecclesiastica:
2867 2722 3177 2789 disciplinae
3214 2722 3436 2787 negotio

1862 2819 2139 2873 facultate.
2166 2817 2404 2871 Consule
2434 2816 2607 2882 capita
2638 2814 2922 2883 superiora
2955 2814 3083 2875 duo,
3114 2814 3147 2866 4
3173 2822 3229 2865 et
3257 2813 3308 2865 5.
3340 2813 3442 2864 Ar-

1862 2921 2118 2980 gumenta
2162 2924 2288 2963 vero
2328 2908 2439 2976 jam
2485 2909 2713 2961 collecta
2759 2917 2908 2967 sunt,
2958 2921 3079 2972 qua!
3123 2904 3438 2957 Graecorum

1864 3004 2144 3056 scissiouis
2195 3012 2518 3072 prteteatum
2596 3000 2847 3053 funditus
2893 3007 3149 3052 uertunt
3196 3012 3259 3050 ac
3312 3010 3442 3064 pro-

1863 3094 2068 3162 lligant.

1934 3187 1996 3239 ll.
2040 3186 2145 3240 Sed
2182 3187 2321 3238 hanc
2350 3184 2533 3245 vocis,
2570 3182 2836 3249 Filioque,
2869 3181 3235 3251 adiectionem
3266 3180 3439 3245 veluti

1865 3280 2112 3333 illicitam
2160 3279 2408 3331 incusant
2457 3277 2553 3339 illi,
2604 3290 2835 3343 eamque
2882 3274 3224 3342 ingeminant
3273 3271 3446 3339 Ephe-

1865 3375 1994 3426 sina-
2023 3371 2206 3441 synodi
2236 3369 2459 3422 decreto
2488 3369 2799 3421 adversam.
2831 3365 2948 3434 Ipse
2979 3364 3091 3417 Leo
3122 3364 3211 3425 Ill,
3244 3364 3443 3417 floma-

1867 3480 1968 3517 nus
1998 3461 2241 3531 pontifex
2277 3460 2605 3527 (inquiunt),
2637 3460 2688 3510 iu
2719 3458 3023 3510 Collatione
3052 3472 3175 3508 cum
3206 3454 3445 3507 Gallica-

1866 3556 1950 3607 nis
1995 3552 2271 3619 episcopis
2319 3552 2498 3604 aiebat
2551 3568 2566 3604 :
2620 3547 2765 3600 Licet
2812 3549 3042 3599 docendo
3092 3555 3348 3609 cantare,
3395 3552 3442 3597 et

1866 3646 2131 3699 cantando
2164 3646 2347 3697 docere
2380 3659 2396 3695 :
2425 3644 2515 3696 sed
2547 3643 2733 3693 illicile
2768 3643 2820 3693 in
2858 3642 3155 3709 prohibitis,
3192 3655 3283 3690 nec
3315 3639 3448 3689 scri-

1866 3718 2029 3792 bendo
2076 3756 2169 3790 nec
2210 3741 2473 3790 cantando
2519 3736 2635 3787 licet
2682 3736 2930 3786 inserere.
2982 3731 3141 3799 Legis
3184 3731 3443 3784 nimirum

1871 3834 2153 3900 Ephesinae
2191 3831 2355 3899 rigori
2394 3831 2633 3882 hauebat
2666 3843 2732 3880 eo
2772 3837 3015 3895 tempore
3051 3824 3293 3879 Ecclesia
3335 3825 3445 3878 Ro-

1869 3940 2024 3979 mana
2057 3943 2069 3977 ε
2106 3924 2200 3977 sed
2238 3924 2414 3991 ipsum
2452 3924 2687 3989 rigorem
2725 3920 2860 3985 legis
2899 3934 2997 3987 pro
3032 3919 3200 3970 variis
3235 3927 3446 3982 tempo-

1870 4034 1988 4070 rum
2018 4015 2447 4069 circumstantiis
2469 4052 2483 4073 .
2517 4024 2702 4081 utpote
2734 4014 2873 4063 intra
2905 4011 3110 4063 limites
3140 4010 3443 4077 disciplina

1871 4107 2255 4163 ecclesiastica:
2309 4106 2724 4163 consistentem,
2782 4103 3074 4171 temperari
3129 4116 3287 4169 posse
3334 4102 3447 4169 jam

1873 4209 2120 4256 noverat.
2158 4199 2413 4268 Optabat,
2449 4197 2869 4249 additamentum
2914 4195 3029 4247 tolli
3076 4209 3106 4246 a
3149 4193 3447 4247 Gallicanis

1873 4294 2145 4362 episcopis
2179 4310 2191 4345 :
2224 4292 2401 4359 deque
2434 4290 2598 4342 modo
2628 4288 2919 4341 consilium
2952 4287 3138 4348 dabat,
3170 4302 3272 4338 non
3305 4286 3447 4352 aﬂir-

1874 4387 2102 4447 mando,
2152 4383 2241 4435 sed
2292 4382 2593 4434 tractando.
2642 4380 2912 4433 Craterum
2962 4393 3093 4432 vero
3138 4377 3448 4431 Orientales

1874 4478 2037 4531 etiam
2072 4478 2200 4544 ipsa:
2232 4475 2490 4529 Ecclesiae
2516 4476 2585 4527 ab
2614 4474 2861 4542 ejusdem
2893 4472 3181 4540 Ephesium
3212 4470 3348 4538 legis
3378 4468 3452 4522 ri-

188 4565 385 4617 eadem
415 4575 673 4632 prorsus,
700 4574 822 4613 cum
852 4559 1013 4612 unius
1039 4558 1187 4611 vocis
1211 4558 1531 4611 orthodoxe
1558 4556 1759 4611 addita-

1878 4586 2006 4638 gore
2046 4576 2423 4629 recesserant,
2462 4581 2583 4634 quat
2626 4566 2753 4619 licet
2796 4565 2847 4618 in
2893 4564 3257 4632 baptismate,
3297 4572 3350 4615 et
3393 4562 3447 4614 in

194 4664 405 4715 mento,
437 4653 509 4707 ad
544 4652 867 4706 Arianorum
898 4650 1148 4704 baresim
1176 4650 1591 4704 elimiuandam.

261 4747 391 4799 Alio
433 4744 654 4796 invecto
698 4739 935 4809 Spiritus
980 4740 1153 4793 sancti
1200 4738 1468 4808 originem
1513 4740 1776 4793 vitiarunt

194 4836 559 4889 Honothelita
596 4846 806 4897 errore,
843 4845 1006 4901 quem
1044 4831 1206 4900 longe
1248 4831 1468 4899 lateque
1510 4846 1776 4900 prapaga-

195 4942 322 4982 runt
364 4926 709 4981 Iconomachi
744 4926 797 4977 in
831 4923 1077 4981 Oriente.
1114 4924 1311 4978 Filium
1345 4923 1715 4977 excludebant
1745 4939 1776 4978 a

194 5024 483 5077 consortio
512 5020 787 5089 spirativae
812 5034 938 5073 cum
968 5016 1128 5071 Patre
1157 5017 1377 5071 virtutis
1410 5036 1422 5071 :
1457 5018 1638 5086 deque
1671 5018 1777 5070 bae-

198 5120 300 5173 resi
354 5114 689 5173 incusabant
732 5113 978 5174 Latinos,
1030 5112 1393 5180 procedentem
1446 5110 1509 5163 ab
1558 5120 1777 5178 utroque

198 5212 467 5280 Spiritum
509 5216 753 5260 sanctum
800 5205 1140 5274 proﬁtentes.
1188 5203 1327 5256 Mota
1374 5202 1607 5270 quaestio
1651 5217 1776 5254 cum

200 5303 428 5357 Francis
458 5299 707 5353 discussa
738 5307 821 5351 est
850 5311 995 5349 anno
1025 5294 1149 5359 767,
1182 5294 1237 5348 in
1271 5294 1480 5363 synodo
1511 5293 1778 5347 Gentilia-

199 5397 348 5449 censi
390 5412 403 5445 :
442 5404 659 5462 proque
693 5387 949 5457 dogmate
984 5386 1109 5440 fidei
1149 5385 1317 5438 latum
1351 5384 1654 5439 decretum.
1693 5382 1779 5438 Fi-

200 5487 324 5539 dem
356 5485 526 5544 banc,
556 5491 760 5534 temere
787 5495 815 5533 a
842 5478 1048 5533 Graecis
1074 5478 1327 5531 violatam
1346 5516 1361 5539 ,
1390 5487 1449 5528 ut
1475 5490 1658 5530 coram
1690 5491 1780 5543 pa-

203 5580 423 5643 lamque
463 5576 859 5645 proﬁterentur
897 5570 1187 5626 Gallicanze
1234 5569 1511 5633 Ecclesiae,
1559 5580 1781 5637 sumpto

199 5687 265 5722 ex
299 5666 614 5737 ltrspaaicis
649 5664 924 5732 exemplo,
961 5677 1127 5717 sacrze
1162 5661 1420 5730 Liturgize
1454 5670 1663 5729 partem
1699 5662 1777 5714 fe-

202 5775 325 5814 cere
354 5757 681 5827 Symbolum
711 5753 1385 5821 Constantiuopolitanum
1416 5766 1539 5804 cum
1569 5752 1775 5804 addita-

203 5865 407 5909 menta.
438 5850 725 5908 ﬂxrescos
751 5865 1040 5905 censuram
1073 5846 1415 5903 iuculcabant
1444 5846 1639 5902 (inuti.
1673 5847 1778 5902 llus

1876 4676 2030 4716 sacra
2058 4659 2301 4727 Liturgia
2336 4656 2923 4724 Constantinopolitano
2954 4656 3187 4724 symbolo
3219 4669 3326 4707 non
3362 4654 3447 4706 iu-

1880 4754 2150 4818 terpolato
2183 4759 2500 4812 uterentur;
2533 4749 2585 4800 in
2617 4764 2769 4801 more
2800 4763 3018 4814 semper
3046 4748 3311 4807 habuere,
3341 4747 3451 4798 for-

1881 4844 2057 4896 mulas
2113 4842 2310 4893 alteras
2366 4840 2695 4908 prolixiores
2752 4835 3092 4898 instruendi,
3145 4836 3303 4904 queis
3358 4845 3459 4888 aut

1881 4933 2064 4985 tideles
2116 4942 2320 4984 rectam
2372 4931 2534 4983 ﬁdem
2589 4928 3019 4995 proﬁterentur,
3066 4938 3161 4980 aut
3214 4927 3451 4994 suspecti

1879 5026 2090 5093 seipsos
2130 5031 2521 5093 expurgarent.
2567 5020 2705 5074 Hinc
2752 5020 3069 5075 Florentina
3117 5020 3169 5073 in
3220 5023 3449 5087 synodn,

1878 5117 2080 5171 Graecis
2116 5113 2614 5172 consentientibus.
2650 5112 2935 5166 deﬁnitum
2974 5130 2986 5164 :
3028 5111 3451 5175 Explicationem

1879 5210 2150 5262 uerborum
2199 5208 2450 5271 illorum,
2503 5206 2782 5273 Filioque,
2830 5204 3068 5256 ueritatis
3118 5203 3455 5254 declarandae

1880 5300 2079 5367 gratia,
2109 5305 2155 5348 et
2182 5297 2489 5348 imminente
2516 5306 2639 5346 tunc
2670 5295 2997 5355 necessitate,
3029 5292 3169 5344 licite
3200 5308 3262 5345 ac
3295 5294 3457 5344 ratio-

1882 5389 2127 5445 nabiliter
2156 5386 2401 5457 Symbola
2432 5386 2591 5454 fuisse
2621 5386 2937 5455 appositam.

1956 5480 2286 5549 Eplu-siuarn
2322 5478 2493 5545 legem
2516 5516 2530 5539 ,
2563 5478 2779 5529 tametsi
2810 5475 2873 5527 ad
2905 5473 3334 5528 ecclesiasticam
3365 5473 3450 5526 di-

1883 5574 2168 5641 sciplinam
2202 5577 2441 5636 spectet,
2478 5568 2629 5620 nullo
2659 5566 2797 5620 solvi
2831 5566 3086 5619 debuisse
3118 5564 3311 5627 modo,
3344 5562 3451 5617 nisi

1884 5670 2071 5720 saltem
2104 5663 2296 5732 synodi
2328 5662 2603 5731 generalis
2632 5661 2957 5713 auctoritate
2989 5659 3315 5718 accedente,
3350 5659 3451 5709 ite-

1888 5775 2005 5810 ruru
2037 5758 2244 5810 instant
2271 5756 2460 5806 eadem
2490 5767 2704 5821 semper
2731 5752 3053 5803 aberrantes
3079 5749 3303 5802 chorda.
3336 5746 3450 5801 Lit-

1888 5862 2034 5915 tum,
2066 5863 2181 5917 qua:
2212 5846 2432 5904 occidit.
2466 5846 2584 5914 plus
2617 5842 2781 5897 nitnio
2816 5841 3099 5896 ἰιιιιωτρηι.
3134 5839 3446 5895 Formnlarn
