4216 6438
791 430 888 492 231
1736 427 2060 488 GEORGII
2109 427 2362 488 CYPRII
2402 427 2456 487 Cl

2326 427 2362 485 I1
2402 427 2507 490 ΟΡ.
2556 429 3065 489 PATRIARCILE
3909 432 3991 497 9.32

792 524 899 575 λων
931 523 1210 592 ὑϐριστὰς,
1245 522 1371 582 τοὺς
1396 518 1539 573 οὕτω
1607 519 1703 590 τὴν
1750 520 2065 590 θεολογικὴν
2101 520 2386 588 μετιόντας
2424 521 2563 586 ὁδὸν,
2623 522 2674 572 τί
2713 523 2777 573 ἓν
2829 524 2958 592 παρ’
2993 526 3123 591 ἡμῖν
3166 523 3391 595 κληθείη
3427 525 3583 588 αὐτὲς
3611 529 3640 578 ὁ
3687 528 3870 580 οἴκοθεν
3915 536 3991 581 καὶ

796 619 904 667 ἀπὸ
967 616 1180 677 κοιλίας
1246 616 1369 675 νέας
1398 615 1522 684 ἄρτι
1545 614 1826 683 δογμάτων
1858 614 2042 680 φωνὰς
2073 617 2136 682 τῇ
2201 613 2292 665 τοῦ
2316 613 2451 666 Θεοῦ

2329 613 2451 666 θεοῦ
2481 615 2868 684 εἰσηγούμενος
2919 616 3213 687 ἐκκλησίᾳ.
3280 621 3344 670 At
3410 622 3661 680 reritatis,
3734 622 3994 690 qualemn

794 712 904 779 ipse
969 711 1118 772 dicit,
1150 707 1442 778 pra'clarua
1478 707 1684 767 uindex,
1743 707 1834 775 qui
1858 706 2266 758 calumniatores
2333 716 2382 758 et
2420 715 2724 759 sanctorum
2787 708 3159 761 conviciatore:
3224 727 3313 764 nos
3349 722 3516 772 rorat,
3555 715 3642 781 qui
3688 714 3784 764 hac
3819 717 3988 768 ratione

795 816 876 852 rex
914 801 1218 869 theologica:
1260 807 1571 861 tractamus,
1602 800 1815 867 quinam
1843 815 1874 850 a
1903 795 2048 850 nobis
2076 798 2184 867 ipse
2215 797 2635 867 compellabitur,
2706 800 2794 866 qui
2841 814 2904 851 επ
2966 802 3193 870 propriis
3258 804 3364 855 suis
3389 843 3402 865 ,
3446 815 3491 855 et
3550 823 3684 858 nunc
3729 808 3924 874 primum
3965 824 3989 859 e

793 903 971 945 centre
1001 893 1229 944 novellas
1255 891 1568 960 placitorum
1628 905 1770 942 uoces
1839 891 1891 942 in
1953 887 2186 940 Ecclesia
2226 886 2320 939 Dei
2378 888 2614 959 proferre
2641 889 2988 957 aggreditur?
3043 889 3436 945 Testimonium
3467 897 3608 948 istud
3661 897 3807 951 Becci
3847 898 3999 952 obiter

796 987 973 1044 attuli,
1006 999 1115 1052 quo
1138 984 1469 1043 erineerem,
1498 997 1836 1050 nequaquam
1894 995 2042 1044 eum,
2094 983 2224 1034 dum
2283 981 2592 1049 patriarcha
2646 983 3285 1051 Constantinopolitanus
3348 998 3513 1046 esset.
3579 990 3839 1043 Palaznam
3887 992 4004 1059 ejus-

803 1099 905 1149 que
951 1097 1167 1134 errores
1215 1079 1623 1150 proscripsisse,
1669 1079 1882 1132 tametsi
1935 1078 1986 1132 id
2030 1078 2358 1132 Combelisio
2401 1086 2620 1139 nostro,
2675 1080 2895 1146 quando
2951 1084 3250 1134 secundani
3317 1084 3606 1136 n0Vi53llhi
3663 1084 3746 1136 sui
3796 1085 4001 1138 Auctarii

797 1186 1005 1240 partem
1040 1176 1253 1236 edebat,
1297 1188 1616 1242 persuasum
1668 1172 1813 1225 fuit:
1851 1173 1984 1241 quin
2039 1174 2218 1242 potius
2250 1171 2477 1225 Palamze
2533 1170 2794 1242 Cyprium
2860 1175 3158 1241 praeivisse,
3221 1177 3445 1245 ejusque
3515 1178 3762 1231 haeresim
3807 1178 3904 1231 suis
3957 1177 4004 1230 in

796 1272 1014 1336 scriptis
1041 1279 1230 1323 contra
1259 1270 1490 1322 Bcccum
1536 1267 1932 1337 pradormasse.
1976 1269 2341 1334 Quamobrem
2379 1267 2616 1323 Joannes
2653 1270 2744 1324 ille
2800 1271 3128 1338 patriarcha,
3167 1287 3194 1325 a
3256 1290 3364 1341 quo
3421 1273 3744 1342 Gregorium
3767 1273 4001 1326 Palamam

794 1362 1029 1428 primunt
1065 1361 1232 1414 luisse
1297 1362 1613 1414 damnatum
1646 1359 2052 1430 Cyparissiotus
2103 1361 2346 1422 tradidit,
2385 1370 2479 1414 aut
2510 1360 2749 1415 Joannes
2810 1361 3012 1433 Glycos
3039 1364 3160 1427 fuit,
3193 1375 3286 1417 aut
3341 1367 3519 1432 potius
3545 1369 3778 1418 Joannes
3814 1364 4012 1420 Calecas

793 1458 1068 1523 Aprcnus,
1121 1456 1287 1508 Esaia:
1347 1469 1675 1520 successor,
1740 1455 1884 1524 quod
1948 1471 2071 1508 cum
2135 1455 2378 1509 historiis
2416 1454 2782 1509 Cantacuzeni
2852 1465 2908 1510 et
2962 1456 3256 1524 Nicephori
3298 1457 3551 1527 Gregorae
3609 1471 4006 1512 consentaneum

795 1565 1018 1617 prorsus
1049 1559 1158 1603 est.
1227 1549 1454 1604 Joannis
1491 1549 1644 1603 Becci
1675 1547 1937 1603 adversus
1983 1558 2191 1602 tomum
2249 1550 2656 1603 lucubrationes
2693 1551 2905 1603 animos
2969 1551 3299 1605 adversariis
3362 1552 3608 1620 Gregorii
3680 1552 4014 1607 addiderunt.

794 1655 854 1697 ut
884 1643 1295 1695 ardentiuribus
1353 1642 1550 1695 studiis
1583 1650 1774 1695 contra
1814 1642 1967 1695 illum
2039 1643 2404 1710 insurgerent.
2450 1640 2652 1693 Horum
2685 1642 2945 1712 ρηεοίρυί
2974 1653 3134 1696 erant
3179 1643 3415 1697 Joannes
3449 1644 3652 1709 Chilas,
3698 1645 4017 1712 metropolita

794 1739 1126 1806 Ephesinus,
1195 1739 1377 1790 Daniel
1409 1737 1733 1809 Cyzicenus,
1800 1751 1856 1791 et
1908 1738 2242 1806 Theoleptus
2300 1737 2815 1805 Philadelphiensis,
2878 1753 3001 1790 cum
3035 1740 3234 1805 quibus
3286 1754 3343 1791 se
3377 1739 3584 1792 Husan
3628 1755 3846 1806 magnus
3878 1739 4015 1806 logo-

797 1832 942 1886 thvta
979 1829 1244 1901 adiunxit.
1281 1832 1392 1887 Leo
1426 1832 1657 1887 Allatius
1715 1831 1812 1886 lib.
1872 1847 1907 1885 Il
1956 1830 2032 1883 De
2083 1847 2344 1891 εοηεεηε..
2386 1845 2506 1898 cap.
2570 1829 2657 1892 ll,
2691 1831 2797 1884 col.
2843 1831 2967 1896 513,
2997 1831 3240 1884 libellum
3284 1830 3472 1884 Graec
3528 1830 3820 1899 Latineque
3842 1831 4020 1894 edidit,

794 1939 958 1992 quem
1014 1924 1198 1978 Chilas
1249 1925 1564 1993 imperatori
1618 1935 1811 1978 contra
1871 1933 2076 1977 tomum
2127 1923 2344 1976 obtulit.
2386 1922 2540 1987 Quod
2611 1925 2664 1976 in
2696 1939 2857 1976 causa
2887 1924 2990 1978 fuit
3048 1934 3106 1977 ut
3148 1923 3382 1993 Cyprius
3438 1926 3566 1976 tomi
3627 1925 3705 1976 sui
3746 1925 4022 1991 expositio-

797 2021 1230 2081 nemseriberet,
1267 2036 1387 2088 qua:
1452 2035 1598 2072 nunc
1634 2020 1871 2086 primum
1925 2019 2107 2086 prodit
2140 2035 2204 2074 ex
2268 2020 2390 2072 cod.
2435 2020 2565 2086 Reg.
2625 2019 2782 2075 5449..
2840 2019 2896 2072 In
2950 2036 3014 2074 ea
3048 2021 3389 2086 exp0sitione
3455 2019 3787 2073 contendere
3841 2018 4024 2087 peigit,

795 2116 958 2166 aliam
1021 2129 1140 2168 esse
1174 2130 1420 2184 personae.
1446 2113 1643 2166 divinae
1699 2112 1942 2181 Spiritus
1973 2113 2143 2165 sancti
2179 2112 2585 2182 processionem
2650 2113 2718 2166 ad
2749 2112 3146 2168 exsistendum.
3183 2123 3233 2164 et
3301 2112 3460 2164 aliam
3522 2111 3584 2164 ad
3625 2110 3976 2178 eﬂulgeudmn
4013 2126 4025 2163 :

795 2206 1022 2270 primum
1093 2205 1244 2258 innui
1325 2220 1354 2257 a
1413 2205 1694 2271 Scriptura
1746 2214 1800 2257 et
1850 2202 2142 2264 Patribus,
2215 2203 2437 2271 quando
2480 2203 2718 2270 Spiritus
2781 2204 2983 2258 dicitur
3031 2220 3059 2257 a
3109 2203 3265 2258 Patre
3322 2204 3656 2271 procedere;
3726 2200 4027 2262 secundam,

794 2297 1014 2363 quando
1064 2312 1091 2348 a
1141 2297 1298 2349 Patre
1349 2313 1444 2366 per
1490 2297 1705 2349 Filium.
1757 2293 2023 2348 Cmterum
2080 2295 2343 2348 Joannem
2387 2295 2620 2349 Bcccum
2685 2297 2902 2366 perjurii
2940 2309 3180 2355 accusat.
3245 2307 3298 2349 et
3329 2297 3573 2349 libellum
3604 2294 3812 2355 recitat,
3871 2310 4026 2362 quem

799 2389 911 2451 ille,
974 2388 1041 2440 ad
1102 2390 1357 2442 clleratos
1411 2390 1693 2442 adversum
1742 2404 1801 2441 se
1858 2388 2150 2455 plebecula:
2215 2388 2430 2440 animos
2471 2387 2786 2455 placandos,
2853 2387 3089 2456 Josepho
3143 2388 3459 2457 patriarchae
3511 2388 3756 2450 dederat,
3808 2385 4035 2439 subscri-

800 2495 1112 2552 pseratque.
1178 2499 1276 2538 ceu
1321 2484 1636 2537 Latinorum
1669 2483 1907 2553 dogmati
1966 2483 2380 2536 abrenuntiarct
2420 2493 2475 2536 et
2528 2483 2929 2538 abdicationem
2959 2500 3109 2537 suam
3141 2485 3487 2553 approbaret.
3552 2483 3665 2547 Qua
3702 2497 3828 2534 vero
3861 2493 4038 2536 mente

799 2576 999 2629 Boccns
1026 2576 1074 2628 id
1103 2579 1379 2643 gessisset,
1409 2577 1640 2644 ipsemet
1670 2575 1967 2628 declaravit
1994 2574 2149 2626 initio
2208 2574 2629 2641 disceptationis
2659 2592 2790 2638 suae,
2861 2591 3021 2643 quam
3085 2575 3139 2626 in
3203 2573 3437 2627 concilio
3494 2587 3678 2626 coram
3719 2573 4040 2638 imperatore

796 2670 975 2735 ipsum
1044 2669 1298 2720 habuisse
1372 2667 1613 2733 narravi,
1668 2683 1898 2736 qumque
1947 2669 2141 2720 horum
2194 2667 2445 2718 omnium
2493 2679 2736 2718 motuum
2779 2683 2941 2720 causa
2978 2667 3204 2720 exstitit.
3261 2664 3488 2733 Insuper
3544 2679 3671 2717 Vero
3713 2663 4042 2730 Theoleptus

804 2763 1105 2830 Cyzicenus
1142 2761 1463 2830 patriarcha:
1508 2760 1770 2829 Gregorio
1829 2759 2048 2828 objecit.
2094 2760 2146 2812 in
2202 2769 2346 2812 tumo
2387 2760 2612 2827 vestigia
2644 2761 2867 2827 reperiri
2919 2761 3099 2829 impiae
3138 2760 3403 2813 doctrina:
3440 2757 3605 2810 Marci
3633 2757 3904 2818 monachi,
3945 2755 4041 2822 qui

800 2858 1004 2911 librum
1061 2872 1236 2922 nuper
1259 2857 1626 2923 evulgaverat.
1654 2856 1711 2906 in
1762 2869 1872 2921 quo
1899 2868 2095 2907 nomen
2125 2853 2420 2922 προϐολεὺς
2463 2856 2763 2921 productor,
2797 2856 3052 2923 ambiguo
3084 2857 3308 2925 perinde
3353 2869 3515 2908 sensu
3546 2864 3863 2922 usurpatum
3905 2869 4031 2905 nar-

799 2960 880 3002 rat
909 2949 1301 3018 l’acbymei'es,
1349 2947 1423 3007 ὼς
1469 2948 1563 2999 καὶ
1618 2946 1775 3007 αὐτὸς
1801 2946 2134 3014 ὀμωνυμίζει
2181 2947 2279 3014 τὴν
2314 2944 2456 3007 λέξιν

2375 2944 2456 3007 ξιν
2497 2946 2817 3014 προϐολεύς.
2849 2945 3002 3002 Hunc
3026 2949 3264 3002 Marcum
3307 2949 3668 3016 alienigenam
3700 2946 3890 3007 fuisse,
3925 2961 4040 2997 non

805 3048 1076 3107 Grazcnm,
1107 3045 1247 3096 idem
1275 3044 1570 3096 historicus
1596 3041 1782 3105 tradit,
1850 3049 1904 3094 et
1934 3051 2194 3109 quantum
2264 3055 2329 3092 ex
2357 3042 2714 3109 inscriptione
2749 3044 3114 3097 confessionis
3147 3044 3416 3110 Gregorii,
3474 3043 3540 3094 de
3603 3056 3707 3108 qua
3750 3054 3870 3092 mox
3905 3039 4052 3091 dice-

799 3154 908 3207 tur,
939 3144 1235 3210 coiligitnr,
1280 3156 1343 3195 ex
1377 3140 1600 3194 Hebraeo
1639 3139 1980 3193 Christianus
2010 3139 2184 3191 factus
2223 3137 2421 3200 fuerat,
2464 3153 2526 3191 ac
2567 3141 2799 3193 subinde
2830 3144 3146 3194 monachus.
3193 3140 3266 3193 Ex
3323 3155 3430 3207 quo
3472 3138 3771 3192 ret‘incitur
3813 3135 4052 3204 amplius

799 3239 1072 3294 errorviri
1096 3237 1238 3289 illius
1279 3236 1480 3304 alioqui
1524 3235 1844 3300 doctissimi,
1905 3234 1996 3302 qui
2038 3233 2275 3287 Marcum
2303 3233 2447 3287 hunc
2489 3235 2740 3289 eumdem
2789 3251 2907 3288 esse
2961 3237 3170 3304 putavit
3217 3251 3278 3288 ac
3325 3236 3561 3287 Marcum
3601 3231 3897 3301 Ephesium
3949 3228 4052 3295 qui

808 3342 933 3401 post
994 3345 1214 3386 centum
1257 3341 1309 3384 et
1339 3330 1726 3400 quinquaginta
1757 3346 1927 3383 annos
1959 3341 2147 3384 contra
2181 3329 2406 3384 Latinos
2447 3332 2743 3400 disputavit
2785 3333 2837 3385 in
2861 3333 3069 3401 synodo
3089 3333 3419 3386 Florentina.
3443 3332 3565 3398 Ejus
3595 3329 3814 3398 quidem
3867 3327 4054 3378 errori

797 3425 978 3476 favere
1014 3424 1247 3485 videtur,
1309 3422 1450 3489 quod
1512 3422 1564 3474 in
1631 3423 1806 3476 indico
1866 3423 2212 3478 Bibliotheca!
2267 3423 2462 3478 Scoriai

2394 3424 2867 3492 'iacensilegatur,
2931 3424 3228 3493 Γρηγορίου
3290 3423 3623 3492 πατριάρχου
3691 3422 4059 3472 Κωνσταντι-

793 3520 1096 3578 νοπτόλεως
1157 3517 1248 3568 τοῦ
1323 3517 1568 3585 Κυπρίου
1619 3518 1878 3583 ἀπολογία
1949 3520 2026 3579 εἰς
2071 3519 2168 3584 τὴν
2227 3519 2458 3570 ἐπιστολὴ

2399 3519 2521 3588 fetv
2565 3518 2792 3585 Μάρκου
2819 3518 2909 3568 τοῦ
2963 3518 3206 3584 Ἐφέσου.
3270 3517 3508 3585 Gregorii
3557 3518 3874 3584 patriarchae
3915 3515 4064 3563 Cor.-

795 3610 1248 3679 stantinopotitani
1312 3610 1490 3679 Cyprii
1553 3611 1792 3681 apologia
1830 3613 1884 3662 in
1940 3611 2214 3679 epistolam
2267 3611 2435 3663 Marci
2509 3611 2738 3679 Ephesii.
2782 3611 2980 3664 Verum
3035 3611 3244 3664 librarii
3293 3612 3578 3664 oscitantia
3643 3610 3724 3661 vei
3775 3608 4062 3676 imptritia

794 3706 997 3757 laetum
1056 3713 1158 3765 est,
1193 3713 1250 3756 ut
1315 3720 1414 3756 vox
1449 3703 1542 3755 τοῦ
1577 3705 1844 3772 Κυπρίου,
1879 3705 2080 3774 Cyprii,
2131 3705 2416 3773 interiecta
2459 3707 2530 3759 sit
2566 3724 2578 3757 :
2617 3721 2740 3759 cum
2781 3709 2880 3759 hoc
2933 3721 3067 3774 Opus
3111 3707 3442 3759 reddendum
3498 3707 3568 3759 sit
3607 3704 3871 3772 Gregorio
3923 3716 4064 3769 pro-

795 3798 1115 3865 tosyncello,
1178 3802 1269 3866 qui
1311 3809 1617 3868 postremus
1685 3800 2109 3870 Byzantiuorum
2169 3801 2605 3867 patriarcharum
2640 3801 2760 3865 fuit,
2825 3816 2951 3854 ante
3017 3801 3507 3870 captama’l‘urcis
3546 3801 3880 3854 civitatem:
3939 3797 4060 3847 nisi

797 3898 974 3940 tanien
1013 3904 1112 3956 pro
1136 3891 1361 3959 Μάρκου
1422 3889 1516 3942 τοῦ
1563 3889 1787 3956 Ἐςέσου
1851 3891 2200 3944 scribendum
2239 3891 2423 3954 fuerit,

2403 3930 2423 3954 .,
2477 3891 2720 3943 Ἰωάννου
2751 3891 2842 3946 τοῦ
2887 3894 3108 3960 Ἐφέσου
3139 3892 3362 3946 Joannis
3396 3892 3630 3959 Ephesii,
3663 3891 3835 3945 Chiis
3903 3889 4068 3944 scili-

797 3995 886 4036 cet
915 3985 1211 4039 adversarii
1265 3986 1507 4054 Gregorii
1545 3986 1765 4055 Cyprii;
1797 3984 1938 4055 quod
1988 3986 2167 4040 obiter
2232 4001 2260 4039 a
2323 4001 2411 4040 me
2448 3987 2654 4039 dictum
2696 3988 2787 4039 sit.
2829 3988 2994 4054 Atqui
3025 3989 3234 4040 Marcus
3269 3989 3357 4041 ille
3407 3988 3708 4041 monachus
3778 3988 4062 4054 exiguum

797 4078 1054 4130 volumen
1112 4077 1255 4145 quod
1320 4079 1650 4146 scripserat,
1703 4077 2052 4131 emendatum
2121 4078 2394 4145 iactabat,
2434 4090 2489 4131 et
2536 4079 2893 4147 approbatum
2963 4097 2992 4132 a
3049 4081 3398 4148 patriarcha,
3458 4079 3679 4148 quicum
3731 4079 4069 4133 arctissima

793 4169 1199 4228 necessitudine
1250 4169 1598 4240 iungebatur.
1630 4169 1745 4236 Qua
1789 4185 1849 4224 re
1892 4171 2088 4225 factum
2160 4182 2282 4234 est,
2359 4181 2419 4224 ut
2492 4175 2676 4225 statim
2731 4183 2895 4241 atque
2945 4171 3109 4226 Marci
3159 4175 3298 4227 liber
3348 4173 3582 4226 emissus
3643 4172 3697 4224 in
3758 4173 4071 4240 publicum

794 4267 918 4322 fuit.
958 4265 1252 4330 Gregorius
1303 4266 1539 4337 Cyprius
1592 4268 1715 4337 ejus
1763 4277 1954 4321 auctor
2023 4267 2263 4321 censitus
2331 4267 2420 4321 sit.
2496 4271 2668 4332 Quam
2726 4269 3162 4322 criminationem
3225 4269 3532 4338 patriarcha
3604 4277 3662 4321 ut
3725 4269 4072 4335 repelleret.

793 4357 1199 4426 Confessionem,
1251 4373 1411 4425 quam
1479 4359 1612 4423 dixi,
1677 4359 1800 4425 ﬁdei
1829 4358 2094 4422 condidit,
2126 4375 2232 4426 qua
2278 4358 2443 4413 Marci
2485 4360 2732 4429 dogmata
2795 4373 3110 4415 exsecratus
3148 4371 3251 4415 est.
3307 4362 3360 4412 Id
3401 4360 3544 4428 quod
3577 4363 3741 4413 etiam
3771 4361 3826 4412 in
3874 4360 4077 4413 altero

790 4452 1036 4519 supplice
1099 4451 1165 4504 ad
1209 4453 1581 4506 Andronicum
1617 4454 1999 4521 imperatorem
2035 4454 2216 4507 libello
2275 4457 2548 4522 praestitit.
2613 4457 2831 4509 Interim
2868 4458 2960 4523 qui
3007 4474 3102 4525 pro
3159 4456 3423 4525 Gregorio
3485 4457 3721 4515 stabant,
3792 4458 4060 4507 Athana-

793 4541 931 4592 sium
987 4539 1435 4604 Alexandrinum,
1468 4543 1796 4610 imperatore
1849 4553 2144 4603 annuente.
2194 4545 2523 4611 compellant
2574 4556 2632 4598 ut
2672 4555 2815 4599 tomo
2886 4547 3190 4599 subscribat
3231 4563 3244 4597 :
3321 4545 3466 4614 quod
3504 4555 3686 4598 tamen
3727 4544 3820 4598 ille
3863 4545 4078 4598 facere

792 4637 1009 4699 noluit;
1050 4648 1305 4690 causatus
1340 4637 1444 4690 sibi
1484 4637 1616 4691 satis
1678 4637 1772 4691 otii
1802 4638 2152 4701 etfaeultatis
2189 4654 2294 4692 non
2333 4655 2453 4693 esse
2475 4640 2540 4692 ad
2564 4641 2802 4710 singulas
2849 4642 2969 4708 ejus
3021 4657 3180 4695 ioces
3233 4641 3616 4708 explora-udas,
3670 4657 3736 4696 eo
3807 4642 4087 4694 maxime

789 4732 935 4799 quod
1007 4731 1731 4801 Constantinopolitanorum
1796 4750 1975 4788 mores
2020 4745 2076 4787 et
2141 4750 2336 4789 sensus
2372 4747 2686 4805 perspectos
2716 4752 2822 4790 non
2894 4736 3140 4790 haberet.
3202 4736 3298 4789 His
3363 4747 3671 4789 commotus
3712 4736 4087 4803 imperator.

789 4825 988 4877 ardens
1019 4839 1175 4877 suum
1213 4838 1339 4893 erga
1400 4824 1660 4894 Cyprium
1714 4826 1956 4880 studium
2021 4836 2328 4893 temperare
2371 4829 2558 4894 coapit,
2605 4829 2762 4895 eique
2838 4829 3167 4896 colloquium
3197 4829 3475 4896 publicum
3518 4830 3790 4891 exoranti,
3827 4831 3884 4880 in
3953 4845 4092 4897 quo

788 4930 1024 4974 mentem
1065 4921 1278 4988 planius
1308 4935 1459 4973 suam
1520 4921 1836 4989 explicaret,
1869 4923 2060 4974 annuit
2114 4923 2350 4989 primum
2374 4963 2389 4986 ,
2433 4938 2556 4976 mox
2616 4939 2746 4976 vero
2780 4937 2982 4977 mutata
3003 4926 3272 4978 sententia
3304 4924 3517 4983 abnuit.
3554 4925 3764 4977 veritus
3798 4937 3874 4976 ne
3913 4924 4090 4975 idem

782 5017 1064 5070 accideret
1095 5016 1238 5083 quod
1297 5017 1352 5070 in
1388 5019 1664 5071 anteriore
1685 5032 1809 5071 cum
1847 5017 2020 5070 Becco
2087 5016 2481 5084 disputatione.
2523 5034 2588 5071 ex
2624 5035 2730 5086 qua
2795 5035 2881 5072 res
2949 5021 3205 5074 Ecclesiae
3257 5019 3432 5072 nihilo
3497 5021 3804 5086 pacatiores
3849 5033 4090 5070 evase-

791 5120 936 5164 rant.
1015 5111 1153 5177 Quin
1206 5112 1315 5164 imo
1349 5113 1695 5166 Andronicus
1731 5112 1902 5176 misit,
1948 5113 2040 5181 qui
2106 5113 2250 5166 sedis
2285 5112 2682 5166 abdicationem
2730 5114 2797 5166 ab
2861 5115 2977 5176 ipso
3006 5123 3312 5181 poscerent.
3381 5112 3499 5164 Jatn
3538 5113 3684 5166 enim
3725 5109 3990 5180 Cyprius
4049 5125 4091 5162 e

790 5208 1134 5276 patriarchali
1201 5210 1362 5264 domo
1422 5212 1474 5263 in
1541 5209 1884 5278 Hodegorum
1939 5209 2330 5263 monasterium
2372 5209 2822 5278 migraverat,in
2877 5224 2986 5277 quo
3050 5208 3357 5262 scribendis
3392 5224 3486 5276 pro
3541 5223 3639 5261 sua
3702 5208 4085 5260 defensione

787 5304 946 5357 libris
973 5304 1217 5354 vacabat.
1241 5304 1478 5357 Posthac
1506 5314 1714 5366 autem,
1776 5319 1842 5356 ne
1878 5303 2184 5370 patriarcha
2227 5301 2506 5356 inauditus
2543 5303 2917 5362 damnaretur,
2994 5303 3272 5369 publicum
3339 5309 3668 5354 conventum
3733 5302 4092 5368 imperator

787 5399 975 5456 edixit.
1011 5397 1064 5450 in
1100 5413 1208 5466 quo
1242 5399 1376 5451 lecta
1399 5408 1482 5453 est
1509 5399 1656 5453 illius
1692 5399 1959 5467 Confessio
1994 5399 2136 5462 fidei,
2201 5408 2255 5451 et
2288 5397 2356 5452 ab
2395 5399 2541 5452 omni
2575 5413 2752 5467 prava:
2773 5399 3033 5452 doctrina:
3063 5400 3374 5468 suspicione
3442 5398 3702 5450 immunis
3763 5395 4091 5465 judicatn.

785 5491 1153 5546 Nihilominus
1191 5493 1498 5562 Ephesinus
1541 5495 1884 5563 metropolita
1931 5504 1986 5547 et
2027 5494 2330 5563 Cyzicenus
2368 5496 2546 5563 palam
2608 5496 2889 5562 protestati
2919 5507 3067 5558 sunt,
3095 5497 3320 5549 minime
3373 5510 3430 5547 se
3477 5495 3530 5546 in
3583 5494 4098 5547 COIIIIDUX.iODtIIl

786 5604 948 5658 posse
1017 5591 1202 5643 venire
1253 5605 1374 5644 cum
1451 5590 1671 5644 homine
1731 5590 1823 5659 qui
1880 5591 2047 5644 certis
2107 5589 2172 5642 de
2239 5591 2419 5643 causis
2482 5590 2704 5642 haeresis
2769 5591 2966 5642 invidia
3038 5606 3296 5658 aspersus
3350 5601 3514 5643 esset.
3579 5588 3678 5642 Cui
3744 5593 4102 5644 sententia:

785 5682 910 5747 quia
963 5680 1312 5748 pertinaciter
1374 5681 1844 5744 adhaerescebant,
1895 5697 1996 5735 nec
2050 5682 2398 5748 imperatoris
2473 5682 2697 5735 monitis
2765 5693 2817 5734 et
2883 5684 3357 5737 adhortationibus
3412 5693 3713 5736 cesserant.
3792 5681 3855 5730 in
3897 5695 4107 5746 sepa-

787 5779 929 5824 ratas
961 5775 1237 5827 custodias
1271 5788 1496 5844 uterque
1538 5777 1734 5828 missus
1803 5784 1906 5836 est,
1950 5788 1979 5827 e
2027 5775 2228 5842 quibus
2268 5776 2486 5828 nonnisi
2553 5786 2670 5845 post
2713 5791 2883 5828 annos
2906 5778 3131 5843 aliquot,
3188 5788 3244 5829 ct
3280 5779 3363 5828 xix
3427 5790 3564 5844 a’pre
3628 5775 3816 5826 educti
3899 5785 4094 5826 su-it.

791 5861 860 5914 At
889 5862 1215 5935 Thcoleptus
1237 5868 1728 5936 Philadelphiensis
1753 5882 1966 5921 omnem
1988 5865 2350 5919 olIcusionem
2395 5865 2529 5919 hanc
2561 5882 2625 5918 ex
2659 5866 2773 5918 solo
2803 5865 2964 5919 Marci
3003 5867 3142 5920 libro
3188 5880 3463 5935 acceptam
3501 5876 3834 5933 pra-texens,
3921 5860 4102 5916 Gr:-
