4200 6440
259 431 348 490 361

1188 416 1577 479 LAUDA'l‘lO
1630 415 1871 473 MlCll.-\
1888 412 2058 468 ELlS
2102 401 2562 466 ὶ¹Λ1..-ῈΟΙ.Ο(ΞΙ.

3379 394 3480 454 5ῦὲ

263 533 363 589 οἷον
394 536 440 589 τ’
471 529 538 604 ἦν
561 528 876 596 δεξιώτατα,
918 531 1008 582 καὶ
1048 527 1196 580 οὐδὲν
1241 526 1388 594 ἀπῆν
1419 526 1517 577 ὅσα
1549 524 1642 592 τῆς
1676 523 1806 585 ἀγαο
1844 549 1853 582 Α

1951 515 2055 570 imc
2091 528 2346 583 praeeras,
2377 510 2581 564 nullius
2617 509 2772 576 inops
2802 521 2866 558 ex
2914 504 3167 558 omnibus
3192 519 3311 572 qua:
3338 505 3479 557 bono

261 628 350 694 ei};
380 625 707 696 στρατηγίας
732 639 746 653 ·
791 622 997 690 ὲμάχου
1025 619 1067 671 δ’
1109 620 1166 670 ὲν
1213 619 1323 678 τοῖς
1379 615 1702 684 προμάχοις,
1736 612 1809 670 ὡς

263 721 411 788 μόνον
466 722 556 770 ἐπὶ
603 716 776 782 τούτῳ
813 713 1136 781 ταττόμενος
1171 713 1262 761 καὶ
1315 708 1481 778 μηδὲν
1517 703 1814 781 φροντίζων

265 810 512 880 περὶτῶν
544 809 767 871 τάξεων,
793 807 847 875 ἢ,
890 806 950 857 τό
983 821 1059 872 γε.
1090 802 1451 870 ἀληθέστατον
1487 800 1670 864 φάναι,
1719 796 1817 860 φα-

263 905 460 970 λαγγας
501 902 641 954 κατὰ
687 898 881 950 ταυτὸν
934 897 1187 964 ὲκόαμεις
1236 896 1330 945 καὶ
1385 891 1566 961 παρῆς
1595 887 1816 939 ἱππεῦσι

269 996 585 1062 μαχόμενος,
635 992 830 1054 πεζοὺς
866 988 1174 1057 παρέθηγες
1227 985 1304 1046 εἰς
1356 985 1451 1050 τὴν
1501 979 1818 1047 συμπλοκὴν

265 1087 346 1134 καὶ
392 1083 648 1150 πολέμιον
695 1079 914 1140 ἑόαλλες
978 1075 1333 1142 κατακάρδια,
1383 1072 1475 1124 καὶ
1529 1069 1820 1134 καθώσπερ

265 1175 380 1242 παρ’
424 1174 650 1242 Ὁμήρῳ
687 1172 1030 1241 μανθάνομεν
1062 1167 1152 1218 τὸν
1177 1169 1234 1216 ἐν
1259 1165 1398 1222 θεοῖς
1433 1162 1821 1230 μαχιμιῖιτατον

265 1264 348 1313 νῦν
387 1263 484 1330 μὲν
520 1260 828 1329 ἔμπροσθεν
851 1257 1104 1326 ὁρμῶντα
1135 1257 1228 1306 τοῦ
1258 1252 1542 1320 Ἕκτορος,
1566 1251 1750 1301 anon
1778 1247 1820 1299 δ’

265 1355 323 1407 αὖ
354 1355 573 1406 ὄπισθεν
610 1354 685 1414 είς
713 1353 811 1420 τὴν
843 1351 949 1403 τῶν
1011 1348 1282 1416 Ἑλλήνων
1327 1344 1686 1408 κατάπληξιν,
1720 1357 1824 1390 τοι·

263 1443 407 1502 οὗτος
444 1442 539 1494 καὶ
573 1440 730 1500 αὐτὸς
757 1437 933 1506 παρῆς
959 1436 1034 1503 τῷ
1063 1434 1283 1500 πολέμῳ
1312 1429 1587 1497 πτερωτὸς
1611 1427 1820 1497 ὥσπερ,

264 1539 512 1596 παντοῖος
545 1535 603 1584 ὲν
633 1535 750 1591 ταῖς
802 1529 1142 1597 συμπλοκαῖς
1182 1525 1274 1577 καὶ
1311 1523 1447 1592 μετὰ
1504 1521 1718 1573 πάντων
1747 1535 1827 1583 γι-

268 1629 506 1692 νόμενος,
537 1625 632 1676 καὶ
661 1621 820 1682 ἄλλος
858 1622 1030 1688 Ἀρης
1065 1616 1258 1685 μακρῷ
1292 1613 1383 1666 τοῦ
1413 1611 1694 1680 ποιητικοῦ
1735 1625 1825 1675 φο-

267 1716 565 1782 6ερὼτερος
599 1712 737 1764 κατὰ
767 1711 872 1762 τῶν
900 1708 1155 1761 ἐναντίων
1185 1705 1506 1774 φερόμενος.
1538 1701 1709 1754 Ἔνθα
1738 1701 1828 1751 καὶ

271 1805 631 1872 στρατιώτης,
668 1801 924 1871 ῥαθύμως
949 1799 1082 1868 ἔχων
1110 1801 1206 1865 τῆς
1237 1795 1578 1864 συμπλοκῆς,
1609 1793 1662 1842 ὲν
1695 1793 1830 1860 λήθῃ

1920 604 2251 661 conveniunt
2309 601 2660 670 imperatori;
2716 598 2994 668 pugnabas
3027 598 3080 648 in
3119 597 3290 664 prima
3344 596 3481 655 acie,

1919 697 2072 765 quasi
2104 695 2167 747 ad
2197 695 2297 747 hoc
2329 691 2664 746 constitutus
2691 700 2746 744 et
2799 688 2971 741 nihilo
3017 687 3260 740 intentus
3294 688 3357 739 ad
3398 702 3485 738 or-

1919 790 2104 847 dines,
2137 798 2250 847 aut,
2288 793 2344 836 ut
2379 783 2565 834 verius
2615 781 2826 849 loquar,
2889 779 3105 848 agmina
3155 778 3486 846 disponebas

1921 878 2086 933 simul
2122 893 2182 931 ac
2215 878 2480 930 dimicans
2529 875 2673 926 inter
2701 873 2913 940 equites
2962 871 3177 934 aderas,
3215 869 3268 922 in
3317 869 3483 921 aciem

1925 970 2235 1037 abripiebas
2285 970 2484 1022 milites
2521 978 2576 1020 et
2613 967 2753 1020 ictus
2813 965 3087 1033 dirigebas
3142 965 3208 1016 ad
3245 963 3488 1016 hostiutn

1924 1070 2180 1132 pectora;
2219 1071 2273 1113 et
2305 1058 2793 1128 quemadmodum,
2828 1065 2886 1109 ut
2937 1056 3004 1108 ab
3039 1055 3280 1109 llomero
3327 1056 3489 1108 disci-

1924 1169 2066 1214 mus,
2104 1152 2331 1205 deorum
2375 1149 2830 1202 bellicosissimus
2861 1165 3004 1200 nunc
3036 1157 3163 1200 ante
3202 1146 3487 1199 [lectorem

1925 1243 2235 1306 advolabat,
2267 1257 2412 1295 nunc
2448 1248 2568 1309 post
2614 1240 2766 1292 illum
2821 1239 2887 1290 ad
2938 1236 3154 1293 Graecos
3190 1235 3490 1297 feriendos,

1928 1335 2045 1388 talis
2079 1344 2133 1387 et
2185 1343 2239 1386 tu
2267 1332 2468 1386 erasin
2506 1331 2675 1393 bello,
2723 1329 2927 1397 ubique
2976 1329 3027 1380 in
3083 1329 3199 1379 acie
3254 1337 3307 1380 et
3368 1341 3492 1379 cum

1929 1427 2184 1480 omnibus
2233 1437 2508 1493 praesens,
2576 1431 2631 1474 et
2679 1421 2814 1475 alter
2869 1419 3012 1472 Mars
3064 1419 3276 1486 poetico
3329 1417 3494 1470 Marte

1930 1519 2087 1584 longe
2139 1513 2446 1568 terribilior
2515 1511 2768 1565 irruebas
2832 1510 2884 1562 in
2941 1510 3148 1562 hostes.
3201 1508 3496 1574 PrOpterea

1933 1611 2088 1663 miles
2120 1609 2344 1676 ignavus
2396 1607 2448 1658 in
2497 1604 2703 1674 praelia,
2744 1612 2796 1658 te
2843 1603 3061 1655 intuens
3099 1600 3365 1670 ignaviam
3397 1598 3494 1650 de-

1932 1700 2178 1755 discebat
2201 1711 2255 1753 et
2281 1708 2425 1752 totus
2454 1699 2508 1751 in
2542 1712 2719 1766 pugna
2748 1696 3068 1750 versabatur
3099 1706 3155 1749 et
3183 1710 3287 1748 una
3315 1703 3493 1747 tecum

1933 1793 2252 1866 convolabat
2282 1789 2347 1843 ad
2377 1788 2582 1851 hostes,
2607 1798 2662 1841 et
2688 1789 2844 1841 miles
2875 1796 3069 1854 suopte
3108 1787 3328 1855 ingenio
3353 1795 3496 1838 stre-

265 1898 360 1962 τῆς
398 1896 697 1964 ῥᾳθυμίας,
732 1893 868 1960 πρὸς
894 1892 951 1942 σὲ
984 1891 1220 1958 βλέπων,
1252 1886 1566 1946 καθίστατο,
1594 1884 1685 1934 καὶ
1714 1883 1828 1942 ὅλος

1948 1863 2074 1937 iuius
2105 1898 2200 1951 per
2232 1893 2281 1935 te
2325 1881 2702 1935 strenuitatem
2736 1879 3057 1948 adaugebat.
3097 1879 3152 1932 Si
3201 1877 3323 1945 quis
3358 1877 3498 1929 forte

265 1989 358 2054 τῆς
392 1989 572 2055 μάχης
610 1984 840 2050 ἐγίνετο,
878 1985 970 2034 καὶ⁵
1023 1982 1188 2047 ὁμόσε
1245 1977 1386 2031 κατὰ
1423 1976 1530 2027 τῶν
1562 1975 1831 2041 πολεμίων

267 2081 516 2147 ἐφέρετο,
540 2079 634 2128 καὶ
667 2080 693 2129 ὀ
723 2074 931 2127 οἴκοθεν
983 2073 1261 2140 πρόθυμος
1305 2069 1503 2139 μᾶλλον
1533 2067 1618 2119 διὰ
1651 2066 1707 2117 σὲ
1738 2068 1835 2133 τὴν

267 2171 577 2240 προθυμίαν
609 2170 904 2221 ἐπέτεινεν.
943 2166 1000 2218 El
1026 2168 1082 2219 δέ
1132 2166 1232 2217 πού
1278 2181 1364 2227 τις
1406 2163 1499 2215 καὶ
1533 2162 1836 2231 μαχόμενος

266 2261 732 2329 τετραυμὰτιστο,
759 2258 909 2311 οὐδὲν
935 2254 1002 2328 ἦν
1033 2255 1180 2325 αὑτῷ
1208 2257 1266 2308 τὸ
1299 2255 1515 2326 τραῦμα
1551 2252 1644 2306 τοῦ
1679 2252 1836 2303 πολε-

270 2353 389 2417 μεῖν
428 2349 678 2417 ἐμποδών
705 2363 717 2376 ·
763 2348 952 2416 ἡρκεις
984 2346 1091 2414 γὰρ
1142 2345 1324 2410 αὐτὸς,
1371 2345 1492 2396 ἀντὶ
1547 2341 1838 2410 φαρμάκου

269 2442 470 2502 παντὸς
503 2441 595 2491 καὶ
628 2438 990 2508 ψυχαγωγίας
1035 2437 1272 2504 ἀπάσης,
1297 2437 1568 2505 ὁρώμενος
1590 2450 1602 2463 ·
1628 2431 1704 2500 τῷ
1736 2432 1839 2497 γὰρ

265 2532 442 2593 οὕτως
493 2530 683 2598 ἔχοντα
736 2528 1040 2598 προθυμίας
1075 2528 1294 2596 βλέπειν
1344 2526 1475 2594 πρὸς
1521 2524 1578 2574 σὲ
1620 2523 1725 2582 πᾶς
1761 2538 1841 2582 τις

267 2625 464 2677 ἑαυτοῦ
503 2625 648 2694 ῥᾴων
677 2623 850 2676 ἐδόκει
878 2623 971 2675 καὶ
1004 2622 1137 2689 πρὸς
1165 2621 1231 2672 τὰ
1257 2620 1406 2672 δεινά
1456 2617 1836 2686 ἁκμαιότέμς.

269 2718 426 2767 Φελον
457 2717 566 2783 γὰρ
600 2715 673 2775 ὼς
708 2714 799 2764 ἐπὶ
827 2713 887 2764 τὸ
923 2712 1172 2764 πλεῖστον
1201 2711 1310 2771 τοῖς
1343 2710 1665 2778 ἀρχομένοις
1707 2709 1842 2776 πρὸς

271 2811 366 2868 τὴν
393 2807 492 2858 τοῦ
524 2809 781 2874 ἄρχοντος
813 2805 924 2870 ἕξιν
953 2805 1181 2873 μάλιστα
1205 2802 1560 2861 διατίθεσθαι,
1587 2802 1698 2852 εἴτε
1750 2815 1844 2850 κα·

268 2897 398 2958 λῶς,
444 2895 558 2946 εἴτε
590 2897 682 2945 καὶ
709 2893 782 2955 ὡς
815 2892 1016 2962 ἑτέρως
1072 2891 1315 2958 φαίνοιτο
1345 2890 1561 2958 ἔχουσα.
1594 2889 1701 2939 Καὶ
1741 2887 1848 2938 διε-

273 2989 448 3048 τέλεις
479 2989 507 3037 ὁ
539 2987 716 3039 πάντα
763 2985 925 3045 καλὸς
979 2983 1100 3037 τότε
1149 2982 1249 3050 μὲν
1302 2979 1626 3050 στρατηγὸς,
1661 2979 1776 3030 νυνὶ⁵
1804 2977 1847 3029 δ’

272 3077 360 3129 ἐπ’
388 3076 572 3144 ἀγαθῇ
604 3076 739 3144 τύχῃ
776 3073 1109 3142 Χριστιανῶν
1156 3072 1428 3142 βασιλεὺς,
1457 3070 1514 3134 ἐξ
1540 3063 1600 3122 οὗ
1635 3070 1848 3138 πρῶτον

1934 1980 2077 2024 esset
2108 1972 2444 2036 vulneratus,
2501 1968 2674 2022 nihilo
2723 1967 2923 2020 vulnus
2959 1975 3077 2020 erat
3123 1961 3498 2032 illipugnandi

1938 2061 2430 2130 impedimentum:
2481 2062 2614 2113 satis
2661 2066 2777 2111 erat
2821 2059 2990 2120 enint,
3040 2057 3218 2111 omnis
3265 2055 3503 2108 medica-

1938 2154 2100 2205 minis
2141 2152 2257 2205 vice
2287 2161 2343 2204 et
2377 2151 2555 2204 omnis
2601 2149 2782 2203 solatii
2817 2159 2868 2202 te
2902 2149 3139 2202 vidisse:
3173 2160 3298 2199 nam
3334 2156 3386 2199 te
3427 2148 3501 2198 ita

1939 2244 2170 2297 alacrem
2237 2242 2552 2311 inspiciens,
2635 2241 2875 2310 quisque
2955 2240 3136 2308 seipso
3217 2237 3505 2291 videbatur

1939 2337 2122 2389 sanior
2162 2345 2216 2388 et
2249 2336 2511 2389 adversus
2551 2333 2792 2402 pericula
2847 2333 3095 2386 validior.
3133 2333 3334 2386 Amant
3357 2334 3506 2386 enim

1940 2429 2266 2497 plerumque
2297 2428 2529 2494 subjecti
2572 2426 2636 2480 ad
2700 2428 3048 2494 imperatoris
3081 2428 3380 2495 praesertim
3413 2428 3507 2481 ha-

1945 2521 2119 2574 bitum
2159 2535 2280 2574 sese
2309 2534 2660 2588 componere,
2711 2518 2826 2571 sive
2870 2521 3011 2571 male
3047 2519 3160 2570 sive
3196 2518 3353 2570 aliter
3385 2532 3506 2571 sese

1945 2628 2131 2681 gerere
2157 2613 2428 2666 videatur.
2465 2613 2532 2665 Et
2568 2622 2698 2667 tunc
2743 2614 2853 2667 dux
2893 2613 3074 2667 bonus
3122 2612 3330 2666 militiae
3381 2628 3506 2680 per-

1947 2704 2224 2764 manebas,
2260 2704 2422 2757 modo
2477 2713 2658 2759 autem
2714 2721 2808 2760 rex
2867 2707 2921 2758 in
2977 2705 3174 2759 bonam
3233 2704 3507 2759 fortunam

1946 2798 2405 2860 Christianorum,
2468 2813 2536 2851 ex
2590 2812 2700 2867 quo
2766 2801 2946 2868 primo
2996 2798 3224 2853 emicuit
3279 2798 3509 2852 barbula

1949 2876 2119 2958 usque
2149 2888 2214 2942 ad
2259 2899 2367 2943 tres
2396 2889 2676 2957 proximos
2706 2891 2822 2944 dies
2862 2890 2915 2944 in
2973 2889 3097 2945 belli
3142 2890 3399 2959 periculis
3456 2897 3512 2944 et

1951 2979 2344 3034 certaminibus
2394 2988 2660 3034 versatus.
2718 2981 2910 3036 Ceteri
2961 2980 3184 3050 quidem
3227 2981 3517 3050 indulgent

1950 3070 2224 3125 venationi
2250 3069 2362 3125 sive
2397 3084 2520 3124 cum
2557 3072 2800 3132 canibus,
2837 3071 2950 3126 sive
2987 3071 3040 3124 in
3074 3087 3239 3141 equo,
3269 3082 3324 3126 et
3353 3073 3508 3125 omni

271 3168 453 3218 ἴουλον
487 3159 665 3225 εἷλκες
697 3165 856 3232 μέχρι
890 3164 988 3230 τῆς
1020 3163 1284 3232 πρότριτα
1309 3163 1420 3224 τοῖς
1453 3164 1589 3212 κατα
1613 3161 1846 3228 πόλεμον

1951 3162 2125 3217 turbae
2155 3161 2686 3216 oblectamentorum
2730 3165 2930 3231 quibus
2972 3178 3194 3232 operam
3245 3164 3378 3218 dant
3414 3165 3513 3218 ho-

267 3257 546 3317 κινδύνοις
576 3257 673 3306 καὶ
709 3255 912 3322 μάχαις
966 3253 1465 3324 παραϐαλλόμενος.
1516 3253 1624 3306 Καὶ
1665 3251 1842 3313 ἄλλοις

271 3350 376 3416 μὲν
404 3347 752 3414 κυνηγεσίων
785 3346 942 3412 ἔμελε
979 3346 1070 3396 καὶ
1105 3345 1278 3414 θήρας
1312 3345 1406 3396 καὶ
1435 3344 1530 3411 τῆς
1566 3341 1687 3394 καθ’
1729 3341 1846 3411 ἡδο-

268 3438 367 3504 νὴν
403 3437 659 3503 ἱππικῆς,
689 3437 780 3485 καὶ
821 3435 994 3486 ὁπόσα
1042 3437 1330 3503 περιουσία
1363 3435 1648 3503 ῥᾳστώνης
1679 3434 1844 3500 ἔργα·

267 3529 457 3588 ζονται
492 3526 771 3594 ἅνθρωποι
796 3542 808 3555 ο
847 3528 928 3576 σοὶ
981 3525 1035 3576 δὲ
1085 3525 1290 3576 τούτων
1338 3525 1490 3577 οὐδέν
1516 3541 1528 3554 ⁸
1567 3521 1847 3588 ἀγαπητὸν

266 3618 328 3666 δὲ
361 3618 457 3665 καὶ
488 3617 534 3666 εἰ
567 3615 684 3682 μετ’
715 3616 896 3676 ἀδείας
933 3617 1178 3682 μετεῖχες
1213 3615 1320 3666 τῶν
1348 3615 1683 3692 ᾲναγκαίων,
1710 3613 1847 3664 ἀλλὰ

269 3709 350 3772 μὴ
400 3705 607 3764 νύκτας
647 3705 772 3765 ὅλας
823 3705 1006 3771 διῆγες
1065 3705 1396 3774 ἀγρύπνους.
1449 3705 1560 3757 Καὶ
1613 3704 1718 3770 γὰρ
1757 3702 1849 3754 καὶ

265 3795 417 3847 τοῦτ’
445 3798 671 3861 ἐφαίνου
708 3796 934 3864 πάσχων
965 3799 994 3862 ἣ
1023 3796 1211 3859 ποιῶν,
1247 3795 1280 3863 ἦ
1340 3796 1459 3866 (οὐκ
1491 3796 1597 3864 ἔχω
1631 3797 1744 3856 πῶς
1779 3797 1852 3847 εἰ-

268 3889 394 3938 πεῖν
429 3886 656 3948 ἄλλως),
688 3887 772 3936 ἵνα
805 3889 871 3937 τὰ
926 3885 1044 3954 μεθ’
1077 3887 1288 3954 ἡμέραν
1324 3887 1476 3955 σχοίη
1511 3887 1710 3950 καλῶς,
1758 3887 1853 3939 καὶ

262 3981 293 4028 ὁ
319 3981 499 4030 πᾶσιν
529 3979 612 4038 είς
638 3979 946 4030 ἀνάπαυσιν
968 3980 1251 4046 ἀνειμένος
1279 3980 1465 4047 καιρὸς
1488 3982 1568 4029 σοὶ
1594 3980 1684 4031 καὶ
1708 3981 1852 4049 μόνῳ

264 4069 394 4121 οὐδὲ
432 4069 567 4138 μίαν
609 4069 777 4119 ἐδίδου
812 4071 931 4129 ταῖς
981 4068 1257 4138 φροντίσιν
1311 4069 1647 4121 ἀνάπαυλαν.
1692 4071 1852 4138 Ἡμέ-

273 4179 380 4230 ρας
416 4161 474 4212 δὲ
513 4160 647 4228 πρὸς
681 4161 862 4228 ἀκμὰς
893 4162 1123 4230 ἐχώρεις
1162 4161 1400 4229 δοράτων
1451 4163 1546 4213 καὶ
1570 4146 1854 4212 Δσυνεπλέ-

269 4271 374 4304 κου
410 4255 530 4312 τοῖς
568 4252 868 4320 πολεμίοις,
926 4256 1024 4305 κάν
1079 4256 1190 4314 τοῖς
1243 4257 1479 4320 πρώτοις
1529 4254 1636 4305 τῶν
1683 4255 1856 4305 κινδυ-

269 4344 552 4395 νευόντων
589 4344 789 4405 ἐτέλεις
827 4345 1316 4413 ἀναστρεφόμενος,
1349 4344 1493 4395 τοῦτ’
1522 4345 1635 4396 ἀνθ’
1662 4346 1855 4412 ἡδονῆς

263 4436 501 4502 ἀπάσης
534 4433 882 4499 αἱρούμενος,
911 4433 968 4482 τὸ
999 4434 1198 4502 μηδένα
1243 4434 1498 4501 πολέμιον
1548 4434 1676 4500 μήθ’
1723 4436 1858 4496 ὅλως

1948 3253 2157 3317 mines;
2194 3263 2248 3307 tu
2280 3263 2459 3307 autem
2490 3254 2624 3307 nulli
2651 3255 3011 3320 eorum,felix
3037 3254 3082 3309 si
3107 3270 3232 3310 cum
3261 3256 3514 3310 libertate

1947 3343 2269 3396 necessariis
2299 3357 2541 3406 vacares,
2561 3352 2614 3396 et
2649 3354 2832 3396 noctes
2864 3351 3006 3397 totas
3036 3358 3146 3398 non
3178 3343 3410 3399 duceres
3439 3346 3518 3397 in-

1947 3449 2183 3488 somnes.
2211 3433 2427 3486 Etenim
2464 3444 2514 3488 te
2547 3434 2649 3486 hoc
2676 3435 2937 3487 tolerasse
2962 3442 3178 3488 constat
3201 3442 3293 3487 aut
3325 3432 3518 3488 fecisse

1948 3532 2105 3577 aut...
2133 3527 2261 3591 (non
2283 3523 2453 3578 habeo
2474 3523 2616 3592 quod
2647 3523 2805 3577 aliter
2823 3523 3044 3593 dicam),
3070 3531 3129 3577 ut
3147 3540 3266 3593 quae
3289 3525 3377 3578 die
3403 3541 3523 3593 ges-

1949 3628 2098 3667 seras
2120 3614 2350 3667 feliciter
2389 3613 2602 3679 cedant;
2629 3626 2686 3669 et
2715 3616 2967 3668 omnibus
3004 3617 3070 3668 ad
3125 3616 3519 3684 quiescendum

1951 3703 2227 3756 addictum
2249 3713 2463 3773 tempus
2484 3705 2689 3758 nullam
2708 3705 3135 3773 cogitationibus
3153 3705 3318 3759 dabat
3342 3721 3523 3760 cessa-

1952 3797 2176 3849 tionem.
2211 3795 2304 3849 Die
2331 3796 2608 3850 hastarum
2628 3795 2926 3865 oppetebas
2961 3811 3272 3858 mucrones,
3304 3808 3359 3850 et
3394 3814 3520 3851 cum

1953 3887 2202 3941 hostibus
2242 3901 2435 3940 manus
2464 3887 2792 3940 conserebas
2842 3898 2897 3941 et
2927 3889 3069 3940 inter
3123 3888 3328 3955 primos
3377 3890 3522 3957 peri-

1953 3980 2204 4033 clitantes
2232 3978 2514 4047 pugnabas
2565 3989 2832 4043 versatus,
2883 3979 3015 4032 illud
3055 3981 3204 4032 omni
3255 3981 3522 4049 voluptati

1955 4084 2333 4139 anteponens,
2394 4069 2538 4139 quod
2595 4070 2776 4124 nullus
2831 4070 3005 4125 hostis
3067 4087 3247 4137 neque
3299 4075 3524 4125 omnino

1957 4161 2028 4214 sit
2079 4170 2278 4214 nostra:
2338 4160 2524 4230 genti,
2579 4177 2758 4230 neque
2817 4163 2981 4215 etiam
3042 4163 3378 4217 nominetur.
3439 4163 3522 4216 Nil

1959 4267 2360 4321 prmproperum
2396 4269 2425 4306 α
2462 4264 2514 4306 te
2557 4254 2611 4306 in
2647 4254 2850 4322 praeliis
2881 4254 3147 4322 agebatur
3182 4269 3284 4308 nec
3304 4255 3524 4307 evenie-

1963 4347 2050 4398 bat
2084 4347 2378 4415 quidquam
2405 4345 2789 4414 improvisum,
2830 4347 2925 4400 sed
2961 4361 3180 4414 semper
3209 4348 3263 4399 in
3313 4347 3525 4415 agendo

1962 4447 2078 4488 erat
2155 4436 2442 4489 consilium
2528 4437 2735 4506 aliquid
2813 4446 2869 4490 et
2942 4437 3286 4490 deliberatio.
3351 4437 3524 4502 Quam

264 4521 411 4574 εἶναι
467 4522 550 4587 τῷ
605 4523 860 4590 ἡμετέρῳ
918 4524 1083 4587 γένει,
1122 4523 1259 4591 μήτε
1316 4524 1420 4590 μὴν
1472 4523 1853 4590 ὀνομάζεσθαι.

1962 4525 2247 4590 oportebat
2301 4524 2501 4578 milites
2542 4525 2634 4593 qui
2687 4534 2737 4579 te
2776 4536 3178 4594 conspexerant
3215 4526 3413 4579 talibus
3439 4542 3528 4579 ar-

284 4615 641 4681 Ἐπραττετο
671 4613 726 4663 δέ
756 4629 836 4663 σοι
875 4616 1012 4664 κατὰ
1047 4617 1145 4674 τὰς
1179 4615 1358 4681 μάχας
1401 4614 1742 4682 αὐτοσχέδιον
1769 4616 1856 4665 οὑ-

262 4709 382 4766 δὲν,
405 4706 521 4755 οὐδ’
553 4705 630 4766 ὡς
662 4705 850 4770 ἔτυχεν
875 4705 1328 4772 ἀπροϐούλευτον,
1359 4707 1552 4774 γνώμη
1585 4706 1640 4756 δέ
1667 4722 1746 4767 τις
1774 4708 1860 4758 ἀεὶ

268 4800 370 4848 καὶ
406 4796 801 4866 προϐούλευμα
824 4795 931 4846 τῶν
960 4796 1348 4864 πραττομένων
1377 4797 1603 4862 ἐγίνετο·
1632 4798 1706 4858 ὡς
1753 4797 1858 4848 ἔδει

264 4907 336 4955 γε
359 4893 458 4940 καὶ
481 4888 578 4939 νῦν
599 4889 726 4948 τοὺς
750 4887 981 4956 στρατοῦ
1004 4886 1279 4954 προϐεῦλη
1291 4889 1481 4954 μένους
1509 4889 1612 4940 ὑπὸ
1636 4889 1858 4955 τοιούτῳ

265 4977 716 5048 στρατηγεῖσθαι
738 4976 812 5044 τῷ
843 4977 1088 5045 λογισμῷ
1115 4977 1128 5029 l
1165 4973 1240 5028 Ἦ
1273 4981 1379 5046 γὰρ
1421 4979 1483 5029 ἂν
1514 4981 1606 5030 καὶ
1637 4980 1861 5046 σφάλλε-

266 5071 403 5120 σθαι
452 5069 556 5134 μὲν
591 5064 907 5116 συνέῆαινεν
942 5065 1215 5132 οὐδαμῶς,
1250 5066 1392 5134 μάλα
1441 5067 1495 5119 δὲ
1545 5067 1718 5130 δεξιὸν
1747 5071 1858 5132 τοῖς

262 5160 633 5224 ᾶεὼγμένοις
687 5155 748 5205 τὸ
806 5148 980 5224 πέρας
1031 5156 1335 5211 συνέϐαινε.
1385 5159 1452 5209 Σὺ
1505 5158 1581 5222 δὲ,
1617 5158 1857 5225 βασιλεῦ,

262 5251 425 5300 οὓτω
457 5251 644 5298 πάντα
679 5248 905 5312 ἐποίεις,
935 5249 1028 5299 καὶ
1061 5251 1242 5301 πάντα·
1275 5250 1470 5318 ῥαδίως
1505 5251 1709 5313 ὶνίκας,
1738 5254 1857 5319 τοίη

264 5341 327 5391 δέ
357 5355 445 5390 σοι
468 5337 829 5406 ἐπιτάρροθος
850 5334 947 5407 ἦεν
973 5340 1191 5408 Ἀθήνη,
1212 5340 1453 5409 Ὄμηρος
1473 5341 1582 5411 (l8)
1602 5342 1666 5394 ἂν
1687 5337 1857 5405 εἶπεν,

266 5437 304 5497 ἠ
346 5433 410 5481 ἐκ
452 5428 553 5480 τοῦ
587 5431 864 5498 μετεώρου
911 5431 1001 5481 καὶΙ
1038 5431 1243 5500 ὑψηλοῦ
1292 5448 1385 5483 σου
1414 5432 1505 5484 νοῦ
1539 5431 1860 5502 ὡπλισμένη

265 5529 378 5575 καὶ
403 5523 690 5589 δύσμαχος
712 5515 1134 5592 ἀπογεννωμένη
1162 5526 1443 5592 φρόνησις.
1472 5525 1530 5575 ΕΞ
1557 5525 1610 5576 δέ
1638 5541 1739 5576 που
1768 5529 1861 5576 καὶ

262 5617 454 5683 τύχης
492 5613 787 5681 βασκανίᾳ,
815 5607 902 5665 οία
936 5615 1103 5666 πολλὰ
1133 5615 1257 5667 κατ’
1283 5617 1598 5687 ἀνθρώπους
1631 5619 1836 5688 συμῦαί

356 5793 472 5862 (ιδ)
512 5790 672 5844 Iliad.
704 5808 751 5852 ε,
778 5790 902 5846 sos.

497 5893 772 5952 PnnoL.
808 5893 852 5952 (ἶ
868 5897 1063 5955 n.-CX
1079 5900 1196 5964 Lil,

1962 4615 2233 4682 gumentis
2284 4615 2582 4669 dimicarel
2641 4617 2928 4684 Nunquam
2979 4618 3128 4670 enim
3179 4618 3436 4670 nimirum
3474 4629 3524 4670 te

1960 4706 2069 4758 falli
2129 4709 2377 4774 contigit,
2432 4708 2526 4761 sed
2587 4708 2935 4762 felicissimus
2991 4709 3170 4762 exitus
3231 4711 3524 4778 propositis

1963 4802 2069 4854 tuis
2105 4803 2313 4855 aderat.
2347 4801 2450 4865 Tu,
2506 4819 2620 4867 rex,
2651 4805 2729 4856 sic
2769 4804 2952 4856 omnia
2986 4804 3184 4870 agebas
3225 4805 3408 4856 omnia
3448 4804 3526 4855 la-

1960 4893 2062 4945 cile
2103 4893 2421 4962 superabas,
2455 4894 2750 4948 auxiliante
2795 4895 2894 4947 tibi
2928 4885 3194 4957 Minerva,
3237 4903 3296 4947 ut
3327 4892 3528 4947 Home-

1961 4998 2054 5036 rus
2083 4983 2313 5046 diceret,
2362 4983 2451 5036 illa
2493 4983 2703 5038 scilicet
2745 5000 2809 5038 ex
2845 4985 2953 5038 alta
2981 4994 3036 5038 et
3074 4984 3296 5038 sublimi
3343 4994 3524 5038 mente

1962 5082 2079 5126 orta
2138 5085 2343 5126 armata
2395 5082 2451 5126 et
2512 5075 2919 5144 inexpugnabili
2953 5075 3240 5143 sapientia.
3276 5075 3330 5128 Si
3385 5076 3525 5129 forte

1963 5162 2166 5214 invidia
2207 5161 2463 5234 fortunae,
2506 5175 2565 5217 ut
2620 5179 2760 5230 sape
2817 5166 2959 5232 apud
3008 5165 3259 5219 homines
3301 5162 3521 5228 accidit,

1963 5263 2266 5321 partestua:
2299 5253 2526 5307 victoria
2575 5253 2924 5319 orbarentnr,
2957 5255 3114 5310 facile
3139 5255 3336 5308 damna
3368 5255 3526 5309 resti-

1963 5345 2175 5399 tuebas.
2230 5353 2285 5398 et
2318 5355 2497 5399 tecum
2556 5363 2746 5401 rursus
2800 5349 3096 5416 apparebat
3145 5355 3409 5415 potestas.
3461 5347 3528 5400 Et

1962 5435 2143 5503 itaque
2175 5437 2255 5489 sic
2283 5436 2516 5491 feliciter
2539 5437 2700 5491 simul
2723 5453 2786 5492 ac
2813 5440 3005 5492 callide
3027 5440 3324 5492 exercitum
3359 5439 3529 5490 duce-

1963 5527 2079 5588 bas,
2119 5535 2177 5578 ut
2219 5535 2436 5580 tuorum
2495 5528 2727 5581 militum
2786 5530 3224 5596 promptissimos
3279 5543 3527 5597 quosque

1966 5619 2030 5671 ad
2063 5619 2268 5688 aliquid
2305 5629 2590 5675 strenuum
2625 5621 2917 5689 agendum,
2950 5631 3006 5675 et
3049 5619 3431 5688 ignavissimos
3460 5617 3528 5672 ad

3063 5897 3127 5952 l_'
