4200 6440
760 439 863 502 391
908 433 930 452 ⁵

1721 440 2040 501 GEORGII
2087 439 2351 498 CYPRlI
2394 438 2500 499 ΟΡ.
2539 440 3053 499 ΡΑΤΗΙΑΒΟΙΙΧΕ

3878 444 3976 507 393

755 570 920 625 atque
955 556 1231 626 praesidio,
1260 568 1438 616 nemo,
1466 562 1524 606 ut
1549 555 1764 622 Opinor,
1801 553 2012 605 etiamsi
2050 553 2320 621 prepriam
2355 560 2381 612 ,ιε

2429 552 2637 604 πολλῶν
2658 555 2750 604 xxi.
2777 553 2958 605 καλῶν
2991 553 3082 604 καὶ
3105 552 3372 619 μεγάλων,
3403 553 3457 604 αῖ
3488 552 3549 620 δὴ
3575 553 3665 604 καὶ
3690 553 3798 604 ἀντ’
3823 556 3980 616 ἀτάλ-

757 649 1042 703 historiam
1077 647 1315 701 scribere
1359 645 1622 705 intendat,
1655 647 1850 698 nedum
1894 662 2017 713 pars
2051 645 2319 698 sermonis

755 739 1099 803 brevissima,
1136 737 1266 790 satis
1309 752 1568 790 enarrare
1610 737 2002 804 suppeditaret.
2041 738 2094 788 Si
2139 745 2317 788 autent

755 832 878 898 quis
901 831 966 884 de
992 833 1075 883 his
1102 831 1299 882 merito
1324 827 1783 895 verliis-imligeat,
1802 830 1928 894 quid
1950 829 2095 880 dicet
2121 827 2185 880 de
2209 843 2319 880 ma-

756 939 857 991 gna
880 936 927 974 et
950 921 1257 974 admirabili
1285 921 1525 982 civitate,
1550 935 1668 986 qua:
1698 928 1873 984 tuum,
1900 919 2176 986 potissime
2202 936 2316 984 rex,

758 1027 984 1064 aureum
1043 1012 1164 1063 tulit
1195 1010 1410 1078 genus?
1438 1025 1559 1077 quer
1615 1019 1670 1061 et
1704 1010 1756 1060 in
1792 1009 1965 1060 media
2002 1009 2129 1061 sedc
2166 1018 2321 1060 teme

758 1117 985 1169 prorsus
1017 1102 1301 1161 collocata,
1338 1098 1486 1151 illius
1529 1099 1972 1166 umbilicusjure
2022 1099 2317 1160 diceretur,

753 1206 876 1244 cum
901 1191 966 1244 ad
993 1193 1138 1243 illam
1172 1189 1391 1242 termini
1414 1190 1647 1264 tendant
1677 1197 1730 1240 et
1756 1189 1820 1240 ab
1847 1188 1933 1240 illa
1967 1191 2320 1255 proﬁciscan-

757 1291 866 1344 tur,
919 1292 976 1335 et
1004 1283 1399 1336 colluctaretur
1435 1282 1694 1333 adversus
1727 1295 1918 1333 omnes
1963 1281 2121 1332 simul
2170 1279 2321 1332 orbis

753 1373 1001 1425 civitates
1034 1371 1367 1424 virtutibus?
1391 1373 1563 1422 Situm
1593 1370 1738 1421 enim
1768 1371 1915 1422 oumi
1947 1371 2038 1438 qui
2060 1372 2161 1423 sub
2185 1370 2321 1423 ccelo

752 1474 835 1517 est
866 1464 969 1516 situ
1002 1464 1394 1531 pulchriorem,
1429 1471 1506 1524 et,
1561 1471 1620 1514 ut
1647 1463 1907 1524 diximus,
1953 1462 2128 1515 media
2165 1473 2321 1516 terra:

754 1558 881 1609 sede
909 1571 1129 1624 prorsus
1165 1556 1422 1619 locatum,
1458 1564 1513 1608 et
1537 1554 1626 1622 qui
1659 1555 1786 1607 altis
1825 1554 2058 1607 urbibus
2108 1555 2324 1622 potissi-

754 1660 896 1696 mum
926 1646 1205 1710 convenit,
1234 1645 1427 1698 sortita
1451 1633 1567 1708 est';
1603 1644 1835 1696 ﬁnitima
1869 1655 1953 1697 est
1988 1647 2146 1707 mari,
2175 1645 2321 1712 quod

753 1751 877 1788 cum
920 1737 1155 1789 maxima
1203 1737 1355 1804 copia
1388 1745 1442 1788 et
1489 1737 1741 1788 ubertate
1772 1750 2114 1803 quaecunque
2157 1737 2322 1789 maris

755 1837 884 1879 sunt
920 1828 1236 1881 hominibus
1275 1829 1608 1895 suppeditat.
1646 1828 1780 1881 l‘linc
1813 1830 1949 1882 freta
1983 1829 2165 1893 habet,
2196 1829 2320 1896 qui-

756 1919 857 1971 bus
898 1935 1034 1986 pene
1061 1920 1286 1972 omnino
1310 1920 1706 1983 circumdatur,
1739 1937 1862 1974 cum
1887 1922 2202 1974 dulcissima
2228 1937 2321 1975 ηε·
2355 1895 2395 1949 Β

756 2011 963 2077 vigatu,
989 2018 1099 2062 tum
1127 2012 1244 2064 visu
1274 2012 1696 2080 jucundissima.
1734 2021 1846 2064 tum
1880 2014 2048 2064 accoli
2075 2028 2320 2064 commo—

757 2102 1003 2168 dissima,
1039 2118 1158 2170 quae
1189 2119 1378 2157 amnes
1418 2105 1563 2156 dicas
1595 2105 1810 2156 illorum
1855 2114 2064 2156 arctum
2099 2105 2320 2156 intuens

759 2197 971 2247 alveum
1022 2207 1075 2249 et
1124 2196 1304 2250 ﬂuxus
1355 2207 1539 2251 motus
1570 2198 2023 2264 aequabilitatem,
2074 2208 2127 2249 et
2172 2192 2317 2249 mare

759 2287 1090 2350 nominares,
1123 2289 1170 2340 si
1216 2290 1325 2339 alio
1355 2304 1518 2341 sensu
1562 2288 1800 2352 judices,
1836 2288 1986 2339 illinc
2019 2292 2189 2338 maria
2237 2288 2317 2355 ja-

758 2388 904 2442 cent,
936 2379 1033 2443 ibi,
1070 2377 1135 2431 ad
1173 2378 1453 2431 meridiem
1488 2376 1708 2446 tEgeus,
1740 2377 1834 2445 qui
1864 2377 1932 2429 ab
1967 2377 2318 2443 Hellesponto

757 2480 812 2524 et
845 2470 998 2524 urbis
1030 2470 1234 2522 ﬂuento
1271 2470 1405 2521 oriri
1439 2470 1683 2530 videtur,
1735 2469 1831 2530 ibi,
1883 2468 1946 2520 ad
1989 2469 2320 2536 septentrio-

758 2576 883 2614 nem
937 2562 1264 2626 boreamque
1309 2567 1552 2622 ventum,
1611 2556 1854 2610 Euxinus
1887 2559 1980 2624 qui
2039 2559 2214 2611 oritur
2253 2575 2319 2613 ex

758 2655 1008 2709 Maeotide
1039 2662 1094 2706 et
1137 2653 1379 2708 Tanaide
1408 2653 1596 2714 ﬂuvio,
1629 2665 1688 2707 et
1735 2667 1925 2706 omnes
1962 2655 2162 2706 ﬂuctus
2193 2663 2318 2707 ante

757 2762 877 2801 eam
912 2745 1153 2810 evomit;
1182 2748 1344 2802 ambo
1379 2745 1601 2814 quidem
1634 2745 1791 2813 quasi
1821 2744 1942 2798 urbi
1974 2749 2170 2814 regina:
2203 2760 2319 2799 mu-

759 2856 891 2893 nera
927 2842 1109 2893 ferunt
1144 2853 1199 2892 et
1247 2839 1429 2891 omnia
1465 2838 1577 2890 illic
1611 2837 1865 2902 navibus,
1910 2838 2319 2905 impellentibus

757 2931 955 2994 ventis,
983 2931 1284 2984 adducunt.
1321 2928 1387 2981 Et
1421 2928 1755 2998 magnitudo
1814 2928 1966 2980 urbis
2011 2939 2118 2982 tua:
2169 2937 2316 2982 tanta

759 3036 819 3081 ut
860 3040 968 3076 non
1005 3024 1306 3092 aequiparet
1356 3022 1461 3075 alia
1491 3021 1706 3081 civitas.
1760 3036 1883 3075 cum
1930 3021 2003 3075 sit
2047 3021 2228 3089 ampla
2265 3022 2319 3074 in

756 3119 1097 3180 continente,
1140 3115 1320 3183 ampla
1348 3123 1403 3167 et
1444 3115 1496 3166 in
1535 3129 1687 3167 mare
1725 3115 1870 3181 quod
1901 3115 2141 3168 medium
2178 3115 2317 3168 divi-

757 3210 856 3270 dit,
899 3213 969 3262 ita
1001 3219 1059 3262 ut
1089 3210 1399 3278 ambiguum
1437 3209 1594 3278 cujus
1627 3208 1974 3277 potissimum
2003 3210 2074 3261 sit
2102 3210 2318 3274 civitas,
2350 3242 2389 3298 C

759 3313 990 3369 utraque
1015 3315 1210 3369 nempe
1246 3299 1401 3367 quasi
1439 3307 1687 3352 certante
1726 3298 1832 3351 sibi
1864 3313 1981 3352 eam
2016 3300 2316 3366 vindicare,

757 3405 810 3447 et
857 3394 947 3445 illa
1007 3390 1368 3444 vehementer
1422 3387 1748 3441 obsistente.
1793 3388 1950 3452 Quod
2005 3398 2188 3442 autem
2250 3390 2317 3445 de

759 3484 881 3538 Asia
916 3482 1205 3537 dicendum
1244 3491 1352 3545 est,
1414 3479 1551 3533 mari
1588 3491 1768 3535 seeata
1814 3482 2000 3534 divelli
2042 3482 2110 3535 ab
2159 3483 2314 3546 urbe,

757 3595 877 3647 qua:
913 3588 1092 3632 tamen
1127 3575 1274 3627 illius
1305 3586 1549 3625 amorem
1583 3587 1682 3625 nec
1715 3574 1984 3636 dissolvit,
2027 3589 2128 3627 nec
2157 3589 2314 3627 aver-

757 3680 927 3729 satur,
969 3665 1063 3719 sed
1104 3676 1225 3732 quae
1267 3677 1437 3731 prope
1468 3672 1522 3715 et
1563 3674 1689 3714 ante
1740 3673 1972 3724 amatam
2011 3673 2158 3716 stare
2189 3679 2319 3718 con-

759 3761 953 3814 tendit.
982 3759 1101 3826 Ipse
1132 3771 1286 3811 suam
1315 3768 1655 3822 exsuperans
1685 3753 2140 3822 magnitudinem,
2187 3756 2314 3809 dili-

756 3865 947 3924 genter
1016 3847 1432 3903 attendentibus
1505 3846 1774 3914 triplicem
1845 3850 2312 3916 statum‘oﬂert;

757 3948 993 4015 primum
1054 3941 1414 3995 subterranea
1450 3947 1534 3992 est
1589 3939 1666 3991 illi
1711 3937 1893 4002 sedes,
1963 3944 2312 4008 superﬁciem

756 4039 883 4090 dein
923 4043 1171 4103 occ‘upat,
1209 4033 1447 4101 denique
1479 4033 1626 4084 illius
1667 4046 1831 4099 supra
1867 4031 2044 4084 solum
2084 4032 2316 4085 altitudo

757 4129 949 4184 suadet
986 4137 1044 4181 ut
1073 4135 1198 4195 post
1234 4125 1338 4177 alia
1369 4131 1596 4192 propter
1626 4116 1747 4187 qua:
1780 4123 1910 4175 urbs
1938 4133 2312 4190 nuncupatur,

755 4222 988 4290 audeam
1044 4228 1098 4270 et
1151 4217 1358 4279 aeriam
1392 4214 1926 4277 urbemnomiuare.
1975 4213 2080 4265 Aer
2128 4224 2312 4266 autem

755 4315 847 4382 qui
909 4325 1075 4377 super
1116 4317 1281 4375 caput
1351 4314 1515 4365 meat,
1561 4305 1884 4372 purissimus
1927 4313 1982 4355 et
2030 4304 2316 4372 jucundis-

755 4420 928 4462 SllllUS
963 4403 1186 4471 spirari,
1231 4409 1312 4453 est
1357 4400 1522 4452 etiam
1561 4399 1976 4460 saluberrimus,
2007 4411 2105 4448 nec
2135 4397 2317 4448 hieme
2354 4438 2359 4451 .

757 4508 952 4570 praeter
983 4496 1205 4548 Illodtlln
1249 4491 1475 4544 mordax
1505 4503 1558 4542 et
1603 4504 1783 4556 asper,
1820 4488 1916 4540 sed
1959 4489 2230 4540 innocuus
2255 4501 2318 4540 ac

756 4595 903 4646 mitis
933 4601 985 4643 et
1020 4574 1346 4653 corporibus
1385 4582 1718 4642 tolerabilis,
1764 4595 1866 4632 nec
1910 4590 2047 4631 aestu
2080 4580 2319 4632 fervidus

755 4697 808 4736 et
837 4683 1132 4736 suﬂocans,
1176 4676 1270 4728 sed
1304 4682 1641 4741 temperatus
1668 4672 1907 4738 Quodam
1949 4669 2178 4737 frigore,
2226 4669 2320 4721 bo-

757 4776 865 4829 rcis
897 4773 1115 4825 ﬂatibus
1146 4779 1200 4821 et
1235 4783 1370 4820 aura
1418 4764 1652 4829 zephiti,
1706 4777 1815 4814 non
1859 4761 1994 4813 sinit
2042 4760 2319 4812 radiorum

755 4872 872 4921 acie
924 4864 1151 4917 omnino
1198 4859 1516 4913 dominari:
1551 4859 1657 4908 alia
1711 4869 1842 4907 vero
1896 4862 2141 4920 tempora
2187 4869 2320 4919 quo-

756 4958 919 5011 modo
997 4954 1407 5005 immisceamur
1473 4961 1776 4999 memorare
1851 4957 2317 5012 supervacaneum

757 5061 862 5112 cst,
895 5063 1018 5100 cum
1073 5046 1179 5096 huc
1228 5032 1520 5093 mauilesto
1555 5043 1666 5107 per'
1693 5050 1942 5091 extrema
1991 5038 2315 5089 innotescat.

758 5145 824 5195 Et
875 5141 962 5192 illa
1012 5149 1124 5190 tute
1200 5135 1576 5202 magnitudine
1630 5132 1940 5199 praditutu,
1974 5129 2152 5197 potius
2203 5127 2320 5194 pul-

756 5242 941 5287 chram
999 5247 1159 5298 quam
1210 5242 1455 5296 magnam
1505 5227 1743 5287 diceres,
1800 5225 2115 5290 exprimere
2166 5221 2312 5272 enim

756 5331 939 5378 valeas
971 5325 1373 5381 excellentiam,
1416 5318 1468 5369 id
1515 5329 1624 5383 quo
1657 5316 1791 5366 alias
1829 5313 1993 5365 urbes
2043 5309 2320 5362 antecellit

757 5432 988 5481 civitas,
1053 5423 1314 5486 quantum
1375 5426 1509 5464 vero
1571 5407 1980 5477 pulchritudine
2038 5403 2318 5456 antecellit

758 5515 941 5564 dicere
983 5509 1156 5570 nefas,
1190 5518 1246 5557 et
1271 5521 1376 5557 non
1418 5511 1597 5571 potest
1632 5499 1864 5553 inveniri
1906 5496 2174 5548 interralli
2213 5508 2316 5544 nu-

757 5622 943 5659 merus
967 5611 1058 5653 aut
1083 5612 1358 5652 mensura.

831 5816 903 5880 (ὅ)
949 5811 1260 5880 Byzantium
1296 5807 1422 5880 laci}
1477 5816 1633 5880 terrie
1659 5876 1667 5880 _
1692 5803 2008 5880 umbilicum
2050 5816 2125 5880 _ac
2161 5815 2305 5880 Icen-

760 5869 924 5949 truui,
957 5871 1012 5935 ui
1052 5884 1352 5948 antiquitus
1379 5877 1546 5931 Graeci
1581 5875 1831 5944 Delphos,
1870 5882 1925 5926 ut
1959 5871 2126 5925 Judaei
2153 5869 2305 5922 Jcrtt-

2427 644 2594 711 ματός
2637 647 2741 696 εἰσι
2782 643 2878 696 καλ⁵
2922 645 3133 715 φρουρὰ
3161 645 3225 712 τῇ
3264 644 3417 712 χώρᾳ
3462 644 3838 698 καθίστανται.
3880 647 3983 697 οὐδ’

2421 736 2486 787 ἄν
2513 753 2615 796 τις,
2645 731 2818 803 οἶμαι,
2851 736 2942 786 καὶ
2975 735 3110 786 ἰδίαν
3144 735 3401 787 ὑπόθεσιν
3434 736 3676 805 ἱστορίας
3725 735 3982 804 ποιούμε-

2422 828 2638 895 νος,-μή
2666 826 2716 878 τί
2755 843 2814 889 γε
2843 827 3032 898 ,μέρος
3075 826 3235 890 λόγον)
3289 825 3648 894 βραχύτατον,
3703 827 3984 891 ἀρκέσειεν

2426 919 2626 979 ίκανῶς
2659 920 2909 972 διελθεῖν.
2941 921 3001 970 Εἰ
3043 919 3096 971 δὲ
3130 920 3264 986 πρὸς
3302 919 3476 970 ταῦτά
3505 937 3587 980 τις
3634 921 3858 977 εἰκότως
3891 917 3981 969 τοῦ

2423 1010 2543 1059 κατ’
2576 1010 2733 1074 ἀξίαν
2782 1013 3078 1079 ἀπορήσειε
3130 1011 3315 1074 λόγου,
3367 1011 3418 1060 τί
3468 1014 3593 1078 περὶ
3614 999 3710 1077 τῆς
3747 1010 3984 1077 μεγάλης

2424 1102 2517 1151 καὶ
2538 1101 2844 1168 θαυμασίας
2881 1105 2992 1170 ὲρεί
3019 1102 3244 1162 πόλεως,
3274 1103 3306 1172 ἢ
3341 1103 3458 1153 κατ’
3494 1093 3772 1168 ὲξάέρετον
3795 1103 3854 1152 τὸ
3875 1104 3983 1163 σὸν,

2426 1188 2670 1258 βασιλεῦ,
2716 1195 2808 1244 καὶ
2850 1192 3083 1260 χρυσοῦν
3133 1193 3331 1261 ἤνεγκε
3367 1194 3557 1257 γένος;
3591 1196 3624 1259 ἦ
3660 1195 3775 1255 καὶ,
3804 1193 3861 1243 τὺ
3895 1210 3987 1258 με-

2426 1281 2678 1331 σαίτατον
2709 1281 2951 1350 λαχοῦσα
2982 1284 3078 1350 τῆς
3118 1282 3245 1348 γῆς,
3291 1283 3512 1350 κέντρον
3541 1282 3636 1349 μὲν
3664 1284 3727 1333 ἂν
3760 1283 3986 1341 εἰκότως

2425 1373 2593 1440 αὐτῆς
2619 1372 2828 1440 λέγοιτο
2858 1365 3076 1444 (5),ίεξς
3119 1377 3288 1442 αὐτὴν
3331 1376 3438 1426 τῶν
3471 1375 3654 1442 ἄκρων
3703 1376 3984 1426 τεινόντων

2426 1465 2516 1514 καὶ
2541 1465 2634 1514 ἀπ’
2654 1466 2820 1532 αὐτῆς
2840 1466 3183 1534 ἀρχομένων,
3209 1467 3586 1535 ἀνθαμιλλῴτο
3602 1468 3656 1519 δὲ
3682 1469 3813 1534 πρὸς
3847 1467 3987 1517 ἀπά-

2427 1574 2521 1617 σας
2554 1557 2746 1617 κοινῶς
2773 1559 2870 1617 τὰς
2895 1559 2950 1608 ἐν
2976 1560 3112 1626 αὐτῇ
3135 1559 3315 1619 πόλεις
3344 1563 3461 1620 ταῖς
3487 1561 3705 1626 ἀρεταῖς
3728 1576 3740 1620 ;
3773 1557 3987 1618 Θέσεως

2428 1646 2523 1713 μὲν
2558 1648 2662 1712 γὰρ
2698 1646 2793 1713 τῆς
2825 1647 2913 1696 ὑπ’
2941 1646 3168 1714 οὐρανὸν
3187 1648 3478 1716 καλλίστης
3517 1650 3628 1707 καὶ,
3653 1647 3725 1708 ὡς
3758 1647 3985 1712 ἔφαμεν,

2423 1738 2522 1804 τῆς
2578 1741 2934 1805 μεσαιτάτηςν
2994 1743 3084 1790 καὶ
3131 1740 3161 1805 ἣ
3218 1739 3452 1807 μάλιστα
3497 1741 3613 1800 ταῖς
3660 1739 3987 1807 ἀκροπὸλεςι

2427 1813 2650 1892 πρέπει,
2686 1829 2974 1893 τετύχηκε·
3007 1831 3241 1893 γειτονεί
3267 1830 3322 1880 δὲ
3376 1830 3615 1902 θαλάσσῃ
3667 1831 3759 1881 καὶ
3813 1829 3986 1895 ταύτῃ

2425 1917 2772 1984 γονιμωτάτῃ
2801 1920 2893 1969 καὶ
2918 1920 3016 1971 ὅσα
3047 1922 3195 1987 παρὰ
3225 1920 3502 1987 θαλάσσης
3535 1925 3646 1982 τοῖς
3676 1920 3986 1989 ἀνθρώποις

2426 2012 2682 2078 χορηγεῖν
2706 2013 3084 2083 ἀφθονωτάτῃ·
3120 2013 3277 2064 τοῦτο
3325 2013 3423 2082 μὲν
3459 2013 3737 2082 πορθμοὺς
3785 2015 3988 2080 ἔχουσα

2427 2101 2610 2169 σχεδὸν
2643 2104 2769 2168 περὶ
2824 2105 3002 2155 πᾶσαν
3055 2105 3275 2172 ἑαυτὴν,
3309 2107 3701 2174 ἡμερωτάτους
3737 2106 3833 2173 μὲν
3865 2107 3987 2155 ἐπι-

2427 2193 2599 2254 πλεῖν,
2631 2193 2992 2258 ὡραιοτάτους
3045 2197 3096 2247 δὲ
3147 2197 3387 2263 βλέπειν,
3424 2198 3895 2257 λυσιτελεστάτους
3927 2197 3985 2247 δὲ

2425 2287 2764 2351 προσοικεῐν,
2817 2285 2907 2344 οὓς
2966 2291 3060 2338 καὶ
3096 2289 3378 2350 ποταμοὺς
3408 2291 3473 2341 ἂν
3531 2289 3708 2349 εἴποις
3740 2287 3874 2356 πρὶς
3925 2291 3988 2338 τὸ

2427 2373 2610 2425 στενὸν
2640 2373 2781 2443 ὁρῶν
2817 2379 2907 2428 καί
2940 2377 3036 2444 τὴν
3069 2379 3209 2429 κατὰ
3269 2379 3486 2448 κίνησιν
3527 2379 3856 2446 ὁμαλότητα,
3889 2378 3988 2427 καὶ

2426 2467 2699 2520 θάλασσαν
2723 2468 3024 2537 ὀνομάσαις
3060 2471 3262 2539 κρίνων
3310 2472 3415 2523 ἀπὸ
3449 2471 3545 2537 τῆς
3597 2471 3760 2538 ἄλλης
3792 2470 3987 2534 αἰσθή-

2429 2575 2586 2623 σεως,
2621 2558 2779 2612 τοῦτο
2810 2560 2852 2612 δ’
2877 2562 3200 2629 ἐπικείμενα
3234 2563 3463 2632 πελάγη,
3495 2562 3645 2613 ἔνθεν
3673 2563 3790 2631 μὲν,
3846 2560 3988 2628 πρὸς

2428 2653 2796 2721 μεσημϐρίαν,
2816 2655 2903 2704 τὸν
2928 2657 3166 2720 Αἰγαῖον,
3188 2657 3279 2723 ἀφ’
3315 2654 3705 2726 Ἑλλησπόντου
3727 2656 3989 2708 δοκοῦντα

2426 2742 2518 2793 καὶ
2547 2743 2640 2794 τοῦ
2668 2747 2765 2812 τῆς
2794 2746 3000 2808 πόλεως
3025 2750 3148 2816 ροὂς
3194 2747 3479 2818 ἄρχεσθαι,
3534 2750 3685 2800 ἔνθεν
3733 2750 3809 2810 δὲ,
3850 2750 3989 2818 πρὸς

2426 2834 2623 2901 ἄρκτον
2658 2836 2753 2887 καὶ
2785 2835 2985 2906 βορρᾶν
3013 2840 3235 2906 ἄνεμον,
3265 2839 3356 2890 τὸν
3397 2838 3667 2902 Εὖξεινον,
3702 2842 3766 2890 ὲκ
3793 2840 3989 2891 Μαιώ-

2427 2929 2566 2991 τιδος
2593 2928 2692 2996 μὲν
2725 2931 3028 2999 ἀρχόμενον
3061 2933 3154 2983 καὶ
3193 2932 3290 3000 τῆς
3324 2931 3518 2999 λίμνης
3554 2930 3831 2993 Τανάϊδος,
3865 2931 3990 2982 ὅλον

2425 3017 2480 3070 δὲ
2537 3019 2595 3070 τὸ
2653 3020 2830 3090 ῥεῦμα
2884 3024 2987 3090 πρὸ
3053 3023 3220 3089 αὐτῆς
3273 3022 3477 3092 ταύτης
3528 3023 3990 3090 ἀπερευγόμεινον,

2426 3112 2592 3181 ἄμφω
2624 3114 2680 3165 δὲ
2731 3114 2804 3176 ὡς
2844 3113 3078 3182 βασιλίδι
3127 3119 3191 3184 τῇ
3245 3115 3398 3168 πόλει
3448 3117 3859 3183 δωροφοροῦντα
3893 3117 3994 3166 καὶ

2427 3205 2603 3257 πάντα
2633 3205 2790 3274 δεῦρο
2838 3208 2955 3267 ταῖς
3009 3205 3198 3258 ὁλκάσι
3226 3208 3369 3259 κατὰ
3421 3209 3602 3260 πᾶσαν
3658 3208 3991 3275 πνευμάτων

2426 3299 2639 3367 κίνησιν
2673 3297 3138 3364 παρα-πέμποντα.
3194 3299 3304 3353 Καὶ
3367 3300 3595 3368 μέγεθος
3648 3300 3703 3352 δὲ
3752 3302 3850 3368 τῆς
3886 3301 3991 3369 σῆς

2427 3389 2632 3448 πόλεως
2678 3388 2799 3439 ὅσον
2831 3385 3129 3456 ούκκᾶλλης
3160 3388 3401 3454 πόλεων,
3438 3389 3638 3457 πολλῆς
3692 3389 3787 3458 μὲν
3821 3390 3995 3460 οὕσης

2418 3478 2546 3549 ,κατῖ
2583 3478 2833 3548 ἤπειρον,
2882 3478 3080 3546 πολλῆς
3115 3479 3170 3530 δὲ
3211 3482 3305 3530 καὶ
3352 3481 3526 3549 μέσην
3558 3478 3858 3550 κακιζούσης
3887 3483 3993 3550 τὴν

2427 3573 2718 3632 θάλασσαν,
2749 3572 2822 3633 ὡς
2852 3572 3153 3640 ἀμφίϐολον
3178 3569 3316 3624 εἶναι
3348 3575 3490 3636 τίνος
3525 3576 3777 3644 μᾶλλονὴ
3811 3576 3993 3640 πόλις,

2427 3664 2690 3732 ἑκατέρας
2720 3659 2908 3730 ὥσπερ
2955 3664 3364 3734 ἀγωνιζομένης
3409 3667 3578 3730 αὐτὴν
3630 3666 3992 3731 οἰκειοῦσθαι,

2426 3754 2518 3802 καί
2553 3752 2793 3820 σφοδρῶς
2839 3754 3205 3822 ἀντεχομένης
3264 3757 3452 3825 αὐτῆς.
3495 3758 3559 3808 '0
3593 3757 3655 3826 δὴ
3715 3760 3809 3809 καὶ
3857 3762 3995 3826 περὶ

2428 3847 2522 3912 τῆς
2568 3845 2750 3906 Ἀσίας
2781 3847 2955 3897 εἰπεῖν
2982 3847 3080 3909 ἔνι,
3115 3847 3364 3918 θαλάσσῃ
3417 3849 3514 3917 μὲν
3554 3851 3997 3918 τυραννηθείσης

2428 3937 2809 4006 ἀπορραγῆναι
2841 3939 2940 4004 τῆς
2971 3939 3197 3999 πόλεως,
3231 3939 3322 3991 τὸν
3347 3939 3525 4006 ἔρωτα
3554 3940 3609 3992 δὲ
3655 3941 3727 4010 μὴ
3756 3942 3999 3993 καταλε⁹

2425 4029 2647 4091 λυκυίας
2687 4031 2820 4098 μηδὲ
2860 4016 3045 4098 ττόρρω
3078 4032 3471 4099 ἀφεστηκυίας,
3510 4033 3642 4085 ἀλλὰ
3701 4035 3794 4085 καὶ
3845 4034 3998 4087 οὕτω

2427 4114 2836 4186 φιλονεικούσης
2863 4120 3130 4186 σύνεγγυς
3163 4123 3257 4173 καὶ
3297 4125 3604 4192 ἀπαντικρὺ
3647 4125 3741 4191 τῆς
3772 4126 3997 4194 δρωμέ-

2427 4229 2522 4279 νης
2557 4213 2796 4265 ἑστάναι.
2858 4215 2966 4265 Καὶ
3019 4214 3437 4278 ὑπερϐάλλουσα
3472 4219 3524 4269 δὲ
3569 4219 3788 4286 μεγέθει
3846 4222 3994 4292 αὑτὴ

2427 4304 2646 4372 ἑαυτῆς,
2702 4306 2998 4372 τριπλασία
3048 4309 3157 4368 τοῖς
3210 4310 3456 4377 ἀκριϐῶς
3514 4313 3804 4364 σκοποῦσιν
3839 4316 3997 4383 εὑρε-

2428 4411 2640 4447 σκεται·
2676 4397 2740 4448 τὰ
2773 4398 2869 4465 μὲν
2893 4399 3001 4466 γὰρ
3034 4400 3201 4467 αὐτῆς
3234 4403 3531 4467 κατάγαιός
3576 4406 3719 4455 ἐστιν
3751 4407 3995 4472 οἴκησις,

2425 4487 2491 4538 τά
2526 4488 2579 4538 δὲ
2609 4489 2705 4550 τὴν
2739 4491 3062 4555 ἐπιφάνειαν
3127 4491 3342 4560 πληροῖ,
3388 4493 3526 4546 ἄλλα
3577 4495 3630 4547 δὲ
3659 4497 3763 4546 τῶν
3806 4499 3999 4562 μέσων

2356 4604 2396 4656 ι)
2428 4579 2609 4630 ἐπάνω
2640 4580 2912 4647 φερόμενα
2972 4580 3172 4646 πείθει,
3238 4585 3374 4651 μετά
3424 4585 3532 4639 τῶν
3561 4585 3735 4636 ἄλλων
3779 4579 3854 4638 ὧν
3888 4588 3998 4654 τὴν

2427 4667 2578 4718 πόλιν
2631 4669 2880 4732 καλοῦσι,
2970 4673 3177 4741 τολμᾷν
3246 4674 3469 4726 καλέσαι
3531 4667 3996 4746 κα“ι’ἁερόπολιν.

2436 4759 2567 4826 Ἀὴρ
2598 4759 2653 4811 δὲ
2679 4758 2904 4829 ἁύτῆςὸ
2956 4763 3096 4832 ὑπὲρ
3154 4763 3416 4832 κεφαλῆς,
3476 4766 3857 4837 καθαρώτατος
3915 4769 4000 4821 ὢν

2427 4853 2518 4925 καὶ
2543 4850 2799 4918 ἡδύτατος
2825 4855 3184 4918 ἀναπνεῦσαι,
3219 4856 3299 4906 ἔτι
3329 4865 3424 4907 καὶ
3451 4858 3819 4925 ὑγιεινότατός
3844 4863 3995 4927 ἔστι,

2427 4943 2693 5009 χειμῶνος
2725 4945 2822 5010 μὲν
2854 4946 2952 4997 ούκ
3014 4949 3201 5016 ἄγριος
3231 4947 3306 4998 ὢν
3340 4950 3460 5001 οὐδὲ
3507 4950 3702 5018 δριμὺς
3736 4955 3790 5012 ἐς
3819 4953 4000 5021 ὑπερ-

2427 5035 2608 5103 ϐολὴν,
2645 5037 2758 5088 ἀλλ’
2789 5038 2993 5098 ἄλυπος
3023 5042 3116 5089 καὶ
3146 5043 3422 5110 προσηνὴς
3457 5049 3546 5093 καὶ
3577 5048 3686 5105 τοῖς
3736 5043 3999 5111 σώμασιν

2428 5121 2668 5190 ἀνεκτὸς,
2693 5127 2881 5197 θέρους
2911 5130 2965 5179 δὲ
2997 5129 3056 5179 ού
3089 5131 3370 5200 καυσώδης
3404 5135 3494 5185 καὶ
3526 5135 3818 5201 πνιγώδης,
3846 5137 4000 5191 ά).λά

2426 5234 2532 5272 τινι
2558 5219 3067 5288 σύγκρατος¹ψύχει,
3105 5221 3334 5290 βορείοις
3367 5223 3639 5291 πνεύμασι
3661 5227 3753 5276 καὶ
3782 5225 3999 5293 αὔραις

2427 5312 2662 5381 ζεφύρου
2700 5313 2804 5364 ὑπὸ
2837 5312 2934 5376 τῆς
2989 5314 3096 5362 τῶν
3145 5314 3378 5364 ἀκτίνων
3432 5317 3613 5383 ἀκμῆς
3667 5319 4002 5383 κρατεῖσθαι

2427 5403 2680 5467 καθάπαξ
2705 5403 2777 5470 μὴ
2806 5402 3270 5470 συγχωρούμενος”
3298 5404 3404 5454 τῶν
3435 5405 3478 5455 δ’
3504 5406 3677 5456 ἄλλων
3704 5407 3861 5473 ὡρῶν
3895 5427 4001 5459 πε-

2429 5495 2605 5561 ριττδν
2631 5495 2722 5544 καὶ
2750 5493 3052 5559 μνησθῆναι
3113 5492 3186 5553 ὡς
3224 5494 3541 5560 κέκρανται,
3569 5495 3754 5545 τούτου
3793 5501 3998 5562 σαφῶς

2427 5604 2488 5636 εκ
2558 5587 2662 5635 τῶν
2720 5584 2901 5651 ἄκρων
2955 5583 3374 5651 γινωσκομένου.
3440 5584 3546 5634 Καὶ
3598 5588 3702 5652 μὴν
3752 5585 4005 5652 μέγερη

2423 5795 2609 5846 salem.
2662 5793 2788 5844 Vide
2817 5808 2934 5858 qua:
2974 5793 3153 5844 notavi
3196 5792 3259 5844 ad
3321 5789 3624 5843 Planudeas
3669 5788 3844 5842 Unda
3881 5789 4000 5840 ﬁle-

2418 5876 2571 5928 tam.,
2603 5880 2654 5932 p.
2688 5865 2788 5916 £30
2817 5873 2868 5913 et
2897 5866 3017 5912 ιω.
