4200 6440
714 371 815 432 383

1669 381 1991 440 GEORGII
2034 383 2287 441 CYPlill
2333 385 2446 443 CP.
2493 385 3004 448 PATRIARCILE

3843 395 3946 457 384

715 501 843 542 vere
868 486 1076 544 cladem
1111 506 1231 560 qua:
1275 493 1512 548 animam
1569 496 1870 565 impugnat,
1910 507 1965 552 et
2023 499 2170 552 inter
2195 513 2282 551 res
2313 505 2356 558 Α

2425 491 2634 562 κείνων,
2676 499 2742 552 δι’
2779 493 2853 553 ὧν
2886 502 3068 564 πόλεις
3102 504 3195 556 καὶ
3211 505 3478 578 ἄρχοντας
3507 503 3676 556 ἐθνῶν
3699 506 3824 567 τοὺς
3857 509 3956 574 μὲν

718 579 950 634 rationis
1005 593 1280 651 expertes,
1331 599 1448 637 eam
1497 587 1727 644 rationis
1763 591 2081 660 participem
2138 592 2284 646 redi-

718 685 846 740 gere
909 674 1216 738 contendit,
1272 693 1437 746 quam
1486 676 1682 732 hostes
1720 679 1867 734 foras
1896 682 2286 750 perturbantes

719 774 1067 832 prosternere
1096 765 1248 819 nullo
1291 768 1449 820 modo
1499 770 1669 838 magis
1703 770 2037 825 dedecorum
2063 784 2166 828 est.
2195 773 2287 827 Sic

721 870 820 921 per
868 867 932 935 _te
983 856 1251 911 bonorum
1297 860 1496 938 flumen
1556 862 1720 937 inter
1765 880 1867 917 nos
1925 865 2176 937 defluxit,
2236 875 2290 919 ct
2338 860 2357 881 ³

725 947 920 1009 omnia
970 949 1232 1002 salutaria
1302 953 1680 1022 contigerunt,
1713 965 1768 1008 ct
1801 955 2088 1010 manifeste
2143 967 2288 1010 tuam

724 1039 999 1094 fortunam
1111 1057 1294 1097 nostra
1376 1047 1669 1101 subsecuta
1758 1059 1842 1100 est
1931 1051 2289 1117 prosperitas.

731 1233 843 1278 teat
876 1237 965 1280 tua
991 1229 1264 1295 conferre,
1293 1233 1471 1298 in0pia
1502 1233 1664 1286 simul
1699 1249 1758 1287 ac
1785 1233 2072 1288 difﬁcultas
2099 1251 2292 1288 occur-

731 1328 878 1370 runt.
931 1320 1042 1373 Nec
1099 1322 1243 1374 enim
1310 1323 1599 1389 quisquam
1661 1339 1727 1377 ex
1795 1325 2035 1391 antiquis
2107 1341 2176 1378 an
2225 1337 2295 1381 .0

731 1411 1055 1464 obversatur
1119 1427 1280 1480 quem
1343 1429 1559 1481 mquum
1608 1414 1678 1467 sit
1731 1426 1908 1467 tecum
1938 1416 2210 1479 conferre,
2243 1424 2298 1469 et

733 1502 928 1570 siquis
964 1518 1085 1555 sese
1139 1504 1351 1565 oderat,
1384 1521 1576 1558 vereor
1632 1520 1699 1558 nc
1748 1508 1971 1558 omnino
2020 1507 2295 1561 dissonam

736 1583 1199 1661 comparationem
1234 1597 1453 1656 faciam,
1496 1610 1603 1648 non
1638 1612 1761 1649 cum
1789 1598 2016 1664 majore,
2049 1612 2147 1648 nec
2173 1613 2297 1650 cum

735 1685 954 1752 aequali,
1019 1697 1199 1752 utpar
1260 1698 1364 1747 est,
1400 1702 1517 1739 eam
1573 1685 1824 1739 faciendo
1870 1703 1883 1738 :
1949 1686 2081 1738 Nam
2108 1702 2301 1739 omnes

737 1777 897 1831 video
952 1777 1044 1829 tibi
1080 1777 1300 1831 dotibus
1346 1793 1469 1832 esse
1513 1778 1776 1841 minores,
1836 1787 1895 1830 ut
1929 1778 2112 1831 omnia
2155 1787 2299 1832 nstra

2389 591 2744 658 παρεστὴσω,
2768 590 2890 651 τοὺς
2912 591 2968 663 δὲ
2996 591 3264 654 καθεῖλες,
3295 592 3361 644 δι’
3403 589 3478 644 ὧν
3513 594 3813 662 πρίγκιπας
3841 596 3956 665 (46)

2388 681 2690 747 ἐδουλὼσω,
2721 684 2816 735 καὶ
2868 685 3074 752 τρόμου
3111 686 3225 737 καὶ⁴
3257 686 3506 755 ταραχῆς
3541 686 3638 754 τὴν
3691 685 3780 753 ὑφ’
3807 687 3958 760 ἥλιον

2389 775 2654 844 ἐπλησας,
2683 776 2814 846 παρ’
2843 777 2967 829 ὅσον
3006 776 3101 829 καὶ
3126 777 3297 839 πάθος
3325 777 3575 830 καθελεῖν
3616 779 3759 834 κατὰ
3781 778 3960 847 ψυχῆς

2393 870 2850 937 στρατευόμενον,
2879 869 2972 921 καὶ
3006 869 3146 935 μετὰ
3179 871 3288 922 τῶν
3314 871 3527 936 ἀλόγων
3571 873 3787 924 τάττειν
3819 872 3960 937 λογι-

2393 959 2493 1028 κὴν
2521 954 2689 1011 οὖσαν
2744 959 3111 1026 φιλονεικοῦν,
3137 958 3229 1013 τοῦ
3284 963 3411 1023 τοὺς
3443 962 3792 1036 ἐννοχλοῦντας
3835 964 3965 1027 ἕξων

2340 1097 2350 1105 .
2394 1051 2484 1104 θεν
2519 1051 2884 1129 καταϐάλλειν
2915 1039 3174 1124 ,ἐχθροὺς
3223 1053 3382 1105 οὐδὲν
3431 1055 3777 1123 ἀτιμότερον.
3809 1054 3964 1108 Οὕτω

726 1129 1090 1196 Quamobrem
1130 1136 1438 1205 inspicienti
1474 1138 1671 1207 cuique
1721 1156 1842 1194 cum
1900 1143 2096 1210 quibus
2126 1158 2315 1211 ορατ-λ
2369 1147 2374 1156 '

2393 1141 2480 1194 διὰ
2514 1143 2571 1194 σέ
2601 1143 2847 1204 θάλασσα
2870 1143 3050 1196 καλῶν
3080 1145 3212 1212 ἡμῖν
3243 1145 3498 1214 ἐξεχύθη,
3530 1149 3625 1199 καὶ
3653 1149 3758 1198 πᾶν
3787 1147 3966 1199 ὁτιοῦν

2398 1216 2664 1305 σωτήριον
2689 1237 3002 1303 ἐπεγένετο,
3029 1238 3120 1288 καὶ
3142 1240 3206 1306 τῇ
3238 1240 3302 1306 σῇ
3336 1239 3472 1312 τύχῃ
3515 1240 3758 1308 ἐναργῶς
3782 1242 3809 1292 ὁ
3833 1240 3967 1310 ἡμέ-

2395 1345 2551 1397 τερος
2585 1328 3026 1397 ἐπηκολούθησεν
3055 1330 3232 1391 ὕλόος.
3264 1331 3340 1383 Δι’
3367 1332 3402 1384 ἃ
3431 1325 3494 1401 δὴ
3529 1333 3620 1386 καὶ
3659 1333 3967 1400 σκοπουμέ-

2397 1436 2509 1480 νοις
2540 1420 2674 1487 πρὸς
2703 1419 2738 1472 ἃ.
2769 1420 2851 1471 δεῖ
2878 1422 2972 1472 καὶ
3004 1423 3380 1492 παραϐάλλειν
3410 1425 3476 1477 τὰ
3506 1425 3573 1475 σὰ
3603 1426 3722 1486 δέος
3763 1441 3819 1476 τε
3852 1427 3970 1492 ἅμα

2399 1511 2495 1562 καὶ
2524 1509 2727 1578 ἀπορία
2753 1511 3130 1579 προσγίνεται.
3166 1513 3302 1566 Οὔτε
3337 1516 3446 1584 γὰρ
3477 1517 3557 1576 είς
3599 1510 3820 1585 μ’νήμην
3848 1517 3970 1585 ἥκει

2398 1616 2481 1661 τις
2515 1600 2622 1652 τῶν
2648 1601 2817 1654 πάλαι
2851 1604 2985 1672 πρὸς
3019 1604 3078 1656 σὲ
3116 1607 3585 1676 παρεξετάζεσθαι
3612 1610 3835 1672 δίκαιος,
3859 1609 3969 1670 καὶ,

2403 1697 2454 1748 εί
2487 1696 2630 1749 ἔλθοι
2658 1714 2763 1762 τις,
2800 1683 3012 1753 δέδοικα
3038 1700 3114 1768 μὴ
3147 1703 3363 1761 πάντως
3393 1703 3710 1772 άπᾴδουταν
3741 1706 3973 1770 ποιήσω-

2407 1807 2505 1857 μαι
2526 1789 2624 1859 τὴν
2657 1791 2925 1855 ἐξέτασιν,
2948 1793 3192 1864 μὴ-πρὺς
3222 1795 3467 1863 μείζονα,
3506 1797 3637 1864 μηδὲ
3666 1798 3803 1864 πρὸς
3836 1798 3973 1861 ίσον,

738 1871 866 1929 soli.
898 1870 1105 1924 etillud
1145 1879 1398 1939 tanquam
1432 1870 1696 1925 honorem
1749 1871 1972 1932 ducere,
2005 1871 2149 1940 quod
2204 1871 2302 1925 ali-
2339 1863 2365 1918 Ε

2425 1881 2480 1942 ὗς
2511 1878 2649 1946 δέον,
2698 1884 2836 1936 ἀλλὰ
2887 1863 3316 1954 πρὸςέλάττονα
3349 1886 3559 1954 ταύτην
3608 1863 3932 1958 ποιούμενος
3956 1904 3970 1918 ·

739 1961 865 2029 quis
917 1962 1123 2030 primus
1156 1973 1280 2030 post
1337 1973 1388 2018 te
1444 1972 1753 2017 censeatur.
1807 1963 1949 2032 Ergo
1993 1972 2048 2016 et
2094 1963 2299 2032 Cyros,

740 2053 954 2116 Darios,
1008 2052 1345 2109 Alexandros
1377 2064 1429 2108 et
1477 2054 1772 2123 Augustos,
1807 2065 1861 2109 et
1911 2055 2001 2124 qui
2048 2055 2306 2118 Barbaris

741 2154 905 2211 atque
936 2141 1194 2197 Romanis
1220 2144 1560 2212 imperarunt
1587 2155 1639 2199 et
1667 2147 1732 2199 ad
1767 2147 2057 2199 maximam
2081 2145 2306 2215 gloriam

743 2236 986 2304 provecti
1020 2245 1165 2298 sunt,
1208 2237 1347 2303 illos,
1404 2239 1718 2308 quicunque
1761 2248 1911 2302 sunt,
1950 2249 2061 2292 tum
2092 2239 2144 2292 in
2191 2253 2303 2292 me-

743 2329 894 2380 dium
941 2327 1141 2384 aliene
1178 2327 1428 2396 iniquum
1473 2331 1734 2383 arbitror.
1764 2330 2047 2395 Quodnam
2081 2345 2203 2383 cum
2235 2340 2310 2383 tc-

744 2421 933 2474 nebris
974 2422 1105 2476 solis
1137 2423 1495 2488 consovtium,
1536 2425 1650 2477 sive
1681 2439 1804 2476 cum
1833 2423 2050 2476 fortuna
2085 2422 2312 2477 rationis

747 2522 801 2565 et
833 2516 1135 2586 prudentia;
1170 2516 1285 2569 sive
1328 2533 1449 2570 cum
1485 2517 1692 2571 somnis
1734 2517 2021 2570 veritatis?
2063 2514 2161 2569 aut
2195 2530 2314 2585 quae

749 2606 926 2657 virtus
952 2606 1002 2658 iu
1031 2621 1155 2674 rege
1197 2607 1504 2675 effulgeret,
1545 2609 1646 2661 nisi
1693 2625 1721 2660 a
1750 2608 1858 2661 Deo
1889 2607 2193 2672 dirigatur?
2221 2617 2316 2661 aut

750 2712 874 2762 qua:
905 2698 1075 2763 gloria
1101 2698 1145 2752 si
1177 2698 1319 2753 absit
1345 2700 1620 2752 Creatoris
1659 2699 1933 2766 cognitio?
1973 2699 2096 2753 Illos
2133 2708 2314 2753 autem

753 2790 847 2857 qui
876 2790 1172 2843 SCClllldlllll
1195 2791 1286 2843 Dei
1312 2801 1639 2859 μνωςιψιυιιι
1669 2801 2031 2858 regnaverunt
2051 2792 2094 2845 si
2116 2792 2239 2859 quis
2263 2791 2314 2844 in

756 2882 995 2935 medium
1025 2883 1279 2948 adducat,
1329 2883 1476 2937 solus
1518 2883 1682 2936 etiam
1740 2899 1807 2937 ex
1866 2883 1931 2936 iis
1969 2883 2106 2936 bona
2168 2899 2318 2950 qua:-

755 2986 973 3040 cunque
1006 2973 1070 3024 ad
1107 2972 1362 3025 virtutem
1386 2983 1442 3027 ct
1481 2973 1648 3026 Deum
1693 2972 1971 3040 pertinent
2002 2974 2319 3041 complexus

755 3079 815 3117 es
854 3068 940 3118 :si
983 3080 1111 3116 vero
1142 3066 1401 3133 aspiciam
1455 3067 1635 3117 omnia
1673 3068 1721 3117 in
1777 3067 1976 3134 quibus
2018 3067 2319 3121 tilubavcre

756 3164 834 3218 et,
897 3154 1102 3221 justitia
1147 3155 1485 3219 deerrantcs,
1540 3156 1772 3207 virtutes
1835 3171 1959 3207 suas
2020 3158 2321 3211 maculave-

2410 1974 2621 2036 πάντας
2649 1975 2758 2044 γὰρ
2787 1977 2896 2046 ὁρῶ
2925 1991 3020 2029 σου
3050 1977 3158 2030 τῶν
3190 1978 3371 2031 καλῶν
3398 1979 3765 2047 ἡττωμένους,
3789 1980 3978 2050 ὥσπερ

2410 2065 2561 2133 ἡλίου
2603 2067 2728 2130 τοὺς
2763 2068 2971 2131 πάντας
3003 2069 3259 2140 ἀστέρας,
3300 2071 3396 2122 καί⁴
3445 2071 3591 2123 τοῦθ’
3637 2072 3978 2140 ἡγουμένους

2411 2158 2746 2227 φιλοτιμίαν,
2780 2161 2928 2221 ὅστις
2960 2155 3177 2230 πρῶτος
3221 2161 3468 2215 τάττοιτο
3496 2164 3634 2231 μετὰ
3660 2165 3741 2217 σέ.
3780 2164 3981 2218 Μέντοι

2411 2265 2474 2319 γε
2510 2249 2604 2302 καὶ
2652 2250 2762 2318 (47)
2815 2249 3036 2319 Κύρους
3070 2252 3336 2316 ἐκείνους,
3384 2255 3665 2320 Δαρείους,
3736 2253 3982 2318 Ἀλεξάν-

2412 2339 2593 2409 δρους.
2636 2341 2730 2392 καὶ
2778 2341 3144 2407 Αύγούστους,
3197 2344 3292 2395 καὶ
3362 2344 3561 2407 οἵτινες
3645 2344 3916 2412 Ἑλλήνων
3947 2347 3981 2416 ἢ

2417 2430 2710 2502 βαρϐάρων
2759 2434 2792 2502 ἢ
2850 2432 3140 2502 Ῥωμαίων
3194 2435 3508 2506 ἐκράτησαν
3547 2438 3684 2490 κάπὶ
3735 2438 3986 2491 πλεῖστον

2417 2524 2660 2594 προῆκον
2690 2525 2980 2595 ὀνόματος,
3002 2525 3252 2593 τούτους,
3277 2532 3451 2583 ὁποῖοί
3471 2512 3616 2594 τινές
3644 2533 3804 2596 εἰσιν,
3835 2532 3988 2601 ἔμοι-

2417 2633 2479 2684 γε
2512 2620 2605 2670 καὶ
2659 2619 2845 2688 φέρειν
2889 2619 3026 2682 ὅλως
3081 2622 3162 2684 είς
3199 2623 3364 2692 μέσον
3412 2623 3694 2692 ἀθέμιτον.
3741 2626 3837 2687 Τίς
3877 2627 3989 2696 γάρ

2419 2710 2553 2777 πρὸς
2586 2709 2774 2773 σκότος
2804 2711 3057 2764 κοινωνία
3089 2714 3260 2782 ἡλίου,
3285 2713 3317 2783 ἡ
3351 2714 3520 2785 τύχης
3551 2715 3710 2782 λόγου
3736 2715 3829 2768 καὶ
3852 2733 3985 2784 προ-

2419 2800 2586 2863 νοίας.
2623 2802 2655 2870 ἢ
2687 2803 2985 2871 ὀνειράτων
3036 2806 3131 2856 καὶ
3181 2805 3464 2873 ἀληθείας,
3508 2806 3651 2874 ἦτὶς
3705 2805 3772 2859 ἂν
3816 2806 3986 2876 ἀρετὴ

2422 2890 2699 2960 βασιλείας
2725 2893 2944 2964 φανείη,
2969 2896 3041 2964 μὴ
3073 2894 3207 2948 Θεοῦ
3233 2897 3748 2966 χειραγωγουμένης
3775 2897 3987 2967 χερσίν;

2421 2986 2454 3053 ἡ
2485 2987 2567 3047 τίς
2599 2984 2837 3050 εὔκλεια,
2871 2989 3220 3056 ἐπιγνώσεως
3248 2991 3492 3060 ἀπούσης
3523 2991 3616 3043 τοῦ
3661 2991 3940 3055 κτίσαντος
3973 3008 3990 3055 ;

2424 3077 2561 3139 Τοὺς
2594 3078 2649 3130 δὲ
2680 3079 2817 3130 κατὰ
2850 3080 3012 3148 νόμον
3049 3067 3507 3150 βεϐασιλευκότας
3537 3080 3676 3142 Θεοῦ
3721 3082 3876 3154 εἴπερ
3913 3086 3994 3155 είς

2429 3165 2595 3231 μέσον
2631 3168 2867 3233 παράγοι
2898 3184 3002 3233 τις,
3035 3171 3140 3221 καὶ
3176 3169 3403 3233 τούτων,
3458 3170 3699 3239 βασιλεῦ,
3735 3172 3834 3224 ὅσα
3871 3173 3998 3241 ’μὲν

763 3256 908 3309 runt,
956 3257 1161 3299 tantum
1203 3247 1268 3299 ab
1330 3247 1435 3299 illis
1467 3247 1635 3300 distas
1676 3245 1969 3315 (quomodo
2004 3246 2053 3299 id
2090 3259 2210 3316 apte
2242 3249 2322 3302 di-
2353 3235 2365 3286 ί

2428 3256 2535 3306 τῶν
2561 3256 2776 3321 ἀγαθῶν
2810 3258 2900 3308 καὶ
2925 3258 3060 3327 πρὸς
3093 3259 3297 3327 ἀρετὴν
3320 3261 3412 3313 καὶ
3439 3261 3569 3323 Θεὸν
3611 3263 3866 3330 φέροντα,
3901 3262 3998 3329 μό-

764 3339 986 3397 xerim?)
1022 3349 1284 3406 quantum
1317 3339 1462 3391 inter
1508 3348 1705 3390 terram
1757 3347 1806 3390 et
1845 3338 2028 3390 inuam
2064 3340 2323 3393 interval-

764 3433 897 3484 lum.
925 3432 1003 3484 Tu
1030 3433 1245 3498 Moysis,
1273 3440 1325 3484 tu
1363 3443 1416 3502 et
1445 3433 1629 3496 Josue,
1655 3433 1882 3485 alterius
1912 3433 2081 3499 gratia
2114 3425 2356 3499 cmlesti'

765 3533 822 3577 et
871 3539 1190 3592 magnorum
1243 3523 1520 3576 cflcctrice
1556 3525 1823 3591 potentia,
1853 3534 2012 3591 atque
2069 3523 2328 3600 adversus

766 3616 1155 3669 exacerbautes
1235 3615 1686 3684 longanimitate.
1763 3617 1997 3670 alterius
2079 3603 2326 3692 militiam

773 3708 1075 3775 imperandi
1103 3717 1156 3760 et
1189 3709 1449 3776 p0pulum
1491 3708 1834 3775 gubernandi
1871 3708 2086 3776 peritia,
2125 3719 2178 3761 et
2208 3699 2329 3760 mu-

775 3815 904 3852 nere
959 3797 1286 3865 deducendi,
1320 3809 1377 3877 ut
1412 3799 1522 3864 ille,
1566 3801 1821 3868 pepulum
1848 3801 1912 3853 ad
1953 3810 2333 3877 terramopta-

775 3883 880 3956 tam
917 3893 1283 3962 locupletatus
1337 3875 1416 3946 es.
1464 3892 1683 3946 Davidis
1727 3895 2014 3947 aemulatus
2061 3909 2120 3948 es
2181 3899 2340 3948 man-‘

780 3984 1152 4048 suetudinem,
1184 3993 1235 4036 ct
1264 3984 1607 4052 potissimum
1642 4000 1668 4037 a
1705 3973 2194 4040 natura'adversus
2242 4003 2337 4041 eos

775 4063 866 4144 qui
920 4077 1021 4128 sibi
1078 4075 1375 4128 illudcbaut
1410 4075 1644 4129 habuisti
1705 4075 2073 4139 clementiam,
2115 4085 2187 4138 et,
2226 4093 2337 4132 non

778 4167 959 4223 minus
981 4180 1142 4234 quam
1177 4165 1273 4229 illi,
1327 4164 1602 4218 timendus
1635 4165 1754 4218 aliis
1781 4167 2036 4234 gentibus
2055 4167 2336 4221 exstitisti:

775 4259 1064 4327 genuinam
1084 4259 1227 4310 enirn
1251 4260 1528 4313 lenitatem
1549 4259 1680 4312 solis
1699 4258 1956 4335 subjectis
1973 4257 2035 4310 ad
2059 4258 2179 4312 illos
2197 4258 2340 4312 dele-

779 4349 1008 4402 ctandos
1032 4349 1332 4416 prazbuisti.
1387 4349 1692 4403 Salomonis
1716 4351 2042 4418 sapientiam
2072 4358 2126 4402 et
2160 4348 2344 4403 latitu-

781 4443 962 4494 dinem
990 4442 1168 4494 cordis
1203 4442 1504 4509 amplexus,
1538 4443 1604 4494 ab
1640 4443 1761 4494 aliis
1789 4442 2032 4510 ejusdem
2063 4449 2345 4494 aversatus

2431 3365 2519 3409 νος
2547 3348 2823 3401 συλλαῦὼν
2855 3352 3019 3420 ἔχεις,
3068 3353 3162 3404 καὶ
3192 3353 3428 3414 οὐδενὸς,
3465 3353 3522 3403 ἐν
3558 3347 3639 3415 οἷς
3688 3350 3833 3423 εἶχον
3866 3369 4000 3419 φρο-
4057 3406 4059 3408 .

2432 3443 2562 3502 νεῖν,
2590 3442 2768 3508 φέρων
2808 3442 2969 3509 φαίνῃ
2999 3443 3065 3494 τά
3093 3443 3344 3512 δεύτερα·
3401 3444 3467 3494 τὰ
3499 3441 3543 3493 δ’
3577 3443 3661 3510 ἐφ’
3692 3444 3836 3503 ὅσοις
3872 3441 4002 3494 ὠλί-

2435 3531 2649 3584 σθαινον
2679 3534 2769 3584 καὶ
2792 3532 2884 3584 τοῦ
2914 3533 3124 3596 δέοντος
3156 3535 3583 3602 ἐκπορευόμενοι
3630 3533 3725 3596 τὰς
3765 3534 4004 3602 προσού-

2437 3639 2534 3683 σας
2574 3621 2881 3690 διέφθειρον
2913 3625 3137 3689 ὸρετὶις,
3197 3625 3456 3676 τοσοῦτον
3506 3626 3727 3691 ἀπεῖχες
3763 3623 3900 3691 (πῶς
3932 3623 4004 3673 ἂν

2437 3711 2644 3779 εἴποιμι
2683 3711 2883 3774 ἱκανῶς
2905 3711 2968 3774 ;‘,,
2997 3713 3118 3764 ὅσον
3151 3713 3252 3781 γῆς
3282 3713 3375 3766 καὶ
3406 3713 3637 3780 σελήνης
3668 3711 3726 3762 τὸ
3773 3698 4002 3778 μεταξύ.

2437 3801 2508 3853 Συ
2539 3802 2839 3862 Μωῦσὲως,
2875 3804 2937 3855 σὺ
2968 3804 3058 3854 καὶ
3103 3802 3298 3870 Ἰησοῦ,
3342 3804 3433 3854 τοῦ
3465 3803 3561 3870 μὲν
3605 3802 3702 3872 τὴν
3729 3802 3782 3865 ἐξ
3835 3801 4007 3869 ὕψους

2438 3895 2598 3964 χάριν
2635 3896 2728 3948 καὶ
2756 3895 2852 3965 τὴν
2883 3895 2951 3946 τὰ
2989 3896 3200 3964 μεγάλα
3252 3894 3580 3965 ἐνεργοῦσαν
3623 3894 3873 3962 δύναμιν,
3908 3893 4008 3944 καὶ

2439 3984 2498 4034 τὸ
2522 3986 2664 4037 κατὰ
2688 3975 2798 4036 τῶν
2829 3985 3389 4052 παραπικραινόντων,
3429 3983 3801 4052 μακρόθυμογ,
3828 3981 3922 4034 τοῦ
3946 3982 4012 4034 es

2442 4074 2540 4144 τήν
2571 4075 2779 4144 ἀγαθὴν
2817 4064 3172 4164 στρατηγίαν,
3210 4073 3304 4126 καὶ
3350 4075 3446 4142 τὴν
3474 4059 3854 4142 δημαγωγίαν,
3910 4057 4015 4124 και

2442 4167 2502 4220 τδ
2523 4167 2618 4219 τὸν
2652 4166 2779 4218 λαὸν
2812 4167 3019 4235 Κυρίου
3052 4167 3188 4234 πρὸς
3219 4167 3317 4235 τὴν
3345 4165 3716 4232 ἐπιθυμητὴν,
3764 4164 3832 4215 ὡς
3867 4164 4014 4214 ἐκεί-

2446 4275 2556 4321 νος,
2609 4259 2895 4325 κατάγειν,
2953 4256 3319 4324 ἐπλούτησας.
3358 4254 3532 4306 ’Δαυῗδ
3581 4254 3857 4322 ἐζήλωσας
3907 4253 4016 4319 τὴν

2449 4349 2987 4432 πραότητακμᾶλλον
3017 4347 3083 4400 δὲ’
3107 4348 3242 4415 πρὸς
3280 4347 3782 4428 φύσεωςὲσχηκας,
3826 4346 3916 4396 καὶ
3949 4346 4019 4397 τὸ

2447 4443 2768 4505 ἀνεξίκακον
2807 4442 2941 4510 πρὸς
2975 4442 3096 4501 τοὺς
3128 4438 3541 4508 -παροινοῦντας
3570 4456 3581 4467 ·
3620 4433 3728 4488 ¹καὶ
3783 4436 4019 4502 φοϐερὸς

781 4548 877 4595 es;
908 4543 981 4588 et.
1008 4545 1060 4584 ut
1087 4534 1305 4586 omissis
1329 4533 1433 4586 illis
1464 4535 1552 4600 qui
1594 4535 1819 4602 gratiam
1841 4543 2258 4601 praecesserunt,
2279 4534 2342 4585 ad

2448 4532 2545 4600 οὐχ
2572 4527 2734 4602 ἦττον
2764 4531 2973 4590 ἐκείνου
3009 4532 3122 4592 τοῖς
3154 4530 3476 4597 ἀλλοφύλοις
3507 4527 3852 4595 καθέστηκας
3872 4544 3883 4556 ·
3911 4529 4018 4590 τὴν

784 4625 935 4673 tuu.u
962 4623 1337 4689 cognominem
1383 4624 1617 4684 veniam,
1646 4623 1737 4692 qui
1791 4624 1999 4690 primus
2029 4623 2169 4676 inter
2188 4623 2343 4676 Chri-

783 4713 989 4765 stianos
1041 4714 1302 4779 regnavit,
1345 4713 1489 4765 illius
1519 4728 1735 4780 quoque
1773 4713 1978 4765 habens
2008 4711 2075 4765 ad
2136 4712 2344 4765 cultum

763 4788 1254 4862 'l)cialacritatem,
1295 4812 1350 4854 et
1376 4818 1540 4855 cruce
1575 4803 1745 4855 vincis
1798 4802 2008 4863 hostes,
2046 4809 2099 4868 et
2123 4800 2345 4862 videris,

785 4906 878 4948 aut
907 4895 1086 4961 potius
1131 4895 1347 4948 exsistis
1397 4896 1448 4947 in
1479 4911 1658 4964 pugna
1701 4896 1959 4957 invictus,
1988 4905 2042 4948 et
2071 4901 2132 4946 ut
2170 4893 2347 4963 "magis

787 4996 1094 5041 accuratam
1160 4988 1447 5058 imaginem
1519 4990 1759 5056 pra-bere
1793 4982 1808 4995 ’
1843 4989 2040 5057 possis,
2075 5041 2082 5054 ,
2113 4986 2350 5040 aedificas

790 5081 1085 5156 civitatem,
1121 5063 1284 5149 quam
1321 5081 1409 5134 ille
1457 5068 1708 5134 conditor
1742 5081 2062 5134 nominavit.
2091 5077 2351 5146 Et‘quid-
2380 5063 2381 5066 η

791 5173 920 5240 quid
942 5172 1265 5248 Theodosiis
1289 5173 1495 5242 magnis
1525 5184 1579 5226 ct
1606 5163 1836 5236 cazteris,
1858 5180 2017 5239 atque
2032 5169 2352 5224 Justinianis

791 5274 845 5318 et
874 5265 954 5318 eis
998 5267 1088 5334 qui
1135 5281 1255 5319 cum
1322 5254 1428 5319 illis
1489 5267 1553 5318 ad
1599 5267 1884 5317 maximam
1947 5263 2176 5339 gloriam
2224 5277 2352 5328 per-

791 5367 1082 5418 venerunt.
1147 5359 1325 5437 inerat
1373 5358 1610 5426 pietatis,
1645 5354 1930 5409 cbaritatis
1983 5353 2037 5406 in
2080 5353 2353 5415 Deum,ct

795 5452 1056 5506 adversus
1102 5452 1342 5520 pericula
1378 5449 1718 5508 strenuitalis
1746 5447 2065 5517 etjustitiae,
2101 5445 2153 5499 in
2189 5446 2378 5510 rebus,

797 5543 1050 5614 gerendis
1096 5553 1151 5596 et
1184 5541 1536 5616 providendis
1593 5540 1950 5619 excellentiae,
1985 5548 2039 5592 et
2086 5536 2353 5606 quidquid

829 5753 839 5763 _
869 5681 981 5763 (ιο)
1009 5679 1116 5763 Hac
1141 5694 1273 5733 voce
1297 5678 1525 5732 barbara
1550 5661 1867 5730 Latinorum
1895 5676 2060 5730 duces
2085 5673 2354 5742 praecipue

798 5755 1088 5821 siguilicu.

874 5821 982 5889 (i7)
1015 5819 1171 5874 Deest
1203 5819 1379 5873 forsan
1407 5816 1536 5885 quid
1566 5825 1686 5871 ante
1719 5818 1868 5881 μὲντ.

2449 4623 2553 4689 γὰρ
2613 4621 2849 4690 φυσικὴν
2907 4619 3224 4688 ἡμερότητα
3288 4619 3470 4687 μόνοις
3523 4620 3599 4677 εἰς
3636 4616 3846 4685 τρυφὴν
3897 4619 4020 4678 τοῖς

2451 4712 2712 4779 ὑπηκόοις
2744 4712 3120 4780 παρέσχηκας.
3157 4709 3504 4777 Σολομῶντος
3538 4710 3636 4771 τὴν
3676 4698 4024 4758 σύνεσιν’κα“ι

2449 4801 2512 4854 τὸ
2541 4803 2637 4871 τὴν
2672 4801 2899 4870 καρδίας
2932 4800 3134 4885 πλάτος
3168 4800 3486 4872 δεξάμενος,
3518 4800 3683 4852 τᾶλλα
3708 4799 3895 4850 τούτου
3928 4815 4026 4865 με.

2397 4931 2402 4946 .
2456 4893 2714 4963 μίσηκας.
2743 4895 2849 4945 Καὶ
2875 4894 2980 4956 ἵνα,
3003 4896 3128 4955 τοὺς
3157 4895 3264 4962 πρὸ
3284 4894 3378 4961 τῆς
3404 4892 3622 4961 χάριτος
3642 4888 4027 4958 παραδραμὼν

2452 4986 2543 5036 ἐπὶ
2568 4985 2782 5061 τὸνθσὸν
2832 4985 3121 5051 ὁμώνυμον
3169 4982 3282 5052 (48)
3336 4983 3496 5040 ἔλθω,
3545 4980 3636 5031 τὸν
3694 4979 3907 5045 πρῶτον
3963 4979 4029 5027 ἐν

2454 5077 2801 5144 Χριστιανοῖς
2823 5062 3239 5144 βασιλεύσαντα,
3269 5075 3358 5124 καὶ
3387 5072 3574 5128 τούτου
3592 5071 3779 5138 φέρεις
3799 5068 3859 5119 τὸ
3894 5069 4026 5136 περὶ

2453 5169 2513 5220 τδ
2538 5166 2699 5228 σέὸας
2727 5166 2952 5236 θερμὸν,
2979 5167 3090 5218 ’καὶ
3136 5164 3354 5233 σταυρῷ
3403 5164 3559 5232 νικᾷς
3607 5158 4025 5231 τοὺςιὲχθροὺξ.

2457 5258 2551 5309 καὶ
2608 5253 2796 5324 φαῖνῃ,
2856 5255 3056 5325 μᾶλλον
3107 5247 3163 5307 δὲ
3210 5255 3302 5305 καὶ
3352 5254 3617 5321 ὑπάρχεις
3672 5253 3728 5301 ἐν
3764 5249 4029 5316 πολέμοις

2451 5351 2743 5420 ἀήττητος,
2798 5353 2892 5404 καὶ
2939 5348 3004 5402 ἵν’
3055 5345 3446 5418 ἀκριϐέστερον
3501 5343 3625 5411 ἔχῃς
3683 5340 3780 5410 τὴν
3834 5340 4030 5393 εἰκόνα

2455 5446 2748 5506 δεικνύναι,
2803 5440 3058 5511 τειχίζεις
3109 5436 3296 5498 ’πόλιν,
3375 5430 3438 5504 ἦς
3503 5434 3706 5492 ἐκεῖνος
3759 5430 4030 5499 πολιστὴς

2458 5537 2819 5607 ἐχρημάτισε.
2850 5529 3144 5592 Θεοᾱοσίων
3178 5516 3286 5578 τῶν
3335 5524 3584 5593 μεγάλων
3619 5522 3713 5575 καὶ
3748 5521 3855 5572 τῶν
3901 5522 4028 5572 ἐτέ-

2531 5671 2641 5740 (18)
2675 5671 2854 5723 Voluit
2904 5668 3110 5720 scilicet
3183 5659 3408 5740 Michael
3487 5666 3782 5740 Impellator
3837 5658 4027 5740 vocari

2460 5726 2645 5795 No‘vus
2673 5740 3085 5804 Constantinus,
3119 5749 3226 5802 quo
3261 5732 3418 5784 titulo
3474 5739 3526 5781 ct
3563 5729 3614 5780 in
3645 5727 3821 5779 fronte
3857 5726 4028 5793 hujus

2463 5811 2729 5869 orationis
2753 5818 2990 5860 ornatur.
