4200 6440
205 417 308 480 385

1124 414 1519 475 LAUDATIU
1555 416 1994 475 MllillAliLlS
2035 413 2502 478 PALJCOLOCL

3361 408 3464 476 39.6

207 544 328 594 ρων,
360 525 458 575 καὶ
503 523 919 589 Ἰουστινιανῶν,
976 524 1072 579 καὶ
1104 527 1208 578 τῶν
1261 528 1374 580 ὅσοι
1428 527 1548 582 κατ’
1580 531 1775 592 αὐτοὺς

1911 532 1995 584 llis
2025 530 2405 601 hujuscemodi
2435 538 2575 590 erat,
2605 528 2848 579 lucratus
2897 539 2956 578 es
2985 541 2996 586 ;
3031 532 3084 576 ct
3111 537 3232 576 cum
3260 534 3462 592 quanta

207 618 291 669 ἐττί
326 618 585 668 πλεῖστον
642 617 852 685 ήλασαν
903 615 1086 688 δόξης,
1149 620 1475 674 καὶτούτων
1509 623 1608 688 μὲν
1656 624 1780 675 ὅσον

203 709 422 770 εὐσεϐὲς
462 713 556 762 καί
585 711 856 776 φιλόθεον,
892 714 1142 779 γενναῖόν
1165 729 1223 766 τε
1275 715 1410 784 πρὸς
1444 717 1568 777 τοὺς
1598 715 1781 774 κινδύ-

206 815 320 858 νους
353 801 450 850 καὶ
472 800 690 867 τρόπων
716 799 943 853 δικαίων
972 802 1258 871 ἐχόμενον,
1294 805 1430 874 πρὸς
1460 805 1514 856 δὲ
1552 806 1783 874 κηδεμο-

207 892 350 942 νικόν
382 907 443 942 τε
479 892 577 942 καὶ
607 893 968 960 προνοητικὸν
1003 896 1098 948 καὶ
1135 897 1362 964 μετέχον
1390 899 1780 965 χρηστότητος,

207 987 294 1034 καὶ
319 985 531 1037 τοίτων
561 985 686 1037 ὅσον
707 986 970 1051 τοιοῦτον,
996 987 1356 1056 ἐπλούτησας’
1385 989 1480 1040 καὶ
1511 988 1628 1055 μεθ’
1655 991 1784 1058 ὅσης

206 1079 297 1143 τῆς
322 1077 619 1138 ἐπιδόσεως
646 1078 657 1128 ί
695 1078 818 1129 ὅσον
848 1077 905 1130 δὲ
935 1079 1070 1149 πρὸς
1095 1078 1266 1148 θυμὸν
1293 1077 1579 1145 ἀλόγιστον
1612 1081 1786 1134 ἔκλινε

1887 620 2190 674 ubertate?
2239 619 2500 686 quidquid
2563 628 2743 669 autem
2795 617 2858 668 ad
2917 615 3050 668 iram
3115 614 3460 682 insipientem

1891 725 1987 768 aut
2038 715 2103 768 ad
2139 713 2374 767 indolem
2410 712 2760 766 inhumanam
2821 709 3128 770 inelinmit,
3166 710 3228 761 ad
3281 724 3464 761 mores

1899 809 2188 870 immites,
2245 807 2310 860 ad
2373 806 2741 860 adulationem
2826 819 2886 856 ac
2967 818 3061 870 per
3135 801 3464 855 munuscula

1895 898 2289 968 corruptelam,
2323 906 2378 952 et
2408 896 2676 967 quidquid
2720 897 3056 947 contrarium
3090 892 3466 961 reprehende-

1896 993 2076 1054 batur,
2124 1001 2408 1044 aversatus
2432 1007 2490 1044 es
2515 1000 2566 1043 ct
2599 1005 2626 1042 a
2667 1000 2716 1040 te
2745 990 3024 1048 amovisti,
3071 987 3202 1038 illud
3238 986 3468 1038 ruiILbct

1899 1087 2070 1153 magis
2102 1101 2265 1153 quam
2301 1083 2397 1136 tihi
2429 1083 2616 1135 adesse
2655 1080 2956 1133 convenire
2991 1091 3160 1132 ratus.

207 1168 296 1221 ut
328 1167 758 1239 ἀφιλάνθρωπον
811 1166 961 1241 ἦθος,
1016 1175 1111 1227 καὶ
1163 1174 1400 1242 τρόπους
1450 1176 1784 1242 άνημὲρου·,
1831 1180 1924 1231 καὶ
1971 1179 2029 1230 τὸ
2095 1177 2348 1242 κολάζειν
2373 1177 2539 1246 ώμῶς
2569 1177 2664 1227 καὶ
2714 1175 2772 1226 τὸ
2805 1173 3074 1243 ἡττᾶσθαι
3144 1175 3469 1238 λημμάτων,

210 1261 297 1310 καὶ
330 1261 462 1311 δεον
492 1262 594 1328 τῆς
617 1264 866 1326 ἐναντίας
916 1264 1132 1333 μερίδος
1166 1265 1226 1318 δν
1283 1266 1614 1332 διεϐάλλετο,
1686 1269 1835 1338 ἔχεις
1872 1271 2192 1333 ἀποπτύσας
2241 1272 2336 1324 καὶ
2385 1269 2695 1341 ἀπορρίψας
2752 1271 2972 1332 σαυτοῦ,
3050 1268 3213 1320 παντὶ
3275 1268 3476 1336 μᾶλλον

212 1352 452 1420 πρέπειν
476 1353 799 1426 ὑπάρχει-μῆ
840 1359 1022 1427 σαυτῷ
1052 1359 1432 1430 λογισάμενος.

278 1447 534 1510 Τοιοῦτος
570 1451 698 1518 ἡμῖν
729 1453 793 1503 ὲκ
826 1452 962 1504 Θεοῦ
995 1453 1320 1524 δεδώρησαι,
1347 1456 1591 1524 βασιλεῦ·
1624 1456 1796 1510 τοιοῦ-

208 1554 293 1598 τος
327 1540 418 1591 διὰ
452 1542 553 1607 τῆς
590 1543 785 1610 πείρας
838 1545 1062 1612 ἐφάνης,
1111 1547 1331 1608 ὁποίους
1385 1548 1492 1600 οὐδ’
1549 1552 1580 1618 ή
1637 1553 1795 1621 φήμη

209 1632 330 1690 τοὺς
359 1631 562 1700 πρώην
593 1633 878 1701 >.αμπροὺ;
931 1638 1294 1705 παρέπεμψεν
1345 1641 1426 1700 είς
1479 1642 1649 1709 ἡμᾶς,
1681 1645 1793 1704 τοῖς

214 1725 530 1789 κεςαλαίοις
552 1725 659 1776 τών
689 1726 922 1796 ἀρετῶν,
955 1728 1038 1781 ’ίνα
1069 1731 1608 1802 κεφαλαιωδέστερον
1634 1735 1793 1794 είπω,

214 1818 348 1883 ὑπὲρ
389 1817 604 1878 πάντας
637 1819 1036 1888 κοσμούμενος,
1070 1822 1239 1874 νικῶν
1277 1824 1376 1892 μὲν
1408 1827 1532 1887 τοὺς
1562 1826 1705 1877 κατὰ
1740 1826 1796 1878 σέ

214 1907 495 1975 βασιλέας,
526 1909 696 1961 νικῶν
726 1909 781 1962 δέ
832 1913 930 1964 καὶ
963 1914 1089 1975 τοὺς
1136 1914 1252 1966 ὅσοι
1291 1917 1528 1984 μάλιστα
1565 1916 1624 1980 ἐξ
1673 1919 1800 1987 ἁρε-

213 2002 317 2051 τῶν
347 2002 780 2073 ὠνομάσθησαν.
819 2006 928 2059 Καὶ
962 2006 1026 2078 δὴ
1057 2009 1321 2078 τειχίζεις
1372 2012 1540 2082 ἀρετῇ
1577 2013 1674 2081 τὴν
1705 2014 1799 2082 ἀρ-

214 2096 332 2163 χὴν,
373 2094 570 2162 τειχίῳ
597 2095 694 2148 τοῦ
725 2096 1068 2150 Βαϐυλωνίου
1109 2103 1450 2172 στερροτέρῳ
1480 2104 1570 2155 καὶ
1605 2103 1799 2172 ὑψηλο-

214 2189 351 2257 τέρῳ
387 2188 615 2259 μακρῷ.
649 2189 755 2242 Καὶ
784 2192 844 2242 τὸ
877 2191 1118 2262 ὑπήκοον
1156 2195 1296 2248 αίδοῖ
1321 2196 1419 2265 τῆς
1473 2197 1675 2265 ἀρετῆς
1709 2215 1801 2250 συ-

216 2281 574 2350 στελλόμενον
643 2281 839 2350 άγεταί
896 2301 991 2337 σου
1063 2285 1198 2356 πρὸς
1253 2288 1354 2356 τὴν
1419 2289 1648 2357 γνώμην
1706 2291 1801 2342 ml.

213 2376 438 2445 ταχύνει
474 2376 609 2442 πρὸς
649 2378 708 2429 τὸ
738 2376 912 2447 νεῦμα
933 2419 949 2444 ,
984 2382 1076 2434 καὶ
1096 2382 1373 2435 δείκνυται
1404 2385 1513 2435 πᾶν
1545 2385 1571 2435 ὃ
1599 2401 1644 2435 τι
1671 2383 1735 2436 ἂν

217 2468 534 2539 βουλομένῳ
567 2486 670 2535 σοι,
703 2473 829 2525 ἐπεὶ
860 2474 974 2537 καὶ,
1011 2474 1097 2526 ῖνα
1121 2491 1178 2526 σε
1213 2475 1596 2545 καθομηρίσω,
1623 2478 1803 2546 πατὴρ

214 2562 287 2626 ὣς
323 2566 494 2634 ﬁmo;
529 2564 643 2633 (49)
677 2565 812 2632 πρὸς
861 2567 1061 2632 αὐτοὺς
1114 2569 1417 2622 διατίθεσαι
1443 2587 1455 2600 ’
1504 2572 1804 2641 ἐπειδήπερ

217 2661 387 2728 ἀρετῇ
430 2660 533 2728 μὲν
557 2659 667 2712 τῶν
720 2658 934 2712 οἰκείων
975 2656 1120 2724 οἶδας
1155 2666 1398 2730 κρατεῖν,
1460 2663 1569 2715 τών
1603 2663 1802 2734 βαρδά-

221 2769 327 2820 ρων
354 2751 413 2802 δὲ
448 2750 545 2804 καὶ
579 2754 691 2812 τοῖς
723 2752 931 2815 ὅπλοις,
967 2752 1064 2802 καὶ
1104 2753 1162 2803 τὸ
1199 2755 1374 2821 πρᾶον
1408 2753 1509 2821 μὲν
1545 2755 1628 2820 ἐφ’
1673 2756 1805 2822 ἡμῖν

219 2844 425 2912 ἀμιγὲς
452 2844 770 2897 τούναντίου
803 2845 1012 2913 τηρεῖς,
1039 2848 1147 2907 τοί,
1182 2847 1394 2916 ἐχθροῖς
1440 2847 1497 2899 δέ
1545 2849 1804 2916 παρέχεις

218 2944 316 2995 καὶ
364 2946 481 2997 ἀπὸ
510 2945 605 2997 τοῦ
659 2945 940 3013 σχήματος
988 2939 1507 3010 καταπλήττεσθαι.
1561 2939 1700 2990 ’Δνθ’
1731 2931 1807 2991 ὧν

218 3041 313 3095 καὶ
364 3038 450 3102 εὶς
506 3039 603 3090 καὶ
630 3040 751 3107 τρὶς
807 3038 901 3092 καὶ
954 3034 1210 3097 πολλάκις
1267 3033 1562 3104 μακάριος,
1595 3033 1653 3095 ὂς
1707 3035 1805 3101 τῆς

1972 1459 2140 1521 Talis,
2206 1475 2319 1521 rex,
2363 1458 2527 1510 nobis
2579 1473 2608 1509 a
2642 1457 2751 1509 Deo
2798 1459 3034 1509 donatus
3076 1471 3156 1518 es,
3209 1456 3332 1508 talis
3381 1471 3474 1507 ex-

1900 1552 2169 1621 perientia
2216 1550 2457 1612 evasisti,
2524 1550 2713 1616 quales
2771 1565 3050 1617 nunquam
3108 1560 3266 1602 antea
3297 1552 3475 1601 claros

1902 1644 2043 1697 inter
2095 1658 2195 1696 nos
2270 1641 2410 1694 [alita
2479 1643 2722 1702 immisit,
2790 1642 3053 1694 virtutum
3122 1658 3357 1706 summa,
3421 1651 3474 1694 ut

1902 1737 2194 1790 summaric
2226 1736 2426 1798 dicam,
2454 1749 2560 1802 [me
2606 1735 2859 1787 onimbus
2911 1747 3157 1794 ornatus,
3211 1750 3334 1786 cum
3385 1749 3481 1786 su-

1905 1841 2102 1896 perans
2163 1841 2376 1878 ωιτη-υς
2444 1841 2619 1892 rcges,
2695 1838 2808 1878 tum
2882 1842 3150 1893 superans
3205 1827 3296 1894 qui
3364 1842 3480 1878 ma-

1905 1918 2046 1970 xime
2109 1917 2326 1970 virtutis
2358 1933 2521 1968 causa
2557 1917 2778 1968 fuerunt
2820 1917 3099 1970 celebrati.
3161 1915 3226 1970 Et
3277 1915 3480 1970 virtute

1905 2006 2193 2072 imperium
2245 2006 2500 2067 :nuilicas,
2547 2005 2902 2059 fundamento
2931 2023 3096 2075 quam
3121 2007 3476 2075 Babylonium

1905 2099 2062 2167 longe
2098 2097 2361 2152 validiore
2398 2109 2452 2150 et
2498 2099 2820 2152 excelsiore.
2848 2099 2909 2152 Et
2949 2100 3203 2168 subjecti,
3237 2111 3383 2153 tuam
3421 2103 3471 2153 in

1908 2194 2161 2246 virtutem
2211 2192 2557 2246 veneratione
2609 2195 2780 2245 coacti
2839 2208 2904 2245 ex
2952 2193 3222 2246 sententia
3258 2208 3344 2246 tua
3377 2197 3476 2243 «ιιι-

1907 2296 2110 2339 cuntur
2138 2296 2192 2339 et
2220 2285 2285 2338 ad
2318 2297 2510 2338 nutum
2544 2295 2863 2353 properant,
2912 2294 2966 2337 et
2994 2287 3360 2354 quodcunque
3397 2291 3475 2338 vis

1906 2380 2168 2442 cilicium,
2203 2379 2352 2448 quia,
2392 2388 2450 2430 ut
2482 2377 2548 2430 de
2585 2387 2633 2432 te
2675 2375 2960 2432 Homerice
2989 2379 3205 2448 loquar,
3238 2392 3294 2432 ut
3325 2392 3477 2449 pater

1909 2474 2056 2528 utilis
2105 2487 2232 2540 erga
2268 2471 2390 2525 illos
2417 2471 2671 2524 cxsistis:
2704 2481 2826 2524 tuos
2881 2472 3028 2526 enim
3061 2474 3260 2527 virtute
3292 2490 3414 2542 rege
3447 2491 3477 2528 e

1909 2571 2074 2632 nosti,
2117 2568 2385 2622 Barbaros
2411 2579 2594 2621 autem
2626 2571 2814 2632 armis,
2843 2578 2897 2620 et
2937 2568 3097 2620 nob:s
3130 2585 3332 2621 meram
3366 2585 3480 2622 διιτ-

1909 2675 2002 2714 ras
2045 2662 2348 2724 lenitatem,
2398 2663 2581 2716 hostes
2629 2679 2756 2715 vero
2813 2664 2930 2731 ipso
2995 2665 3179 2719 habitu
3206 2668 3478 2734 percciIis.

1908 2755 2171 2819 Quocirca
2219 2765 2272 2806 et
2315 2755 2395 2808 bis
2421 2766 2476 2808 ct
2509 2765 2591 2806 ter
2640 2770 2696 2809 et
2729 2757 2929 2810 millies
2962 2758 3086 2810 felix
3125 2761 3217 2827 qui
3270 2761 3322 2812 iu
3383 2777 3483 2812 Iut-

1911 2860 2062 2897 mero
2108 2844 2451 2898 subditorum
2506 2827 2725 2898 tuorum
2759 2859 3097 2910 recensetur,
3133 2861 3208 2908 et.
3243 2861 3301 2902 ut
3335 2867 3471 2918 puer

1911 2939 2054 3006 apud
2081 2948 2313 3006 patrem,
2352 2939 2730 2992 benevolentia
2763 2950 2821 2992 et
2866 2941 3155 2993 clementia
3190 2943 3329 3009 regis
3358 2959 3482 3009 per-

1911 3030 2135 3084 fruitur.
2160 3029 2499 3097 Quicumque
2549 3040 2732 3084 autem
2783 3033 2973 3101 jugum
3029 3042 3178 3086 tuum
3230 3035 3478 3087 concutit

224 3136 452 3206 μερίδος
480 3133 590 3185 τῶν
619 3133 725 3185 ὑπὸ
756 3133 814 3184 σε
835 3133 1189 3200 τεταγμένων
1216 3130 1382 3193 τελεῖ,
1411 3133 1525 3191 καὶ,
1551 3131 1650 3181 ὅσα
1683 3131 1808 3191 παῖς

1917 3133 1971 3176 et
2002 3123 2174 3186 exuit,
2195 3121 2464 3190 siquidem
2496 3123 2598 3176 hoc
2658 3124 2862 3178 invitus
2893 3125 3025 3194 egit,
3071 3125 3204 3178 mihi
3234 3140 3296 3179 ex
3330 3137 3480 3194 parte

223 3230 382 3299 παρὰ
419 3226 651 3295 πατρὸς,
711 3224 998 3292 εὐμενείας
1050 3223 1336 3293 βασιλικῆς
1391 3222 1656 3274 ἀπολαύει
1714 3222 1808 3274 καὶ

220 3324 476 3392 χάριτος’
509 3320 660 3380 ὅστις
692 3316 736 3370 δ’
773 3316 1064 3384 ἁφηνιάζει
1112 3317 1209 3368 καὶ
1238 3315 1550 3367 ἀποσείεταί
1596 3331 1688 3365 σου
1719 3312 1809 3365 τὸν

218 3415 412 3480 ζυγόν,
453 3414 501 3464 εί
549 3411 627 3479 μὴ
657 3411 807 3463 ἄκων
845 3409 1043 3475 ταῦτα,
1090 3409 1323 3469 ἐλεεινὸς
1369 3400 1524 3469 οὗτος
1556 3407 1681 3474 ἐμοὶ
1712 3409 1808 3476 τῆς

217 3507 417 3574 τύχης,
456 3504 586 3573 μηδ’
622 3505 713 3556 ἐπὶ
744 3504 910 3556 ποσὸν
937 3505 1231 3572 εὐημερεῖν
1257 3503 1729 3572 συγχωρούμενον
1763 3502 1810 3552 εί

217 3595 260 3645 δ’
290 3593 440 3646 ἑκὼν
477 3590 654 3644 ταῦτα
724 3591 954 3660 πράττει
1005 3591 1098 3643 καὶ
1147 3591 1281 3660 πρὸς
1314 3590 1618 3658 βουλήσεως
1676 3590 1808 3641 άπο-

219 3687 447 3752 σιιρτᾷ,
482 3684 572 3737 άθ)
591 3701 667 3742 ιος
693 3683 772 3753 τῷ
799 3683 914 3734 δντι
942 3686 1040 3753 τῆς
1070 3684 1413 3752 ἀφαιρέσεως
1446 3681 1539 3734 τοῦ
1565 3682 1809 3750 φρονεῖν,

1917 3216 2148 3268 fortuna:
2174 3215 2518 3269 miserandus
2551 3216 2765 3268 videtur
2806 3227 2861 3269 et
2898 3217 3047 3268 nullo
3089 3219 3250 3269 modo
3284 3233 3370 3270 res
3404 3218 3482 3270 illi

1918 3321 2212 3376 prosperas
2275 3308 2608 3375 contigisse:
2676 3307 2872 3375 quodsi
2935 3308 3112 3362 libens
3141 3309 3244 3362 hoc
3273 3314 3481 3374 IL'tft’t'tl,

1917 3408 1974 3452 et
1997 3398 2248 3452 consulto
2282 3398 2735 3462 recalcitratcrit,
2765 3399 2952 3452 infelix
2983 3414 3064 3454 est
3107 3418 3297 3456 revera
3339 3415 3488 3456 recto

1917 3507 2084 3547 sensu
2141 3493 2344 3545 amisso
2385 3500 2440 3545 et
2489 3494 2688 3545 mentis
2743 3493 3109 3558 aberratione,
3142 3503 3196 3548 et
3221 3496 3367 3565 juste
3413 3498 3493 3549 in-

1921 3584 2134 3638 faustus
2163 3593 2332 3643 esset,
2375 3600 2499 3637 eum
2563 3585 2630 3637 sit
2669 3586 2968 3639 malevolus
3002 3586 3163 3639 homo
3196 3596 3251 3640 et
3297 3588 3490 3641 oculus

1919 3677 1986 3731 ad
2020 3676 2201 3730 radios
2236 3677 2548 3729 conniv'eat.

219 3780 454 3849 καὶτῆς
491 3775 796 3846 πηρώσεως
829 3774 925 3827 τοῦ
955 3774 1093 3840 νοὸς,
1127 3776 1221 3826 καὶ
1279 3774 1505 3834 δικαίως
1547 3773 1612 3825 ἂν
1677 3771 1996 3839 δυστυχοίη,
2062 3767 2402 3820 ἐθελοκακών
2446 3767 2732 3836 ἄνθρωπος
2784 3769 2876 3820 καὶ
2918 3768 3053 3838 πρὸς
3101 3770 3200 3833 τὰς
3267 3773 3496 3836 ἀκτὶνας

220 3875 310 3924 ἐπι
321 3873 483 3941 μύων
517 3870 645 3930 τοὺς
676 3866 1003 3937 ὀφθαλμούς.

307 3965 482 4028 Ἀλλ’,
513 3958 557 4016 ὧ
585 3961 832 4030 βασιλεῦ,
855 3961 924 4014 δι’
949 3962 1009 4014 δν
1035 3961 1093 4014 τὸ
1113 3959 1205 4013 σὸν
1234 3959 1390 4028 γένος
1412 3960 1556 4012 θεῖον
1587 3957 1661 4021 ὡς
1684 3957 1813 4028 ἀλη-

225 4058 357 4120 θῶς,
391 4057 453 4108 σὲ
489 4056 592 4126 μὲν
634 4055 877 4107 ἐπαινεῖν
905 4053 1084 4107 ἄθλων
1110 4054 1139 4106 ό
1184 4052 1439 4120 μέγιστος
1460 4064 1474 4080 ·
1526 4051 1622 4101 καὶ
1651 4050 1701 4100 ει
1729 4065 1809 4110 τις

224 4150 413 4204 ἀνύειν
465 4146 806 4216 ἐπιχειροίη,
849 4144 1115 4213 γνώσεται
1151 4145 1364 4197 διώκων
1403 4143 1471 4194 τὸ,
1519 4141 1814 4210 φεύγοντα,

224 4241 338 4296 οἷον
372 4245 476 4294 καὶ
501 4242 552 4291 οί
575 4241 645 4293 τὰ
673 4238 936 4308 ποταμῶν
965 4240 1212 4308 ῥεύματα
1242 4238 1473 4291 κατόπιν
1502 4235 1814 4294 διώκοντες.

226 4337 364 4389 υὺδὲ
398 4335 513 4402 γὰρ
545 4332 694 4385 ἐστιν
741 4331 872 4384 ίδεῐν
903 4330 1167 4401 οῠμενουν
1195 4329 1268 4383 τὰ
1297 4329 1369 4382 σὰ
1411 4326 1816 4398 κατορθώματα

228 4431 425 4480 στάσιν
464 4424 823 4494 λαμϐάνοντά
869 4438 1000 4476 ποτε
1033 4424 1318 4492 προκοπῆς
1343 4437 1359 4452 ·
1397 4423 1485 4474 ἀεὶ
1517 4421 1573 4474 δὲ
1620 4419 1818 4489 προκό-

1995 3952 2120 4016 Sed,
2181 3967 2360 4012 orex,
2418 3954 2542 4019 quia
2606 3950 2851 4018 profecto
2909 3951 3156 4006 divinum
3195 3964 3275 4008 est
3335 3968 3486 4009 tuum

1923 4061 2118 4115 genus,
2150 4056 2200 4099 te
2232 4044 2454 4096 laudare
2497 4055 2778 4098 certamen
2833 4044 3132 4097 maximum
3185 4058 3314 4112 est;
3359 4053 3482 4104 etsi

1923 4136 2047 4205 quis
2070 4135 2198 4187 illud
2226 4135 2488 4203 perﬁcere
2523 4135 2900 4197 contenderet,
2927 4150 2983 4188 se
3016 4135 3271 4204 fugientia
3304 4155 3487 4207 perse-

1925 4225 2016 4295 qui
2069 4225 2391 4293 comperiet,
2423 4241 2528 4277 non
2561 4240 2722 4278 secus
2751 4240 2815 4278 ac
2848 4227 2941 4294 qui
2973 4226 3262 4281 ﬂuminum
3293 4229 3491 4284 ﬂuctus

1927 4330 2075 4371 retro
2123 4317 2482 4370 insectantur.
2543 4317 2704 4370 Nullo
2765 4319 2926 4372 modo
2991 4321 3138 4372 enim
3177 4322 3362 4376 videre
3414 4335 3499 4377 est

1925 4408 2183 4479 pmclara
2237 4410 2351 4462 ha-c
2403 4409 2642 4462 facinora
2693 4410 2852 4462 tinent
2914 4425 3220 4478 capessere;
3278 4428 3499 4482 semper

228 4536 357 4570 ιττ;ι
379 4519 484 4570 καὶ
517 4514 1056 4584 συμπαρεκτείνεται
1082 4515 1201 4575 ταῖς
1235 4511 1430 4582 ὥραις,
1461 4515 1556 4564 καὶ
1587 4512 1684 4581 τὴν
1707 4511 1808 4564 διά-

1923 4515 2055 4553 vero
2121 4509 2419 4568 augescunt
2481 4511 2536 4554 et
2606 4501 3072 4570 progrediuntur,
3139 4515 3194 4556 et
3255 4520 3492 4559 mentem

229 4630 383 4666 νοιαν
399 4609 826 4679 ἀποδιδράσκει.
852 4609 1037 4678 Κάμοὶ
1060 4607 1399 4677 πειραθέντι,
1423 4607 1590 4676 μηδὲν
1611 4608 1657 4658 δ’
1676 4604 1824 4673 ὅμως

230 4706 437 4758 άνῦσαι
502 4703 807 4771 δυνηθέντι,
855 4688 1196 4770 συγγνώμη·
1231 4700 1338 4762 πᾶς
1384 4701 1494 4770 γὰρ
1548 4699 1615 4752 ἂν
1666 4697 1827 4751 τοῦτο

231 4800 424 4863 πάθοι,
467 4793 769 4865 πειρᾶσθαι
809 4792 905 4846 τοῦ
945 4793 1214 4861 παρόντος
1257 4792 1469 4860 άγῶνος
1519 4791 1827 4859 σκεπτόμε-

228 4910 342 4951 νις.

299 4985 448 5036 Νυνὶ
477 4980 614 5048 γοῦν
639 4975 741 5033 ώδέ
793 4997 870 5050 πη
922 4976 1239 5031 παύσασθαι
1282 4976 1639 5044 σκεπτομένῳ
1690 4973 1826 5042 εὐχή

232 5093 323 5142 μοι
352 5071 745 5143 κατακλειέτω
776 5068 867 5121 τὸν
899 5068 1082 5135 λόγον.
1123 5065 1181 5119 '0
1213 5067 1332 5118 τόδε
1363 5065 1424 5117 τὸ
1457 5067 1565 5117 πᾶν
1587 5065 1828 5132 ἀρχῆθεν

230 5170 663 5236 συστησάμενος
693 5164 791 5215 καὶ
816 5163 1068 5232 κινήσας,
1100 5159 1236 5222 Θεὸς
1275 5161 1370 5212 καὶ
1408 5159 1632 5228 Κύριος,
1682 5155 1828 5225 ζωὴν

227 5263 436 5314 διδὸναι
471 5258 576 5310 καὶ
604 5254 873 5307 θανατοῦν
895 5255 1322 5322 γινωσκόμενος,
1353 5252 1521 5318 διδοίη
1549 5251 1706 5320 τήνδε
1732 5252 1829 5318 τὴν

228 5353 435 5419 ἁρχὴν,
476 5349 574 5400 τόν
612 5361 672 5396 τε
702 5347 833 5415 ἐμὸν
863 5345 1105 5413 βασιλέα,
1154 5343 1248 5395 καὶ
1283 5342 1476 5401 παῖδας
1526 5341 1706 5403 τοῦδε,
1735 5345 1828 5393 καὶ

231 5447 393 5495 πόλιν
441 5441 637 5507 τήνδε,
673 5437 888 5490 θάλλειν
916 5437 983 5489 δι’
1011 5436 1229 5499 αίῶνος,
1262 5435 1391 5487 ὥστ’
1417 5431 1670 5487 εἶναικαὶ
1697 5434 1828 5500 παρ’

233 5540 371 5606 ἡμῖν
397 5533 680 5601 ἀφθονίαν
709 5529 817 5581 τῶν
845 5528 1088 5596 ἀγαθῶν,
1111 5528 1330 5592 ἐξώλεις
1362 5527 1417 5579 δέ
1446 5527 1538 5578 καὶ
1561 5524 1827 5594 προώλεις

235 5630 496 5686 ὀλέσθαι,
531 5627 652 5676 ὅσοι
683 5623 782 5690 τῆς
803 5622 897 5675 τοῦ
921 5623 1187 5692 βασιλέως
1218 5621 1440 5688 γνώμης
1464 5621 1560 5671 ἀπ’
1578 5620 1828 5678 ἐναντίας

230 5722 345 5773 εἰτε
407 5720 536 5770 νυνὶ
569 5715 882 5784 φρονοῦσιν,
914 5718 1024 5767 εἴτε
1058 5713 1188 5766 ποτὲ
1247 5713 1386 5781 μετὰ
1415 5713 1584 5764 ταῦτα
1627 5712 1828 5780 φρονῇ-

233 5830 328 5865 ιεαι
361 5813 687 5879 νοήσουσιν.

308 5928 427 6000 (£0)
478 5927 649 5982 Hom.
700 5925 800 5981 0d.
835 5923 886 5993 β,
937 5925 1050 5979 Ηι
1116 5922 1305 5993 Πατήρ
1345 5921 1388 5973 δ’
1438 5921 1512 5995 ὣς
1575 5922 1734 5989 ἤπιος

1785 5917 1911 5993 ᾖεν.

1930 4590 2219 4660 eﬂugiunt.
2256 4590 2322 4644 Et
2353 4591 2484 4645 mihi
2545 4592 2901 4661 periclitanti,
2960 4593 3096 4646 nihil
3148 4605 3329 4647 autem
3368 4613 3493 4664 per-

1928 4700 2089 4754 agere
2139 4685 2363 4749 valenti,
2397 4685 2556 4739 venia
2605 4703 2617 4738 :
2648 4685 2884 4754 quilibet
2932 4686 3080 4738 enim
3118 4687 3250 4739 illud
3277 4699 3492 4755 patere-

1930 4787 2039 4837 tur.
2081 4773 2126 4828 si
2157 4775 2382 4844 hujusce
2414 4777 2736 4830 certaminis
2765 4777 3068 4845 periculum
3119 4778 3298 4831 facere
3348 4779 3497 4847 judi-

1929 4877 2098 4922 caret.

2000 4962 2157 5016 Nunc
2227 4972 2433 5023 autem,
2485 4961 2744 5029 quoniam
2782 4960 3046 5030 loquendi
3100 4962 3262 5016 linem
3319 4963 3499 5018 facere

1932 5055 2182 5118 intendo,
2214 5069 2526 5108 sermonem
2555 5055 2778 5108 claudat
2801 5054 3138 5122 deprecatio.
3176 5054 3277 5120 Qui
3317 5058 3499 5109 omnia

1931 5152 2001 5206 ab
2020 5151 2176 5204 initio
2206 5151 2494 5204 constituit
2514 5158 2569 5202 et
2593 5151 2761 5204 movit
2784 5151 2925 5203 Deus
2946 5160 3001 5203 et
3025 5149 3308 5213 Dominus,
3330 5152 3496 5204 vitam

1933 5253 1986 5297 et
2018 5252 2250 5296 mortem
2272 5243 2402 5296 dare
2425 5249 2626 5306 sciens,
2650 5243 2914 5295 concedat
2933 5253 2990 5295 ut
3020 5243 3149 5295 illud
3181 5245 3496 5310 imperium,

1935 5349 2198 5400 meusque
2279 5349 2367 5385 rex
2435 5345 2490 5386 et
2549 5336 2669 5402 ejus
2738 5334 2830 5386 tibi
2882 5345 3046 5402 atque
3115 5335 3229 5387 haec
3307 5337 3500 5387 civ'tas

1935 5427 2309 5480 indesinenter
2373 5426 2625 5489 ﬂoreant,
2685 5427 2756 5478 ita
2808 5436 2868 5479 ut
2901 5429 2967 5480 sit
3001 5427 3141 5494 apud
3173 5443 3268 5479 nos
3330 5427 3498 5479 hono-

1936 5534 2056 5572 rum
2105 5519 2282 5587 copia,
2327 5530 2380 5573 et
2414 5521 2633 5586 penitus
2655 5519 2910 5572 exstincti
2966 5529 3021 5571 et
3050 5518 3212 5570 deleti
3272 5529 3500 5585 pereant

1933 5613 2246 5681 quicunque
2329 5621 2519 5664 contra
2576 5612 2910 5664 voluntatem
2973 5611 3113 5678 regis
3180 5612 3294 5664 sire
3357 5622 3504 5665 nunc

1935 5706 2195 5774 cogitant,
2233 5708 2344 5758 sive
2381 5715 2568 5774 postea
2609 5703 2955 5757 intenderent.
2977 5704 3250 5771 cogitare.
