  <div class='ocr_page' id='page_1' title='image "/cluster/home/n/w/nwhite01/storage/ocr_20150623/142/nnc1.0046980024/231.png"; bbox 0 0 4200 6440; ppageno 0'>
   <div class='ocr_carea' id='block_1_1' title="bbox 769 376 938 445">
    <p class='ocr_par' dir='ltr' id='par_1_1' title="bbox 769 376 938 445">
     <span class='ocr_line' id='line_1_1' title="bbox 769 376 938 445; baseline 0.006 -1"><span class='ocrx_word' id='word_1_1' title='bbox 769 381 872 445; x_wconf 84' lang='lat'><strong>391</strong></span> <span class='ocrx_word' id='word_1_2' title='bbox 916 376 938 395; x_wconf 72' lang='grc'><strong><em>⁵</em></strong></span> 
     </span>
    </p>
   </div>
   <div class='ocr_carea' id='block_1_2' title="bbox 1729 380 3061 444">
    <p class='ocr_par' dir='ltr' id='par_1_2' title="bbox 1729 380 3061 444">
     <span class='ocr_line' id='line_1_2' title="bbox 1729 380 3061 444; baseline -0.001 -3"><span class='ocrx_word' id='word_1_3' title='bbox 1729 383 2050 444; x_wconf 81' lang='lat' dir='ltr'><strong>GEORGII</strong></span> <span class='ocrx_word' id='word_1_4' title='bbox 2095 382 2358 441; x_wconf 78' lang='lat' dir='ltr'><strong>CYPRII</strong></span> <span class='ocrx_word' id='word_1_5' title='bbox 2402 380 2509 441; x_wconf 71' lang='grc' dir='ltr'><strong>(ΣΡ.</strong></span> <span class='ocrx_word' id='word_1_6' title='bbox 2548 382 3061 441; x_wconf 75' lang='lat' dir='ltr'><strong>PATRIARCILE</strong></span> 
     </span>
    </p>
   </div>
   <div class='ocr_carea' id='block_1_3' title="bbox 3889 386 3989 448">
    <p class='ocr_par' dir='ltr' id='par_1_3' title="bbox 3889 386 3989 448">
     <span class='ocr_line' id='line_1_3' title="bbox 3889 386 3989 448; baseline -0.06 0"><span class='ocrx_word' id='word_1_7' title='bbox 3889 386 3989 448; x_wconf 80' lang='lat'><strong>39.’</strong></span> 
     </span>
    </p>
   </div>
   <div class='ocr_carea' id='block_1_4' title="bbox 763 494 2389 570">
    <p class='ocr_par' dir='ltr' id='par_1_4' title="bbox 763 496 2389 569">
     <span class='ocr_line' id='line_1_4' title="bbox 763 496 2389 569; baseline -0.006 -14"><span class='ocrx_word' id='word_1_8' title='bbox 763 513 929 568; x_wconf 80' lang='lat' dir='ltr'><strong>atque</strong></span> <span class='ocrx_word' id='word_1_9' title='bbox 963 499 1239 569; x_wconf 60' lang='lat' dir='ltr'><strong>prmsidio,</strong></span> <span class='ocrx_word' id='word_1_10' title='bbox 1268 511 1446 560; x_wconf 85' lang='lat' dir='ltr'><strong>nemo,</strong></span> <span class='ocrx_word' id='word_1_11' title='bbox 1474 505 1532 549; x_wconf 92' lang='lat' dir='ltr'><strong>ut</strong></span> <span class='ocrx_word' id='word_1_12' title='bbox 1557 497 1772 564; x_wconf 85' lang='lat' dir='ltr'><strong>opinor,</strong></span> <span class='ocrx_word' id='word_1_13' title='bbox 1809 497 2020 548; x_wconf 88' lang='lat' dir='ltr'><strong>etiamsi</strong></span> <span class='ocrx_word' id='word_1_14' title='bbox 2057 496 2328 564; x_wconf 83' lang='lat' dir='ltr'><strong>propriam</strong></span> <span class='ocrx_word' id='word_1_15' title='bbox 2363 503 2389 554; x_wconf 73' lang='grc' dir='ltr'>,ιε</span> 
     </span>
    </p>
   </div>
   <div class='ocr_carea' id='block_1_5' title="bbox 2434 494 3994 570">
    <p class='ocr_par' dir='ltr' id='par_1_5' title="bbox 2437 494 3994 562">
     <span class='ocr_line' id='line_1_5' title="bbox 2437 494 3994 562; baseline -0.001 -16"><span class='ocrx_word' id='word_1_16' title='bbox 2437 495 2645 547; x_wconf 78' lang='grc' dir='ltr'>πολλῶν</span> <span class='ocrx_word' id='word_1_17' title='bbox 2666 497 2758 547; x_wconf 71' lang='grc' dir='ltr'><strong>καὶ</strong></span> <span class='ocrx_word' id='word_1_18' title='bbox 2785 495 2966 547; x_wconf 81' lang='grc' dir='ltr'>καλῶν</span> <span class='ocrx_word' id='word_1_19' title='bbox 2999 496 3090 546; x_wconf 72' lang='grc' dir='ltr'><strong>καὶ</strong></span> <span class='ocrx_word' id='word_1_20' title='bbox 3114 494 3380 561; x_wconf 72' lang='grc' dir='ltr'>μεγάλων,</span> <span class='ocrx_word' id='word_1_21' title='bbox 3411 495 3465 546; x_wconf 83' lang='grc' dir='ltr'>αἳ</span> <span class='ocrx_word' id='word_1_22' title='bbox 3496 494 3557 562; x_wconf 78' lang='grc' dir='ltr'><strong>δὴ</strong></span> <span class='ocrx_word' id='word_1_23' title='bbox 3583 495 3673 546; x_wconf 73' lang='grc' dir='ltr'><strong>καὶ</strong></span> <span class='ocrx_word' id='word_1_24' title='bbox 3699 494 3808 546; x_wconf 72' lang='grc' dir='ltr'>ἀντ’</span> <span class='ocrx_word' id='word_1_25' title='bbox 3833 497 3994 558; x_wconf 66' lang='grc' dir='ltr'>ἀτάλ-</span> 
     </span>
    </p>
   </div>
   <div class='ocr_carea' id='block_1_6' title="bbox 766 587 2327 656">
    <p class='ocr_par' dir='ltr' id='par_1_6' title="bbox 766 587 2327 656">
     <span class='ocr_line' id='line_1_6' title="bbox 766 587 2327 656; baseline -0.003 -12"><span class='ocrx_word' id='word_1_26' title='bbox 766 591 1051 646; x_wconf 86' lang='lat' dir='ltr'><strong>historiam</strong></span> <span class='ocrx_word' id='word_1_27' title='bbox 1086 590 1324 644; x_wconf 77' lang='lat' dir='ltr'><strong>scribere</strong></span> <span class='ocrx_word' id='word_1_28' title='bbox 1368 587 1630 648; x_wconf 85' lang='lat' dir='ltr'><strong>intendat,</strong></span> <span class='ocrx_word' id='word_1_29' title='bbox 1663 589 1859 640; x_wconf 82' lang='lat' dir='ltr'><strong>nedum</strong></span> <span class='ocrx_word' id='word_1_30' title='bbox 1901 605 2025 656; x_wconf 83' lang='lat' dir='ltr'><strong>pars</strong></span> <span class='ocrx_word' id='word_1_31' title='bbox 2059 588 2327 640; x_wconf 83' lang='lat' dir='ltr'><strong>sermonis</strong></span> 
     </span>
    </p>
   </div>
   <div class='ocr_carea' id='block_1_7' title="bbox 764 677 2324 746">
    <p class='ocr_par' dir='ltr' id='par_1_7' title="bbox 764 677 2324 746">
     <span class='ocr_line' id='line_1_7' title="bbox 764 677 2324 746; baseline -0.004 -10"><span class='ocrx_word' id='word_1_32' title='bbox 764 683 1108 745; x_wconf 84' lang='lat' dir='ltr'><strong>brevissima,</strong></span> <span class='ocrx_word' id='word_1_33' title='bbox 1145 680 1274 733; x_wconf 89' lang='lat' dir='ltr'><strong>satis</strong></span> <span class='ocrx_word' id='word_1_34' title='bbox 1318 695 1577 733; x_wconf 84' lang='lat' dir='ltr'><strong>enarrare</strong></span> <span class='ocrx_word' id='word_1_35' title='bbox 1618 677 2010 746; x_wconf 69' lang='lat' dir='ltr'><strong>suppeditaret;</strong></span> <span class='ocrx_word' id='word_1_36' title='bbox 2049 681 2102 731; x_wconf 87' lang='lat' dir='ltr'><strong>Si</strong></span> <span class='ocrx_word' id='word_1_37' title='bbox 2147 687 2324 732; x_wconf 82' lang='lat' dir='ltr'><strong>autent</strong></span> 
     </span>
    </p>
   </div>
   <div class='ocr_carea' id='block_1_8' title="bbox 764 770 2327 841">
    <p class='ocr_par' dir='ltr' id='par_1_8' title="bbox 764 770 2327 841">
     <span class='ocr_line' id='line_1_8' title="bbox 764 770 2327 841; baseline -0.002 -16"><span class='ocrx_word' id='word_1_38' title='bbox 764 775 887 841; x_wconf 86' lang='lat' dir='ltr'><strong>quis</strong></span> <span class='ocrx_word' id='word_1_39' title='bbox 909 774 975 826; x_wconf 91' lang='lat' dir='ltr'><strong>de</strong></span> <span class='ocrx_word' id='word_1_40' title='bbox 1000 775 1084 826; x_wconf 97' lang='lat' dir='ltr'><strong>his</strong></span> <span class='ocrx_word' id='word_1_41' title='bbox 1111 773 1308 825; x_wconf 90' lang='lat' dir='ltr'><strong>merito</strong></span> <span class='ocrx_word' id='word_1_42' title='bbox 1332 770 1791 838; x_wconf 76' lang='lat' dir='ltr'><strong>verbis—indigeat,</strong></span> <span class='ocrx_word' id='word_1_43' title='bbox 1811 772 1937 837; x_wconf 83' lang='lat' dir='ltr'><strong>quid</strong></span> <span class='ocrx_word' id='word_1_44' title='bbox 1958 771 2102 822; x_wconf 79' lang='lat' dir='ltr'><strong>dicet</strong></span> <span class='ocrx_word' id='word_1_45' title='bbox 2129 770 2193 822; x_wconf 88' lang='lat' dir='ltr'><strong>de</strong></span> <span class='ocrx_word' id='word_1_46' title='bbox 2217 785 2327 822; x_wconf 88' lang='lat' dir='ltr'><strong>ma-</strong></span> 
     </span>
    </p>
   </div>
   <div class='ocr_carea' id='block_1_9' title="bbox 765 862 2324 934">
    <p class='ocr_par' dir='ltr' id='par_1_9' title="bbox 765 862 2324 934">
     <span class='ocr_line' id='line_1_9' title="bbox 765 862 2324 934; baseline -0.003 -18"><span class='ocrx_word' id='word_1_47' title='bbox 765 881 865 934; x_wconf 79' lang='lat' dir='ltr'><strong>gna</strong></span> <span class='ocrx_word' id='word_1_48' title='bbox 889 878 935 916; x_wconf 89' lang='lat' dir='ltr'><strong>et</strong></span> <span class='ocrx_word' id='word_1_49' title='bbox 958 864 1265 917; x_wconf 83' lang='lat' dir='ltr'><strong>admirabili</strong></span> <span class='ocrx_word' id='word_1_50' title='bbox 1293 864 1533 924; x_wconf 81' lang='lat' dir='ltr'><strong>civitate,</strong></span> <span class='ocrx_word' id='word_1_51' title='bbox 1558 877 1677 929; x_wconf 70' lang='lat' dir='ltr'><strong>qum</strong></span> <span class='ocrx_word' id='word_1_52' title='bbox 1707 871 1882 926; x_wconf 90' lang='lat' dir='ltr'><strong>tuum,</strong></span> <span class='ocrx_word' id='word_1_53' title='bbox 1908 862 2184 929; x_wconf 77' lang='lat' dir='ltr'><strong>potissime</strong></span> <span class='ocrx_word' id='word_1_54' title='bbox 2211 878 2324 925; x_wconf 72' lang='lat' dir='ltr'><strong>rex,</strong></span> 
     </span>
    </p>
   </div>
   <div class='ocr_carea' id='block_1_10' title="bbox 767 951 2328 1020">
    <p class='ocr_par' dir='ltr' id='par_1_10' title="bbox 767 951 2328 1020">
     <span class='ocr_line' id='line_1_10' title="bbox 767 951 2328 1020; baseline -0.003 -13"><span class='ocrx_word' id='word_1_55' title='bbox 767 970 992 1007; x_wconf 89' lang='lat' dir='ltr'><strong>aureum</strong></span> <span class='ocrx_word' id='word_1_56' title='bbox 1051 955 1173 1005; x_wconf 92' lang='lat' dir='ltr'><strong>tulit</strong></span> <span class='ocrx_word' id='word_1_57' title='bbox 1204 952 1419 1020; x_wconf 77' lang='lat' dir='ltr'><strong>genus?</strong></span> <span class='ocrx_word' id='word_1_58' title='bbox 1446 967 1569 1020; x_wconf 68' lang='lat' dir='ltr'><strong>quae</strong></span> <span class='ocrx_word' id='word_1_59' title='bbox 1623 962 1678 1004; x_wconf 92' lang='lat' dir='ltr'><strong>et</strong></span> <span class='ocrx_word' id='word_1_60' title='bbox 1712 952 1764 1003; x_wconf 89' lang='lat' dir='ltr'><strong>in</strong></span> <span class='ocrx_word' id='word_1_61' title='bbox 1801 951 1973 1002; x_wconf 85' lang='lat' dir='ltr'><strong>media</strong></span> <span class='ocrx_word' id='word_1_62' title='bbox 2010 951 2137 1003; x_wconf 86' lang='lat' dir='ltr'><strong>sedc</strong></span> <span class='ocrx_word' id='word_1_63' title='bbox 2173 960 2328 1003; x_wconf 61' lang='lat' dir='ltr'><strong>terra</strong></span> 
     </span>
    </p>
   </div>
   <div class='ocr_carea' id='block_1_11' title="bbox 767 1041 2325 1111">
    <p class='ocr_par' dir='ltr' id='par_1_11' title="bbox 767 1041 2325 1111">
     <span class='ocr_line' id='line_1_11' title="bbox 767 1041 2325 1111; baseline -0.002 -16"><span class='ocrx_word' id='word_1_64' title='bbox 767 1059 994 1111; x_wconf 89' lang='lat' dir='ltr'><strong>prorsus</strong></span> <span class='ocrx_word' id='word_1_65' title='bbox 1025 1045 1309 1104; x_wconf 87' lang='lat' dir='ltr'><strong>collocata,</strong></span> <span class='ocrx_word' id='word_1_66' title='bbox 1347 1041 1494 1094; x_wconf 90' lang='lat' dir='ltr'><strong>illius</strong></span> <span class='ocrx_word' id='word_1_67' title='bbox 1537 1042 1981 1109; x_wconf 88' lang='lat' dir='ltr'><strong>umbilicusjure</strong></span> <span class='ocrx_word' id='word_1_68' title='bbox 2030 1041 2325 1103; x_wconf 91' lang='lat' dir='ltr'><strong>diceretur,</strong></span> 
     </span>
    </p>
   </div>
   <div class='ocr_carea' id='block_1_12' title="bbox 762 1131 2328 1206">
    <p class='ocr_par' dir='ltr' id='par_1_12' title="bbox 762 1131 2328 1206">
     <span class='ocr_line' id='line_1_12' title="bbox 762 1131 2328 1206; baseline -0.003 -19"><span class='ocrx_word' id='word_1_69' title='bbox 762 1149 885 1187; x_wconf 89' lang='lat' dir='ltr'><strong>cum</strong></span> <span class='ocrx_word' id='word_1_70' title='bbox 909 1134 975 1186; x_wconf 90' lang='lat' dir='ltr'><strong>ad</strong></span> <span class='ocrx_word' id='word_1_71' title='bbox 1002 1135 1146 1186; x_wconf 87' lang='lat' dir='ltr'><strong>illam</strong></span> <span class='ocrx_word' id='word_1_72' title='bbox 1181 1132 1400 1184; x_wconf 88' lang='lat' dir='ltr'><strong>termini</strong></span> <span class='ocrx_word' id='word_1_73' title='bbox 1422 1132 1656 1206; x_wconf 82' lang='lat' dir='ltr'><strong>tendant</strong></span> <span class='ocrx_word' id='word_1_74' title='bbox 1686 1131 1829 1183; x_wconf 86' lang='lat' dir='ltr'><strong>etab</strong></span> <span class='ocrx_word' id='word_1_75' title='bbox 1855 1131 1941 1182; x_wconf 86' lang='lat' dir='ltr'><strong>illa</strong></span> <span class='ocrx_word' id='word_1_76' title='bbox 1975 1133 2328 1198; x_wconf 81' lang='lat' dir='ltr'><strong>proficiscan-</strong></span> 
     </span>
    </p>
   </div>
   <div class='ocr_carea' id='block_1_13' title="bbox 765 1221 2329 1288">
    <p class='ocr_par' dir='ltr' id='par_1_13' title="bbox 765 1221 2329 1288">
     <span class='ocr_line' id='line_1_13' title="bbox 765 1221 2329 1288; baseline 0 -12"><span class='ocrx_word' id='word_1_77' title='bbox 765 1234 875 1288; x_wconf 89' lang='lat' dir='ltr'><strong>tur,</strong></span> <span class='ocrx_word' id='word_1_78' title='bbox 928 1235 984 1277; x_wconf 91' lang='lat' dir='ltr'><strong>et</strong></span> <span class='ocrx_word' id='word_1_79' title='bbox 1013 1225 1407 1279; x_wconf 88' lang='lat' dir='ltr'><strong>colluctaretur</strong></span> <span class='ocrx_word' id='word_1_80' title='bbox 1443 1224 1703 1276; x_wconf 88' lang='lat' dir='ltr'><strong>adversus</strong></span> <span class='ocrx_word' id='word_1_81' title='bbox 1735 1238 1926 1275; x_wconf 83' lang='lat' dir='ltr'><strong>omnes</strong></span> <span class='ocrx_word' id='word_1_82' title='bbox 1971 1223 2129 1274; x_wconf 81' lang='lat' dir='ltr'><strong>simul</strong></span> <span class='ocrx_word' id='word_1_83' title='bbox 2178 1221 2329 1276; x_wconf 89' lang='lat' dir='ltr'><strong>orbis</strong></span> 
     </span>
    </p>
   </div>
   <div class='ocr_carea' id='block_1_14' title="bbox 763 1312 2329 1380">
    <p class='ocr_par' dir='ltr' id='par_1_14' title="bbox 763 1312 2329 1380">
     <span class='ocr_line' id='line_1_14' title="bbox 763 1312 2329 1380; baseline -0.003 -13"><span class='ocrx_word' id='word_1_84' title='bbox 763 1315 1010 1367; x_wconf 74' lang='lat' dir='ltr'><strong>civitates</strong></span> <span class='ocrx_word' id='word_1_85' title='bbox 1042 1314 1375 1366; x_wconf 75' lang='lat' dir='ltr'><strong>virtutibus?</strong></span> <span class='ocrx_word' id='word_1_86' title='bbox 1399 1315 1571 1365; x_wconf 79' lang='lat' dir='ltr'><strong>Situm</strong></span> <span class='ocrx_word' id='word_1_87' title='bbox 1601 1313 1746 1364; x_wconf 88' lang='lat' dir='ltr'><strong>enim</strong></span> <span class='ocrx_word' id='word_1_88' title='bbox 1776 1313 1923 1365; x_wconf 86' lang='lat' dir='ltr'><strong>Omni</strong></span> <span class='ocrx_word' id='word_1_89' title='bbox 1955 1314 2046 1380; x_wconf 91' lang='lat' dir='ltr'><strong>qui</strong></span> <span class='ocrx_word' id='word_1_90' title='bbox 2069 1315 2170 1365; x_wconf 92' lang='lat' dir='ltr'><strong>sub</strong></span> <span class='ocrx_word' id='word_1_91' title='bbox 2193 1312 2329 1365; x_wconf 76' lang='lat' dir='ltr'><strong>creto</strong></span> 
     </span>
    </p>
   </div>
   <div class='ocr_carea' id='block_1_15' title="bbox 761 1405 2330 1474">
    <p class='ocr_par' dir='ltr' id='par_1_15' title="bbox 761 1405 2330 1474">
     <span class='ocr_line' id='line_1_15' title="bbox 761 1405 2330 1474; baseline 0 -16"><span class='ocrx_word' id='word_1_92' title='bbox 761 1416 844 1460; x_wconf 91' lang='lat' dir='ltr'><strong>est</strong></span> <span class='ocrx_word' id='word_1_93' title='bbox 875 1407 977 1459; x_wconf 85' lang='lat' dir='ltr'><strong>situ</strong></span> <span class='ocrx_word' id='word_1_94' title='bbox 1011 1407 1402 1474; x_wconf 88' lang='lat' dir='ltr'><strong>pulchriorem,</strong></span> <span class='ocrx_word' id='word_1_95' title='bbox 1437 1413 1514 1467; x_wconf 90' lang='lat' dir='ltr'><strong>et,</strong></span> <span class='ocrx_word' id='word_1_96' title='bbox 1569 1413 1629 1456; x_wconf 91' lang='lat' dir='ltr'><strong>ut</strong></span> <span class='ocrx_word' id='word_1_97' title='bbox 1656 1405 1915 1468; x_wconf 80' lang='lat' dir='ltr'><strong>diximus,</strong></span> <span class='ocrx_word' id='word_1_98' title='bbox 1961 1405 2136 1457; x_wconf 89' lang='lat' dir='ltr'><strong>media</strong></span> <span class='ocrx_word' id='word_1_99' title='bbox 2173 1416 2330 1458; x_wconf 76' lang='lat' dir='ltr'><strong>terra:</strong></span> 
     </span>
    </p>
   </div>
   <div class='ocr_carea' id='block_1_16' title="bbox 763 1496 2331 1567">
    <p class='ocr_par' dir='ltr' id='par_1_16' title="bbox 763 1496 2331 1567">
     <span class='ocr_line' id='line_1_16' title="bbox 763 1496 2331 1567; baseline -0.001 -16"><span class='ocrx_word' id='word_1_100' title='bbox 763 1501 890 1552; x_wconf 86' lang='lat' dir='ltr'><strong>sedc</strong></span> <span class='ocrx_word' id='word_1_101' title='bbox 918 1513 1138 1567; x_wconf 76' lang='lat' dir='ltr'><strong>prorsus</strong></span> <span class='ocrx_word' id='word_1_102' title='bbox 1173 1499 1431 1561; x_wconf 86' lang='lat' dir='ltr'><strong>locatum,</strong></span> <span class='ocrx_word' id='word_1_103' title='bbox 1466 1506 1521 1550; x_wconf 94' lang='lat' dir='ltr'><strong>et</strong></span> <span class='ocrx_word' id='word_1_104' title='bbox 1545 1497 1634 1564; x_wconf 88' lang='lat' dir='ltr'><strong>qui</strong></span> <span class='ocrx_word' id='word_1_105' title='bbox 1667 1497 1794 1550; x_wconf 86' lang='lat' dir='ltr'><strong>altis</strong></span> <span class='ocrx_word' id='word_1_106' title='bbox 1834 1496 2066 1549; x_wconf 87' lang='lat' dir='ltr'><strong>urbibus</strong></span> <span class='ocrx_word' id='word_1_107' title='bbox 2116 1497 2331 1564; x_wconf 89' lang='lat' dir='ltr'><strong>potissi-</strong></span> 
     </span>
    </p>
   </div>
   <div class='ocr_carea' id='block_1_17' title="bbox 762 1575 2330 1654">
    <p class='ocr_par' dir='ltr' id='par_1_17' title="bbox 762 1575 2330 1654">
     <span class='ocr_line' id='line_1_17' title="bbox 762 1575 2330 1654; baseline 0.001 -16"><span class='ocrx_word' id='word_1_108' title='bbox 762 1603 904 1639; x_wconf 91' lang='lat' dir='ltr'><strong>mum</strong></span> <span class='ocrx_word' id='word_1_109' title='bbox 934 1588 1214 1653; x_wconf 74' lang='lat' dir='ltr'><strong>convenit,</strong></span> <span class='ocrx_word' id='word_1_110' title='bbox 1242 1587 1435 1640; x_wconf 90' lang='lat' dir='ltr'><strong>sortita</strong></span> <span class='ocrx_word' id='word_1_111' title='bbox 1459 1575 1575 1650; x_wconf 60' lang='lat' dir='ltr'><strong>est}</strong></span> <span class='ocrx_word' id='word_1_112' title='bbox 1611 1586 1844 1638; x_wconf 81' lang='lat' dir='ltr'><strong>finitima</strong></span> <span class='ocrx_word' id='word_1_113' title='bbox 1877 1597 1962 1639; x_wconf 87' lang='lat' dir='ltr'><strong>est</strong></span> <span class='ocrx_word' id='word_1_114' title='bbox 1995 1589 2155 1649; x_wconf 86' lang='lat' dir='ltr'><strong>mari,</strong></span> <span class='ocrx_word' id='word_1_115' title='bbox 2183 1588 2330 1654; x_wconf 88' lang='lat' dir='ltr'><strong>quod</strong></span> 
     </span>
    </p>
   </div>
   <div class='ocr_carea' id='block_1_18' title="bbox 762 1678 2330 1746">
    <p class='ocr_par' dir='ltr' id='par_1_18' title="bbox 762 1678 2330 1746">
     <span class='ocr_line' id='line_1_18' title="bbox 762 1678 2330 1746; baseline 0.001 -16"><span class='ocrx_word' id='word_1_116' title='bbox 762 1694 885 1730; x_wconf 89' lang='lat' dir='ltr'><strong>cum</strong></span> <span class='ocrx_word' id='word_1_117' title='bbox 928 1680 1164 1731; x_wconf 79' lang='lat' dir='ltr'><strong>maxima</strong></span> <span class='ocrx_word' id='word_1_118' title='bbox 1211 1679 1364 1746; x_wconf 87' lang='lat' dir='ltr'><strong>copia</strong></span> <span class='ocrx_word' id='word_1_119' title='bbox 1396 1687 1450 1729; x_wconf 91' lang='lat' dir='ltr'><strong>et</strong></span> <span class='ocrx_word' id='word_1_120' title='bbox 1498 1678 1750 1730; x_wconf 89' lang='lat' dir='ltr'><strong>ubertate</strong></span> <span class='ocrx_word' id='word_1_121' title='bbox 1780 1693 2122 1745; x_wconf 71' lang='lat' dir='ltr'><strong>quteeuuque</strong></span> <span class='ocrx_word' id='word_1_122' title='bbox 2166 1679 2330 1732; x_wconf 92' lang='lat' dir='ltr'><strong>maris</strong></span> 
     </span>
    </p>
   </div>
   <div class='ocr_carea' id='block_1_19' title="bbox 765 1770 2328 1839">
    <p class='ocr_par' dir='ltr' id='par_1_19' title="bbox 765 1770 2328 1839">
     <span class='ocr_line' id='line_1_19' title="bbox 765 1770 2328 1839; baseline 0.003 -19"><span class='ocrx_word' id='word_1_123' title='bbox 765 1778 892 1821; x_wconf 87' lang='lat' dir='ltr'><strong>sunt</strong></span> <span class='ocrx_word' id='word_1_124' title='bbox 929 1771 1244 1823; x_wconf 87' lang='lat' dir='ltr'><strong>hominibus</strong></span> <span class='ocrx_word' id='word_1_125' title='bbox 1283 1771 1616 1838; x_wconf 87' lang='lat' dir='ltr'><strong>suppeditat.</strong></span> <span class='ocrx_word' id='word_1_126' title='bbox 1654 1770 1788 1823; x_wconf 88' lang='lat' dir='ltr'><strong>l‘linc</strong></span> <span class='ocrx_word' id='word_1_127' title='bbox 1821 1772 1956 1824; x_wconf 86' lang='lat' dir='ltr'><strong>freta</strong></span> <span class='ocrx_word' id='word_1_128' title='bbox 1991 1772 2174 1835; x_wconf 84' lang='lat' dir='ltr'><strong>habet,</strong></span> <span class='ocrx_word' id='word_1_129' title='bbox 2204 1771 2328 1839; x_wconf 82' lang='lat' dir='ltr'><strong>qui-</strong></span> 
     </span>
    </p>
   </div>
   <div class='ocr_carea' id='block_1_20' title="bbox 764 1838 2403 1928">
    <p class='ocr_par' dir='ltr' id='par_1_20' title="bbox 764 1838 2403 1928">
     <span class='ocr_line' id='line_1_20' title="bbox 764 1838 2403 1928; baseline 0.002 -15"><span class='ocrx_word' id='word_1_130' title='bbox 764 1861 866 1913; x_wconf 89' lang='lat' dir='ltr'><strong>bus</strong></span> <span class='ocrx_word' id='word_1_131' title='bbox 905 1877 1043 1928; x_wconf 60' lang='lat' dir='ltr'><strong>p&#39;ene</strong></span> <span class='ocrx_word' id='word_1_132' title='bbox 1069 1862 1295 1914; x_wconf 87' lang='lat' dir='ltr'><strong>omnino</strong></span> <span class='ocrx_word' id='word_1_133' title='bbox 1318 1862 1714 1925; x_wconf 85' lang='lat' dir='ltr'><strong>circumdatur,</strong></span> <span class='ocrx_word' id='word_1_134' title='bbox 1747 1879 1870 1916; x_wconf 89' lang='lat' dir='ltr'><strong>cum</strong></span> <span class='ocrx_word' id='word_1_135' title='bbox 1895 1864 2209 1916; x_wconf 89' lang='lat' dir='ltr'><strong>dulcissima</strong></span> <span class='ocrx_word' id='word_1_136' title='bbox 2235 1880 2329 1917; x_wconf 88' lang='lat' dir='ltr'><strong>na-</strong></span> <span class='ocrx_word' id='word_1_137' title='bbox 2363 1838 2403 1891; x_wconf 69' lang='grc' dir='ltr'>Β</span> 
     </span>
    </p>
   </div>
   <div class='ocr_carea' id='block_1_21' title="bbox 764 1953 2328 2022">
    <p class='ocr_par' dir='ltr' id='par_1_21' title="bbox 764 1953 2328 2022">
     <span class='ocr_line' id='line_1_21' title="bbox 764 1953 2328 2022; baseline 0.002 -19"><span class='ocrx_word' id='word_1_138' title='bbox 764 1953 971 2020; x_wconf 79' lang='lat' dir='ltr'><strong>vigatu,</strong></span> <span class='ocrx_word' id='word_1_139' title='bbox 997 1961 1108 2004; x_wconf 90' lang='lat' dir='ltr'><strong>tum</strong></span> <span class='ocrx_word' id='word_1_140' title='bbox 1134 1954 1252 2006; x_wconf 87' lang='lat' dir='ltr'><strong>visu</strong></span> <span class='ocrx_word' id='word_1_141' title='bbox 1282 1954 1705 2022; x_wconf 84' lang='lat' dir='ltr'><strong>jucundissima.</strong></span> <span class='ocrx_word' id='word_1_142' title='bbox 1742 1963 1854 2006; x_wconf 87' lang='lat' dir='ltr'><strong>tum</strong></span> <span class='ocrx_word' id='word_1_143' title='bbox 1888 1956 2056 2007; x_wconf 86' lang='lat' dir='ltr'><strong>accoli</strong></span> <span class='ocrx_word' id='word_1_144' title='bbox 2084 1970 2328 2007; x_wconf 81' lang='lat' dir='ltr'><strong>commo-</strong></span> 
     </span>
    </p>
   </div>
   <div class='ocr_carea' id='block_1_22' title="bbox 765 2043 2327 2112">
    <p class='ocr_par' dir='ltr' id='par_1_22' title="bbox 765 2043 2327 2112">
     <span class='ocr_line' id='line_1_22' title="bbox 765 2043 2327 2112; baseline 0.003 -18"><span class='ocrx_word' id='word_1_145' title='bbox 765 2043 1011 2110; x_wconf 86' lang='lat' dir='ltr'><strong>dissima,</strong></span> <span class='ocrx_word' id='word_1_146' title='bbox 1047 2061 1166 2112; x_wconf 74' lang='lat' dir='ltr'><strong>qua:</strong></span> <span class='ocrx_word' id='word_1_147' title='bbox 1197 2061 1386 2099; x_wconf 89' lang='lat' dir='ltr'><strong>amnes</strong></span> <span class='ocrx_word' id='word_1_148' title='bbox 1426 2046 1571 2099; x_wconf 86' lang='lat' dir='ltr'><strong>dicas</strong></span> <span class='ocrx_word' id='word_1_149' title='bbox 1604 2047 1819 2098; x_wconf 89' lang='lat' dir='ltr'><strong>illorum</strong></span> <span class='ocrx_word' id='word_1_150' title='bbox 1864 2056 2072 2098; x_wconf 88' lang='lat' dir='ltr'><strong>arctum</strong></span> <span class='ocrx_word' id='word_1_151' title='bbox 2107 2047 2327 2098; x_wconf 88' lang='lat' dir='ltr'><strong>intuens</strong></span> 
     </span>
    </p>
   </div>
   <div class='ocr_carea' id='block_1_23' title="bbox 767 2134 2326 2206">
    <p class='ocr_par' dir='ltr' id='par_1_23' title="bbox 767 2134 2326 2206">
     <span class='ocr_line' id='line_1_23' title="bbox 767 2134 2326 2206; baseline 0.001 -16"><span class='ocrx_word' id='word_1_152' title='bbox 767 2139 978 2190; x_wconf 81' lang='lat' dir='ltr'><strong>alveum</strong></span> <span class='ocrx_word' id='word_1_153' title='bbox 1030 2149 1083 2192; x_wconf 92' lang='lat' dir='ltr'><strong>et</strong></span> <span class='ocrx_word' id='word_1_154' title='bbox 1133 2138 1312 2192; x_wconf 75' lang='lat' dir='ltr'><strong>fluxus</strong></span> <span class='ocrx_word' id='word_1_155' title='bbox 1365 2149 1547 2194; x_wconf 89' lang='lat' dir='ltr'><strong>motus</strong></span> <span class='ocrx_word' id='word_1_156' title='bbox 1579 2141 2031 2206; x_wconf 63' lang='lat' dir='ltr'><strong>aequabilitatem,</strong></span> <span class='ocrx_word' id='word_1_157' title='bbox 2082 2151 2135 2191; x_wconf 91' lang='lat' dir='ltr'><strong>et</strong></span> <span class='ocrx_word' id='word_1_158' title='bbox 2181 2134 2326 2191; x_wconf 85' lang='lat' dir='ltr'><strong>mare</strong></span> 
     </span>
    </p>
   </div>
   <div class='ocr_carea' id='block_1_24' title="bbox 768 2230 2326 2298">
    <p class='ocr_par' dir='ltr' id='par_1_24' title="bbox 768 2230 2326 2298">
     <span class='ocr_line' id='line_1_24' title="bbox 768 2230 2326 2298; baseline 0 -19"><span class='ocrx_word' id='word_1_159' title='bbox 768 2231 1099 2293; x_wconf 79' lang='lat' dir='ltr'><strong>nontinares,</strong></span> <span class='ocrx_word' id='word_1_160' title='bbox 1131 2231 1178 2282; x_wconf 91' lang='lat' dir='ltr'><strong>si</strong></span> <span class='ocrx_word' id='word_1_161' title='bbox 1225 2232 1333 2282; x_wconf 89' lang='lat' dir='ltr'><strong>alio</strong></span> <span class='ocrx_word' id='word_1_162' title='bbox 1363 2246 1526 2284; x_wconf 83' lang='lat' dir='ltr'><strong>sensu</strong></span> <span class='ocrx_word' id='word_1_163' title='bbox 1570 2231 1808 2295; x_wconf 84' lang='lat' dir='ltr'><strong>judices,</strong></span> <span class='ocrx_word' id='word_1_164' title='bbox 1845 2230 1994 2282; x_wconf 91' lang='lat' dir='ltr'><strong>illinc</strong></span> <span class='ocrx_word' id='word_1_165' title='bbox 2027 2234 2197 2281; x_wconf 85' lang='lat' dir='ltr'><strong>maria</strong></span> <span class='ocrx_word' id='word_1_166' title='bbox 2245 2230 2326 2298; x_wconf 85' lang='lat' dir='ltr'><strong>ja-</strong></span> 
     </span>
    </p>
   </div>
   <div class='ocr_carea' id='block_1_25' title="bbox 766 2318 2326 2388">
    <p class='ocr_par' dir='ltr' id='par_1_25' title="bbox 766 2318 2326 2388">
     <span class='ocr_line' id='line_1_25' title="bbox 766 2318 2326 2388; baseline -0.003 -12"><span class='ocrx_word' id='word_1_167' title='bbox 766 2330 911 2384; x_wconf 86' lang='lat' dir='ltr'><strong>cent,</strong></span> <span class='ocrx_word' id='word_1_168' title='bbox 944 2321 1042 2385; x_wconf 87' lang='lat' dir='ltr'><strong>ibi,</strong></span> <span class='ocrx_word' id='word_1_169' title='bbox 1078 2320 1143 2374; x_wconf 90' lang='lat' dir='ltr'><strong>ad</strong></span> <span class='ocrx_word' id='word_1_170' title='bbox 1181 2320 1462 2374; x_wconf 85' lang='lat' dir='ltr'><strong>meridiem</strong></span> <span class='ocrx_word' id='word_1_171' title='bbox 1495 2318 1716 2388; x_wconf 62' lang='lat' dir='ltr'><strong>Egeus,</strong></span> <span class='ocrx_word' id='word_1_172' title='bbox 1749 2319 1842 2387; x_wconf 87' lang='lat' dir='ltr'><strong>qui</strong></span> <span class='ocrx_word' id='word_1_173' title='bbox 1873 2319 1940 2371; x_wconf 91' lang='lat' dir='ltr'><strong>ab</strong></span> <span class='ocrx_word' id='word_1_174' title='bbox 1975 2319 2326 2385; x_wconf 79' lang='lat' dir='ltr'><strong>Hellesponto</strong></span> 
     </span>
    </p>
   </div>
   <div class='ocr_carea' id='block_1_26' title="bbox 765 2410 2329 2478">
    <p class='ocr_par' dir='ltr' id='par_1_26' title="bbox 765 2410 2329 2478">
     <span class='ocr_line' id='line_1_26' title="bbox 765 2410 2329 2478; baseline -0.004 -12"><span class='ocrx_word' id='word_1_175' title='bbox 765 2422 821 2466; x_wconf 87' lang='lat' dir='ltr'><strong>et</strong></span> <span class='ocrx_word' id='word_1_176' title='bbox 853 2413 1007 2466; x_wconf 81' lang='lat' dir='ltr'><strong>urbis</strong></span> <span class='ocrx_word' id='word_1_177' title='bbox 1038 2412 1242 2465; x_wconf 84' lang='lat' dir='ltr'><strong>ﬂuento</strong></span> <span class='ocrx_word' id='word_1_178' title='bbox 1276 2412 1413 2476; x_wconf 85' lang='lat' dir='ltr'><strong>oriri</strong></span> <span class='ocrx_word' id='word_1_179' title='bbox 1447 2412 1691 2472; x_wconf 88' lang='lat' dir='ltr'><strong>videtur,</strong></span> <span class='ocrx_word' id='word_1_180' title='bbox 1743 2412 1839 2473; x_wconf 90' lang='lat' dir='ltr'><strong>ibi,</strong></span> <span class='ocrx_word' id='word_1_181' title='bbox 1891 2410 1954 2462; x_wconf 90' lang='lat' dir='ltr'><strong>ad</strong></span> <span class='ocrx_word' id='word_1_182' title='bbox 1998 2411 2329 2478; x_wconf 87' lang='lat' dir='ltr'><strong>septentrio-</strong></span> 
     </span>
    </p>
   </div>
   <div class='ocr_carea' id='block_1_27' title="bbox 766 2498 2327 2568">
    <p class='ocr_par' dir='ltr' id='par_1_27' title="bbox 766 2498 2327 2568">
     <span class='ocr_line' id='line_1_27' title="bbox 766 2498 2327 2568; baseline -0.002 -11"><span class='ocrx_word' id='word_1_183' title='bbox 766 2518 892 2557; x_wconf 90' lang='lat' dir='ltr'><strong>nem</strong></span> <span class='ocrx_word' id='word_1_184' title='bbox 945 2504 1272 2568; x_wconf 85' lang='lat' dir='ltr'><strong>boreamque</strong></span> <span class='ocrx_word' id='word_1_185' title='bbox 1317 2509 1560 2565; x_wconf 86' lang='lat' dir='ltr'><strong>ventum,</strong></span> <span class='ocrx_word' id='word_1_186' title='bbox 1619 2498 1862 2552; x_wconf 79' lang='lat' dir='ltr'><strong>Euxinus</strong></span> <span class='ocrx_word' id='word_1_187' title='bbox 1897 2501 1988 2566; x_wconf 85' lang='lat' dir='ltr'><strong>qui</strong></span> <span class='ocrx_word' id='word_1_188' title='bbox 2047 2501 2222 2553; x_wconf 84' lang='lat' dir='ltr'><strong>oritur</strong></span> <span class='ocrx_word' id='word_1_189' title='bbox 2261 2517 2327 2555; x_wconf 81' lang='lat' dir='ltr'><strong>ex</strong></span> 
     </span>
    </p>
   </div>
   <div class='ocr_carea' id='block_1_28' title="bbox 766 2595 2326 2656">
    <p class='ocr_par' dir='ltr' id='par_1_28' title="bbox 766 2595 2326 2656">
     <span class='ocr_line' id='line_1_28' title="bbox 766 2595 2326 2656; baseline -0.001 -4"><span class='ocrx_word' id='word_1_190' title='bbox 766 2597 1015 2652; x_wconf 72' lang='lat' dir='ltr'><strong>Maeotide</strong></span> <span class='ocrx_word' id='word_1_191' title='bbox 1047 2604 1102 2649; x_wconf 87' lang='lat' dir='ltr'><strong>et</strong></span> <span class='ocrx_word' id='word_1_192' title='bbox 1145 2595 1387 2650; x_wconf 83' lang='lat' dir='ltr'><strong>Tanaide</strong></span> <span class='ocrx_word' id='word_1_193' title='bbox 1417 2595 1603 2656; x_wconf 82' lang='lat' dir='ltr'><strong>ﬂuvio,</strong></span> <span class='ocrx_word' id='word_1_194' title='bbox 1637 2607 1696 2650; x_wconf 89' lang='lat' dir='ltr'><strong>et</strong></span> <span class='ocrx_word' id='word_1_195' title='bbox 1742 2610 1934 2648; x_wconf 85' lang='lat' dir='ltr'><strong>omnes</strong></span> <span class='ocrx_word' id='word_1_196' title='bbox 1970 2596 2170 2648; x_wconf 84' lang='lat' dir='ltr'><strong>ﬂuctus</strong></span> <span class='ocrx_word' id='word_1_197' title='bbox 2201 2605 2326 2649; x_wconf 87' lang='lat' dir='ltr'><strong>ante</strong></span> 
     </span>
    </p>
   </div>
   <div class='ocr_carea' id='block_1_29' title="bbox 765 2686 2327 2756">
    <p class='ocr_par' dir='ltr' id='par_1_29' title="bbox 765 2686 2327 2756">
     <span class='ocr_line' id='line_1_29' title="bbox 765 2686 2327 2756; baseline -0.002 -13"><span class='ocrx_word' id='word_1_198' title='bbox 765 2704 885 2743; x_wconf 88' lang='lat' dir='ltr'><strong>eam</strong></span> <span class='ocrx_word' id='word_1_199' title='bbox 920 2687 1161 2753; x_wconf 84' lang='lat' dir='ltr'><strong>evomit;</strong></span> <span class='ocrx_word' id='word_1_200' title='bbox 1190 2691 1352 2743; x_wconf 87' lang='lat' dir='ltr'><strong>ambo</strong></span> <span class='ocrx_word' id='word_1_201' title='bbox 1387 2687 1608 2756; x_wconf 84' lang='lat' dir='ltr'><strong>quidem</strong></span> <span class='ocrx_word' id='word_1_202' title='bbox 1643 2687 1798 2755; x_wconf 84' lang='lat' dir='ltr'><strong>quasi</strong></span> <span class='ocrx_word' id='word_1_203' title='bbox 1829 2686 1950 2740; x_wconf 85' lang='lat' dir='ltr'><strong>urbi</strong></span> <span class='ocrx_word' id='word_1_204' title='bbox 1982 2693 2178 2756; x_wconf 71' lang='lat' dir='ltr'><strong>regina:</strong></span> <span class='ocrx_word' id='word_1_205' title='bbox 2211 2702 2327 2740; x_wconf 90' lang='lat' dir='ltr'><strong>tnu-</strong></span> 
     </span>
    </p>
   </div>
   <div class='ocr_carea' id='block_1_30' title="bbox 767 2779 2327 2846">
    <p class='ocr_par' dir='ltr' id='par_1_30' title="bbox 767 2779 2327 2846">
     <span class='ocr_line' id='line_1_30' title="bbox 767 2779 2327 2846; baseline -0.002 -11"><span class='ocrx_word' id='word_1_206' title='bbox 767 2799 899 2836; x_wconf 89' lang='lat' dir='ltr'><strong>nera</strong></span> <span class='ocrx_word' id='word_1_207' title='bbox 935 2784 1117 2835; x_wconf 88' lang='lat' dir='ltr'><strong>ferunt</strong></span> <span class='ocrx_word' id='word_1_208' title='bbox 1152 2796 1207 2834; x_wconf 91' lang='lat' dir='ltr'><strong>et</strong></span> <span class='ocrx_word' id='word_1_209' title='bbox 1256 2781 1437 2834; x_wconf 89' lang='lat' dir='ltr'><strong>omnia</strong></span> <span class='ocrx_word' id='word_1_210' title='bbox 1474 2781 1584 2832; x_wconf 89' lang='lat' dir='ltr'><strong>illic</strong></span> <span class='ocrx_word' id='word_1_211' title='bbox 1619 2779 1873 2843; x_wconf 83' lang='lat' dir='ltr'><strong>navibus,</strong></span> <span class='ocrx_word' id='word_1_212' title='bbox 1918 2779 2327 2846; x_wconf 80' lang='lat' dir='ltr'><strong>impellentibus</strong></span> 
     </span>
    </p>
   </div>
   <div class='ocr_carea' id='block_1_31' title="bbox 765 2871 2324 2940">
    <p class='ocr_par' dir='ltr' id='par_1_31' title="bbox 765 2871 2324 2940">
     <span class='ocr_line' id='line_1_31' title="bbox 765 2871 2324 2940; baseline -0.001 -15"><span class='ocrx_word' id='word_1_213' title='bbox 765 2873 963 2936; x_wconf 86' lang='lat' dir='ltr'><strong>ventis,</strong></span> <span class='ocrx_word' id='word_1_214' title='bbox 991 2873 1292 2926; x_wconf 83' lang='lat' dir='ltr'><strong>adducunt.</strong></span> <span class='ocrx_word' id='word_1_215' title='bbox 1328 2871 1395 2924; x_wconf 88' lang='lat' dir='ltr'><strong>Et</strong></span> <span class='ocrx_word' id='word_1_216' title='bbox 1443 2871 1763 2940; x_wconf 78' lang='lat' dir='ltr'><strong>magnitudo</strong></span> <span class='ocrx_word' id='word_1_217' title='bbox 1822 2871 1974 2923; x_wconf 90' lang='lat' dir='ltr'><strong>urbis</strong></span> <span class='ocrx_word' id='word_1_218' title='bbox 2019 2880 2126 2924; x_wconf 73' lang='lat' dir='ltr'><strong>tua:</strong></span> <span class='ocrx_word' id='word_1_219' title='bbox 2178 2879 2324 2923; x_wconf 90' lang='lat' dir='ltr'><strong>tanta</strong></span> 
     </span>
    </p>
   </div>
   <div class='ocr_carea' id='block_1_32' title="bbox 767 2962 2327 3034">
    <p class='ocr_par' dir='ltr' id='par_1_32' title="bbox 767 2962 2327 3034">
     <span class='ocr_line' id='line_1_32' title="bbox 767 2962 2327 3034; baseline -0.001 -16"><span class='ocrx_word' id='word_1_220' title='bbox 767 2979 827 3022; x_wconf 87' lang='lat' dir='ltr'><strong>ut</strong></span> <span class='ocrx_word' id='word_1_221' title='bbox 868 2982 976 3019; x_wconf 90' lang='lat' dir='ltr'><strong>non</strong></span> <span class='ocrx_word' id='word_1_222' title='bbox 1013 2967 1314 3034; x_wconf 67' lang='lat' dir='ltr'><strong>aequiparet</strong></span> <span class='ocrx_word' id='word_1_223' title='bbox 1364 2964 1469 3017; x_wconf 89' lang='lat' dir='ltr'><strong>alia</strong></span> <span class='ocrx_word' id='word_1_224' title='bbox 1499 2963 1714 3024; x_wconf 84' lang='lat' dir='ltr'><strong>civitas.</strong></span> <span class='ocrx_word' id='word_1_225' title='bbox 1769 2978 1892 3017; x_wconf 91' lang='lat' dir='ltr'><strong>cum</strong></span> <span class='ocrx_word' id='word_1_226' title='bbox 1938 2963 2011 3016; x_wconf 87' lang='lat' dir='ltr'><strong>sit</strong></span> <span class='ocrx_word' id='word_1_227' title='bbox 2056 2962 2235 3030; x_wconf 88' lang='lat' dir='ltr'><strong>ampla</strong></span> <span class='ocrx_word' id='word_1_228' title='bbox 2273 2963 2327 3016; x_wconf 91' lang='lat' dir='ltr'><strong>in</strong></span> 
     </span>
    </p>
   </div>
   <div class='ocr_carea' id='block_1_33' title="bbox 765 3056 2325 3125">
    <p class='ocr_par' dir='ltr' id='par_1_33' title="bbox 765 3056 2325 3125">
     <span class='ocr_line' id='line_1_33' title="bbox 765 3056 2325 3125; baseline -0.001 -14"><span class='ocrx_word' id='word_1_229' title='bbox 765 3061 1105 3122; x_wconf 83' lang='lat' dir='ltr'><strong>continente,</strong></span> <span class='ocrx_word' id='word_1_230' title='bbox 1147 3057 1328 3125; x_wconf 84' lang='lat' dir='ltr'><strong>ampla</strong></span> <span class='ocrx_word' id='word_1_231' title='bbox 1355 3065 1410 3109; x_wconf 88' lang='lat' dir='ltr'><strong>et</strong></span> <span class='ocrx_word' id='word_1_232' title='bbox 1452 3057 1504 3108; x_wconf 93' lang='lat' dir='ltr'><strong>in</strong></span> <span class='ocrx_word' id='word_1_233' title='bbox 1543 3071 1694 3110; x_wconf 91' lang='lat' dir='ltr'><strong>mare</strong></span> <span class='ocrx_word' id='word_1_234' title='bbox 1732 3057 1878 3123; x_wconf 88' lang='lat' dir='ltr'><strong>quod</strong></span> <span class='ocrx_word' id='word_1_235' title='bbox 1909 3056 2149 3110; x_wconf 88' lang='lat' dir='ltr'><strong>medium</strong></span> <span class='ocrx_word' id='word_1_236' title='bbox 2187 3057 2325 3109; x_wconf 86' lang='lat' dir='ltr'><strong>divi-</strong></span> 
     </span>
    </p>
   </div>
   <div class='ocr_carea' id='block_1_34' title="bbox 765 3150 2398 3239">
    <p class='ocr_par' dir='ltr' id='par_1_34' title="bbox 765 3150 2398 3239">
     <span class='ocr_line' id='line_1_34' title="bbox 765 3150 2398 3239; baseline -0.001 -33"><span class='ocrx_word' id='word_1_237' title='bbox 765 3152 864 3213; x_wconf 85' lang='lat' dir='ltr'><strong>dit,</strong></span> <span class='ocrx_word' id='word_1_238' title='bbox 907 3155 977 3205; x_wconf 92' lang='lat' dir='ltr'><strong>ita</strong></span> <span class='ocrx_word' id='word_1_239' title='bbox 1009 3162 1067 3204; x_wconf 93' lang='lat' dir='ltr'><strong>ut</strong></span> <span class='ocrx_word' id='word_1_240' title='bbox 1096 3152 1407 3220; x_wconf 80' lang='lat' dir='ltr'><strong>ambiguum</strong></span> <span class='ocrx_word' id='word_1_241' title='bbox 1445 3151 1602 3220; x_wconf 82' lang='lat' dir='ltr'><strong>cujus</strong></span> <span class='ocrx_word' id='word_1_242' title='bbox 1635 3150 1982 3220; x_wconf 90' lang='lat' dir='ltr'><strong>potissimum</strong></span> <span class='ocrx_word' id='word_1_243' title='bbox 2011 3152 2082 3203; x_wconf 89' lang='lat' dir='ltr'><strong>sit</strong></span> <span class='ocrx_word' id='word_1_244' title='bbox 2110 3151 2326 3216; x_wconf 80' lang='lat' dir='ltr'><strong>civitas,</strong></span> <span class='ocrx_word' id='word_1_245' title='bbox 2358 3184 2398 3239; x_wconf 78' lang='lat' dir='ltr'>C</span> 
     </span>
    </p>
   </div>
   <div class='ocr_carea' id='block_1_35' title="bbox 768 3241 2325 3312">
    <p class='ocr_par' dir='ltr' id='par_1_35' title="bbox 768 3241 2325 3312">
     <span class='ocr_line' id='line_1_35' title="bbox 768 3241 2325 3312; baseline -0.001 -14"><span class='ocrx_word' id='word_1_246' title='bbox 768 3255 997 3312; x_wconf 86' lang='lat' dir='ltr'><strong>utraque</strong></span> <span class='ocrx_word' id='word_1_247' title='bbox 1023 3257 1218 3311; x_wconf 89' lang='lat' dir='ltr'><strong>nempe</strong></span> <span class='ocrx_word' id='word_1_248' title='bbox 1254 3242 1409 3310; x_wconf 86' lang='lat' dir='ltr'><strong>quasi</strong></span> <span class='ocrx_word' id='word_1_249' title='bbox 1446 3249 1695 3294; x_wconf 86' lang='lat' dir='ltr'><strong>certante</strong></span> <span class='ocrx_word' id='word_1_250' title='bbox 1734 3241 1839 3294; x_wconf 86' lang='lat' dir='ltr'><strong>sibi</strong></span> <span class='ocrx_word' id='word_1_251' title='bbox 1872 3256 1989 3294; x_wconf 92' lang='lat' dir='ltr'><strong>eam</strong></span> <span class='ocrx_word' id='word_1_252' title='bbox 2025 3242 2325 3308; x_wconf 81' lang='lat' dir='ltr'><strong>vindicare,</strong></span> 
     </span>
    </p>
   </div>
   <div class='ocr_carea' id='block_1_36' title="bbox 765 3329 2325 3394">
    <p class='ocr_par' dir='ltr' id='par_1_36' title="bbox 765 3329 2325 3394">
     <span class='ocr_line' id='line_1_36' title="bbox 765 3329 2325 3394; baseline -0.001 -5"><span class='ocrx_word' id='word_1_253' title='bbox 765 3348 818 3389; x_wconf 87' lang='lat' dir='ltr'><strong>et</strong></span> <span class='ocrx_word' id='word_1_254' title='bbox 865 3337 954 3388; x_wconf 82' lang='lat' dir='ltr'><strong>illa</strong></span> <span class='ocrx_word' id='word_1_255' title='bbox 1015 3333 1376 3386; x_wconf 88' lang='lat' dir='ltr'><strong>vehementer</strong></span> <span class='ocrx_word' id='word_1_256' title='bbox 1430 3330 1756 3383; x_wconf 88' lang='lat' dir='ltr'><strong>obsistente.</strong></span> <span class='ocrx_word' id='word_1_257' title='bbox 1800 3329 1958 3394; x_wconf 88' lang='lat' dir='ltr'><strong>Quod</strong></span> <span class='ocrx_word' id='word_1_258' title='bbox 2013 3339 2196 3383; x_wconf 87' lang='lat' dir='ltr'><strong>autem</strong></span> <span class='ocrx_word' id='word_1_259' title='bbox 2258 3332 2325 3387; x_wconf 86' lang='lat' dir='ltr'><strong>de</strong></span> 
     </span>
    </p>
   </div>
   <div class='ocr_carea' id='block_1_37' title="bbox 767 3422 2322 3488">
    <p class='ocr_par' dir='ltr' id='par_1_37' title="bbox 767 3422 2322 3488">
     <span class='ocr_line' id='line_1_37' title="bbox 767 3422 2322 3488; baseline -0.001 -10"><span class='ocrx_word' id='word_1_260' title='bbox 767 3426 889 3481; x_wconf 71' lang='lat' dir='ltr'><strong>Asia</strong></span> <span class='ocrx_word' id='word_1_261' title='bbox 923 3425 1213 3480; x_wconf 87' lang='lat' dir='ltr'><strong>dicendum</strong></span> <span class='ocrx_word' id='word_1_262' title='bbox 1252 3430 1373 3488; x_wconf 72' lang='lat' dir='ltr'><strong>est,’</strong></span> <span class='ocrx_word' id='word_1_263' title='bbox 1421 3422 1559 3475; x_wconf 88' lang='lat' dir='ltr'><strong>mari</strong></span> <span class='ocrx_word' id='word_1_264' title='bbox 1596 3434 1776 3476; x_wconf 89' lang='lat' dir='ltr'><strong>secata</strong></span> <span class='ocrx_word' id='word_1_265' title='bbox 1822 3424 2007 3476; x_wconf 88' lang='lat' dir='ltr'><strong>divelli</strong></span> <span class='ocrx_word' id='word_1_266' title='bbox 2050 3423 2118 3476; x_wconf 89' lang='lat' dir='ltr'><strong>ab</strong></span> <span class='ocrx_word' id='word_1_267' title='bbox 2168 3424 2322 3487; x_wconf 89' lang='lat' dir='ltr'><strong>urbe,</strong></span> 
     </span>
    </p>
   </div>
   <div class='ocr_carea' id='block_1_38' title="bbox 766 3515 2322 3590">
    <p class='ocr_par' dir='ltr' id='par_1_38' title="bbox 766 3515 2322 3590">
     <span class='ocr_line' id='line_1_38' title="bbox 766 3515 2322 3590; baseline -0.004 -16"><span class='ocrx_word' id='word_1_268' title='bbox 766 3539 885 3590; x_wconf 69' lang='lat' dir='ltr'><strong>qua:</strong></span> <span class='ocrx_word' id='word_1_269' title='bbox 921 3531 1100 3574; x_wconf 88' lang='lat' dir='ltr'><strong>tamen</strong></span> <span class='ocrx_word' id='word_1_270' title='bbox 1136 3517 1282 3570; x_wconf 85' lang='lat' dir='ltr'><strong>illius</strong></span> <span class='ocrx_word' id='word_1_271' title='bbox 1313 3529 1557 3567; x_wconf 85' lang='lat' dir='ltr'><strong>amorem</strong></span> <span class='ocrx_word' id='word_1_272' title='bbox 1591 3529 1690 3568; x_wconf 90' lang='lat' dir='ltr'><strong>nec</strong></span> <span class='ocrx_word' id='word_1_273' title='bbox 1723 3515 1992 3577; x_wconf 78' lang='lat' dir='ltr'><strong>dissolvit,</strong></span> <span class='ocrx_word' id='word_1_274' title='bbox 2035 3530 2137 3568; x_wconf 90' lang='lat' dir='ltr'><strong>nec</strong></span> <span class='ocrx_word' id='word_1_275' title='bbox 2166 3531 2322 3568; x_wconf 86' lang='lat' dir='ltr'><strong>aver-</strong></span> 
     </span>
    </p>
   </div>
   <div class='ocr_carea' id='block_1_39' title="bbox 766 3608 2327 3674">
    <p class='ocr_par' dir='ltr' id='par_1_39' title="bbox 766 3608 2327 3674">
     <span class='ocr_line' id='line_1_39' title="bbox 766 3608 2327 3674; baseline -0.003 -10"><span class='ocrx_word' id='word_1_276' title='bbox 766 3623 935 3672; x_wconf 77' lang='lat' dir='ltr'><strong>satur,</strong></span> <span class='ocrx_word' id='word_1_277' title='bbox 977 3608 1070 3661; x_wconf 90' lang='lat' dir='ltr'><strong>sed</strong></span> <span class='ocrx_word' id='word_1_278' title='bbox 1112 3619 1233 3674; x_wconf 69' lang='lat' dir='ltr'><strong>qute</strong></span> <span class='ocrx_word' id='word_1_279' title='bbox 1275 3620 1445 3673; x_wconf 83' lang='lat' dir='ltr'><strong>prope</strong></span> <span class='ocrx_word' id='word_1_280' title='bbox 1476 3614 1530 3657; x_wconf 90' lang='lat' dir='ltr'><strong>et</strong></span> <span class='ocrx_word' id='word_1_281' title='bbox 1571 3616 1697 3656; x_wconf 91' lang='lat' dir='ltr'><strong>ante</strong></span> <span class='ocrx_word' id='word_1_282' title='bbox 1747 3615 1980 3667; x_wconf 82' lang='lat' dir='ltr'><strong>amatam</strong></span> <span class='ocrx_word' id='word_1_283' title='bbox 2019 3615 2167 3658; x_wconf 89' lang='lat' dir='ltr'><strong>stare</strong></span> <span class='ocrx_word' id='word_1_284' title='bbox 2197 3621 2327 3659; x_wconf 86' lang='lat' dir='ltr'><strong>con-</strong></span> 
     </span>
    </p>
   </div>
   <div class='ocr_carea' id='block_1_40' title="bbox 768 3695 2322 3769">
    <p class='ocr_par' dir='ltr' id='par_1_40' title="bbox 768 3695 2322 3769">
     <span class='ocr_line' id='line_1_40' title="bbox 768 3695 2322 3769; baseline -0.003 -14"><span class='ocrx_word' id='word_1_285' title='bbox 768 3703 961 3757; x_wconf 78' lang='lat' dir='ltr'><strong>tendit.</strong></span> <span class='ocrx_word' id='word_1_286' title='bbox 991 3701 1109 3769; x_wconf 78' lang='lat' dir='ltr'><strong>Ipse</strong></span> <span class='ocrx_word' id='word_1_287' title='bbox 1141 3713 1294 3753; x_wconf 85' lang='lat' dir='ltr'><strong>suam</strong></span> <span class='ocrx_word' id='word_1_288' title='bbox 1324 3710 1663 3765; x_wconf 84' lang='lat' dir='ltr'><strong>exsuperans</strong></span> <span class='ocrx_word' id='word_1_289' title='bbox 1693 3695 2148 3764; x_wconf 78' lang='lat' dir='ltr'><strong>magnitudinem,</strong></span> <span class='ocrx_word' id='word_1_290' title='bbox 2195 3697 2322 3751; x_wconf 83' lang='lat' dir='ltr'><strong>dili-</strong></span> 
     </span>
    </p>
   </div>
   <div class='ocr_carea' id='block_1_41' title="bbox 765 3788 2321 3866">
    <p class='ocr_par' dir='ltr' id='par_1_41' title="bbox 765 3788 2321 3866">
     <span class='ocr_line' id='line_1_41' title="bbox 765 3788 2321 3866; baseline -0.003 -17"><span class='ocrx_word' id='word_1_291' title='bbox 765 3806 955 3866; x_wconf 76' lang='lat' dir='ltr'><strong>genter</strong></span> <span class='ocrx_word' id='word_1_292' title='bbox 1024 3790 1440 3845; x_wconf 87' lang='lat' dir='ltr'><strong>attendentibus</strong></span> <span class='ocrx_word' id='word_1_293' title='bbox 1514 3788 1782 3855; x_wconf 68' lang='lat' dir='ltr'><strong>triplicem</strong></span> <span class='ocrx_word' id='word_1_294' title='bbox 1854 3792 2321 3857; x_wconf 72' lang='lat' dir='ltr'><strong>statum&#39;oﬂ&#39;ert;</strong></span> 
     </span>
    </p>
   </div>
   <div class='ocr_carea' id='block_1_42' title="bbox 765 3879 2320 3957">
    <p class='ocr_par' dir='ltr' id='par_1_42' title="bbox 765 3879 2320 3957">
     <span class='ocr_line' id='line_1_42' title="bbox 765 3879 2320 3957; baseline -0.003 -17"><span class='ocrx_word' id='word_1_295' title='bbox 765 3890 1002 3957; x_wconf 87' lang='lat' dir='ltr'><strong>primum</strong></span> <span class='ocrx_word' id='word_1_296' title='bbox 1062 3883 1422 3937; x_wconf 87' lang='lat' dir='ltr'><strong>subterranea</strong></span> <span class='ocrx_word' id='word_1_297' title='bbox 1458 3889 1542 3934; x_wconf 89' lang='lat' dir='ltr'><strong>est</strong></span> <span class='ocrx_word' id='word_1_298' title='bbox 1597 3880 1674 3934; x_wconf 90' lang='lat' dir='ltr'><strong>illi</strong></span> <span class='ocrx_word' id='word_1_299' title='bbox 1719 3879 1902 3944; x_wconf 85' lang='lat' dir='ltr'><strong>sedes,</strong></span> <span class='ocrx_word' id='word_1_300' title='bbox 1971 3885 2320 3950; x_wconf 86' lang='lat' dir='ltr'><strong>superficiem</strong></span> 
     </span>
    </p>
   </div>
   <div class='ocr_carea' id='block_1_43' title="bbox 765 3973 2324 4046">
    <p class='ocr_par' dir='ltr' id='par_1_43' title="bbox 765 3973 2324 4046">
     <span class='ocr_line' id='line_1_43' title="bbox 765 3973 2324 4046; baseline -0.003 -15"><span class='ocrx_word' id='word_1_301' title='bbox 765 3981 892 4032; x_wconf 82' lang='lat' dir='ltr'><strong>dein</strong></span> <span class='ocrx_word' id='word_1_302' title='bbox 931 3985 1179 4046; x_wconf 74' lang='lat' dir='ltr'><strong>occupat,</strong></span> <span class='ocrx_word' id='word_1_303' title='bbox 1218 3975 1456 4043; x_wconf 87' lang='lat' dir='ltr'><strong>denique</strong></span> <span class='ocrx_word' id='word_1_304' title='bbox 1488 3974 1634 4027; x_wconf 83' lang='lat' dir='ltr'><strong>illius</strong></span> <span class='ocrx_word' id='word_1_305' title='bbox 1675 3988 1839 4042; x_wconf 81' lang='lat' dir='ltr'><strong>supra</strong></span> <span class='ocrx_word' id='word_1_306' title='bbox 1875 3973 2052 4026; x_wconf 89' lang='lat' dir='ltr'><strong>solum</strong></span> <span class='ocrx_word' id='word_1_307' title='bbox 2092 3974 2324 4027; x_wconf 85' lang='lat' dir='ltr'><strong>altitudo</strong></span> 
     </span>
    </p>
   </div>
   <div class='ocr_carea' id='block_1_44' title="bbox 766 4058 2321 4137">
    <p class='ocr_par' dir='ltr' id='par_1_44' title="bbox 766 4058 2321 4137">
     <span class='ocr_line' id='line_1_44' title="bbox 766 4058 2321 4137; baseline -0.006 -12"><span class='ocrx_word' id='word_1_308' title='bbox 766 4071 958 4126; x_wconf 84' lang='lat' dir='ltr'><strong>suadet</strong></span> <span class='ocrx_word' id='word_1_309' title='bbox 995 4079 1053 4123; x_wconf 90' lang='lat' dir='ltr'><strong>ut</strong></span> <span class='ocrx_word' id='word_1_310' title='bbox 1083 4079 1207 4137; x_wconf 85' lang='lat' dir='ltr'><strong>post</strong></span> <span class='ocrx_word' id='word_1_311' title='bbox 1242 4068 1347 4120; x_wconf 89' lang='lat' dir='ltr'><strong>alia</strong></span> <span class='ocrx_word' id='word_1_312' title='bbox 1379 4074 1605 4134; x_wconf 88' lang='lat' dir='ltr'><strong>propter</strong></span> <span class='ocrx_word' id='word_1_313' title='bbox 1635 4058 1755 4129; x_wconf 57' lang='lat' dir='ltr'><strong>qua:</strong></span> <span class='ocrx_word' id='word_1_314' title='bbox 1788 4065 1918 4117; x_wconf 89' lang='lat' dir='ltr'><strong>urbs</strong></span> <span class='ocrx_word' id='word_1_315' title='bbox 1946 4075 2321 4133; x_wconf 88' lang='lat' dir='ltr'><strong>nuncupatur,</strong></span> 
     </span>
    </p>
   </div>
   <div class='ocr_carea' id='block_1_45' title="bbox 764 4156 2320 4234">
    <p class='ocr_par' dir='ltr' id='par_1_45' title="bbox 764 4156 2320 4234">
     <span class='ocr_line' id='line_1_45' title="bbox 764 4156 2320 4234; baseline -0.005 -18"><span class='ocrx_word' id='word_1_316' title='bbox 764 4165 998 4234; x_wconf 75' lang='lat' dir='ltr'><strong>audeam</strong></span> <span class='ocrx_word' id='word_1_317' title='bbox 1053 4170 1107 4213; x_wconf 87' lang='lat' dir='ltr'><strong>et</strong></span> <span class='ocrx_word' id='word_1_318' title='bbox 1160 4159 1366 4221; x_wconf 79' lang='lat' dir='ltr'><strong>aeriam</strong></span> <span class='ocrx_word' id='word_1_319' title='bbox 1400 4156 1935 4218; x_wconf 4' lang='lat' dir='ltr'><strong>urbetupnominare.</strong></span> <span class='ocrx_word' id='word_1_320' title='bbox 1983 4156 2088 4208; x_wconf 83' lang='lat' dir='ltr'><strong>Aer</strong></span> <span class='ocrx_word' id='word_1_321' title='bbox 2137 4167 2320 4209; x_wconf 85' lang='lat' dir='ltr'><strong>autem</strong></span> 
     </span>
    </p>
   </div>
   <div class='ocr_carea' id='block_1_46' title="bbox 765 4246 2325 4324">
    <p class='ocr_par' dir='ltr' id='par_1_46' title="bbox 765 4246 2325 4324">
     <span class='ocr_line' id='line_1_46' title="bbox 765 4246 2325 4324; baseline -0.006 -17"><span class='ocrx_word' id='word_1_322' title='bbox 765 4257 856 4324; x_wconf 81' lang='lat' dir='ltr'><strong>qui</strong></span> <span class='ocrx_word' id='word_1_323' title='bbox 918 4267 1084 4320; x_wconf 84' lang='lat' dir='ltr'><strong>super</strong></span> <span class='ocrx_word' id='word_1_324' title='bbox 1125 4259 1290 4317; x_wconf 83' lang='lat' dir='ltr'><strong>caput</strong></span> <span class='ocrx_word' id='word_1_325' title='bbox 1360 4256 1524 4308; x_wconf 84' lang='lat' dir='ltr'><strong>ineat,</strong></span> <span class='ocrx_word' id='word_1_326' title='bbox 1570 4247 1892 4315; x_wconf 85' lang='lat' dir='ltr'><strong>purissimus</strong></span> <span class='ocrx_word' id='word_1_327' title='bbox 1935 4255 1990 4297; x_wconf 91' lang='lat' dir='ltr'><strong>et</strong></span> <span class='ocrx_word' id='word_1_328' title='bbox 2038 4246 2325 4316; x_wconf 87' lang='lat' dir='ltr'><strong>jucundis-</strong></span> 
     </span>
    </p>
   </div>
   <div class='ocr_carea' id='block_1_47' title="bbox 765 4340 2368 4414">
    <p class='ocr_par' dir='ltr' id='par_1_47' title="bbox 765 4340 2368 4414">
     <span class='ocr_line' id='line_1_47' title="bbox 765 4340 2368 4414; baseline -0.005 -13"><span class='ocrx_word' id='word_1_329' title='bbox 765 4363 937 4405; x_wconf 84' lang='lat' dir='ltr'><strong>simus</strong></span> <span class='ocrx_word' id='word_1_330' title='bbox 973 4345 1196 4414; x_wconf 84' lang='lat' dir='ltr'><strong>spirari,</strong></span> <span class='ocrx_word' id='word_1_331' title='bbox 1241 4352 1321 4395; x_wconf 91' lang='lat' dir='ltr'><strong>est</strong></span> <span class='ocrx_word' id='word_1_332' title='bbox 1366 4343 1531 4395; x_wconf 90' lang='lat' dir='ltr'><strong>etiam</strong></span> <span class='ocrx_word' id='word_1_333' title='bbox 1569 4341 1984 4402; x_wconf 86' lang='lat' dir='ltr'><strong>saluberrimus,</strong></span> <span class='ocrx_word' id='word_1_334' title='bbox 2015 4353 2114 4390; x_wconf 90' lang='lat' dir='ltr'><strong>nec</strong></span> <span class='ocrx_word' id='word_1_335' title='bbox 2144 4340 2325 4391; x_wconf 87' lang='lat' dir='ltr'><strong>hieme</strong></span> <span class='ocrx_word' id='word_1_336' title='bbox 2363 4381 2368 4393; x_wconf 97' lang='lat'>.</span> 
     </span>
    </p>
   </div>
   <div class='ocr_carea' id='block_1_48' title="bbox 767 4431 2326 4512">
    <p class='ocr_par' dir='ltr' id='par_1_48' title="bbox 767 4431 2326 4512">
     <span class='ocr_line' id='line_1_48' title="bbox 767 4431 2326 4512; baseline -0.008 -17"><span class='ocrx_word' id='word_1_337' title='bbox 767 4450 962 4512; x_wconf 63' lang='grc' dir='ltr'>ιιινειιεει-</span> <span class='ocrx_word' id='word_1_338' title='bbox 993 4438 1214 4491; x_wconf 88' lang='lat' dir='ltr'><strong>modum</strong></span> <span class='ocrx_word' id='word_1_339' title='bbox 1258 4434 1484 4486; x_wconf 86' lang='lat' dir='ltr'><strong>mordax</strong></span> <span class='ocrx_word' id='word_1_340' title='bbox 1514 4443 1566 4485; x_wconf 90' lang='lat' dir='ltr'><strong>et</strong></span> <span class='ocrx_word' id='word_1_341' title='bbox 1611 4446 1791 4499; x_wconf 87' lang='lat' dir='ltr'><strong>asper,</strong></span> <span class='ocrx_word' id='word_1_342' title='bbox 1829 4431 1924 4483; x_wconf 91' lang='lat' dir='ltr'><strong>sed</strong></span> <span class='ocrx_word' id='word_1_343' title='bbox 1967 4431 2238 4482; x_wconf 90' lang='lat' dir='ltr'><strong>innocuus</strong></span> <span class='ocrx_word' id='word_1_344' title='bbox 2263 4443 2326 4483; x_wconf 87' lang='lat' dir='ltr'><strong>ac</strong></span> 
     </span>
    </p>
   </div>
   <div class='ocr_carea' id='block_1_49' title="bbox 2435 586 3996 658">
    <p class='ocr_par' dir='ltr' id='par_1_49' title="bbox 2435 586 3996 658">
     <span class='ocr_line' id='line_1_49' title="bbox 2435 586 3996 658; baseline 0 -20"><span class='ocrx_word' id='word_1_345' title='bbox 2435 587 2602 654; x_wconf 86' lang='grc' dir='ltr'>ματός</span> <span class='ocrx_word' id='word_1_346' title='bbox 2645 590 2749 638; x_wconf 80' lang='grc' dir='ltr'>εἱσι</span> <span class='ocrx_word' id='word_1_347' title='bbox 2790 586 2885 638; x_wconf 74' lang='grc' dir='ltr'><strong>καὶ</strong></span> <span class='ocrx_word' id='word_1_348' title='bbox 2930 587 3141 658; x_wconf 79' lang='grc' dir='ltr'>φρουρὰ</span> <span class='ocrx_word' id='word_1_349' title='bbox 3169 588 3233 655; x_wconf 78' lang='grc' dir='ltr'>τῇ</span> <span class='ocrx_word' id='word_1_350' title='bbox 3273 587 3425 655; x_wconf 68' lang='grc' dir='ltr'>χώρα</span> <span class='ocrx_word' id='word_1_351' title='bbox 3469 586 3848 639; x_wconf 74' lang='grc' dir='ltr'><strong>καθίστανται.</strong></span> <span class='ocrx_word' id='word_1_352' title='bbox 3891 589 3996 638; x_wconf 64' lang='lat'><strong>006&#39;</strong></span> 
     </span>
    </p>
   </div>
   <div class='ocr_carea' id='block_1_50' title="bbox 2429 673 3995 748">
    <p class='ocr_par' dir='ltr' id='par_1_50' title="bbox 2429 673 3995 748">
     <span class='ocr_line' id='line_1_50' title="bbox 2429 673 3995 748; baseline -0.002 -18"><span class='ocrx_word' id='word_1_353' title='bbox 2429 679 2494 730; x_wconf 83' lang='grc' dir='ltr'>ἄν</span> <span class='ocrx_word' id='word_1_354' title='bbox 2520 695 2624 738; x_wconf 84' lang='grc' dir='ltr'>τις,</span> <span class='ocrx_word' id='word_1_355' title='bbox 2653 673 2826 745; x_wconf 79' lang='grc' dir='ltr'>οἶμαι,</span> <span class='ocrx_word' id='word_1_356' title='bbox 2859 679 2950 728; x_wconf 65' lang='grc' dir='ltr'><strong>καὶ</strong></span> <span class='ocrx_word' id='word_1_357' title='bbox 2982 677 3117 729; x_wconf 78' lang='grc' dir='ltr'>ἰδίαν</span> <span class='ocrx_word' id='word_1_358' title='bbox 3151 678 3409 730; x_wconf 72' lang='grc' dir='ltr'>ὑπόθεσιν</span> <span class='ocrx_word' id='word_1_359' title='bbox 3442 679 3685 748; x_wconf 74' lang='grc' dir='ltr'><strong>ἱστορίας</strong></span> <span class='ocrx_word' id='word_1_360' title='bbox 3735 677 3995 746; x_wconf 73' lang='grc' dir='ltr'>ποιούμεο</span> 
     </span>
    </p>
   </div>
   <div class='ocr_carea' id='block_1_51' title="bbox 2430 768 3996 840">
    <p class='ocr_par' dir='ltr' id='par_1_51' title="bbox 2430 768 3996 840">
     <span class='ocr_line' id='line_1_51' title="bbox 2430 768 3996 840; baseline -0.001 -20"><span class='ocrx_word' id='word_1_361' title='bbox 2430 785 2550 832; x_wconf 68' lang='grc' dir='ltr'>νος,</span> <span class='ocrx_word' id='word_1_362' title='bbox 2574 770 2646 838; x_wconf 83' lang='grc' dir='ltr'>μή</span> <span class='ocrx_word' id='word_1_363' title='bbox 2674 769 2724 819; x_wconf 91' lang='grc' dir='ltr'><strong>τί</strong></span> <span class='ocrx_word' id='word_1_364' title='bbox 2763 786 2822 832; x_wconf 83' lang='grc' dir='ltr'><strong>γε</strong></span> <span class='ocrx_word' id='word_1_365' title='bbox 2851 769 3040 840; x_wconf 38' lang='grc' dir='ltr'>,μέρος</span> <span class='ocrx_word' id='word_1_366' title='bbox 3083 768 3244 833; x_wconf 70' lang='grc' dir='ltr'>λόγον</span> <span class='ocrx_word' id='word_1_367' title='bbox 3297 768 3657 837; x_wconf 83' lang='grc' dir='ltr'>βραχύτατον,</span> <span class='ocrx_word' id='word_1_368' title='bbox 3711 769 3996 833; x_wconf 77' lang='grc' dir='ltr'><strong>ἀρκέσειεν</strong></span> 
     </span>
    </p>
   </div>
   <div class='ocr_carea' id='block_1_52' title="bbox 2433 859 3994 928">
    <p class='ocr_par' dir='ltr' id='par_1_52' title="bbox 2433 859 3994 928">
     <span class='ocr_line' id='line_1_52' title="bbox 2433 859 3994 928; baseline -0.001 -16"><span class='ocrx_word' id='word_1_369' title='bbox 2433 862 2634 922; x_wconf 76' lang='grc' dir='ltr'>ἱκανῶς</span> <span class='ocrx_word' id='word_1_370' title='bbox 2667 862 2917 915; x_wconf 84' lang='grc' dir='ltr'>διελθεῖν.</span> <span class='ocrx_word' id='word_1_371' title='bbox 2949 863 3009 912; x_wconf 79' lang='grc' dir='ltr'><strong>Εἰ</strong></span> <span class='ocrx_word' id='word_1_372' title='bbox 3051 861 3104 914; x_wconf 84' lang='grc' dir='ltr'><strong>δὲ</strong></span> <span class='ocrx_word' id='word_1_373' title='bbox 3138 862 3272 928; x_wconf 76' lang='grc' dir='ltr'>πρὸς</span> <span class='ocrx_word' id='word_1_374' title='bbox 3310 861 3484 912; x_wconf 82' lang='grc' dir='ltr'>ταῦτά</span> <span class='ocrx_word' id='word_1_375' title='bbox 3513 879 3596 922; x_wconf 87' lang='grc' dir='ltr'><strong>τις</strong></span> <span class='ocrx_word' id='word_1_376' title='bbox 3642 863 3867 918; x_wconf 77' lang='grc' dir='ltr'>εἰκότως</span> <span class='ocrx_word' id='word_1_377' title='bbox 3902 859 3994 910; x_wconf 76' lang='grc' dir='ltr'>τοῦ</span> 
     </span>
    </p>
   </div>
   <div class='ocr_carea' id='block_1_53' title="bbox 2431 941 3997 1022">
    <p class='ocr_par' dir='ltr' id='par_1_53' title="bbox 2431 941 3997 1022">
     <span class='ocr_line' id='line_1_53' title="bbox 2431 941 3997 1022; baseline -0.001 -21"><span class='ocrx_word' id='word_1_378' title='bbox 2431 953 2551 1002; x_wconf 89' lang='grc' dir='ltr'>κατ’</span> <span class='ocrx_word' id='word_1_379' title='bbox 2583 952 2740 1016; x_wconf 82' lang='grc' dir='ltr'>ἀξίαν</span> <span class='ocrx_word' id='word_1_380' title='bbox 2790 955 3086 1022; x_wconf 80' lang='grc' dir='ltr'>ἀπορήσειε</span> <span class='ocrx_word' id='word_1_381' title='bbox 3138 953 3324 1016; x_wconf 83' lang='grc' dir='ltr'>λόγου,</span> <span class='ocrx_word' id='word_1_382' title='bbox 3375 953 3426 1003; x_wconf 87' lang='grc' dir='ltr'><strong>τί</strong></span> <span class='ocrx_word' id='word_1_383' title='bbox 3476 941 3718 1020; x_wconf 62' lang='grc' dir='ltr'>περὶτῆς</span> <span class='ocrx_word' id='word_1_384' title='bbox 3756 951 3997 1019; x_wconf 77' lang='grc' dir='ltr'><strong>μεγάλης</strong></span> 
     </span>
    </p>
   </div>
   <div class='ocr_carea' id='block_1_54' title="bbox 2432 1035 3994 1114">
    <p class='ocr_par' dir='ltr' id='par_1_54' title="bbox 2432 1035 3994 1114">
     <span class='ocr_line' id='line_1_54' title="bbox 2432 1035 3994 1114; baseline 0.001 -22"><span class='ocrx_word' id='word_1_385' title='bbox 2432 1045 2525 1093; x_wconf 68' lang='grc' dir='ltr'><strong>καὶ</strong></span> <span class='ocrx_word' id='word_1_386' title='bbox 2545 1043 2853 1110; x_wconf 83' lang='grc' dir='ltr'>θαυμασίας</span> <span class='ocrx_word' id='word_1_387' title='bbox 2889 1047 3000 1113; x_wconf 83' lang='grc' dir='ltr'><strong>ὲρεί</strong></span> <span class='ocrx_word' id='word_1_388' title='bbox 3027 1045 3252 1106; x_wconf 83' lang='grc' dir='ltr'>πόλεως,</span> <span class='ocrx_word' id='word_1_389' title='bbox 3282 1045 3315 1114; x_wconf 78' lang='grc' dir='ltr'>ἢ</span> <span class='ocrx_word' id='word_1_390' title='bbox 3349 1045 3466 1096; x_wconf 86' lang='grc' dir='ltr'>κατ’</span> <span class='ocrx_word' id='word_1_391' title='bbox 3502 1035 3781 1111; x_wconf 74' lang='grc' dir='ltr'>ἐξαίρετον</span> <span class='ocrx_word' id='word_1_392' title='bbox 3805 1045 3864 1094; x_wconf 81' lang='grc' dir='ltr'><strong>τὸ</strong></span> <span class='ocrx_word' id='word_1_393' title='bbox 3885 1045 3994 1104; x_wconf 65' lang='grc' dir='ltr'>σὺν,</span> 
     </span>
    </p>
   </div>
   <div class='ocr_carea' id='block_1_55' title="bbox 2434 1131 3999 1204">
    <p class='ocr_par' dir='ltr' id='par_1_55' title="bbox 2434 1131 3999 1204">
     <span class='ocr_line' id='line_1_55' title="bbox 2434 1131 3999 1204; baseline 0 -20"><span class='ocrx_word' id='word_1_394' title='bbox 2434 1131 2678 1200; x_wconf 81' lang='grc' dir='ltr'>βασιλεῦ,</span> <span class='ocrx_word' id='word_1_395' title='bbox 2724 1138 2816 1186; x_wconf 70' lang='grc' dir='ltr'><strong>καὶ</strong></span> <span class='ocrx_word' id='word_1_396' title='bbox 2858 1135 3091 1203; x_wconf 72' lang='grc' dir='ltr'>χρυσοῦν</span> <span class='ocrx_word' id='word_1_397' title='bbox 3141 1135 3340 1204; x_wconf 71' lang='grc' dir='ltr'>ἤνεγκε</span> <span class='ocrx_word' id='word_1_398' title='bbox 3375 1136 3565 1200; x_wconf 82' lang='grc' dir='ltr'>γένος;</span> <span class='ocrx_word' id='word_1_399' title='bbox 3600 1138 3632 1201; x_wconf 77' lang='grc' dir='ltr'>ἢ</span> <span class='ocrx_word' id='word_1_400' title='bbox 3668 1137 3784 1197; x_wconf 73' lang='grc' dir='ltr'>καὶ,</span> <span class='ocrx_word' id='word_1_401' title='bbox 3813 1135 3871 1185; x_wconf 69' lang='grc' dir='ltr'>τὸ</span> <span class='ocrx_word' id='word_1_402' title='bbox 3905 1152 3999 1200; x_wconf 89' lang='grc' dir='ltr'>με-</span> 
     </span>
    </p>
   </div>
   <div class='ocr_carea' id='block_1_56' title="bbox 2435 1223 3998 1292">
    <p class='ocr_par' dir='ltr' id='par_1_56' title="bbox 2435 1223 3998 1292">
     <span class='ocr_line' id='line_1_56' title="bbox 2435 1223 3998 1292; baseline 0 -19"><span class='ocrx_word' id='word_1_403' title='bbox 2435 1223 2686 1274; x_wconf 81' lang='grc' dir='ltr'>σαίτατον</span> <span class='ocrx_word' id='word_1_404' title='bbox 2718 1223 2959 1292; x_wconf 74' lang='grc' dir='ltr'>λαχοῦσα</span> <span class='ocrx_word' id='word_1_405' title='bbox 2990 1226 3087 1292; x_wconf 78' lang='grc' dir='ltr'>τῆς</span> <span class='ocrx_word' id='word_1_406' title='bbox 3126 1224 3253 1291; x_wconf 75' lang='grc' dir='ltr'>γῆς,</span> <span class='ocrx_word' id='word_1_407' title='bbox 3299 1226 3520 1292; x_wconf 79' lang='grc' dir='ltr'>κέντρον</span> <span class='ocrx_word' id='word_1_408' title='bbox 3549 1224 3644 1291; x_wconf 80' lang='grc' dir='ltr'>μὲν</span> <span class='ocrx_word' id='word_1_409' title='bbox 3672 1226 3736 1275; x_wconf 84' lang='grc' dir='ltr'>ἂν</span> <span class='ocrx_word' id='word_1_410' title='bbox 3770 1225 3998 1284; x_wconf 79' lang='grc' dir='ltr'>εἰκότως</span> 
     </span>
    </p>
   </div>
   <div class='ocr_carea' id='block_1_57' title="bbox 2433 1309 3996 1386">
    <p class='ocr_par' dir='ltr' id='par_1_57' title="bbox 2433 1309 3996 1386">
     <span class='ocr_line' id='line_1_57' title="bbox 2433 1309 3996 1386; baseline -0.001 -20"><span class='ocrx_word' id='word_1_411' title='bbox 2433 1315 2601 1382; x_wconf 75' lang='grc' dir='ltr'>αὐτῆς</span> <span class='ocrx_word' id='word_1_412' title='bbox 2626 1315 2836 1382; x_wconf 81' lang='grc' dir='ltr'>λέγοιτο</span> <span class='ocrx_word' id='word_1_413' title='bbox 2866 1309 3084 1386; x_wconf 69' lang='grc' dir='ltr'>(5),⁷είς</span> <span class='ocrx_word' id='word_1_414' title='bbox 3127 1319 3295 1384; x_wconf 78' lang='grc' dir='ltr'>αὐτὴν</span> <span class='ocrx_word' id='word_1_415' title='bbox 3339 1319 3446 1368; x_wconf 83' lang='grc' dir='ltr'>τῶν</span> <span class='ocrx_word' id='word_1_416' title='bbox 3479 1317 3662 1384; x_wconf 80' lang='grc' dir='ltr'>ἄκρων</span> <span class='ocrx_word' id='word_1_417' title='bbox 3711 1317 3996 1368; x_wconf 77' lang='grc' dir='ltr'><strong>τεινόντων</strong></span> 
     </span>
    </p>
   </div>
   <div class='ocr_carea' id='block_1_58' title="bbox 2434 1407 3998 1476">
    <p class='ocr_par' dir='ltr' id='par_1_58' title="bbox 2434 1407 3998 1476">
     <span class='ocr_line' id='line_1_58' title="bbox 2434 1407 3998 1476; baseline 0.001 -20"><span class='ocrx_word' id='word_1_418' title='bbox 2434 1407 2524 1457; x_wconf 77' lang='grc' dir='ltr'><strong>καὶ</strong></span> <span class='ocrx_word' id='word_1_419' title='bbox 2550 1407 2641 1457; x_wconf 84' lang='grc' dir='ltr'>ἀπ’</span> <span class='ocrx_word' id='word_1_420' title='bbox 2663 1408 2828 1475; x_wconf 78' lang='grc' dir='ltr'>αὐτῆς</span> <span class='ocrx_word' id='word_1_421' title='bbox 2848 1409 3191 1476; x_wconf 76' lang='grc' dir='ltr'><strong>ἀρχομένων,</strong></span> <span class='ocrx_word' id='word_1_422' title='bbox 3217 1409 3594 1476; x_wconf 81' lang='grc' dir='ltr'>ἀνθαμιλλῴτο</span> <span class='ocrx_word' id='word_1_423' title='bbox 3610 1410 3664 1460; x_wconf 78' lang='grc' dir='ltr'><strong>δὲ</strong></span> <span class='ocrx_word' id='word_1_424' title='bbox 3690 1410 3822 1476; x_wconf 62' lang='grc' dir='ltr'>πρὸς</span> <span class='ocrx_word' id='word_1_425' title='bbox 3856 1408 3998 1458; x_wconf 63' lang='grc' dir='ltr'>ἀπά-</span> 
     </span>
    </p>
   </div>
   <div class='ocr_carea' id='block_1_59' title="bbox 2435 1480 3998 1568">
    <p class='ocr_par' dir='ltr' id='par_1_59' title="bbox 2435 1499 3998 1568">
     <span class='ocr_line' id='line_1_59' title="bbox 2435 1499 3998 1568; baseline -0.001 -18"><span class='ocrx_word' id='word_1_426' title='bbox 2435 1516 2529 1560; x_wconf 85' lang='grc' dir='ltr'><strong>σας</strong></span> <span class='ocrx_word' id='word_1_427' title='bbox 2562 1499 2754 1559; x_wconf 80' lang='grc' dir='ltr'>κοινῶς</span> <span class='ocrx_word' id='word_1_428' title='bbox 2780 1501 2877 1560; x_wconf 81' lang='grc' dir='ltr'>τὰς</span> <span class='ocrx_word' id='word_1_429' title='bbox 2903 1501 2958 1551; x_wconf 80' lang='grc' dir='ltr'><strong>ἐν</strong></span> <span class='ocrx_word' id='word_1_430' title='bbox 2984 1502 3120 1568; x_wconf 78' lang='grc' dir='ltr'>αὐτῇ</span> <span class='ocrx_word' id='word_1_431' title='bbox 3143 1500 3323 1560; x_wconf 70' lang='grc' dir='ltr'>πόλεις</span> <span class='ocrx_word' id='word_1_432' title='bbox 3352 1504 3469 1562; x_wconf 86' lang='grc' dir='ltr'>ταῖς</span> <span class='ocrx_word' id='word_1_433' title='bbox 3494 1503 3713 1568; x_wconf 85' lang='grc' dir='ltr'>ἀρεταῖς</span> <span class='ocrx_word' id='word_1_434' title='bbox 3736 1517 3748 1562; x_wconf 90' lang='grc'>;</span> <span class='ocrx_word' id='word_1_435' title='bbox 3781 1499 3998 1560; x_wconf 64' lang='lat' dir='ltr'><strong>Diaeta;</strong></span> 
     </span>
    </p>
   </div>
   <div class='ocr_carea' id='block_1_60' title="bbox 2436 1588 3995 1658">
    <p class='ocr_par' dir='ltr' id='par_1_60' title="bbox 2436 1588 3995 1658">
     <span class='ocr_line' id='line_1_60' title="bbox 2436 1588 3995 1658; baseline -0.001 -20"><span class='ocrx_word' id='word_1_436' title='bbox 2436 1589 2532 1656; x_wconf 83' lang='grc' dir='ltr'>μὲν</span> <span class='ocrx_word' id='word_1_437' title='bbox 2566 1591 2670 1654; x_wconf 69' lang='grc' dir='ltr'><strong>γὰρ</strong></span> <span class='ocrx_word' id='word_1_438' title='bbox 2705 1589 2801 1655; x_wconf 82' lang='grc' dir='ltr'><strong>τῆς</strong></span> <span class='ocrx_word' id='word_1_439' title='bbox 2833 1589 2920 1639; x_wconf 80' lang='grc' dir='ltr'>ὑπ’</span> <span class='ocrx_word' id='word_1_440' title='bbox 2949 1588 3175 1656; x_wconf 68' lang='grc' dir='ltr'>οὐρανὸν</span> <span class='ocrx_word' id='word_1_441' title='bbox 3195 1591 3485 1658; x_wconf 75' lang='grc' dir='ltr'>καλλίστης</span> <span class='ocrx_word' id='word_1_442' title='bbox 3524 1592 3636 1648; x_wconf 70' lang='grc' dir='ltr'>καὶ,</span> <span class='ocrx_word' id='word_1_443' title='bbox 3661 1589 3734 1650; x_wconf 80' lang='grc' dir='ltr'><strong>ὡς</strong></span> <span class='ocrx_word' id='word_1_444' title='bbox 3767 1589 3995 1655; x_wconf 72' lang='grc' dir='ltr'>ἔφαμεν,</span> 
     </span>
    </p>
   </div>
   <div class='ocr_carea' id='block_1_61' title="bbox 2431 1680 3996 1749">
    <p class='ocr_par' dir='ltr' id='par_1_61' title="bbox 2431 1680 3996 1749">
     <span class='ocr_line' id='line_1_61' title="bbox 2431 1680 3996 1749; baseline 0 -19"><span class='ocrx_word' id='word_1_445' title='bbox 2431 1680 2530 1747; x_wconf 80' lang='grc' dir='ltr'>τῆς</span> <span class='ocrx_word' id='word_1_446' title='bbox 2586 1684 2941 1747; x_wconf 78' lang='grc' dir='ltr'>μεσαιτάτης,</span> <span class='ocrx_word' id='word_1_447' title='bbox 3001 1685 3091 1731; x_wconf 77' lang='grc' dir='ltr'><strong>καὶ</strong></span> <span class='ocrx_word' id='word_1_448' title='bbox 3139 1683 3169 1747; x_wconf 87' lang='grc' dir='ltr'><strong>ἣ</strong></span> <span class='ocrx_word' id='word_1_449' title='bbox 3225 1681 3460 1748; x_wconf 88' lang='grc' dir='ltr'>μάλιστα</span> <span class='ocrx_word' id='word_1_450' title='bbox 3504 1683 3622 1742; x_wconf 84' lang='grc' dir='ltr'>ταῖς</span> <span class='ocrx_word' id='word_1_451' title='bbox 3668 1681 3996 1749; x_wconf 75' lang='grc' dir='ltr'>ἀκροπόλεσι</span> 
     </span>
    </p>
   </div>
   <div class='ocr_carea' id='block_1_62' title="bbox 2435 1757 3996 1844">
    <p class='ocr_par' dir='ltr' id='par_1_62' title="bbox 2435 1757 3996 1844">
     <span class='ocr_line' id='line_1_62' title="bbox 2435 1757 3996 1844; baseline 0.001 -26"><span class='ocrx_word' id='word_1_452' title='bbox 2435 1757 2657 1835; x_wconf 74' lang='grc' dir='ltr'>πρέπει,</span> <span class='ocrx_word' id='word_1_453' title='bbox 2693 1770 2982 1836; x_wconf 73' lang='grc' dir='ltr'>τετύχηκε·</span> <span class='ocrx_word' id='word_1_454' title='bbox 3015 1773 3248 1835; x_wconf 84' lang='grc' dir='ltr'>γειτονεί</span> <span class='ocrx_word' id='word_1_455' title='bbox 3274 1772 3330 1821; x_wconf 83' lang='grc' dir='ltr'><strong>δὲ</strong></span> <span class='ocrx_word' id='word_1_456' title='bbox 3384 1772 3623 1844; x_wconf 75' lang='grc' dir='ltr'>Θαλάσσῃ</span> <span class='ocrx_word' id='word_1_457' title='bbox 3675 1773 3768 1823; x_wconf 68' lang='grc' dir='ltr'>καὶ</span> <span class='ocrx_word' id='word_1_458' title='bbox 3821 1771 3996 1837; x_wconf 76' lang='grc' dir='ltr'>ταύτῃ</span> 
     </span>
    </p>
   </div>
   <div class='ocr_carea' id='block_1_63' title="bbox 2433 1846 3995 1931">
    <p class='ocr_par' dir='ltr' id='par_1_63' title="bbox 2433 1860 3995 1931">
     <span class='ocr_line' id='line_1_63' title="bbox 2433 1860 3995 1931; baseline 0.004 -25"><span class='ocrx_word' id='word_1_459' title='bbox 2433 1860 2780 1926; x_wconf 82' lang='grc' dir='ltr'>γονιμωτάτῃ</span> <span class='ocrx_word' id='word_1_460' title='bbox 2809 1862 2900 1912; x_wconf 71' lang='grc' dir='ltr'><strong>καὶ</strong></span> <span class='ocrx_word' id='word_1_461' title='bbox 2925 1862 3024 1913; x_wconf 82' lang='grc' dir='ltr'>ὅσα</span> <span class='ocrx_word' id='word_1_462' title='bbox 3055 1863 3203 1928; x_wconf 84' lang='grc' dir='ltr'><strong>παρὰ</strong></span> <span class='ocrx_word' id='word_1_463' title='bbox 3232 1861 3510 1929; x_wconf 71' lang='grc' dir='ltr'>θαλάσσης</span> <span class='ocrx_word' id='word_1_464' title='bbox 3542 1867 3654 1924; x_wconf 87' lang='grc' dir='ltr'>τοῖς</span> <span class='ocrx_word' id='word_1_465' title='bbox 3685 1862 3995 1931; x_wconf 77' lang='grc' dir='ltr'>ἀνθρώποις</span> 
     </span>
    </p>
   </div>
   <div class='ocr_carea' id='block_1_64' title="bbox 2434 1954 3997 2024">
    <p class='ocr_par' dir='ltr' id='par_1_64' title="bbox 2434 1954 3997 2024">
     <span class='ocr_line' id='line_1_64' title="bbox 2434 1954 3997 2024; baseline 0.002 -22"><span class='ocrx_word' id='word_1_466' title='bbox 2434 1954 2689 2020; x_wconf 76' lang='grc' dir='ltr'>χορηγεῖν</span> <span class='ocrx_word' id='word_1_467' title='bbox 2713 1954 3091 2023; x_wconf 69' lang='grc' dir='ltr'>ἀφθονωτάτῃι</span> <span class='ocrx_word' id='word_1_468' title='bbox 3128 1955 3285 2006; x_wconf 80' lang='grc' dir='ltr'>τοῦτο</span> <span class='ocrx_word' id='word_1_469' title='bbox 3332 1955 3430 2023; x_wconf 83' lang='grc' dir='ltr'>μὲν</span> <span class='ocrx_word' id='word_1_470' title='bbox 3466 1955 3745 2024; x_wconf 75' lang='grc' dir='ltr'>πορθμοὺς</span> <span class='ocrx_word' id='word_1_471' title='bbox 3794 1957 3997 2022; x_wconf 77' lang='grc' dir='ltr'>ἔχουσα</span> 
     </span>
    </p>
   </div>
   <div class='ocr_carea' id='block_1_65' title="bbox 2434 2043 3995 2116">
    <p class='ocr_par' dir='ltr' id='par_1_65' title="bbox 2434 2043 3995 2116">
     <span class='ocr_line' id='line_1_65' title="bbox 2434 2043 3995 2116; baseline 0.004 -26"><span class='ocrx_word' id='word_1_472' title='bbox 2434 2043 2618 2111; x_wconf 84' lang='grc' dir='ltr'>σχεδὸν</span> <span class='ocrx_word' id='word_1_473' title='bbox 2651 2045 2777 2109; x_wconf 75' lang='grc' dir='ltr'>περὶ</span> <span class='ocrx_word' id='word_1_474' title='bbox 2831 2048 3010 2096; x_wconf 84' lang='grc' dir='ltr'>πᾶσαν</span> <span class='ocrx_word' id='word_1_475' title='bbox 3063 2047 3283 2114; x_wconf 78' lang='grc' dir='ltr'>ἑαυτὴν,</span> <span class='ocrx_word' id='word_1_476' title='bbox 3316 2049 3709 2116; x_wconf 75' lang='grc' dir='ltr'>ἡμερωτάτους</span> <span class='ocrx_word' id='word_1_477' title='bbox 3746 2048 3842 2115; x_wconf 85' lang='grc' dir='ltr'>μὲν</span> <span class='ocrx_word' id='word_1_478' title='bbox 3875 2050 3995 2098; x_wconf 80' lang='grc' dir='ltr'>ἐπι-</span> 
     </span>
    </p>
   </div>
   <div class='ocr_carea' id='block_1_66' title="bbox 2435 2135 3997 2205">
    <p class='ocr_par' dir='ltr' id='par_1_66' title="bbox 2435 2135 3997 2205">
     <span class='ocr_line' id='line_1_66' title="bbox 2435 2135 3997 2205; baseline 0.003 -21"><span class='ocrx_word' id='word_1_479' title='bbox 2435 2135 2608 2196; x_wconf 84' lang='grc' dir='ltr'>πλεῖν,</span> <span class='ocrx_word' id='word_1_480' title='bbox 2638 2135 3000 2200; x_wconf 75' lang='grc' dir='ltr'>ὡραιοτάτους</span> <span class='ocrx_word' id='word_1_481' title='bbox 3052 2139 3104 2189; x_wconf 80' lang='grc' dir='ltr'><strong>δὲ</strong></span> <span class='ocrx_word' id='word_1_482' title='bbox 3154 2138 3395 2205; x_wconf 79' lang='grc' dir='ltr'><strong>βλέπειν,</strong></span> <span class='ocrx_word' id='word_1_483' title='bbox 3432 2140 3907 2199; x_wconf 83' lang='grc' dir='ltr'>λυσιτελεστάτους</span> <span class='ocrx_word' id='word_1_484' title='bbox 3940 2139 3997 2189; x_wconf 76' lang='grc' dir='ltr'>δὲ</span> 
     </span>
    </p>
   </div>
   <div class='ocr_carea' id='block_1_67' title="bbox 2433 2227 3999 2298">
    <p class='ocr_par' dir='ltr' id='par_1_67' title="bbox 2433 2227 3999 2298">
     <span class='ocr_line' id='line_1_67' title="bbox 2433 2227 3999 2298; baseline 0.004 -24"><span class='ocrx_word' id='word_1_485' title='bbox 2433 2230 2772 2294; x_wconf 82' lang='grc' dir='ltr'>προσοικείν,</span> <span class='ocrx_word' id='word_1_486' title='bbox 2823 2227 2915 2286; x_wconf 62' lang='grc' dir='ltr'><strong>οὓς</strong></span> <span class='ocrx_word' id='word_1_487' title='bbox 2974 2233 3067 2280; x_wconf 75' lang='grc' dir='ltr'>καὶ</span> <span class='ocrx_word' id='word_1_488' title='bbox 3103 2231 3385 2292; x_wconf 79' lang='grc' dir='ltr'>ποταμοὺς</span> <span class='ocrx_word' id='word_1_489' title='bbox 3416 2233 3481 2283; x_wconf 82' lang='grc' dir='ltr'>ἂν</span> <span class='ocrx_word' id='word_1_490' title='bbox 3538 2231 3716 2292; x_wconf 77' lang='grc' dir='ltr'>εἴποις</span> <span class='ocrx_word' id='word_1_491' title='bbox 3750 2229 3884 2298; x_wconf 67' lang='grc' dir='ltr'>πρὶς</span> <span class='ocrx_word' id='word_1_492' title='bbox 3937 2233 3999 2281; x_wconf 69' lang='grc' dir='ltr'><strong>τὸ</strong></span> 
     </span>
    </p>
   </div>
   <div class='ocr_carea' id='block_1_68' title="bbox 2435 2315 4000 2390">
    <p class='ocr_par' dir='ltr' id='par_1_68' title="bbox 2435 2315 4000 2390">
     <span class='ocr_line' id='line_1_68' title="bbox 2435 2315 4000 2390; baseline 0.002 -25"><span class='ocrx_word' id='word_1_493' title='bbox 2435 2315 2617 2367; x_wconf 78' lang='grc' dir='ltr'>στενὸν</span> <span class='ocrx_word' id='word_1_494' title='bbox 2647 2315 2788 2385; x_wconf 82' lang='grc' dir='ltr'>ὀρῶν</span> <span class='ocrx_word' id='word_1_495' title='bbox 2825 2320 2915 2369; x_wconf 76' lang='grc' dir='ltr'><strong>καὶ</strong></span> <span class='ocrx_word' id='word_1_496' title='bbox 2947 2319 3043 2386; x_wconf 83' lang='grc' dir='ltr'>τὴν</span> <span class='ocrx_word' id='word_1_497' title='bbox 3076 2320 3216 2371; x_wconf 82' lang='grc' dir='ltr'><strong>κατὰ</strong></span> <span class='ocrx_word' id='word_1_498' title='bbox 3277 2321 3493 2390; x_wconf 72' lang='grc' dir='ltr'>κίνησιν</span> <span class='ocrx_word' id='word_1_499' title='bbox 3535 2321 3865 2388; x_wconf 74' lang='grc' dir='ltr'>ὁμαλότητα,</span> <span class='ocrx_word' id='word_1_500' title='bbox 3901 2320 4000 2370; x_wconf 72' lang='grc' dir='ltr'><strong>καὶ</strong></span> 
     </span>
    </p>
   </div>
   <div class='ocr_carea' id='block_1_69' title="bbox 2433 2408 3998 2481">
    <p class='ocr_par' dir='ltr' id='par_1_69' title="bbox 2433 2408 3998 2481">
     <span class='ocr_line' id='line_1_69' title="bbox 2433 2408 3998 2481; baseline 0.001 -22"><span class='ocrx_word' id='word_1_501' title='bbox 2433 2408 2706 2463; x_wconf 74' lang='grc' dir='ltr'>Θάλασσαν</span> <span class='ocrx_word' id='word_1_502' title='bbox 2731 2410 3031 2478; x_wconf 84' lang='grc' dir='ltr'>ὀνομάσαις</span> <span class='ocrx_word' id='word_1_503' title='bbox 3067 2413 3269 2481; x_wconf 87' lang='grc' dir='ltr'>κρίνων</span> <span class='ocrx_word' id='word_1_504' title='bbox 3317 2414 3422 2465; x_wconf 80' lang='grc' dir='ltr'><strong>ἀπὸ</strong></span> <span class='ocrx_word' id='word_1_505' title='bbox 3457 2413 3553 2480; x_wconf 75' lang='grc' dir='ltr'><strong>τῆς</strong></span> <span class='ocrx_word' id='word_1_506' title='bbox 3605 2413 3768 2480; x_wconf 67' lang='grc' dir='ltr'>ἄλλης</span> <span class='ocrx_word' id='word_1_507' title='bbox 3801 2413 3998 2476; x_wconf 74' lang='grc' dir='ltr'>αἰσθή-</span> 
     </span>
    </p>
   </div>
   <div class='ocr_carea' id='block_1_70' title="bbox 2436 2500 4000 2574">
    <p class='ocr_par' dir='ltr' id='par_1_70' title="bbox 2436 2500 4000 2574">
     <span class='ocr_line' id='line_1_70' title="bbox 2436 2500 4000 2574; baseline 0.001 -22"><span class='ocrx_word' id='word_1_508' title='bbox 2436 2517 2594 2564; x_wconf 88' lang='grc' dir='ltr'>σεως,</span> <span class='ocrx_word' id='word_1_509' title='bbox 2628 2500 2786 2554; x_wconf 85' lang='grc' dir='ltr'>τοῦτο</span> <span class='ocrx_word' id='word_1_510' title='bbox 2818 2502 2860 2554; x_wconf 85' lang='grc' dir='ltr'><strong>δ’</strong></span> <span class='ocrx_word' id='word_1_511' title='bbox 2885 2504 3208 2571; x_wconf 77' lang='grc' dir='ltr'>ἐπικείμενα</span> <span class='ocrx_word' id='word_1_512' title='bbox 3242 2505 3471 2574; x_wconf 69' lang='grc' dir='ltr'>πελάγη,</span> <span class='ocrx_word' id='word_1_513' title='bbox 3503 2504 3652 2555; x_wconf 76' lang='grc' dir='ltr'>ἔνθεν</span> <span class='ocrx_word' id='word_1_514' title='bbox 3681 2506 3799 2573; x_wconf 80' lang='grc' dir='ltr'>μὲν,</span> <span class='ocrx_word' id='word_1_515' title='bbox 3855 2503 4000 2571; x_wconf 68' lang='grc' dir='ltr'>πρὸς</span> 
     </span>
    </p>
   </div>
   <div class='ocr_carea' id='block_1_71' title="bbox 2436 2595 4000 2668">
    <p class='ocr_par' dir='ltr' id='par_1_71' title="bbox 2436 2595 4000 2668">
     <span class='ocr_line' id='line_1_71' title="bbox 2436 2595 4000 2668; baseline 0.003 -24"><span class='ocrx_word' id='word_1_516' title='bbox 2436 2595 2803 2663; x_wconf 75' lang='grc' dir='ltr'>μεσημϐρίαν,</span> <span class='ocrx_word' id='word_1_517' title='bbox 2823 2597 2910 2647; x_wconf 72' lang='grc' dir='ltr'>τὸν</span> <span class='ocrx_word' id='word_1_518' title='bbox 2935 2599 3173 2662; x_wconf 82' lang='grc' dir='ltr'>Αἰγαῖον,</span> <span class='ocrx_word' id='word_1_519' title='bbox 3195 2599 3287 2666; x_wconf 81' lang='grc' dir='ltr'><strong>ἀφ’</strong></span> <span class='ocrx_word' id='word_1_520' title='bbox 3323 2596 3714 2668; x_wconf 76' lang='grc' dir='ltr'>Ἑλλησπόντου</span> <span class='ocrx_word' id='word_1_521' title='bbox 3736 2599 4000 2650; x_wconf 75' lang='grc' dir='ltr'>δοκοῦντα</span> 
     </span>
    </p>
   </div>
   <div class='ocr_carea' id='block_1_72' title="bbox 2434 2684 4000 2760">
    <p class='ocr_par' dir='ltr' id='par_1_72' title="bbox 2434 2684 4000 2760">
     <span class='ocr_line' id='line_1_72' title="bbox 2434 2684 4000 2760; baseline 0.006 -27"><span class='ocrx_word' id='word_1_522' title='bbox 2434 2684 2525 2734; x_wconf 73' lang='grc' dir='ltr'>καὶ</span> <span class='ocrx_word' id='word_1_523' title='bbox 2554 2685 2647 2736; x_wconf 80' lang='grc' dir='ltr'>τοῦ</span> <span class='ocrx_word' id='word_1_524' title='bbox 2675 2689 2773 2754; x_wconf 80' lang='grc' dir='ltr'>τῆς</span> <span class='ocrx_word' id='word_1_525' title='bbox 2801 2688 3006 2750; x_wconf 84' lang='grc' dir='ltr'>πόλεως</span> <span class='ocrx_word' id='word_1_526' title='bbox 3032 2693 3155 2758; x_wconf 71' lang='grc' dir='ltr'>ροὂς</span> <span class='ocrx_word' id='word_1_527' title='bbox 3202 2690 3486 2760; x_wconf 81' lang='grc' dir='ltr'>ἄρχεσθαι,</span> <span class='ocrx_word' id='word_1_528' title='bbox 3542 2693 3693 2743; x_wconf 81' lang='grc' dir='ltr'>ἔνθεν</span> <span class='ocrx_word' id='word_1_529' title='bbox 3742 2692 3819 2753; x_wconf 78' lang='grc' dir='ltr'><strong>δὲ,</strong></span> <span class='ocrx_word' id='word_1_530' title='bbox 3859 2692 4000 2760; x_wconf 76' lang='grc' dir='ltr'>πρὸς</span> 
     </span>
    </p>
   </div>
   <div class='ocr_carea' id='block_1_73' title="bbox 2434 2776 4001 2848">
    <p class='ocr_par' dir='ltr' id='par_1_73' title="bbox 2434 2776 4001 2848">
     <span class='ocr_line' id='line_1_73' title="bbox 2434 2776 4001 2848; baseline 0.003 -21"><span class='ocrx_word' id='word_1_531' title='bbox 2434 2776 2630 2843; x_wconf 79' lang='grc' dir='ltr'>ἄρκτον</span> <span class='ocrx_word' id='word_1_532' title='bbox 2666 2778 2760 2829; x_wconf 69' lang='grc' dir='ltr'>καὶ</span> <span class='ocrx_word' id='word_1_533' title='bbox 2793 2777 2993 2848; x_wconf 74' lang='grc' dir='ltr'>βορρᾶν</span> <span class='ocrx_word' id='word_1_534' title='bbox 3020 2782 3243 2848; x_wconf 84' lang='grc' dir='ltr'>ἄνεμον,</span> <span class='ocrx_word' id='word_1_535' title='bbox 3272 2781 3363 2832; x_wconf 85' lang='grc' dir='ltr'><strong>τὸν</strong></span> <span class='ocrx_word' id='word_1_536' title='bbox 3404 2781 3675 2844; x_wconf 70' lang='grc' dir='ltr'>Εὔξεινον,</span> <span class='ocrx_word' id='word_1_537' title='bbox 3710 2784 3774 2832; x_wconf 81' lang='grc' dir='ltr'>ὲκ</span> <span class='ocrx_word' id='word_1_538' title='bbox 3802 2783 4001 2833; x_wconf 72' lang='grc' dir='ltr'>Μαιώ-</span> 
     </span>
    </p>
   </div>
   <div class='ocr_carea' id='block_1_74' title="bbox 2435 2870 4001 2942">
    <p class='ocr_par' dir='ltr' id='par_1_74' title="bbox 2435 2870 4001 2942">
     <span class='ocr_line' id='line_1_74' title="bbox 2435 2870 4001 2942; baseline 0.002 -23"><span class='ocrx_word' id='word_1_539' title='bbox 2435 2871 2574 2932; x_wconf 82' lang='grc' dir='ltr'>τιδος</span> <span class='ocrx_word' id='word_1_540' title='bbox 2601 2870 2700 2938; x_wconf 70' lang='grc' dir='ltr'>μὲν</span> <span class='ocrx_word' id='word_1_541' title='bbox 2733 2873 3035 2941; x_wconf 77' lang='grc' dir='ltr'>ἀρχόμενον</span> <span class='ocrx_word' id='word_1_542' title='bbox 3069 2875 3162 2925; x_wconf 79' lang='grc' dir='ltr'>καὶ</span> <span class='ocrx_word' id='word_1_543' title='bbox 3201 2874 3298 2942; x_wconf 70' lang='grc' dir='ltr'>τῆς</span> <span class='ocrx_word' id='word_1_544' title='bbox 3332 2873 3526 2942; x_wconf 85' lang='grc' dir='ltr'>λίμνης</span> <span class='ocrx_word' id='word_1_545' title='bbox 3561 2873 3840 2936; x_wconf 75' lang='grc' dir='ltr'>Τανάϊδος,</span> <span class='ocrx_word' id='word_1_546' title='bbox 3875 2873 4001 2924; x_wconf 74' lang='grc' dir='ltr'>ὅλον</span> 
     </span>
    </p>
   </div>
   <div class='ocr_carea' id='block_1_75' title="bbox 2433 2959 4001 3034">
    <p class='ocr_par' dir='ltr' id='par_1_75' title="bbox 2433 2959 4001 3034">
     <span class='ocr_line' id='line_1_75' title="bbox 2433 2959 4001 3034; baseline 0.001 -23"><span class='ocrx_word' id='word_1_547' title='bbox 2433 2959 2488 3012; x_wconf 82' lang='grc' dir='ltr'><strong>δὲ</strong></span> <span class='ocrx_word' id='word_1_548' title='bbox 2545 2961 2603 3012; x_wconf 83' lang='grc' dir='ltr'>τὸ</span> <span class='ocrx_word' id='word_1_549' title='bbox 2661 2961 2838 3032; x_wconf 75' lang='grc' dir='ltr'>ῥεῦμα</span> <span class='ocrx_word' id='word_1_550' title='bbox 2892 2966 2995 3032; x_wconf 70' lang='grc' dir='ltr'>πρὸ</span> <span class='ocrx_word' id='word_1_551' title='bbox 3061 2965 3227 3031; x_wconf 76' lang='grc' dir='ltr'>αὐτῆς</span> <span class='ocrx_word' id='word_1_552' title='bbox 3281 2965 3485 3034; x_wconf 78' lang='grc' dir='ltr'>ταύτης</span> <span class='ocrx_word' id='word_1_553' title='bbox 3536 2965 4001 3033; x_wconf 79' lang='grc' dir='ltr'>ἀπερευγόμενον,</span> 
     </span>
    </p>
   </div>
   <div class='ocr_carea' id='block_1_76' title="bbox 2434 3053 4005 3126">
    <p class='ocr_par' dir='ltr' id='par_1_76' title="bbox 2434 3053 4005 3126">
     <span class='ocr_line' id='line_1_76' title="bbox 2434 3053 4005 3126; baseline 0.001 -20"><span class='ocrx_word' id='word_1_554' title='bbox 2434 3053 2600 3122; x_wconf 74' lang='grc' dir='ltr'>ἄμφω</span> <span class='ocrx_word' id='word_1_555' title='bbox 2632 3055 2688 3106; x_wconf 85' lang='grc' dir='ltr'><strong>δὲ</strong></span> <span class='ocrx_word' id='word_1_556' title='bbox 2739 3056 2812 3118; x_wconf 85' lang='grc' dir='ltr'>ὡς</span> <span class='ocrx_word' id='word_1_557' title='bbox 2851 3055 3085 3124; x_wconf 82' lang='grc' dir='ltr'>βασιλίδι</span> <span class='ocrx_word' id='word_1_558' title='bbox 3135 3061 3198 3126; x_wconf 81' lang='grc' dir='ltr'>τῇ</span> <span class='ocrx_word' id='word_1_559' title='bbox 3253 3057 3406 3110; x_wconf 86' lang='grc' dir='ltr'>πόλει</span> <span class='ocrx_word' id='word_1_560' title='bbox 3455 3059 3870 3126; x_wconf 61' lang='grc' dir='ltr'>δωροφοροῦντα</span> <span class='ocrx_word' id='word_1_561' title='bbox 3906 3060 4005 3109; x_wconf 72' lang='grc' dir='ltr'>καὶ</span> 
     </span>
    </p>
   </div>
   <div class='ocr_carea' id='block_1_77' title="bbox 2435 3133 4000 3218">
    <p class='ocr_par' dir='ltr' id='par_1_77' title="bbox 2435 3147 4000 3218">
     <span class='ocr_line' id='line_1_77' title="bbox 2435 3147 4000 3218; baseline 0.001 -20"><span class='ocrx_word' id='word_1_562' title='bbox 2435 3147 2612 3198; x_wconf 84' lang='grc' dir='ltr'>πάντα</span> <span class='ocrx_word' id='word_1_563' title='bbox 2641 3147 2798 3216; x_wconf 83' lang='grc' dir='ltr'>δεῦρο</span> <span class='ocrx_word' id='word_1_564' title='bbox 2845 3150 2963 3209; x_wconf 84' lang='grc' dir='ltr'>ταῖς</span> <span class='ocrx_word' id='word_1_565' title='bbox 3017 3148 3205 3200; x_wconf 80' lang='grc' dir='ltr'>ὁλκάσι</span> <span class='ocrx_word' id='word_1_566' title='bbox 3234 3150 3376 3201; x_wconf 88' lang='grc' dir='ltr'><strong>κατά</strong></span> <span class='ocrx_word' id='word_1_567' title='bbox 3429 3151 3611 3202; x_wconf 78' lang='grc' dir='ltr'>πᾶσαν</span> <span class='ocrx_word' id='word_1_568' title='bbox 3667 3151 4000 3218; x_wconf 83' lang='grc' dir='ltr'>πνευμάτων</span> 
     </span>
    </p>
   </div>
   <div class='ocr_carea' id='block_1_78' title="bbox 2435 3239 4001 3311">
    <p class='ocr_par' dir='ltr' id='par_1_78' title="bbox 2435 3239 4001 3311">
     <span class='ocr_line' id='line_1_78' title="bbox 2435 3239 4001 3311; baseline 0.001 -20"><span class='ocrx_word' id='word_1_569' title='bbox 2435 3240 2648 3308; x_wconf 85' lang='grc' dir='ltr'>κίνησιν</span> <span class='ocrx_word' id='word_1_570' title='bbox 2681 3239 3146 3306; x_wconf 81' lang='grc' dir='ltr'>παραπέμποντα.</span> <span class='ocrx_word' id='word_1_571' title='bbox 3202 3241 3312 3294; x_wconf 72' lang='grc' dir='ltr'>Καὶ</span> <span class='ocrx_word' id='word_1_572' title='bbox 3374 3242 3603 3310; x_wconf 78' lang='grc' dir='ltr'>μέγεθος</span> <span class='ocrx_word' id='word_1_573' title='bbox 3655 3242 3712 3294; x_wconf 76' lang='grc' dir='ltr'><strong>δὲ</strong></span> <span class='ocrx_word' id='word_1_574' title='bbox 3759 3244 3860 3311; x_wconf 79' lang='grc' dir='ltr'>τῆς</span> <span class='ocrx_word' id='word_1_575' title='bbox 3898 3243 4001 3311; x_wconf 75' lang='grc' dir='ltr'>σῆς</span> 
     </span>
    </p>
   </div>
   <div class='ocr_carea' id='block_1_79' title="bbox 2436 3327 4003 3401">
    <p class='ocr_par' dir='ltr' id='par_1_79' title="bbox 2436 3327 4003 3401">
     <span class='ocr_line' id='line_1_79' title="bbox 2436 3327 4003 3401; baseline 0.004 -23"><span class='ocrx_word' id='word_1_576' title='bbox 2436 3331 2641 3390; x_wconf 84' lang='grc' dir='ltr'>πόλεως</span> <span class='ocrx_word' id='word_1_577' title='bbox 2686 3329 2808 3380; x_wconf 82' lang='grc' dir='ltr'>ὅσον</span> <span class='ocrx_word' id='word_1_578' title='bbox 2839 3329 2935 3380; x_wconf 75' lang='grc' dir='ltr'><strong>οὐκ</strong></span> <span class='ocrx_word' id='word_1_579' title='bbox 2956 3327 3137 3397; x_wconf 48' lang='lat' dir='ltr'><strong>aut]:</strong></span> <span class='ocrx_word' id='word_1_580' title='bbox 3168 3330 3408 3396; x_wconf 83' lang='grc' dir='ltr'>πόλεων,</span> <span class='ocrx_word' id='word_1_581' title='bbox 3446 3332 3646 3399; x_wconf 72' lang='grc' dir='ltr'>πολλῆς</span> <span class='ocrx_word' id='word_1_582' title='bbox 3699 3332 3796 3400; x_wconf 82' lang='grc' dir='ltr'>μὲν</span> <span class='ocrx_word' id='word_1_583' title='bbox 3829 3332 4003 3401; x_wconf 70' lang='grc' dir='ltr'>οῧσης</span> 
     </span>
    </p>
   </div>
   <div class='ocr_carea' id='block_1_80' title="bbox 2427 3419 4002 3493">
    <p class='ocr_par' dir='ltr' id='par_1_80' title="bbox 2427 3419 4002 3493">
     <span class='ocr_line' id='line_1_80' title="bbox 2427 3419 4002 3493; baseline 0.004 -24"><span class='ocrx_word' id='word_1_584' title='bbox 2427 3420 2554 3490; x_wconf 68' lang='grc' dir='ltr'>,κατῖ</span> <span class='ocrx_word' id='word_1_585' title='bbox 2591 3420 2841 3489; x_wconf 76' lang='grc' dir='ltr'>ἡπειρον,</span> <span class='ocrx_word' id='word_1_586' title='bbox 2890 3419 3088 3487; x_wconf 80' lang='grc' dir='ltr'>πολλῆς</span> <span class='ocrx_word' id='word_1_587' title='bbox 3123 3421 3179 3472; x_wconf 82' lang='grc' dir='ltr'><strong>δὲ</strong></span> <span class='ocrx_word' id='word_1_588' title='bbox 3219 3423 3313 3472; x_wconf 63' lang='grc' dir='ltr'>καὶ</span> <span class='ocrx_word' id='word_1_589' title='bbox 3360 3423 3534 3490; x_wconf 86' lang='grc' dir='ltr'>μέσην</span> <span class='ocrx_word' id='word_1_590' title='bbox 3579 3420 3868 3492; x_wconf 77' lang='grc' dir='ltr'>σχιξούσης</span> <span class='ocrx_word' id='word_1_591' title='bbox 3899 3424 4002 3493; x_wconf 78' lang='grc' dir='ltr'>τὴν</span> 
     </span>
    </p>
   </div>
   <div class='ocr_carea' id='block_1_81' title="bbox 2435 3510 4002 3585">
    <p class='ocr_par' dir='ltr' id='par_1_81' title="bbox 2435 3510 4002 3585">
     <span class='ocr_line' id='line_1_81' title="bbox 2435 3510 4002 3585; baseline 0.003 -21"><span class='ocrx_word' id='word_1_592' title='bbox 2435 3514 2726 3573; x_wconf 74' lang='grc' dir='ltr'>Θάλασσαν,</span> <span class='ocrx_word' id='word_1_593' title='bbox 2757 3513 2829 3574; x_wconf 85' lang='grc' dir='ltr'>ὡς</span> <span class='ocrx_word' id='word_1_594' title='bbox 2860 3514 3162 3582; x_wconf 74' lang='grc' dir='ltr'>ἀμφίϐολον</span> <span class='ocrx_word' id='word_1_595' title='bbox 3186 3510 3324 3566; x_wconf 78' lang='grc' dir='ltr'>εἶναι</span> <span class='ocrx_word' id='word_1_596' title='bbox 3356 3515 3498 3578; x_wconf 80' lang='grc' dir='ltr'>τινος</span> <span class='ocrx_word' id='word_1_597' title='bbox 3533 3517 3785 3585; x_wconf 73' lang='grc' dir='ltr'>μᾶλλονή</span> <span class='ocrx_word' id='word_1_598' title='bbox 3819 3519 4002 3581; x_wconf 72' lang='grc' dir='ltr'>πόλις,</span> 
     </span>
    </p>
   </div>
   <div class='ocr_carea' id='block_1_82' title="bbox 2435 3601 4001 3675">
    <p class='ocr_par' dir='ltr' id='par_1_82' title="bbox 2435 3601 4001 3675">
     <span class='ocr_line' id='line_1_82' title="bbox 2435 3601 4001 3675; baseline 0.003 -21"><span class='ocrx_word' id='word_1_599' title='bbox 2435 3606 2698 3672; x_wconf 75' lang='grc' dir='ltr'>ἑκατέρας</span> <span class='ocrx_word' id='word_1_600' title='bbox 2728 3601 2916 3672; x_wconf 77' lang='grc' dir='ltr'>ὥσπερ</span> <span class='ocrx_word' id='word_1_601' title='bbox 2964 3606 3372 3675; x_wconf 76' lang='grc' dir='ltr'>ἀγωνιζομένης</span> <span class='ocrx_word' id='word_1_602' title='bbox 3417 3609 3585 3671; x_wconf 76' lang='grc' dir='ltr'>αὐτὴν</span> <span class='ocrx_word' id='word_1_603' title='bbox 3638 3609 4001 3675; x_wconf 71' lang='grc' dir='ltr'>οἰκειοῦσθαι,</span> 
     </span>
    </p>
   </div>
   <div class='ocr_carea' id='block_1_83' title="bbox 2434 3693 4004 3768">
    <p class='ocr_par' dir='ltr' id='par_1_83' title="bbox 2434 3693 4004 3768">
     <span class='ocr_line' id='line_1_83' title="bbox 2434 3693 4004 3768; baseline 0.005 -25"><span class='ocrx_word' id='word_1_604' title='bbox 2434 3696 2526 3744; x_wconf 81' lang='grc' dir='ltr'><strong>καὶ</strong></span> <span class='ocrx_word' id='word_1_605' title='bbox 2562 3693 2801 3761; x_wconf 77' lang='grc' dir='ltr'>σφοδρῶς</span> <span class='ocrx_word' id='word_1_606' title='bbox 2848 3695 3214 3762; x_wconf 81' lang='grc' dir='ltr'>ἀντεχομένης</span> <span class='ocrx_word' id='word_1_607' title='bbox 3272 3698 3459 3765; x_wconf 72' lang='grc' dir='ltr'>αὐτῆς.</span> <span class='ocrx_word' id='word_1_608' title='bbox 3503 3699 3567 3749; x_wconf 83' lang='grc'><strong>’0</strong></span> <span class='ocrx_word' id='word_1_609' title='bbox 3601 3699 3664 3768; x_wconf 76' lang='grc' dir='ltr'><strong>δὴ</strong></span> <span class='ocrx_word' id='word_1_610' title='bbox 3724 3702 3818 3751; x_wconf 74' lang='grc' dir='ltr'>καὶ</span> <span class='ocrx_word' id='word_1_611' title='bbox 3867 3704 4004 3768; x_wconf 68' lang='grc' dir='ltr'>περὶ</span> 
     </span>
    </p>
   </div>
   <div class='ocr_carea' id='block_1_84' title="bbox 2436 3787 4006 3860">
    <p class='ocr_par' dir='ltr' id='par_1_84' title="bbox 2436 3787 4006 3860">
     <span class='ocr_line' id='line_1_84' title="bbox 2436 3787 4006 3860; baseline 0.004 -24"><span class='ocrx_word' id='word_1_612' title='bbox 2436 3787 2530 3853; x_wconf 82' lang='grc' dir='ltr'>τῆς</span> <span class='ocrx_word' id='word_1_613' title='bbox 2576 3787 2758 3848; x_wconf 87' lang='grc' dir='ltr'>Ἀσίας</span> <span class='ocrx_word' id='word_1_614' title='bbox 2791 3789 2963 3838; x_wconf 87' lang='grc' dir='ltr'>εἰπεῖν</span> <span class='ocrx_word' id='word_1_615' title='bbox 2991 3787 3088 3849; x_wconf 78' lang='grc' dir='ltr'>ἔνι,</span> <span class='ocrx_word' id='word_1_616' title='bbox 3123 3789 3372 3859; x_wconf 73' lang='grc' dir='ltr'>θαλάσσῃ</span> <span class='ocrx_word' id='word_1_617' title='bbox 3425 3791 3522 3858; x_wconf 77' lang='grc' dir='ltr'>μὶν</span> <span class='ocrx_word' id='word_1_618' title='bbox 3563 3793 4006 3860; x_wconf 81' lang='grc' dir='ltr'>τυραννηθείσης</span> 
     </span>
    </p>
   </div>
   <div class='ocr_carea' id='block_1_85' title="bbox 2437 3878 4008 3951">
    <p class='ocr_par' dir='ltr' id='par_1_85' title="bbox 2437 3878 4008 3951">
     <span class='ocr_line' id='line_1_85' title="bbox 2437 3878 4008 3951; baseline 0.003 -21"><span class='ocrx_word' id='word_1_619' title='bbox 2437 3878 2817 3947; x_wconf 76' lang='grc' dir='ltr'>ἀπορραγῆναι</span> <span class='ocrx_word' id='word_1_620' title='bbox 2850 3881 2949 3946; x_wconf 79' lang='grc' dir='ltr'>τῆς</span> <span class='ocrx_word' id='word_1_621' title='bbox 2981 3879 3205 3941; x_wconf 79' lang='grc' dir='ltr'>πόλεως,</span> <span class='ocrx_word' id='word_1_622' title='bbox 3239 3881 3330 3932; x_wconf 66' lang='grc' dir='ltr'><strong>τὸν</strong></span> <span class='ocrx_word' id='word_1_623' title='bbox 3356 3881 3533 3948; x_wconf 73' lang='grc' dir='ltr'>ἔρωτα</span> <span class='ocrx_word' id='word_1_624' title='bbox 3561 3882 3618 3933; x_wconf 80' lang='grc' dir='ltr'><strong>δὲ</strong></span> <span class='ocrx_word' id='word_1_625' title='bbox 3663 3883 3736 3951; x_wconf 78' lang='grc' dir='ltr'>μὴ</span> <span class='ocrx_word' id='word_1_626' title='bbox 3765 3885 4008 3935; x_wconf 85' lang='grc' dir='ltr'>καταλε-</span> 
     </span>
    </p>
   </div>
   <div class='ocr_carea' id='block_1_86' title="bbox 2433 3957 4008 4041">
    <p class='ocr_par' dir='ltr' id='par_1_86' title="bbox 2433 3957 4008 4041">
     <span class='ocr_line' id='line_1_86' title="bbox 2433 3957 4008 4041; baseline 0.008 -23"><span class='ocrx_word' id='word_1_627' title='bbox 2433 3971 2655 4033; x_wconf 86' lang='grc' dir='ltr'>λυκυίας</span> <span class='ocrx_word' id='word_1_628' title='bbox 2695 3972 2829 4040; x_wconf 80' lang='grc' dir='ltr'>μηδὲ</span> <span class='ocrx_word' id='word_1_629' title='bbox 2868 3957 3054 4040; x_wconf 80' lang='grc' dir='ltr'>ττόρρω</span> <span class='ocrx_word' id='word_1_630' title='bbox 3086 3974 3479 4041; x_wconf 82' lang='grc' dir='ltr'>ἀφεστηκυίας,</span> <span class='ocrx_word' id='word_1_631' title='bbox 3518 3975 3651 4027; x_wconf 80' lang='grc' dir='ltr'>ἀλλᾶ</span> <span class='ocrx_word' id='word_1_632' title='bbox 3709 3976 3803 4027; x_wconf 72' lang='grc' dir='ltr'>καὶ</span> <span class='ocrx_word' id='word_1_633' title='bbox 3855 3976 4008 4030; x_wconf 72' lang='grc' dir='ltr'>οὕτω</span> 
     </span>
    </p>
   </div>
   <div class='ocr_carea' id='block_1_87' title="bbox 2435 4056 4006 4136">
    <p class='ocr_par' dir='ltr' id='par_1_87' title="bbox 2435 4056 4006 4136">
     <span class='ocr_line' id='line_1_87' title="bbox 2435 4056 4006 4136; baseline 0.006 -28"><span class='ocrx_word' id='word_1_634' title='bbox 2435 4056 2845 4128; x_wconf 76' lang='grc' dir='ltr'>φιλονεικούσης</span> <span class='ocrx_word' id='word_1_635' title='bbox 2872 4061 3139 4128; x_wconf 81' lang='grc' dir='ltr'>σύνεγγυς</span> <span class='ocrx_word' id='word_1_636' title='bbox 3171 4065 3265 4114; x_wconf 74' lang='grc' dir='ltr'>καὶ</span> <span class='ocrx_word' id='word_1_637' title='bbox 3305 4066 3613 4134; x_wconf 79' lang='grc' dir='ltr'>ἀπαντικρὺ</span> <span class='ocrx_word' id='word_1_638' title='bbox 3655 4067 3750 4132; x_wconf 77' lang='grc' dir='ltr'>τῆς</span> <span class='ocrx_word' id='word_1_639' title='bbox 3781 4067 4006 4136; x_wconf 65' lang='grc' dir='ltr'>ἐρωμέ-</span> 
     </span>
    </p>
   </div>
   <div class='ocr_carea' id='block_1_88' title="bbox 2435 4155 4006 4234">
    <p class='ocr_par' dir='ltr' id='par_1_88' title="bbox 2435 4155 4006 4234">
     <span class='ocr_line' id='line_1_88' title="bbox 2435 4155 4006 4234; baseline 0.007 -30"><span class='ocrx_word' id='word_1_640' title='bbox 2435 4172 2530 4221; x_wconf 74' lang='grc' dir='ltr'><strong>νης</strong></span> <span class='ocrx_word' id='word_1_641' title='bbox 2565 4155 2804 4207; x_wconf 78' lang='grc' dir='ltr'>ἑστάναι.</span> <span class='ocrx_word' id='word_1_642' title='bbox 2867 4156 2975 4206; x_wconf 85' lang='lat' dir='ltr'><strong>Kal.</strong></span> <span class='ocrx_word' id='word_1_643' title='bbox 3028 4155 3446 4219; x_wconf 70' lang='grc' dir='ltr'>ὑπερὸάλλουσα</span> <span class='ocrx_word' id='word_1_644' title='bbox 3480 4161 3532 4210; x_wconf 77' lang='grc' dir='ltr'><strong>δὲ</strong></span> <span class='ocrx_word' id='word_1_645' title='bbox 3578 4161 3797 4228; x_wconf 69' lang='grc' dir='ltr'>μεγέθει</span> <span class='ocrx_word' id='word_1_646' title='bbox 3855 4164 4006 4234; x_wconf 75' lang='grc' dir='ltr'>αὐτὴ</span> 
     </span>
    </p>
   </div>
   <div class='ocr_carea' id='block_1_89' title="bbox 2435 4246 4009 4324">
    <p class='ocr_par' dir='ltr' id='par_1_89' title="bbox 2435 4246 4009 4324">
     <span class='ocr_line' id='line_1_89' title="bbox 2435 4246 4009 4324; baseline 0.007 -28"><span class='ocrx_word' id='word_1_647' title='bbox 2435 4246 2654 4313; x_wconf 79' lang='grc' dir='ltr'>ἑαυτῆς,</span> <span class='ocrx_word' id='word_1_648' title='bbox 2711 4247 3006 4314; x_wconf 80' lang='grc' dir='ltr'>τριπλασία</span> <span class='ocrx_word' id='word_1_649' title='bbox 3057 4249 3166 4309; x_wconf 79' lang='grc' dir='ltr'>τοῖς</span> <span class='ocrx_word' id='word_1_650' title='bbox 3219 4251 3464 4318; x_wconf 75' lang='grc' dir='ltr'>ἀκριϐῶς</span> <span class='ocrx_word' id='word_1_651' title='bbox 3522 4254 3813 4305; x_wconf 76' lang='grc' dir='ltr'>σκοποῦσιν</span> <span class='ocrx_word' id='word_1_652' title='bbox 3849 4258 4009 4324; x_wconf 73' lang='grc' dir='ltr'>εὑρί-</span> 
     </span>
    </p>
   </div>
   <div class='ocr_carea' id='block_1_90' title="bbox 2437 4339 4008 4413">
    <p class='ocr_par' dir='ltr' id='par_1_90' title="bbox 2437 4339 4008 4413">
     <span class='ocr_line' id='line_1_90' title="bbox 2437 4339 4008 4413; baseline 0.006 -25"><span class='ocrx_word' id='word_1_653' title='bbox 2437 4353 2648 4389; x_wconf 86' lang='grc' dir='ltr'>σκεται·</span> <span class='ocrx_word' id='word_1_654' title='bbox 2685 4339 2748 4389; x_wconf 83' lang='grc' dir='ltr'>τὰ</span> <span class='ocrx_word' id='word_1_655' title='bbox 2781 4339 2878 4406; x_wconf 83' lang='grc' dir='ltr'>μὲν</span> <span class='ocrx_word' id='word_1_656' title='bbox 2902 4340 3009 4408; x_wconf 82' lang='grc' dir='ltr'>γὰρ</span> <span class='ocrx_word' id='word_1_657' title='bbox 3042 4341 3209 4408; x_wconf 76' lang='grc' dir='ltr'>αὐτῆς</span> <span class='ocrx_word' id='word_1_658' title='bbox 3243 4344 3541 4408; x_wconf 79' lang='grc' dir='ltr'>κατάγαιός</span> <span class='ocrx_word' id='word_1_659' title='bbox 3585 4348 3728 4397; x_wconf 75' lang='grc' dir='ltr'>ἐστιν</span> <span class='ocrx_word' id='word_1_660' title='bbox 3760 4349 4008 4413; x_wconf 73' lang='grc' dir='ltr'>οἴκησις,</span> 
     </span>
    </p>
   </div>
   <div class='ocr_carea' id='block_1_91' title="bbox 2432 4428 4013 4504">
    <p class='ocr_par' dir='ltr' id='par_1_91' title="bbox 2432 4428 4013 4504">
     <span class='ocr_line' id='line_1_91' title="bbox 2432 4428 4013 4504; baseline 0.008 -27"><span class='ocrx_word' id='word_1_661' title='bbox 2432 4428 2499 4479; x_wconf 82' lang='grc' dir='ltr'>τὰ</span> <span class='ocrx_word' id='word_1_662' title='bbox 2535 4429 2588 4480; x_wconf 73' lang='grc' dir='ltr'><strong>δὲ</strong></span> <span class='ocrx_word' id='word_1_663' title='bbox 2617 4431 2713 4492; x_wconf 81' lang='grc' dir='ltr'><strong>τὴν</strong></span> <span class='ocrx_word' id='word_1_664' title='bbox 2748 4432 3070 4497; x_wconf 69' lang='grc' dir='ltr'>ἐπιφάνειαν</span> <span class='ocrx_word' id='word_1_665' title='bbox 3136 4432 3350 4501; x_wconf 76' lang='grc' dir='ltr'>πληροῖ,</span> <span class='ocrx_word' id='word_1_666' title='bbox 3397 4435 3535 4488; x_wconf 79' lang='grc' dir='ltr'>ἄλλα</span> <span class='ocrx_word' id='word_1_667' title='bbox 3585 4437 3637 4488; x_wconf 84' lang='grc' dir='ltr'><strong>δὲ</strong></span> <span class='ocrx_word' id='word_1_668' title='bbox 3667 4440 3772 4489; x_wconf 76' lang='grc' dir='ltr'>τῶν</span> <span class='ocrx_word' id='word_1_669' title='bbox 3815 4441 4013 4504; x_wconf 73' lang='grc' dir='ltr'>μέσων</span> 
     </span>
    </p>
   </div>
   <div class='ocr_carea' id='block_1_92' title="bbox 766 4517 2389 4598">
    <p class='ocr_par' dir='ltr' id='par_1_92' title="bbox 766 4517 2389 4598">
     <span class='ocr_line' id='line_1_92' title="bbox 766 4517 2389 4598; baseline -0.01 -9"><span class='ocrx_word' id='word_1_670' title='bbox 766 4537 913 4588; x_wconf 83' lang='lat' dir='ltr'><strong>mitis</strong></span> <span class='ocrx_word' id='word_1_671' title='bbox 943 4543 994 4585; x_wconf 87' lang='lat' dir='ltr'><strong>et</strong></span> <span class='ocrx_word' id='word_1_672' title='bbox 1029 4517 1355 4596; x_wconf 82' lang='lat' dir='ltr'><strong>corporibus</strong></span> <span class='ocrx_word' id='word_1_673' title='bbox 1394 4524 1727 4584; x_wconf 79' lang='lat' dir='ltr'><strong>tolerabilis,</strong></span> <span class='ocrx_word' id='word_1_674' title='bbox 1772 4537 1875 4574; x_wconf 89' lang='lat' dir='ltr'><strong>nec</strong></span> <span class='ocrx_word' id='word_1_675' title='bbox 1918 4532 2056 4574; x_wconf 70' lang='lat' dir='ltr'><strong>testu</strong></span> <span class='ocrx_word' id='word_1_676' title='bbox 2088 4522 2327 4574; x_wconf 78' lang='lat' dir='ltr'><strong>fervidus</strong></span> <span class='ocrx_word' id='word_1_677' title='bbox 2365 4545 2389 4598; x_wconf 59' lang='grc' dir='ltr'><strong><em>ς</em></strong></span> 
     </span>
    </p>
   </div>
   <div class='ocr_carea' id='block_1_93' title="bbox 2434 4517 4012 4598">
    <p class='ocr_par' dir='ltr' id='par_1_93' title="bbox 2437 4520 4012 4596">
     <span class='ocr_line' id='line_1_93' title="bbox 2437 4520 4012 4596; baseline 0.008 -28"><span class='ocrx_word' id='word_1_678' title='bbox 2437 4520 2618 4572; x_wconf 80' lang='grc' dir='ltr'>ἐπάνω</span> <span class='ocrx_word' id='word_1_679' title='bbox 2649 4522 2920 4590; x_wconf 75' lang='grc' dir='ltr'>φερόμενα</span> <span class='ocrx_word' id='word_1_680' title='bbox 2980 4522 3180 4587; x_wconf 86' lang='grc' dir='ltr'>πείθει,</span> <span class='ocrx_word' id='word_1_681' title='bbox 3245 4526 3383 4592; x_wconf 83' lang='grc' dir='ltr'>μετὰ</span> <span class='ocrx_word' id='word_1_682' title='bbox 3433 4526 3541 4581; x_wconf 81' lang='grc' dir='ltr'>τῶν</span> <span class='ocrx_word' id='word_1_683' title='bbox 3570 4527 3743 4578; x_wconf 69' lang='grc' dir='ltr'>ἄλλων</span> <span class='ocrx_word' id='word_1_684' title='bbox 3788 4521 3864 4580; x_wconf 79' lang='grc' dir='ltr'>ὧν</span> <span class='ocrx_word' id='word_1_685' title='bbox 3896 4530 4012 4596; x_wconf 70' lang='grc' dir='ltr'><strong>τὴν</strong></span> 
     </span>
    </p>
   </div>
   <div class='ocr_carea' id='block_1_94' title="bbox 765 4611 2327 4684">
    <p class='ocr_par' dir='ltr' id='par_1_94' title="bbox 765 4611 2327 4684">
     <span class='ocr_line' id='line_1_94' title="bbox 765 4611 2327 4684; baseline -0.012 -5"><span class='ocrx_word' id='word_1_686' title='bbox 765 4639 819 4679; x_wconf 84' lang='lat' dir='ltr'><strong>et</strong></span> <span class='ocrx_word' id='word_1_687' title='bbox 847 4625 1142 4679; x_wconf 85' lang='lat' dir='ltr'><strong>suﬂocans,</strong></span> <span class='ocrx_word' id='word_1_688' title='bbox 1185 4618 1279 4671; x_wconf 88' lang='lat' dir='ltr'><strong>sed</strong></span> <span class='ocrx_word' id='word_1_689' title='bbox 1314 4625 1649 4684; x_wconf 84' lang='lat' dir='ltr'><strong>temperatus</strong></span> <span class='ocrx_word' id='word_1_690' title='bbox 1677 4615 1915 4680; x_wconf 85' lang='lat' dir='ltr'><strong>quodam</strong></span> <span class='ocrx_word' id='word_1_691' title='bbox 1957 4611 2186 4679; x_wconf 78' lang='lat' dir='ltr'><strong>frigore,</strong></span> <span class='ocrx_word' id='word_1_692' title='bbox 2234 4611 2327 4662; x_wconf 86' lang='lat' dir='ltr'><strong>bo-</strong></span> 
     </span>
    </p>
   </div>
   <div class='ocr_carea' id='block_1_95' title="bbox 767 4702 2327 4772">
    <p class='ocr_par' dir='ltr' id='par_1_95' title="bbox 767 4702 2327 4772">
     <span class='ocr_line' id='line_1_95' title="bbox 767 4702 2327 4772; baseline -0.011 -3"><span class='ocrx_word' id='word_1_693' title='bbox 767 4718 875 4770; x_wconf 83' lang='lat' dir='ltr'><strong>reis</strong></span> <span class='ocrx_word' id='word_1_694' title='bbox 907 4715 1125 4766; x_wconf 70' lang='lat' dir='ltr'><strong>flatibus</strong></span> <span class='ocrx_word' id='word_1_695' title='bbox 1156 4722 1209 4763; x_wconf 88' lang='lat' dir='ltr'><strong>et</strong></span> <span class='ocrx_word' id='word_1_696' title='bbox 1245 4725 1379 4762; x_wconf 85' lang='lat' dir='ltr'><strong>aura</strong></span> <span class='ocrx_word' id='word_1_697' title='bbox 1427 4706 1660 4772; x_wconf 83' lang='lat' dir='ltr'><strong>zephiti,</strong></span> <span class='ocrx_word' id='word_1_698' title='bbox 1714 4719 1823 4756; x_wconf 89' lang='lat' dir='ltr'><strong>non</strong></span> <span class='ocrx_word' id='word_1_699' title='bbox 1867 4704 2002 4756; x_wconf 77' lang='lat' dir='ltr'><strong>sinit</strong></span> <span class='ocrx_word' id='word_1_700' title='bbox 2051 4702 2327 4753; x_wconf 83' lang='lat' dir='ltr'><strong>radiorum</strong></span> 
     </span>
    </p>
   </div>
   <div class='ocr_carea' id='block_1_96' title="bbox 765 4801 2329 4863">
    <p class='ocr_par' dir='ltr' id='par_1_96' title="bbox 765 4801 2329 4863">
     <span class='ocr_line' id='line_1_96' title="bbox 765 4801 2329 4863; baseline -0.011 -1"><span class='ocrx_word' id='word_1_701' title='bbox 765 4813 882 4863; x_wconf 78' lang='lat' dir='ltr'><strong>acie</strong></span> <span class='ocrx_word' id='word_1_702' title='bbox 934 4807 1161 4859; x_wconf 87' lang='lat' dir='ltr'><strong>omnino</strong></span> <span class='ocrx_word' id='word_1_703' title='bbox 1207 4801 1480 4856; x_wconf 80' lang='lat' dir='ltr'><strong>dominari</strong></span> <span class='ocrx_word' id='word_1_704' title='bbox 1512 4817 1525 4852; x_wconf 89' lang='lat'><strong>:</strong></span> <span class='ocrx_word' id='word_1_705' title='bbox 1559 4802 1666 4850; x_wconf 84' lang='lat' dir='ltr'><strong>alia</strong></span> <span class='ocrx_word' id='word_1_706' title='bbox 1719 4811 1850 4849; x_wconf 84' lang='lat' dir='ltr'><strong>vero</strong></span> <span class='ocrx_word' id='word_1_707' title='bbox 1904 4805 2148 4862; x_wconf 85' lang='lat' dir='ltr'><strong>tempora</strong></span> <span class='ocrx_word' id='word_1_708' title='bbox 2195 4811 2329 4860; x_wconf 91' lang='lat' dir='ltr'><strong>quo-</strong></span> 
     </span>
    </p>
   </div>
   <div class='ocr_carea' id='block_1_97' title="bbox 767 4896 2326 4954">
    <p class='ocr_par' dir='ltr' id='par_1_97' title="bbox 767 4896 2326 4954">
     <span class='ocr_line' id='line_1_97' title="bbox 767 4896 2326 4954; baseline -0.011 -2"><span class='ocrx_word' id='word_1_709' title='bbox 767 4900 930 4953; x_wconf 83' lang='lat' dir='ltr'><strong>modo</strong></span> <span class='ocrx_word' id='word_1_710' title='bbox 1007 4896 1416 4948; x_wconf 77' lang='lat' dir='ltr'><strong>immisceamur</strong></span> <span class='ocrx_word' id='word_1_711' title='bbox 1481 4903 1784 4941; x_wconf 87' lang='lat' dir='ltr'><strong>memorare</strong></span> <span class='ocrx_word' id='word_1_712' title='bbox 1859 4898 2326 4954; x_wconf 83' lang='lat' dir='ltr'><strong>supervacaneum</strong></span> 
     </span>
    </p>
   </div>
   <div class='ocr_carea' id='block_1_98' title="bbox 767 4975 2325 5054">
    <p class='ocr_par' dir='ltr' id='par_1_98' title="bbox 767 4975 2325 5054">
     <span class='ocr_line' id='line_1_98' title="bbox 767 4975 2325 5054; baseline -0.011 -9"><span class='ocrx_word' id='word_1_713' title='bbox 767 5003 872 5054; x_wconf 75' lang='lat' dir='ltr'><strong>est,</strong></span> <span class='ocrx_word' id='word_1_714' title='bbox 905 5005 1027 5042; x_wconf 90' lang='lat' dir='ltr'><strong>cum</strong></span> <span class='ocrx_word' id='word_1_715' title='bbox 1083 4988 1188 5039; x_wconf 87' lang='lat' dir='ltr'><strong>hoc</strong></span> <span class='ocrx_word' id='word_1_716' title='bbox 1237 4975 1528 5036; x_wconf 73' lang='lat' dir='ltr'><strong>manifesto</strong></span> <span class='ocrx_word' id='word_1_717' title='bbox 1563 4985 1675 5049; x_wconf 79' lang='lat' dir='ltr'><strong>per&#39;</strong></span> <span class='ocrx_word' id='word_1_718' title='bbox 1701 4991 1950 5032; x_wconf 75' lang='lat' dir='ltr'><strong>extrema</strong></span> <span class='ocrx_word' id='word_1_719' title='bbox 1998 4979 2325 5030; x_wconf 84' lang='lat' dir='ltr'><strong>innotescat.</strong></span> 
     </span>
    </p>
   </div>
   <div class='ocr_carea' id='block_1_99' title="bbox 769 5069 2329 5144">
    <p class='ocr_par' dir='ltr' id='par_1_99' title="bbox 769 5069 2329 5144">
     <span class='ocr_line' id='line_1_99' title="bbox 769 5069 2329 5144; baseline -0.012 -7"><span class='ocrx_word' id='word_1_720' title='bbox 769 5087 834 5137; x_wconf 73' lang='lat' dir='ltr'><strong>Et</strong></span> <span class='ocrx_word' id='word_1_721' title='bbox 885 5083 972 5134; x_wconf 85' lang='lat' dir='ltr'><strong>illa</strong></span> <span class='ocrx_word' id='word_1_722' title='bbox 1022 5091 1133 5132; x_wconf 89' lang='lat' dir='ltr'><strong>tute</strong></span> <span class='ocrx_word' id='word_1_723' title='bbox 1209 5077 1584 5144; x_wconf 75' lang='lat' dir='ltr'><strong>magnitudine</strong></span> <span class='ocrx_word' id='word_1_724' title='bbox 1638 5073 1947 5141; x_wconf 66' lang='lat' dir='ltr'><strong>praeditum,</strong></span> <span class='ocrx_word' id='word_1_725' title='bbox 1981 5070 2161 5138; x_wconf 85' lang='lat' dir='ltr'><strong>potius</strong></span> <span class='ocrx_word' id='word_1_726' title='bbox 2211 5069 2329 5136; x_wconf 85' lang='lat' dir='ltr'><strong>pul-</strong></span> 
     </span>
    </p>
   </div>
   <div class='ocr_carea' id='block_1_100' title="bbox 767 5163 2322 5240">
    <p class='ocr_par' dir='ltr' id='par_1_100' title="bbox 767 5163 2322 5240">
     <span class='ocr_line' id='line_1_100' title="bbox 767 5163 2322 5240; baseline -0.011 -12"><span class='ocrx_word' id='word_1_727' title='bbox 767 5183 952 5228; x_wconf 67' lang='lat' dir='ltr'><strong>chrum</strong></span> <span class='ocrx_word' id='word_1_728' title='bbox 1008 5189 1168 5240; x_wconf 86' lang='lat' dir='ltr'><strong>quam</strong></span> <span class='ocrx_word' id='word_1_729' title='bbox 1219 5184 1463 5238; x_wconf 77' lang='lat' dir='ltr'><strong>magnam</strong></span> <span class='ocrx_word' id='word_1_730' title='bbox 1513 5169 1751 5228; x_wconf 86' lang='lat' dir='ltr'><strong>diceres,</strong></span> <span class='ocrx_word' id='word_1_731' title='bbox 1808 5166 2123 5231; x_wconf 73' lang='lat' dir='ltr'><strong>exprimere</strong></span> <span class='ocrx_word' id='word_1_732' title='bbox 2175 5163 2322 5214; x_wconf 81' lang='lat' dir='ltr'><strong>enim</strong></span> 
     </span>
    </p>
   </div>
   <div class='ocr_carea' id='block_1_101' title="bbox 767 5252 2330 5324">
    <p class='ocr_par' dir='ltr' id='par_1_101' title="bbox 767 5252 2330 5324">
     <span class='ocr_line' id='line_1_101' title="bbox 767 5252 2330 5324; baseline -0.012 -4"><span class='ocrx_word' id='word_1_733' title='bbox 767 5272 949 5319; x_wconf 74' lang='lat' dir='ltr'><strong>valeas</strong></span> <span class='ocrx_word' id='word_1_734' title='bbox 981 5267 1381 5323; x_wconf 65' lang='lat' dir='ltr'><strong>excellentiam,</strong></span> <span class='ocrx_word' id='word_1_735' title='bbox 1423 5259 1475 5310; x_wconf 87' lang='lat' dir='ltr'><strong>id</strong></span> <span class='ocrx_word' id='word_1_736' title='bbox 1523 5271 1631 5324; x_wconf 87' lang='lat' dir='ltr'><strong>quo</strong></span> <span class='ocrx_word' id='word_1_737' title='bbox 1665 5257 1799 5308; x_wconf 84' lang='lat' dir='ltr'><strong>alias</strong></span> <span class='ocrx_word' id='word_1_738' title='bbox 1836 5255 2001 5306; x_wconf 86' lang='lat' dir='ltr'><strong>urbes</strong></span> <span class='ocrx_word' id='word_1_739' title='bbox 2052 5252 2330 5304; x_wconf 82' lang='lat' dir='ltr'><strong>antecellit</strong></span> 
     </span>
    </p>
   </div>
   <div class='ocr_carea' id='block_1_102' title="bbox 767 5345 2327 5428">
    <p class='ocr_par' dir='ltr' id='par_1_102' title="bbox 767 5345 2327 5428">
     <span class='ocr_line' id='line_1_102' title="bbox 767 5345 2327 5428; baseline -0.013 -14"><span class='ocrx_word' id='word_1_740' title='bbox 767 5373 997 5422; x_wconf 77' lang='lat' dir='ltr'><strong>civitas,</strong></span> <span class='ocrx_word' id='word_1_741' title='bbox 1063 5365 1327 5428; x_wconf 85' lang='lat' dir='ltr'><strong>quantum</strong></span> <span class='ocrx_word' id='word_1_742' title='bbox 1384 5368 1517 5406; x_wconf 90' lang='lat' dir='ltr'><strong>vero</strong></span> <span class='ocrx_word' id='word_1_743' title='bbox 1578 5348 1989 5420; x_wconf 82' lang='lat' dir='ltr'><strong>pulchritudine</strong></span> <span class='ocrx_word' id='word_1_744' title='bbox 2046 5345 2327 5398; x_wconf 86' lang='lat' dir='ltr'><strong>antecellit</strong></span> 
     </span>
    </p>
   </div>
   <div class='ocr_carea' id='block_1_103' title="bbox 768 5437 2325 5513">
    <p class='ocr_par' dir='ltr' id='par_1_103' title="bbox 768 5437 2325 5513">
     <span class='ocr_line' id='line_1_103' title="bbox 768 5437 2325 5513; baseline -0.013 -8"><span class='ocrx_word' id='word_1_745' title='bbox 768 5459 952 5505; x_wconf 70' lang='lat' dir='ltr'><strong>dicere</strong></span> <span class='ocrx_word' id='word_1_746' title='bbox 993 5451 1164 5512; x_wconf 82' lang='lat' dir='ltr'><strong>nefas,</strong></span> <span class='ocrx_word' id='word_1_747' title='bbox 1198 5460 1384 5499; x_wconf 87' lang='lat' dir='ltr'><strong>etnon</strong></span> <span class='ocrx_word' id='word_1_748' title='bbox 1427 5453 1605 5513; x_wconf 91' lang='lat' dir='ltr'><strong>potest</strong></span> <span class='ocrx_word' id='word_1_749' title='bbox 1640 5442 1872 5495; x_wconf 83' lang='lat' dir='ltr'><strong>inveniri</strong></span> <span class='ocrx_word' id='word_1_750' title='bbox 1915 5437 2183 5490; x_wconf 81' lang='lat' dir='ltr'><strong>intervalli</strong></span> <span class='ocrx_word' id='word_1_751' title='bbox 2222 5450 2325 5486; x_wconf 89' lang='lat' dir='ltr'><strong>uu-</strong></span> 
     </span>
    </p>
   </div>
   <div class='ocr_carea' id='block_1_104' title="bbox 769 5553 1366 5600">
    <p class='ocr_par' dir='ltr' id='par_1_104' title="bbox 769 5553 1366 5600">
     <span class='ocr_line' id='line_1_104' title="bbox 769 5553 1366 5600; baseline -0.02 0"><span class='ocrx_word' id='word_1_752' title='bbox 769 5563 953 5600; x_wconf 73' lang='lat' dir='ltr'><strong>lnerus‘</strong></span> <span class='ocrx_word' id='word_1_753' title='bbox 978 5553 1066 5594; x_wconf 82' lang='lat' dir='ltr'><strong>aut</strong></span> <span class='ocrx_word' id='word_1_754' title='bbox 1092 5554 1366 5593; x_wconf 74' lang='lat' dir='ltr'><strong>mensura.</strong></span> 
     </span>
    </p>
   </div>
   <div class='ocr_carea' id='block_1_105' title="bbox 842 5745 2315 5814">
    <p class='ocr_par' dir='ltr' id='par_1_105' title="bbox 842 5745 2315 5814">
     <span class='ocr_line' id='line_1_105' title="bbox 842 5745 2315 5814; baseline -0.011 -8"><span class='ocrx_word' id='word_1_755' title='bbox 842 5756 914 5814; x_wconf 77' lang='lat'>(3)</span> <span class='ocrx_word' id='word_1_756' title='bbox 959 5752 1269 5814; x_wconf 62' lang='lat' dir='ltr'><strong>Byzantium</strong></span> <span class='ocrx_word' id='word_1_757' title='bbox 1304 5748 1430 5804; x_wconf 70' lang='lat' dir='ltr'><strong>facit</strong></span> <span class='ocrx_word' id='word_1_758' title='bbox 1486 5758 1642 5802; x_wconf 59' lang='lat' dir='ltr'><strong>terra:</strong></span> <span class='ocrx_word' id='word_1_759' title='bbox 1701 5745 2017 5814; x_wconf 83' lang='lat' dir='ltr'><strong>umbilicum</strong></span> <span class='ocrx_word' id='word_1_760' title='bbox 2074 5758 2134 5792; x_wconf 87' lang='lat' dir='ltr'><strong>ac</strong></span> <span class='ocrx_word' id='word_1_761' title='bbox 2170 5757 2315 5814; x_wconf 86' lang='lat' dir='ltr'><strong>_cen-</strong></span> 
     </span>
    </p>
   </div>
   <div class='ocr_carea' id='block_1_106' title="bbox 771 5811 2316 5889">
    <p class='ocr_par' dir='ltr' id='par_1_106' title="bbox 771 5811 2316 5889">
     <span class='ocr_line' id='line_1_106' title="bbox 771 5811 2316 5889; baseline -0.01 -13"><span class='ocrx_word' id='word_1_762' title='bbox 771 5811 934 5889; x_wconf 80' lang='lat' dir='ltr'><strong>trum,</strong></span> <span class='ocrx_word' id='word_1_763' title='bbox 967 5812 1022 5875; x_wconf 79' lang='lat' dir='ltr'><strong>ui</strong></span> <span class='ocrx_word' id='word_1_764' title='bbox 1061 5825 1361 5889; x_wconf 79' lang='lat' dir='ltr'><strong>antiquitus</strong></span> <span class='ocrx_word' id='word_1_765' title='bbox 1387 5819 1554 5872; x_wconf 64' lang='lat' dir='ltr'><strong>Graeci</strong></span> <span class='ocrx_word' id='word_1_766' title='bbox 1589 5817 1840 5885; x_wconf 81' lang='lat' dir='ltr'><strong>Delphos,</strong></span> <span class='ocrx_word' id='word_1_767' title='bbox 1879 5824 1934 5867; x_wconf 91' lang='lat' dir='ltr'><strong>ut</strong></span> <span class='ocrx_word' id='word_1_768' title='bbox 1969 5813 2134 5867; x_wconf 70' lang='lat' dir='ltr'><strong>.ludue:</strong></span> <span class='ocrx_word' id='word_1_769' title='bbox 2162 5811 2316 5864; x_wconf 73' lang='lat' dir='ltr'><strong>Jeru-</strong></span> 
     </span>
    </p>
   </div>
   <div class='ocr_carea' id='block_1_107' title="bbox 2435 4607 4010 4688">
    <p class='ocr_par' dir='ltr' id='par_1_107' title="bbox 2435 4607 4010 4688">
     <span class='ocr_line' id='line_1_107' title="bbox 2435 4607 4010 4688; baseline 0.008 -29"><span class='ocrx_word' id='word_1_770' title='bbox 2435 4609 2586 4660; x_wconf 79' lang='grc' dir='ltr'>πόλιν</span> <span class='ocrx_word' id='word_1_771' title='bbox 2640 4611 2889 4674; x_wconf 81' lang='grc' dir='ltr'>καλοῦσι,</span> <span class='ocrx_word' id='word_1_772' title='bbox 2978 4614 3185 4682; x_wconf 83' lang='grc' dir='ltr'>τολμᾷν</span> <span class='ocrx_word' id='word_1_773' title='bbox 3253 4615 3478 4668; x_wconf 80' lang='grc' dir='ltr'>καλέσαι</span> <span class='ocrx_word' id='word_1_774' title='bbox 3541 4607 4010 4688; x_wconf 77' lang='grc' dir='ltr'>κα“ι’ἀερόπολιν.</span> 
     </span>
    </p>
   </div>
   <div class='ocr_carea' id='block_1_108' title="bbox 2445 4700 4016 4778">
    <p class='ocr_par' dir='ltr' id='par_1_108' title="bbox 2445 4700 4016 4778">
     <span class='ocr_line' id='line_1_108' title="bbox 2445 4700 4016 4778; baseline 0.008 -27"><span class='ocrx_word' id='word_1_775' title='bbox 2445 4700 2576 4767; x_wconf 80' lang='grc' dir='ltr'><strong>Ἀὴρ</strong></span> <span class='ocrx_word' id='word_1_776' title='bbox 2607 4701 2662 4752; x_wconf 75' lang='grc' dir='ltr'><strong>δὲ</strong></span> <span class='ocrx_word' id='word_1_777' title='bbox 2689 4700 2912 4770; x_wconf 56' lang='lat' dir='ltr'><strong>horago</strong></span> <span class='ocrx_word' id='word_1_778' title='bbox 2964 4704 3104 4772; x_wconf 81' lang='grc' dir='ltr'>ὑπὲρ</span> <span class='ocrx_word' id='word_1_779' title='bbox 3162 4705 3425 4774; x_wconf 77' lang='grc' dir='ltr'>κεφαλῆς,</span> <span class='ocrx_word' id='word_1_780' title='bbox 3485 4708 3866 4778; x_wconf 72' lang='grc' dir='ltr'>καθαρώτατος</span> <span class='ocrx_word' id='word_1_781' title='bbox 3922 4711 4016 4763; x_wconf 80' lang='grc' dir='ltr'>ὣν</span> 
     </span>
    </p>
   </div>
   <div class='ocr_carea' id='block_1_109' title="bbox 2435 4792 4011 4869">
    <p class='ocr_par' dir='ltr' id='par_1_109' title="bbox 2435 4792 4011 4869">
     <span class='ocr_line' id='line_1_109' title="bbox 2435 4792 4011 4869; baseline 0.008 -27"><span class='ocrx_word' id='word_1_782' title='bbox 2435 4795 2527 4867; x_wconf 53' lang='lat' dir='ltr'><strong>tta;</strong></span> <span class='ocrx_word' id='word_1_783' title='bbox 2551 4792 2808 4860; x_wconf 77' lang='grc' dir='ltr'>ἡδύτατος</span> <span class='ocrx_word' id='word_1_784' title='bbox 2834 4796 3192 4859; x_wconf 75' lang='grc' dir='ltr'>ἀναπνεῦσαι,</span> <span class='ocrx_word' id='word_1_785' title='bbox 3227 4797 3307 4848; x_wconf 78' lang='grc' dir='ltr'>ἔτι</span> <span class='ocrx_word' id='word_1_786' title='bbox 3337 4805 3432 4848; x_wconf 80' lang='grc' dir='ltr'>καὶ</span> <span class='ocrx_word' id='word_1_787' title='bbox 3460 4800 3828 4866; x_wconf 77' lang='grc' dir='ltr'>ὑγιεινότατός</span> <span class='ocrx_word' id='word_1_788' title='bbox 3853 4805 4011 4869; x_wconf 72' lang='grc' dir='ltr'>ἐστι,</span> 
     </span>
    </p>
   </div>
   <div class='ocr_carea' id='block_1_110' title="bbox 2435 4885 4016 4962">
    <p class='ocr_par' dir='ltr' id='par_1_110' title="bbox 2435 4885 4016 4962">
     <span class='ocr_line' id='line_1_110' title="bbox 2435 4885 4016 4962; baseline 0.006 -28"><span class='ocrx_word' id='word_1_789' title='bbox 2435 4885 2702 4950; x_wconf 83' lang='grc' dir='ltr'>χειμῶνος</span> <span class='ocrx_word' id='word_1_790' title='bbox 2733 4886 2831 4952; x_wconf 80' lang='grc' dir='ltr'><strong>μὲν</strong></span> <span class='ocrx_word' id='word_1_791' title='bbox 2862 4887 2960 4938; x_wconf 75' lang='grc' dir='ltr'><strong>οὐκ</strong></span> <span class='ocrx_word' id='word_1_792' title='bbox 3022 4889 3210 4957; x_wconf 76' lang='grc' dir='ltr'>ἀγριος</span> <span class='ocrx_word' id='word_1_793' title='bbox 3240 4888 3314 4939; x_wconf 80' lang='grc' dir='ltr'><strong>ὢν</strong></span> <span class='ocrx_word' id='word_1_794' title='bbox 3349 4891 3468 4942; x_wconf 68' lang='grc' dir='ltr'>οὐδὲ</span> <span class='ocrx_word' id='word_1_795' title='bbox 3516 4891 3710 4960; x_wconf 72' lang='grc' dir='ltr'>δριμὺς</span> <span class='ocrx_word' id='word_1_796' title='bbox 3745 4896 3800 4953; x_wconf 83' lang='grc' dir='ltr'>ἐς</span> <span class='ocrx_word' id='word_1_797' title='bbox 3828 4895 4016 4962; x_wconf 77' lang='grc' dir='ltr'>ὑπερ-</span> 
     </span>
    </p>
   </div>
   <div class='ocr_carea' id='block_1_111' title="bbox 2436 4976 4015 5054">
    <p class='ocr_par' dir='ltr' id='par_1_111' title="bbox 2436 4976 4015 5054">
     <span class='ocr_line' id='line_1_111' title="bbox 2436 4976 4015 5054; baseline 0.006 -26"><span class='ocrx_word' id='word_1_798' title='bbox 2436 4976 2617 5046; x_wconf 75' lang='grc' dir='ltr'>ϐολὴν,</span> <span class='ocrx_word' id='word_1_799' title='bbox 2653 4978 2766 5029; x_wconf 80' lang='grc' dir='ltr'>ἀλλ’</span> <span class='ocrx_word' id='word_1_800' title='bbox 2798 4979 3001 5039; x_wconf 77' lang='grc' dir='ltr'>ἄλυπος</span> <span class='ocrx_word' id='word_1_801' title='bbox 3031 4983 3124 5030; x_wconf 78' lang='grc' dir='ltr'>καὶ</span> <span class='ocrx_word' id='word_1_802' title='bbox 3155 4984 3430 5051; x_wconf 74' lang='grc' dir='ltr'>προσηνὴς</span> <span class='ocrx_word' id='word_1_803' title='bbox 3465 4990 3554 5034; x_wconf 65' lang='grc' dir='ltr'>καὶ</span> <span class='ocrx_word' id='word_1_804' title='bbox 3586 4989 3695 5047; x_wconf 84' lang='grc' dir='ltr'>τοῖς</span> <span class='ocrx_word' id='word_1_805' title='bbox 3745 4985 4015 5054; x_wconf 76' lang='grc' dir='ltr'>σώμασιν</span> 
     </span>
    </p>
   </div>
   <div class='ocr_carea' id='block_1_112' title="bbox 2437 5063 4017 5143">
    <p class='ocr_par' dir='ltr' id='par_1_112' title="bbox 2437 5063 4017 5143">
     <span class='ocr_line' id='line_1_112' title="bbox 2437 5063 4017 5143; baseline 0.009 -27"><span class='ocrx_word' id='word_1_806' title='bbox 2437 5063 2676 5132; x_wconf 75' lang='grc' dir='ltr'>ἀνεκτὸς,</span> <span class='ocrx_word' id='word_1_807' title='bbox 2701 5069 2888 5138; x_wconf 75' lang='grc' dir='ltr'>θέρους</span> <span class='ocrx_word' id='word_1_808' title='bbox 2920 5071 2974 5120; x_wconf 83' lang='grc' dir='ltr'><strong>δὲ</strong></span> <span class='ocrx_word' id='word_1_809' title='bbox 3006 5071 3064 5120; x_wconf 73' lang='grc' dir='ltr'>οὐ</span> <span class='ocrx_word' id='word_1_810' title='bbox 3098 5072 3379 5141; x_wconf 69' lang='grc' dir='ltr'>καυσώδης</span> <span class='ocrx_word' id='word_1_811' title='bbox 3413 5077 3503 5127; x_wconf 78' lang='grc' dir='ltr'><strong>καὶ</strong></span> <span class='ocrx_word' id='word_1_812' title='bbox 3535 5077 3827 5143; x_wconf 82' lang='grc' dir='ltr'>πνιγώδης.</span> <span class='ocrx_word' id='word_1_813' title='bbox 3855 5080 4017 5134; x_wconf 71' lang='grc' dir='ltr'>ἀλλᾶ</span> 
     </span>
    </p>
   </div>
   <div class='ocr_carea' id='block_1_113' title="bbox 2435 5161 4015 5234">
    <p class='ocr_par' dir='ltr' id='par_1_113' title="bbox 2435 5161 4015 5234">
     <span class='ocr_line' id='line_1_113' title="bbox 2435 5161 4015 5234; baseline 0.007 -25"><span class='ocrx_word' id='word_1_814' title='bbox 2435 5176 2540 5214; x_wconf 83' lang='grc' dir='ltr'>τινι</span> <span class='ocrx_word' id='word_1_815' title='bbox 2567 5161 3076 5230; x_wconf 69' lang='grc' dir='ltr'>σόγκρατος¹ῲὺχει,</span> <span class='ocrx_word' id='word_1_816' title='bbox 3112 5162 3344 5232; x_wconf 84' lang='grc' dir='ltr'>βορείοις</span> <span class='ocrx_word' id='word_1_817' title='bbox 3377 5166 3648 5233; x_wconf 81' lang='grc' dir='ltr'>πνεύμασι</span> <span class='ocrx_word' id='word_1_818' title='bbox 3671 5169 3762 5218; x_wconf 72' lang='grc' dir='ltr'><strong>καὶ</strong></span> <span class='ocrx_word' id='word_1_819' title='bbox 3791 5168 3962 5234; x_wconf 72' lang='grc' dir='ltr'>αὖραι</span> <span class='ocrx_word' id='word_1_820' title='bbox 3982 5191 4015 5233; x_wconf 78' lang='grc' dir='ltr'><strong>ς</strong></span> 
     </span>
    </p>
   </div>
   <div class='ocr_carea' id='block_1_114' title="bbox 2436 5254 4018 5325">
    <p class='ocr_par' dir='ltr' id='par_1_114' title="bbox 2436 5254 4018 5325">
     <span class='ocr_line' id='line_1_114' title="bbox 2436 5254 4018 5325; baseline 0.006 -21"><span class='ocrx_word' id='word_1_821' title='bbox 2436 5254 2671 5323; x_wconf 79' lang='grc' dir='ltr'>ζεφύρου</span> <span class='ocrx_word' id='word_1_822' title='bbox 2709 5254 2812 5305; x_wconf 82' lang='grc' dir='ltr'><strong>ὑπὸ</strong></span> <span class='ocrx_word' id='word_1_823' title='bbox 2845 5254 2943 5318; x_wconf 69' lang='grc' dir='ltr'>τῆς</span> <span class='ocrx_word' id='word_1_824' title='bbox 2998 5255 3104 5304; x_wconf 82' lang='grc' dir='ltr'>τῶν</span> <span class='ocrx_word' id='word_1_825' title='bbox 3153 5256 3386 5306; x_wconf 86' lang='grc' dir='ltr'>ἀκτίνων</span> <span class='ocrx_word' id='word_1_826' title='bbox 3441 5258 3621 5324; x_wconf 74' lang='grc' dir='ltr'>ἀκμῆς</span> <span class='ocrx_word' id='word_1_827' title='bbox 3675 5261 4018 5325; x_wconf 69' lang='grc' dir='ltr'>κρατεῖσθαι</span> 
     </span>
    </p>
   </div>
   <div class='ocr_carea' id='block_1_115' title="bbox 2436 5343 4018 5416">
    <p class='ocr_par' dir='ltr' id='par_1_115' title="bbox 2436 5343 4018 5416">
     <span class='ocr_line' id='line_1_115' title="bbox 2436 5343 4018 5416; baseline 0.004 -20"><span class='ocrx_word' id='word_1_828' title='bbox 2436 5345 2687 5409; x_wconf 82' lang='grc' dir='ltr'>καθάπαξ</span> <span class='ocrx_word' id='word_1_829' title='bbox 2713 5345 2786 5412; x_wconf 77' lang='grc' dir='ltr'>μὴ</span> <span class='ocrx_word' id='word_1_830' title='bbox 2815 5343 3278 5412; x_wconf 82' lang='grc' dir='ltr'>συγχωρούμενος·</span> <span class='ocrx_word' id='word_1_831' title='bbox 3307 5345 3413 5396; x_wconf 82' lang='grc' dir='ltr'>τῶν</span> <span class='ocrx_word' id='word_1_832' title='bbox 3443 5347 3487 5398; x_wconf 79' lang='grc' dir='ltr'><strong>δ’</strong></span> <span class='ocrx_word' id='word_1_833' title='bbox 3513 5347 3687 5398; x_wconf 76' lang='grc' dir='ltr'>ἄλλων</span> <span class='ocrx_word' id='word_1_834' title='bbox 3713 5349 3869 5416; x_wconf 72' lang='grc' dir='ltr'>ὡρῶν</span> <span class='ocrx_word' id='word_1_835' title='bbox 3899 5369 4018 5402; x_wconf 76' lang='grc' dir='ltr'>πε-</span> 
     </span>
    </p>
   </div>
   <div class='ocr_carea' id='block_1_116' title="bbox 2438 5434 4013 5504">
    <p class='ocr_par' dir='ltr' id='par_1_116' title="bbox 2438 5434 4013 5504">
     <span class='ocr_line' id='line_1_116' title="bbox 2438 5434 4013 5504; baseline 0.001 -18"><span class='ocrx_word' id='word_1_836' title='bbox 2438 5438 2613 5503; x_wconf 58' lang='grc' dir='ltr'>ριττὸν</span> <span class='ocrx_word' id='word_1_837' title='bbox 2639 5437 2730 5486; x_wconf 75' lang='grc' dir='ltr'>καὶ</span> <span class='ocrx_word' id='word_1_838' title='bbox 2758 5434 3060 5501; x_wconf 63' lang='grc' dir='ltr'>μνησθῆναι</span> <span class='ocrx_word' id='word_1_839' title='bbox 3123 5434 3196 5495; x_wconf 82' lang='grc' dir='ltr'>ὼς</span> <span class='ocrx_word' id='word_1_840' title='bbox 3233 5437 3549 5503; x_wconf 80' lang='grc' dir='ltr'>κέκρανται,</span> <span class='ocrx_word' id='word_1_841' title='bbox 3578 5437 3764 5488; x_wconf 70' lang='grc' dir='ltr'>τουτον</span> <span class='ocrx_word' id='word_1_842' title='bbox 3803 5443 4013 5504; x_wconf 57' lang='grc' dir='ltr'>σαφῶς</span> 
     </span>
    </p>
   </div>
   <div class='ocr_carea' id='block_1_117' title="bbox 2437 5526 4021 5595">
    <p class='ocr_par' dir='ltr' id='par_1_117' title="bbox 2437 5526 4021 5595">
     <span class='ocr_line' id='line_1_117' title="bbox 2437 5526 4021 5595; baseline 0.001 -16"><span class='ocrx_word' id='word_1_843' title='bbox 2437 5545 2497 5579; x_wconf 84' lang='grc' dir='ltr'><strong>εκ</strong></span> <span class='ocrx_word' id='word_1_844' title='bbox 2566 5529 2670 5577; x_wconf 75' lang='grc' dir='ltr'>τῶν</span> <span class='ocrx_word' id='word_1_845' title='bbox 2729 5527 2910 5594; x_wconf 83' lang='grc' dir='ltr'>ἄκρων</span> <span class='ocrx_word' id='word_1_846' title='bbox 2964 5526 3383 5593; x_wconf 73' lang='grc' dir='ltr'>γινωσκομένου.</span> <span class='ocrx_word' id='word_1_847' title='bbox 3448 5527 3554 5577; x_wconf 73' lang='grc' dir='ltr'>Καὶ</span> <span class='ocrx_word' id='word_1_848' title='bbox 3607 5531 3711 5595; x_wconf 75' lang='grc' dir='ltr'>μὴν</span> <span class='ocrx_word' id='word_1_849' title='bbox 3761 5529 4021 5595; x_wconf 66' lang='grc' dir='ltr'>μέγεθος</span> 
     </span>
    </p>
   </div>
   <div class='ocr_carea' id='block_1_118' title="bbox 2432 5731 4016 5801">
    <p class='ocr_par' dir='ltr' id='par_1_118' title="bbox 2432 5731 4016 5801">
     <span class='ocr_line' id='line_1_118' title="bbox 2432 5731 4016 5801; baseline -0.002 -13"><span class='ocrx_word' id='word_1_850' title='bbox 2432 5737 2617 5788; x_wconf 75' lang='lat' dir='ltr'><strong>salem.</strong></span> <span class='ocrx_word' id='word_1_851' title='bbox 2670 5735 2796 5787; x_wconf 68' lang='lat' dir='ltr'><strong>Vide</strong></span> <span class='ocrx_word' id='word_1_852' title='bbox 2825 5751 2944 5801; x_wconf 76' lang='lat' dir='ltr'><strong>quae</strong></span> <span class='ocrx_word' id='word_1_853' title='bbox 2983 5736 3163 5787; x_wconf 80' lang='lat' dir='ltr'><strong>notavi</strong></span> <span class='ocrx_word' id='word_1_854' title='bbox 3206 5735 3268 5787; x_wconf 89' lang='lat' dir='ltr'><strong>ad</strong></span> <span class='ocrx_word' id='word_1_855' title='bbox 3331 5733 3632 5787; x_wconf 68' lang='lat' dir='ltr'><strong>Planudeas</strong></span> <span class='ocrx_word' id='word_1_856' title='bbox 3678 5731 4016 5785; x_wconf 72' lang='lat' dir='ltr'><strong>O-&#39;iJ:i.\1e—</strong></span> 
     </span>
    </p>
   </div>
   <div class='ocr_carea' id='block_1_119' title="bbox 2426 5807 3026 5874">
    <p class='ocr_par' dir='ltr' id='par_1_119' title="bbox 2426 5807 3026 5874">
     <span class='ocr_line' id='line_1_119' title="bbox 2426 5807 3026 5874; baseline -0.003 -17"><span class='ocrx_word' id='word_1_857' title='bbox 2426 5818 2579 5869; x_wconf 77' lang='lat' dir='ltr'><strong>tunt.,</strong></span> <span class='ocrx_word' id='word_1_858' title='bbox 2611 5823 2662 5874; x_wconf 92' lang='lat' dir='ltr'><strong>p.</strong></span> <span class='ocrx_word' id='word_1_859' title='bbox 2696 5807 2797 5858; x_wconf 72' lang='grc'><strong>450</strong></span> <span class='ocrx_word' id='word_1_860' title='bbox 2826 5816 2877 5856; x_wconf 87' lang='lat' dir='ltr'><strong>et</strong></span> <span class='ocrx_word' id='word_1_861' title='bbox 2906 5809 3026 5856; x_wconf 58' lang='grc' dir='ltr'><strong>(υἱέι).</strong></span> 
     </span>
    </p>
   </div>
  </div>
