4200 6440
765 380 874 441 439

1681 394 2004 460 GEORGII
2040 402 2294 465 CYPRII
2333 409 2441 468 (ΣΡ.
2491 414 3002 480 PATllIARCllrE

3891 426 3999 487 440

763 493 1041 549 coincidat
1086 504 1141 548 ut
1187 505 1242 550 et
1273 500 1525 554 animalia
1562 513 1615 555 et
1663 510 1892 563 omnino
1918 513 2152 566 animata
2191 516 2322 576 sint,
2359 525 2385 576 Α

2427 523 2563 585 ὅλως
2595 525 2807 594 ἔμψυχα
2837 529 2935 595 τὴν
2963 529 3238 597 ὑγρότητα
3272 530 3634 585 ἀποϐαλόντα.
3685 531 3844 586 ’Δλὶὰ
3886 535 3998 603 μὴν

762 585 805 638 si
846 585 1175 642 humiditate
1227 588 1438 645 carent.
1492 593 1597 649 Sed
1650 608 1848 664 praeter
1903 612 2096 656 caetera
2147 607 2313 659 maris

763 683 1017 743 tanquam
1052 679 1288 735 masitne
1339 686 1618 750 proprittm
1656 688 1842 743 foetum
1894 692 2017 746 dico
2062 710 2183 749 esse
2232 697 2314 764 pio

758 767 930 820 scium
962 777 1017 822 et
1051 772 1364 827 natatilium
1403 779 1592 831 omnia.
1617 796 1847 848 genera;
1888 786 2034 852 quod
2080 803 2187 855 qua
2229 804 2314 842 ra-

760 859 908 910 tione
944 860 1051 913 etsi
1101 861 1264 930 digne
1308 867 1431 931 quis
1483 869 1809 943 admiretur.
1843 875 2149 944 intelligat?
2181 879 2314 933 Nam

757 951 901 1014 quod
931 950 996 1004 ad
1031 954 1135 1007 alia
1165 958 1359 1038 attinet
1385 959 1636 1015 animalia
1677 976 2042 1036 praeterquam
2071 971 2217 1038 quod
2247 970 2314 1023 de

756 1041 984 1096 humido
1018 1036 1367 1113 participem,
1406 1062 1488 1104 est
1513 1054 1692 1122 aliqua
1714 1058 1852 1110 ratio
1881 1073 1981 1112 cur
2010 1070 2066 1114 et
2089 1036 2161 1116 de
2196 1063 2314 1117 aliis

755 1132 1041 1188 elementis
1075 1139 1403 1206 participent
1431 1160 1443 1194 :
1482 1143 1658 1210 pisces
1686 1159 1866 1202 autem
1899 1166 2034 1219 pure
2064 1169 2128 1206 es
2158 1154 2313 1222 aquis

756 1233 904 1278 sunt.
938 1224 988 1276 in
1026 1222 1092 1277 iis
1123 1227 1359 1293 primum
1405 1245 1741 1297 generantur
1778 1247 1835 1290 et
1869 1252 2126 1294 crescunt
2158 1253 2213 1294 et
2245 1245 2309 1296 ad

757 1314 916 1365 linem
944 1331 1124 1384 usque
1158 1321 1502 1384 nutriuntur,
1551 1325 1753 1392 ingenti
1787 1331 2010 1398 quidem
2058 1335 2311 1387 multitu-

753 1403 918 1455 dine:
955 1406 1094 1459 adeo
1136 1418 1192 1461 ut
1226 1411 1269 1463 si
1314 1427 1503 1466 eorum
1541 1432 1801 1470 numerus
1842 1422 2100 1475 animalia
2131 1434 2310 1479 terre-

753 1496 884 1547 stria
941 1513 1048 1549 non
1103 1502 1348 1563 excedat,
1414 1507 1680 1561 minorem
1733 1521 1916 1565 tamen
1971 1529 2092 1568 esse
2149 1533 2310 1571 nemo

753 1588 942 1654 utique
974 1590 1198 1652 dixerit,
1232 1603 1288 1645 et
1322 1595 1550 1650 minime
1581 1598 1626 1650 is
1651 1601 1743 1668 qui
1778 1604 1910 1657 satis
1958 1608 2167 1672 peritus
2200 1617 2306 1663 est.

751 1677 819 1730 Ut
848 1679 1138 1744 plurimum
1173 1684 1394 1751 insuper
1427 1689 1605 1754 pisces
1633 1689 1917 1756 hominum
1947 1699 2134 1764 generi
2171 1709 2307 1754 cort-

750 1767 961 1821 tlucunt
990 1772 1190 1838 quibus
1217 1784 1271 1827 et
1305 1777 1703 1835 nutrimentum
1734 1793 1862 1838 sunt
1890 1795 1945 1838 et
1990 1787 2144 1840 valde
2178 1791 2304 1858 qui-

750 1857 874 1910 dem
910 1874 1210 1929 congruum
1243 1871 1355 1918 tum
1389 1871 1713 1936 corporibus
1754 1873 1906 1940 ipsis,
1941 1890 2053 1929 tum
2087 1896 2154 1933 ns
2186 1849 2310 1948 qui-
2343 1849 2385 1908 Β

751 1949 856 2001 bus
882 1964 1108 2005 necesse
1139 1964 1226 2008 est
1270 1956 1338 2026 ab
1380 1957 1532 2012 hisce
1578 1976 1637 2016 se
1683 1973 1956 2020 saturare.
1991 1968 2146 2032 Quod
2189 1985 2308 2024 ser-

749 2055 908 2094 mone
942 2045 1250 2112 exprimere
1272 2049 1374 2102 etsi
1397 2050 1584 2106 minus
1610 2054 1792 2120 liceat,
1827 2058 1938 2110 sola
1970 2063 2307 2128 experientia

746 2133 928 2191 docet.
1019 2137 1031 2146 ’

819 2227 931 2283 Nec
961 2244 1093 2285 sane
1125 2240 1337 2314 tantum
1373 2215 1598 2304 propter
1638 2253 1701 2292 ea
1735 2255 1855 2308 qua-
1889 2241 2037 2297 dicta
2065 2253 2190 2299 sunt
2219 2261 2310 2314 ap-

746 2329 904 2387 paret
934 2322 1138 2379 utilitas
1166 2308 1320 2393 aqua
1350 2337 1405 2380 et
1439 2330 1627 2393 maris,
1658 2333 1879 2399 expedit
1918 2337 2063 2390 enim
2095 2308 2309 2393 utrum-

743 2427 852 2481 que
890 2413 1156 2470 allirmare
1189 2411 1313 2487 (nec
1353 2421 1514 2473 aliter
1563 2424 1789 2490 sentio),
1837 2427 2061 2482 minime
2109 2430 2303 2486 horum

746 2514 956 2558 tantum
998 2508 1168 2574 gratia
1207 2525 1355 2565 mare
1383 2512 1752 2568 admiratione
1777 2516 2003 2583 dignum
2037 2535 2181 2586 esse,
2208 2527 2305 2578 sed

743 2606 798 2650 et
829 2608 1110 2666 propterea
1142 2601 1287 2669 quod
1318 2619 1416 2657 nos
1443 2605 1545 2672 ipsi
1591 2606 1681 2658 illo
1711 2608 1792 2661 usi
1826 2609 1997 2664 simus
2028 2627 2150 2665 cum
2183 2615 2305 2669 vita:

742 2701 943 2741 nostra:
966 2690 1222 2746 utilitate.
1248 2694 1612 2748 Praetermitto
1637 2698 1799 2752 etiam
1827 2700 2011 2756 dicere
2029 2707 2304 2770 quomodo

739 2792 879 2844 aqtta
898 2779 1225 2834 animalibus
1249 2783 1457 2838 reﬁciat
1479 2801 1708 2855 corpora
1729 2799 1782 2842 et
1809 2789 1936 2845 dum
1964 2807 2083 2845 eam
2112 2795 2304 2851 bilnmt

740 2878 794 2920 ct
825 2868 953 2921 dum
981 2886 1043 2922 ea
1069 2873 1400 2938 abluuntur;
1431 2883 1486 2928 et
1509 2878 1784 2944 quomodo
1815 2880 1968 2947 panis
1993 2881 2077 2934 illa
2109 2884 2304 2936 misee-

741 2971 831 3014 tur
854 2974 907 3015 et
939 2964 1217 3030 quomodo
1244 2979 1381 3032 pene
1413 2981 1521 3019 non
1565 2970 1638 3021 sit
1670 2970 1824 3023 cibus
1867 2972 1972 3024 nisi
2012 2989 2134 3026 cum
2163 2989 2300 3042 aqua

739 3064 998 3120 cogatur;
1028 3055 1254 3122 etquod
1286 3056 1427 3117 sales
1467 3073 1574 3110 non
1615 3059 1836 3113 aliunde
1881 3061 2163 3125 habemus,
2193 3065 2297 3116 nisi

2418 615 2519 679 τήν
2570 634 2632 681 γε
2688 619 2837 687 παρά
2889 621 3054 673 τᾶλλα
3105 620 3348 692 θαλάσσῃ
3406 625 3746 693 οἰκειοτάτην
3797 630 3994 696 φοραν,

2419 705 2486 756 τὰ
2514 707 2622 757 τῶν
2674 709 2872 776 ίχθύων
2906 711 3051 778 λέγω
3082 715 3175 764 καὶ
3227 715 3443 782 νηκτῶν
3475 715 3650 768 πάντα
3683 719 3835 784 γένη,
3871 718 3992 777 πώς

2417 795 2483 847 ἄν
2507 814 2585 859 τις
2619 800 2720 851 κᾶν
2748 799 2910 863 ἀξίως
2939 802 3209 868 θαυμάτοι
3240 806 3539 870 περινοῶνς
3568 805 3647 858 Τὰ
3683 806 3782 875 μὲν
3805 807 3994 858 τοίνυν

2417 886 2550 938 ἄλλα
2577 889 2686 940 τῶν
2712 889 2888 953 ζώων,
2927 893 3062 962 πρὸς
3098 893 3174 962 τῷ
3211 895 3305 946 τοῦ
3332 896 3502 964 ὑγροῦ
3540 898 3810 965 μετέχειν,
3840 898 3993 949 ἔστιν

2417 969 2478 1027 οὗ
2503 979 2723 1030 καὶτῶν
2746 981 2922 1058 ἄλλων
2951 984 3185 1051 πρώτων
3223 987 3493 1052 σωμάτων
3526 987 3766 1055 μετέχει·
3806 989 3991 1054 ἰχθύες

2415 1066 2472 1118 at
2507 1068 2762 1137 καθαρῶς
2805 1076 2867 1125 ὲκ
2928 1074 3224 1144 θαλάσσης,
3259 1079 3316 1129 ἐν
3348 1077 3484 1146 αὐτῇ
3525 1079 3624 1147 τὴν
3676 1080 3849 1149 ἀρχὴν
3893 1081 3990 1130 καὶ

2415 1159 2742 1228 γεννώμενοι
2801 1165 2891 1216 καὶ
2940 1166 3249 1234 αὐξόμενοι,
3281 1169 3375 1221 καὶ
3429 1170 3516 1222 διὰ
3562 1171 3753 1233 τέλους
3788 1172 3991 1238 1:92:95-

2420 1263 2587 1314 μενοι,
2629 1250 2807 1303 πολλοὶ
2841 1254 2940 1322 μὲν
2977 1256 3036 1306 τὸ
3069 1257 3308 1325 πλῆθος·
3341 1259 3415 1320 ὼς
3441 1261 3488 1310 εί
3524 1261 3618 1311 καὶ
3653 1263 3720 1311 τὰ
3753 1265 3989 1330 χερσαῖα

2418 1339 2490 1405 μὴ
2525 1340 2850 1406 ὑπερϐάλλει
2893 1345 2952 1394 τὸ
2998 1346 3121 1398 κατ’
3167 1349 3391 1411 αὐτοὺς,
3429 1350 3787 1404 ἐλαττοῦσθαι
3843 1353 3988 1418 πλὴν

2413 1428 2583 1493 οὐδεὶς
2643 1434 2792 1499 ἐρεῖ,
2847 1434 3042 1488 οὐκοῦν
3094 1439 3121 1488 ὅ
3171 1441 3220 1504 γ’
3278 1441 3540 1502 επιεικῶς
3597 1443 3986 1509 ἐπιστάμευος.

2413 1524 2639 1576 πλεῖστα
2671 1526 2728 1578 δὲ
2759 1529 2850 1579 καὶ
2884 1527 2961 1596 τῷ
2992 1528 3103 1580 τῶν
3150 1531 3461 1599 ἀνθρώπων
3492 1535 3756 1601 χρήσιμοι
3809 1535 3984 1598 γένει,

2412 1611 2493 1678 οἷς
2536 1634 2594 1668 τε
2635 1620 2806 1687 τροφὴ
2855 1619 3121 1688 γίγνεται,
3181 1625 3276 1675 καὶ
3321 1625 3467 1690 μάλα
3517 1625 3817 1695 κατάδηλος
3869 1631 3987 1687 τοῖς

2415 1704 2658 1772 σώμασιν
2714 1709 2964 1761 ἐντεῦθεν
3015 1712 3222 1778 αὐτοῖς,
3258 1712 3350 1763 καὶ
3397 1709 3479 1765 οἷς
3541 1711 3608 1765 αὖ
3669 1712 3768 1781 τὴν
3815 1715 3990 1782 ἄλλην

2413 1799 2602 1874 χρείαν
2654 1800 2801 1850 εστιν
2867 1803 2929 1852 ὲκ
2991 1801 3200 1852 τούτων
3261 1802 3642 1870 ἀποπληροῦν,
3710 1805 3776 1871 ἢν
3835 1805 3986 1874 λόγῳ

2415 1869 2517 1951 μὲν
2549 1891 2722 1941 εἰπεῖν
2770 1892 2869 1944 οὐκ
2919 1891 2985 1946 ἂν
3016 1888 3126 1945 οἷον
3166 1893 3213 1946 τ’
3246 1896 3354 1964 εἴη,
3391 1897 3553 1964 πεῖρα
3591 1895 3646 1947 δὲ
3703 1897 3863 1949 μόνον
3902 1898 3989 1950 δι-

2413 1977 2699 2041 δασκαλος.

2480 2241 2552 2292 Οὐ
2578 2241 2641 2309 δὴ
2678 2245 2841 2302 μόνον
2886 2244 2993 2296 τῶν
3025 2248 3330 2313 εἰρημένων
3360 2249 3521 2318 χάριν
3549 2251 3613 2303 τὸ
3654 2250 3750 2304 τοῦ
3782 2252 3980 2314 ὕδατος

2409 2334 2597 2400 χρῆμα
2651 2332 2683 2401 ἢ
2734 2335 2794 2384 τὸ
2845 2335 2942 2402 τῆς
2996 2337 3293 2407 θαλάσσης.
3353 2338 3530 2403 ἔξεστι
3589 2344 3699 2414 γὰρ
3750 2345 3982 2398 ἀκούειν

2409 2423 2689 2492 ἑκάτερον,
2715 2427 2776 2477 οὐ
2822 2427 3170 2497 διαφέρομαι,
3200 2431 3322 2499 οὐχὶ
3373 2432 3582 2487 τούτων
3614 2435 3777 2493 ἕνεκα
3814 2437 3982 2505 μόνον

2409 2513 2684 2581 θαύματος
2738 2518 2907 2581 ἄξιον,
2959 2520 3096 2573 ἀλλὰ
3151 2523 3244 2574 καὶ
3291 2517 3366 2576 ὧν
3430 2527 3594 2593 ἡμεῖς
3646 2529 3980 2596 κεχρήμεθα

2407 2607 2556 2676 αὐτῷ
2609 2612 2993 2679 συμφερόντως
3031 2613 3108 2682 τῷ
3143 2614 3262 2684 βίῳ.
3294 2618 3400 2670 Καὶ
3431 2619 3637 2686 ἀφίημι
3684 2619 3863 2688 λέγειν
3893 2620 3976 2682 ὼς

2405 2699 2704 2752 ἀνακτὶται
2745 2703 2804 2754 τὸ
2848 2702 2990 2772 ὕδωρ
3035 2707 3147 2768 τοῖς
3188 2704 3348 2767 ζώοις
3395 2711 3464 2759 τὰ
3513 2708 3763 2776 σώματα.
3812 2708 3981 2761 τοῦτο

2408 2790 2506 2856 μὲν
2563 2791 2800 2852 πίνουσι,
2849 2792 3009 2846 τοῦτο
3061 2778 3118 2846 δὲ
3179 2797 3272 2848 καὶ
3331 2798 3686 2866 λουομένοιςο
3745 2802 3838 2853 καὶ
3892 2800 3980 2864 ὡς

2405 2880 2564 2946 ἄρτος
2601 2882 2791 2947 φύεται
2829 2881 3002 2944 ὕδατι,
3039 2886 3133 2936 καὶ
3168 2887 3243 2946 ὡς
3290 2888 3387 2939 οὐκ
3418 2889 3567 2940 ἔστιν
3597 2890 3748 2941 οὐδὲν
3784 2891 3979 2959 σχεδῦν

2403 2969 2480 3026 εἰς
2522 2969 2740 3036 βρῶσιν,
2786 2975 2812 3024 ὃ
2861 2991 2912 3024 τι
2966 2975 3040 3043 μὴ
3086 2976 3206 3042 μεθ’
3254 2977 3446 3041 ὓδατος
3479 2986 3833 3050 χρηματίσαι,
3873 2990 3979 3038 καὶ

2403 3060 2484 3111 ὅτι
2527 3062 2652 3121 τοὺς
2710 3063 2844 3124 ἃλας
2896 3066 2996 3118 οὐκ
3051 3066 3272 3119 ἄλλοθεν
3328 3071 3523 3138 ἔχομεν
3572 3075 3602 3142 ἢ
3667 3077 3730 3127 ἐκ
3776 3077 3979 3128 τούτου

737 3159 803 3196 ex
848 3144 945 3197 hac
992 3156 1300 3210 concretos,
1329 3157 1385 3200 et
1415 3149 1661 3216 insuper,
1701 3153 1981 3218 quomodo
2010 3155 2098 3206 illa
2140 3159 2294 3222 quasi
2326 3178 2368 3233 ρ

2405 3156 2854 3221 συνισταμένους,
2909 3158 3026 3224 μεθ’
3089 3153 3163 3211 ὧν
3212 3155 3324 3213 οἷον
3383 3165 3718 3235 ἔμψυκοῦτυ
3767 3170 3976 3236 τρθῖὴθ

741 3235 1014 3288 animetur
1049 3236 1204 3288 cibus
1242 3246 1297 3289 et
1333 3240 1618 3292 suavitatis
1652 3256 1817 3307 quam
1858 3243 2090 3297 maxime
2129 3248 2298 3310 parti-

737 3340 868 3394 cnps
903 3327 994 3378 ﬁat
1029 3339 1085 3380 et
1135 3328 1450 3382 hominibus
1483 3347 1704 3399 prorsus
1739 3343 1926 3400 gratus
1954 3337 2045 3398 sit,
2077 3348 2128 3387 et
2163 3354 2300 3404 pne-

738 3423 822 3467 ter
861 3416 1029 3482 dicta,
1076 3421 1222 3484 quod
1274 3420 1470 3474 sordes
1524 3432 1719 3491 purget
1763 3439 1902 3491 aqua
1961 3437 2012 3477 et
2061 3428 2301 3479 maculas

737 3509 885 3562 cluat
918 3518 974 3561 et
1017 3510 1428 3578 inquinamenta
1457 3525 1738 3568 removeat
1782 3524 1835 3597 et
1875 3518 2133 3582 fictores;
2186 3520 2299 3574 lucc

735 3601 880 3654 enim
920 3601 1366 3655 manifestissime
1400 3614 1528 3658 nota
1570 3617 1718 3661 sunt.
1755 3607 1820 3660 Et
1853 3623 1984 3663 sane
2024 3611 2127 3664 alia
2166 3623 2297 3666 sunt

735 3692 800 3744 ad
833 3707 952 3759 qme
993 3692 1151 3746 nobis
1198 3708 1333 3760 aqua
1382 3709 1520 3762 opus
1571 3705 1690 3759 est;
1745 3713 1870 3751 nam
1919 3715 2024 3768 qua
2087 3705 2295 3757 ratione

734 3783 934 3849 aliquis
965 3782 1116 3838 brevi
1163 3791 1408 3850 tempore
1441 3795 1664 3839 enarret
1699 3802 1762 3844 ea
1798 3790 2000 3857 quibus
2037 3792 2293 3848 universa

733 3877 842 3928 vita
885 3876 1121 3929 humana
1154 3892 1262 3929 non
1299 3877 1594 3942 sullieeret,
1634 3879 1679 3932 si
1720 3881 1987 3935 vellemus
2015 3885 2291 3952 sigillatim

733 3982 1009 4034 exponere
1030 3981 1372 4036 quaecunque
1402 3967 1721 4022 hominibus
1751 3985 1816 4022 ex
1840 3971 1974 4025 mari
2001 3975 2294 4027 accedunt?

733 4059 864 4118 Sed.
901 4059 980 4111 uti
1020 4073 1120 4126 par
1160 4070 1264 4120 est,
1311 4058 1565 4126 accipere
1615 4059 1882 4115 debemus
1925 4070 1980 4115 et
2034 4072 2290 4132 tanquam

731 4149 1029 4206 obscuram
1083 4133 1375 4215 quamdam
1439 4150 1918 4208 adumbratiouem
1978 4156 2291 4211 existimare

729 4256 1040 4294 sermonem
1078 4241 1229 4296 illum
1261 4241 1356 4310 qui
1375 4241 1448 4296 de
1474 4241 1558 4298 his
1582 4243 1915 4300 instituitur.
1945 4247 2010 4300 Et
2035 4248 2289 4317 quoniam

727 4331 898 4385 multa
940 4340 1068 4385 sunt
1116 4347 1238 4400 qua:
1286 4333 1353 4387 ad
1401 4332 1700 4388 humanam
1741 4337 1909 4391 vitam
1947 4340 2287 4400 conducunt,

727 4439 828 4480 nec
861 4423 1043 4476 omnis
1091 4437 1252 4478 terra
1302 4439 1430 4493 pars
1476 4427 1658 4479 omnia
1699 4426 1861 4492 ferat,
1896 4443 2076 4497 neque
2109 4431 2288 4484 omnis

2406 3244 2497 3294 καὶ
2548 3244 2738 3313 ἡδονῆς
2793 3247 2866 3308 ώς
2911 3249 3161 3301 πλεῖττον
3221 3255 3464 3324 μετέχει,
3511 3258 3607 3309 καὶ
3661 3258 3977 3328 ἀνθρώποις

2402 3332 2654 3397 καθάπαξ
2702 3337 2848 3388 ἐστὶν
2895 3340 3110 3407 αἱρετὴ,
3151 3346 3240 3394 καὶ
3291 3347 3428 3413 πρός
3468 3363 3530 3412 γε
3579 3352 3693 3410 τοῖς
3743 3353 3980 3419 εἰρημέ-

2400 3440 2530 3484 νοις,
2563 3425 2644 3476 ὃτι
2681 3429 2774 3477 καὶ
2807 3427 3010 3495 ῥύπους
3039 3432 3289 3502 καθαίρει
3323 3438 3382 3488 τὸ
3415 3437 3562 3506 ὕδωρ
3611 3441 3703 3492 καὶ
3741 3442 3978 3510 κηλῖδας

2399 3515 2670 3579 ἔκπλὺνει,
2711 3520 2801 3570 καὶ
2835 3521 3127 3590 μολυσμῶν
3156 3526 3484 3582 ἀπαλλάττει
3518 3535 3612 3583 καὶ
3651 3534 3925 3593 δυσωδίας
3956 3551 3970 3564 ·

2399 3608 2650 3676 γνώριμα
2700 3613 2811 3677 γὰρ
2861 3612 3036 3668 ταῦτα
3089 3620 3448 3686 περιφανῶς·
3503 3624 3568 3676 τα
3625 3624 3681 3675 δέ
3741 3642 3801 3690 γε
3857 3628 3976 3696 μὴν

2397 3700 2559 3768 ἔτερα
2591 3704 2669 3761 είς
2711 3705 2809 3754 ὅσα
2857 3706 2987 3772 ἡμῖν
3019 3711 3332 3774 ἀναγκαίως
3368 3713 3490 3780 ἔχον
3521 3715 3640 3766 ἐστὶ
3671 3718 3811 3778 τόδε,
3846 3721 3977 3782 πῶς

2396 3792 2462 3843 ἄν
2483 3809 2566 3853 τις
2597 3794 2654 3844 ἐν
2689 3795 2852 3864 ὀλίγῳ
2883 3800 3059 3866 χρόνῳ
3084 3800 3316 3865 διέλοοις
3360 3804 3435 3858 Οὐ
3469 3809 3575 3874 γὰρ
3607 3807 3673 3859 ἂν
3703 3809 3815 3876 βίος
3842 3812 3973 3876 ὅλος

2394 3881 2732 3950 ἀνθρώπινος
2807 3889 3145 3959 ἀποχρήσοι,
3212 3895 3557 3963 βουλομέΰοις
3625 3903 3974 3957 καοὲκαστον

2392 3975 2642 4040 διελθεῖν,
2677 3978 2777 4032 ὅσα
2828 3983 2938 4044 τοῖς
2991 3984 3298 4053 ἀνθρώποις
3333 3989 3393 4041 ἐκ
3432 3990 3705 4060 θαλάττης
3731 3998 3972 4064 προσγί-

2393 4081 2561 4118 νεται.
2595 4066 2742 4148 Illi?)
2800 4069 3039 4136 ἅψασθαι
3075 4075 3179 4145 χρὴ
3233 4079 3471 4146 μετρίως
3525 4083 3620 4132 καὶ
3659 4084 3782 4136 ὅσον
3823 4088 3976 4148 ἀμυ-

2391 4156 2524 4220 δρά-θ
2583 4174 2702 4209 τινα
2757 4163 3132 4231 σκιαγραφίαν
3186 4167 3276 4218 τὸν
3319 4171 3447 4237 περὶ
3493 4173 3698 4225 τούτων
3748 4176 3970 4230 οἴεσθαι

2391 4243 2566 4310 λόγον.
2596 4247 2810 4301 Πολλῶν
2860 4251 3039 4302 τοίνυν
3088 4253 3256 4306 ὄντων
3305 4256 3340 4309 ἃ
3375 4274 3438 4324 γε
3489 4263 3569 4323 εἰς
3606 4265 3696 4314 τὸν
3744 4266 3965 4328 ἀνθρώ-

2390 4351 2542 4386 πινον
2591 4337 2704 4405 βίον
2752 4340 2917 4404 τελεῖ,
2954 4344 3050 4413 οὐχ
3103 4344 3342 4409 ἅπαντος
3395 4349 3450 4402 δὲ
3505 4352 3708 4418 μέρους
3757 4357 3858 4424 γῆς
3894 4361 3971 4411 τὰ

2391 4428 2566 4481 πάντα
2599 4430 2874 4499 φέροντος,
2911 4436 3021 4487 οὐδ’
3079 4438 3278 4505 ἀθρόον
3313 4435 3419 4490 τῶν
3458 4444 3750 4512 χρησίμων
3783 4449 3970 4500 ἁπαν-

726 4517 1024 4597 tnultitudo
1057 4517 1307 4571 omnium
1341 4517 1563 4570 utilium
1596 4518 1799 4574 ibidem
1833 4522 2122 4587 proveniat
2151 4521 2284 4588 loci,
2323 4544 2365 4598 ο

2398 4537 2500 4571 των
2547 4523 2606 4572 ἐν
2650 4524 2834 4590 ταυτῷ
2866 4525 3286 4595 ἀναδιδομένων,
3319 4533 3455 4585 ἀλλα
3509 4536 3577 4586 τὰ
3627 4538 3724 4604 μὲν
3777 4539 3974 4600 Ἀσίας

723 4607 821 4660 sed
864 4589 954 4660 illa
985 4607 1210 4677 quidem
1254 4609 1383 4662 Asia
1417 4608 1638 4678 haheat,
1680 4611 1798 4665 lucc
1831 4622 2014 4680 autem
2041 4611 2283 4682 Europa,

721 4699 827 4752 alia
859 4713 991 4753 vero
1021 4698 1205 4754 Africa
1234 4707 1291 4753 et
1322 4701 1426 4754 alia
1460 4714 1624 4755 teme
1668 4703 1822 4771 regio
1852 4704 1982 4767 alia,
2034 4705 2145 4757 uisi
2194 4705 2280 4757 di-

721 4802 935 4845 stantes
974 4792 1325 4846 continentes
1351 4793 1718 4862 coniungeret
1749 4810 1900 4848 mare
1931 4807 1985 4849 et
2026 4796 2282 4850 homines

720 4880 816 4947 qui
854 4882 1208 4949 undiquaque
1259 4892 1412 4946 sunt,
1447 4897 1544 4951 per
1584 4883 1718 4937 illud
1754 4887 2149 4939 commercium
2181 4886 2276 4940 ba-

721 4974 921 5026 berent
964 4986 1091 5025 cum
1147 4974 1267 5051 aliis
1312 4975 1406 5043 qui
1455 4974 1775 5044 ubicunque
1826 4985 2097 5031 terrarum
2129 4989 2283 5040 sunt,

719 5063 850 5117 licet
884 5064 1076 5132 paucis
1107 5065 1440 5120 necessariis
1470 5067 1608 5120 satis
1638 5066 1947 5121 abundaret
1974 5068 2156 5138 aliqua
2185 5085 2284 5124 na-

720 5156 822 5216 tio.
856 5156 1157 5211 deﬁcerent
1189 5166 1371 5212 tamen
1417 5158 1652 5227 plurima
1699 5176 1714 5212 :
1762 5175 1910 5214 nunc
1961 5171 2144 5214 autem
2185 5177 2283 5231 per

719 5261 871 5300 mare
910 5247 1000 5300 alii
1031 5248 1155 5302 aliis
1195 5262 1318 5315 quae
1349 5262 1572 5302 necesse
1609 5249 1834 5314 habent,
1882 5251 2276 5320 suppeditant;

717 5348 774 5389 et
823 5338 1144 5392 admiranda
1189 5339 1439 5408 quaedam
1478 5339 1801 5393 communio
1860 5340 2177 5395 hominibus
2223 5351 2280 5396 et

721 5429 942 5491 ubertas
984 5430 1164 5485 victus
1217 5439 1334 5494 est;
1379 5431 1640 5499 quoniam
1690 5446 1753 5490 ea
1797 5447 1920 5500 qua:
1960 5433 2125 5485 vitam
2176 5448 2279 5486 no-

720 5531 893 5574 stram
937 5531 1250 5578 sustentant
1283 5523 1639 5594 undiquaque
1675 5540 1772 5593 per
1809 5524 1914 5578 hoc
1943 5524 2274 5579 elementunt

718 5623 1115 5681 apportantur;
1154 5625 1211 5670 et
1245 5616 1565 5672 existimare
1590 5626 1808 5684 oportet
1841 5630 1990 5670 mare
2038 5630 2145 5668 non
2183 5616 2275 5669 di-

715 5704 863 5757 visas
887 5719 987 5758 nec
1019 5720 1047 5759 a
1081 5720 1140 5762 se
1179 5707 1414 5762 invicem
1459 5707 1730 5762 distantes
1761 5707 1942 5761 facere
1983 5707 2275 5760 continen-

718 5805 834 5858 tes;
871 5811 991 5849 nam
1024 5813 1128 5850 non
1183 5801 1381 5852 accedo
1433 5800 1539 5853 illis
1588 5816 1651 5853 et
1706 5798 1982 5851 veteribus
2021 5798 2111 5866 qui
2165 5797 2264 5848 lim-

2395 4611 2644 4684 ἐχούσης,
2682 4616 2751 4667 τὰ
2805 4616 2862 4668 δὲ
2913 4617 3222 4690 Εὐρώπης,
3267 4622 3430 4692 ἕτερα
3483 4625 3540 4678 δὲ
3591 4628 3820 4696 Λιὸύης,
3866 4637 3973 4684 καὶ

2396 4703 2528 4756 ἄλλα
2581 4706 2770 4775 ἑτέρου
2819 4707 3082 4776 κλίματος
3111 4713 3237 4778 γῆς,
3273 4713 3338 4764 ἂν
3393 4714 3469 4783 μὴ
3513 4717 3856 4770 συνάπτουσα
3896 4719 3972 4790 ἦν

2393 4795 2490 4857 τὰς
2512 4794 2810 4858 διεστώσας
2837 4798 3099 4868 ἠπείρους
3130 4799 3398 4866 θάλασσα,
3434 4803 3529 4854 καὶ
3566 4804 3840 4874 ἄνθρωποι
3874 4807 3972 4862 διὰ

2393 4886 2597 4956 ταύτης
2627 4888 2987 4956 ὲπεμίσγοντο
3016 4891 3064 4942 οἱ
3093 4892 3466 4962 ἁπανταχόθεν
3489 4897 3600 4958 τοῖς
3631 4897 3970 4965 ὁποιδήποτε

2390 4978 2514 5045 γῆς,
2545 4977 2645 5030 κᾶν
2695 4979 2889 5045 ὀλίγων
2941 4980 3041 5048 μὲν
3089 4981 3200 5034 τῶν
3253 4984 3579 5053 ἐπιτηδείων
3626 4989 3847 5055 εὐπόρει
3901 4994 3971 5042 τὸ

2389 5070 2564 5132 γένος,
2593 5069 2917 5122 ἀπελείπετο
2963 5071 3019 5123 δὲ
3068 5071 3177 5123 τῶν
3238 5074 3546 5128 πλείστωνο
3577 5078 3696 5129 νυνὶ
3760 5080 3818 5130 δὲ
3867 5078 3969 5132 δια

2395 5158 2670 5227 θαλάττης
2718 5160 2969 5228 ἀλλήλοις
3015 5161 3082 5214 τὰ
3125 5164 3260 5232 πρὸς
3305 5165 3546 5232 ἀλλήλων
3606 5167 3807 5220 διδόασι
3858 5171 3968 5222 καὶ

2391 5248 2668 5316 θαυμασία
2718 5268 2800 5312 τις
2853 5255 3106 5304 κοινωνία
3157 5257 3268 5316 τοῖς
3315 5255 3624 5324 ἀνθρώποις
3681 5257 3962 5326 ἐντεῦθεν,

2389 5342 2482 5392 καὶ
2515 5342 2746 5409 ἀφθονία
2777 5342 2918 5409 βίου,
2960 5345 3084 5395 ἐπεὶ
3123 5347 3218 5396 καὶ
3249 5346 3316 5398 τὰ
3344 5349 3640 5400 συνεκτικὰ
3689 5350 3787 5414 τῆς
3812 5352 3966 5417 ἡμε-

2388 5433 2548 5499 τέρας
2607 5433 2749 5499 ζωῆς
2821 5433 3135 5503 ἁπανταχοῦ
3181 5437 3268 5488 διὰ
3332 5437 3484 5489 τοῦδε
3535 5435 3630 5490 τοῦ
3689 5442 3964 5508 στοιχείου

2388 5521 2691 5588 κομίζεται,
2737 5524 2828 5575 καί
2867 5541 2929 5591 γε
2985 5525 3059 5594 μὴ
3113 5525 3362 5597 διαιρεῖν,
3437 5529 3570 5597 μηδὲ
3631 5529 3963 5598 ἀποδιιστᾷν

2386 5612 2627 5680 ἀλλήλων
2667 5613 2764 5676 τὰς
2811 5615 3074 5683 ἠπείρους
3107 5617 3347 5682 νομίζειν
3398 5621 3665 5688 προσήκει
3710 5619 3808 5689 τὴν
3854 5621 3964 5673 θά-

2384 5702 2615 5754 λασςαν·
2645 5703 2704 5754 οὗ
2734 5703 2840 5771 γάρ
2871 5721 2953 5755 τοι
2986 5707 3305 5775 συντίθεμαι
3346 5701 3424 5770 οἷς
3457 5709 3564 5760 τῶν
3593 5712 3758 5762 παλαι
3791 5711 3962 5765 ταῦθ’

2385 5796 2549 5857 οὕτως
2611 5796 2800 5860 ἐδάκεε,

2859 5800 3162 5849 τονναντὶον
3222 5801 3316 5865 μὲν
3381 5795 3469 5852 οἷν
3521 5805 3804 5856 σκάπτον
3855 5808 3958 5858 λαὶ
