4200 6440
714 508 3913 575 M

1889 697 2065 742 ANNO
2108 699 2337 745 DOMINI
2386 702 2761 748 Μεριιιιιχ

1472 903 3208 1125 ATHANASIUS

1051 1292 2000 1450 CPOLITAN
2017 1294 2246 1452 US
2358 1296 3580 1461 PATRIARCHA

2008 1744 2610 1859 ΝΟΤΙΤΙΑ

1492 1962 1585 2023 (Es
1621 1964 1841 2013 Auselmi
1875 1963 2107 2012 Bandurii
2145 1962 2363 2023 Imperio
2402 1962 2660 2023 Orientali,
2689 1970 2806 2014 tom.
2838 1966 2897 2025 ll,
2922 1968 2967 2015 in
3005 1968 3135 2029 not.)

770 2301 1033 2355 Abdicato
1066 2300 1437 2368 patriarchatu
1476 2301 1738 2375 Gregorio
1770 2307 1969 2375 Cyprio
2008 2311 2153 2365 circa
2192 2325 2435 2365 mensem
2475 2306 2701 2365 Junium
2729 2304 2858 2358 anni
2893 2302 3091 2359 Christi
3115 2301 3273 2369 1289,
3326 2301 3381 2356 in
3425 2301 3547 2372 ejus
3578 2302 3761 2359 locum
3791 2308 3935 2362 sudi-

693 2399 836 2451 ritur
858 2396 1188 2451 Athanasius
1220 2397 1519 2453 monachus
1547 2414 1577 2453 e
1611 2410 1797 2455 monte
1843 2402 2031 2468 Gano';
2087 2406 2246 2475 cujus
2300 2403 2703 2477 promotionem
2745 2399 3046 2454 celebravit
3079 2397 3425 2452 Andronicus
3469 2396 3534 2451 ad
3573 2412 3821 2469 magnum
3848 2415 3939 2469 pa-

692 2491 886 2545 latium
930 2490 984 2543 in
1013 2490 1277 2545 Triclinio
1302 2491 1647 2547 Justinianeo
1682 2510 1923 2567 congrua
1982 2500 2072 2553 tali
2122 2501 2386 2557 lunctioni
2439 2496 2865 2570 magniﬁcentia,
2914 2495 3008 2550 sed
3038 2509 3161 2548 cum
3191 2492 3415 2547 sinistro
3473 2494 3703 2563 augurio
3759 2504 3939 2550 terrae-

693 2595 894 2653 motus,
929 2599 988 2642 ut
1029 2586 1224 2643 scribit
1280 2590 1665 2660 Pachymeres,
1705 2591 1803 2647 lib.
1858 2608 1917 2657 ll,
1976 2608 2101 2663 cap.
2167 2596 2252 2658 15,
2293 2604 2348 2649 et
2402 2595 2487 2649 die
2547 2600 2739 2663 quarta
2797 2590 3008 2645 decima
3034 2587 3240 2642 mensis
3268 2585 3524 2642 Octobris
3548 2586 3790 2658 ejusdem
3814 2587 3939 2642 anni

690 2679 978 2735 ordinatur
1035 2679 1389 2751 Athanasius,
1458 2692 1517 2737 ut
1555 2685 1723 2739 tradit
1758 2684 1902 2739 idem
1957 2687 2191 2757 scriptor
2227 2687 2394 2741 citato
2450 2688 2598 2741 loco.
2631 2684 2728 2742 llic
2757 2693 2938 2737 autem
2994 2696 3118 2735 cum
3156 2694 3275 2734 sese
3318 2679 3481 2733 rebus
3548 2681 3939 2749 temporalibus

690 2774 1069 2829 vehementius
1093 2777 1451 2842 immisceret,
1475 2792 1504 2831 a
1531 2777 1730 2847 populo
1757 2778 1996 2850 ejicitur.
2025 2791 2083 2833 ut
2115 2780 2304 2835 scribit
2348 2779 2689 2851 Nicephorus
2720 2777 2962 2844 Callisti;
3001 2777 3145 2845 quod
3192 2775 3415 2843 quidem
3466 2776 3819 2830 conﬁrmatur
3872 2784 3940 2829 es

692 2873 1046 2943 l’achymcre,
1073 2878 1166 2946 qui
1192 2876 1441 2946 pluribus
1472 2895 1560 2933 res
1590 2880 1658 2934 ab
1687 2895 1753 2936 eo
1784 2882 1837 2934 in
1879 2882 2249 2951 patriarchatu
2297 2894 2497 2953 gestas,
2537 2899 2601 2938 ac
2633 2884 2753 2952 ejus
2787 2895 2967 2935 mores
3000 2879 3283 2933 describit.
3330 2876 3565 2932 Coactus
3622 2878 3801 2924 autem
3841 2869 3945 2922 fuit

693 2968 1123 3033 patriarchatum
1160 2969 1415 3025 abdicare
1438 2980 1722 3042 postquam
1755 2974 2179 3044 quadriennium
2211 2976 2465 3043 sedisset,
2503 2976 2760 3031 nimirum
2797 2975 2886 3029 die
2916 2974 3129 3029 decima
3162 2981 3310 3027 sexta
3344 2968 3547 3025 mensis
3571 2963 3848 3021 Octobris.
3878 2967 3941 3013 ut

690 3058 861 3112 tradit
904 3060 1045 3113 idem
1076 3064 1331 3131 scriptor,
1359 3079 1476 3133 cap.
1510 3064 1619 3120 24:
1662 3067 1833 3120 Τοῦτο
1858 3069 1913 3120 δέ
1947 3086 2028 3131 τις
2052 3070 2144 3122 καὶ
2177 3070 2336 3139 μόνον

2256 3088 2336 3123 νον
2362 3071 2825 3141 παριτηρήσειεν,
2862 3069 2941 3121 ὅτι
2971 3067 3260 3135 τέσσαρσιν
3280 3065 3545 3126 ἐνιαυτοῖς
3573 3059 3672 3127 τὴν
3712 3054 3915 3122 Ἐκκλη

697 3150 821 3201 σίαν
868 3152 1134 3221 κατέχων,
1164 3154 1332 3221 αὐτὴν
1376 3156 1560 3223 σχεδὸν
1590 3158 1805 3227 ἡμέραν
1833 3156 1937 3212 εῐδε
1965 3161 2057 3227 τῆς
2090 3160 2340 3229 ἐκϐολῆς,
2380 3162 2448 3231 ἦν
2474 3161 2536 3231 δὴ
2562 3161 2660 3216 καὶ
2690 3161 2788 3229 τῆς
2821 3160 3138 3223 ἀναϐάσεως
3175 3159 3433 3228 ἔγνωκεν,
3477 3156 3595 3223 ἥτις
3636 3151 3730 3206 καὶ
3788 3148 3945 3201 ‘53.:-

692 3242 1025 3313 φηϐολιῶνος
1066 3244 1427 3315 ἑκκαιδεκάτῃ
1464 3242 1553 3317 ἦν.
1587 3246 1762 3304 Unum
1794 3257 1968 3303 tamen
2005 3252 2074 3303 ad
2105 3266 2166 3305 ea
2186 3251 2351 3306 illud:

2290 3255 2321 3305 ά
2344 3269 2447 3305 non
2480 3252 2544 3305 de
2587 3251 2753 3306 nihilo
2794 3254 2907 3319 quis
2953 3252 3235 3303 observans
3272 3245 3598 3316 adjunxerit,
3634 3244 3708 3297 sic
3767 3252 3949 3295 exuere

694 3338 1104 3398 quadriennium
1149 3344 1203 3392 in
1238 3343 1607 3409 patriarchatu
1635 3344 1988 3399 Athanasium
2020 3347 2322 3417 explevisse,
2372 3356 2429 3401 ut
2458 3347 2694 3401 eamdem
2735 3347 2898 3415 ferme
2922 3348 3038 3400 initi
3068 3344 3339 3413 relictique
3376 3339 3644 3409 regiminis
3689 3334 3946 3391 Ecclesiae

694 3432 1050 3483 numeraverit
1088 3433 1224 3485 diem
1249 3434 1739 3489 sextumdecimum
1760 3436 2017 3492 Octobris.
2058 3439 2149 3494 Sic
2179 3439 2574 3512 Pachymeres;
2616 3454 2683 3495 ex
2721 3454 2830 3507 quo
2860 3438 3080 3507 quidem
3108 3445 3260 3506 patet
3298 3432 3655 3488 Athanasium
3702 3428 3948 3497 patriar-

691 3524 911 3577 chatum
953 3523 1236 3580 abdicasse
1259 3526 1346 3582 die
1387 3528 1600 3583 decima
1641 3542 1793 3586 sexta
1821 3534 2024 3588 mensis
2058 3532 2313 3590 Octobris
2363 3537 2492 3590 anni
2532 3534 2738 3589 Christi
2773 3534 2930 3597 1293,
2960 3547 3083 3587 cum
3120 3533 3352 3586 sedisset
3392 3530 3552 3582 annis
3590 3534 3846 3598 quatuor.
3888 3535 3947 3580 et

693 3612 911 3670 duobus
940 3627 1199 3687 praetcrea
1232 3620 1447 3683 diebus,
1468 3638 1590 3676 cum
1614 3623 1857 3693 ejusdem
1889 3628 2227 3682 consecratio
2250 3626 2538 3696 contigerit
2566 3627 2655 3681 die
2673 3635 2865 3696 quarta
2883 3626 3092 3679 decima
3117 3623 3322 3678 mensis
3344 3620 3598 3675 Octobris
3626 3615 3752 3671 atini
3780 3614 3949 3669 £289.

691 3706 924 3764 Fallitur
964 3712 1131 3783 igitur
1198 3713 1465 3785 Georgius
1519 3716 1812 3784 Phrantsa,
1842 3720 1937 3787 qui
1979 3719 2284 3774 Athanasio
2324 3736 2499 3775 annos
2558 3728 2684 3775 octo
2736 3722 2981 3788 integros
3040 3719 3299 3788 assignat.
3349 3716 3524 3784 Quam
3578 3728 3711 3768 vero
3763 3712 3949 3765 luerit

695 3801 1033 3857 Athanasius
1092 3805 1378 3859 hominum
1410 3807 2041 3879 regendorumignarus,
2099 3825 2333 3879 quamve
2377 3825 2555 3867 savus
2590 3817 2648 3868 et
2670 3810 3023 3873 inhumanus,
3081 3809 3239 3863 facile
3303 3810 3572 3878 quispiam
3609 3818 3953 3870 cognoscere

694 3893 901 3959 poterit
953 3910 1063 3948 non
1091 3896 1269 3949 solum
1299 3911 1364 3950 ea
1392 3896 1748 3968 Pachymere,
1784 3899 1877 3969 qui
1909 3901 2061 3969 plura
2114 3900 2183 3957 de
2231 3919 2297 3957 eo
2363 3901 2510 3970 (nam
2542 3900 2814 3972 Gregoras
2836 3902 3314 3957 schismaticorum
3352 3900 3637 3954 hominum
3670 3897 3938 3951 laudator

696 3985 749 4037 in
783 3987 1143 4043 Athanasium
1206 3992 1363 4047 valde
1389 4008 1695 4062 propensus
1756 3992 1904 4065 fuit),
1942 3996 2036 4051 sed
2065 3996 2229 4050 etiam
2256 4012 2321 4049 ex
2363 3998 2534 4066 ipsius
2586 3996 2869 4053 Athanasii
2929 3996 3197 4066 epistolis,
3240 4007 3377 4063 quas
3428 3990 3494 4045 ad
3548 3991 3951 4058 imperatorem

688 4080 1061 4136 Andronicum
1122 4093 1176 4138 et
1201 4084 1268 4137 ad
1308 4085 1447 4139 alios
1476 4088 1788 4155 complures
1822 4090 2246 4159 conscripserat.
2289 4090 2531 4157 Quarum
2599 4091 2823 4161 quidem
2855 4092 3217 4162 epistularum
3268 4088 3500 4141 habetur
3535 4086 3709 4139 codex
3772 4082 3957 4135 char-

693 4188 885 4232 taceus
956 4178 1008 4231 in
1042 4178 1376 4234 bibliotheca
1418 4182 1585 4250 regia.
1618 4197 1782 4252 quem
1804 4184 1934 4239 huic
1962 4185 2185 4239 donavit
2251 4187 2333 4241 lli.
2380 4187 2445 4241 D.
2505 4187 2740 4242 Carolus
2801 4186 3091 4241 Mauritius
3149 4182 3444 4241 Tellerius,
3488 4177 3959 4247 archiepiscopus

693 4267 802 4319 dux
865 4269 1219 4334 thmensis,
1290 4281 1348 4325 ut
1400 4274 1591 4328 scrlbit
1638 4276 1988 4330 doctissimus
2049 4276 2331 4333 Boivinius
2371 4278 2424 4332 in
2460 4279 2605 4334 notis
2634 4279 2700 4333 ad
2734 4277 3056 4347 Gregoram,
3090 4275 3182 4330 ubi
3219 4275 3285 4328 de
3318 4273 3424 4327 hoc
3454 4270 3643 4325 codice
3694 4284 3758 4324 ac
3814 4268 3958 4337 epi-

691 4364 850 4417 stolis
910 4376 965 4420 et
1027 4364 1151 4418 aliis
1210 4368 1494 4434 opusculis
1561 4367 1847 4423 Athanasii
1906 4367 2233 4439 patriarchae
2296 4372 2563 4442 loquitur.
2628 4371 2792 4429 Libet
2841 4381 3026 4425 autem
3066 4367 3227 4423 nobis
3275 4364 3556 4435 (quoniam
3589 4377 3680 4417 sex
3732 4362 3958 4417 abhinc

696 4463 863 4514 annis
926 4473 1118 4515 omnes
1166 4455 1448 4516 Athanasii
1512 4463 1771 4531 epistolas
1830 4479 1895 4519 ac
1926 4490 1929 4495 ·
1957 4467 2223 4536 opuscula
2261 4481 2331 4520 ex
2372 4466 2595 4520 laudato
2629 4467 2820 4522 codice
2849 4465 3014 4535 Regio
3044 4461 3436 4530 exscripsimus
3480 4468 3536 4512 et
3574 4456 3628 4512 in
3672 4457 3950 4511 Latinum

690 4555 983 4625 vertimus)
1053 4556 1143 4610 hic
1196 4556 1469 4624 integrum
1504 4557 1740 4613 indicem
1769 4557 2159 4628 praedictorum
2200 4576 2427 4630 operum
2465 4558 2753 4625 exhibere,
2785 4570 2947 4629 quem
2982 4574 3105 4614 cum
3142 4572 3209 4612 ex
3252 4554 3471 4611 schedis
3500 4552 3754 4617 Boivinii,
3818 4562 3953 4608 tum

690 4650 857 4705 ctiam
878 4650 1100 4720 proprio
1126 4649 1314 4706 labore
1343 4650 1751 4707 adornavimus.
1781 4649 1872 4707 Sic
1897 4653 2062 4722 igitur
2086 4668 2143 4708 se
2180 4653 2350 4707 habet
2388 4671 2404 4711 :

762 4786 815 4839 1.
850 4786 1084 4854 Γράμμα
1114 4787 1247 4855 πρὸς
1271 4787 1358 4839 τὸν
1390 4787 1765 4855 αὐτοκράτορα
1802 4788 1926 4853 περὶ
1955 4787 2064 4839 τῶν
2108 4790 2266 4857 ἁρχι-
2296 4797 2339 4851 Α
2367 4789 2821 4858 ἁναχαιτίζωνται
2842 4788 2891 4840 οἱ
2918 4786 3425 4858 κακοπραγοῦντες,
3460 4787 3556 4842 καὶ
3590 4787 3665 4858 μὴ
3694 4787 3968 4858 ἀναρτᾷν

691 4876 858 4944 κρέων
883 4878 989 4929 τῶν
1024 4878 1371 4945 εὖσκομὲνων
1414 4872 1537 4931 ὦδε.
1579 4876 1819 4947 Ερίειοια
1879 4878 1946 4930 ad
1978 4881 2263 4949 imperato-

2367 4880 2448 4941 είς
2484 4878 2545 4933 τὸ
2571 4878 2785 4948 μέλλον,
2810 4880 2905 4933 καὶ
2948 4879 3151 4949 μᾶλλον
3185 4880 3244 4929 ἐν
3279 4878 3462 4946 κύκλῳ
3486 4878 3583 4944 τῆς
3628 4877 3821 4942 Ἀγξας
3852 4876 3970 4928 Σι-

691 4983 822 5028 rem,
854 4967 917 5021 de
946 4968 1219 5037 episcopis,
1248 4970 1339 5036 qui
1375 4970 1457 5022 hic
1485 4970 1849 5036 reperiuntur.
2367 4971 2516 5039 φῖας.
2545 4970 2784 5040 Epistula
2816 4974 2885 5023 ad
2906 4972 3315 5041 imperatorem;
3345 4970 3485 5038 quod
3516 4968 3799 5035 objiciendi
3836 4969 3970 5019 sine

764 5060 990 5126 2.Πρὸς
1046 5061 1137 5111 τὸν
1181 5061 1560 5131 αὐτοκράτορα
1620 5064 1892 5131 γράμμα,
1962 5063 2262 5132 ἁνιστορῶν
2364 5077 2423 5128 qu

2364 5062 2453 5128 qui
2482 5060 2689 5129 nefaria
2711 5069 2893 5129 agunt,
2922 5076 3013 5113 nec
3036 5060 3376 5127 diﬁerendum
3402 5060 3456 5111 in
3482 5060 3737 5125 futurum,
3763 5057 3971 5107 maxi-

689 5151 854 5203 αὑτὸν
897 5151 1161 5217 προόδους
1210 5152 1478 5205 ποιεῖσθαι
1535 5155 1854 5224 συχνότερον
1909 5154 2005 5209 καὶ
2059 5156 2262 5223 μᾶλλον

1723 5171 1854 5224 τρον
1909 5154 2005 5209 καὶ
2059 5156 2262 5223 μᾶλλον
2365 5168 2547 5220 meque
2575 5153 2631 5205 in
2659 5154 2882 5205 circuitu
2912 5149 3123 5204 Sancta:
3154 5149 3382 5220 Sophia.

690 5244 823 5312 περὶ
854 5244 919 5295 τὰ
955 5242 1111 5310 τείχη
1148 5243 1238 5295 καὶ
1288 5244 1461 5307 πύλας
1493 5246 1590 5309 τῆς
1628 5246 1855 5308 πόλεως,
1890 5247 1982 5298 καὶ
2038 5249 2114 5314 μὴ
2146 5250 2260 5299 εἰσ·
2434 5245 2489 5298 4.
2515 5244 2751 5313 Γρὰμμα
2789 5246 2922 5312 πρὸς
2957 5245 3047 5295 τὶν
3075 5243 3459 5311 αὐτοκράτορα
3489 5242 3618 5310 περὶ
3641 5241 3734 5294 τοῦ
3768 5239 3968 5307 ὀρθοὖ

691 5335 947 5400 ιρλεσϐαι
976 5334 1106 5385 sicut
1138 5335 1235 5397 τῆς
1277 5336 1485 5398 πόλεως
1521 5336 1637 5403 μεθ’
1690 5337 1868 5388 ὃπλων
1922 5340 2065 5390 τινά.
2130 5337 2263 5407 Epi-

2361 5335 2651 5403 δόγματος.
2690 5334 2933 5404 Epistola
2969 5335 3037 5388 ad
3097 5337 3491 5405 imperatorem,
3521 5334 3582 5386 de
3632 5345 3771 5387 recta
3807 5333 3970 5401 ﬁdei

689 5426 825 5478 stola
883 5427 951 5478 ad
991 5429 1389 5497 imperatorem.
1454 5443 1685 5480 narrans
1747 5431 2039 5494 frequentes
2090 5430 2274 5480 incur-
2374 5428 2640 5480 doctrina.

687 5535 777 5570 sus
837 5521 1070 5573 maxime
1134 5523 1275 5573 circa
1335 5520 1475 5571 urbis
1543 5536 1717 5572 muros
1762 5531 1807 5574 et
1872 5536 2049 5590 portas
2108 5521 2263 5585 ﬁeri;

2435 5517 2489 5570 5.
2520 5519 2758 5588 Γράμμα
2800 5520 2937 5589 πρὶς
2969 5519 3059 5570 τὸν
3097 5518 3494 5571 ἀποστείλαντα
3535 5517 3739 5586 βιϐὶίφν
3772 5516 3977 5584 χάριν

691 5626 854 5676 neque
883 5613 1290 5679 permittendum
1326 5626 1437 5665 esse
1487 5613 1787 5679 quempiam
1841 5629 1957 5665 cum
2011 5614 2169 5664 armis
2207 5614 2258 5663 in

2366 5611 2673 5671 κανισκίου.
2709 5612 2799 5663 καὶ
2831 5612 3135 5680 στρέᾴαντει
3170 5610 3341 5661 ταῦτα
3395 5609 3651 5669 ἐξοπίσω.
3686 5604 3975 5675 Epistula

691 5699 867 5749 urbem
896 5701 1134 5752 introire.
2365 5703 2433 5755 ad
2466 5718 2604 5764 eum,
2638 5704 2725 5767 qui
2756 5702 2941 5754 librum
2980 5704 3115 5754 dono
3150 5704 3399 5763 miserat;
3433 5702 3513 5752 cui
3541 5711 3717 5767 postea
3747 5698 3977 5752 remis-

769 5791 818 5843 ὅ.
852 5792 961 5853 Γρᾶ,
992 5810 1086 5853 ινα
1144 5794 1274 5855 πρὸς
1340 5796 1425 5846 τδν
1452 5796 1831 5857 ,αὐτοκράτορι
1882 5796 2004 5857 περὶ
2046 5795 2137 5848 τοῦ
2174 5796 2256 5847 ἵνα
2362 5812 2446 5848 sus
2487 5795 2599 5853 fuit.
