  <div class='ocr_page' id='page_1' title='image "/cluster/home/n/w/nwhite01/storage/ocr_20150623/142/nnc1.0046980024/290.png"; bbox 0 0 4220 6444; ppageno 0'>
   <div class='ocr_carea' id='block_1_1' title="bbox 223 417 334 477">
    <p class='ocr_par' dir='ltr' id='par_1_1' title="bbox 223 417 334 477">
     <span class='ocr_line' id='line_1_1' title="bbox 223 417 334 477; baseline -0.018 0"><span class='ocrx_word' id='word_1_1' title='bbox 223 417 334 477; x_wconf 60' lang='lat'><strong>49.1</strong></span> 
     </span>
    </p>
   </div>
   <div class='ocr_carea' id='block_1_2' title="bbox 1630 414 2028 478">
    <p class='ocr_par' dir='ltr' id='par_1_2' title="bbox 1630 414 2028 478">
     <span class='ocr_line' id='line_1_2' title="bbox 1630 414 2028 478; baseline 0.01 -4"><span class='ocrx_word' id='word_1_2' title='bbox 1630 414 1941 474; x_wconf 73' lang='lat' dir='ltr'><strong>El‘lSTOl.</strong></span> <span class='ocrx_word' id='word_1_3' title='bbox 1970 418 2028 478; x_wconf 75' lang='lat'><strong>13.</strong></span> 
     </span>
    </p>
   </div>
   <div class='ocr_carea' id='block_1_3' title="bbox 3353 423 3458 482">
    <p class='ocr_par' dir='ltr' id='par_1_3' title="bbox 3353 423 3458 482">
     <span class='ocr_line' id='line_1_3' title="bbox 3353 423 3458 482; baseline 0.01 -1"><span class='ocrx_word' id='word_1_4' title='bbox 3353 423 3458 482; x_wconf 61' lang='grc'><strong>491</strong></span> 
     </span>
    </p>
   </div>
   <div class='ocr_carea' id='block_1_4' title="bbox 219 522 1818 600">
    <p class='ocr_par' dir='ltr' id='par_1_4' title="bbox 219 522 1796 594">
     <span class='ocr_line' id='line_1_4' title="bbox 219 522 1796 594; baseline -0.005 -16"><span class='ocrx_word' id='word_1_5' title='bbox 219 531 385 594; x_wconf 64' lang='grc' dir='ltr'><strong>γέρα,</strong></span> <span class='ocrx_word' id='word_1_6' title='bbox 409 523 521 586; x_wconf 63' lang='grc' dir='ltr'><strong>,καὶ</strong></span> <span class='ocrx_word' id='word_1_7' title='bbox 551 524 752 593; x_wconf 81' lang='grc' dir='ltr'><strong>πρώτῳ</strong></span> <span class='ocrx_word' id='word_1_8' title='bbox 782 525 837 575; x_wconf 83' lang='grc' dir='ltr'><strong>ἐν</strong></span> <span class='ocrx_word' id='word_1_9' title='bbox 869 523 1167 592; x_wconf 66' lang='grc' dir='ltr'><strong>ὀρθοδόξοις</strong></span> <span class='ocrx_word' id='word_1_10' title='bbox 1202 522 1586 575; x_wconf 84' lang='grc' dir='ltr'><strong>ύπολεανϐἐντι</strong></span> <span class='ocrx_word' id='word_1_11' title='bbox 1640 523 1796 593; x_wconf 69' lang='grc' dir='ltr'><strong>πηλῷ</strong></span> 
     </span>
    </p>
   </div>
   <div class='ocr_carea' id='block_1_5' title="bbox 1866 522 3458 600">
    <p class='ocr_par' dir='ltr' id='par_1_5' title="bbox 1866 526 3458 600">
     <span class='ocr_line' id='line_1_5' title="bbox 1866 526 3458 600; baseline 0.007 -22"><span class='ocrx_word' id='word_1_12' title='bbox 1866 526 1975 583; x_wconf 80' lang='lat' dir='ltr'><strong>,illi</strong></span> <span class='ocrx_word' id='word_1_13' title='bbox 2017 528 2158 580; x_wconf 90' lang='lat' dir='ltr'><strong>inter</strong></span> <span class='ocrx_word' id='word_1_14' title='bbox 2210 527 2586 597; x_wconf 74' lang='lat' dir='ltr'><strong>imperatores,</strong></span> <span class='ocrx_word' id='word_1_15' title='bbox 2620 540 2672 585; x_wconf 93' lang='lat' dir='ltr'><strong>et</strong></span> <span class='ocrx_word' id='word_1_16' title='bbox 2704 532 2880 600; x_wconf 89' lang='lat' dir='ltr'><strong>primo</strong></span> <span class='ocrx_word' id='word_1_17' title='bbox 2932 535 3075 588; x_wconf 87' lang='lat' dir='ltr'><strong>inter</strong></span> <span class='ocrx_word' id='word_1_18' title='bbox 3123 535 3458 591; x_wconf 59' lang='lat' dir='ltr'><strong>orthodoxa.-</strong></span> 
     </span>
    </p>
   </div>
   <div class='ocr_carea' id='block_1_6' title="bbox 225 615 1793 686">
    <p class='ocr_par' dir='ltr' id='par_1_6' title="bbox 225 615 1793 686">
     <span class='ocr_line' id='line_1_6' title="bbox 225 615 1793 686; baseline -0.003 -16"><span class='ocrx_word' id='word_1_19' title='bbox 225 616 538 670; x_wconf 77' lang='grc' dir='ltr'><strong>πλατειῶν·</strong></span> <span class='ocrx_word' id='word_1_20' title='bbox 593 619 648 668; x_wconf 82' lang='grc' dir='ltr'><strong>ἐν</strong></span> <span class='ocrx_word' id='word_1_21' title='bbox 693 618 748 669; x_wconf 82' lang='grc' dir='ltr'><strong>δέ</strong></span> <span class='ocrx_word' id='word_1_22' title='bbox 784 634 845 684; x_wconf 76' lang='grc' dir='ltr'><strong>γε</strong></span> <span class='ocrx_word' id='word_1_23' title='bbox 891 619 954 685; x_wconf 82' lang='grc' dir='ltr'><strong>τῇ</strong></span> <span class='ocrx_word' id='word_1_24' title='bbox 1009 615 1258 685; x_wconf 75' lang='grc' dir='ltr'><strong>βασιλείᾳ</strong></span> <span class='ocrx_word' id='word_1_25' title='bbox 1306 616 1542 686; x_wconf 78' lang='grc' dir='ltr'><strong>Χριστοῦ</strong></span> <span class='ocrx_word' id='word_1_26' title='bbox 1592 618 1793 685; x_wconf 82' lang='grc' dir='ltr'><strong>ἐκείνῳ</strong></span> 
     </span>
    </p>
   </div>
   <div class='ocr_carea' id='block_1_7' title="bbox 225 708 1794 777">
    <p class='ocr_par' dir='ltr' id='par_1_7' title="bbox 225 708 1794 777">
     <span class='ocr_line' id='line_1_7' title="bbox 225 708 1794 777; baseline -0.002 -15"><span class='ocrx_word' id='word_1_27' title='bbox 225 709 681 777; x_wconf 77' lang='grc' dir='ltr'><strong>συνευωχεῖσθαι,</strong></span> <span class='ocrx_word' id='word_1_28' title='bbox 719 711 811 762; x_wconf 70' lang='grc' dir='ltr'><strong>καὶ</strong></span> <span class='ocrx_word' id='word_1_29' title='bbox 859 711 916 762; x_wconf 83' lang='grc' dir='ltr'><strong>ἐν</strong></span> <span class='ocrx_word' id='word_1_30' title='bbox 941 709 1060 776; x_wconf 85' lang='grc' dir='ltr'><strong>Θεῷ</strong></span> <span class='ocrx_word' id='word_1_31' title='bbox 1105 708 1423 776; x_wconf 74' lang='grc' dir='ltr'><strong>γάννυσθαι.</strong></span> <span class='ocrx_word' id='word_1_32' title='bbox 1466 708 1606 761; x_wconf 83' lang='grc' dir='ltr'><strong>Ἀλλ’</strong></span> <span class='ocrx_word' id='word_1_33' title='bbox 1657 709 1794 776; x_wconf 82' lang='grc' dir='ltr'><strong>ὅπερ</strong></span> 
     </span>
    </p>
   </div>
   <div class='ocr_carea' id='block_1_8' title="bbox 227 800 1796 871">
    <p class='ocr_par' dir='ltr' id='par_1_8' title="bbox 227 800 1796 871">
     <span class='ocr_line' id='line_1_8' title="bbox 227 800 1796 871; baseline -0.001 -18"><span class='ocrx_word' id='word_1_34' title='bbox 227 806 319 854; x_wconf 68' lang='grc' dir='ltr'><strong>καὶ</strong></span> <span class='ocrx_word' id='word_1_35' title='bbox 353 803 540 868; x_wconf 73' lang='grc' dir='ltr'><strong>λέγειν</strong></span> <span class='ocrx_word' id='word_1_36' title='bbox 575 802 923 871; x_wconf 79' lang='grc' dir='ltr'><strong>ἐξώρμημαι,</strong></span> <span class='ocrx_word' id='word_1_37' title='bbox 955 802 1088 871; x_wconf 85' lang='grc' dir='ltr'><strong>πρὸς</strong></span> <span class='ocrx_word' id='word_1_38' title='bbox 1132 801 1192 853; x_wconf 77' lang='grc' dir='ltr'><strong>τὸ</strong></span> <span class='ocrx_word' id='word_1_39' title='bbox 1222 802 1315 868; x_wconf 80' lang='grc' dir='ltr'><strong>τῆς</strong></span> <span class='ocrx_word' id='word_1_40' title='bbox 1350 800 1633 871; x_wconf 79' lang='grc' dir='ltr'><strong>ίεραρχίας</strong></span> <span class='ocrx_word' id='word_1_41' title='bbox 1668 801 1796 853; x_wconf 78' lang='grc' dir='ltr'><strong>ἀνα-</strong></span> 
     </span>
    </p>
   </div>
   <div class='ocr_carea' id='block_1_9' title="bbox 225 892 1795 963">
    <p class='ocr_par' dir='ltr' id='par_1_9' title="bbox 225 892 1795 963">
     <span class='ocr_line' id='line_1_9' title="bbox 225 892 1795 963; baseline 0.001 -18"><span class='ocrx_word' id='word_1_42' title='bbox 225 893 480 956; x_wconf 75' lang='grc' dir='ltr'><strong>τεθέντες</strong></span> <span class='ocrx_word' id='word_1_43' title='bbox 510 896 669 963; x_wconf 74' lang='grc' dir='ltr'><strong>ἡμεῖς</strong></span> <span class='ocrx_word' id='word_1_44' title='bbox 703 893 928 962; x_wconf 68' lang='grc' dir='ltr'><strong>ὑψηλὸν,</strong></span> <span class='ocrx_word' id='word_1_45' title='bbox 969 893 1094 946; x_wconf 73' lang='grc' dir='ltr'><strong>οὔτε</strong></span> <span class='ocrx_word' id='word_1_46' title='bbox 1123 893 1531 963; x_wconf 75' lang='grc' dir='ltr'><strong>διηγωνίσμεθα</strong></span> <span class='ocrx_word' id='word_1_47' title='bbox 1574 892 1704 960; x_wconf 83' lang='grc' dir='ltr'><strong>πρὸς</strong></span> <span class='ocrx_word' id='word_1_48' title='bbox 1736 893 1795 946; x_wconf 71' lang='grc' dir='ltr'><strong>τὸ</strong></span> 
     </span>
    </p>
   </div>
   <div class='ocr_carea' id='block_1_10' title="bbox 229 983 1798 1053">
    <p class='ocr_par' dir='ltr' id='par_1_10' title="bbox 229 983 1798 1053">
     <span class='ocr_line' id='line_1_10' title="bbox 229 983 1798 1053; baseline 0.001 -17"><span class='ocrx_word' id='word_1_49' title='bbox 229 984 375 1052; x_wconf 67' lang='grc' dir='ltr'><strong>μέγα</strong></span> <span class='ocrx_word' id='word_1_50' title='bbox 409 986 748 1053; x_wconf 74' lang='grc' dir='ltr'><strong>πρεπόντως,</strong></span> <span class='ocrx_word' id='word_1_51' title='bbox 786 983 910 1036; x_wconf 78' lang='grc' dir='ltr'><strong>οὗτε</strong></span> <span class='ocrx_word' id='word_1_52' title='bbox 944 985 1204 1052; x_wconf 63' lang='grc' dir='ltr'><strong>ἐδόξαμεν</strong></span> <span class='ocrx_word' id='word_1_53' title='bbox 1238 986 1350 1047; x_wconf 77' lang='grc' dir='ltr'><strong>τοῖς</strong></span> <span class='ocrx_word' id='word_1_54' title='bbox 1397 985 1630 1047; x_wconf 75' lang='grc' dir='ltr'><strong>πολλοῖς,</strong></span> <span class='ocrx_word' id='word_1_55' title='bbox 1663 985 1798 1037; x_wconf 77' lang='grc' dir='ltr'><strong>ἀλλὰ</strong></span> 
     </span>
    </p>
   </div>
   <div class='ocr_carea' id='block_1_11' title="bbox 230 1073 1795 1145">
    <p class='ocr_par' dir='ltr' id='par_1_11' title="bbox 230 1073 1795 1145">
     <span class='ocr_line' id='line_1_11' title="bbox 230 1073 1795 1145; baseline 0.001 -19"><span class='ocrx_word' id='word_1_56' title='bbox 230 1077 323 1127; x_wconf 77' lang='grc' dir='ltr'><strong>καὶ</strong></span> <span class='ocrx_word' id='word_1_57' title='bbox 357 1076 689 1145; x_wconf 80' lang='grc' dir='ltr'><strong>δύσχρηστοι</strong></span> <span class='ocrx_word' id='word_1_58' title='bbox 749 1075 914 1128; x_wconf 83' lang='grc' dir='ltr'><strong>πλέον</strong></span> <span class='ocrx_word' id='word_1_59' title='bbox 946 1077 1077 1142; x_wconf 78' lang='grc' dir='ltr'><strong>παρ’</strong></span> <span class='ocrx_word' id='word_1_60' title='bbox 1104 1077 1226 1128; x_wconf 82' lang='grc' dir='ltr'><strong>ὅσον</strong></span> <span class='ocrx_word' id='word_1_61' title='bbox 1273 1073 1376 1127; x_wconf 54' lang='grc' dir='ltr'><strong>καῖ</strong></span> <span class='ocrx_word' id='word_1_62' title='bbox 1407 1074 1795 1145; x_wconf 80' lang='grc' dir='ltr'><strong>εὑρισκόμεθα·</strong></span> 
     </span>
    </p>
   </div>
   <div class='ocr_carea' id='block_1_12' title="bbox 233 1151 1800 1238">
    <p class='ocr_par' dir='ltr' id='par_1_12' title="bbox 233 1151 1800 1238">
     <span class='ocr_line' id='line_1_12' title="bbox 233 1151 1800 1238; baseline -0.001 -19"><span class='ocrx_word' id='word_1_63' title='bbox 233 1170 323 1219; x_wconf 71' lang='grc' dir='ltr'><strong>καὶ</strong></span> <span class='ocrx_word' id='word_1_64' title='bbox 357 1167 425 1236; x_wconf 82' lang='grc' dir='ltr'><strong>δὴ</strong></span> <span class='ocrx_word' id='word_1_65' title='bbox 463 1170 598 1238; x_wconf 79' lang='grc' dir='ltr'><strong>πρὸς</strong></span> <span class='ocrx_word' id='word_1_66' title='bbox 628 1169 740 1229; x_wconf 81' lang='grc' dir='ltr'><strong>τοῖς</strong></span> <span class='ocrx_word' id='word_1_67' title='bbox 785 1168 965 1230; x_wconf 75' lang='grc' dir='ltr'><strong>ἄλλοις</strong></span> <span class='ocrx_word' id='word_1_68' title='bbox 998 1162 1076 1228; x_wconf 76' lang='grc' dir='ltr'><strong>οἷς</strong></span> <span class='ocrx_word' id='word_1_69' title='bbox 1128 1169 1223 1219; x_wconf 73' lang='grc' dir='ltr'><strong>καὶ</strong></span> <span class='ocrx_word' id='word_1_70' title='bbox 1257 1151 1714 1236; x_wconf 81' lang='grc' dir='ltr'><strong>προσωνειδίκασι</strong></span> <span class='ocrx_word' id='word_1_71' title='bbox 1741 1166 1800 1218; x_wconf 81' lang='grc' dir='ltr'><strong>τὸ</strong></span> 
     </span>
    </p>
   </div>
   <div class='ocr_carea' id='block_1_13' title="bbox 230 1259 1800 1329">
    <p class='ocr_par' dir='ltr' id='par_1_13' title="bbox 230 1259 1800 1329">
     <span class='ocr_line' id='line_1_13' title="bbox 230 1259 1800 1329; baseline 0.001 -18"><span class='ocrx_word' id='word_1_72' title='bbox 230 1263 286 1311; x_wconf 81' lang='grc' dir='ltr'><strong>ἐν</strong></span> <span class='ocrx_word' id='word_1_73' title='bbox 319 1261 611 1328; x_wconf 73' lang='grc' dir='ltr'>ὑποκρίσει</span> <span class='ocrx_word' id='word_1_74' title='bbox 661 1260 912 1329; x_wconf 77' lang='grc' dir='ltr'><strong>βιοῦντας</strong></span> <span class='ocrx_word' id='word_1_75' title='bbox 944 1261 1110 1329; x_wconf 77' lang='grc' dir='ltr'><strong>ἡμᾶς,</strong></span> <span class='ocrx_word' id='word_1_76' title='bbox 1147 1261 1267 1312; x_wconf 79' lang='grc' dir='ltr'><strong>οὐδὲ</strong></span> <span class='ocrx_word' id='word_1_77' title='bbox 1321 1261 1461 1312; x_wconf 76' lang='grc' dir='ltr'><strong>κατὰ</strong></span> <span class='ocrx_word' id='word_1_78' title='bbox 1510 1259 1606 1328; x_wconf 82' lang='grc' dir='ltr'><strong>τῆς</strong></span> <span class='ocrx_word' id='word_1_79' title='bbox 1640 1260 1800 1326; x_wconf 82' lang='grc' dir='ltr'><strong>ἁγίας</strong></span> 
     </span>
    </p>
   </div>
   <div class='ocr_carea' id='block_1_14' title="bbox 233 1350 1802 1420">
    <p class='ocr_par' dir='ltr' id='par_1_14' title="bbox 233 1350 1802 1420">
     <span class='ocr_line' id='line_1_14' title="bbox 233 1350 1802 1420; baseline -0.001 -17"><span class='ocrx_word' id='word_1_80' title='bbox 233 1353 323 1404; x_wconf 67' lang='grc' dir='ltr'><strong>καὶ</strong></span> <span class='ocrx_word' id='word_1_81' title='bbox 382 1353 686 1420; x_wconf 77' lang='grc' dir='ltr'><strong>ἀμωμήτου</strong></span> <span class='ocrx_word' id='word_1_82' title='bbox 725 1353 880 1419; x_wconf 81' lang='grc' dir='ltr'><strong>ὑμῶν</strong></span> <span class='ocrx_word' id='word_1_83' title='bbox 914 1352 1147 1414; x_wconf 81' lang='grc' dir='ltr'><strong>πίστεως</strong></span> <span class='ocrx_word' id='word_1_84' title='bbox 1185 1351 1592 1420; x_wconf 76' lang='grc' dir='ltr'><strong>συκοφαντῆσαι</strong></span> <span class='ocrx_word' id='word_1_85' title='bbox 1653 1350 1802 1418; x_wconf 86' lang='grc' dir='ltr'><strong>ἐφεί-</strong></span> 
     </span>
    </p>
   </div>
   <div class='ocr_carea' id='block_1_15' title="bbox 231 1439 1800 1511">
    <p class='ocr_par' dir='ltr' id='par_1_15' title="bbox 231 1439 1800 1511">
     <span class='ocr_line' id='line_1_15' title="bbox 231 1439 1800 1511; baseline -0.001 -17"><span class='ocrx_word' id='word_1_86' title='bbox 231 1461 422 1496; x_wconf 83' lang='grc' dir='ltr'><strong>σαντο.</strong></span> <span class='ocrx_word' id='word_1_87' title='bbox 463 1439 578 1507; x_wconf 72' lang='grc' dir='ltr'><strong>Οἷς,</strong></span> <span class='ocrx_word' id='word_1_88' title='bbox 615 1445 714 1495; x_wconf 58' lang='grc' dir='ltr'><strong>Θεὲ</strong></span> <span class='ocrx_word' id='word_1_89' title='bbox 762 1443 853 1496; x_wconf 91' lang='grc' dir='ltr'><strong>τοῦ</strong></span> <span class='ocrx_word' id='word_1_90' title='bbox 890 1444 1109 1507; x_wconf 74' lang='grc' dir='ltr'><strong>παντὸς,</strong></span> <span class='ocrx_word' id='word_1_91' title='bbox 1137 1447 1164 1496; x_wconf 86' lang='grc' dir='ltr'>ὁ</span> <span class='ocrx_word' id='word_1_92' title='bbox 1187 1443 1352 1496; x_wconf 82' lang='grc' dir='ltr'><strong>ἐλθὼν</strong></span> <span class='ocrx_word' id='word_1_93' title='bbox 1397 1447 1477 1507; x_wconf 82' lang='grc' dir='ltr'><strong>είς</strong></span> <span class='ocrx_word' id='word_1_94' title='bbox 1509 1446 1566 1496; x_wconf 77' lang='grc' dir='ltr'><strong>τὸ</strong></span> <span class='ocrx_word' id='word_1_95' title='bbox 1595 1444 1800 1511; x_wconf 73' lang='grc' dir='ltr'><strong>πλάνης</strong></span> 
     </span>
    </p>
   </div>
   <div class='ocr_carea' id='block_1_16' title="bbox 232 1534 1832 1605">
    <p class='ocr_par' dir='ltr' id='par_1_16' title="bbox 232 1534 1832 1605">
     <span class='ocr_line' id='line_1_16' title="bbox 232 1534 1832 1605; baseline 0.001 -21"><span class='ocrx_word' id='word_1_96' title='bbox 232 1536 325 1584; x_wconf 77' lang='grc' dir='ltr'><strong>καὶ</strong></span> <span class='ocrx_word' id='word_1_97' title='bbox 355 1535 619 1595; x_wconf 76' lang='grc' dir='ltr'><strong>ὰσεῦείας</strong></span> <span class='ocrx_word' id='word_1_98' title='bbox 653 1534 877 1601; x_wconf 77' lang='grc' dir='ltr'><strong>βροτοὺς</strong></span> <span class='ocrx_word' id='word_1_99' title='bbox 906 1534 1378 1605; x_wconf 78' lang='grc' dir='ltr'><strong>ἐκλυτρὼσασθαι,</strong></span> <span class='ocrx_word' id='word_1_100' title='bbox 1406 1537 1463 1587; x_wconf 85' lang='grc' dir='ltr'><strong>ἐν</strong></span> <span class='ocrx_word' id='word_1_101' title='bbox 1493 1537 1558 1603; x_wconf 75' lang='grc' dir='ltr'><strong>τῇ</strong></span> <span class='ocrx_word' id='word_1_102' title='bbox 1592 1535 1832 1586; x_wconf 60' lang='grc' dir='ltr'><strong>δικαιο-ιε</strong></span> 
     </span>
    </p>
   </div>
   <div class='ocr_carea' id='block_1_17' title="bbox 231 1625 1801 1695">
    <p class='ocr_par' dir='ltr' id='par_1_17' title="bbox 231 1625 1801 1695">
     <span class='ocr_line' id='line_1_17' title="bbox 231 1625 1801 1695; baseline 0.004 -23"><span class='ocrx_word' id='word_1_103' title='bbox 231 1627 372 1692; x_wconf 74' lang='grc' dir='ltr'><strong>σύνῃ</strong></span> <span class='ocrx_word' id='word_1_104' title='bbox 419 1641 514 1676; x_wconf 86' lang='grc' dir='ltr'><strong>σου</strong></span> <span class='ocrx_word' id='word_1_105' title='bbox 550 1626 948 1695; x_wconf 71' lang='grc' dir='ltr'><strong>ἀντιμετρησον</strong></span> <span class='ocrx_word' id='word_1_106' title='bbox 971 1640 985 1654; x_wconf 86' lang='lat'>&#39;</span> <span class='ocrx_word' id='word_1_107' title='bbox 1018 1629 1110 1678; x_wconf 77' lang='grc' dir='ltr'><strong>καὶ</strong></span> <span class='ocrx_word' id='word_1_108' title='bbox 1139 1627 1170 1695; x_wconf 82' lang='grc' dir='ltr'>ἡ</span> <span class='ocrx_word' id='word_1_109' title='bbox 1206 1627 1446 1694; x_wconf 81' lang='grc' dir='ltr'><strong>ῥομφαία</strong></span> <span class='ocrx_word' id='word_1_110' title='bbox 1479 1625 1656 1679; x_wconf 71' lang='grc' dir='ltr'><strong>αὐτῶν</strong></span> <span class='ocrx_word' id='word_1_111' title='bbox 1689 1630 1801 1678; x_wconf 81' lang='grc' dir='ltr'><strong>εἴσ-</strong></span> 
     </span>
    </p>
   </div>
   <div class='ocr_carea' id='block_1_18' title="bbox 231 1716 1802 1788">
    <p class='ocr_par' dir='ltr' id='par_1_18' title="bbox 231 1716 1802 1788">
     <span class='ocr_line' id='line_1_18' title="bbox 231 1716 1802 1788; baseline 0.002 -21"><span class='ocrx_word' id='word_1_112' title='bbox 231 1716 377 1768; x_wconf 71' lang='grc' dir='ltr'><strong>ελθοι</strong></span> <span class='ocrx_word' id='word_1_113' title='bbox 413 1718 491 1778; x_wconf 83' lang='grc' dir='ltr'><strong>είς</strong></span> <span class='ocrx_word' id='word_1_114' title='bbox 526 1720 622 1778; x_wconf 70' lang='grc' dir='ltr'><strong>τὰς</strong></span> <span class='ocrx_word' id='word_1_115' title='bbox 671 1719 899 1788; x_wconf 78' lang='grc' dir='ltr'><strong>καρδίας</strong></span> <span class='ocrx_word' id='word_1_116' title='bbox 934 1718 1133 1782; x_wconf 79' lang='grc' dir='ltr'><strong>αὐτῶν,</strong></span> <span class='ocrx_word' id='word_1_117' title='bbox 1178 1721 1225 1770; x_wconf 82' lang='grc' dir='ltr'><strong>εί</strong></span> <span class='ocrx_word' id='word_1_118' title='bbox 1280 1718 1387 1785; x_wconf 79' lang='grc' dir='ltr'><strong>ἐγὼ</strong></span> <span class='ocrx_word' id='word_1_119' title='bbox 1422 1720 1512 1770; x_wconf 75' lang='grc' dir='ltr'><strong>ἐπὶ</strong></span> <span class='ocrx_word' id='word_1_120' title='bbox 1551 1719 1608 1782; x_wconf 79' lang='grc' dir='ltr'><strong>ρὲ</strong></span> <span class='ocrx_word' id='word_1_121' title='bbox 1636 1722 1802 1788; x_wconf 81' lang='grc' dir='ltr'><strong>ἐπερ-</strong></span> 
     </span>
    </p>
   </div>
   <div class='ocr_carea' id='block_1_19' title="bbox 1896 618 3463 692">
    <p class='ocr_par' dir='ltr' id='par_1_19' title="bbox 1896 618 3463 692">
     <span class='ocr_line' id='line_1_19' title="bbox 1896 618 3463 692; baseline 0.009 -25"><span class='ocrx_word' id='word_1_122' title='bbox 1896 618 2120 685; x_wconf 70' lang='lat' dir='ltr'><strong>pra‘mia</strong></span> <span class='ocrx_word' id='word_1_123' title='bbox 2163 619 2412 681; x_wconf 93' lang='lat' dir='ltr'><strong>contulit,</strong></span> <span class='ocrx_word' id='word_1_124' title='bbox 2446 621 2536 688; x_wconf 86' lang='lat' dir='ltr'><strong>qui</strong></span> <span class='ocrx_word' id='word_1_125' title='bbox 2581 630 2738 676; x_wconf 87' lang='lat' dir='ltr'><strong>antea</strong></span> <span class='ocrx_word' id='word_1_126' title='bbox 2790 621 2904 676; x_wconf 91' lang='lat' dir='ltr'><strong>luto</strong></span> <span class='ocrx_word' id='word_1_127' title='bbox 2935 625 3232 692; x_wconf 71' lang='lat' dir='ltr'><strong>platearum</strong></span> <span class='ocrx_word' id='word_1_128' title='bbox 3291 627 3463 682; x_wconf 86' lang='lat' dir='ltr'><strong>illitus</strong></span> 
     </span>
    </p>
   </div>
   <div class='ocr_carea' id='block_1_20' title="bbox 1897 702 3460 784">
    <p class='ocr_par' dir='ltr' id='par_1_20' title="bbox 1897 702 3460 784">
     <span class='ocr_line' id='line_1_20' title="bbox 1897 702 3460 784; baseline 0.009 -26"><span class='ocrx_word' id='word_1_129' title='bbox 1897 707 2073 760; x_wconf 79' lang='lat' dir='ltr'><strong>fuerat</strong></span> <span class='ocrx_word' id='word_1_130' title='bbox 2105 725 2116 758; x_wconf 88' lang='lat'><strong>:</strong></span> <span class='ocrx_word' id='word_1_131' title='bbox 2147 709 2515 779; x_wconf 87' lang='lat' dir='ltr'><strong>concedatqne</strong></span> <span class='ocrx_word' id='word_1_132' title='bbox 2571 713 2668 779; x_wconf 90' lang='lat' dir='ltr'><strong>ipsi</strong></span> <span class='ocrx_word' id='word_1_133' title='bbox 2705 721 2762 767; x_wconf 93' lang='lat' dir='ltr'><strong>ut</strong></span> <span class='ocrx_word' id='word_1_134' title='bbox 2822 714 2874 766; x_wconf 94' lang='lat' dir='ltr'><strong>in</strong></span> <span class='ocrx_word' id='word_1_135' title='bbox 2907 730 3073 784; x_wconf 87' lang='lat' dir='ltr'><strong>regno</strong></span> <span class='ocrx_word' id='word_1_136' title='bbox 3097 716 3298 772; x_wconf 76' lang='lat' dir='ltr'><strong>Christi</strong></span> <span class='ocrx_word' id='word_1_137' title='bbox 3356 702 3460 772; x_wconf 81' lang='lat' dir='ltr'><strong>una</strong></span> 
     </span>
    </p>
   </div>
   <div class='ocr_carea' id='block_1_21' title="bbox 1897 798 3462 868">
    <p class='ocr_par' dir='ltr' id='par_1_21' title="bbox 1897 798 3462 868">
     <span class='ocr_line' id='line_1_21' title="bbox 1897 798 3462 868; baseline 0.006 -18"><span class='ocrx_word' id='word_1_138' title='bbox 1897 813 2019 850; x_wconf 86' lang='lat' dir='ltr'><strong>cum</strong></span> <span class='ocrx_word' id='word_1_139' title='bbox 2055 799 2146 851; x_wconf 89' lang='lat' dir='ltr'><strong>illo</strong></span> <span class='ocrx_word' id='word_1_140' title='bbox 2181 803 2427 868; x_wconf 75' lang='lat' dir='ltr'><strong>epuletur</strong></span> <span class='ocrx_word' id='word_1_141' title='bbox 2458 815 2511 855; x_wconf 88' lang='lat' dir='ltr'><strong>et</strong></span> <span class='ocrx_word' id='word_1_142' title='bbox 2541 802 2590 855; x_wconf 92' lang='lat' dir='ltr'><strong>in</strong></span> <span class='ocrx_word' id='word_1_143' title='bbox 2617 804 2723 858; x_wconf 90' lang='lat' dir='ltr'><strong>Deo</strong></span> <span class='ocrx_word' id='word_1_144' title='bbox 2756 798 2988 860; x_wconf 66' lang='lat' dir='ltr'><strong>ltetetur.</strong></span> <span class='ocrx_word' id='word_1_145' title='bbox 3031 807 3134 861; x_wconf 88' lang='lat' dir='ltr'><strong>Sed</strong></span> <span class='ocrx_word' id='word_1_146' title='bbox 3180 820 3238 863; x_wconf 91' lang='lat' dir='ltr'><strong>ut</strong></span> <span class='ocrx_word' id='word_1_147' title='bbox 3278 811 3462 865; x_wconf 80' lang='lat' dir='ltr'><strong>dicere</strong></span> 
     </span>
    </p>
   </div>
   <div class='ocr_carea' id='block_1_22' title="bbox 1898 895 3462 968">
    <p class='ocr_par' dir='ltr' id='par_1_22' title="bbox 1898 895 3462 968">
     <span class='ocr_line' id='line_1_22' title="bbox 1898 895 3462 968; baseline 0.008 -25"><span class='ocrx_word' id='word_1_148' title='bbox 1898 905 2192 960; x_wconf 64' lang='lat' dir='ltr'><strong>coeperam,</strong></span> <span class='ocrx_word' id='word_1_149' title='bbox 2221 909 2322 947; x_wconf 83' lang='lat' dir='ltr'><strong>nos</strong></span> <span class='ocrx_word' id='word_1_150' title='bbox 2368 896 2431 948; x_wconf 91' lang='lat' dir='ltr'><strong>ad</strong></span> <span class='ocrx_word' id='word_1_151' title='bbox 2463 895 2808 965; x_wconf 84' lang='lat' dir='ltr'><strong>episcopatus</strong></span> <span class='ocrx_word' id='word_1_152' title='bbox 2863 899 3136 968; x_wconf 77' lang='lat' dir='ltr'><strong>fastigium</strong></span> <span class='ocrx_word' id='word_1_153' title='bbox 3165 904 3363 968; x_wconf 78' lang='lat' dir='ltr'><strong>evecti,</strong></span> <span class='ocrx_word' id='word_1_154' title='bbox 3395 903 3462 955; x_wconf 82' lang='lat' dir='ltr'><strong>ad</strong></span> 
     </span>
    </p>
   </div>
   <div class='ocr_carea' id='block_1_23' title="bbox 1901 984 3452 1057">
    <p class='ocr_par' dir='ltr' id='par_1_23' title="bbox 1901 984 3452 1057">
     <span class='ocr_line' id='line_1_23' title="bbox 1901 984 3452 1057; baseline 0.008 -23"><span class='ocrx_word' id='word_1_155' title='bbox 1901 998 2145 1050; x_wconf 83' lang='lat' dir='ltr'><strong>magnam</strong></span> <span class='ocrx_word' id='word_1_156' title='bbox 2178 984 2323 1037; x_wconf 85' lang='lat' dir='ltr'><strong>illam</strong></span> <span class='ocrx_word' id='word_1_157' title='bbox 2356 1002 2467 1040; x_wconf 90' lang='lat' dir='ltr'><strong>rem</strong></span> <span class='ocrx_word' id='word_1_158' title='bbox 2498 1001 2898 1057; x_wconf 87' lang='lat' dir='ltr'><strong>non&#39;quantum</strong></span> <span class='ocrx_word' id='word_1_159' title='bbox 2931 992 3157 1046; x_wconf 87' lang='lat' dir='ltr'><strong>decebat</strong></span> <span class='ocrx_word' id='word_1_160' title='bbox 3183 993 3452 1048; x_wconf 83' lang='lat' dir='ltr'><strong>laboravi-</strong></span> 
     </span>
    </p>
   </div>
   <div class='ocr_carea' id='block_1_24' title="bbox 1903 1077 3464 1144">
    <p class='ocr_par' dir='ltr' id='par_1_24' title="bbox 1903 1077 3464 1144">
     <span class='ocr_line' id='line_1_24' title="bbox 1903 1077 3464 1144; baseline 0.007 -19"><span class='ocrx_word' id='word_1_161' title='bbox 1903 1088 2041 1136; x_wconf 91' lang='lat' dir='ltr'><strong>mus,</strong></span> <span class='ocrx_word' id='word_1_162' title='bbox 2074 1086 2130 1128; x_wconf 89' lang='lat' dir='ltr'><strong>ut</strong></span> <span class='ocrx_word' id='word_1_163' title='bbox 2165 1077 2449 1138; x_wconf 84' lang='lat' dir='ltr'><strong>permultis</strong></span> <span class='ocrx_word' id='word_1_164' title='bbox 2482 1080 2657 1134; x_wconf 89' lang='lat' dir='ltr'><strong>visum</strong></span> <span class='ocrx_word' id='word_1_165' title='bbox 2693 1089 2777 1136; x_wconf 91' lang='lat' dir='ltr'><strong>est</strong></span> <span class='ocrx_word' id='word_1_166' title='bbox 2803 1098 2816 1144; x_wconf 93' lang='lat'><strong>;</strong></span> <span class='ocrx_word' id='word_1_167' title='bbox 2846 1083 2952 1136; x_wconf 91' lang='lat' dir='ltr'><strong>imo</strong></span> <span class='ocrx_word' id='word_1_168' title='bbox 2980 1083 3142 1137; x_wconf 87' lang='lat' dir='ltr'><strong>etiam</strong></span> <span class='ocrx_word' id='word_1_169' title='bbox 3172 1083 3464 1138; x_wconf 84' lang='lat' dir='ltr'><strong>admodum</strong></span> 
     </span>
    </p>
   </div>
   <div class='ocr_carea' id='block_1_25' title="bbox 1903 1163 3467 1246">
    <p class='ocr_par' dir='ltr' id='par_1_25' title="bbox 1903 1163 3467 1246">
     <span class='ocr_line' id='line_1_25' title="bbox 1903 1163 3467 1246; baseline 0.007 -31"><span class='ocrx_word' id='word_1_170' title='bbox 1903 1163 2121 1218; x_wconf 88' lang='lat' dir='ltr'><strong>inutiles</strong></span> <span class='ocrx_word' id='word_1_171' title='bbox 2151 1166 2611 1232; x_wconf 85' lang='lat' dir='ltr'><strong>deprehendimur</strong></span> <span class='ocrx_word' id='word_1_172' title='bbox 2643 1189 2655 1224; x_wconf 93' lang='lat'>:</span> <span class='ocrx_word' id='word_1_173' title='bbox 2711 1187 2773 1226; x_wconf 93' lang='lat' dir='ltr'><strong>ac</strong></span> <span class='ocrx_word' id='word_1_174' title='bbox 2798 1187 3155 1243; x_wconf 70' lang='lat' dir='ltr'><strong>praeterquam</strong></span> <span class='ocrx_word' id='word_1_175' title='bbox 3185 1176 3331 1246; x_wconf 92' lang='lat' dir='ltr'><strong>quod</strong></span> <span class='ocrx_word' id='word_1_176' title='bbox 3367 1191 3467 1230; x_wconf 78' lang='lat' dir='ltr'><strong>ex-</strong></span> 
     </span>
    </p>
   </div>
   <div class='ocr_carea' id='block_1_26' title="bbox 1904 1255 3466 1334">
    <p class='ocr_par' dir='ltr' id='par_1_26' title="bbox 1904 1255 3466 1334">
     <span class='ocr_line' id='line_1_26' title="bbox 1904 1255 3466 1334; baseline 0.01 -30"><span class='ocrx_word' id='word_1_177' title='bbox 1904 1255 2232 1322; x_wconf 90' lang='lat' dir='ltr'><strong>probrarunt</strong></span> <span class='ocrx_word' id='word_1_178' title='bbox 2289 1273 2389 1312; x_wconf 89' lang='lat' dir='ltr'><strong>nos</strong></span> <span class='ocrx_word' id='word_1_179' title='bbox 2445 1276 2568 1313; x_wconf 82' lang='lat' dir='ltr'><strong>cum</strong></span> <span class='ocrx_word' id='word_1_180' title='bbox 2626 1262 2897 1332; x_wconf 82' lang='lat' dir='ltr'><strong>hypocrisi</strong></span> <span class='ocrx_word' id='word_1_181' title='bbox 2955 1266 3116 1317; x_wconf 83' lang='lat' dir='ltr'><strong>vitam</strong></span> <span class='ocrx_word' id='word_1_182' title='bbox 3165 1281 3349 1334; x_wconf 77' lang='lat' dir='ltr'><strong>agere,</strong></span> <span class='ocrx_word' id='word_1_183' title='bbox 3400 1281 3466 1320; x_wconf 87' lang='lat' dir='ltr'><strong>ne</strong></span> 
     </span>
    </p>
   </div>
   <div class='ocr_carea' id='block_1_27' title="bbox 1898 1343 3463 1423">
    <p class='ocr_par' dir='ltr' id='par_1_27' title="bbox 1898 1343 3463 1423">
     <span class='ocr_line' id='line_1_27' title="bbox 1898 1343 3463 1423; baseline 0.012 -32"><span class='ocrx_word' id='word_1_184' title='bbox 1898 1343 2119 1422; x_wconf 77' lang='lat' dir='ltr'><strong>quidem</strong></span> <span class='ocrx_word' id='word_1_185' title='bbox 2191 1361 2430 1404; x_wconf 90' lang='lat' dir='ltr'><strong>sanctam</strong></span> <span class='ocrx_word' id='word_1_186' title='bbox 2490 1361 2545 1404; x_wconf 93' lang='lat' dir='ltr'><strong>et</strong></span> <span class='ocrx_word' id='word_1_187' title='bbox 2611 1353 2942 1423; x_wconf 89' lang='lat' dir='ltr'><strong>inculpatam</strong></span> <span class='ocrx_word' id='word_1_188' title='bbox 2998 1355 3158 1409; x_wconf 75' lang='lat' dir='ltr'><strong>{idem</strong></span> <span class='ocrx_word' id='word_1_189' title='bbox 3220 1367 3463 1410; x_wconf 87' lang='lat' dir='ltr'><strong>nostram</strong></span> 
     </span>
    </p>
   </div>
   <div class='ocr_carea' id='block_1_28' title="bbox 1861 1437 3468 1512">
    <p class='ocr_par' dir='ltr' id='par_1_28' title="bbox 1861 1437 3468 1512">
     <span class='ocr_line' id='line_1_28' title="bbox 1861 1437 3468 1512; baseline 0.009 -25"><span class='ocrx_word' id='word_1_190' title='bbox 1861 1437 2192 1491; x_wconf 32' lang='lat' dir='ltr'><strong>icalumniis</strong></span> <span class='ocrx_word' id='word_1_191' title='bbox 2270 1456 2494 1494; x_wconf 82' lang='lat' dir='ltr'><strong>vacuam</strong></span> <span class='ocrx_word' id='word_1_192' title='bbox 2563 1444 2924 1512; x_wconf 89' lang='lat' dir='ltr'><strong>reliquerunt.</strong></span> <span class='ocrx_word' id='word_1_193' title='bbox 2953 1445 3185 1510; x_wconf 84' lang='lat' dir='ltr'><strong>Quibus,</strong></span> <span class='ocrx_word' id='word_1_194' title='bbox 3233 1463 3266 1501; x_wconf 88' lang='grc' dir='ltr'><strong>ο</strong></span> <span class='ocrx_word' id='word_1_195' title='bbox 3325 1445 3468 1501; x_wconf 83' lang='lat' dir='ltr'><strong>Deus</strong></span> 
     </span>
    </p>
   </div>
   <div class='ocr_carea' id='block_1_29' title="bbox 1909 1526 3471 1598">
    <p class='ocr_par' dir='ltr' id='par_1_29' title="bbox 1909 1526 3471 1598">
     <span class='ocr_line' id='line_1_29' title="bbox 1909 1526 3471 1598; baseline 0.01 -22"><span class='ocrx_word' id='word_1_196' title='bbox 1909 1526 2305 1593; x_wconf 81' lang='lat' dir='ltr'><strong>universorum,</strong></span> <span class='ocrx_word' id='word_1_197' title='bbox 2354 1531 2444 1598; x_wconf 92' lang='lat' dir='ltr'><strong>qui</strong></span> <span class='ocrx_word' id='word_1_198' title='bbox 2479 1533 2675 1587; x_wconf 88' lang='lat' dir='ltr'><strong>venisti</strong></span> <span class='ocrx_word' id='word_1_199' title='bbox 2708 1544 2765 1587; x_wconf 93' lang='lat' dir='ltr'><strong>ut</strong></span> <span class='ocrx_word' id='word_1_200' title='bbox 2820 1539 3078 1589; x_wconf 84' lang='lat' dir='ltr'><strong>mortales</strong></span> <span class='ocrx_word' id='word_1_201' title='bbox 3112 1537 3178 1590; x_wconf 89' lang='lat' dir='ltr'><strong>ab</strong></span> <span class='ocrx_word' id='word_1_202' title='bbox 3204 1553 3390 1592; x_wconf 87' lang='lat' dir='ltr'><strong>errore</strong></span> <span class='ocrx_word' id='word_1_203' title='bbox 3416 1548 3471 1591; x_wconf 93' lang='lat' dir='ltr'><strong>et</strong></span> 
     </span>
    </p>
   </div>
   <div class='ocr_carea' id='block_1_30' title="bbox 1908 1617 3465 1701">
    <p class='ocr_par' dir='ltr' id='par_1_30' title="bbox 1908 1617 3465 1701">
     <span class='ocr_line' id='line_1_30' title="bbox 1908 1617 3465 1701; baseline 0.008 -31"><span class='ocrx_word' id='word_1_204' title='bbox 1908 1617 2184 1687; x_wconf 83' lang='lat' dir='ltr'><strong>impietate</strong></span> <span class='ocrx_word' id='word_1_205' title='bbox 2239 1621 2521 1688; x_wconf 87' lang='lat' dir='ltr'><strong>liberares,</strong></span> <span class='ocrx_word' id='word_1_206' title='bbox 2563 1625 2614 1678; x_wconf 92' lang='lat' dir='ltr'><strong>in</strong></span> <span class='ocrx_word' id='word_1_207' title='bbox 2643 1625 2853 1693; x_wconf 87' lang='lat' dir='ltr'><strong>justitia</strong></span> <span class='ocrx_word' id='word_1_208' title='bbox 2885 1635 2972 1681; x_wconf 90' lang='lat' dir='ltr'><strong>tua</strong></span> <span class='ocrx_word' id='word_1_209' title='bbox 3008 1629 3120 1701; x_wconf 81' lang='lat' dir='ltr'><strong>vice</strong></span> <span class='ocrx_word' id='word_1_210' title='bbox 3179 1630 3465 1699; x_wconf 86' lang='lat' dir='ltr'><strong>rependas,</strong></span> 
     </span>
    </p>
   </div>
   <div class='ocr_carea' id='block_1_31' title="bbox 1907 1710 3464 1792">
    <p class='ocr_par' dir='ltr' id='par_1_31' title="bbox 1907 1710 3464 1792">
     <span class='ocr_line' id='line_1_31' title="bbox 1907 1710 3464 1792; baseline 0.008 -29"><span class='ocrx_word' id='word_1_211' title='bbox 1907 1718 1960 1763; x_wconf 89' lang='lat' dir='ltr'><strong>et</strong></span> <span class='ocrx_word' id='word_1_212' title='bbox 1990 1710 2200 1779; x_wconf 78' lang='lat' dir='ltr'><strong>gladius</strong></span> <span class='ocrx_word' id='word_1_213' title='bbox 2232 1728 2417 1766; x_wconf 87' lang='lat' dir='ltr'><strong>eorum</strong></span> <span class='ocrx_word' id='word_1_214' title='bbox 2467 1716 2632 1770; x_wconf 85' lang='lat' dir='ltr'><strong>intret</strong></span> <span class='ocrx_word' id='word_1_215' title='bbox 2682 1718 2734 1770; x_wconf 93' lang='lat' dir='ltr'><strong>in</strong></span> <span class='ocrx_word' id='word_1_216' title='bbox 2766 1719 2929 1771; x_wconf 92' lang='lat' dir='ltr'><strong>corda</strong></span> <span class='ocrx_word' id='word_1_217' title='bbox 2962 1719 3202 1787; x_wconf 82' lang='lat' dir='ltr'><strong>ipsorum</strong></span> <span class='ocrx_word' id='word_1_218' title='bbox 3229 1764 3241 1787; x_wconf 96' lang='lat'><strong>,</strong></span> <span class='ocrx_word' id='word_1_219' title='bbox 3271 1723 3315 1774; x_wconf 93' lang='lat' dir='ltr'><strong>si</strong></span> <span class='ocrx_word' id='word_1_220' title='bbox 3343 1738 3464 1792; x_wconf 92' lang='lat' dir='ltr'><strong>ego.</strong></span> 
     </span>
    </p>
   </div>
   <div class='ocr_carea' id='block_1_32' title="bbox 233 1803 1818 1883">
    <p class='ocr_par' dir='ltr' id='par_1_32' title="bbox 233 1809 1803 1878">
     <span class='ocr_line' id='line_1_32' title="bbox 233 1809 1803 1878; baseline 0.004 -21"><span class='ocrx_word' id='word_1_221' title='bbox 233 1809 407 1876; x_wconf 67' lang='grc' dir='ltr'><strong>ρίφην</strong></span> <span class='ocrx_word' id='word_1_222' title='bbox 437 1809 548 1871; x_wconf 74' lang='grc' dir='ltr'><strong>ἀπὸ</strong></span> <span class='ocrx_word' id='word_1_223' title='bbox 592 1809 827 1877; x_wconf 75' lang='grc' dir='ltr'><strong>γαστρός</strong></span> <span class='ocrx_word' id='word_1_224' title='bbox 855 1823 869 1837; x_wconf 78' lang='grc'><strong><em>⁸</em></strong></span> <span class='ocrx_word' id='word_1_225' title='bbox 907 1811 1000 1861; x_wconf 80' lang='grc' dir='ltr'><strong>καὶ</strong></span> <span class='ocrx_word' id='word_1_226' title='bbox 1033 1810 1232 1878; x_wconf 78' lang='grc' dir='ltr'><strong>μᾶλλον</strong></span> <span class='ocrx_word' id='word_1_227' title='bbox 1256 1812 1367 1871; x_wconf 80' lang='grc' dir='ltr'><strong>τοῖς</strong></span> <span class='ocrx_word' id='word_1_228' title='bbox 1403 1811 1526 1878; x_wconf 79' lang='grc' dir='ltr'><strong>περὶ</strong></span> <span class='ocrx_word' id='word_1_229' title='bbox 1570 1810 1660 1862; x_wconf 78' lang='grc' dir='ltr'><strong>τὸν</strong></span> <span class='ocrx_word' id='word_1_230' title='bbox 1705 1811 1803 1864; x_wconf 80' lang='grc' dir='ltr'><strong>Ἰά-</strong></span> 
     </span>
    </p>
   </div>
   <div class='ocr_carea' id='block_1_33' title="bbox 1866 1803 3469 1883">
    <p class='ocr_par' dir='ltr' id='par_1_33' title="bbox 1866 1803 3469 1883">
     <span class='ocr_line' id='line_1_33' title="bbox 1866 1803 3469 1883; baseline 0.01 -32"><span class='ocrx_word' id='word_1_231' title='bbox 1866 1820 1880 1871; x_wconf 75' lang='grc' dir='ltr'><strong>ι</strong></span> <span class='ocrx_word' id='word_1_232' title='bbox 1911 1811 1965 1853; x_wconf 90' lang='lat' dir='ltr'><strong>et</strong></span> <span class='ocrx_word' id='word_1_233' title='bbox 1998 1803 2216 1868; x_wconf 85' lang='lat' dir='ltr'><strong>quidem</strong></span> <span class='ocrx_word' id='word_1_234' title='bbox 2252 1805 2532 1874; x_wconf 88' lang='lat' dir='ltr'><strong>plusquam</strong></span> <span class='ocrx_word' id='word_1_235' title='bbox 2575 1808 2689 1876; x_wconf 90' lang='lat' dir='ltr'><strong>ipse</strong></span> <span class='ocrx_word' id='word_1_236' title='bbox 2721 1808 2978 1872; x_wconf 84' lang='lat' dir='ltr'><strong>Jacohus,</strong></span> <span class='ocrx_word' id='word_1_237' title='bbox 3012 1813 3065 1863; x_wconf 85' lang='lat' dir='ltr'><strong>in</strong></span> <span class='ocrx_word' id='word_1_238' title='bbox 3119 1821 3166 1865; x_wconf 81' lang='lat' dir='ltr'><strong>te</strong></span> <span class='ocrx_word' id='word_1_239' title='bbox 3207 1814 3469 1883; x_wconf 72' lang='lat' dir='ltr'><strong>projectus</strong></span> 
     </span>
    </p>
   </div>
   <div class='ocr_carea' id='block_1_34' title="bbox 233 1888 1798 1971">
    <p class='ocr_par' dir='ltr' id='par_1_34' title="bbox 233 1888 1798 1971">
     <span class='ocr_line' id='line_1_34' title="bbox 233 1888 1798 1971; baseline -0.001 -16"><span class='ocrx_word' id='word_1_240' title='bbox 233 1888 439 1964; x_wconf 72' lang='grc' dir='ltr'><strong>κωεον,</strong></span> <span class='ocrx_word' id='word_1_241' title='bbox 475 1902 591 1962; x_wconf 82' lang='grc' dir='ltr'><strong>τοῖς</strong></span> <span class='ocrx_word' id='word_1_242' title='bbox 647 1902 942 1971; x_wconf 78' lang='grc' dir='ltr'><strong>ἐπαράτοις</strong></span> <span class='ocrx_word' id='word_1_243' title='bbox 980 1902 1073 1953; x_wconf 78' lang='grc' dir='ltr'><strong>καὶ</strong></span> <span class='ocrx_word' id='word_1_244' title='bbox 1111 1903 1284 1970; x_wconf 83' lang='grc' dir='ltr'><strong>πάντη</strong></span> <span class='ocrx_word' id='word_1_245' title='bbox 1335 1901 1708 1971; x_wconf 83' lang='grc' dir='ltr'><strong>Θεοστυγέσιν.</strong></span> <span class='ocrx_word' id='word_1_246' title='bbox 1735 1902 1798 1954; x_wconf 84' lang='grc' dir='ltr'>Οἶ</span> 
     </span>
    </p>
   </div>
   <div class='ocr_carea' id='block_1_35' title="bbox 230 1994 1796 2063">
    <p class='ocr_par' dir='ltr' id='par_1_35' title="bbox 230 1994 1796 2063">
     <span class='ocr_line' id='line_1_35' title="bbox 230 1994 1796 2063; baseline -0.001 -15"><span class='ocrx_word' id='word_1_247' title='bbox 230 2000 326 2050; x_wconf 69' lang='grc' dir='ltr'><strong>καὶ</strong></span> <span class='ocrx_word' id='word_1_248' title='bbox 363 1994 620 2060; x_wconf 69' lang='grc' dir='ltr'><strong>καθάπερ</strong></span> <span class='ocrx_word' id='word_1_249' title='bbox 657 1995 1087 2062; x_wconf 54' lang='grc' dir='ltr'><strong>ἀπεχθανόμενοι</strong></span> <span class='ocrx_word' id='word_1_250' title='bbox 1143 1995 1219 2063; x_wconf 83' lang='grc' dir='ltr'><strong>τῷ</strong></span> <span class='ocrx_word' id='word_1_251' title='bbox 1271 1995 1360 2046; x_wconf 72' lang='grc' dir='ltr'><strong>ἐπὶ</strong></span> <span class='ocrx_word' id='word_1_252' title='bbox 1407 1996 1627 2047; x_wconf 67' lang='grc' dir='ltr'><strong>πάντων</strong></span> <span class='ocrx_word' id='word_1_253' title='bbox 1657 1994 1796 2063; x_wconf 80' lang='grc' dir='ltr'><strong>Θεῷ,</strong></span> 
     </span>
    </p>
   </div>
   <div class='ocr_carea' id='block_1_36' title="bbox 231 2086 1804 2153">
    <p class='ocr_par' dir='ltr' id='par_1_36' title="bbox 231 2086 1804 2153">
     <span class='ocr_line' id='line_1_36' title="bbox 231 2086 1804 2153; baseline -0.001 -13"><span class='ocrx_word' id='word_1_254' title='bbox 231 2086 594 2141; x_wconf 79' lang='grc' dir='ltr'><strong>δικαιώσαντι</strong></span> <span class='ocrx_word' id='word_1_255' title='bbox 635 2086 728 2138; x_wconf 79' lang='grc' dir='ltr'><strong>καὶ</strong></span> <span class='ocrx_word' id='word_1_256' title='bbox 767 2088 915 2153; x_wconf 77' lang='grc' dir='ltr'><strong>ἡμᾶς</strong></span> <span class='ocrx_word' id='word_1_257' title='bbox 946 2087 1227 2139; x_wconf 79' lang='grc' dir='ltr'><strong>καλεῖσθαι</strong></span> <span class='ocrx_word' id='word_1_258' title='bbox 1279 2087 1387 2140; x_wconf 68' lang='grc' dir='ltr'><strong>ἀπὸ</strong></span> <span class='ocrx_word' id='word_1_259' title='bbox 1418 2086 1674 2152; x_wconf 80' lang='grc' dir='ltr'><strong>Χριστοῦ,</strong></span> <span class='ocrx_word' id='word_1_260' title='bbox 1705 2089 1804 2139; x_wconf 68' lang='grc' dir='ltr'><strong>καὶΔ</strong></span> 
     </span>
    </p>
   </div>
   <div class='ocr_carea' id='block_1_37' title="bbox 237 2178 1800 2247">
    <p class='ocr_par' dir='ltr' id='par_1_37' title="bbox 237 2178 1800 2247">
     <span class='ocr_line' id='line_1_37' title="bbox 237 2178 1800 2247; baseline 0.001 -17"><span class='ocrx_word' id='word_1_261' title='bbox 237 2182 312 2247; x_wconf 78' lang='grc' dir='ltr'><strong>μὴ</strong></span> <span class='ocrx_word' id='word_1_262' title='bbox 345 2180 569 2247; x_wconf 75' lang='grc' dir='ltr'><strong>ἔχοντες</strong></span> <span class='ocrx_word' id='word_1_263' title='bbox 602 2180 747 2239; x_wconf 83' lang='grc' dir='ltr'><strong>ὅπως</strong></span> <span class='ocrx_word' id='word_1_264' title='bbox 774 2180 978 2230; x_wconf 84' lang='grc' dir='ltr'><strong>ἐκεῖνον</strong></span> <span class='ocrx_word' id='word_1_265' title='bbox 1003 2178 1323 2247; x_wconf 84' lang='grc' dir='ltr'><strong>ἀμύνονται,</strong></span> <span class='ocrx_word' id='word_1_266' title='bbox 1354 2180 1491 2246; x_wconf 77' lang='grc' dir='ltr'><strong>κατὰ</strong></span> <span class='ocrx_word' id='word_1_267' title='bbox 1521 2179 1618 2247; x_wconf 84' lang='grc' dir='ltr'><strong>τῆς</strong></span> <span class='ocrx_word' id='word_1_268' title='bbox 1649 2179 1800 2247; x_wconf 75' lang='grc' dir='ltr'><strong>ἱερᾶς</strong></span> 
     </span>
    </p>
   </div>
   <div class='ocr_carea' id='block_1_38' title="bbox 233 2271 1797 2341">
    <p class='ocr_par' dir='ltr' id='par_1_38' title="bbox 233 2271 1797 2341">
     <span class='ocr_line' id='line_1_38' title="bbox 233 2271 1797 2341; baseline -0.002 -16"><span class='ocrx_word' id='word_1_269' title='bbox 233 2273 449 2325; x_wconf 81' lang='grc' dir='ltr'><strong>ἐκείνου</strong></span> <span class='ocrx_word' id='word_1_270' title='bbox 489 2272 808 2341; x_wconf 76' lang='grc' dir='ltr'><strong>Θεανδρικῆς</strong></span> <span class='ocrx_word' id='word_1_271' title='bbox 849 2274 942 2324; x_wconf 78' lang='grc' dir='ltr'><strong>καὶ</strong></span> <span class='ocrx_word' id='word_1_272' title='bbox 987 2273 1366 2340; x_wconf 62' lang='grc' dir='ltr'><strong>προσκυνητῖκ</strong></span> <span class='ocrx_word' id='word_1_273' title='bbox 1415 2272 1642 2335; x_wconf 73' lang='grc' dir='ltr'><strong>εἰκόνος,</strong></span> <span class='ocrx_word' id='word_1_274' title='bbox 1698 2271 1797 2335; x_wconf 81' lang='grc' dir='ltr'><strong>τῆς</strong></span> 
     </span>
    </p>
   </div>
   <div class='ocr_carea' id='block_1_39' title="bbox 233 2361 1798 2434">
    <p class='ocr_par' dir='ltr' id='par_1_39' title="bbox 233 2361 1798 2434">
     <span class='ocr_line' id='line_1_39' title="bbox 233 2361 1798 2434; baseline -0.003 -16"><span class='ocrx_word' id='word_1_275' title='bbox 233 2365 577 2434; x_wconf 74' lang='grc' dir='ltr'><strong>ἐρημώσεως</strong></span> <span class='ocrx_word' id='word_1_276' title='bbox 612 2364 680 2416; x_wconf 70' lang='grc' dir='ltr'><strong>τὰ</strong></span> <span class='ocrx_word' id='word_1_277' title='bbox 731 2362 1098 2432; x_wconf 84' lang='grc' dir='ltr'><strong>βδελύγματα,</strong></span> <span class='ocrx_word' id='word_1_278' title='bbox 1150 2361 1194 2414; x_wconf 84' lang='grc' dir='ltr'><strong>ὣ</strong></span> <span class='ocrx_word' id='word_1_279' title='bbox 1230 2363 1337 2415; x_wconf 82' lang='grc' dir='ltr'><strong>τῶν</strong></span> <span class='ocrx_word' id='word_1_280' title='bbox 1383 2361 1532 2430; x_wconf 81' lang='grc' dir='ltr'><strong>ἐμῶν</strong></span> <span class='ocrx_word' id='word_1_281' title='bbox 1574 2363 1798 2416; x_wconf 74' lang='grc' dir='ltr'><strong>κακῶνι</strong></span> 
     </span>
    </p>
   </div>
   <div class='ocr_carea' id='block_1_40' title="bbox 236 2453 1800 2524">
    <p class='ocr_par' dir='ltr' id='par_1_40' title="bbox 236 2453 1800 2524">
     <span class='ocr_line' id='line_1_40' title="bbox 236 2453 1800 2524; baseline -0.003 -14"><span class='ocrx_word' id='word_1_282' title='bbox 236 2457 505 2524; x_wconf 80' lang='grc' dir='ltr'><strong>λυττῆσαι</strong></span> <span class='ocrx_word' id='word_1_283' title='bbox 540 2456 640 2507; x_wconf 82' lang='grc' dir='ltr'><strong>ούκ</strong></span> <span class='ocrx_word' id='word_1_284' title='bbox 686 2453 936 2522; x_wconf 77' lang='grc' dir='ltr'><strong>ἐφριξαν,</strong></span> <span class='ocrx_word' id='word_1_285' title='bbox 979 2454 1112 2522; x_wconf 80' lang='grc' dir='ltr'><strong>πρὸς</strong></span> <span class='ocrx_word' id='word_1_286' title='bbox 1137 2454 1193 2507; x_wconf 77' lang='grc' dir='ltr'><strong>δέ</strong></span> <span class='ocrx_word' id='word_1_287' title='bbox 1231 2455 1324 2506; x_wconf 73' lang='grc' dir='ltr'><strong>καὶ</strong></span> <span class='ocrx_word' id='word_1_288' title='bbox 1355 2455 1452 2522; x_wconf 83' lang='grc' dir='ltr'><strong>τῆς</strong></span> <span class='ocrx_word' id='word_1_289' title='bbox 1491 2455 1800 2524; x_wconf 85' lang='grc' dir='ltr'><strong>παναχράν-</strong></span> 
     </span>
    </p>
   </div>
   <div class='ocr_carea' id='block_1_41' title="bbox 235 2546 1804 2616">
    <p class='ocr_par' dir='ltr' id='par_1_41' title="bbox 235 2546 1804 2616">
     <span class='ocr_line' id='line_1_41' title="bbox 235 2546 1804 2616; baseline 0 -14"><span class='ocrx_word' id='word_1_290' title='bbox 235 2567 326 2602; x_wconf 89' lang='grc' dir='ltr'><strong>του</strong></span> <span class='ocrx_word' id='word_1_291' title='bbox 359 2549 655 2614; x_wconf 73' lang='grc' dir='ltr'><strong>δεσποίνης</strong></span> <span class='ocrx_word' id='word_1_292' title='bbox 709 2549 864 2616; x_wconf 78' lang='grc' dir='ltr'><strong>ἡμῶν</strong></span> <span class='ocrx_word' id='word_1_293' title='bbox 900 2546 1190 2607; x_wconf 82' lang='grc' dir='ltr'><strong>Θεοτόκου,</strong></span> <span class='ocrx_word' id='word_1_294' title='bbox 1231 2546 1452 2600; x_wconf 77' lang='grc' dir='ltr'><strong>καὶτοῦ</strong></span> <span class='ocrx_word' id='word_1_295' title='bbox 1498 2547 1670 2599; x_wconf 85' lang='grc' dir='ltr'><strong>τύπου</strong></span> <span class='ocrx_word' id='word_1_296' title='bbox 1713 2547 1804 2602; x_wconf 89' lang='grc' dir='ltr'><strong>τοῦ</strong></span> 
     </span>
    </p>
   </div>
   <div class='ocr_carea' id='block_1_42' title="bbox 236 2637 1808 2708">
    <p class='ocr_par' dir='ltr' id='par_1_42' title="bbox 236 2637 1808 2708">
     <span class='ocr_line' id='line_1_42' title="bbox 236 2637 1808 2708; baseline -0.001 -13"><span class='ocrx_word' id='word_1_297' title='bbox 236 2642 388 2695; x_wconf 77' lang='grc' dir='ltr'><strong>θείου</strong></span> <span class='ocrx_word' id='word_1_298' title='bbox 427 2643 524 2693; x_wconf 71' lang='grc' dir='ltr'><strong>καὶ</strong></span> <span class='ocrx_word' id='word_1_299' title='bbox 580 2639 869 2708; x_wconf 77' lang='grc' dir='ltr'><strong>ζωηφόρου</strong></span> <span class='ocrx_word' id='word_1_300' title='bbox 908 2637 1165 2707; x_wconf 88' lang='grc' dir='ltr'><strong>σταυροῦ.</strong></span> <span class='ocrx_word' id='word_1_301' title='bbox 1204 2640 1280 2691; x_wconf 79' lang='grc' dir='ltr'><strong>Δι’</strong></span> <span class='ocrx_word' id='word_1_302' title='bbox 1306 2637 1399 2701; x_wconf 86' lang='grc' dir='ltr'><strong>οὓς</strong></span> <span class='ocrx_word' id='word_1_303' title='bbox 1438 2643 1532 2690; x_wconf 79' lang='grc' dir='ltr'><strong>καὶ</strong></span> <span class='ocrx_word' id='word_1_304' title='bbox 1559 2639 1808 2708; x_wconf 63' lang='grc' dir='ltr'><strong>ἀνάθεμα</strong></span> 
     </span>
    </p>
   </div>
   <div class='ocr_carea' id='block_1_43' title="bbox 238 2727 1804 2798">
    <p class='ocr_par' dir='ltr' id='par_1_43' title="bbox 238 2727 1804 2798">
     <span class='ocr_line' id='line_1_43' title="bbox 238 2727 1804 2798; baseline 0 -16"><span class='ocrx_word' id='word_1_305' title='bbox 238 2733 415 2783; x_wconf 75' lang='grc' dir='ltr'><strong>πᾶσιν</strong></span> <span class='ocrx_word' id='word_1_306' title='bbox 472 2731 768 2798; x_wconf 77' lang='grc' dir='ltr'><strong>αἱρετικοίς</strong></span> <span class='ocrx_word' id='word_1_307' title='bbox 802 2727 978 2780; x_wconf 76' lang='grc' dir='ltr'><strong>ἐκὸοῶ</strong></span> <span class='ocrx_word' id='word_1_308' title='bbox 1015 2730 1122 2780; x_wconf 81' lang='grc' dir='ltr'><strong>ἀπὸ</strong></span> <span class='ocrx_word' id='word_1_309' title='bbox 1168 2727 1304 2781; x_wconf 84' lang='grc' dir='ltr'><strong>Θεοῦ</strong></span> <span class='ocrx_word' id='word_1_310' title='bbox 1345 2730 1804 2798; x_wconf 76' lang='grc' dir='ltr'><strong>παντοκράτορος,</strong></span> 
     </span>
    </p>
   </div>
   <div class='ocr_carea' id='block_1_44' title="bbox 238 2819 1810 2892">
    <p class='ocr_par' dir='ltr' id='par_1_44' title="bbox 238 2819 1810 2892">
     <span class='ocr_line' id='line_1_44' title="bbox 238 2819 1810 2892; baseline 0.003 -21"><span class='ocrx_word' id='word_1_311' title='bbox 238 2820 337 2871; x_wconf 75' lang='grc' dir='ltr'><strong>καὶ</strong></span> <span class='ocrx_word' id='word_1_312' title='bbox 385 2819 968 2888; x_wconf 78' lang='grc' dir='ltr'><strong>χριστιανοκατηγὸρῳ</strong></span> <span class='ocrx_word' id='word_1_313' title='bbox 1020 2821 1207 2886; x_wconf 85' lang='grc' dir='ltr'><strong>παντὶ,</strong></span> <span class='ocrx_word' id='word_1_314' title='bbox 1246 2819 1325 2889; x_wconf 84' lang='grc' dir='ltr'><strong>τῷ</strong></span> <span class='ocrx_word' id='word_1_315' title='bbox 1385 2820 1459 2890; x_wconf 81' lang='grc' dir='ltr'><strong>μὴ</strong></span> <span class='ocrx_word' id='word_1_316' title='bbox 1514 2822 1810 2892; x_wconf 82' lang='grc' dir='ltr'><strong>ἀξιοχρέως</strong></span> 
     </span>
    </p>
   </div>
   <div class='ocr_carea' id='block_1_45' title="bbox 242 2911 1818 2993">
    <p class='ocr_par' dir='ltr' id='par_1_45' title="bbox 242 2911 1818 2993">
     <span class='ocr_line' id='line_1_45' title="bbox 242 2911 1818 2993; baseline -0.003 -28"><span class='ocrx_word' id='word_1_317' title='bbox 242 2914 671 2981; x_wconf 71' lang='grc' dir='ltr'><strong>μετανοήσαντι.</strong></span> <span class='ocrx_word' id='word_1_318' title='bbox 707 2912 804 2962; x_wconf 73' lang='grc' dir='ltr'><strong>Διὰ</strong></span> <span class='ocrx_word' id='word_1_319' title='bbox 836 2911 1006 2964; x_wconf 89' lang='grc' dir='ltr'><strong>ταῦτα</strong></span> <span class='ocrx_word' id='word_1_320' title='bbox 1051 2913 1142 2964; x_wconf 73' lang='grc' dir='ltr'><strong>καὶ</strong></span> <span class='ocrx_word' id='word_1_321' title='bbox 1174 2913 1274 2993; x_wconf 77' lang='grc' dir='ltr'><strong>τῆς</strong></span> <span class='ocrx_word' id='word_1_322' title='bbox 1309 2913 1466 2981; x_wconf 80' lang='grc' dir='ltr'><strong>ἡμῶν</strong></span> <span class='ocrx_word' id='word_1_323' title='bbox 1495 2915 1572 2981; x_wconf 79' lang='grc'><strong>(1)</strong></span> <span class='ocrx_word' id='word_1_324' title='bbox 1603 2915 1818 2983; x_wconf 76' lang='grc' dir='ltr'><strong>ιερότη.</strong></span> 
     </span>
    </p>
   </div>
   <div class='ocr_carea' id='block_1_46' title="bbox 234 3002 1815 3072">
    <p class='ocr_par' dir='ltr' id='par_1_46' title="bbox 234 3002 1815 3072">
     <span class='ocr_line' id='line_1_46' title="bbox 234 3002 1815 3072; baseline 0.001 -17"><span class='ocrx_word' id='word_1_325' title='bbox 234 3022 326 3066; x_wconf 82' lang='grc' dir='ltr'><strong>τος</strong></span> <span class='ocrx_word' id='word_1_326' title='bbox 355 3005 570 3070; x_wconf 75' lang='grc' dir='ltr'><strong>δέομαι,</strong></span> <span class='ocrx_word' id='word_1_327' title='bbox 609 3005 682 3072; x_wconf 79' lang='grc' dir='ltr'><strong>μὴ</strong></span> <span class='ocrx_word' id='word_1_328' title='bbox 713 3003 846 3070; x_wconf 75' lang='grc' dir='ltr'><strong>πρὸς</strong></span> <span class='ocrx_word' id='word_1_329' title='bbox 899 3002 1236 3071; x_wconf 82' lang='grc' dir='ltr'><strong>ἐμποδισμὸν</strong></span> <span class='ocrx_word' id='word_1_330' title='bbox 1267 3003 1522 3070; x_wconf 74' lang='grc' dir='ltr'><strong>ἐνστῆναι</strong></span> <span class='ocrx_word' id='word_1_331' title='bbox 1573 3021 1697 3058; x_wconf 86' lang='grc' dir='ltr'><strong>τινα</strong></span> <span class='ocrx_word' id='word_1_332' title='bbox 1746 3004 1815 3057; x_wconf 80' lang='grc' dir='ltr'><strong>δι’</strong></span> 
     </span>
    </p>
   </div>
   <div class='ocr_carea' id='block_1_47' title="bbox 237 3093 1813 3164">
    <p class='ocr_par' dir='ltr' id='par_1_47' title="bbox 237 3093 1813 3164">
     <span class='ocr_line' id='line_1_47' title="bbox 237 3093 1813 3164; baseline -0.001 -15"><span class='ocrx_word' id='word_1_333' title='bbox 237 3098 409 3149; x_wconf 72' lang='grc' dir='ltr'><strong>αὑτὸν</strong></span> <span class='ocrx_word' id='word_1_334' title='bbox 433 3097 524 3146; x_wconf 79' lang='grc' dir='ltr'><strong>τὸν</strong></span> <span class='ocrx_word' id='word_1_335' title='bbox 566 3093 822 3164; x_wconf 84' lang='grc' dir='ltr'><strong>Χριστόν.</strong></span> <span class='ocrx_word' id='word_1_336' title='bbox 851 3093 976 3147; x_wconf 73' lang='grc' dir='ltr'><strong>Ὀτι</strong></span> <span class='ocrx_word' id='word_1_337' title='bbox 1013 3093 1152 3164; x_wconf 87' lang='grc' dir='ltr'><strong>μηδέ</strong></span> <span class='ocrx_word' id='word_1_338' title='bbox 1186 3095 1410 3148; x_wconf 70' lang='grc' dir='ltr'><strong>δυνατὸν</strong></span> <span class='ocrx_word' id='word_1_339' title='bbox 1443 3096 1571 3149; x_wconf 74' lang='grc' dir='ltr'><strong>ἄλλο</strong></span> <span class='ocrx_word' id='word_1_340' title='bbox 1597 3111 1653 3149; x_wconf 91' lang='grc' dir='ltr'><strong>τι</strong></span> <span class='ocrx_word' id='word_1_341' title='bbox 1686 3113 1813 3164; x_wconf 86' lang='grc' dir='ltr'><strong>φρο-</strong></span> 
     </span>
    </p>
   </div>
   <div class='ocr_carea' id='block_1_48' title="bbox 1910 1890 3465 1966">
    <p class='ocr_par' dir='ltr' id='par_1_48' title="bbox 1910 1890 3465 1966">
     <span class='ocr_line' id='line_1_48' title="bbox 1910 1890 3465 1966; baseline 0.01 -21"><span class='ocrx_word' id='word_1_342' title='bbox 1910 1890 2026 1946; x_wconf 74' lang='lat' dir='ltr'><strong>sum</strong></span> <span class='ocrx_word' id='word_1_343' title='bbox 2075 1911 2137 1946; x_wconf 75' lang='lat' dir='ltr'><strong>ea:</strong></span> <span class='ocrx_word' id='word_1_344' title='bbox 2179 1905 2324 1949; x_wconf 81' lang='lat' dir='ltr'><strong>utero</strong></span> <span class='ocrx_word' id='word_1_345' title='bbox 2372 1898 2512 1966; x_wconf 92' lang='lat' dir='ltr'><strong>:qui</strong></span> <span class='ocrx_word' id='word_1_346' title='bbox 2578 1901 2898 1954; x_wconf 81' lang='lat' dir='ltr'><strong>exsecrandi</strong></span> <span class='ocrx_word' id='word_1_347' title='bbox 2955 1902 3204 1958; x_wconf 82' lang='lat' dir='ltr'><strong>homines</strong></span> <span class='ocrx_word' id='word_1_348' title='bbox 3257 1919 3318 1958; x_wconf 86' lang='lat' dir='ltr'><strong>ac</strong></span> <span class='ocrx_word' id='word_1_349' title='bbox 3371 1906 3465 1960; x_wconf 90' lang='lat' dir='ltr'><strong>Dei</strong></span> 
     </span>
    </p>
   </div>
   <div class='ocr_carea' id='block_1_49' title="bbox 1907 1987 3467 2059">
    <p class='ocr_par' dir='ltr' id='par_1_49' title="bbox 1907 1987 3467 2059">
     <span class='ocr_line' id='line_1_49' title="bbox 1907 1987 3467 2059; baseline 0.008 -21"><span class='ocrx_word' id='word_1_350' title='bbox 1907 1998 2119 2048; x_wconf 88' lang='lat' dir='ltr'><strong>osores,</strong></span> <span class='ocrx_word' id='word_1_351' title='bbox 2151 1987 2306 2054; x_wconf 91' lang='lat' dir='ltr'><strong>quasi</strong></span> <span class='ocrx_word' id='word_1_352' title='bbox 2356 1987 2664 2042; x_wconf 86' lang='lat' dir='ltr'><strong>inimicitias</strong></span> <span class='ocrx_word' id='word_1_353' title='bbox 2695 2000 2947 2059; x_wconf 88' lang='lat' dir='ltr'><strong>gerentes</strong></span> <span class='ocrx_word' id='word_1_354' title='bbox 2985 1995 3246 2050; x_wconf 90' lang='lat' dir='ltr'><strong>adversus</strong></span> <span class='ocrx_word' id='word_1_355' title='bbox 3296 1998 3467 2051; x_wconf 88' lang='lat' dir='ltr'><strong>Deum</strong></span> 
     </span>
    </p>
   </div>
   <div class='ocr_carea' id='block_1_50' title="bbox 1911 2077 3468 2158">
    <p class='ocr_par' dir='ltr' id='par_1_50' title="bbox 1911 2077 3468 2158">
     <span class='ocr_line' id='line_1_50' title="bbox 1911 2077 3468 2158; baseline 0.009 -30"><span class='ocrx_word' id='word_1_356' title='bbox 1911 2077 2312 2142; x_wconf 86' lang='lat' dir='ltr'><strong>universorum,</strong></span> <span class='ocrx_word' id='word_1_357' title='bbox 2349 2079 2441 2147; x_wconf 91' lang='lat' dir='ltr'><strong>qui</strong></span> <span class='ocrx_word' id='word_1_358' title='bbox 2475 2095 2574 2134; x_wconf 91' lang='lat' dir='ltr'><strong>nos</strong></span> <span class='ocrx_word' id='word_1_359' title='bbox 2639 2097 2732 2150; x_wconf 89' lang='lat' dir='ltr'><strong>per</strong></span> <span class='ocrx_word' id='word_1_360' title='bbox 2762 2081 3036 2138; x_wconf 87' lang='lat' dir='ltr'><strong>Christum</strong></span> <span class='ocrx_word' id='word_1_361' title='bbox 3064 2089 3240 2140; x_wconf 81' lang='lat' dir='ltr'><strong>vocari</strong></span> <span class='ocrx_word' id='word_1_362' title='bbox 3281 2088 3468 2158; x_wconf 87' lang='lat' dir='ltr'><strong>digna-</strong></span> 
     </span>
    </p>
   </div>
   <div class='ocr_carea' id='block_1_51' title="bbox 1912 2167 3468 2240">
    <p class='ocr_par' dir='ltr' id='par_1_51' title="bbox 1912 2167 3468 2240">
     <span class='ocr_line' id='line_1_51' title="bbox 1912 2167 3468 2240; baseline 0.012 -26"><span class='ocrx_word' id='word_1_363' title='bbox 1912 2170 1998 2215; x_wconf 92' lang='lat' dir='ltr'><strong>tus</strong></span> <span class='ocrx_word' id='word_1_364' title='bbox 2032 2173 2136 2226; x_wconf 89' lang='lat' dir='ltr'><strong>est,</strong></span> <span class='ocrx_word' id='word_1_365' title='bbox 2160 2179 2334 2233; x_wconf 89' lang='lat' dir='ltr'><strong>neque</strong></span> <span class='ocrx_word' id='word_1_366' title='bbox 2364 2167 2539 2235; x_wconf 91' lang='lat' dir='ltr'><strong>ipsum</strong></span> <span class='ocrx_word' id='word_1_367' title='bbox 2574 2171 2790 2240; x_wconf 75' lang='lat' dir='ltr'><strong>aggredi</strong></span> <span class='ocrx_word' id='word_1_368' title='bbox 2825 2174 3086 2238; x_wconf 80' lang='lat' dir='ltr'><strong>valentes,</strong></span> <span class='ocrx_word' id='word_1_369' title='bbox 3147 2186 3338 2232; x_wconf 86' lang='lat' dir='ltr'><strong>contra</strong></span> <span class='ocrx_word' id='word_1_370' title='bbox 3379 2194 3468 2232; x_wconf 85' lang='lat' dir='ltr'><strong>sa-</strong></span> 
     </span>
    </p>
   </div>
   <div class='ocr_carea' id='block_1_52' title="bbox 1912 2256 3467 2336">
    <p class='ocr_par' dir='ltr' id='par_1_52' title="bbox 1912 2256 3467 2336">
     <span class='ocr_line' id='line_1_52' title="bbox 1912 2256 3467 2336; baseline 0.012 -30"><span class='ocrx_word' id='word_1_371' title='bbox 1912 2268 2062 2309; x_wconf 89' lang='lat' dir='ltr'><strong>cram</strong></span> <span class='ocrx_word' id='word_1_372' title='bbox 2094 2256 2186 2310; x_wconf 92' lang='lat' dir='ltr'><strong>Dei</strong></span> <span class='ocrx_word' id='word_1_373' title='bbox 2221 2259 2320 2313; x_wconf 87' lang='lat' dir='ltr'><strong>viri</strong></span> <span class='ocrx_word' id='word_1_374' title='bbox 2363 2269 2419 2314; x_wconf 91' lang='lat' dir='ltr'><strong>et</strong></span> <span class='ocrx_word' id='word_1_375' title='bbox 2469 2262 2798 2316; x_wconf 88' lang='lat' dir='ltr'><strong>adorandam</strong></span> <span class='ocrx_word' id='word_1_376' title='bbox 2852 2265 3158 2335; x_wconf 77' lang='lat' dir='ltr'><strong>imaginem,</strong></span> <span class='ocrx_word' id='word_1_377' title='bbox 3203 2271 3358 2336; x_wconf 90' lang='lat' dir='ltr'><strong>quasi</strong></span> <span class='ocrx_word' id='word_1_378' title='bbox 3413 2274 3467 2325; x_wconf 91' lang='lat' dir='ltr'><strong>in</strong></span> 
     </span>
    </p>
   </div>
   <div class='ocr_carea' id='block_1_53' title="bbox 1911 2347 3469 2432">
    <p class='ocr_par' dir='ltr' id='par_1_53' title="bbox 1911 2347 3469 2432">
     <span class='ocr_line' id='line_1_53' title="bbox 1911 2347 3469 2432; baseline 0.01 -31"><span class='ocrx_word' id='word_1_379' title='bbox 1911 2347 2314 2414; x_wconf 82' lang='lat' dir='ltr'><strong>abominatione</strong></span> <span class='ocrx_word' id='word_1_380' title='bbox 2346 2351 2699 2409; x_wconf 90' lang='lat' dir='ltr'><strong>desolationis</strong></span> <span class='ocrx_word' id='word_1_381' title='bbox 2734 2358 2786 2426; x_wconf 90' lang='grc' dir='ltr'><strong>(ο</strong></span> <span class='ocrx_word' id='word_1_382' title='bbox 2818 2373 2990 2413; x_wconf 89' lang='lat' dir='ltr'><strong>meam</strong></span> <span class='ocrx_word' id='word_1_383' title='bbox 3026 2362 3422 2417; x_wconf 80' lang='lat' dir='ltr'><strong>calamitatem!</strong></span> <span class='ocrx_word' id='word_1_384' title='bbox 3450 2365 3469 2432; x_wconf 95' lang='lat'><strong>)</strong></span> 
     </span>
    </p>
   </div>
   <div class='ocr_carea' id='block_1_54' title="bbox 1912 2438 3470 2509">
    <p class='ocr_par' dir='ltr' id='par_1_54' title="bbox 1912 2438 3470 2509">
     <span class='ocr_line' id='line_1_54' title="bbox 1912 2438 3470 2509; baseline 0.01 -18"><span class='ocrx_word' id='word_1_385' title='bbox 1912 2438 2234 2495; x_wconf 87' lang='lat' dir='ltr'><strong>debacchari</strong></span> <span class='ocrx_word' id='word_1_386' title='bbox 2268 2457 2376 2496; x_wconf 89' lang='lat' dir='ltr'><strong>non</strong></span> <span class='ocrx_word' id='word_1_387' title='bbox 2405 2445 2823 2504; x_wconf 68' lang='lat' dir='ltr'><strong>exhorruerunt.</strong></span> <span class='ocrx_word' id='word_1_388' title='bbox 2864 2451 2943 2505; x_wconf 83' lang='lat' dir='ltr'><strong>Ad</strong></span> <span class='ocrx_word' id='word_1_389' title='bbox 2975 2451 3088 2506; x_wconf 61' lang='lat' dir='ltr'><strong>haec</strong></span> <span class='ocrx_word' id='word_1_390' title='bbox 3116 2468 3245 2507; x_wconf 90' lang='lat' dir='ltr'><strong>vero</strong></span> <span class='ocrx_word' id='word_1_391' title='bbox 3272 2455 3470 2509; x_wconf 86' lang='lat' dir='ltr'><strong>similia</strong></span> 
     </span>
    </p>
   </div>
   <div class='ocr_carea' id='block_1_55' title="bbox 1913 2537 3470 2604">
    <p class='ocr_par' dir='ltr' id='par_1_55' title="bbox 1913 2537 3470 2604">
     <span class='ocr_line' id='line_1_55' title="bbox 1913 2537 3470 2604; baseline 0.011 -21"><span class='ocrx_word' id='word_1_392' title='bbox 1913 2540 2294 2600; x_wconf 88' lang='lat' dir='ltr'><strong>perpetrarunt</strong></span> <span class='ocrx_word' id='word_1_393' title='bbox 2343 2538 2397 2587; x_wconf 93' lang='lat' dir='ltr'><strong>ln</strong></span> <span class='ocrx_word' id='word_1_394' title='bbox 2472 2537 2815 2604; x_wconf 89' lang='lat' dir='ltr'><strong>purissimam</strong></span> <span class='ocrx_word' id='word_1_395' title='bbox 2882 2540 3163 2596; x_wconf 88' lang='lat' dir='ltr'><strong>Dominam</strong></span> <span class='ocrx_word' id='word_1_396' title='bbox 3224 2555 3470 2601; x_wconf 87' lang='lat' dir='ltr'><strong>nostram</strong></span> 
     </span>
    </p>
   </div>
   <div class='ocr_carea' id='block_1_56' title="bbox 1916 2626 3475 2694">
    <p class='ocr_par' dir='ltr' id='par_1_56' title="bbox 1916 2626 3475 2694">
     <span class='ocr_line' id='line_1_56' title="bbox 1916 2626 3475 2694; baseline 0.01 -16"><span class='ocrx_word' id='word_1_397' title='bbox 1916 2626 2222 2694; x_wconf 83' lang='lat' dir='ltr'><strong>Deiparam,</strong></span> <span class='ocrx_word' id='word_1_398' title='bbox 2268 2643 2476 2682; x_wconf 90' lang='lat' dir='ltr'><strong>necnon</strong></span> <span class='ocrx_word' id='word_1_399' title='bbox 2509 2629 2564 2683; x_wconf 89' lang='lat' dir='ltr'><strong>in</strong></span> <span class='ocrx_word' id='word_1_400' title='bbox 2609 2631 2848 2686; x_wconf 83' lang='lat' dir='ltr'><strong>divinam</strong></span> <span class='ocrx_word' id='word_1_401' title='bbox 2891 2643 2946 2688; x_wconf 91' lang='lat' dir='ltr'><strong>et</strong></span> <span class='ocrx_word' id='word_1_402' title='bbox 2981 2636 3243 2690; x_wconf 81' lang='lat' dir='ltr'><strong>viviﬂeam</strong></span> <span class='ocrx_word' id='word_1_403' title='bbox 3294 2639 3475 2694; x_wconf 85' lang='lat' dir='ltr'><strong>erucis</strong></span> 
     </span>
    </p>
   </div>
   <div class='ocr_carea' id='block_1_57' title="bbox 1915 2717 3472 2790">
    <p class='ocr_par' dir='ltr' id='par_1_57' title="bbox 1915 2717 3472 2790">
     <span class='ocr_line' id='line_1_57' title="bbox 1915 2717 3472 2790; baseline 0.011 -21"><span class='ocrx_word' id='word_1_404' title='bbox 1915 2717 2225 2786; x_wconf 86' lang='lat' dir='ltr'><strong>imaginem.</strong></span> <span class='ocrx_word' id='word_1_405' title='bbox 2259 2719 2437 2785; x_wconf 86' lang='lat' dir='ltr'><strong>Quare</strong></span> <span class='ocrx_word' id='word_1_406' title='bbox 2470 2736 2534 2775; x_wconf 91' lang='lat' dir='ltr'><strong>ex</strong></span> <span class='ocrx_word' id='word_1_407' title='bbox 2565 2723 2656 2777; x_wconf 89' lang='lat' dir='ltr'><strong>Dei</strong></span> <span class='ocrx_word' id='word_1_408' title='bbox 2690 2726 3009 2790; x_wconf 83' lang='lat' dir='ltr'><strong>auctoritate</strong></span> <span class='ocrx_word' id='word_1_409' title='bbox 3042 2729 3326 2785; x_wconf 88' lang='lat' dir='ltr'><strong>universos</strong></span> <span class='ocrx_word' id='word_1_410' title='bbox 3359 2731 3472 2786; x_wconf 66' lang='lat' dir='ltr'><strong>h2-</strong></span> 
     </span>
    </p>
   </div>
   <div class='ocr_carea' id='block_1_58' title="bbox 1871 2811 3474 2890">
    <p class='ocr_par' dir='ltr' id='par_1_58' title="bbox 1871 2811 3474 2890">
     <span class='ocr_line' id='line_1_58' title="bbox 1871 2811 3474 2890; baseline 0.011 -29"><span class='ocrx_word' id='word_1_411' title='bbox 1871 2815 1878 2827; x_wconf 92' lang='lat'><strong><em>&#39;</em></strong></span> <span class='ocrx_word' id='word_1_412' title='bbox 1921 2811 2115 2864; x_wconf 78' lang='lat' dir='ltr'><strong>reticos</strong></span> <span class='ocrx_word' id='word_1_413' title='bbox 2145 2811 2267 2866; x_wconf 87' lang='lat' dir='ltr'><strong>illos</strong></span> <span class='ocrx_word' id='word_1_414' title='bbox 2302 2814 2587 2869; x_wconf 87' lang='lat' dir='ltr'><strong>anathema</strong></span> <span class='ocrx_word' id='word_1_415' title='bbox 2617 2831 2736 2871; x_wconf 80' lang='lat' dir='ltr'><strong>esse.</strong></span> <span class='ocrx_word' id='word_1_416' title='bbox 2771 2833 2798 2871; x_wconf 89' lang='lat' dir='ltr'><strong>a</strong></span> <span class='ocrx_word' id='word_1_417' title='bbox 2835 2820 2942 2874; x_wconf 90' lang='lat' dir='ltr'><strong>Deo</strong></span> <span class='ocrx_word' id='word_1_418' title='bbox 2962 2822 3336 2890; x_wconf 88' lang='lat' dir='ltr'><strong>omnipotente</strong></span> <span class='ocrx_word' id='word_1_419' title='bbox 3367 2824 3474 2878; x_wconf 82' lang='lat' dir='ltr'><strong>alta</strong></span> 
     </span>
    </p>
   </div>
   <div class='ocr_carea' id='block_1_59' title="bbox 1918 2903 3477 2969">
    <p class='ocr_par' dir='ltr' id='par_1_59' title="bbox 1918 2903 3477 2969">
     <span class='ocr_line' id='line_1_59' title="bbox 1918 2903 3477 2969; baseline 0.01 -15"><span class='ocrx_word' id='word_1_420' title='bbox 1918 2916 2047 2955; x_wconf 88' lang='lat' dir='ltr'><strong>voce</strong></span> <span class='ocrx_word' id='word_1_421' title='bbox 2082 2903 2229 2968; x_wconf 90' lang='lat' dir='ltr'><strong>dico,</strong></span> <span class='ocrx_word' id='word_1_422' title='bbox 2271 2920 2481 2960; x_wconf 89' lang='lat' dir='ltr'><strong>necnon</strong></span> <span class='ocrx_word' id='word_1_423' title='bbox 2533 2923 2723 2964; x_wconf 87' lang='lat' dir='ltr'><strong>omnes</strong></span> <span class='ocrx_word' id='word_1_424' title='bbox 2771 2909 3206 2966; x_wconf 90' lang='lat' dir='ltr'><strong>Christianorum</strong></span> <span class='ocrx_word' id='word_1_425' title='bbox 3254 2930 3477 2969; x_wconf 84' lang='lat' dir='ltr'><strong>accusa-</strong></span> 
     </span>
    </p>
   </div>
   <div class='ocr_carea' id='block_1_60' title="bbox 1921 2992 3475 3070">
    <p class='ocr_par' dir='ltr' id='par_1_60' title="bbox 1921 2992 3475 3070">
     <span class='ocr_line' id='line_1_60' title="bbox 1921 2992 3475 3070; baseline 0.011 -29"><span class='ocrx_word' id='word_1_426' title='bbox 1921 2999 2084 3053; x_wconf 85' lang='lat' dir='ltr'><strong>tores,</strong></span> <span class='ocrx_word' id='word_1_427' title='bbox 2113 2992 2217 3044; x_wconf 87' lang='lat' dir='ltr'><strong>nisi</strong></span> <span class='ocrx_word' id='word_1_428' title='bbox 2250 2995 2623 3061; x_wconf 76' lang='lat' dir='ltr'><strong>pmnitentiam</strong></span> <span class='ocrx_word' id='word_1_429' title='bbox 2677 3000 2909 3068; x_wconf 88' lang='lat' dir='ltr'><strong>egerint.</strong></span> <span class='ocrx_word' id='word_1_430' title='bbox 2944 3001 3236 3070; x_wconf 87' lang='lat' dir='ltr'><strong>Pr0pterea</strong></span> <span class='ocrx_word' id='word_1_431' title='bbox 3293 3019 3359 3058; x_wconf 87' lang='lat' dir='ltr'><strong>ne</strong></span> <span class='ocrx_word' id='word_1_432' title='bbox 3421 3005 3475 3058; x_wconf 90' lang='lat' dir='ltr'><strong>in</strong></span> 
     </span>
    </p>
   </div>
   <div class='ocr_carea' id='block_1_61' title="bbox 1921 3081 3476 3164">
    <p class='ocr_par' dir='ltr' id='par_1_61' title="bbox 1921 3081 3476 3164">
     <span class='ocr_line' id='line_1_61' title="bbox 1921 3081 3476 3164; baseline 0.01 -32"><span class='ocrx_word' id='word_1_433' title='bbox 1921 3081 2090 3150; x_wconf 87' lang='lat' dir='ltr'><strong>ipsius</strong></span> <span class='ocrx_word' id='word_1_434' title='bbox 2103 3083 2305 3138; x_wconf 89' lang='lat' dir='ltr'><strong>Christi</strong></span> <span class='ocrx_word' id='word_1_435' title='bbox 2328 3101 2490 3140; x_wconf 90' lang='lat' dir='ltr'><strong>causa</strong></span> <span class='ocrx_word' id='word_1_436' title='bbox 2513 3088 2724 3142; x_wconf 89' lang='lat' dir='ltr'><strong>obicem</strong></span> <span class='ocrx_word' id='word_1_437' title='bbox 2748 3092 3055 3159; x_wconf 87' lang='lat' dir='ltr'><strong>quempiam</strong></span> <span class='ocrx_word' id='word_1_438' title='bbox 3075 3093 3300 3148; x_wconf 85' lang='lat' dir='ltr'><strong>aﬂ&#39;erant</strong></span> <span class='ocrx_word' id='word_1_439' title='bbox 3318 3113 3332 3160; x_wconf 84' lang='lat'><strong>;</strong></span> <span class='ocrx_word' id='word_1_440' title='bbox 3349 3096 3476 3164; x_wconf 87' lang='lat' dir='ltr'><strong>quia</strong></span> 
     </span>
    </p>
   </div>
   <div class='ocr_carea' id='block_1_62' title="bbox 239 3143 1818 3256">
    <p class='ocr_par' dir='ltr' id='par_1_62' title="bbox 239 3143 1813 3256">
     <span class='ocr_line' id='line_1_62' title="bbox 239 3143 1813 3256; baseline 0.002 -20"><span class='ocrx_word' id='word_1_441' title='bbox 239 3143 407 3252; x_wconf 53' lang='lat' dir='ltr'><strong>vi)“;</strong></span> <span class='ocrx_word' id='word_1_442' title='bbox 436 3143 643 3251; x_wconf 71' lang='grc' dir='ltr'><strong>ἀπαρτέ</strong></span> <span class='ocrx_word' id='word_1_443' title='bbox 671 3185 842 3253; x_wconf 75' lang='grc' dir='ltr'><strong>ἡμᾶς,</strong></span> <span class='ocrx_word' id='word_1_444' title='bbox 875 3185 929 3236; x_wconf 81' lang='grc' dir='ltr'><strong>ετ</strong></span> <span class='ocrx_word' id='word_1_445' title='bbox 952 3143 1126 3237; x_wconf 38' lang='lat' dir='ltr'><strong>alio.</strong></span> <span class='ocrx_word' id='word_1_446' title='bbox 1147 3185 1380 3253; x_wconf 77' lang='grc' dir='ltr'><strong>γένοιτο,</strong></span> <span class='ocrx_word' id='word_1_447' title='bbox 1421 3184 1503 3236; x_wconf 87' lang='grc' dir='ltr'><strong>ὃτι</strong></span> <span class='ocrx_word' id='word_1_448' title='bbox 1538 3187 1633 3238; x_wconf 73' lang='grc' dir='ltr'><strong>καὶ</strong></span> <span class='ocrx_word' id='word_1_449' title='bbox 1661 3143 1813 3256; x_wconf 47' lang='lat' dir='ltr'><strong>{ﬁrm}</strong></span> 
     </span>
    </p>
   </div>
   <div class='ocr_carea' id='block_1_63' title="bbox 1866 3143 3478 3256">
    <p class='ocr_par' dir='ltr' id='par_1_63' title="bbox 1866 3143 3478 3252">
     <span class='ocr_line' id='line_1_63' title="bbox 1866 3143 3478 3252; baseline 0.009 -29"><span class='ocrx_word' id='word_1_450' title='bbox 1866 3143 1888 3205; x_wconf 60' lang='grc' dir='ltr'><strong>ἶ</strong></span> <span class='ocrx_word' id='word_1_451' title='bbox 1934 3143 2048 3226; x_wconf 71' lang='lat' dir='ltr'><strong>fieri</strong></span> <span class='ocrx_word' id='word_1_452' title='bbox 2096 3175 2286 3240; x_wconf 88' lang='lat' dir='ltr'><strong>nequit</strong></span> <span class='ocrx_word' id='word_1_453' title='bbox 2317 3183 2376 3228; x_wconf 91' lang='lat' dir='ltr'><strong>ut</strong></span> <span class='ocrx_word' id='word_1_454' title='bbox 2413 3177 2513 3230; x_wconf 90' lang='lat' dir='ltr'><strong>alia</strong></span> <span class='ocrx_word' id='word_1_455' title='bbox 2540 3178 2647 3246; x_wconf 86' lang='lat' dir='ltr'><strong>jam</strong></span> <span class='ocrx_word' id='word_1_456' title='bbox 2698 3143 3478 3252; x_wconf 49' lang='grc' dir='ltr'><strong>εεὶηίεηῖυᾇίᾶὦζίτίάὲἓί</strong></span> 
     </span>
    </p>
   </div>
   <div class='ocr_carea' id='block_1_64' title="bbox 241 3275 1809 3349">
    <p class='ocr_par' dir='ltr' id='par_1_64' title="bbox 241 3275 1809 3349">
     <span class='ocr_line' id='line_1_64' title="bbox 241 3275 1809 3349; baseline 0.003 -22"><span class='ocrx_word' id='word_1_457' title='bbox 241 3276 336 3327; x_wconf 71' lang='grc' dir='ltr'><strong>καὶ</strong></span> <span class='ocrx_word' id='word_1_458' title='bbox 386 3275 648 3345; x_wconf 71' lang='grc' dir='ltr'><strong>ἀσθενείᾳ</strong></span> <span class='ocrx_word' id='word_1_459' title='bbox 684 3276 1180 3345; x_wconf 81' lang='grc' dir='ltr'><strong>ταλαιπωροῦντες,</strong></span> <span class='ocrx_word' id='word_1_460' title='bbox 1230 3276 1350 3329; x_wconf 68' lang='grc' dir='ltr'><strong>ούδδ</strong></span> <span class='ocrx_word' id='word_1_461' title='bbox 1395 3278 1524 3330; x_wconf 74' lang='grc' dir='ltr'><strong>αὐτὸ</strong></span> <span class='ocrx_word' id='word_1_462' title='bbox 1572 3278 1634 3331; x_wconf 79' lang='grc' dir='ltr'><strong>τὸ</strong></span> <span class='ocrx_word' id='word_1_463' title='bbox 1679 3280 1809 3349; x_wconf 77' lang='grc' dir='ltr'><strong>ὁρᾷν</strong></span> 
     </span>
    </p>
   </div>
   <div class='ocr_carea' id='block_1_65' title="bbox 238 3366 1817 3438">
    <p class='ocr_par' dir='ltr' id='par_1_65' title="bbox 238 3366 1817 3438">
     <span class='ocr_line' id='line_1_65' title="bbox 238 3366 1817 3438; baseline 0.004 -22"><span class='ocrx_word' id='word_1_464' title='bbox 238 3367 458 3434; x_wconf 73' lang='grc' dir='ltr'><strong>ἔχομεν.</strong></span> <span class='ocrx_word' id='word_1_465' title='bbox 501 3366 660 3418; x_wconf 53' lang='lat' dir='ltr'><strong>una</strong></span> <span class='ocrx_word' id='word_1_466' title='bbox 681 3366 796 3434; x_wconf 78' lang='lat' dir='ltr'><strong>(sic)</strong></span> <span class='ocrx_word' id='word_1_467' title='bbox 832 3369 1072 3435; x_wconf 69' lang='grc' dir='ltr'><strong>πρόσιτε,</strong></span> <span class='ocrx_word' id='word_1_468' title='bbox 1103 3366 1258 3432; x_wconf 77' lang='grc' dir='ltr'><strong>ἀξιῶ,</strong></span> <span class='ocrx_word' id='word_1_469' title='bbox 1289 3367 1367 3437; x_wconf 85' lang='grc' dir='ltr'><strong>τῷ</strong></span> <span class='ocrx_word' id='word_1_470' title='bbox 1398 3368 1540 3438; x_wconf 83' lang='grc' dir='ltr'><strong>ἁγίῳ</strong></span> <span class='ocrx_word' id='word_1_471' title='bbox 1570 3387 1671 3438; x_wconf 88' lang='grc' dir='ltr'><strong>μου</strong></span> <span class='ocrx_word' id='word_1_472' title='bbox 1718 3369 1817 3422; x_wconf 80' lang='grc' dir='ltr'><strong>αύ-</strong></span> 
     </span>
    </p>
   </div>
   <div class='ocr_carea' id='block_1_66' title="bbox 239 3458 1816 3530">
    <p class='ocr_par' dir='ltr' id='par_1_66' title="bbox 239 3458 1816 3530">
     <span class='ocr_line' id='line_1_66' title="bbox 239 3458 1816 3530; baseline 0.003 -20"><span class='ocrx_word' id='word_1_473' title='bbox 239 3460 564 3528; x_wconf 74' lang='grc' dir='ltr'><strong>τοκράτορι,</strong></span> <span class='ocrx_word' id='word_1_474' title='bbox 591 3458 977 3526; x_wconf 73' lang='grc' dir='ltr'><strong>ἐκδυσωπῆσαι</strong></span> <span class='ocrx_word' id='word_1_475' title='bbox 1008 3460 1258 3512; x_wconf 74' lang='grc' dir='ltr'><strong>κάκεῖνον</strong></span> <span class='ocrx_word' id='word_1_476' title='bbox 1291 3461 1432 3528; x_wconf 83' lang='grc' dir='ltr'><strong>ὺπέρ</strong></span> <span class='ocrx_word' id='word_1_477' title='bbox 1460 3461 1624 3530; x_wconf 90' lang='grc' dir='ltr'><strong>ἐμοῦ,</strong></span> <span class='ocrx_word' id='word_1_478' title='bbox 1656 3462 1816 3515; x_wconf 82' lang='grc' dir='ltr'><strong>πλέον</strong></span> 
     </span>
    </p>
   </div>
   <div class='ocr_carea' id='block_1_67' title="bbox 200 3531 1816 3622">
    <p class='ocr_par' dir='ltr' id='par_1_67' title="bbox 200 3531 1816 3622">
     <span class='ocr_line' id='line_1_67' title="bbox 200 3531 1816 3622; baseline 0.002 -19"><span class='ocrx_word' id='word_1_479' title='bbox 200 3531 509 3605; x_wconf 45' lang='grc' dir='ltr'><strong>’ἁπάντων</strong></span> <span class='ocrx_word' id='word_1_480' title='bbox 563 3551 658 3615; x_wconf 75' lang='grc' dir='ltr'><strong>τῆς</strong></span> <span class='ocrx_word' id='word_1_481' title='bbox 699 3550 1024 3618; x_wconf 84' lang='grc' dir='ltr'><strong>Ἐκκλησίας</strong></span> <span class='ocrx_word' id='word_1_482' title='bbox 1069 3531 1170 3622; x_wconf 61' lang='grc' dir='ltr'><strong>την</strong></span> <span class='ocrx_word' id='word_1_483' title='bbox 1218 3553 1490 3621; x_wconf 70' lang='grc' dir='ltr'><strong>μέριμναν</strong></span> <span class='ocrx_word' id='word_1_484' title='bbox 1543 3553 1816 3621; x_wconf 68' lang='grc' dir='ltr'><strong>τρέφοντι,</strong></span> 
     </span>
    </p>
   </div>
   <div class='ocr_carea' id='block_1_68' title="bbox 247 3641 1816 3713">
    <p class='ocr_par' dir='ltr' id='par_1_68' title="bbox 247 3641 1816 3713">
     <span class='ocr_line' id='line_1_68' title="bbox 247 3641 1816 3713; baseline 0.001 -20"><span class='ocrx_word' id='word_1_485' title='bbox 247 3645 575 3710; x_wconf 69' lang='grc' dir='ltr'><strong>συγκροτεῖν</strong></span> <span class='ocrx_word' id='word_1_486' title='bbox 593 3641 929 3705; x_wconf 76' lang='grc' dir='ltr'><strong>ἐξαιτοῦντες</strong></span> <span class='ocrx_word' id='word_1_487' title='bbox 956 3644 1047 3696; x_wconf 75' lang='grc' dir='ltr'><strong>καὶ</strong></span> <span class='ocrx_word' id='word_1_488' title='bbox 1066 3645 1375 3713; x_wconf 78' lang='grc' dir='ltr'><strong>συντρέχειν</strong></span> <span class='ocrx_word' id='word_1_489' title='bbox 1404 3645 1530 3712; x_wconf 79' lang='grc' dir='ltr'><strong>ὑμῖν</strong></span> <span class='ocrx_word' id='word_1_490' title='bbox 1551 3646 1608 3698; x_wconf 91' lang='grc' dir='ltr'><strong>ἐν</strong></span> <span class='ocrx_word' id='word_1_491' title='bbox 1630 3647 1816 3708; x_wconf 78' lang='grc' dir='ltr'><strong>παντὶ,</strong></span> 
     </span>
    </p>
   </div>
   <div class='ocr_carea' id='block_1_69' title="bbox 247 3733 1812 3805">
    <p class='ocr_par' dir='ltr' id='par_1_69' title="bbox 247 3733 1812 3805">
     <span class='ocr_line' id='line_1_69' title="bbox 247 3733 1812 3805; baseline 0.001 -18"><span class='ocrx_word' id='word_1_492' title='bbox 247 3738 339 3786; x_wconf 76' lang='grc' dir='ltr'><strong>και</strong></span> <span class='ocrx_word' id='word_1_493' title='bbox 379 3735 585 3803; x_wconf 72' lang='grc' dir='ltr'><strong>μᾶλλον</strong></span> <span class='ocrx_word' id='word_1_494' title='bbox 611 3735 688 3795; x_wconf 82' lang='grc' dir='ltr'><strong>εἰς</strong></span> <span class='ocrx_word' id='word_1_495' title='bbox 737 3733 964 3804; x_wconf 85' lang='grc' dir='ltr'><strong>ἐρεύνης</strong></span> <span class='ocrx_word' id='word_1_496' title='bbox 1010 3735 1389 3804; x_wconf 83' lang='grc' dir='ltr'><strong>πνευματικῆς</strong></span> <span class='ocrx_word' id='word_1_497' title='bbox 1434 3734 1772 3805; x_wconf 76' lang='grc' dir='ltr'><strong>ἀναζήτησιν</strong></span> <span class='ocrx_word' id='word_1_498' title='bbox 1800 3750 1812 3762; x_wconf 89' lang='grc'><strong>·</strong></span> 
     </span>
    </p>
   </div>
   <div class='ocr_carea' id='block_1_70' title="bbox 246 3825 1818 3896">
    <p class='ocr_par' dir='ltr' id='par_1_70' title="bbox 246 3825 1818 3896">
     <span class='ocr_line' id='line_1_70' title="bbox 246 3825 1818 3896; baseline 0 -17"><span class='ocrx_word' id='word_1_499' title='bbox 246 3827 320 3887; x_wconf 82' lang='grc' dir='ltr'><strong>ὡς</strong></span> <span class='ocrx_word' id='word_1_500' title='bbox 353 3827 425 3879; x_wconf 74' lang='grc' dir='ltr'>ἂν</span> <span class='ocrx_word' id='word_1_501' title='bbox 458 3825 552 3877; x_wconf 84' lang='grc' dir='ltr'><strong>τὸν</strong></span> <span class='ocrx_word' id='word_1_502' title='bbox 603 3826 862 3893; x_wconf 76' lang='grc' dir='ltr'><strong>ἁρμόδιον</strong></span> <span class='ocrx_word' id='word_1_503' title='bbox 910 3827 1028 3887; x_wconf 78' lang='grc' dir='ltr'><strong>ταῖς</strong></span> <span class='ocrx_word' id='word_1_504' title='bbox 1063 3826 1356 3896; x_wconf 80' lang='grc' dir='ltr'><strong>ὑμετέραις</strong></span> <span class='ocrx_word' id='word_1_505' title='bbox 1415 3827 1606 3896; x_wconf 83' lang='grc' dir='ltr'><strong>εύχαῐς</strong></span> <span class='ocrx_word' id='word_1_506' title='bbox 1653 3845 1818 3880; x_wconf 79' lang='grc' dir='ltr'><strong>κατα-</strong></span> 
     </span>
    </p>
   </div>
   <div class='ocr_carea' id='block_1_71' title="bbox 245 3918 1812 3989">
    <p class='ocr_par' dir='ltr' id='par_1_71' title="bbox 245 3918 1812 3989">
     <span class='ocr_line' id='line_1_71' title="bbox 245 3918 1812 3989; baseline 0 -20"><span class='ocrx_word' id='word_1_507' title='bbox 245 3919 455 3986; x_wconf 40' lang='lat' dir='ltr'><strong>«suum</strong></span> <span class='ocrx_word' id='word_1_508' title='bbox 498 3919 568 3986; x_wconf 83' lang='grc' dir='ltr'><strong>τῇ</strong></span> <span class='ocrx_word' id='word_1_509' title='bbox 624 3918 830 3989; x_wconf 79' lang='grc' dir='ltr'><strong>ποίμνῃ</strong></span> <span class='ocrx_word' id='word_1_510' title='bbox 882 3918 1116 3986; x_wconf 84' lang='grc' dir='ltr'><strong>Χριστὸς</strong></span> <span class='ocrx_word' id='word_1_511' title='bbox 1168 3919 1246 3980; x_wconf 74' lang='grc' dir='ltr'><strong>εἰς</strong></span> <span class='ocrx_word' id='word_1_512' title='bbox 1301 3918 1590 3987; x_wconf 73' lang='grc' dir='ltr'><strong>ἐπίσκεψιν</strong></span> <span class='ocrx_word' id='word_1_513' title='bbox 1624 3919 1812 3988; x_wconf 72' lang='grc' dir='ltr'><strong>ἱερέων</strong></span> 
     </span>
    </p>
   </div>
   <div class='ocr_carea' id='block_1_72' title="bbox 242 4007 1818 4078">
    <p class='ocr_par' dir='ltr' id='par_1_72' title="bbox 242 4007 1818 4078">
     <span class='ocr_line' id='line_1_72' title="bbox 242 4007 1818 4078; baseline 0 -18"><span class='ocrx_word' id='word_1_514' title='bbox 242 4011 333 4061; x_wconf 76' lang='grc' dir='ltr'><strong>καὶ</strong></span> <span class='ocrx_word' id='word_1_515' title='bbox 375 4007 749 4078; x_wconf 72' lang='grc' dir='ltr'><strong>μοναζόντων,</strong></span> <span class='ocrx_word' id='word_1_516' title='bbox 798 4008 892 4062; x_wconf 78' lang='grc' dir='ltr'><strong>καὶ</strong></span> <span class='ocrx_word' id='word_1_517' title='bbox 923 4008 1049 4061; x_wconf 89' lang='grc' dir='ltr'><strong>λαοῦ</strong></span> <span class='ocrx_word' id='word_1_518' title='bbox 1107 4008 1498 4076; x_wconf 85' lang='grc' dir='ltr'><strong>Χριστωνόμου</strong></span> <span class='ocrx_word' id='word_1_519' title='bbox 1547 4007 1640 4062; x_wconf 90' lang='grc' dir='ltr'><strong>τοῦ</strong></span> <span class='ocrx_word' id='word_1_520' title='bbox 1680 4009 1818 4077; x_wconf 85' lang='grc' dir='ltr'><strong>σύμ-</strong></span> 
     </span>
    </p>
   </div>
   <div class='ocr_carea' id='block_1_73' title="bbox 242 4100 1818 4173">
    <p class='ocr_par' dir='ltr' id='par_1_73' title="bbox 242 4100 1818 4173">
     <span class='ocr_line' id='line_1_73' title="bbox 242 4100 1818 4173; baseline 0.001 -20"><span class='ocrx_word' id='word_1_521' title='bbox 242 4117 468 4161; x_wconf 68' lang='grc' dir='ltr'><strong>παντος.</strong></span> <span class='ocrx_word' id='word_1_522' title='bbox 515 4101 657 4168; x_wconf 71' lang='grc' dir='ltr'><strong>Πρὸς</strong></span> <span class='ocrx_word' id='word_1_523' title='bbox 712 4100 767 4151; x_wconf 77' lang='grc' dir='ltr'><strong>δὲ</strong></span> <span class='ocrx_word' id='word_1_524' title='bbox 801 4100 1035 4163; x_wconf 81' lang='grc' dir='ltr'><strong>τούτοις,</strong></span> <span class='ocrx_word' id='word_1_525' title='bbox 1084 4102 1207 4173; x_wconf 64' lang='grc' dir='ltr'><strong>ἐπεὶ</strong></span> <span class='ocrx_word' id='word_1_526' title='bbox 1263 4101 1354 4152; x_wconf 76' lang='grc' dir='ltr'><strong>τὸν</strong></span> <span class='ocrx_word' id='word_1_527' title='bbox 1388 4103 1448 4154; x_wconf 87' lang='grc' dir='ltr'><strong>ἐν</strong></span> <span class='ocrx_word' id='word_1_528' title='bbox 1484 4102 1635 4170; x_wconf 77' lang='grc' dir='ltr'><strong>μέσῳ</strong></span> <span class='ocrx_word' id='word_1_529' title='bbox 1673 4101 1818 4164; x_wconf 77' lang='grc' dir='ltr'><strong>εἰκὸς</strong></span> 
     </span>
    </p>
   </div>
   <div class='ocr_carea' id='block_1_74' title="bbox 240 4186 1815 4257">
    <p class='ocr_par' dir='ltr' id='par_1_74' title="bbox 240 4186 1815 4257">
     <span class='ocr_line' id='line_1_74' title="bbox 240 4186 1815 4257; baseline -0.001 -17"><span class='ocrx_word' id='word_1_530' title='bbox 240 4190 644 4257; x_wconf 63' lang='grc' dir='ltr'><strong>εὑρισκόμενον</strong></span> <span class='ocrx_word' id='word_1_531' title='bbox 677 4187 752 4256; x_wconf 80' lang='grc' dir='ltr'><strong>μὴ</strong></span> <span class='ocrx_word' id='word_1_532' title='bbox 787 4186 974 4238; x_wconf 76' lang='grc' dir='ltr'><strong>λυπεῖν</strong></span> <span class='ocrx_word' id='word_1_533' title='bbox 1013 4186 1108 4238; x_wconf 77' lang='grc' dir='ltr'><strong>καὶ</strong></span> <span class='ocrx_word' id='word_1_534' title='bbox 1147 4187 1434 4240; x_wconf 78' lang='grc' dir='ltr'><strong>λυπεῖσθαι</strong></span> <span class='ocrx_word' id='word_1_535' title='bbox 1461 4188 1610 4255; x_wconf 84' lang='grc' dir='ltr'><strong>παρὰ</strong></span> <span class='ocrx_word' id='word_1_536' title='bbox 1635 4189 1815 4254; x_wconf 84' lang='grc' dir='ltr'><strong>τινῶν,</strong></span> 
     </span>
    </p>
   </div>
   <div class='ocr_carea' id='block_1_75' title="bbox 239 4277 1815 4348">
    <p class='ocr_par' dir='ltr' id='par_1_75' title="bbox 239 4277 1815 4348">
     <span class='ocr_line' id='line_1_75' title="bbox 239 4277 1815 4348; baseline 0.022 -18"><span class='ocrx_word' id='word_1_537' title='bbox 239 4284 363 4339; x_wconf 70' lang='grc' dir='ltr'><strong>τοὺς</strong></span> <span class='ocrx_word' id='word_1_538' title='bbox 407 4280 762 4346; x_wconf 72' lang='grc' dir='ltr'><strong>λυπήσαντας</strong></span> <span class='ocrx_word' id='word_1_539' title='bbox 809 4277 1180 4346; x_wconf 63' lang='grc' dir='ltr'><strong>ὁπωσδήποτε,</strong></span> <span class='ocrx_word' id='word_1_540' title='bbox 1221 4279 1313 4330; x_wconf 60' lang='grc' dir='ltr'><strong>καὶ</strong></span> <span class='ocrx_word' id='word_1_541' title='bbox 1358 4277 1486 4338; x_wconf 64' lang='grc' dir='ltr'><strong>τοὺς</strong></span> <span class='ocrx_word' id='word_1_542' title='bbox 1539 4279 1815 4348; x_wconf 23' lang='lat' dir='ltr'><strong>bimum</strong></span> 
     </span>
    </p>
   </div>
   <div class='ocr_carea' id='block_1_76' title="bbox 239 4367 1816 4439">
    <p class='ocr_par' dir='ltr' id='par_1_76' title="bbox 239 4367 1816 4439">
     <span class='ocr_line' id='line_1_76' title="bbox 239 4367 1816 4439; baseline -0.001 -18"><span class='ocrx_word' id='word_1_543' title='bbox 239 4371 608 4439; x_wconf 65' lang='grc' dir='ltr'><strong>λυπηθέντας,</strong></span> <span class='ocrx_word' id='word_1_544' title='bbox 644 4370 1046 4437; x_wconf 83' lang='grc' dir='ltr'><strong>συγχωρήσεως</strong></span> <span class='ocrx_word' id='word_1_545' title='bbox 1078 4367 1300 4433; x_wconf 78' lang='grc' dir='ltr'><strong>ἀξιώσει</strong></span> <span class='ocrx_word' id='word_1_546' title='bbox 1331 4369 1407 4437; x_wconf 68' lang='grc' dir='ltr'><strong>(Ξ)</strong></span> <span class='ocrx_word' id='word_1_547' title='bbox 1440 4369 1535 4421; x_wconf 67' lang='grc' dir='ltr'><strong>καὶ</strong></span> <span class='ocrx_word' id='word_1_548' title='bbox 1575 4369 1816 4438; x_wconf 83' lang='grc' dir='ltr'><strong>ἀμφοτέ·</strong></span> 
     </span>
    </p>
   </div>
   <div class='ocr_carea' id='block_1_77' title="bbox 1917 3262 3475 3330">
    <p class='ocr_par' dir='ltr' id='par_1_77' title="bbox 1917 3262 3475 3330">
     <span class='ocr_line' id='line_1_77' title="bbox 1917 3262 3475 3330; baseline 0.008 -14"><span class='ocrx_word' id='word_1_549' title='bbox 1917 3262 2040 3316; x_wconf 91' lang='lat' dir='ltr'><strong>dem</strong></span> <span class='ocrx_word' id='word_1_550' title='bbox 2071 3265 2284 3318; x_wconf 84' lang='lat' dir='ltr'><strong>eveniat</strong></span> <span class='ocrx_word' id='word_1_551' title='bbox 2320 3282 2334 3318; x_wconf 89' lang='lat'><strong>:</strong></span> <span class='ocrx_word' id='word_1_552' title='bbox 2371 3281 2494 3319; x_wconf 91' lang='lat' dir='ltr'><strong>nam</strong></span> <span class='ocrx_word' id='word_1_553' title='bbox 2527 3279 2806 3324; x_wconf 88' lang='lat' dir='ltr'><strong>senectute</strong></span> <span class='ocrx_word' id='word_1_554' title='bbox 2837 3281 2892 3326; x_wconf 92' lang='lat' dir='ltr'><strong>et</strong></span> <span class='ocrx_word' id='word_1_555' title='bbox 2933 3271 3245 3328; x_wconf 83' lang='lat' dir='ltr'><strong>inﬁrmitate</strong></span> <span class='ocrx_word' id='word_1_556' title='bbox 3276 3275 3475 3330; x_wconf 86' lang='lat' dir='ltr'><strong>dehill-</strong></span> 
     </span>
    </p>
   </div>
   <div class='ocr_carea' id='block_1_78' title="bbox 1919 3345 3476 3428">
    <p class='ocr_par' dir='ltr' id='par_1_78' title="bbox 1919 3345 3476 3428">
     <span class='ocr_line' id='line_1_78' title="bbox 1919 3345 3476 3428; baseline 0.006 -18"><span class='ocrx_word' id='word_1_557' title='bbox 1919 3355 2035 3414; x_wconf 85' lang='lat' dir='ltr'><strong>tati.</strong></span> <span class='ocrx_word' id='word_1_558' title='bbox 2070 3345 2162 3410; x_wconf 54' lang='lat' dir='ltr'><strong>ne‘</strong></span> <span class='ocrx_word' id='word_1_559' title='bbox 2194 3357 2411 3421; x_wconf 87' lang='lat' dir='ltr'><strong>quidem</strong></span> <span class='ocrx_word' id='word_1_560' title='bbox 2453 3360 2734 3414; x_wconf 90' lang='lat' dir='ltr'><strong>oculorum</strong></span> <span class='ocrx_word' id='word_1_561' title='bbox 2787 3377 2942 3416; x_wconf 90' lang='lat' dir='ltr'><strong>usum</strong></span> <span class='ocrx_word' id='word_1_562' title='bbox 3004 3363 3287 3420; x_wconf 86' lang='lat' dir='ltr'><strong>habemus.</strong></span> <span class='ocrx_word' id='word_1_563' title='bbox 3347 3365 3476 3428; x_wconf 84' lang='lat' dir='ltr'><strong>Sed,</strong></span> 
     </span>
    </p>
   </div>
   <div class='ocr_carea' id='block_1_79' title="bbox 1919 3429 3480 3528">
    <p class='ocr_par' dir='ltr' id='par_1_79' title="bbox 1919 3429 3480 3528">
     <span class='ocr_line' id='line_1_79' title="bbox 1919 3429 3480 3528; baseline 0.008 -30"><span class='ocrx_word' id='word_1_564' title='bbox 1919 3429 2121 3515; x_wconf 64' lang='lat' dir='ltr'><strong>quasso,</strong></span> <span class='ocrx_word' id='word_1_565' title='bbox 2152 3448 2530 3516; x_wconf 89' lang='lat' dir='ltr'><strong>imperatorem</strong></span> <span class='ocrx_word' id='word_1_566' title='bbox 2555 3467 2737 3506; x_wconf 90' lang='lat' dir='ltr'><strong>meum</strong></span> <span class='ocrx_word' id='word_1_567' title='bbox 2765 3455 2930 3520; x_wconf 89' lang='lat' dir='ltr'><strong>adite,</strong></span> <span class='ocrx_word' id='word_1_568' title='bbox 2965 3471 3028 3510; x_wconf 83' lang='lat' dir='ltr'><strong>ac</strong></span> <span class='ocrx_word' id='word_1_569' title='bbox 3057 3473 3156 3525; x_wconf 88' lang='lat' dir='ltr'><strong>pro</strong></span> <span class='ocrx_word' id='word_1_570' title='bbox 3182 3473 3266 3511; x_wconf 90' lang='lat' dir='ltr'><strong>me</strong></span> <span class='ocrx_word' id='word_1_571' title='bbox 3296 3469 3480 3528; x_wconf 82' lang='lat' dir='ltr'><strong>rogate</strong></span> 
     </span>
    </p>
   </div>
   <div class='ocr_carea' id='block_1_80' title="bbox 1919 3540 3479 3620">
    <p class='ocr_par' dir='ltr' id='par_1_80' title="bbox 1919 3540 3479 3620">
     <span class='ocr_line' id='line_1_80' title="bbox 1919 3540 3479 3620; baseline 0.008 -27"><span class='ocrx_word' id='word_1_572' title='bbox 1919 3554 2043 3593; x_wconf 90' lang='lat' dir='ltr'><strong>eum</strong></span> <span class='ocrx_word' id='word_1_573' title='bbox 2083 3540 2174 3607; x_wconf 91' lang='lat' dir='ltr'><strong>qui</strong></span> <span class='ocrx_word' id='word_1_574' title='bbox 2207 3541 2325 3609; x_wconf 87' lang='lat' dir='ltr'><strong>plus</strong></span> <span class='ocrx_word' id='word_1_575' title='bbox 2352 3543 2609 3616; x_wconf 79' lang='lat' dir='ltr'><strong>omnibus</strong></span> <span class='ocrx_word' id='word_1_576' title='bbox 2638 3544 2893 3602; x_wconf 77' lang='lat' dir='ltr'><strong>Ecclesia:</strong></span> <span class='ocrx_word' id='word_1_577' title='bbox 2927 3548 3351 3603; x_wconf 82' lang='lat' dir='ltr'><strong>sollicitudinem</strong></span> <span class='ocrx_word' id='word_1_578' title='bbox 3385 3566 3479 3620; x_wconf 84' lang='lat' dir='ltr'><strong>ge-</strong></span> 
     </span>
    </p>
   </div>
   <div class='ocr_carea' id='block_1_81' title="bbox 1923 3632 3478 3714">
    <p class='ocr_par' dir='ltr' id='par_1_81' title="bbox 1923 3632 3478 3714">
     <span class='ocr_line' id='line_1_81' title="bbox 1923 3632 3478 3714; baseline 0.008 -30"><span class='ocrx_word' id='word_1_579' title='bbox 1923 3632 1992 3685; x_wconf 90' lang='lat' dir='ltr'><strong>rit</strong></span> <span class='ocrx_word' id='word_1_580' title='bbox 2013 3641 2069 3686; x_wconf 93' lang='lat' dir='ltr'><strong>et</strong></span> <span class='ocrx_word' id='word_1_581' title='bbox 2099 3632 2265 3712; x_wconf 77' lang='lat' dir='ltr'><strong>fovet,</strong></span> <span class='ocrx_word' id='word_1_582' title='bbox 2298 3643 2357 3686; x_wconf 94' lang='lat' dir='ltr'><strong>ut</strong></span> <span class='ocrx_word' id='word_1_583' title='bbox 2384 3635 2660 3690; x_wconf 85' lang='lat' dir='ltr'><strong>vobiscum</strong></span> <span class='ocrx_word' id='word_1_584' title='bbox 2692 3649 2999 3699; x_wconf 89' lang='lat' dir='ltr'><strong>concurrat.</strong></span> <span class='ocrx_word' id='word_1_585' title='bbox 3040 3657 3134 3696; x_wconf 86' lang='lat' dir='ltr'><strong>vos</strong></span> <span class='ocrx_word' id='word_1_586' title='bbox 3177 3643 3395 3714; x_wconf 82' lang='lat' dir='ltr'><strong>adjuvet</strong></span> <span class='ocrx_word' id='word_1_587' title='bbox 3425 3646 3478 3696; x_wconf 89' lang='lat' dir='ltr'><strong>in</strong></span> 
     </span>
    </p>
   </div>
   <div class='ocr_carea' id='block_1_82' title="bbox 1919 3706 3478 3803">
    <p class='ocr_par' dir='ltr' id='par_1_82' title="bbox 1919 3706 3478 3803">
     <span class='ocr_line' id='line_1_82' title="bbox 1919 3706 3478 3803; baseline 0.006 -28"><span class='ocrx_word' id='word_1_588' title='bbox 1919 3706 2194 3786; x_wconf 77' lang='lat' dir='ltr'><strong>Omnibus,</strong></span> <span class='ocrx_word' id='word_1_589' title='bbox 2231 3724 2569 3793; x_wconf 81' lang='lat' dir='ltr'><strong>maximeque</strong></span> <span class='ocrx_word' id='word_1_590' title='bbox 2600 3727 2665 3778; x_wconf 89' lang='lat' dir='ltr'><strong>ad</strong></span> <span class='ocrx_word' id='word_1_591' title='bbox 2721 3729 2988 3782; x_wconf 81' lang='lat' dir='ltr'><strong>examinis</strong></span> <span class='ocrx_word' id='word_1_592' title='bbox 3021 3731 3322 3799; x_wconf 86' lang='lat' dir='ltr'><strong>spiritualis</strong></span> <span class='ocrx_word' id='word_1_593' title='bbox 3355 3748 3478 3803; x_wconf 88' lang='lat' dir='ltr'><strong>per-</strong></span> 
     </span>
    </p>
   </div>
   <div class='ocr_carea' id='block_1_83' title="bbox 1921 3815 3481 3890">
    <p class='ocr_par' dir='ltr' id='par_1_83' title="bbox 1921 3815 3481 3890">
     <span class='ocr_line' id='line_1_83' title="bbox 1921 3815 3481 3890; baseline 0.006 -22"><span class='ocrx_word' id='word_1_594' title='bbox 1921 3815 2270 3882; x_wconf 87' lang='lat' dir='ltr'><strong>quisitionem</strong></span> <span class='ocrx_word' id='word_1_595' title='bbox 2295 3832 2309 3880; x_wconf 88' lang='lat'><strong>;</strong></span> <span class='ocrx_word' id='word_1_596' title='bbox 2331 3817 2604 3872; x_wconf 85' lang='lat' dir='ltr'><strong>utvestris</strong></span> <span class='ocrx_word' id='word_1_597' title='bbox 2628 3820 2883 3887; x_wconf 88' lang='lat' dir='ltr'><strong>precibus</strong></span> <span class='ocrx_word' id='word_1_598' title='bbox 2911 3821 3223 3890; x_wconf 83' lang='lat' dir='ltr'><strong>episcopum</strong></span> <span class='ocrx_word' id='word_1_599' title='bbox 3257 3824 3481 3877; x_wconf 89' lang='lat' dir='ltr'><strong>dotibus</strong></span> 
     </span>
    </p>
   </div>
   <div class='ocr_carea' id='block_1_84' title="bbox 1923 3907 3483 3983">
    <p class='ocr_par' dir='ltr' id='par_1_84' title="bbox 1923 3907 3483 3983">
     <span class='ocr_line' id='line_1_84' title="bbox 1923 3907 3483 3983; baseline 0.006 -23"><span class='ocrx_word' id='word_1_600' title='bbox 1923 3907 2245 3960; x_wconf 90' lang='lat' dir='ltr'><strong>instructum</strong></span> <span class='ocrx_word' id='word_1_601' title='bbox 2283 3909 2459 3961; x_wconf 90' lang='lat' dir='ltr'><strong>mittat</strong></span> <span class='ocrx_word' id='word_1_602' title='bbox 2499 3909 2563 3963; x_wconf 87' lang='lat' dir='ltr'><strong>ad</strong></span> <span class='ocrx_word' id='word_1_603' title='bbox 2603 3911 2743 3964; x_wconf 87' lang='lat' dir='ltr'><strong>ovile</strong></span> <span class='ocrx_word' id='word_1_604' title='bbox 2777 3911 3004 3973; x_wconf 87' lang='lat' dir='ltr'><strong>Christi,</strong></span> <span class='ocrx_word' id='word_1_605' title='bbox 3057 3915 3149 3983; x_wconf 92' lang='lat' dir='ltr'><strong>qui</strong></span> <span class='ocrx_word' id='word_1_606' title='bbox 3187 3917 3483 3972; x_wconf 84' lang='lat' dir='ltr'><strong>sacerdoti-</strong></span> 
     </span>
    </p>
   </div>
   <div class='ocr_carea' id='block_1_85' title="bbox 1922 3998 3483 4078">
    <p class='ocr_par' dir='ltr' id='par_1_85' title="bbox 1922 3998 3483 4078">
     <span class='ocr_line' id='line_1_85' title="bbox 1922 3998 3483 4078; baseline 0.008 -27"><span class='ocrx_word' id='word_1_607' title='bbox 1922 3998 2041 4059; x_wconf 90' lang='lat' dir='ltr'><strong>bus,</strong></span> <span class='ocrx_word' id='word_1_608' title='bbox 2072 3999 2354 4053; x_wconf 86' lang='lat' dir='ltr'><strong>monachis</strong></span> <span class='ocrx_word' id='word_1_609' title='bbox 2379 4011 2432 4055; x_wconf 92' lang='lat' dir='ltr'><strong>et</strong></span> <span class='ocrx_word' id='word_1_610' title='bbox 2454 4001 2709 4056; x_wconf 90' lang='lat' dir='ltr'><strong>universo</strong></span> <span class='ocrx_word' id='word_1_611' title='bbox 2741 4002 3055 4059; x_wconf 88' lang='lat' dir='ltr'><strong>Christiano</strong></span> <span class='ocrx_word' id='word_1_612' title='bbox 3111 4007 3311 4075; x_wconf 86' lang='lat' dir='ltr'><strong>populo</strong></span> <span class='ocrx_word' id='word_1_613' title='bbox 3357 4023 3483 4078; x_wconf 89' lang='lat' dir='ltr'><strong>pro-</strong></span> 
     </span>
    </p>
   </div>
   <div class='ocr_carea' id='block_1_86' title="bbox 1918 4089 3480 4168">
    <p class='ocr_par' dir='ltr' id='par_1_86' title="bbox 1918 4089 3480 4168">
     <span class='ocr_line' id='line_1_86' title="bbox 1918 4089 3480 4168; baseline 0.007 -26"><span class='ocrx_word' id='word_1_614' title='bbox 1918 4089 2132 4158; x_wconf 89' lang='lat' dir='ltr'><strong>spiciat.</strong></span> <span class='ocrx_word' id='word_1_615' title='bbox 2163 4089 2245 4144; x_wconf 80' lang='lat' dir='ltr'><strong>Ad</strong></span> <span class='ocrx_word' id='word_1_616' title='bbox 2281 4091 2394 4144; x_wconf 70' lang='lat' dir='ltr'><strong>haec</strong></span> <span class='ocrx_word' id='word_1_617' title='bbox 2423 4107 2551 4146; x_wconf 84' lang='lat' dir='ltr'><strong>vero</strong></span> <span class='ocrx_word' id='word_1_618' title='bbox 2595 4108 2692 4161; x_wconf 90' lang='lat' dir='ltr'><strong>par</strong></span> <span class='ocrx_word' id='word_1_619' title='bbox 2735 4110 2841 4148; x_wconf 89' lang='lat' dir='ltr'><strong>non</strong></span> <span class='ocrx_word' id='word_1_620' title='bbox 2877 4104 3042 4149; x_wconf 88' lang='lat' dir='ltr'><strong>estut</strong></span> <span class='ocrx_word' id='word_1_621' title='bbox 3073 4097 3117 4151; x_wconf 90' lang='lat' dir='ltr'><strong>is</strong></span> <span class='ocrx_word' id='word_1_622' title='bbox 3165 4098 3256 4166; x_wconf 92' lang='lat' dir='ltr'><strong>qui</strong></span> <span class='ocrx_word' id='word_1_623' title='bbox 3291 4103 3393 4168; x_wconf 84' lang='lat' dir='ltr'><strong>jam</strong></span> <span class='ocrx_word' id='word_1_624' title='bbox 3426 4101 3480 4154; x_wconf 93' lang='lat' dir='ltr'><strong>in</strong></span> 
     </span>
    </p>
   </div>
   <div class='ocr_carea' id='block_1_87' title="bbox 1918 4184 3481 4258">
    <p class='ocr_par' dir='ltr' id='par_1_87' title="bbox 1918 4184 3481 4258">
     <span class='ocr_line' id='line_1_87' title="bbox 1918 4184 3481 4258; baseline 0.006 -25"><span class='ocrx_word' id='word_1_625' title='bbox 1918 4195 2144 4234; x_wconf 90' lang='lat' dir='ltr'><strong>munere</strong></span> <span class='ocrx_word' id='word_1_626' title='bbox 2177 4193 2424 4236; x_wconf 83' lang='lat' dir='ltr'><strong>versatur</strong></span> <span class='ocrx_word' id='word_1_627' title='bbox 2448 4184 2658 4252; x_wconf 87' lang='lat' dir='ltr'><strong>aliquos</strong></span> <span class='ocrx_word' id='word_1_628' title='bbox 2693 4185 2954 4250; x_wconf 84' lang='lat' dir='ltr'><strong>oll&#39;endat,</strong></span> <span class='ocrx_word' id='word_1_629' title='bbox 2989 4188 3121 4242; x_wconf 90' lang='lat' dir='ltr'><strong>vela</strong></span> <span class='ocrx_word' id='word_1_630' title='bbox 3154 4190 3481 4258; x_wconf 88' lang='lat' dir='ltr'><strong>quibusdam</strong></span> 
     </span>
    </p>
   </div>
   <div class='ocr_carea' id='block_1_88' title="bbox 1918 4271 3481 4345">
    <p class='ocr_par' dir='ltr' id='par_1_88' title="bbox 1918 4271 3481 4345">
     <span class='ocr_line' id='line_1_88' title="bbox 1918 4271 3481 4345; baseline 0.005 -19"><span class='ocrx_word' id='word_1_631' title='bbox 1918 4271 2266 4336; x_wconf 80' lang='lat' dir='ltr'><strong>otl‘endatur;</strong></span> <span class='ocrx_word' id='word_1_632' title='bbox 2317 4288 2440 4327; x_wconf 92' lang='lat' dir='ltr'><strong>cum</strong></span> <span class='ocrx_word' id='word_1_633' title='bbox 2494 4275 2558 4328; x_wconf 89' lang='lat' dir='ltr'><strong>iis</strong></span> <span class='ocrx_word' id='word_1_634' title='bbox 2592 4275 2684 4343; x_wconf 91' lang='lat' dir='ltr'><strong>qui</strong></span> <span class='ocrx_word' id='word_1_635' title='bbox 2736 4289 2822 4330; x_wconf 90' lang='lat' dir='ltr'><strong>me</strong></span> <span class='ocrx_word' id='word_1_636' title='bbox 2864 4277 3155 4345; x_wconf 91' lang='lat' dir='ltr'><strong>aliquando</strong></span> <span class='ocrx_word' id='word_1_637' title='bbox 3206 4281 3481 4344; x_wconf 63' lang='lat' dir='ltr'><strong>laeserunt,</strong></span> 
     </span>
    </p>
   </div>
   <div class='ocr_carea' id='block_1_89' title="bbox 1922 4362 3480 4435">
    <p class='ocr_par' dir='ltr' id='par_1_89' title="bbox 1922 4362 3480 4435">
     <span class='ocr_line' id='line_1_89' title="bbox 1922 4362 3480 4435; baseline 0.006 -21"><span class='ocrx_word' id='word_1_638' title='bbox 1922 4370 2036 4415; x_wconf 90' lang='lat' dir='ltr'><strong>tum</strong></span> <span class='ocrx_word' id='word_1_639' title='bbox 2072 4363 2138 4416; x_wconf 90' lang='lat' dir='ltr'><strong>iis</strong></span> <span class='ocrx_word' id='word_1_640' title='bbox 2165 4362 2306 4430; x_wconf 86' lang='lat' dir='ltr'><strong>quia</strong></span> <span class='ocrx_word' id='word_1_641' title='bbox 2340 4378 2424 4434; x_wconf 83' lang='lat' dir='ltr'><strong>me</strong></span> <span class='ocrx_word' id='word_1_642' title='bbox 2447 4363 2556 4417; x_wconf 70' lang='lat' dir='ltr'><strong>laesi</strong></span> <span class='ocrx_word' id='word_1_643' title='bbox 2587 4374 2734 4430; x_wconf 89' lang='lat' dir='ltr'><strong>sunt,</strong></span> <span class='ocrx_word' id='word_1_644' title='bbox 2767 4367 3012 4435; x_wconf 88' lang='lat' dir='ltr'><strong>utrisque</strong></span> <span class='ocrx_word' id='word_1_645' title='bbox 3040 4369 3480 4425; x_wconf 76' lang='lat' dir='ltr'><strong>scilicetveniam</strong></span> 
     </span>
    </p>
   </div>
   <div class='ocr_carea' id='block_1_90' title="bbox 245 4452 1818 4540">
    <p class='ocr_par' dir='ltr' id='par_1_90' title="bbox 245 4458 1814 4530">
     <span class='ocr_line' id='line_1_90' title="bbox 245 4458 1814 4530; baseline -0.003 -16"><span class='ocrx_word' id='word_1_646' title='bbox 245 4480 369 4530; x_wconf 79' lang='grc' dir='ltr'><strong>ρους</strong></span> <span class='ocrx_word' id='word_1_647' title='bbox 408 4465 438 4513; x_wconf 83' lang='grc' dir='ltr'>ὁ</span> <span class='ocrx_word' id='word_1_648' title='bbox 483 4462 580 4512; x_wconf 70' lang='grc' dir='ltr'><strong>ἐπὶ</strong></span> <span class='ocrx_word' id='word_1_649' title='bbox 621 4461 679 4511; x_wconf 75' lang='grc' dir='ltr'><strong>τὸ</strong></span> <span class='ocrx_word' id='word_1_650' title='bbox 714 4459 883 4511; x_wconf 82' lang='grc' dir='ltr'><strong>σῶσαι</strong></span> <span class='ocrx_word' id='word_1_651' title='bbox 917 4458 977 4510; x_wconf 83' lang='grc' dir='ltr'><strong>τὸ</strong></span> <span class='ocrx_word' id='word_1_652' title='bbox 1034 4459 1258 4525; x_wconf 84' lang='grc' dir='ltr'><strong>πλάσμα</strong></span> <span class='ocrx_word' id='word_1_653' title='bbox 1294 4459 1370 4528; x_wconf 77' lang='lat'><strong>(3)</strong></span> <span class='ocrx_word' id='word_1_654' title='bbox 1420 4458 1814 4528; x_wconf 81' lang='grc' dir='ltr'><strong>φιλανθρώπως</strong></span> 
     </span>
    </p>
   </div>
   <div class='ocr_carea' id='block_1_91' title="bbox 1866 4452 3480 4540">
    <p class='ocr_par' dir='ltr' id='par_1_91' title="bbox 1866 4452 3480 4538">
     <span class='ocr_line' id='line_1_91' title="bbox 1866 4452 3480 4538; baseline 0.005 -32"><span class='ocrx_word' id='word_1_655' title='bbox 1866 4485 1889 4538; x_wconf 71' lang='grc'>)</span> <span class='ocrx_word' id='word_1_656' title='bbox 1923 4452 2184 4507; x_wconf 87' lang='lat' dir='ltr'><strong>concedat</strong></span> <span class='ocrx_word' id='word_1_657' title='bbox 2213 4453 2306 4521; x_wconf 92' lang='lat' dir='ltr'><strong>qui</strong></span> <span class='ocrx_word' id='word_1_658' title='bbox 2344 4464 2689 4522; x_wconf 87' lang='lat' dir='ltr'><strong>peramanter</strong></span> <span class='ocrx_word' id='word_1_659' title='bbox 2742 4457 2808 4509; x_wconf 87' lang='lat' dir='ltr'><strong>ad</strong></span> <span class='ocrx_word' id='word_1_660' title='bbox 2841 4459 3118 4525; x_wconf 80' lang='lat' dir='ltr'><strong>opiﬁcium</strong></span> <span class='ocrx_word' id='word_1_661' title='bbox 3154 4461 3480 4514; x_wconf 86' lang='lat' dir='ltr'><strong>servandum</strong></span> 
     </span>
    </p>
   </div>
   <div class='ocr_carea' id='block_1_92' title="bbox 205 4549 1808 4623">
    <p class='ocr_par' dir='ltr' id='par_1_92' title="bbox 205 4549 1808 4623">
     <span class='ocr_line' id='line_1_92' title="bbox 205 4549 1808 4623; baseline 0 -21"><span class='ocrx_word' id='word_1_662' title='bbox 205 4599 221 4620; x_wconf 19' lang='grc' dir='ltr'><em>,ν</em></span> <span class='ocrx_word' id='word_1_663' title='bbox 241 4554 712 4623; x_wconf 70' lang='grc' dir='ltr'><strong>παραγενόμενος,</strong></span> <span class='ocrx_word' id='word_1_664' title='bbox 736 4552 827 4602; x_wconf 78' lang='grc' dir='ltr'><strong>καὶ</strong></span> <span class='ocrx_word' id='word_1_665' title='bbox 854 4553 1112 4619; x_wconf 80' lang='grc' dir='ltr'><strong>κρατυνεί</strong></span> <span class='ocrx_word' id='word_1_666' title='bbox 1143 4552 1223 4620; x_wconf 63' lang='lat'><strong>(5)</strong></span> <span class='ocrx_word' id='word_1_667' title='bbox 1251 4551 1319 4603; x_wconf 83' lang='grc' dir='ltr'><strong>τὰ</strong></span> <span class='ocrx_word' id='word_1_668' title='bbox 1348 4550 1452 4603; x_wconf 83' lang='grc' dir='ltr'><strong>τῶν</strong></span> <span class='ocrx_word' id='word_1_669' title='bbox 1488 4549 1808 4620; x_wconf 77' lang='grc' dir='ltr'><strong>ὁρθοδόξων,</strong></span> 
     </span>
    </p>
   </div>
   <div class='ocr_carea' id='block_1_93' title="bbox 239 4640 1810 4712">
    <p class='ocr_par' dir='ltr' id='par_1_93' title="bbox 239 4640 1810 4712">
     <span class='ocr_line' id='line_1_93' title="bbox 239 4640 1810 4712; baseline -0.003 -14"><span class='ocrx_word' id='word_1_670' title='bbox 239 4648 330 4698; x_wconf 76' lang='grc' dir='ltr'><strong>καὶ</strong></span> <span class='ocrx_word' id='word_1_671' title='bbox 370 4642 680 4712; x_wconf 83' lang='grc' dir='ltr'><strong>σκαιωρίας</strong></span> <span class='ocrx_word' id='word_1_672' title='bbox 707 4640 1065 4710; x_wconf 77' lang='grc' dir='ltr'><strong>περιφυλαξοι</strong></span> <span class='ocrx_word' id='word_1_673' title='bbox 1111 4641 1367 4702; x_wconf 83' lang='grc' dir='ltr'><strong>παντοίας</strong></span> <span class='ocrx_word' id='word_1_674' title='bbox 1405 4641 1499 4692; x_wconf 73' lang='grc' dir='ltr'><strong>καὶ</strong></span> <span class='ocrx_word' id='word_1_675' title='bbox 1544 4642 1810 4709; x_wconf 84' lang='grc' dir='ltr'><strong>ποιμένας</strong></span> 
     </span>
    </p>
   </div>
   <div class='ocr_carea' id='block_1_94' title="bbox 239 4730 1805 4802">
    <p class='ocr_par' dir='ltr' id='par_1_94' title="bbox 239 4730 1805 4802">
     <span class='ocr_line' id='line_1_94' title="bbox 239 4730 1805 4802; baseline -0.002 -15"><span class='ocrx_word' id='word_1_676' title='bbox 239 4739 332 4787; x_wconf 83' lang='grc' dir='ltr'><strong>καί</strong></span> <span class='ocrx_word' id='word_1_677' title='bbox 362 4735 616 4799; x_wconf 83' lang='grc' dir='ltr'><strong>ποίμνια,</strong></span> <span class='ocrx_word' id='word_1_678' title='bbox 647 4731 753 4794; x_wconf 73' lang='grc' dir='ltr'><strong>ἓως</strong></span> <span class='ocrx_word' id='word_1_679' title='bbox 781 4732 877 4799; x_wconf 75' lang='grc' dir='ltr'><strong>τὴν</strong></span> <span class='ocrx_word' id='word_1_680' title='bbox 902 4730 1005 4798; x_wconf 80' lang='grc' dir='ltr'><strong>γῆν</strong></span> <span class='ocrx_word' id='word_1_681' title='bbox 1025 4733 1052 4783; x_wconf 82' lang='grc' dir='ltr'>ὁ</span> <span class='ocrx_word' id='word_1_682' title='bbox 1088 4732 1236 4799; x_wconf 71' lang='grc' dir='ltr'><strong>ἥλιος</strong></span> <span class='ocrx_word' id='word_1_683' title='bbox 1266 4733 1460 4802; x_wconf 80' lang='grc' dir='ltr'><strong>ἐφορᾷ,</strong></span> <span class='ocrx_word' id='word_1_684' title='bbox 1486 4731 1805 4801; x_wconf 79' lang='grc' dir='ltr'><strong>πρεσόείαις</strong></span> 
     </span>
    </p>
   </div>
   <div class='ocr_carea' id='block_1_95' title="bbox 237 4821 1802 4894">
    <p class='ocr_par' dir='ltr' id='par_1_95' title="bbox 237 4821 1802 4894">
     <span class='ocr_line' id='line_1_95' title="bbox 237 4821 1802 4894; baseline 0 -18"><span class='ocrx_word' id='word_1_685' title='bbox 237 4826 506 4894; x_wconf 74' lang='grc' dir='ltr'><strong>ἀλήκτοις</strong></span> <span class='ocrx_word' id='word_1_686' title='bbox 535 4823 633 4891; x_wconf 80' lang='grc' dir='ltr'><strong>τῆς</strong></span> <span class='ocrx_word' id='word_1_687' title='bbox 669 4823 761 4874; x_wconf 78' lang='grc' dir='ltr'><strong>τὸν</strong></span> <span class='ocrx_word' id='word_1_688' title='bbox 791 4822 944 4890; x_wconf 70' lang='grc' dir='ltr'><strong>ἥλιον</strong></span> <span class='ocrx_word' id='word_1_689' title='bbox 968 4821 1065 4888; x_wconf 78' lang='grc' dir='ltr'><strong>τῆς</strong></span> <span class='ocrx_word' id='word_1_690' title='bbox 1095 4821 1442 4892; x_wconf 75' lang='grc' dir='ltr'><strong>δικαιοσύνης</strong></span> <span class='ocrx_word' id='word_1_691' title='bbox 1469 4823 1802 4892; x_wconf 82' lang='grc' dir='ltr'><strong>σωματωσά-</strong></span> 
     </span>
    </p>
   </div>
   <div class='ocr_carea' id='block_1_96' title="bbox 241 4916 530 4985">
    <p class='ocr_par' dir='ltr' id='par_1_96' title="bbox 241 4916 530 4985">
     <span class='ocr_line' id='line_1_96' title="bbox 241 4916 530 4985; baseline -0.003 -16"><span class='ocrx_word' id='word_1_692' title='bbox 241 4934 337 4985; x_wconf 86' lang='grc' dir='ltr'><strong>σης</strong></span> <span class='ocrx_word' id='word_1_693' title='bbox 368 4916 530 4970; x_wconf 79' lang='grc' dir='ltr'><strong>Θεόν.</strong></span> 
     </span>
    </p>
   </div>
   <div class='ocr_carea' id='block_1_97' title="bbox 313 5005 1808 5076">
    <p class='ocr_par' dir='ltr' id='par_1_97' title="bbox 313 5005 1808 5076">
     <span class='ocr_line' id='line_1_97' title="bbox 313 5005 1808 5076; baseline -0.004 -14"><span class='ocrx_word' id='word_1_694' title='bbox 313 5011 444 5072; x_wconf 79' lang='grc' dir='ltr'><strong>Τοῖς</strong></span> <span class='ocrx_word' id='word_1_695' title='bbox 480 5007 796 5076; x_wconf 77' lang='grc' dir='ltr'><strong>ἱερωτάτοις</strong></span> <span class='ocrx_word' id='word_1_696' title='bbox 834 5006 1147 5076; x_wconf 75' lang='grc' dir='ltr'><strong>ἀρχιερεῦσι</strong></span> <span class='ocrx_word' id='word_1_697' title='bbox 1199 5005 1356 5071; x_wconf 85' lang='grc' dir='ltr'><strong>Θεοῦ,</strong></span> <span class='ocrx_word' id='word_1_698' title='bbox 1390 5008 1483 5058; x_wconf 50' lang='grc' dir='ltr'><strong>καὶ⁹</strong></span> <span class='ocrx_word' id='word_1_699' title='bbox 1524 5009 1633 5068; x_wconf 76' lang='grc' dir='ltr'><strong>τοῖς</strong></span> <span class='ocrx_word' id='word_1_700' title='bbox 1663 5007 1808 5060; x_wconf 70' lang='grc' dir='ltr'><strong>ἐνδο-</strong></span> 
     </span>
    </p>
   </div>
   <div class='ocr_carea' id='block_1_98' title="bbox 242 5100 1808 5172">
    <p class='ocr_par' dir='ltr' id='par_1_98' title="bbox 242 5100 1808 5172">
     <span class='ocr_line' id='line_1_98' title="bbox 242 5100 1808 5172; baseline -0.003 -17"><span class='ocrx_word' id='word_1_701' title='bbox 242 5104 489 5167; x_wconf 77' lang='grc' dir='ltr'><strong>ξοτάτοις</strong></span> <span class='ocrx_word' id='word_1_702' title='bbox 514 5103 624 5164; x_wconf 82' lang='grc' dir='ltr'><strong>τοίς</strong></span> <span class='ocrx_word' id='word_1_703' title='bbox 655 5103 752 5169; x_wconf 81' lang='grc' dir='ltr'><strong>τῆς</strong></span> <span class='ocrx_word' id='word_1_704' title='bbox 789 5101 1094 5172; x_wconf 80' lang='grc' dir='ltr'><strong>συγκλήτου</strong></span> <span class='ocrx_word' id='word_1_705' title='bbox 1130 5100 1348 5169; x_wconf 81' lang='grc' dir='ltr'><strong>βουλῆς,</strong></span> <span class='ocrx_word' id='word_1_706' title='bbox 1391 5101 1483 5152; x_wconf 78' lang='grc' dir='ltr'><strong>καὶ</strong></span> <span class='ocrx_word' id='word_1_707' title='bbox 1530 5101 1641 5161; x_wconf 77' lang='grc' dir='ltr'><strong>τοῖς</strong></span> <span class='ocrx_word' id='word_1_708' title='bbox 1670 5102 1808 5151; x_wconf 71' lang='grc' dir='ltr'><strong>ἐντι-</strong></span> 
     </span>
    </p>
   </div>
   <div class='ocr_carea' id='block_1_99' title="bbox 243 5191 1810 5263">
    <p class='ocr_par' dir='ltr' id='par_1_99' title="bbox 243 5191 1810 5263">
     <span class='ocr_line' id='line_1_99' title="bbox 243 5191 1810 5263; baseline -0.003 -16"><span class='ocrx_word' id='word_1_709' title='bbox 243 5198 506 5263; x_wconf 78' lang='grc' dir='ltr'><strong>μοτάτοις</strong></span> <span class='ocrx_word' id='word_1_710' title='bbox 535 5191 628 5244; x_wconf 87' lang='grc' dir='ltr'><strong>τοῦ</strong></span> <span class='ocrx_word' id='word_1_711' title='bbox 665 5193 867 5262; x_wconf 87' lang='grc' dir='ltr'><strong>κλήρου</strong></span> <span class='ocrx_word' id='word_1_712' title='bbox 905 5192 1105 5262; x_wconf 83' lang='grc' dir='ltr'><strong>ἱερεῦσι</strong></span> <span class='ocrx_word' id='word_1_713' title='bbox 1137 5193 1234 5245; x_wconf 75' lang='grc' dir='ltr'><strong>καὶ</strong></span> <span class='ocrx_word' id='word_1_714' title='bbox 1267 5193 1580 5260; x_wconf 76' lang='grc' dir='ltr'><strong>μονάζουσι,</strong></span> <span class='ocrx_word' id='word_1_715' title='bbox 1612 5195 1722 5253; x_wconf 82' lang='grc' dir='ltr'><strong>τοῖς</strong></span> <span class='ocrx_word' id='word_1_716' title='bbox 1751 5207 1810 5242; x_wconf 84' lang='grc' dir='ltr'><strong>τε</strong></span> 
     </span>
    </p>
   </div>
   <div class='ocr_carea' id='block_1_100' title="bbox 239 5283 1810 5355">
    <p class='ocr_par' dir='ltr' id='par_1_100' title="bbox 239 5283 1810 5355">
     <span class='ocr_line' id='line_1_100' title="bbox 239 5283 1810 5355; baseline -0.004 -17"><span class='ocrx_word' id='word_1_717' title='bbox 239 5285 722 5355; x_wconf 75' lang='grc' dir='ltr'><strong>στρατευομένοις,</strong></span> <span class='ocrx_word' id='word_1_718' title='bbox 764 5286 857 5336; x_wconf 78' lang='grc' dir='ltr'><strong>καὶ</strong></span> <span class='ocrx_word' id='word_1_719' title='bbox 909 5288 1022 5346; x_wconf 72' lang='grc' dir='ltr'><strong>τοῖς</strong></span> <span class='ocrx_word' id='word_1_720' title='bbox 1052 5283 1152 5353; x_wconf 81' lang='grc' dir='ltr'><strong>τῆς</strong></span> <span class='ocrx_word' id='word_1_721' title='bbox 1208 5283 1485 5345; x_wconf 78' lang='grc' dir='ltr'><strong>πολιτείας</strong></span> <span class='ocrx_word' id='word_1_722' title='bbox 1536 5283 1810 5342; x_wconf 82' lang='grc' dir='ltr'><strong>πλουσίοις</strong></span> 
     </span>
    </p>
   </div>
   <div class='ocr_carea' id='block_1_101' title="bbox 236 5374 1810 5444">
    <p class='ocr_par' dir='ltr' id='par_1_101' title="bbox 236 5374 1810 5444">
     <span class='ocr_line' id='line_1_101' title="bbox 236 5374 1810 5444; baseline -0.002 -15"><span class='ocrx_word' id='word_1_723' title='bbox 236 5395 296 5429; x_wconf 85' lang='grc' dir='ltr'><strong>τε</strong></span> <span class='ocrx_word' id='word_1_724' title='bbox 337 5378 441 5430; x_wconf 77' lang='grc' dir='ltr'><strong>καὶ</strong></span> <span class='ocrx_word' id='word_1_725' title='bbox 484 5376 822 5444; x_wconf 70' lang='grc' dir='ltr'><strong>πενομένοις,</strong></span> <span class='ocrx_word' id='word_1_726' title='bbox 872 5377 967 5428; x_wconf 77' lang='grc' dir='ltr'><strong>καὶ</strong></span> <span class='ocrx_word' id='word_1_727' title='bbox 1004 5374 1229 5444; x_wconf 84' lang='grc' dir='ltr'><strong>ἀνδράσι</strong></span> <span class='ocrx_word' id='word_1_728' title='bbox 1262 5376 1354 5428; x_wconf 78' lang='grc' dir='ltr'><strong>καὶ</strong></span> <span class='ocrx_word' id='word_1_729' title='bbox 1399 5374 1640 5442; x_wconf 72' lang='grc' dir='ltr'><strong>γυναιξὶ,</strong></span> <span class='ocrx_word' id='word_1_730' title='bbox 1675 5377 1810 5426; x_wconf 73' lang='grc' dir='ltr'><strong>πᾶσι</strong></span> 
     </span>
    </p>
   </div>
   <div class='ocr_carea' id='block_1_102' title="bbox 235 5458 1807 5539">
    <p class='ocr_par' dir='ltr' id='par_1_102' title="bbox 235 5458 1807 5539">
     <span class='ocr_line' id='line_1_102' title="bbox 235 5458 1807 5539; baseline -0.003 -17"><span class='ocrx_word' id='word_1_731' title='bbox 235 5467 515 5539; x_wconf 73' lang='grc' dir='ltr'><strong>διηνεκῶς</strong></span> <span class='ocrx_word' id='word_1_732' title='bbox 547 5465 901 5534; x_wconf 76' lang='grc' dir='ltr'><strong>χορηγεῖσθαι</strong></span> <span class='ocrx_word' id='word_1_733' title='bbox 923 5458 984 5518; x_wconf 73' lang='grc' dir='ltr'><strong>’το</strong></span> <span class='ocrx_word' id='word_1_734' title='bbox 1008 5466 1098 5518; x_wconf 91' lang='grc' dir='ltr'><strong>τοῦ</strong></span> <span class='ocrx_word' id='word_1_735' title='bbox 1131 5466 1264 5519; x_wconf 84' lang='grc' dir='ltr'><strong>Θεοῦ</strong></span> <span class='ocrx_word' id='word_1_736' title='bbox 1304 5466 1608 5536; x_wconf 84' lang='grc' dir='ltr'><strong>ἐπεύχομαι</strong></span> <span class='ocrx_word' id='word_1_737' title='bbox 1640 5466 1807 5526; x_wconf 73' lang='grc' dir='ltr'><strong>ἔλεος.</strong></span> 
     </span>
    </p>
   </div>
   <div class='ocr_carea' id='block_1_103' title="bbox 241 5555 1813 5626">
    <p class='ocr_par' dir='ltr' id='par_1_103' title="bbox 241 5555 1813 5626">
     <span class='ocr_line' id='line_1_103' title="bbox 241 5555 1813 5626; baseline -0.004 -13"><span class='ocrx_word' id='word_1_738' title='bbox 241 5558 375 5613; x_wconf 76' lang='grc' dir='ltr'><strong>Εἶτα</strong></span> <span class='ocrx_word' id='word_1_739' title='bbox 429 5559 523 5611; x_wconf 76' lang='grc' dir='ltr'><strong>καὶ</strong></span> <span class='ocrx_word' id='word_1_740' title='bbox 553 5558 719 5609; x_wconf 79' lang='grc' dir='ltr'><strong>πᾶσιν</strong></span> <span class='ocrx_word' id='word_1_741' title='bbox 770 5556 1035 5609; x_wconf 76' lang='grc' dir='ltr'><strong>ἀντιϐολῶ</strong></span> <span class='ocrx_word' id='word_1_742' title='bbox 1067 5557 1142 5626; x_wconf 78' lang='grc' dir='ltr'><strong>μὴ</strong></span> <span class='ocrx_word' id='word_1_743' title='bbox 1177 5558 1246 5620; x_wconf 80' lang='grc' dir='ltr'><strong>ὡς</strong></span> <span class='ocrx_word' id='word_1_744' title='bbox 1280 5557 1434 5626; x_wconf 75' lang='grc' dir='ltr'><strong>ἔτυχε</strong></span> <span class='ocrx_word' id='word_1_745' title='bbox 1485 5555 1813 5626; x_wconf 79' lang='grc' dir='ltr'><strong>προσταλαι-</strong></span> 
     </span>
    </p>
   </div>
   <div class='ocr_carea' id='block_1_104' title="bbox 239 5643 1808 5720">
    <p class='ocr_par' dir='ltr' id='par_1_104' title="bbox 239 5643 1808 5720">
     <span class='ocr_line' id='line_1_104' title="bbox 239 5643 1808 5720; baseline -0.004 -17"><span class='ocrx_word' id='word_1_746' title='bbox 239 5654 453 5720; x_wconf 74' lang='grc' dir='ltr'><strong>πωρεῖν</strong></span> <span class='ocrx_word' id='word_1_747' title='bbox 513 5648 820 5711; x_wconf 81' lang='grc' dir='ltr'><strong>κοπιῶντας</strong></span> <span class='ocrx_word' id='word_1_748' title='bbox 877 5648 942 5719; x_wconf 76' lang='grc' dir='ltr'><strong>τῇ</strong></span> <span class='ocrx_word' id='word_1_749' title='bbox 984 5643 1102 5720; x_wconf 78' lang='grc' dir='ltr'><strong>ἐνῇ</strong></span> <span class='ocrx_word' id='word_1_750' title='bbox 1162 5648 1529 5719; x_wconf 83' lang='grc' dir='ltr'><strong>παροικοῦμεν</strong></span> <span class='ocrx_word' id='word_1_751' title='bbox 1562 5646 1808 5715; x_wconf 72' lang='grc' dir='ltr'><strong>ἐσχατιᾷ,</strong></span> 
     </span>
    </p>
   </div>
   <div class='ocr_carea' id='block_1_105' title="bbox 304 5759 949 5830">
    <p class='ocr_par' dir='ltr' id='par_1_105' title="bbox 304 5759 949 5830">
     <span class='ocr_line' id='line_1_105' title="bbox 304 5759 949 5830; baseline -0.002 -16"><span class='ocrx_word' id='word_1_752' title='bbox 304 5765 384 5828; x_wconf 74' lang='grc' dir='ltr'><strong>(Ι)</strong></span> <span class='ocrx_word' id='word_1_753' title='bbox 427 5759 744 5830; x_wconf 82' lang='lat' dir='ltr'><strong>Legendum</strong></span> <span class='ocrx_word' id='word_1_754' title='bbox 773 5761 949 5828; x_wconf 82' lang='grc' dir='ltr'><strong>ὑμῶν.</strong></span> 
     </span>
    </p>
   </div>
   <div class='ocr_carea' id='block_1_106' title="bbox 300 5829 823 5902">
    <p class='ocr_par' dir='ltr' id='par_1_106' title="bbox 300 5829 823 5902">
     <span class='ocr_line' id='line_1_106' title="bbox 300 5829 823 5902; baseline 0.008 -21"><span class='ocrx_word' id='word_1_755' title='bbox 300 5836 377 5902; x_wconf 62' lang='lat'><strong>(2;</strong></span> <span class='ocrx_word' id='word_1_756' title='bbox 426 5829 528 5884; x_wconf 76' lang='lat' dir='ltr'><strong>Pro</strong></span> <span class='ocrx_word' id='word_1_757' title='bbox 555 5830 823 5895; x_wconf 70' lang='grc' dir='ltr'><strong>ἀξιώσειε.</strong></span> 
     </span>
    </p>
   </div>
   <div class='ocr_carea' id='block_1_107' title="bbox 1922 4542 3480 4614">
    <p class='ocr_par' dir='ltr' id='par_1_107' title="bbox 1922 4542 3480 4614">
     <span class='ocr_line' id='line_1_107' title="bbox 1922 4542 3480 4614; baseline 0.005 -18"><span class='ocrx_word' id='word_1_758' title='bbox 1922 4542 2177 4607; x_wconf 83' lang='lat' dir='ltr'><strong>advenit;</strong></span> <span class='ocrx_word' id='word_1_759' title='bbox 2237 4544 2490 4614; x_wconf 89' lang='lat' dir='ltr'><strong>idemque</strong></span> <span class='ocrx_word' id='word_1_760' title='bbox 2535 4545 2966 4613; x_wconf 78' lang='lat' dir='ltr'><strong>orthodoxorum</strong></span> <span class='ocrx_word' id='word_1_761' title='bbox 3034 4564 3122 4603; x_wconf 90' lang='lat' dir='ltr'><strong>res</strong></span> <span class='ocrx_word' id='word_1_762' title='bbox 3173 4552 3480 4612; x_wconf 78' lang='lat' dir='ltr'><strong>conﬁrmet,</strong></span> 
     </span>
    </p>
   </div>
   <div class='ocr_carea' id='block_1_108' title="bbox 1920 4633 3480 4712">
    <p class='ocr_par' dir='ltr' id='par_1_108' title="bbox 1920 4633 3480 4712">
     <span class='ocr_line' id='line_1_108' title="bbox 1920 4633 3480 4712; baseline 0.007 -26"><span class='ocrx_word' id='word_1_763' title='bbox 1920 4641 2082 4703; x_wconf 89' lang='lat' dir='ltr'><strong>atque</strong></span> <span class='ocrx_word' id='word_1_764' title='bbox 2109 4633 2353 4702; x_wconf 86' lang='lat' dir='ltr'><strong>pastores</strong></span> <span class='ocrx_word' id='word_1_765' title='bbox 2381 4645 2435 4690; x_wconf 90' lang='lat' dir='ltr'><strong>et</strong></span> <span class='ocrx_word' id='word_1_766' title='bbox 2464 4637 2650 4700; x_wconf 90' lang='lat' dir='ltr'><strong>ovilia,</strong></span> <span class='ocrx_word' id='word_1_767' title='bbox 2687 4638 2926 4705; x_wconf 90' lang='lat' dir='ltr'><strong>quandiu</strong></span> <span class='ocrx_word' id='word_1_768' title='bbox 2967 4639 3045 4692; x_wconf 87' lang='lat' dir='ltr'><strong>sol</strong></span> <span class='ocrx_word' id='word_1_769' title='bbox 3079 4649 3280 4694; x_wconf 89' lang='lat' dir='ltr'><strong>terram</strong></span> <span class='ocrx_word' id='word_1_770' title='bbox 3312 4644 3480 4712; x_wconf 88' lang='lat' dir='ltr'><strong>respi-</strong></span> 
     </span>
    </p>
   </div>
   <div class='ocr_carea' id='block_1_109' title="bbox 1918 4725 3481 4801">
    <p class='ocr_par' dir='ltr' id='par_1_109' title="bbox 1918 4725 3481 4801">
     <span class='ocr_line' id='line_1_109' title="bbox 1918 4725 3481 4801; baseline 0.004 -20"><span class='ocrx_word' id='word_1_771' title='bbox 1918 4727 2043 4790; x_wconf 88' lang='lat' dir='ltr'><strong>ciet,</strong></span> <span class='ocrx_word' id='word_1_772' title='bbox 2087 4725 2462 4801; x_wconf 22' lang='lat' dir='ltr'><strong>omniqmalitia</strong></span> <span class='ocrx_word' id='word_1_773' title='bbox 2487 4745 2687 4783; x_wconf 88' lang='lat' dir='ltr'><strong>vacuos</strong></span> <span class='ocrx_word' id='word_1_774' title='bbox 2720 4740 3031 4792; x_wconf 84' lang='lat' dir='ltr'><strong>conservet,</strong></span> <span class='ocrx_word' id='word_1_775' title='bbox 3065 4733 3319 4800; x_wconf 79' lang='lat' dir='ltr'><strong>precibus</strong></span> <span class='ocrx_word' id='word_1_776' title='bbox 3343 4736 3481 4788; x_wconf 86' lang='lat' dir='ltr'><strong>assi-</strong></span> 
     </span>
    </p>
   </div>
   <div class='ocr_carea' id='block_1_110' title="bbox 1920 4803 3480 4894">
    <p class='ocr_par' dir='ltr' id='par_1_110' title="bbox 1920 4803 3480 4894">
     <span class='ocr_line' id='line_1_110' title="bbox 1920 4803 3480 4894; baseline 0.006 -22"><span class='ocrx_word' id='word_1_777' title='bbox 1920 4819 2044 4874; x_wconf 82' lang='lat' dir='ltr'><strong>duis</strong></span> <span class='ocrx_word' id='word_1_778' title='bbox 2096 4821 2214 4890; x_wconf 89' lang='lat' dir='ltr'><strong>ejus</strong></span> <span class='ocrx_word' id='word_1_779' title='bbox 2262 4803 2354 4889; x_wconf 91' lang='lat' dir='ltr'><strong>qui</strong></span> <span class='ocrx_word' id='word_1_780' title='bbox 2409 4821 2588 4877; x_wconf 85' lang='lat' dir='ltr'><strong>Solem</strong></span> <span class='ocrx_word' id='word_1_781' title='bbox 2647 4824 2873 4892; x_wconf 68' lang='lat' dir='ltr'><strong>justitias</strong></span> <span class='ocrx_word' id='word_1_782' title='bbox 2921 4823 3085 4877; x_wconf 90' lang='lat' dir='ltr'><strong>Deum</strong></span> <span class='ocrx_word' id='word_1_783' title='bbox 3117 4839 3343 4894; x_wconf 91' lang='lat' dir='ltr'><strong>corpore</strong></span> <span class='ocrx_word' id='word_1_784' title='bbox 3397 4829 3480 4882; x_wconf 87' lang='lat' dir='ltr'><strong>in-</strong></span> 
     </span>
    </p>
   </div>
   <div class='ocr_carea' id='block_1_111' title="bbox 1919 4915 3056 4988">
    <p class='ocr_par' dir='ltr' id='par_1_111' title="bbox 1919 4915 3056 4988">
     <span class='ocr_line' id='line_1_111' title="bbox 1919 4915 3056 4988; baseline 0.003 -20"><span class='ocrx_word' id='word_1_785' title='bbox 1919 4915 2133 4968; x_wconf 77' lang='lat' dir='ltr'><strong>struxit.</strong></span> <span class='ocrx_word' id='word_1_786' title='bbox 2390 4970 2396 4976; x_wconf 93' lang='lat'><em>_</em></span> <span class='ocrx_word' id='word_1_787' title='bbox 2606 4952 2615 4961; x_wconf 74' lang='lat'><strong>.</strong></span> <span class='ocrx_word' id='word_1_788' title='bbox 3045 4976 3056 4988; x_wconf 38' lang='grc' dir='ltr'><em>ι</em></span> 
     </span>
    </p>
   </div>
   <div class='ocr_carea' id='block_1_112' title="bbox 1990 5004 3479 5080">
    <p class='ocr_par' dir='ltr' id='par_1_112' title="bbox 1990 5004 3479 5080">
     <span class='ocr_line' id='line_1_112' title="bbox 1990 5004 3479 5080; baseline 0.005 -24"><span class='ocrx_word' id='word_1_789' title='bbox 1990 5004 2360 5061; x_wconf 88' lang='lat' dir='ltr'><strong>Sanctissimis</strong></span> <span class='ocrx_word' id='word_1_790' title='bbox 2410 5006 2505 5062; x_wconf 89' lang='lat' dir='ltr'><strong>Dei</strong></span> <span class='ocrx_word' id='word_1_791' title='bbox 2557 5010 2909 5077; x_wconf 74' lang='lat' dir='ltr'><strong>praesulibus,</strong></span> <span class='ocrx_word' id='word_1_792' title='bbox 2947 5012 3336 5080; x_wconf 89' lang='lat' dir='ltr'><strong>gloriosissimo</strong></span> <span class='ocrx_word' id='word_1_793' title='bbox 3397 5025 3479 5064; x_wconf 85' lang='lat' dir='ltr'><strong>se-</strong></span> 
     </span>
    </p>
   </div>
   <div class='ocr_carea' id='block_1_113' title="bbox 1920 5097 3479 5161">
    <p class='ocr_par' dir='ltr' id='par_1_113' title="bbox 1920 5097 3479 5161">
     <span class='ocr_line' id='line_1_113' title="bbox 1920 5097 3479 5161; baseline 0.004 -13"><span class='ocrx_word' id='word_1_794' title='bbox 1920 5097 2093 5161; x_wconf 90' lang='lat' dir='ltr'><strong>natui,</strong></span> <span class='ocrx_word' id='word_1_795' title='bbox 2136 5108 2192 5150; x_wconf 89' lang='lat' dir='ltr'><strong>et</strong></span> <span class='ocrx_word' id='word_1_796' title='bbox 2244 5098 2681 5154; x_wconf 86' lang='lat' dir='ltr'><strong>honoratissimis</strong></span> <span class='ocrx_word' id='word_1_797' title='bbox 2729 5116 2759 5154; x_wconf 86' lang='lat' dir='ltr'><strong>e</strong></span> <span class='ocrx_word' id='word_1_798' title='bbox 2811 5102 2956 5157; x_wconf 89' lang='lat' dir='ltr'><strong>clero</strong></span> <span class='ocrx_word' id='word_1_799' title='bbox 2998 5103 3378 5158; x_wconf 78' lang='lat' dir='ltr'><strong>sacerdotibus</strong></span> <span class='ocrx_word' id='word_1_800' title='bbox 3426 5113 3479 5156; x_wconf 91' lang='lat' dir='ltr'><strong>et</strong></span> 
     </span>
    </p>
   </div>
   <div class='ocr_carea' id='block_1_114' title="bbox 1919 5189 3480 5260">
    <p class='ocr_par' dir='ltr' id='par_1_114' title="bbox 1919 5189 3480 5260">
     <span class='ocr_line' id='line_1_114' title="bbox 1919 5189 3480 5260; baseline 0.004 -19"><span class='ocrx_word' id='word_1_801' title='bbox 1919 5189 2229 5253; x_wconf 91' lang='lat' dir='ltr'><strong>monachis,</strong></span> <span class='ocrx_word' id='word_1_802' title='bbox 2298 5190 2365 5244; x_wconf 90' lang='lat' dir='ltr'><strong>iis</strong></span> <span class='ocrx_word' id='word_1_803' title='bbox 2400 5191 2496 5260; x_wconf 92' lang='lat' dir='ltr'><strong>qui</strong></span> <span class='ocrx_word' id='word_1_804' title='bbox 2556 5193 2802 5246; x_wconf 81' lang='lat' dir='ltr'><strong>militiam</strong></span> <span class='ocrx_word' id='word_1_805' title='bbox 2866 5203 3142 5259; x_wconf 81' lang='lat' dir='ltr'><strong>exercent,</strong></span> <span class='ocrx_word' id='word_1_806' title='bbox 3180 5209 3243 5248; x_wconf 86' lang='lat' dir='ltr'><strong>ac</strong></span> <span class='ocrx_word' id='word_1_807' title='bbox 3269 5194 3480 5248; x_wconf 86' lang='lat' dir='ltr'><strong>civihus</strong></span> 
     </span>
    </p>
   </div>
   <div class='ocr_carea' id='block_1_115' title="bbox 1918 5277 3479 5352">
    <p class='ocr_par' dir='ltr' id='par_1_115' title="bbox 1918 5277 3479 5352">
     <span class='ocr_line' id='line_1_115' title="bbox 1918 5277 3479 5352; baseline 0.004 -21"><span class='ocrx_word' id='word_1_808' title='bbox 1918 5277 2182 5333; x_wconf 88' lang='lat' dir='ltr'><strong>divitibus</strong></span> <span class='ocrx_word' id='word_1_809' title='bbox 2213 5282 2648 5352; x_wconf 88' lang='lat' dir='ltr'><strong>pauperibusque</strong></span> <span class='ocrx_word' id='word_1_810' title='bbox 2681 5285 2812 5338; x_wconf 89' lang='lat' dir='ltr'><strong>viris</strong></span> <span class='ocrx_word' id='word_1_811' title='bbox 2840 5293 2894 5338; x_wconf 88' lang='lat' dir='ltr'><strong>et</strong></span> <span class='ocrx_word' id='word_1_812' title='bbox 2952 5285 3272 5339; x_wconf 84' lang='lat' dir='ltr'><strong>mulieribus</strong></span> <span class='ocrx_word' id='word_1_813' title='bbox 3302 5287 3479 5338; x_wconf 90' lang='lat' dir='ltr'><strong>omni-</strong></span> 
     </span>
    </p>
   </div>
   <div class='ocr_carea' id='block_1_116' title="bbox 1919 5369 3476 5445">
    <p class='ocr_par' dir='ltr' id='par_1_116' title="bbox 1919 5369 3476 5445">
     <span class='ocr_line' id='line_1_116' title="bbox 1919 5369 3476 5445; baseline 0.006 -24"><span class='ocrx_word' id='word_1_814' title='bbox 1919 5369 2020 5422; x_wconf 92' lang='lat' dir='ltr'><strong>bus</strong></span> <span class='ocrx_word' id='word_1_815' title='bbox 2075 5369 2165 5424; x_wconf 85' lang='lat' dir='ltr'><strong>Dei</strong></span> <span class='ocrx_word' id='word_1_816' title='bbox 2212 5371 2640 5426; x_wconf 76' lang='lat' dir='ltr'><strong>miSericordiam</strong></span> <span class='ocrx_word' id='word_1_817' title='bbox 2676 5373 2911 5428; x_wconf 80' lang='lat' dir='ltr'><strong>conferri</strong></span> <span class='ocrx_word' id='word_1_818' title='bbox 2971 5376 3236 5445; x_wconf 84' lang='lat' dir='ltr'><strong>supplico.</strong></span> <span class='ocrx_word' id='word_1_819' title='bbox 3273 5376 3476 5430; x_wconf 84' lang='lat' dir='ltr'><strong>Deinde</strong></span> 
     </span>
    </p>
   </div>
   <div class='ocr_carea' id='block_1_117' title="bbox 1920 5460 3475 5532">
    <p class='ocr_par' dir='ltr' id='par_1_117' title="bbox 1920 5460 3475 5532">
     <span class='ocr_line' id='line_1_117' title="bbox 1920 5460 3475 5532; baseline 0.006 -21"><span class='ocrx_word' id='word_1_820' title='bbox 1920 5460 2201 5513; x_wconf 82' lang='lat' dir='ltr'><strong>universos</strong></span> <span class='ocrx_word' id='word_1_821' title='bbox 2233 5476 2366 5532; x_wconf 86' lang='lat' dir='ltr'><strong>rogo</strong></span> <span class='ocrx_word' id='word_1_822' title='bbox 2405 5473 2460 5516; x_wconf 91' lang='lat' dir='ltr'><strong>ut</strong></span> <span class='ocrx_word' id='word_1_823' title='bbox 2488 5477 2554 5517; x_wconf 86' lang='lat' dir='ltr'><strong>ne</strong></span> <span class='ocrx_word' id='word_1_824' title='bbox 2603 5478 2826 5532; x_wconf 82' lang='lat' dir='ltr'><strong>prorsus</strong></span> <span class='ocrx_word' id='word_1_825' title='bbox 2859 5464 3135 5521; x_wconf 80' lang='lat' dir='ltr'><strong>alllietioni</strong></span> <span class='ocrx_word' id='word_1_826' title='bbox 3169 5480 3226 5519; x_wconf 88' lang='lat' dir='ltr'><strong>se</strong></span> <span class='ocrx_word' id='word_1_827' title='bbox 3254 5467 3475 5530; x_wconf 81' lang='lat' dir='ltr'><strong>dedant,</strong></span> 
     </span>
    </p>
   </div>
   <div class='ocr_carea' id='block_1_118' title="bbox 1915 5552 3478 5626">
    <p class='ocr_par' dir='ltr' id='par_1_118' title="bbox 1915 5552 3478 5626">
     <span class='ocr_line' id='line_1_118' title="bbox 1915 5552 3478 5626; baseline 0.003 -20"><span class='ocrx_word' id='word_1_828' title='bbox 1915 5552 2073 5607; x_wconf 82' lang='lat' dir='ltr'><strong>fracti</strong></span> <span class='ocrx_word' id='word_1_829' title='bbox 2107 5553 2290 5608; x_wconf 90' lang='lat' dir='ltr'><strong>animo</strong></span> <span class='ocrx_word' id='word_1_830' title='bbox 2309 5555 2379 5609; x_wconf 91' lang='lat' dir='ltr'><strong>ob</strong></span> <span class='ocrx_word' id='word_1_831' title='bbox 2412 5564 2706 5610; x_wconf 88' lang='lat' dir='ltr'><strong>extremam</strong></span> <span class='ocrx_word' id='word_1_832' title='bbox 2755 5557 2806 5610; x_wconf 92' lang='lat' dir='ltr'><strong>in</strong></span> <span class='ocrx_word' id='word_1_833' title='bbox 2843 5572 2948 5626; x_wconf 89' lang='lat' dir='ltr'><strong>qua</strong></span> <span class='ocrx_word' id='word_1_834' title='bbox 2997 5571 3278 5613; x_wconf 87' lang='lat' dir='ltr'><strong>versamur</strong></span> <span class='ocrx_word' id='word_1_835' title='bbox 3338 5559 3478 5611; x_wconf 81' lang='lat' dir='ltr'><strong>cala-</strong></span> 
     </span>
    </p>
   </div>
   <div class='ocr_carea' id='block_1_119' title="bbox 1915 5645 3475 5721">
    <p class='ocr_par' dir='ltr' id='par_1_119' title="bbox 1915 5645 3475 5721">
     <span class='ocr_line' id='line_1_119' title="bbox 1915 5645 3475 5721; baseline 0.003 -24"><span class='ocrx_word' id='word_1_836' title='bbox 1915 5645 2198 5700; x_wconf 88' lang='lat' dir='ltr'><strong>mitatem:</strong></span> <span class='ocrx_word' id='word_1_837' title='bbox 2236 5660 2360 5700; x_wconf 89' lang='lat' dir='ltr'><strong>cum</strong></span> <span class='ocrx_word' id='word_1_838' title='bbox 2391 5647 2655 5716; x_wconf 84' lang='lat' dir='ltr'><strong>sapientia</strong></span> <span class='ocrx_word' id='word_1_839' title='bbox 2701 5663 2864 5718; x_wconf 87' lang='lat' dir='ltr'><strong>supra</strong></span> <span class='ocrx_word' id='word_1_840' title='bbox 2900 5658 3142 5706; x_wconf 86' lang='lat' dir='ltr'><strong>montem</strong></span> <span class='ocrx_word' id='word_1_841' title='bbox 3179 5650 3351 5721; x_wconf 85' lang='lat' dir='ltr'><strong>posita</strong></span> <span class='ocrx_word' id='word_1_842' title='bbox 3386 5649 3475 5714; x_wconf 87' lang='lat' dir='ltr'><strong>sit,</strong></span> 
     </span>
    </p>
   </div>
   <div class='ocr_carea' id='block_1_120' title="bbox 1988 5758 2934 5828">
    <p class='ocr_par' dir='ltr' id='par_1_120' title="bbox 1988 5758 2934 5828">
     <span class='ocr_line' id='line_1_120' title="bbox 1988 5758 2934 5828; baseline 0.007 -19"><span class='ocrx_word' id='word_1_843' title='bbox 1988 5758 2065 5826; x_wconf 77' lang='lat'><strong>(5)</strong></span> <span class='ocrx_word' id='word_1_844' title='bbox 2103 5759 2400 5827; x_wconf 83' lang='grc' dir='ltr'><strong>Ιιλάτυσμα</strong></span> <span class='ocrx_word' id='word_1_845' title='bbox 2431 5761 2573 5828; x_wconf 86' lang='lat' dir='ltr'><strong>apud</strong></span> <span class='ocrx_word' id='word_1_846' title='bbox 2603 5761 2934 5818; x_wconf 79' lang='lat' dir='ltr'><strong>Boivinium.</strong></span> 
     </span>
    </p>
   </div>
   <div class='ocr_carea' id='block_1_121' title="bbox 1985 5828 2523 5898">
    <p class='ocr_par' dir='ltr' id='par_1_121' title="bbox 1985 5828 2523 5898">
     <span class='ocr_line' id='line_1_121' title="bbox 1985 5828 2523 5898; baseline 0.009 -18"><span class='ocrx_word' id='word_1_847' title='bbox 1985 5829 2060 5898; x_wconf 66' lang='grc' dir='ltr'><strong>(Δ)</strong></span> <span class='ocrx_word' id='word_1_848' title='bbox 2094 5828 2194 5882; x_wconf 82' lang='lat' dir='ltr'><strong>Pro</strong></span> <span class='ocrx_word' id='word_1_849' title='bbox 2219 5829 2523 5894; x_wconf 81' lang='grc' dir='ltr'><strong>κρατύνειε.</strong></span> 
     </span>
    </p>
   </div>
  </div>
