4220 6444
723 412 828 471 503

1770 410 2184 468 ATHANASH
2241 413 2349 468 (2P.
2397 411 2913 470 PATRIARCH/E

3857 410 3959 472 5H

721 527 962 596 Εριειοια
993 525 1057 577 ad
1097 526 1464 596 imperatorem
1491 532 1677 596 contra
1704 526 1869 596 turpis
1908 526 2040 579 turri
2061 527 2292 595 cupidos,
2326 527 2372 584 Α

2326 527 2372 584 Α
2400 523 2649 596 Γριίμγμα
2679 522 2964 596 «pec-3'61-
2992 523 3394 596 αὐτοκράτορα
3431 522 3578 596 κατὰ
3611 523 3959 596 οισχροκερ-

1127 604 1175 646 et
1217 595 1279 646 de
1311 592 1596 662 oriz-ilegiis
1631 593 1895 648 Ecclesiw.

788 709 925 764 Cum
973 707 1125 761 multi
1179 705 1340 760 hodie
1395 707 1515 775 plus
1563 714 1848 774 appetant,
1879 708 2005 777 quia
2054 710 2287 764 maxime

721 803 995 856 neminem
1049 814 1238 852 eorum
1281 799 1372 866 qui
1424 798 1683 865 populum
1726 799 1940 853 Domini
1998 809 2055 852 ut
2107 817 2285 856 escam

724 893 878 960 panis
919 893 1200 954 devorant,
1253 898 1305 941 et
1337 898 1567 956 utraque
1619 905 1781 942 manu
1817 890 1984 943 etiam
2032 907 2153 960 qua
2187 894 2288 946 im-

727 982 859 1048 perii
904 988 1031 1031 sunt
1069 981 1121 1032 in
1162 979 1435 1047 propriam
1471 994 1581 1032 rem
1606 978 1904 1042 divortunt,
1932 983 2286 1051 castigatione

723 1071 788 1123 ad
838 1086 1024 1123 sanam
1073 1079 1308 1123 mentem
1357 1084 1719 1122 revocamus:
1759 1086 1944 1138 qumso
1973 1080 2028 1123 ut
2067 1082 2288 1139 propter

725 1163 1010 1215 Uominum
1046 1175 1284 1228 prasens
1335 1160 1608 1226 negotium
1649 1167 1951 1222 tractetur,
1994 1177 2169 1231 neque
2219 1163 2286 1217 ab

724 1253 792 1305 iis
841 1253 931 1319 qui
973 1251 1292 1304 muneribus
1345 1250 1596 1303 excaecati
1642 1261 1798 1316 sunt,
1838 1251 2064 1316 veritas,
2094 1254 2184 1322 jus
2233 1263 2288 1308 et

722 1343 949 1409 a-qnitas
977 1350 1401 1396 contemnantur
1441 1381 1453 1402 ,
1493 1357 1662 1409 neque
1696 1342 1767 1393 ita
1809 1341 2146 1410 dcspiciatur
2192 1342 2291 1397 Ec—

722 1437 908 1500 clesia,
962 1445 1022 1488 ut
1083 1435 1362 1503 privilegia
1405 1436 1522 1502 ejus
1578 1434 1819 1502 cujusvis
1849 1434 2059 1488 lucrum
2097 1451 2288 1504 parare

729 1530 952 1582 volentis
971 1527 1256 1581 calumniis
1277 1526 1654 1592 subjiciuntur.
1673 1526 1775 1580 Sed
1803 1529 2100 1594 promerita
2127 1546 2286 1599 poena

724 1617 988 1670 abiciatur
1015 1617 1192 1684 quivis
1211 1616 1529 1670 maledictus
1550 1618 1742 1680 homo;
1768 1619 1882 1671 sive
1907 1620 2286 1688 Theophanes,

723 1710 837 1762 sive
865 1708 1113 1776 quisquis
1140 1707 1278 1760 alius
1313 1710 1453 1776 turpi
1488 1710 1642 1762 lucro
1662 1710 1742 1763 vel
1773 1711 2044 1766 calumnia
2080 1715 2248 1768 uti;ur
2269 1756 2282 1780 ,

722 1809 815 1851 aut
864 1808 1048 1850 contra
1097 1797 1377 1850 veritatem
1419 1799 1681 1865 procedit,
1718 1816 1946 1869 eamque
1999 1821 2079 1858 mc
2112 1808 2284 1862 .dacio

2501 594 2623 646 δῶν
2649 595 2746 646 καὶ
2796 592 2911 644 τῶν
2945 595 3285 660 προνομίων
3318 592 3427 660 τῆς
3466 594 3848 660 Ἐκκλησιας.

2459 705 2682 758 Πάντων
2706 704 3010 773 ἐφιεμένων
3031 703 3122 756 τοῦ
3151 705 3391 767 πλείονος
3421 705 3679 775 σήμερον,
3705 709 3800 759 καὶ
3825 709 3960 775 μᾶλ-

2387 797 2476 849 λον
2503 798 2584 849 ὅτι
2628 796 2832 863 μηδένα
2886 796 2972 849 διὰ
3009 795 3344 857 παιδεύσεως
3396 797 3809 866 σωφρονίζομεν
3847 801 3956 852 τῶν

2386 885 2674 940 ἐσθιόντων
2702 888 2760 938 ὲν
2786 886 2984 956 βρώσει
3012 887 3178 957 ἄρτου
3208 888 3297 939 τὸν
3324 887 3417 940 τοῦ
3455 889 3660 957 Κυρίου
3689 888 3838 949 λαὸν,
3862 891 3957 942 καὶ

2391 980 2836 1047 ίδιοποιουμένων
2892 981 2987 1033 καὶ
3033 983 3101 1034 τὰ
3149 982 3247 1048 τῆς
3294 980 3570 1049 βασιλείας
3619 981 3957 1050 ἀμφοτέραις

2388 1071 2566 1138 χερσὶ,
2601 1068 2765 1140 κᾶνὴ
2824 1069 3076 1140 παροῦσα
3111 1072 3367 1133 ὑπόθεσις
3411 1072 3487 1133 ὡς
3533 1072 3652 1123 δέον
3697 1071 3957 1140 ψηλαφη-

2389 1159 2536 1230 θήτω
2556 1160 2645 1213 διὰ
2668 1163 2757 1214 τὶν
2792 1160 2998 1231 Κύριον
3021 1179 3034 1193 ·
3059 1162 3150 1214 καὶ
3180 1162 3254 1232 μὴ
3271 1162 3359 1215 διὰ
3380 1162 3487 1213 τῶν
3508 1162 3958 1229 ἐκτυφλουμένων

2391 1252 2583 1316 ξενίοις
2613 1256 2645 1322 ὴ
2684 1253 2911 1323 ἀλήθεια
2944 1253 3244 1307 ἀθετείσθω
3296 1253 3471 1306 καὶτὸ
3501 1255 3724 1322 ἔννομον
3771 1254 3864 1305 καὶ
3897 1254 3956 1305 τὸ

2388 1343 2617 1396 δίκαιον.
2645 1345 2798 1413 Μηδὲ
2825 1344 3078 1397 τοσοῦτον
3110 1344 3558 1412 καταφρονείσθω
3592 1347 3621 1412 ἡ
3658 1345 3956 1414 Ἐκκλησία

2388 1432 2494 1484 τῶν
2520 1434 2833 1502 προσόντων
2863 1435 3000 1503 αὐτῇ
3047 1435 3380 1503 προνομίων,
3419 1437 3659 1498 εύκὸλως
3691 1438 3794 1488 ὑπὸ
3830 1455 3960 1488 παν-

2389 1524 2478 1584 τὸς
2512 1522 2840 1591 βουλομένου
2899 1525 3204 1593 κερδαίνειν
3250 1526 3613 1596 πεπλασμένῃ
3657 1527 3961 1596 ύποϐεϐλῆ-

2391 1616 2518 1667 σθαι
2567 1616 2829 1686 διαϐολῇ·
2891 1617 3008 1669 ἀλλ’
3066 1617 3233 1681 ἀξίως
3290 1619 3637 1686 ἐπιτιμᾶσθω
3691 1621 3962 1689 ἐπάρατος

2393 1711 2518 1771 πᾶς,
2552 1710 2658 1760 εἴτε
2691 1709 2972 1779 Θεοφάνης
3017 1710 3127 1760 εἴτε
3163 1705 3274 1771 οἷός
3323 1711 3470 1762 ἐστιν
3508 1713 3536 1763 ό
3571 1711 3850 1780 χρώμενος
3893 1715 3958 1780 τῇ

2391 1801 2809 1872 αἰσχροκερδεία
2834 1804 2928 1854 καὶ
2952 1806 3015 1873 τῇ
3039 1802 3260 1872 διαϐολῇ
3291 1805 3383 1854 καὶ
3409 1805 3548 1856 κατὰ
3575 1805 3672 1871 τῆς
3697 1804 3957 1874 ἀληθείας

723 1890 959 1941 obroe.e
991 1889 1220 1943 nititur:
1259 1904 1321 1942 ac
1363 1905 1487 1942 eum
1521 1889 1587 1943 iis
1620 1894 1917 1958 puniantur
1938 1899 2030 1963 qui
2078 1897 2131 1950 in
2166 1908 2288 1952 tan-
2321 1884 2361 1937 Β

2321 1884 2361 1937 Β
2392 1893 2606 1962 χωρῶν,
2650 1893 2742 1945 καὶ
2788 1892 2992 1961 ταύτης
3033 1893 3538 1962 καταψευδόμενος·
3583 1895 3702 1964 μεθ’
3737 1889 3811 1946 ὧν
3862 1897 3956 1948 καὶ

725 1993 830 2035 tam
865 1981 1143 2033 audaciam
1181 1991 1568 2048 proruperunt,
1607 1993 1662 2036 ut
1691 1986 2013 2040 muneribus
2045 1993 2286 2060 corrupti

726 2081 834 2122 tam
889 2071 1093 2124 foedum
1141 2069 1351 2122 facinus
1379 2071 1673 2124 occultent.
1714 2071 1898 2140 Neque
1927 2073 2071 2126 enim
2106 2075 2286 2130 divina

725 2158 859 2212 ultio
900 2173 1114 2226 semper
1138 2156 1454 2210 dormitabit
1478 2157 1543 2210 iis
1576 2159 1666 2225 qui
1700 2158 1820 2209 talia
1849 2159 1962 2211 ausi
1990 2171 2135 2221 sunt,
2168 2162 2290 2229 qui-

723 2249 857 2302 libet
893 2251 1107 2302 tandem
1150 2251 1371 2303 fuerint.
1412 2250 1504 2302 llis
1533 2249 1598 2303 de
1640 2251 1818 2303 causis
1869 2267 2061 2314 precor
2093 2253 2290 2305 iterum

724 2343 1060 2410 majeaatem
1114 2352 1285 2404 tuam,
1323 2352 1382 2395 ut
1419 2357 1608 2394 eorum
1669 2359 1893 2395 exaiven
1920 2353 1973 2398 et
2030 2346 2291 2400 ultionem

725 2438 1108 2490 incunctanter
1136 2443 1189 2488 et
1225 2434 1456 2504 impigre
1490 2445 1771 2502 procuret,
1807 2450 1912 2486 non
1953 2452 1979 2487 a
2022 2441 2295 2508 corruptis

722 2539 775 2580 et
819 2528 1067 2594 pecunia:
1095 2528 1266 2580 amori
1301 2542 1475 2593 genua
1511 2526 1855 2579 flectentibus
1914 2527 2045 2581 viris
2090 2527 2294 2584 facien-

723 2621 843 2672 dam
875 2640 885 2675 :
937 2621 1091 2690 cujus
1129 2634 1291 2674 causa
1320 2619 1484 2673 Judas
1513 2620 1566 2673 in
1597 2617 1841 2672 fraudem
1900 2622 2014 2688 ipse
2046 2637 2196 2675 suam
2235 2639 2292 2677 se

722 2715 954 2778 extulit;
990 2715 1061 2767 ita
1106 2723 1163 2766 ut
1209 2714 1326 2780 ejus
1380 2712 1590 2766 facinus
1630 2712 1831 2782 ubique
1867 2722 1922 2766 et
1951 2713 2168 2767 assidue
2199 2714 2292 2768 de-

725 2821 994 2862 cantetur.
1027 2808 1178 2873 Quod
1210 2809 1252 2862 si
1293 2825 1396 2860 non
1431 2808 1780 2869 ulciscantur,
1814 2807 1909 2861 sed
1943 2807 2210 2876 neglectui
2240 2818 2293 2862 et

724 2901 944 2955 silentio
975 2918 1073 2955 nos
1101 2901 1432 2961 dederimus,
1495 2899 1608 2952 hznc
1647 2898 1789 2968 apud
1819 2901 2022 2967 justum
2053 2899 2290 2969 judicent

725 2993 894 3049 Reum
925 2994 1095 3047 inulta
1120 3008 1226 3046 non
1261 3002 1443 3046 erunt.

725 3157 965 3226 Epistolu
1008 3158 1076 3209 ad
1108 3159 1478 3223 imperatorem
1525 3157 1586 3208 de
1626 3157 1836 3209 domino
1871 3154 2104 3223 Niphnne
2144 3154 2292 3222 Cyzi-

824 3248 846 3272 μ

792 3245 917 3279 (mo
941 3270 954 3290 ,
1011 3245 1034 3296 η

799 3299 1034 3350 oblatus.

794 3459 928 3510 (iam
961 3455 1196 3522 aliquem
1230 3455 1280 3507 in
1308 3453 1522 3522 judiciis
1547 3451 1612 3506 de
1632 3450 1925 3520 praecipuis
1965 3465 2120 3504 reum
2153 3451 2292 3503 acci-

725 3548 805 3600 dit
849 3547 991 3615 apud
1024 3563 1122 3601 nos
1155 3548 1318 3609 mitti,
1340 3546 1540 3599 auditis
1567 3552 1889 3598 cunctorum
1931 3544 2171 3611 legitime
2199 3543 2292 3595 ad-

729 3641 1023 3694 missorum
1074 3641 1538 3701 accusationibus,
1601 3655 1702 3692 nec
1749 3638 2107 3694 dilationibus
2132 3647 2292 3691 uten-

727 3733 880 3794 dum,
914 3745 1015 3783 nec
1046 3745 1319 3783 morarum
1353 3731 1613 3785 facultate
1674 3732 1726 3784 in
1754 3731 1981 3800 gratiam
2013 3727 2290 3795 postulan-

728 3823 882 3886 tium,
906 3836 1124 3874 causam
1157 3825 1407 3876 celeriter
1435 3832 1683 3892 agcntes,
1726 3832 1784 3876 et
1815 3834 1874 3875 ut
1901 3821 2060 3874 decet
2090 3835 2292 3874 curan—

729 3928 832 3968 tes.
891 3915 1046 3980 Quod
1106 3917 1148 3969 si
1184 3932 1309 3968 vero
1343 3916 1485 3984 apud
1513 3916 1762 3969 homines
1796 3917 1849 3968 in
1890 3915 2290 3968 sententiarum

731 4005 1036 4072 prolatione
1090 4007 1326 4076 jurgium
1377 4016 1432 4061 et
1488 4005 1852 4067 obtrectatio,
1887 4005 2066 4074 qualia
2103 4002 2292 4073 procul

726 4098 895 4151 dubio
920 4098 974 4151 in
1007 4098 1212 4151 divinis
1244 4099 1626 4167 discrepanter
1650 4105 1973 4159 occurrunt,
2004 4106 2119 4150 tum
2147 4111 2292 4163 mag-

725 4193 832 4253 nis,
888 4198 1000 4241 tum
1055 4191 1256 4256 parvis,
1304 4203 1362 4243 ut
1396 4191 1439 4244 si
1467 4191 1593 4258 quis
1623 4190 1849 4242 irrideat
1881 4189 1964 4241 vel
2012 4187 2293 4254 sacrilegis

728 4282 980 4334 manibus
1006 4290 1199 4336 tractet
1230 4297 1349 4350 quae
1381 4281 1445 4334 ad
1481 4298 1606 4334 eum
1641 4291 1914 4351 spectant.
1949 4282 2079 4336 dum
2113 4291 2297 4352 posset

726 4372 914 4427 ulcisci
950 4383 1003 4426 et
1033 4373 1325 4428 vindictam
1361 4374 1666 4428 retribuere
1691 4375 1857 4439 Deus,
1883 4376 2049 4428 maris
2069 4375 2291 4444 placidi-

728 4477 890 4519 tatem
951 4467 1134 4535 potius
1182 4482 1432 4532 servans,
1479 4482 1544 4520 ac
1613 4468 1784 4520 nostri
1812 4468 1865 4520 in
1892 4483 2054 4521 omne
2089 4470 2289 4523 bonum

2393 1981 2442 2032 οἱ
2475 1983 2567 2033 ἐπὶ
2623 1983 2879 2034 τοσοῦτον
2914 1983 3294 2053 θαρρήσαντες
3327 1982 3421 2034 νῦν
3463 1981 3559 2035 τοῦ
3609 1985 3958 2053 συγκαλύψαι

2396 2073 2593 2136 ξενίοις
2625 2074 2717 2126 καὶ
2750 2074 3010 2144 τοιαύτην
3040 2075 3358 2144 μιαιφονίαν
3405 2075 3645 2146 ἑλεεινήν
3672 2093 3684 2105 ·
3710 2076 3791 2127 ὅτι
3823 2075 3958 2144 μηδὲ

2395 2168 2428 2234 ἡ
2463 2167 2584 2218 θεία
2617 2166 2737 2234 δίκη
2777 2165 3126 2228 ὲπινυστάξει
3189 2167 3352 2235 μέχρι
3386 2167 3582 2230 παντὸς
3629 2171 3738 2230 τοῖς
3791 2169 3963 2222 ταῦτα

2397 2257 2814 2324 κατατολμῶσιν
2840 2258 3036 2320 οἵτινες
3064 2257 3156 2310 καὶ
3184 2259 3340 2311 εἰσίν.
3375 2260 3602 2312 Ἐνεκεν
3636 2260 3841 2312 τούτων
3870 2261 3962 2313 καὶ

2397 2348 2550 2411 αὖθις
2598 2349 2843 2414 ἐξέτασιν
2885 2349 3098 2417 δέομαι,
3147 2350 3240 2402 καὶ
3287 2351 3568 2421 ἐκδίκησιν
3599 2353 3733 2422 πρὶς
3772 2353 3869 2420 τῆς
3899 2353 4000 2420 ἐκ⁵

2394 2439 2529 2492 Θεοῦ
2559 2441 2835 2518 βασιλείας
2867 2459 2960 2493 σου
2997 2443 3215 2512 ἀρρεπῆ
3248 2443 3571 2512 γεννηθῆναι
3626 2447 3718 2496 καὶ
3748 2446 3961 2508 ἄοκνον,

2384 2531 2472 2600 -μὴ
2507 2533 2655 2599 παρὰ
2702 2533 3070 2602 διεφθορότων
3106 2535 3200 2586 καὶ
3248 2537 3312 2604 τῇ
3354 2536 3586 2605 κακίστη
3623 2537 3960 2607 φιλαργυρίᾳ

2395 2625 2528 2694 γόνυ
2580 2623 2920 2675 κλινάντων⁶
2966 2624 3034 2675 δι’
3095 2625 3160 2693 ἣν
3220 2628 3313 2678 καὶ
3356 2627 3555 2690 Ἰούδας
3608 2627 3956 2698 ἐμεγαλύνθη

2395 2715 2730 2782 ἐπισφαλῶς,
2763 2716 2834 2775 ὡς
2866 2716 3236 2787 προσάδεσθαι
3264 2717 3538 2786 πανταχοῦ
3566 2720 3654 2771 καὶ
3675 2720 3957 2788 διη·.εκῶς.

2398 2810 2459 2860 [Ci
2491 2809 2546 2860 δὲ
2590 2809 2664 2878 μὴ
2715 2809 3114 2878 διεκδικοῦμεν,
3167 2810 3280 2862 ἀλλ’
3313 2811 3624 2880 ἀνεχόμεθα
3682 2830 3960 2882 παρασιω-

2399 2899 2523 2968 πᾷν.
2555 2899 2634 2950 Τὰ
2687 2897 2908 2952 τοιαῦτα
2947 2899 3063 2968 Θεῷ
3109 2900 3184 2970 τῷ
3215 2899 3560 2970 δικαιοκρίτῃ
3595 2900 3862 2955 ἀνεύθυνα
3899 2905 3960 2955 ού

2396 2990 2660 3057 διαμενεῖ.
2733 3036 2741 3043 .

2396 3149 2648 3217 Γράμμα
2678 3149 2826 3217 πρὸς
2871 3151 2977 3203 τὸν
3009 3149 3422 3217 αὐτοκράτορα
3451 3152 3580 3218 περὶ
3617 3151 3724 3204 τοῦ
3776 3152 3962 3218 κυροῡ

1011 3220 1190 3296 quoad
1236 3228 1592 3280 aclrusutiones
1646 3233 1834 3278 contra
1892 3220 2130 3278 eumdem
2187 3220 2358 3294 ipsiC
2461 3221 2677 3296 Νίφωνι

2315 3221 2358 3283 C
2461 3221 2735 3296 Νίφωνος
2789 3220 2962 3296 ὄντος
3012 3221 3284 3296 Κυζίκου-
3320 3220 3417 3296 ὃιςι
3458 3221 3566 3285 τὰς
3605 3225 3961 3289 κατηγορίας

2465 3292 2572 3355 τὰς
2607 3291 3020 3356 ἀκουσθείσας
3050 3291 3184 3356 περὶ
3216 3291 3427 3344 αὐτοῦ.

2477 3445 2670 3500 Ἦνίκα
2701 3447 2824 3500 τινὰ
2851 3447 2959 3500 τῶν
2991 3447 3047 3498 ὲν
3071 3447 3252 3510 δίκαις
3279 3448 3654 3519 συνεχομένων
3685 3451 3834 3518 παρὰ
3868 3467 3960 3515 με·

2397 3541 2577 3608 γάλων
2604 3542 2786 3617 συμϐῇ
2817 3541 2952 3613 πρὸς
2981 3542 3126 3611 ἡμᾶς
3150 3542 3410 3609 σταλῆναι
3447 3543 3772 3610 προσώπων,
3800 3545 3962 3595 ἀκούο

2399 3633 2593 3702 σθῆναι
2622 3635 2722 3702 τὴν
2751 3636 2907 3705 δίκην
2940 3635 3168 3687 ἐκείνων
3215 3634 3513 3695 συνοδικῶς
3547 3635 3862 3698 ἀξιούντων,
3898 3636 3960 3687 ού

2400 3726 2536 3793 πρὸς
2563 3727 2832 3789 ἀναϐολὰς
2879 3725 3167 3796 χωρούμεν
3194 3729 3291 3779 καὶ
3325 3727 3653 3795 ὑπερθέσεις
3683 3729 3789 3777 τὶν
3817 3743 3960 3793 πεμ-

2395 3819 2615 3886 ψάντων
2666 3819 2848 3887 χάριν,
2884 3819 3094 3887 ταχέως
3147 3819 3571 3888 ἐπιμελούμενοι
3603 3818 3695 3870 καὶ
3739 3818 3811 3880 ὡς
3843 3819 3960 3870 δέον

2397 3911 2798 3980 φροντίζοντες.
2833 3911 2895 3964 El
2949 3912 3006 3963 δὲ
3051 3911 3138 3964 ἐπ’
3179 3911 3484 3981 ἀνθρώπων
3531 3911 3589 3962 ἐν
3631 3911 3812 3979 κρίσει
3841 3911 3958 3964 δια-

2398 4005 2537 4069 φορὰ
2567 4004 2658 4055 καὶ
2683 4003 3039 4072 προτίμησις,
3071 4003 3233 4055 ὁποία
3261 4002 3652 4070 ἁναμφιδὸλως
3675 4005 3766 4054 καὶ
3793 4005 3950 4069 ἀσογα

2397 4095 2598 4163 κρίτως
2629 4096 2686 4147 ὲν
2716 4096 2829 4156 τοῖς
2854 4095 2996 4163 ὑπὲρ
3025 4092 3163 4146 Θεοῦ
3196 4093 3569 4160 ὲποφείλεται,
3616 4093 3872 4162 μεγάλοις
3900 4111 3955 4146 τε

2397 4186 2486 4238 καὶ
2521 4189 2758 4254 μικροῖς,
2787 4187 2929 4240 ὥστε
2959 4188 3049 4238 καὶ
3085 4185 3213 4246 τοὺς
3242 4185 3596 4252 ὲμπαροινεῖν
3629 4185 3718 4235 καὶ
3759 4185 3956 4253 ἀφραί-

2399 4292 2509 4327 νειν
2560 4275 2629 4327 τά
2681 4278 2762 4337 είς
2816 4275 2980 4328 αὑτὸν
3030 4273 3254 4332 δυνατὸς
3295 4272 3370 4324 ὣν
3413 4273 3807 4342 ἐπεξέρχεσθαι
3866 4277 3959 4326 καὶ

2396 4364 2684 4417 διεκδικεῖν
2715 4365 3076 4433 ἀγαθωσύνης
3132 4363 3360 4430 πελάγει
3405 4362 3715 4429 δοκιμάζων
3745 4365 3836 4414 τὸν
3867 4363 3960 4416 πό-

2397 4455 2488 4508 θον
2521 4455 2682 4525 ήμῶν
2712 4456 2848 4525 πρὸς
2882 4458 2942 4506 τὸ
2973 4455 3181 4508 δίκαιον
3214 4457 3304 4506 καὶ
3336 4454 3659 4522 φιλάδελφον
3684 4455 3730 4504 εί
3762 4455 3957 4521 ἐπιμε-

722 4569 780 4611 et
809 4573 1024 4626 aequum
1058 4557 1223 4611 studii
1254 4557 1475 4610 minime
1501 4557 1724 4624 ignarus
1744 4598 1757 4620 ,
1779 4558 2044 4624 utculpas
2066 4573 2290 4612 curare-
2327 4573 2367 4626 ι)

2327 4573 2367 4626 D
2396 4548 2639 4617 λούμεθα
2672 4548 2948 4616 ἁμαρτίας
2997 4546 3320 4614 ἐλευθεροῦν
3353 4546 3612 4611 ἀδελφούς
3653 4545 3959 4614 ἀνθρώποις

725 4666 848 4703 mus
875 4651 1128 4715 invicem,
1155 4651 1468 4704 hominibus
1499 4650 1691 4703 fratres
1717 4651 1989 4702 commisit
2018 4652 2289 4718 etjnstant

725 4743 1189 4806 prievaricationis
1208 4758 1447 4811 pmnam,
1468 4756 1532 4794 ne
1556 4741 1668 4794 ullo
1690 4741 1850 4795 modo
1873 4742 2093 4795 veritati
2116 4745 2294 4796 detra-

725 4832 970 4887 heretur,
995 4833 1200 4888 Idcirco
1226 4847 1471 4902 qU'J‘qua!
1495 4832 1651 4886 nobis
1665 4848 1732 4884 ex
1755 4833 1983 4886 auribus
2012 4832 2293 4900 percipere

723 4927 947 4985 accidit.
1012 4927 1086 4979 nil
1157 4942 1220 4979 cx
1251 4927 1334 4978 his
1371 4935 1559 4994 utpote
1587 4924 1916 4992 spernendis
1947 4923 2292 4975 dimittantur

723 5020 931 5081 vacuis,
981 5033 1080 5071 nec
1137 5019 1202 5071 ad
1238 5027 1452 5087 tempus
1488 5017 1894 5087 protrahamus,
1932 5018 2131 5070 nedum
2154 5017 2291 5070 obli-

723 5113 1022 5174 viscantur,
1055 5114 1135 5166 vel
1167 5122 1487 5166 exterarum
1519 5112 1918 5178 cogitationum
1945 5127 2106 5164 cursu
2147 5110 2292 5162 dela-

726 5206 833 5270 psi,
856 5203 983 5255 talia
1011 5203 1331 5257 deseramus
1367 5204 1538 5256 inulta
1565 5205 1814 5271 quamvis
1832 5217 2048 5254 causam
2079 5201 2293 5253 noveri-

723 5310 868 5348 mus.
902 5295 1056 5359 Quod
1099 5295 1142 5346 si
1174 5293 1371 5362 aliquis
1393 5294 1494 5347 sibi
1527 5295 1748 5346 noxium
1783 5293 1863 5345 vel
1894 5292 2164 5344 infensum
2200 5306 2291 5358 pa-

726 5389 919 5449 tiatur,
975 5399 1128 5442 certe
1161 5386 1529 5450 laudandum;
1568 5385 1711 5454 quod
1737 5400 1866 5438 vero
1897 5383 2091 5436 eodem
2126 5381 2286 5433 modo

726 5481 778 5532 iu
808 5479 1002 5533 fratres
1032 5489 1241 5542 utatur,
1273 5495 1371 5532 nec
1388 5477 1730 5548 querimonia
1754 5490 1855 5529 nec
1886 5473 2292 5541 vituperatione

727 5572 940 5633 vicabit
968 5589 980 5634 ;
1015 5572 1157 5637 quod
1184 5573 1228 5624 si
1258 5571 1474 5624 tandem
1502 5567 1806 5639 judicantis
1851 5577 2055 5619 statuta
2080 5578 2286 5618 consu-

726 5670 823 5721 l:t-‘,
859 5662 1251 5730 periculosum.
1314 5661 1485 5714 Nemo
1535 5659 1738 5713 etenim
1803 5660 2041 5726 optimus
2097 5656 2285 5722 iniqua

727 5764 974 5814 Ruentem
1006 5752 1348 5820 comprobat,
1375 5751 1476 5804 etsi
1505 5750 1942 5819 philanthmpus.
1965 5745 2057 5798 seti
2085 5756 2135 5797 et
2172 5746 2289 5798 vin~

727 5847 926 5896 dictam
953 5853 1007 5898 et
1047 5845 1181 5896 iram
1207 5845 1440 5897 miscens
1465 5883 1476 5904 ,
1504 5857 1692 5895 eorum
1757 5842 1848 5909 qui
1875 5854 2035 5906 epeia
2071 5838 2160 5890 Dei
2196 5854 2287 5890 nc-

2401 4640 2731 4708 παρέπεμψε
2765 4640 2865 4709 τὴν
2895 4639 3113 4691 δικαίαν
3143 4637 3448 4707 ἐκδίκησιν,
3481 4637 3645 4706 μηδὲν
3681 4639 3959 4706 προτιμᾷ-ι

2398 4731 2773 4798 ἐντειλάμενος
2799 4729 3080 4799 ἀληθείας.
3116 4730 3215 4781 Διὰ
3241 4730 3396 4779 τούτο
3420 4728 3487 4780 τά
3518 4727 3796 4794 φθάσαντα
3825 4731 3964 4794 ἡμε-

2399 4821 2584 4887 τέραις
2614 4823 2804 4872 πεσεῖν
2835 4822 3046 4882 ἀκοαῖς,
3084 4819 3160 4888 μὴ
3205 4817 3278 4880 ὦς
3309 4835 3360 4869 τι
3409 4817 3515 4869 τῶν
3551 4821 3965 4886 εὐκαταφρονή-

2398 4927 2524 4975 των,
2557 4912 2807 4980 ἐάσωμεν
2839 4913 3182 4980 ἀνενεργητα
3207 4926 3220 4939 ο
3260 4909 3396 4978 μηδὲ
3423 4908 3612 4976 καιροῦ
3639 4909 3964 4977 ὑπερθέσει,

2399 5005 2544 5065 ὅπως
2578 5003 2984 5072 ἐπιλησθῶμεν.
3016 5003 3048 5066 ἢ
3088 5002 3145 5067 ἐξ
3202 5002 3378 5053 ἄλλων
3427 5001 3720 5069 φροντίδων
3777 5016 3961 5069 παρις

2399 5097 2584 5168 δράμῃ
2619 5097 2763 5166 ἡμᾶς
2800 5097 3133 5163 ἁνεκδίκητα
3179 5095 3286 5145 τῶν
3318 5093 3573 5145 τοιούτων
3601 5093 3816 5157 ύέέξειν
3866 5095 3963 5144 τὶν

2396 5191 2552 5256 λόγον
2584 5190 2659 5259 μὴ
2694 5187 3031 5256 ἀγνοοῦντες.
3063 5188 3122 5239 El
3165 5189 3269 5254 γάρ
3304 5204 3386 5248 τις
3415 5186 3504 5238 τὸν
3538 5185 3956 5255 προσκόπτοντα

2398 5285 2474 5343 εἰς
2508 5283 2690 5345 αὑτὸν,
2725 5282 2756 5346 ἦ
2807 5280 3110 5349 ζημιοῦντα
3149 5279 3418 5341 ἀνέξεται,
3473 5277 3580 5327 τῶν
3630 5277 3962 5342 ἐπαινουμέ-

2400 5391 2506 5424 νων
2549 5373 2730 5424 ἐστίν’
2765 5375 2811 5424 εἰ
2846 5372 2901 5423 δὲ
2959 5374 3223 5441 χρήσεται
3279 5369 3448 5433 τούτῳ
3497 5369 3588 5418 ἐπὶ
3630 5366 3961 5426 συνδούλου,

2397 5466 2517 5517 οὐδὲ
2560 5464 2818 5532 μέμψεως
2868 5465 2970 5527 ἔξω
2998 5463 3118 5515 οὐδὲ.
3151 5461 3441 5513 ἀνεύθυνον
3469 5476 3480 5488 ·
3510 5460 3557 5510 εξ
3589 5458 3646 5508 δὲ
3696 5457 3786 5507 καὶ
3829 5459 3962 5517 τοις

2397 5557 2620 5624 κυρίους
2678 5555 3011 5622 προσϐλέπει
3067 5551 3160 5606 τοῦ
3217 5552 3518 5620 κρίνοντος,
3580 5547 3958 5601 ἑπικί·.δυ.ονο

2397 5650 2475 5700 ὅτι
2507 5649 2639 5716 μηδὲ
2677 5648 2836 5709 αὐτος
2867 5651 2892 5698 ὁ
2942 5645 3258 5711 πανάγαθος
3303 5642 3602 5694 ἀδικεῖσθαί
3632 5658 3752 5692 τινα
3796 5643 3958 5690 ἐπα.-

2397 5743 2494 5801 νεῖ,
2527 5742 2618 5791 καὶ
2645 5740 2689 5789 εἰ
2721 5740 2838 5790 λίαν
2870 5739 2984 5790 ἐστὶ
3016 5735 3421 5806 φιλάνθρωπος,
3449 5733 3584 5786 ἀλλά
3616 5732 3834 5801 κίρνησι
3864 5731 3958 5781 τὸν

2395 5833 2620 5902 στρ-..γίαν
2656 5833 2834 5892 αὐτοῖς
2869 5829 2959 5882 τού
2993 5829 3184 5898 θυμοῦ,
3218 5827 3460 5899 ὀχληρῶς
3491 5825 3594 5877 τῶν
3617 5823 3952 5879 δεσποτικῇ-ι
