4220 6444
762 424 865 484 ῖιὲὗ

1809 414 2224 473 ΛΤΠΑΝᾹΞΙΙ
2271 415 2376 475 (ΣΡ.
2436 413 2948 474 PATl’tlAliC‘llJZ

3889 411 3988 474 516

761 534 826 584 ad
863 531 1248 600 perficiendum
1273 543 1393 597 quae
1421 538 1638 598 oportet
1664 545 1676 590 ;
1710 543 2086 599 ponamusque
2112 529 2323 582 animas
2353 538 2397 594 Α
2427 543 2526 584 suo
2550 529 2881 595 decreverit,
2910 539 2970 582 ut
2993 544 3058 582 ex
3081 530 3418 598 episcopatu,
3447 529 3732 594 metropoli
3752 528 3986 582 Μυιιριιιο

764 642 862 693 pro
896 623 1091 676 uvib-ts
1109 625 1228 689 ejus
1258 622 1350 690 qui
1380 622 1542 676 simul
1566 631 1618 674 et
1654 619 2326 675 demonstravitetedicto

766 717 965 778 sanxit,
995 715 1138 783 quod
1167 715 1425 767 omnibus
1449 713 1762 782 pastoribus
1799 714 1865 782 (si
1908 713 2127 780 quando
2170 713 2326 780 alias)

770 809 930 862 hodie
965 808 1193 860 maxime
1242 808 1520 869 convenit,
1551 821 1675 858 cum
1713 821 1818 857 non
1859 804 2033 857 solum
2069 805 2179 872 lupi
2213 819 2331 871 gra-

769 914 882 960 ves,
907 898 1083 964 impii,
1122 897 1372 962 inquam,
1403 905 1454 947 et
1485 895 1752 955 haeretici,
1784 897 1836 948 in
1869 893 2084 963 gregem
2115 893 2328 947 Domini

772 990 1018 1048 irruunt;
1053 986 1147 1038 sed
1181 1003 1245 1039 ex
1280 986 1437 1037 nobis
1468 985 1623 1053 ipsis,
1661 993 1719 1036 ut
1752 984 2045 1052 Apostolus
2093 983 2192 1044 ait,
2226 982 2328 1033 viri

768 1085 823 1125 et
869 1075 1126 1126 mulieres
1167 1090 1272 1126 non
1309 1087 1572 1126 verentur
1617 1073 1963 1127 Christianos
2019 1088 2046 1123 a
2107 1072 2331 1126 Christo

769 1165 1075 1219 distrahere
1119 1179 1171 1218 et
1213 1167 1472 1221 avellere.
1511 1166 1884 1230 Quamobrem
1949 1165 2096 1218 veris
2137 1174 2334 1240 pasto-

773 1259 925 1310 ribus
963 1275 1065 1308 non
1103 1266 1185 1309 est
1219 1267 1391 1310 tutum
1429 1274 1532 1309 non
1571 1258 1820 1324 vigilare,
1849 1265 1904 1310 et
1944 1274 2053 1310 non
2091 1257 2363 1310 circum-~

771 1363 987 1414 quaque
1029 1348 1213 1400 omnia
1248 1348 1515 1411 lustrare,
1562 1362 1802 1414 ovesque
1857 1358 2102 1399 errantes
2157 1347 2331 1398 solum

771 1452 1036 1504 querere,
1079 1453 1141 1491 ac
1177 1455 1283 1490 non
1315 1439 1484 1507 magis
1517 1438 1784 1491 sollicitos
1815 1455 1934 1492 esse
1975 1455 2072 1508 pro
2107 1440 2174 1492 iis
2207 1455 2328 1507 qure

773 1545 880 1580 non
914 1540 1122 1588 errant,
1176 1532 1500 1597 perterritos
1533 1533 1724 1583 horum
1761 1542 2064 1598 temporum
2095 1532 2336 1584 tenebris

775 1622 1069 1688 quaejustu
1109 1619 1198 1672 Dei
1245 1622 1516 1687 permissu
1575 1638 1636 1674 ac
1685 1623 1896 1690 judicio
1951 1623 2110 1675 nobis
2175 1624 2336 1676 illatae

774 1719 932 1773 sunt;
971 1711 1096 1777 quia
1133 1710 1338 1762 scilicet
1377 1726 1483 1763 non
1525 1711 1599 1762 ita
1635 1713 1891 1772 vivimus,
1926 1724 1984 1765 ut
2011 1729 2138 1764 eum
2179 1714 2336 1766 decet

775 1803 867 1870 qui
905 1816 1002 1854 nos
1042 1802 1276 1853 vocavit.
1317 1800 1446 1864 Sed,
1476 1818 1507 1853 o
1539 1802 1846 1854 animarum
1874 1812 2187 1856 nostrarum
2241 1804 2337 1857 de-

2432 620 2665 674 basiensi
2700 621 2971 690 subjecto,
2996 619 3217 673 ducenti
3252 620 3403 672 aurei
3445 620 3604 672 annis
3637 620 3863 685 singulis
3892 621 3988 673 tibi

2432 707 2819 778 redderentur,
2859 727 2968 782 quo
2999 713 3163 765 etiam
3195 711 3462 765 beneficio
3491 727 3598 765 nos.
3624 710 3904 780 obligavit,
3936 722 3994 762 ut

2433 821 2539 858 non
2573 821 2598 859 s
2623 806 2748 858 dum
2790 815 3011 873 propter
3044 805 3361 869 religionem
3397 802 3781 870 imperatorem
3804 803 3992 856 laude-

2434 913 2575 960 mus,
2611 907 2665 949 et
2708 913 2807 965 pro
2829 913 2907 950 .eo
2945 911 3158 949 omnes
3189 895 3549 948 ecclesiastici
3597 910 3784 962 preces
3836 893 3992 946 adhi-

2433 987 2684 1052 beamus,
2713 987 2805 1041 sed
2847 997 3076 1056 prapter
3126 987 3336 1039 variam
3408 985 3876 1053 multiplicemque
3908 985 3996 1036 be-

2435 1081 2778 1134 nefit-entiam
2805 1091 2966 1148 atque
2997 1079 3424 1148 providentiam.
3461 1077 3571 1128 Iloe
3603 1075 3854 1142 exemplo
3879 1075 3990 1127 fac-

2438 1182 2549 1226 tum
2575 1187 2680 1236 est,
2712 1183 2770 1227 ut
2800 1175 3089 1241 episcopus
3112 1171 3425 1233 Sardcnsis,
3460 1185 3570 1240 pne
3605 1170 3784 1222 studio
3812 1177 3862 1220 et
3904 1183 3998 1220 cu-

2439 1272 2666 1340 piditate
2700 1268 2868 1322 eundi
2907 1265 3162 1317 celeriter
3189 1270 3249 1314 aut
3285 1262 3644 1330 requirendas
3667 1275 3797 1313 oves
3821 1275 3986 1318 suas.

2439 1380 2545 1418 non
2578 1361 2856 1415 excusarit
2886 1357 3125 1426 pericula
3162 1397 3174 1418 ,
3213 1355 3602 1422 impedimenta
3633 1353 3864 1408 itineris.
3909 1365 3995 1403 se-

2438 1463 2741 1513 nectutem,
2768 1450 3138 1518 temporisque
3175 1444 3702 1504 iucommoditatem,
3721 1457 3858 1510 quas
3884 1457 3999 1494 om-

2440 1563 2537 1602 nes
2605 1543 2954 1597 dillicultates
3007 1539 3136 1592 vicit
3188 1538 3405 1590 animus
3468 1537 3640 1605 ipsius
3695 1545 3996 1603 promptus.

2439 1639 2612 1704 Quem
2649 1634 2951 1702 imperator
3007 1646 3130 1683 rum
3185 1628 3345 1682 laude
3381 1626 3603 1695 dignum
3629 1626 3921 1695 judicaret,
3947 1635 4001 1678 et

2439 1731 2504 1783 ad
2531 1728 2778 1782 debitum
2812 1738 2875 1776 ac
2907 1723 3146 1776 salutare
3167 1733 3368 1771 munus
3394 1718 3632 1770 excitare
3657 1717 3838 1779 vellet,
3874 1731 4000 1784 pro-

2441 1821 2581 1873 vidit
2612 1830 2670 1871 ut
2717 1825 2887 1877 esset,
2919 1812 3062 1865 unde
3096 1810 3171 1862 illi
3208 1809 3522 1861 necessaria
3565 1805 3847 1859 Commode
3876 1818 4004 1870 sup-

776 1893 1123 1942 trimentuml
1179 1906 1211 1941 o
1237 1892 1484 1958 ingentes
1542 1906 1755 1958 poenas,
1812 1892 1970 1945 nobis
2021 1892 2091 1944 ob
2124 1903 2339 1945 nostras
2373 1883 2413 1940 Β
2444 1919 2695 1980 peterem
2729 1923 2743 1962 ;
2774 1905 2989 1958 scilicet
3037 1917 3136 1955 suo
3161 1898 3394 1953 εοηεηίο
3430 1906 3484 1949 ει
3523 1896 3850 1948 auctum“
3883 1907 4006 1960 per.

775 1982 1032 2035 libidines
1067 1991 1122 2034 et
1163 1983 1513 2049 perturbatus
1540 1983 1872 2041 voluntates,
1907 1999 2027 2044 qua:
2064 1985 2166 2035 lioc
2229 2000 2341 2036 ma-

777 2073 885 2125 lum
921 2081 1274 2141 pepererunt.
1305 2073 1656 2142 infligendasl
1690 2074 1810 2137 hoc,
1835 2075 2077 2142 inquam,
2116 2075 2342 2138 malum,

780 2175 838 2217 nt
871 2182 1003 2232 gens
1032 2176 1240 2227 sancta,
1281 2181 1375 2232 per
1408 2181 1599 2217 omnes
1618 2180 1840 2233 campos
1867 2173 1924 2218 et
1963 2175 2178 2217 montes
2208 2165 2343 2217 vitio

780 2266 1060 2326 pastorum
1117 2257 1426 2308 absentium
1463 2255 1711 2324 dispersa
1752 2269 1814 2308 ac
1851 2255 2111 2323 dissipata
2173 2264 2342 2307 erret.

779 2349 978 2414 Quare,
1011 2364 1120 2416 quo
1142 2344 1377 2399 celerius
1410 2347 1552 2398 istud
1586 2356 1737 2399 tuum
1769 2347 2015 2400 debitum
2047 2347 2144 2398 tibi
2175 2345 2344 2412 inspi-

783 2453 962 2496 ratum
1024 2439 1373 2508 persolveris,
1429 2447 1786 2506 sanctumque
1823 2438 2160 2506 propositum
2221 2452 2347 2504 pcr-

784 2531 1005 2590 feceris,
1072 2537 1224 2582 tanto
1310 2541 1433 2578 eum
1517 2527 1723 2594 majore
1783 2525 1938 2578 lucro
2025 2525 2344 2593 perfeceris.

783 2627 994 2682 Debent
1087 2625 1189 2677 hoc
1302 2624 1481 2676 facere
1569 2638 1759 2674 omnes
1839 2621 1969 2674 boni
2054 2632 2345 2690 pastores,

783 2721 1098 2790 quicunque
1132 2717 1235 2769 huc
1265 2715 1484 2768 nomine
1507 2715 1653 2781 digni
1677 2725 1835 2777 sunt;
1865 2715 1934 2766 ita
1966 2714 2065 2781 qui
2101 2713 2347 2772 cessarit,

783 2829 895 2866 non
953 2811 1022 2862 sit
1083 2809 1306 2876 impune
1359 2815 1695 2859 cessaturus.
1749 2805 1962 2857 Etenim
2011 2806 2054 2856 si
2117 2804 2350 2871 quisque

787 2911 970 2972 pastor
1010 2903 1061 2950 in
1083 2897 1304 2951 dioecesi
1333 2911 1456 2964 quae
1496 2895 1571 2948 illi
1603 2895 1823 2964 obtigit,
1852 2896 1935 2948 vel
1974 2895 2202 2947 biduum
2239 2910 2352 2946 mo-

789 3003 964 3053 retur,
996 2989 1235 3058 experiri
1270 2989 1456 3049 liceat,
1507 2987 1776 3056 permulta
1808 2997 2024 3054 peccata
2072 2997 2125 3038 et
2153 2986 2348 3037 damna

790 3099 896 3135 non
933 3097 1051 3134 esse
1081 3080 1262 3132 futura
1301 3079 1351 3130 in
1380 3081 1602 3146 populo.
1658 3077 1894 3131 Perinde
1931 3092 2167 3144 namque
2231 3089 2352 3129 esse

790 3176 1030 3236 videtur,
1081 3187 1298 3240 gregem
1334 3170 1524 3223 abesse
1548 3186 1574 3221 a
1613 3179 1860 3238 pastore,
1889 3179 1946 3223 ut
1976 3185 2178 3222 aecum
2209 3169 2350 3221 duce

790 3282 1000 3319 carere.
1045 3264 1189 3315 Sane
1219 3272 1492 3330 augentur
1525 3277 1656 3313 oves
1686 3271 1742 3313 et
1775 3262 1826 3312 in
1867 3271 1984 3314 tuto
2016 3271 2169 3324 sunt,
2227 3277 2349 3312 cum
2380 3249 2423 3300 C

793 3364 1030 3424 pra-sunt
1057 3355 1170 3405 veri
1205 3363 1488 3420 pastores:
1523 3368 1629 3404 non
1669 3363 1848 3405 autem
1883 3353 1973 3421 qui
2021 3353 2196 3406 Solum
2230 3351 2351 3404 ebi-

800 3452 929 3502 bant
965 3448 1044 3499 lac
1103 3454 1160 3497 et
1225 3447 1341 3496 lana
1411 3453 1703 3511 legantur,
1748 3445 2007 3512 omnique
2068 3443 2250 3496 studio
2299 3451 2355 3496 et

794 3549 910 3591 arte
941 3541 1174 3605 seipsos,
1203 3550 1307 3587 non
1345 3551 1470 3586 oves
1504 3546 1750 3602 pascant.
1801 3536 1954 3601 Quod
1991 3537 2188 3610 malum
2215 3537 2355 3589 Deus

796 3629 862 3678 ab
893 3626 1015 3677 ovili
1051 3636 1238 3677 nostro
1272 3632 1500 3687 avertat,
1531 3625 1966 3693 multiplicelque
2000 3625 2050 3677 in
2083 3642 2146 3678 eo
2177 3627 2374 3693 potius

797 3718 1058 3786 quidquid
1100 3718 1345 3768 divinum
1384 3718 1600 3784 Deoque
1626 3728 1860 3785 gratum.
1897 3719 2110 3771 Etenim
2133 3719 2176 3771 si
2206 3717 2355 3786 quod

798 3811 865 3862 de
901 3821 950 3861 te
981 3809 1226 3861 auditum
1257 3817 1464 3860 tantum
1496 3820 1577 3860 est
1607 3824 1635 3860 a
1662 3810 1868 3870 multis,
1905 3812 1970 3863 de
2004 3820 2096 3863 tuo
2121 3811 2184 3863 ad
2219 3811 2359 3863 dia:-

797 3902 964 3953 eusim
997 3902 1172 3952 reditu
1212 3900 1376 3967 (quod
1407 3900 1605 3967 alioqui
1643 3899 1709 3952 ab
1741 3902 1886 3954 omni
1929 3904 2191 3970 episeopo
2241 3902 2358 3955 fieri

800 3993 984 4054 debet)
1033 3993 1291 4043 continuo
1347 3990 1522 4041 visum
1588 4000 1671 4043 est
1730 3992 1986 4044 omnibus
2037 3993 2356 4044 laudabile:

802 4100 996 4151 nempe
1035 4100 1164 4151 oves
1194 4084 1397 4134 ablatas
1421 4082 1635 4136 fortiter
1670 4099 1995 4152 recuperare
2021 4123 2034 4144 ,
2067 4099 2174 4136 non
2209 4085 2362 4138 abla-

805 4188 884 4228 tas
915 4190 1239 4228 conservare
1269 4174 1498 4227 viriliter
1551 4175 1868 4227 :intcrdum
1928 4178 2093 4228 etiam
2152 4177 2362 4230 alienas

804 4268 1101 4335 adjungere
1129 4265 1193 4316 ad
1227 4276 1464 4328 nostras,
1519 4274 1632 4318 tum
1681 4275 1931 4319 errantes
1989 4277 2043 4321 et
2107 4268 2361 4332 amissas,

801 4358 986 4425 quoad
1042 4356 1155 4408 fieri
1212 4358 1404 4424 possit,
1443 4372 1687 4424 quaerere
1748 4374 1811 4411 ac
1843 4359 2135 4426 vestigare,
2167 4367 2222 4410 et
2283 4359 2366 4410 in-

803 4458 992 4501 ventus
1036 4447 1088 4498 in
1126 4447 1413 4498 humerum
1469 4463 1662 4514 magno
1697 4459 1895 4498 conatu
1950 4449 2233 4512 imponere
2295 4447 2361 4498 ad

2447 2002 2605 2064 fecit,
2635 2008 2693 2052 ut
2737 2001 2952 2051 decreto
2984 1993 3176 2060 synodi
3217 2000 3272 2045 et
3319 1991 3502 2044 edicto
3565 1987 3726 2053 regis,
3781 1983 4004 2053 Metym-

2441 2093 2628 2148 uensis
2658 2088 2974 2155 metropolis
3009 2087 3056 2139 ei
3095 2082 3463 2153 adjicereturl.
3497 2088 3557 2132 ut
3601 2078 3700 2131 tibi
3742 2077 4006 2129 hactenus

2443 2185 2651 2253 adjecta
2690 2181 2794 2233 fuit
2827 2197 2841 2231 :
2880 2178 3044 2245 idque
3073 2174 3275 2240 duplici
3310 2172 3529 2225 nomine
3563 2179 3617 2224 et
3648 2183 3833 2230 causa,
3865 2175 4005 2219 etut

2445 2274 2787 2341 tnetroiiulita
2827 2269 3078 2338 praesidio
3108 2278 3296 2334 septus
3327 2274 3471 2318 esset
3499 2262 3565 2315 ad
3600 2259 3926 2330 regendum,
3950 2266 4003 2310 et

2447 2379 2506 2422 ut
2535 2364 2894 2436 populusipse
2925 2359 3378 2430 Metymnensium
3402 2353 3743 2408 commodius
3767 2351 4008 2405 facilius-

2446 2476 2551 2528 que
2577 2465 2878 2526 regeretur,
2911 2467 2973 2505 ac
3019 2463 3242 2520 propter
3272 2449 3606 2502 vicinitatem
3633 2460 3763 2499 oves
3798 2443 4010 2496 scabio-

2447 2567 2518 2606 sa:
2549 2551 2729 2604 curari
2767 2553 2992 2616 possent
3023 2543 3412 2611 opportunius,
3451 2550 3563 2593 tum
3589 2539 3728 2592 bene
3758 2537 4006 2589 valentes

2448 2640 2760 2696 conservari
2789 2647 2844 2692 et
2877 2637 3107 2689 excitari
3142 2634 3207 2686 ad
3231 2634 3459 2687 honesta
3485 2646 3672 2700 opera.
3702 2630 4012 2695 Utrumque

2451 2735 2595 2785 enim
2633 2740 2874 2784 vestrum
2918 2725 3210 2779 maledicto
3270 2723 3435 2777 allicit
3473 2722 3753 2790 Scriptura
3794 2729 4007 2782 sancta,

2451 2825 2498 2877 si
2527 2840 2648 2876 cum
2691 2823 2811 2874 sitis
2853 2828 3122 2888 pastores,
3162 2832 3268 2869 non
3298 2830 3469 2883 usque
3487 2815 3550 2866 ad
3584 2815 3926 2881 sanguinem,
3958 2812 4013 2866 in

2452 2919 2518 2971 iis
2549 2932 2669 2984 qua:
2697 2914 2937 2967 diximus
2974 2909 3280 2963 efﬁciendis
3315 2908 3652 2976 persistatis;
3710 2906 3908 2964 donec.
3955 2915 4018 2957 ut

2452 3008 2800 3067 confidimus,
2870 3004 3012 3057 Deus
3062 3001 3222 3055 nobis
3278 3000 3565 3069 propitius,
3616 3013 3823 3067 parem,
3867 3007 4020 3051 tran-

2451 3099 2776 3169 quillitatem
2838 3110 2901 3148 ac
2950 3095 3179 3146 salutem
3259 3094 3526 3160 cujusque
3580 3093 3816 3160 pastoris
3866 3091 4015 3159 gregi

2460 3194 2746 3252 restituat;
2780 3188 2926 3255 quod
2969 3196 3025 3237 ut
3051 3185 3232 3245 faciat,
3268 3184 3569 3251 placandus
3596 3181 4018 3249 flectendusque

2458 3282 2617 3336 nobis
2649 3289 2754 3342 est,
2795 3287 2849 3330 et
2878 3277 3082 3328 nostris
3133 3286 3280 3328 rerte
3347 3274 3526 3335 factis,
3581 3273 3890 3325 obedientia
3961 3283 4022 3324 et

2457 3374 2564 3426 vita
2595 3370 2904 3426 Christiana
2939 3367 3337 3437 implorandus.
3381 3366 3456 3419 lta
3491 3366 3636 3418 enim
3673 3365 3786 3426 fiet,
3825 3375 3880 3417 ut
3938 3365 4021 3417 le-

2455 3483 2573 3535 gem
2605 3464 2846 3516 divinam
2878 3472 3186 3524 servantes,
3219 3475 3340 3527 quas
3363 3457 3596 3526 turpiter
3617 3457 4024 3524 viventesjustc

2455 3553 2754 3614 atnisitnus,
2791 3551 3044 3619 precibus
3073 3550 3244 3602 beatae
3265 3547 3442 3600 Maria:
3469 3547 3851 3599 restituantur.
3885 3547 4021 3599 Vale

2455 3644 2512 3695 iu
2548 3643 2788 3696 Christo.

2571 3722 2574 3730 ’
2918 3770 2924 3778 .
3010 3727 3346 3784 EPISTOLA
3404 3729 3468 3781 ll.

2461 3827 2782 3879 Athanasius
2806 3823 3117 3892 patriarcha
3141 3818 3756 3889 Constantinopolin.nus
3781 3820 4028 3888 epist-apo

3085 3891 3454 3943 Sardeusium.

2529 4007 2702 4065 Nosti.
2737 4004 3194 4072 quemadmodum
3231 4003 3505 4070 Sapientia
3554 4002 3851 4069 discipulos
3888 4017 4032 4056 suos

2461 4099 2652 4161 doceat
2691 4096 2803 4150 :Ne
2833 4097 3056 4165 (inquit)
3097 4095 3439 4164 reprehendas
3497 4095 3796 4155 sceleratos,
3868 4111 3933 4145 ne
3972 4105 4028 4146 te

2461 4193 2660 4243 oderint
2692 4189 2710 4218 ³
2737 4230 2751 4251 ,
2787 4200 3042 4256 tanquam
3077 4189 3351 4255 sapientes
3380 4197 3587 4238 tantum
3622 4186 3880 4254 reprelirn
3927 4202 4031 4239 ere

2462 4291 2733 4349 oporteat,
2784 4291 2843 4332 ut
2903 4283 3220 4347 quicunque
3270 4279 3466 4331 fratres
3518 4288 3716 4338 amant,
3781 4277 4029 4329 vicissim

2462 4381 2736 4425 amentur.
2774 4370 3090 4439 Opportune
3149 4360 3279 4422 hinc
3339 4370 3668 4437 principium
3725 4369 4034 4436 sumpsisse

2466 4465 2711 4526 videbor,
2745 4463 2836 4530 qui
2871 4462 2935 4514 ad
2977 4473 3051 4521 te.
3076 4462 3255 4513 virum
3284 4462 3589 4528 sapientem
3625 4471 3679 4512 et
3728 4461 3782 4512 in
3815 4459 4034 4512 litteris

800 4540 1170 4605 "deelas‘l‘w
1223 4538 1483 4590 reducere
1513 4538 1564 4589 i"
1600 4552 1887 4591 "umerum
1926 4553 2115 4612 ευτΨη
2154 4540 2245 4604 (illi
2293 4539 2360 4590 3"
2396 4560 2436 4611 D
2468 4554 2665 4608 sanctis
2693 4553 2995 4614 eruditum,
3027 4552 3284 4604 scribam.
3317 4551 3442 4604 Scio
3499 4562 3548 4604 te
3599 4565 3706 4603 non
3767 4551 4037 4618 ignorare

801 4645 990 4683 errore
1026 4629 1186 4680 alieni
1211 4637 1370 4690 sunt;
1405 4628 1540 4692 ha'e,
1581 4629 1823 4696 inquam,
1856 4644 2020 4696 quam
2049 4638 2201 4696 grata
2245 4630 2355 4682 Deo

802 4730 856 4772 et
885 4719 992 4770 Deo
1022 4717 1220 4769 deditis
1246 4718 1451 4770 fuerint
1482 4719 1493 4769 !
1534 4719 1744 4770 ldeirco
1775 4719 1920 4786 quod
1951 4720 2195 4782 voluisti,
2229 4723 2356 4788 quia

807 4807 1250 4860 honestissimum
1283 4817 1423 4868 erat,
1462 4807 1828 4862 laudaveruut
1876 4809 2085 4862 cordati
2117 4819 2168 4862 ct
2231 4825 2362 4878 pru-

804 4901 999 4952 dentes
1032 4914 1242 4960 omnes,
1295 4907 1351 4951 et
1394 4899 1447 4951 in
1485 4901 1679 4968 primis
1715 4901 2012 4969 imperator
2069 4902 2204 4970 ipse,
2269 4902 2361 4969 qui

807 5006 912 5043 non
946 4990 1120 5042 solum
1157 4990 1500 5057 approbavit,
1554 4991 1647 5044 sed
1702 4994 1987 5061 magnifica
2020 4996 2184 5047 verba
2213 4995 2366 5057 fecit,

804 5093 994 5135 nactus
1029 5081 1165 5135 hanc
1204 5083 1546 5134 occasionem
1584 5082 1847 5136 Ecclesia:
1879 5084 2092 5148 utilem,
2115 5085 2364 5139 imitatus

805 5173 1316 5239 eloquentissimum
1351 5172 1507 5224 illum
1553 5175 1756 5238 virum,
1800 5190 1922 5227 eum
1958 5191 2067 5243 quo
2129 5178 2366 5244 (quoties

809 5279 904 5331 pro
943 5263 1180 5314 Ecclesia
1216 5263 1292 5315 illi
1341 5264 1636 5316 dicendum
1671 5276 1756 5318 est
1788 5267 1852 5319 ad
1883 5268 2174 5320 utilitatem
2227 5269 2365 5321 mul-

810 5353 1009 5415 turum)
1042 5365 1202 5401 nemo
1228 5352 1496 5404 orationis
1528 5355 1819 5416 suavitate,
1857 5356 2014 5422 copia
2050 5368 2105 5408 et
2137 5357 2366 5427 elegan-

810 5443 880 5492 tia
911 5451 1124 5493 certare
1161 5450 1360 5508 potest,
1423 5452 1477 5495 et
1509 5459 1680 5511 usque
1712 5446 1872 5510 adeo,
1911 5456 1968 5499 ut
1998 5447 2131 5511 dixi,
2165 5464 2368 5516 propo-

811 5533 974 5583 situm
1001 5532 1406 5600 consiliumque
1438 5543 1589 5586 tuum
1622 5547 1807 5604 aptum
1845 5547 1901 5590 ct
1941 5554 2251 5607 congruens
2286 5543 2368 5593 vi-

810 5639 931 5676 sum
963 5624 1279 5691 imperatori
1309 5635 1411 5687 est,
1446 5636 1502 5680 ιιι
1542 5630 1815 5696 synodicis
1852 5630 2048 5685 litteris
2097 5643 2151 5686 et
2182 5633 2367 5688 edicto

880 5803 899 5832 ³
927 5803 1085 5857 Prov.
1122 5822 1196 5869 is,
1239 5807 1289 5859 8.
1365 5808 1386 5837 ⁸
1425 5808 1582 5862 Joan.
1611 5826 1661 5874 κ,
1725 5811 1812 5864 15.

2458 4661 2577 4712 quae
2607 4646 2808 4696 sanctis
2860 4643 3126 4718 apostolis
3155 4643 3220 4695 de
3255 4642 3648 4695 constitutione
3701 4655 3879 4692 rerum
3930 4655 4040 4692 ec-

2457 4736 2884 4788 elesiastiearum
2918 4735 3123 4788 sancita
3177 4742 3323 4797 sunt,
3355 4748 3420 4786 ex
3471 4732 3669 4801 quibus
3695 4747 3859 4784 unum
3918 4742 4039 4789 est,

2465 4836 2521 4878 ut
2551 4825 2784 4892 quisque
2819 4833 3002 4892 pastor
3041 4825 3183 4876 intra
3214 4839 3344 4877 suos
3377 4823 3514 4875 flues
3547 4824 3765 4874 insistat
3797 4832 4042 4886 prOptcr

2463 4931 2650 4984 pacem
2670 4925 2723 4967 et
2748 4916 3066 4969 charitaten.
3084 4957 3098 4980 ,
3117 4930 3346 4983 quarum
3375 4924 3457 4968 est
3482 4914 3640 4969 Jesus
3662 4913 4042 4968 arctissimum

2463 5004 2764 5066 vinculum,
2799 5002 2944 5071 quod
2982 5005 3118 5056 solvi
3169 5018 3277 5056 non
3311 5012 3530 5072 potest.,
3576 5002 4040 5068 Scispraterea,

2471 5104 2529 5148 ut
2554 5095 2744 5162 quales
2773 5109 2882 5147 non
2939 5108 3215 5160 essemus,
3263 5103 3594 5161 appareret;
3628 5094 3830 5161 quibus
3878 5095 4048 5148 noris

2469 5200 2658 5238 verum
2699 5195 2970 5252 pastorem
3012 5183 3452 5252 designantibus,
3505 5199 3732 5253 magnus
3759 5183 3846 5236 ille
3891 5197 4044 5252 pon-

2471 5275 2599 5329 tifex
2639 5275 2912 5335 Christus.
2949 5291 3148 5330 munus
3181 5277 3415 5348 pastoris
3452 5274 3772 5328 diﬂinierit:
3825 5288 4042 5343 nempe

2465 5375 2652 5420 mutua
2704 5365 2756 5418 in
2784 5367 2936 5420 illum
2989 5348 3294 5420 charitate.‘
3310 5367 3519 5420 Deinde
3555 5381 3660 5419 non
3692 5367 3912 5434 ignoras
3941 5379 4044 5418 or-

2465 5466 2650 5510 natum
2688 5456 2842 5525 probi
2896 5457 3154 5525 pastoris,
3189 5456 3284 5524 qui
3341 5457 3412 5509 sit
3445 5455 3654 5509 animas
3707 5455 3884 5523 gregis
3945 5458 4044 5508 sui

2465 5548 2748 5602 evidenter
2780 5548 3126 5617 cogniturus,
3167 5547 3370 5624 dequo
3400 5547 3664 5616 scriptum
3691 5553 3776 5599 est
3804 5563 3817 5597 :
3852 5543 4048 5600 Bonus

2469 5649 2647 5707 pastor
2687 5640 2920 5692 animam
2954 5655 3106 5693 suam
3153 5629 3299 5707 ponit
3341 5655 3435 5707 pro
3489 5638 3667 5691 oribus
3701 5638 3808 5689 suis
3859 5637 3900 5688 ⁸.
3972 5639 4047 5692 Ει
