4220 6444
150 369 246 430 5H

1580 359 1985 422 EPISTOLE.

3308 360 3412 423 518

149 480 295 547 quod
334 477 638 545 Gregorius
670 485 1037 545 cognomento
1066 471 1677 543 Theologus'cdisserit
1714 486 1728 526 :
1762 479 1803 532 Α
1837 488 1958 525 cum
1994 472 2220 539 reliquis
2255 474 2412 525 malis
2449 488 2556 524 non
2588 479 2671 524 est
2712 472 3029 538 ambiguum
3054 483 3109 523 et
3140 471 3408 525 incertum

153 569 265 621 Non
342 569 771 637 unumquemvis
819 567 1148 636 discipulum
1215 566 1279 619 ad
1370 564 1727 633 Evangelium

151 660 324 721 mitti,
359 676 538 728 neque
599 660 691 729 qui
731 659 996 723 mittitur.
1024 657 1522 727 quomodocunque
1564 657 1727 719 mitti.

154 754 246 805 sed
285 753 387 820 qui
417 754 665 806 veritatis
695 753 1024 821 virtutisque
1068 751 1254 804 studio
1290 760 1503 803 tantum
1545 750 1727 800 inten-

151 857 235 899 tus
268 848 372 908 sit,
413 862 619 899 vacuus
646 856 702 899 et
732 846 1022 913 expeditus
1053 844 1201 897 omni
1257 859 1413 907 cura,
1464 842 1729 910 omnique

152 941 557 1009 impedimento
604 940 767 1004 liber,
808 942 927 993 sine
955 954 1085 1003 a're,
1144 938 1264 992 sine
1295 939 1465 1007 virga,
1502 952 1607 989 una
1643 949 1729 990 tu-

151 1035 298 1094 nica.
348 1035 515 1086 nudis
544 1034 710 1086 etiam
742 1033 974 1100 pedibus
997 1074 1010 1094 .
1046 1042 1303 1101 tanquam
1356 1047 1464 1084 non
1521 1033 1731 1099 possint

148 1125 313 1177 aliter
370 1125 591 1192 speciosi
623 1140 729 1177 esse
754 1125 908 1193 pedes
942 1124 1413 1193 erangelizantium
1445 1138 1647 1190 paceni.
1680 1131 1730 1175 et

149 1228 345 1269 cetera
376 1218 514 1268 bona
550 1218 592 1270 ⁸.
627 1217 949 1271 Intellexisti
989 1218 1151 1271 etiam
1187 1218 1311 1286 quis
1342 1218 1413 1270 sit
1446 1232 1732 1270 mercena-

148 1308 262 1361 rius
319 1317 382 1361 et
416 1308 618 1376 qualis.
671 1308 739 1361 de
778 1325 888 1377 quo
919 1310 1085 1378 pudet
1121 1325 1205 1362 me
1244 1318 1358 1362 tum
1390 1309 1573 1362 dicere
1616 1317 1729 1361 tum

150 1407 357 1460 tacere,
385 1412 511 1449 cum
543 1398 675 1450 satis
715 1399 831 1466 ipse
873 1407 1049 1451 status
1082 1407 1391 1465 temporum
1440 1407 1496 1451 et
1543 1412 1728 1450 rerum

148 1504 269 1541 eum
301 1490 570 1543 ostendat
628 1499 789 1557 atque
821 1502 1106 1558 coarguat.
1170 1490 1243 1543 De
1289 1505 1397 1555 quo
1435 1491 1477 1544 si
1526 1500 1730 1544 attente

148 1582 376 1635 audiam
419 1582 739 1650 prophetas,
769 1598 894 1636 cum
943 1584 993 1635 in
1055 1582 1161 1635 mei
1214 1582 1423 1635 similes
1486 1593 1732 1651 pastores

150 1674 231 1727 his
266 1675 469 1727 verbis
503 1676 838 1727 invehuntur
880 1694 892 1727 :
935 1673 1182 1728 Pastorcs
1239 1685 1462 1744 pascunt
1511 1678 1729 1745 seipsos,

153 1783 251 1817 non
286 1783 411 1818 oves
444 1768 501 1827 ‘;
535 1776 589 1819 et
625 1767 753 1819 illttd
802 1785 814 1818 :
850 1765 893 1819 0
930 1776 1184 1835 pastores.
1222 1768 1309 1835 qui
1340 1768 1553 1835 perditis
1616 1785 1732 1821 oves

151 1875 364 1925 pascui:
386 1859 444 1921 ';
512 1859 641 1911 item
675 1877 687 1911 :
726 1858 900 1911 Pretio
935 1861 1244 1925 respondent
1283 1864 1599 1921 sacerdotes,
1649 1878 1736 1913 sa-

151 1953 385 1999 cerdotes
415 1948 582 2015 legem
613 1947 827 1999 Domini
855 1946 1209 2009 occultarum.
1236 1956 1283 1998 et
1334 1947 1501 2016 legem
1567 1965 1735 2001 meam

150 2040 447 2099 violarunt,
475 2048 524 2091 et
562 2048 741 2090 sancta
787 2055 901 2089 mea
927 2038 1285 2104 profanarum
1312 2040 1367 2104 ';
1409 2041 1536 2092 itetn
1570 2042 1732 2093 illud:

153 2134 315 2185 Lenis
341 2135 526 2184 ovium
567 2133 733 2194 indui,
762 2141 993 2183 mactare
1028 2132 1163 2198 quod
1193 2136 1385 2201 pingue
1420 2143 1515 2194 est,
1549 2132 1629 2185 lac
1658 2135 1735 2185 bi-

153 2227 269 2277 bere
309 2225 379 2287 ’;
436 2223 578 2287 hac.
611 2223 856 2290 inquam,
889 2232 1096 2276 attente
1151 2224 1413 2284 audiens.
1474 2226 1604 2293 quid
1660 2227 1737 2279 la-

154 2316 322 2380 ciam,
360 2332 433 2369 ne
464 2326 708 2368 metuam
746 2330 838 2368 eos
871 2316 963 2382 qui
1008 2330 1092 2368 mc
1125 2315 1481 2385 redarguunt,
1511 2327 1565 2370 et
1589 2318 1736 2372 clare

151 2408 222 2462 ob
253 2409 457 2462 oculos
494 2408 627 2461 mibi
658 2417 888 2475 ponunt.
910 2409 1085 2475 qualis
1116 2408 1217 2461 sint
1242 2408 1263 2460 τ
1292 2423 1412 2477 qua
1448 2411 1491 2463 si
1523 2409 1737 2467 fabulas

156 2514 313 2571 putat
341 2504 440 2570 qui
487 2502 542 2554 in
575 2501 752 2571 ignem
794 2501 942 2553 illum
976 2513 1283 2554 extremum
1317 2518 1423 2555 non
1466 2505 1733 2567 intuetur,

154 2598 286 2649 Inibi
329 2606 488 2649 certe
546 2612 654 2648 non
707 2595 923 2658 fabulae,
965 2597 1058 2648 sed
1099 2595 1171 2648 ita
1230 2594 1516 2650 horribilia
1553 2600 1735 2651 omnia

152 2706 271 2744 esse
306 2689 601 2751 videntur,
630 2698 688 2741 ut
737 2689 964 2741 borrore
1012 2688 1245 2741 exedant
1304 2699 1736 2759 consutnantqne

155 2783 457 2836 medullas.
495 2782 682 2850 Neque
722 2790 901 2835 tamen
935 2796 1194 2835 curamus
1247 2781 1428 2835 lacere
1461 2798 1558 2850 pro
1604 2771 1735 2837 viri-

153 2877 256 2928 bus
312 2890 387 2927 ne
440 2885 669 2942 pr0pter
718 2873 939 2942 aliquod
988 2889 1053 2926 ex
1092 2874 1178 2927 bis
1223 2874 1415 2928 vitium
1452 2890 1515 2929 ac
1557 2877 1738 2930 scelus

154 2968 451 3021 constricti
492 2966 736 3019 vinculis
774 2966 1124 3029 arctissimis,
1157 2967 1335 3033 pennis
1386 2968 1739 3035 sempiternis

154 3061 490 3120 alliciamur,
522 3059 616 3112 sed
650 3061 831 3127 potius
853 3060 1046 3112 damus
1068 3074 1289 3125 operam
1324 3060 1478 3111 vanis
1508 3070 1738 3113 conten-

155 3153 410 3205 tionibus
456 3151 798 3219 judiciisque
852 3149 918 3203 ad
976 3150 1263 3203 libidinem
1317 3159 1559 3204 nostram
1613 3166 1805 3234 cor‘C

155 3246 357 3313 ruptis,
395 3256 496 3296 ant
534 3244 603 3296 ab
639 3259 703 3297 eo
732 3242 877 3311 quod
917 3241 1033 3295 ﬁeri
1070 3244 1337 3310 oportuit.
1388 3244 1731 3297 abducimur.

155 3336 286 3401 Qua:
322 3338 481 3390 enim
516 3336 695 3389 lacere
725 3335 927 3399 solent,
968 3335 1059 3403 qui
1095 3345 1297 3389 statum
1331 3336 1585 3390 Ecclesia:
1612 3352 1736 3405 per-

156 3432 388 3484 turbare
448 3429 791 3492 moliuntur,
848 3427 960 3481 hac
1014 3426 1103 3480 isti
1161 3436 1401 3496 questus
1438 3429 1605 3494 gratia
1660 3428 1736 3479 fa-

157 3525 308 3575 ciunt
343 3542 358 3575 :
394 3521 612 3574 scilicet
653 3534 775 3573 cunt
804 3534 833 3572 a
863 3519 1133 3588 principio
1178 3522 1534 3574 constitutum
1569 3528 1734 3577 esset.

154 3624 209 3666 ut
240 3614 330 3665 bis
383 3625 614 3679 quoque
668 3626 812 3663 anno
863 3611 1107 3678 synodus
1159 3609 1494 3674 haberetur,
1544 3621 1735 3677 postea

154 3720 284 3759 vero
322 3701 685 3756 commodius
733 3702 1015 3755 videretur
1057 3701 1247 3755 haberi
1284 3703 1473 3764 semel.
1504 3719 1572 3757 ne
1608 3720 1738 3759 oves

155 3809 388 3866 propter
442 3794 700 3848 crebram
757 3794 1061 3849 absentiam
1114 3804 1441 3863 pastorum,
1498 3795 1657 3851 facile
1708 3815 1736 3852 a

154 3890 298 3957 lupis
342 3887 539 3942 invadi
578 3896 803 3953 possent
832 3928 846 3952 ,
886 3896 1070 3940 nostra
1095 3903 1243 3941 nunc
1274 3898 1424 3948 artas,
1462 3892 1646 3943 nescio
1668 3907 1734 3943 an

153 3982 360 4051 aliquid
425 3980 804 4049 prudentioris
850 3979 1062 4033 consilii
1118 3981 1412 4049 providens
1500 3997 1567 4035 an
1613 3998 1737 4036 cor-

155 4077 380 4144 ruptius
412 4072 698 4143 judicans,
734 4072 837 4125 hoc
871 4086 1091 4140 quoque
1120 4073 1380 4126 sustulit:
1433 4075 1574 4127 unde
1616 4091 1738 4142 gra-

154 4168 238 4220 via
266 4177 324 4221 et
361 4178 511 4217 nova
548 4164 685 4216 mala
741 4164 1055 4225 suscitavit,
1085 4173 1140 4217 et
1186 4179 1375 4217 curam
1408 4168 1736 4233 pastoralem

156 4264 207 4315 in
241 4260 517 4331 pecunias
546 4272 843 4326 pauperum
875 4258 1247 4311 corradendas
1276 4259 1531 4323 contulit,
1574 4275 1739 4329 grege

158 4356 300 4421 lupis
363 4352 614 4405 relicto:
657 4366 846 4417 magna
890 4365 1019 4403 vero
1056 4351 1339 4419 diligentia
1372 4363 1427 4405 et
1459 4354 1738 4421 vigilantia

156 4444 335 4495 lorum
380 4439 635 4508 episcopi
667 4447 955 4499 ornaruut,
986 4448 1045 4491 ut
1073 4439 1309 4493 desertis
1340 4441 1455 4494 suis
1480 4442 1739 4509 gregibus

1834 565 1967 632 quin
2007 564 2140 616 iram
2185 563 2274 616 Dei
2312 565 2469 617 nobis
2498 572 2693 630 augeat
2729 582 2740 615 :
2783 562 3231 631 quandoquidem
3265 564 3405 615 tole-

1837 672 1985 710 rasse
2039 656 2208 709 Deum
2283 658 2468 709 tnundi
2529 665 2813 724 peccatum
2866 654 3184 718 didicimus,
3236 654 3409 708 eremi

1835 766 1966 804 vero
2004 761 2286 817 peccatum
2342 765 2705 817 nequaquam.
2755 748 3019 800 Similiter
3060 749 3408 799 verissimum

1833 852 1936 903 est,
1973 857 2149 909 neque
2188 850 2435 908 pastores
2471 843 2560 907 qui
2595 856 2813 908 gregem
2848 840 3130 906 negligunt
3168 838 3412 905 impuni-

1838 942 1956 993 tos;
1994 936 2306 1001 multosque
2360 933 2724 993 discessuros.
2778 930 2993 983 tametsi
3033 930 3260 982 fortaSse
3298 942 3411 981 non

1837 1023 1906 1074 ita
1953 1024 2203 1075 videatur
2233 1026 2296 1075 iis
2328 1024 2420 1090 qui
2456 1032 2650 1090 sponte
2681 1022 2926 1074 velamen
2974 1020 3305 1077 obtendunt.
3344 1034 3410 1071 ne

1836 1114 2081 1166 limatam
2118 1114 2396 1183 Evangelii
2434 1115 2721 1166 veritatem
2746 1114 3056 1180 aspiciant;
3093 1110 3255 1163 sicuti
3283 1126 3408 1163 cum

1836 1205 2044 1276 Moyses
2074 1208 2277 1276 legitur
2311 1208 2512 1275 papulo
2544 1207 2710 1260 Israel
2734 1245 2748 1267 .
2778 1221 2918 1273 quos
2967 1206 3189 1274 quidem
3222 1204 3413 1257 existi-

1834 1300 2315 1361 mabam.sublato
2349 1302 2457 1369 jam
2513 1302 2807 1361 velamine,
2853 1300 3088 1352 revelata
3148 1297 3286 1350 facie
3332 1297 3413 1349 vi-

1833 1395 1983 1445 dere.
2021 1395 2149 1453 Sed,
2178 1409 2211 1446 o
2243 1394 2607 1447 calamitatem
2643 1403 2699 1447 et
2732 1392 3032 1457 miseriam,
3064 1400 3122 1443 ut
3169 1402 3411 1458 tempore

1835 1483 1953 1552 ipso
1992 1483 2150 1537 facile
2198 1486 2334 1537 mala
2382 1486 2656 1538 subeunt!
2693 1486 2851 1553 quale
2901 1495 2986 1537 est
3038 1483 3143 1536 hoc
3180 1481 3411 1535 monstri

1834 1577 1978 1645 quod
2013 1592 2159 1630 nunc
2192 1588 2375 1630 ortum
2406 1589 2487 1631 est
2536 1588 2593 1631 ut
2631 1579 2981 1647 reperiantur
3026 1576 3269 1645 episc0pi
3318 1574 3412 1642 qui

1838 1679 2047 1723 tantum
2102 1670 2235 1723 dent
2272 1672 2587 1735 consilium,
2645 1686 2910 1738 suamque
2956 1670 3141 1723 dicant
3193 1676 3415 1721 senten-

1839 1762 2003 1816 tiam:
2035 1778 2140 1813 non
2182 1774 2363 1815 autem
2398 1764 2491 1830 qui
2528 1765 2748 1816 decreta
2800 1762 3243 1828 sententiamque
3301 1774 3415 1811 ma-

1834 1854 2017 1921 jorum
2052 1864 2163 1906 tum
2193 1856 2402 1922 private
2438 1865 2551 1907 tum
2592 1855 2809 1923 publice
2846 1853 3173 1908 confirment
3204 1862 3257 1906 ct
3286 1868 3379 1906 san
3401 1879 3417 1892 -

1839 1946 2006 1998 ciant.
2058 1946 2129 1996 ita
2170 1956 2226 1997 ut
2273 1946 2383 2014 jam
2425 1946 2475 1997 in
2526 1945 2710 1998 causis
2762 1960 3068 2013 pauperum
3124 1944 3414 1997 nobiscum

1839 2036 2060 2103 quidem
2094 2037 2336 2091 sentiant
2370 2039 2463 2105 qui
2514 2040 2721 2105 pariter
2766 2037 3039 2105 judicant.
3085 2052 3193 2089 non
3229 2051 3412 2089 tamen

1839 2130 1893 2182 in
1924 2133 2105 2183 causis
2132 2132 2365 2184 divitum
2401 2141 2565 2199 atque
2591 2132 2893 2195 nobilium;
2915 2132 3272 2200 quamobrem
3306 2145 3415 2183 non

1838 2228 2097 2275 convenit
2154 2222 2285 2274 mibi
2339 2238 2462 2275 eum
2524 2225 2609 2276 bis
2653 2224 3071 2278 consessoribus
3132 2222 3416 2291 judicihus

1834 2314 2104 2382 judicare.
2143 2312 2197 2366 Si
2231 2330 2331 2383 pax
2368 2330 2598 2369 munere
2632 2316 2725 2369 Dei
2781 2328 3075 2370 consecuta
3132 2317 3319 2381 fuerit.
3361 2324 3418 2369 et

1839 2408 2125 2461 consilium
2154 2408 2411 2479 frequens
2438 2411 2556 2479 cogi
2582 2411 2897 2480 contigerit,
2926 2412 3275 2482 corrigentur
3302 2411 3418 2467 hac

1839 2502 2021 2554 omnia
2070 2520 2080 2554 :
2128 2504 2273 2569 quod
2330 2505 2373 2557 si
2433 2520 2593 2560 secus
2646 2506 2892 2559 evenerit
2944 2505 3415 2575 (quandoquidem

1840 2597 2118 2650 nescimus
2150 2599 2279 2666 quid
2325 2599 2606 2666 proximus
2639 2599 2757 2653 dies
2781 2602 2851 2653 sit
2891 2600 3202 2667 allaturus),
3239 2598 3417 2654 Judex

1843 2688 1933 2740 ille
1964 2688 2057 2757 qui
2104 2688 2218 2742 falli
2264 2706 2373 2744 non
2419 2701 2621 2759 potest,
2670 2692 2928 2748 Ecclesiae
2977 2710 3090 2750 sua:
3142 2694 3415 2750 consulet.

1842 2780 1955 2833 lloc
2010 2790 2059 2835 te
2102 2783 2243 2836 scire
2299 2785 2472 2849 volui,
2528 2802 2594 2839 ne
2652 2788 2943 2841 molestum
2999 2798 3149 2842 esset
3205 2786 3415 2842 venire.

1843 2874 1989 2927 Vale.

2400 2993 2735 3049 EPISTOLA
2774 2997 2862 3050 lll.

1844 3078 2052 3157 Gratia,
2084 3092 2131 3133 et
2181 3086 2426 3157 postibi
2467 3105 2497 3138 a
2540 3088 2643 3139 Deo
2677 3094 3052 3157 omnipotente.
3094 3092 3417 3145 Athanasius

1912 3154 2220 3217 patriarcha
2290 3154 2917 3228 Constantinopoiitanus
2974 3164 3212 3231 episcopo
3272 3166 3416 3231 Apa-

1912 3238 2060 3276 "180’.

1913 3336 2179 3391 Existimo
2218 3348 2269 3391 te
2310 3356 2417 3393 nun
2450 3342 2701 3411 ignorare
2731 3345 2859 3413 quid
2898 3346 3132 3401 Basilius
3165 3348 3255 3404 ille
3306 3367 3418 3404 ma-

1840 3441 1979 3494 gnus
2008 3428 2072 3481 ad
2104 3429 2429 3499 Gregorium
2464 3435 2775 3503 scripserit,
2807 3436 2874 3491 de
2903 3453 2968 3492 eo
3000 3448 3057 3491 ut
3092 3440 3417 3494 excluderet

1841 3519 2221 3575 mulierculam
2253 3539 2417 3589 quam
2472 3526 2621 3579 domi
2654 3527 2927 3595 habebat;
2969 3541 3025 3584 et
3056 3534 3417 3599 quemadnio-

1841 3611 1971 3664 dum
2018 3614 2263 3681 jusserit.
2299 3626 2357 3669 ut
2412 3618 2516 3671 nisi
2568 3620 2752 3673 statim
2800 3623 3139 3688 excluderet,
3179 3636 3418 3679 cessaret

1841 3703 1908 3755 ab
1928 3703 2103 3759 otiicio
2124 3708 2477 3773 sacerdotali,
2508 3711 2825 3766 redditurus
2858 3714 2970 3767 Deo
3002 3716 3270 3770 rationem
3299 3733 3419 3771 ces-

1841 3796 2089 3855 sationis.
2128 3797 2458 3868 futurusqne
2505 3814 2707 3857 cuncto
2766 3807 2967 3873 populo
3014 3809 3306 3862 anathema
3370 3812 3414 3863 si

1843 3903 1948 3939 non
2001 3898 2262 3952 cessaret,
2308 3894 2402 3945 sed
2456 3896 2640 3961 potius
2690 3897 2897 3966 absque
2955 3904 3262 3954 reverentia
3306 3902 3417 3955 Deo

1843 3978 2119 4033 olTerret:
2173 3983 2377 4051 quibus
2429 3988 2613 4041 verbis
2669 3988 3089 4054 demonstravit,
3147 4004 3414 4062 quantum

1842 4071 2026 4125 damni
2060 4083 2114 4127 et
2145 4076 2375 4142 jactur.»
2411 4078 2636 4139 laceret.
2673 4082 2765 4147 qui
2814 4082 3138 4150 dignitatem
3178 4085 3415 4153 adeptus

1843 4181 1950 4216 non
1978 4178 2261 4219 exerceret
2292 4170 2657 4223 ministerium
2688 4183 2833 4226 recte
2881 4184 2933 4227 et
2965 4177 3209 4229 assidue.
3272 4178 3416 4233 Sunt

1844 4256 2030 4324 itaque
2066 4257 2204 4311 facta
2231 4272 2547 4313 sanctorum
2587 4262 2806 4316 Patrum
2862 4270 3113 4336 exempla
3147 4270 3324 4333 nobis.
3358 4284 3416 4327 ut

1842 4357 1962 4409 qua:
1995 4345 2155 4398 nobis
2183 4345 2431 4399 facienda
2459 4360 2607 4411 sunt,
2639 4367 2761 4403 cum
2797 4354 2863 4406 iis
2887 4371 3269 4423 comparemus
3294 4378 3415 4430 quae

1844 4446 2014 4501 gratia
2046 4447 2365 4489 sanctorum
2404 4454 2498 4506 per
2550 4457 2645 4494 eos
2692 4446 2955 4511 aspiravit
2990 4449 3041 4500 in
3094 4464 3217 4518 qua:
3268 4455 3415 4522 aSpi-

152 4536 297 4603 apud
348 4534 603 4599 reginam
647 4530 1174 4598 Constantinopolim
1229 4533 1583 4587 accubarent.
1634 4533 1736 4586 De-
1773 4538 1813 4591 D
1844 4528 2099 4580 ciendum
2132 4539 2235 4588 est,
2272 4544 2327 4582 ut
2364 4530 2417 4583 itt
2455 4532 2624 4585 solent
2658 4537 2905 4605 aspicere
2956 4540 3156 4603 solent.
3193 4545 3285 4610 qui
3332 4546 3415 4597 lu-

152 4632 321 4695 nique
376 4625 721 4688 maluerunt,
755 4622 905 4676 brevi
962 4624 1239 4691 voluptate
1276 4626 1544 4688 contenti,
1581 4627 1732 4679 carni

153 4720 472 4786 indulgere,
512 4728 676 4782 quam
723 4729 847 4766 cum
902 4714 1102 4781 populo
1148 4715 1240 4767 Dei
1284 4716 1552 4779 laborare,
1604 4734 1736 4771 con-

155 4810 387 4877 temptis
438 4806 655 4875 legibus
688 4806 890 4859 divinis
932 4822 1053 4875 qua:
1094 4807 1407 4875 prohibent,
1460 4825 1526 4862 ne
1562 4813 1735 4879 pauli-

154 4917 284 4967 sper
317 4899 551 4967 quidem
588 4896 808 4963 impune
844 4911 873 4948 a
913 4911 1074 4965 grege
1110 4897 1320 4950 abesse.
1374 4898 1450 4951 Ac
1491 4901 1617 4961 nisi,
1678 4913 1735 4954 ut

153 4992 464 5061 Apostolus
517 4988 613 5049 ait,
670 4988 912 5039 inimicus
975 4989 1178 5040 viderer
1226 5004 1405 5040 verum
1466 4991 1733 5059 eloquens,

156 5099 378 5151 possem
436 5079 644 5147 aliquid
702 5095 829 5133 vere
877 5078 1082 5133 dicere.
1136 5079 1300 5145 Quid,
1338 5098 1542 5149 quaeso.
1580 5094 1737 5149 iuvat

156 5176 294 5227 istos
328 5173 626 5242 episcopos
674 5180 727 5225 et
780 5180 1032 5239 pastores
1082 5171 1134 5223 in
1192 5176 1329 5225 urbe
1362 5174 1587 5235 morari,
1630 5176 1734 5229 nisi

158 5268 437 5330 (omittam
476 5264 605 5330 alia)
640 5272 699 5314 ttt
745 5263 1083 5331 patriarchas
1114 5264 1253 5315 alios
1290 5275 1568 5326 moveant.
1604 5267 1741 5319 alios

152 5354 361 5420 eligant
390 5368 404 5415 ;
443 5366 511 5403 ne
545 5351 590 5403 si
624 5352 767 5403 idem
805 5350 900 5403 diu
934 5351 1005 5403 sit
1036 5354 1372 5418 patriarcha,
1414 5369 1503 5407 res
1549 5372 1741 5409 onmes

152 5440 551 5495 ecclesiastica:
583 5440 902 5504 compositae
933 5442 1044 5493 sint
1073 5455 1086 5490 :
1123 5443 1268 5507 quod
1304 5442 1627 5510 praclarum
1662 5445 1740 5496 la-

155 5549 185 5585 c
214 5548 316 5586 nus
343 5548 413 5586 ex
465 5547 533 5585 eo
574 5540 820 5598 tempore
853 5532 1033 5587 facere
1068 5535 1154 5587 isti
1206 5545 1640 5597 consueverunt,
1677 5553 1743 5590 ex

154 5640 264 5693 quo
302 5623 791 5692 ConstantinOpoli
834 5625 990 5694 potiti
1050 5640 1261 5679 smnus.
1313 5624 1465 5691 Quod
1515 5628 1737 5696 quidem

230 5810 252 5841 '
300 5810 543 5875 Nai-um,
605 5825 641 5873 ι,
701 5807 784 5861 15.
868 5808 886 5836 ⁶
942 5805 1143 5859 Ezcclt.
1188 5823 1371 5871 XXXIV,
1411 5809 1462 5861 8.

1542 5808 1727 5866 7Ibid.
1786 5816 1867 5871 l3.
1936 5818 1955 5846 ⁸
2022 5816 2222 5871 Jeretn.
2280 5835 2350 5883 ιι,
2425 5822 2505 5875 l9.

1845 4637 1965 4673 men
2020 4621 2359 4675 desiderant.
2417 4624 2783 4689 Quamobrem
2840 4631 2935 4683 tibi
2984 4632 3089 4687 hoc
3138 4638 3417 4704 exemplar

1846 4714 2242 4781 insculpimus,
2313 4729 2371 4767 ut
2433 4720 2883 4789 quandoquidem
2946 4724 3244 4781 Ecclesium
3318 4732 3414 4785 tibi

1845 4813 2216 4863 commendari
2252 4814 2491 4873 voluisti,
2521 4831 2737 4881 gregem
2766 4817 2969 4871 Cbristi
2999 4822 3064 4873 ad
3096 4838 3295 4889 pascua
3336 4831 3415 4877 vi-

1848 4902 1985 4954 ridia
2014 4912 2070 4954 et
2100 4904 2341 4956 salubria
2375 4907 2520 4958 omni
2557 4909 2743 4962 studio
2772 4926 2899 4979 agas
2934 4922 2990 4965 et
3022 4913 3415 4975 ducas,delen-

1844 4994 2050 5061 dasque
2077 5008 2201 5047 eum
2236 5009 2263 5046 a
2300 4996 2489 5050 bestiis
2522 5014 2630 5051 non
2668 5002 3107 5071 quibuscuuque,
3136 5006 3228 5058 sed
3285 5015 3417 5061 Ara-

1847 5084 2003 5143 bicis.
2072 5092 2185 5137 tum
2256 5090 2635 5154 corporalibus
2715 5108 2835 5160 quae
2918 5107 3241 5159 cernuntur.
3301 5109 3413 5153 tum

1846 5176 2226 5242 spiritualihus
2268 5195 2389 5246 qua:
2438 5197 2544 5233 non
2602 5194 2927 5239 cernuntur.
2990 5188 3056 5241 Et
3110 5192 3195 5257 (ut
3254 5193 3417 5245 debet

1847 5282 2008 5319 verus
2032 5281 2345 5339 episcopus)
2372 5274 2617 5326 residcas
2647 5288 2834 5331 sancte
2868 5280 2933 5331 ad
2968 5292 3210 5335 sanctam
3240 5300 3414 5343 aram.

1846 5358 1912 5411 tle
1971 5374 2076 5423 qua
2131 5360 2228 5413 tibi
2286 5367 2727 5430 participandum
2782 5380 2888 5431 est,
2938 5374 3099 5426 sicuti
3153 5375 3417 5430 Dominus

1850 5452 2227 5515 pronuntiavit
2268 5457 2486 5524 dignum
2522 5475 2631 5510 esse
2664 5466 2963 5526 operarium
3017 5466 3252 5517 mercede
3294 5482 3413 5518 sua.

1847 5538 2213 5601 Quamobrem
2248 5561 2353 5597 non
2390 5558 2474 5599 est
2515 5551 2967 5617 esiSIintandum,
3003 5555 3166 5607 licere
3198 5556 3293 5608 tibi
3322 5557 3417 5610 diu

1850 5632 2043 5699 quavis
2074 5634 2141 5687 de
2178 5650 2340 5689 causa
2374 5639 2587 5705 abesse,
2610 5645 2737 5711 quia
2770 5645 2951 5711 potius
2987 5644 3295 5701 iaciendum
3320 5649 3417 5701 tibi

2585 5824 2603 5854 ⁹
2670 5824 2767 5878 lsa.
2812 5842 2895 5885 tv.
2945 5828 2991 5883 Ι.
