4220 6444
759 396 865 457 5‘9

1839 380 2255 443 ATHANASH
2298 381 2404 440 (ΞΡ.
2452 378 2964 438 ΡΑΤΗΙᾹΙὶΕΗΕ

3914 384 4015 444 529

757 519 863 561 est.
905 518 960 558 ut
1000 504 1253 558 celeriter
1293 501 1375 555 ire
1421 500 1600 569 possis
1626 495 1693 550 ad
1728 510 1848 550 eam
1885 494 2186 549 Ecclesiam
2219 506 2340 560 qum
2370 498 2413 550 Α
2448 491 2547 551 bit,
2598 507 2812 547 summa
2869 494 3093 549 ιίεειηίε
3179 493 3545 564 “tomum
3599 496 3731 561 Qua
3789 496 3832 549 si
3891 497 4011 549 ul.”

760 600 857 652 tibi
891 597 1077 651 addita
1109 605 1193 649 est
1218 604 1276 647 ct
1315 591 1723 653 commendata,
1757 597 1816 639 ut
1846 588 1897 641 ei
1941 586 2163 655 pra-sis;
2228 587 2332 636 hoc

760 704 943 745 autem
984 689 1174 749 facies,
1206 686 1249 739 si
1283 685 1439 755 prius
1478 682 1696 737 restitui
1747 681 1943 734 feceris
1987 690 2332 745 quacunque

761 785 875 837 sive
928 794 980 834 te
1021 779 1245 833 conscio
1286 779 1401 831 sive
1454 790 1561 828 non
1620 773 1844 827 conscio
1896 770 2157 837 subrepta
2214 783 2334 823 isse

760 872 1109 933 constiterit,
1160 881 1219 924 ut
1251 869 1484 935 benigne
1520 865 1665 919 Deus
1699 882 1795 918 sua
1851 864 2049 933 cuique
2084 872 2330 915 nostrum

764 966 1005 1019 tribuere
1040 963 1194 1024 velit,
1232 961 1377 1029 quod
1412 960 1520 1012 crit
1553 974 1656 1012 suo
1698 972 1946 1025 tempore
1994 955 2333 1024 iucundissi-

764 1076 932 1110 munt.
968 1059 1098 1120 Qua:
1131 1054 1348 1122 qttidem
1398 1053 1612 1104 sublata
1662 1061 1790 1103 sunt
1833 1050 1902 1102 ab
1955 1050 2022 1103 iis
2064 1050 2155 1117 qui
2198 1048 2337 1101 hanc

761 1151 937 1203 lahem
972 1147 1245 1215 episcopis
1274 1159 1565 1212 aspergere
1600 1144 1811 1201 volunt.
1841 1152 1900 1196 ut
1929 1141 2058 1193 dum
2089 1140 2187 1209 ipsi
2214 1140 2337 1193 aliis

763 1243 1095 1294 insidiantur
1127 1248 1183 1291 et
1232 1238 1461 1305 injurias
1500 1237 1783 1302 ingerunt,
1829 1234 1988 1302 culpa
2022 1249 2072 1285 in
2112 1248 2208 1286 eos
2240 1233 2335 1300 qui

763 1336 886 1387 tuali
918 1343 1163 1401 pastores
1198 1342 1344 1389 sunt,
1380 1331 1767 1391 transferatur,
1804 1329 2007 1395 alioqui
2074 1328 2338 1395 quemad-

764 1426 987 1477 modum
1051 1424 1128 1477 ire
1188 1424 1377 1475 licebit
1419 1421 1472 1473 itt
1525 1432 1807 1488 aspectum
1858 1434 2048 1472 eorum
2100 1434 2336 1487 quorum

764 1518 963 1570 damna
1004 1525 1060 1567 et
1092 1515 1323 1583 injurias
1367 1513 1667 1564 inhumane
1696 1513 2130 1580 contempseris:
2174 1526 2201 1563 a
2230 1525 2339 1576 quo

765 1618 944 1661 tamen
1009 1610 1156 1660 omni
1206 1622 1262 1659 se
1300 1608 1498 1671 injuria
1532 1607 1845 1659 liberandos
1876 1622 1996 1660 esse
2022 1605 2338 1673 sperabant,

762 1711 857 1753 aut
888 1700 1359 1767 quemadmodum
1416 1714 1679 1767 cogemus
1712 1714 1804 1750 eos
1856 1709 1915 1751 ut
1962 1698 2340 1763 magistratum

769 1793 969 1853 ferant,
1002 1792 1103 1844 nisi
1138 1790 1283 1858 quod
1321 1791 1615 1844 Zaceltaeus
1652 1791 1904 1851 faciebat,
1943 1789 2047 1841 hoc
2070 1789 2133 1840 id:
2161 1806 2208 1840 tu
2242 1803 2342 1841 nos

764 1882 1096 1937 fecerimus?
1123 1881 1218 1935 ille
1255 1883 1403 1935 enim
1435 1884 1479 1936 si
1516 1883 1648 1947 quid
1678 1882 1917 1949 aliquem
1953 1879 2337 1939 defraudabat.
2376 1861 2417 1916 Β

768 1978 1031 2029 reddebat
1080 1974 1477 2043 quadruplum.
1525 1976 1593 2029 Et
1644 1975 1909 2028 Dominus
1971 1974 2089 2042 pios
2150 1987 2343 2026 omnes

764 2070 924 2138 jubet
950 2069 1019 2119 ab
1048 2068 1279 2121 avaritia
1312 2047 1590 2122 abstinere
1622 2086 1634 2120 :
1668 2074 1817 2136 quod
1847 2068 2069 2136 quidem
2105 2068 2198 2135 qui
2232 2081 2341 2119 non

768 2160 958 2214 fecerit
992 2168 1047 2212 et
1078 2160 1327 2211 docuerit
1351 2199 1364 2221 .
1400 2160 1863 2228 quemadmodum
1910 2176 2018 2213 non
2067 2160 2172 2212 crit
2212 2174 2346 2211 ana—

770 2254 954 2305 thema
988 2251 1229 2319 populo?
1278 2251 1370 2304 Est
1413 2254 1561 2305 enim
1613 2254 1772 2321 pejus
1822 2268 1932 2305 non
1986 2252 2168 2305 facere
2216 2252 2340 2314 hoc,

772 2358 935 2412 quam
963 2344 1108 2411 quod
1136 2343 1437 2411 Gregorius
1463 2345 1554 2397 ille
1586 2359 1747 2412 quem
1780 2345 1912 2406 dixi,
1950 2344 2100 2397 fecit.
2129 2346 2345 2407 Quanto

772 2436 998 2489 facilius
1040 2446 1094 2489 ct
1142 2436 1319 2490 levius
1356 2438 1404 2489 id
1443 2438 1568 2490 mali
1610 2450 1767 2506 potes
1794 2438 2113 2505 corrigere?
2144 2439 2345 2506 alioqui

779 2540 1120 2597 utrumque,
1170 2530 1280 2582 into
1344 2531 1662 2599 quicunque
1714 2546 1820 2583 non
1873 2531 2259 2595 emendantur,
2316 2549 2346 2586 a

777 2623 1001 2677 Christo
1036 2623 1281 2690 p.iucipc
1320 2634 1601 2690 pastorum
1644 2625 1962 2692 punientur.
2001 2625 2143 2693 Ergo
2195 2635 2346 2691 post-

781 2731 945 2785 quam
990 2716 1091 2767 hoc
1128 2717 1450 2783 perfeceris.
1481 2719 1604 2769 vcni
1645 2720 1712 2770 ad
1764 2732 1885 2777 nos,
1921 2730 1980 2770 ut
2026 2718 2227 2771 litteris
2262 2733 2350 2771 ac-

778 2808 953 2874 ceptis
1000 2823 1029 2859 a
1088 2807 1248 2859 nobis
1302 2806 1636 2870 absolvaris,
1700 2819 1757 2861 et
1827 2809 2184 2862 canlirmatus
2258 2822 2353 2859 eas

781 2898 922 2951 bona
956 2898 1305 2950 conscientia
1338 2898 1401 2949 ad
1440 2914 1638 2951 munus
1663 2901 1936 2967 pastorale
1966 2899 2353 2952 administran-

780 2989 933 3040 dunt.
970 2989 1221 3052 Quautliu
1256 2990 1400 3041 enim
1443 3004 1551 3040 non
1582 2991 1860 3042 verebi-ris
1908 2990 2020 3042 haec
2070 3006 2189 3057 quae
2219 2988 2355 3042 facis

780 3082 984 3143 tacete,
1024 3098 1123 3133 nos
1156 3081 1405 3150 quidem,
1442 3091 1493 3134 te
1518 3097 1545 3133 a
1581 3082 1819 3135 direcese
1859 3090 1948 3133 tua
1981 3084 2232 3144 absente,
2273 3081 2350 3134 rei

782 3189 891 3225 non
948 3178 1155 3227 erimus
1214 3185 1319 3227 tute
1371 3175 1673 3227 vacationis
1726 3188 2029 3242 eorumque
2078 3174 2420 3268 malorumC

780 3279 899 3329 quze
932 3279 995 3315 cx
1031 3264 1279 3316 absentia
1333 3273 1389 3317 et
1440 3269 1723 3316 vacatione
1762 3266 1909 3316 nasci
1966 3278 2189 3316 necesse
2228 3275 2346 3326 est;

782 3372 959 3415 neque
1027 3372 1219 3407 eorum
1292 3358 1560 3409 Lonorqu
1631 3358 2069 3424 iuterceptores,
2131 3372 2253 3419 qua:
2303 3357 2346 3409 si

780 3450 1020 3502 adesa-5.
1054 3464 1217 3516 opere
1247 3456 1300 3500 et
1330 3463 1587 3500 sermone
1612 3449 1789 3500 facere
1824 3457 2043 3514 poteras
2077 3459 2132 3500 et
2184 3447 2348 3500 debe-

784 3540 899 3590 bas.
928 3539 1209 3591 (Ioue-edat
1238 3538 1333 3591 tibi
1373 3539 1701 3605 cunctisque
1732 3536 1989 3589 ﬁdelibus
2016 3536 2179 3597 Deus,
2204 3536 2349 3604 quod

781 3629 1128 3680 commodum
1158 3637 1262 3681 est.

1334 3762 1673 3817 EI’ISTOLA
1716 3765 1801 3817 ιγ.

943 3900 1263 3952 Athanasius
1297 3902 1603 3967 patriarcha
1655 3902 1892 3970 episcopo
1918 3903 2185 3971 Apamea.

854 4016 1165 4083 'l'ertiojazn
1214 4016 1278 4065 ad
1318 4024 1367 4067 te
1405 4017 1611 4076 scribo,
1644 4016 1716 4068 tui
1755 4016 1923 4069 frater
1968 4028 2021 4070 ct
2068 4018 2356 4071 commini-

785 4106 1391 4172 ster,quandoquidem
1440 4106 1583 4158 binis
1634 4107 1771 4159 meis
1818 4109 2012 4161 litteris
2056 4110 2353 4176 superiori-

787 4198 910 4258 bus,
943 4201 1163 4263 quasvad
1199 4205 1251 4247 te
1281 4196 1424 4256 misi,
1447 4212 1553 4247 non
1582 4198 1726 4247 stetit
1762 4202 1974 4249 vcrbum
2008 4198 2146 4250 velut
2186 4201 2238 4249 in
2262 4216 2351 4251 ore

784 4290 1008 4343 duorum
1046 4287 1276 4346 testium,
1313 4288 1457 4339 sicut
1486 4287 1559 4341 ait
1594 4286 1877 4355 Scriptura
1910 4299 2115 4342 sancta.
2157 4290 2353 4343 llorta.

788 4396 909 4430 mur
932 4388 1170 4445 (τεο-ιε,
1200 4380 1325 4443 quia
1352 4379 1455 4430 hoc
1479 4380 1569 4447 jus
1598 4382 1836 4447 postulat
1866 4390 1923 4433 ιιι
1947 4398 2067 4450 qua:
2094 4384 2351 4451 subrepta

786 4478 938 4524 sunt.
974 4469 1040 4519 iis
1087 4468 1290 4535 quibus
1342 4470 1602 4535 subrepta
1638 4484 1760 4523 esse
1802 4482 2021 4523 constat
2057 4475 2354 4526 restituan-

2442 594 2663 653 tamque
2712 588 2898 652 gravia
2945 588 3101 639 vobis
3147 588 3433 649 videntur,
3476 603 3599 657 age.
3655 588 3862 656 optime
3910 591 4009 647 vir,

2437 686 2732 731 contentus
2774 690 2896 733 esto
2935 692 3023 732 tua
3063 680 3294 735 ditecesi
3335 700 3349 745 ;
3402 697 3662 749 permane
3705 683 3759 734 in
3802 696 3898 744 ea;
3929 681 4010 733 fae

2437 786 2514 825 sts
2544 788 2666 826 cum
2712 772 2909 826 ovibus
2940 775 3049 828 tuis
3081 790 3258 841 usque
3290 775 3358 828 ad
3388 791 3710 839 sanguinem
3746 774 3855 828 illis
3896 773 4004 827 alii-

2440 878 2540 915 xus
2564 879 2577 923 ;
2604 880 2741 931 quas
2772 864 2996 933 quidem
3028 882 3177 919 nunc
3216 868 3269 919 in
3301 870 3577 937 myrtetis,
3610 869 3754 920 inter
3788 868 3922 920 licus
3955 877 4009 920 et

2442 970 2613 1013 rosas,
2654 967 2815 1024 atque
2850 958 2903 1009 in
2939 961 3425 1012 montibusdivina
3459 960 3805 1027 providentia
3825 956 4007 1014 casto-

2440 1049 2541 1099 dit.
2581 1048 2767 1117 Neque
2804 1052 2975 1111 enim,
3025 1055 3169 1117 quod
3198 1054 3571 1106 certissimum
3619 1065 3724 1113 est.
3770 1054 3913 1121 \irga
3955 1065 4011 1106 et

2442 1138 2636 1191 baculo
2683 1151 2774 1191 tuo
2827 1144 3086 1207 past0rali
3126 1142 3205 1197 lit.
3266 1154 3323 1194 ut
3358 1160 3407 1193 ιιι
3448 1145 3667 1209 pascuis
3711 1144 4011 1195 virentibus

2440 1232 2590 1299 pacis
2639 1244 2695 1285 ct
2747 1232 3015 1284 bonorum
3072 1236 3317 1289 celestis
3372 1234 3676 1288 Jerusalem
3747 1252 3822 1289 ea:
3882 1238 4007 1289 sint.

2442 1323 2560 1375 Scis
2591 1326 2760 1384 enim,
2789 1326 2881 1392 qui
2930 1327 3161 1393 amplius
3217 1343 3310 1379 sex
3364 1328 3647 1380 mensibus
3694 1343 3721 1379 a
3775 1328 4009 1379 dicet-ese

2442 1415 2743 1475 abfuerint,
2794 1415 2898 1467 nisi
2938 1432 3033 1468 eos
3065 1417 3249 1484 gravis
3292 1418 3519 1470 morbus
3550 1428 3753 1475 teneat.
3788 1418 4009 1469 eanoni-

2444 1505 2546 1559 bus
2592 1516 2649 1560 et
2718 1508 2933 1576 legibus
2984 1507 3259 1560 ﬁrmatum
3292 1524 3434 1567 esse.
3470 1519 3528 1561 ut
3565 1507 3930 1561 sacerdotium
3961 1516 4015 1557 et

2442 1615 2660 1669 gregem
2719 1601 3057 1652 amitterent.
3094 1597 3320 1657 Verum,
3367 1614 3568 1650 novum
3618 1595 3907 1650 consilium
3958 1604 4015 1647 et

2449 1694 2779 1745 sceleratum
2814 1693 2902 1744 hic
2933 1708 2961 1744 a
3001 1701 3205 1745 nostrze
3242 1694 3419 1745 a-tatis
3450 1691 3769 1743 hominibus
3800 1690 4017 1756 exc-igi—

2448 1794 2618 1837 tatum
2652 1792 2736 1837 est
2767 1801 2779 1834 :
2807 1784 3042 1843 scilicet.
3071 1784 3287 1836 mittitis
3316 1783 3559 1851 aliquem
3592 1784 3685 1849 qui
3718 1784 3856 1834 sciat
3878 1778 4013 1831 mul-

2444 1893 2573 1943 gere
2614 1891 2880 1944 gregem;
2932 1876 3037 1945 ipsi
3075 1892 3204 1929 vero
3251 1879 3303 1929 ιιι
3354 1878 3485 1929 urbe
3532 1874 4013 1942 ConstantinOpoli

2444 1976 2779 2037 exspectatis
2796 1980 3022 2036 propter
3047 1968 3307 2036 pra-fectu
3320 1984 3405 2021 ras
3425 1971 3636 2032 civiles,
3656 1967 4015 2036 subscriptio-

2446 2076 2566 2119 nes.
2600 2062 3012 2129 intempestivas
3031 2062 3409 2116 ordinationes
3434 2106 3448 2125 ,
3476 2062 3615 2115 adde
3647 2065 3810 2114 etiam
3839 2061 4017 2116 bullas

2446 2165 2501 2208 ct
2532 2157 2754 2208 decreta
2786 2175 2797 2208 :
2829 2165 2884 2209 et
2919 2166 3174 2223 tanquam
3210 2157 3432 2225 impune
3457 2159 3530 2209 sit
3557 2156 3713 2209 vobis
3744 2156 4015 2216 futurum.

2447 2248 2521 2300 ita
2557 2249 2747 2316 procul
2805 2265 2832 2301 a
2868 2248 3093 2301 dimccsi
3131 2248 3287 2301 vobis
3334 2249 3627 2303 commissa
3651 2247 3937 2308 rcceditis,
3966 2254 4027 2297 et

2447 2344 2550 2395 alia
2587 2343 2923 2411 hujusutodi,
2962 2344 3244 2413 utcuique
3284 2340 4025 2409 libet,contmittitis.Opor-

2450 2435 2601 2490 tebat
2635 2436 2841 2503 potius,
2891 2436 3109 2489 cunctis
3158 2437 3434 2504 episcopis
3484 2436 3724 2505 undique
3758 2437 3809 2488 ιιι
3850 2449 4021 2487 unum

2448 2529 2815 2596 congregatis,
2858 2543 3014 2581 suam
3057 2530 3259 2597 cuique
3287 2530 3579 2583 diascesem
3634 2527 3877 2581 funiculo
3910 2527 4027 2579 dis-

2451 2623 2768 2675 tributiouis
2838 2624 3263 2677 circumscribi.
3319 2631 3485 2691 atque
3546 2624 3617 2676 ita
3696 2624 4027 2690 patriarchae

2452 2726 2662 2783 partem
2695 2730 2848 2767 suant
2882 2731 2910 2766 a
2950 2715 3108 2767 vobis
3142 2718 3435 2782 assignari,
3488 2724 3579 2767 aut
3627 2729 3724 2767 vos
3780 2730 3807 2767 a
3848 2717 4027 2782 patri-

2453 2807 2620 2858 archa
2659 2808 2887 2874 privari.
2935 2804 2996 2858 Et
3046 2806 3179 2873 quid
3221 2807 3463 2873 prodest.
3500 2807 3775 2861 laborasse
3828 2822 3925 2860 vos
3971 2807 4028 2859 in

2452 2900 2743 2964 deligendo
2799 2914 2859 2952 ac
2907 2900 3301 2952 constituendo
3348 2900 3683 2967 patriarcha.
3716 2915 3780 2953 ac
3831 2911 4029 2968 postea

2454 2994 2718 3046 insultare
2751 3004 2805 3046 ct
2841 2992 3021 3044 efferri
3052 2994 3102 3044 in
3129 3008 3279 3054 eum.
3311 3003 3365 3047 et
3391 2995 3501 3046 vita
3532 2994 3645 3061 ipsa
3678 3004 3840 3064 atque
3865 2995 4031 3049 factis

2455 3086 2724 3137 irridere?
2754 3086 2923 3149 nulla,
2953 3101 3018 3137 ne
3046 3086 3111 3137 ad
3148 3086 3311 3139 breve
3344 3087 3566 3154 quidem
3588 3096 3828 3155 tempus,
3858 3102 4035 3138 cano-

2458 3195 2585 3229 num
2641 3188 2693 3228 et
2753 3177 2932 3245 legum
2986 3181 3198 3231 ratione
3248 3180 3475 3231 habita:
3509 3194 3670 3246 quem
3730 3181 3771 3232 si
3825 3180 4033 3233 vestris

2459 3267 2693 3320 fortasse
2742 3268 3068 3321 libulinibus
3126 3274 3391 3322 resistere
3444 3271 3707 3329 videatis.
3760 3279 4034 3323 continuo

2459 3364 2688 3412 crimina
2723 3362 2949 3425 fingitis,
2976 3373 3031 3413 ct
3059 3378 3182 3413 eum
3224 3378 3349 3414 cum
3397 3364 3615 3415 infamia
3649 3374 3814 3431 atque
3858 3364 4039 3418 dede-

2458 3466 2585 3503 core
2618 3453 2819 3520 ejicere
2856 3456 3206 3506 contenditis.
3242 3456 3319 3506 Ad
3352 3456 3484 3522 quid
3518 3471 3650 3508 vero
3677 3472 3900 3511 necesse
3922 3470 4036 3522 es',

2459 3545 2525 3595 ad
2559 3562 2708 3596 suam
2740 3561 3015 3614 quemque
3069 3547 3364 3601 dioecesem
3417 3548 3495 3601 ire
3545 3551 3842 3615 (propriam
3880 3551 4037 3607 dico.

2460 3650 2550 3691 aut
2576 3640 2677 3692 sibi
2706 3642 3166 3697 coutitteudatam)
3194 3643 3295 3693 nisi
3321 3657 3375 3695 ut
3410 3642 3567 3709 lupos
3602 3643 3728 3696 inde
3755 3646 3994 3697 arcentis
4018 3646 4044 3695 ?

2460 3730 2614 3795 Quod
2641 3732 2685 3783 si
2721 3732 2950 3784 fortasse
2987 3736 3091 3785 huc
3127 3748 3220 3784 vos
3253 3733 3444 3785 inc-tat
3479 3743 3532 3784 et
3565 3736 3729 3785 trahit
3767 3745 3877 3786 tum
3912 3747 4037 3788 stu-

2462 3829 2612 3880 dium
2662 3838 2829 3896 atque
2879 3829 3218 3880 desiderium
3251 3829 3574 3881 consulendi
3612 3830 3911 3880 multorum
3947 3847 4007 3881 sa

2461 3921 2587 3981 ltiti,
2644 3919 2806 3985 idque
2860 3921 3014 3972 vobis
3071 3924 3413 3988 propositum
3472 3932 3589 3981 cst;
3650 3924 4041 3976 tumscientia

2464 4020 2570 4061 tam
2605 4011 2771 4061 multa
2805 4020 2859 4059 ιιι
2896 4010 3023 4061 hinc
3062 4023 3305 4077 possuts.
3338 4024 3505 4063 etiam
3556 4029 3674 4079 qua:
3707 4024 3857 4068 extra
3893 4012 4043 4068 lines

2465 4112 2767 4153 vestrarum
2792 4104 3098 4154 tlimecseon
3153 4106 3325 4169 posita
3362 4113 3511 4164 sunt,
3564 4105 3919 4172 gubernare:
3967 4107 4044 4157 ad

2460 4193 2919 4260 exstinguendam
2974 4195 3121 4245 sitim
3158 4196 3296 4245 hanc
3335 4198 3610 4263 hujusque
3659 4197 3827 4249 studii
3874 4199 4050 4249 ardo—

2464 4300 2600 4347 rem,
2645 4290 2831 4338 veniat
2868 4286 2922 4338 itt
2966 4296 3203 4337 mentem
3242 4288 3389 4339 illius
3420 4289 3508 4339 cui
3552 4287 3784 4353 plurima
3819 4300 4053 4341 sancta-

2464 4389 2582 4424 rum
2616 4374 2927 4427 litteraruut
2961 4376 3187 4427 scientia
3221 4375 4055 4445 Theologicoguomcutumde-

2466 4466 2565 4523 dit,
2603 4466 2863 4533 illiusque
2900 4482 3080 4534 parra:
3114 4467 3457 4521 Sozimoruni
3500 4470 3839 4533 diceeeseos;
3878 4472 3955 4524 ita
3986 4487 4053 4527 ut

787 4571 875 4611 tur
904 4578 914 4611 :
957 4570 1011 4610 ut
1044 4576 1167 4611 cum
1213 4561 1463 4611 restituta
1500 4560 1724 4624 fuerint,
1779 4561 1893 4630 ipsc
1923 4563 2220 4616 Ecclesiaut
2259 4564 2354 4617 tibi
2388 4565 2437 4624 D
2470 4557 2551 4609 Vel
2582 4569 2805 4625 Pl’OPU-‘f
2838 4562 3202 4612 “‘ernliam
3250 4561 3396 4613 '"llﬂ
3427 4564 3753 4615 ειυευωιιίε
3791 4565 3918 4627 τίτί,
3957 4568 4052 4617 "cl

786 4652 1221 4703 cmmnendatam
1274 4652 1425 4704 adire
1480 4655 1675 4718 possis,
1717 4669 1957 4721 eumque
2010 4656 2284 4708 honorare
2330 4670 2359 4707 a

786 4760 894 4810 quo
926 4753 1120 4795 cuneta
1150 4753 1277 4796 sunt
1315 4744 1385 4795 ita
1422 4745 1583 4811 justis
1616 4759 1670 4797 et
1701 4745 1948 4798 mirificis
1974 4748 2149 4799 modis
2178 4747 2361 4814 dispo-

789 4837 892 4887 sita
930 4844 1093 4903 atque
1123 4835 1419 4888 distributa
1450 4846 1509 4889 ut
1551 4838 1634 4890 vel
1670 4853 1833 4906 grues
1874 4853 1973 4891 suo
2003 4848 2248 4904 tempore
2269 4854 2359 4891 ca-

790 4934 943 4985 nant,
984 4942 1162 4992 neque
1195 4928 1306 4978 sint
1343 4928 1492 4979 omni
1540 4938 1791 4994 tempore
1842 4942 2020 4994 neque
2051 4928 2200 4979 omni
2236 4930 2359 4981 loco

790 5018 1017 5084 graculi.
1052 5018 1163 5086 Ego
1192 5034 1322 5071 vero
1351 5020 1439 5072 Cui
1489 5036 1619 5089 grex
1659 5019 1865 5073 Christi
1900 5020 2228 5072 commissus
2253 5030 2359 5081 est,

790 5111 833 5161 si
883 5109 1203 5174 dignitatem
1259 5111 1504 5163 muneris
1543 5111 1713 5173 norit,
1767 5112 2016 5178 iniquum
2061 5126 2182 5164 esse
2214 5112 2361 5164 arbi-

794 5213 929 5263 tror,
974 5217 1081 5254 non
1132 5218 1304 5270 usque
1334 5204 1399 5255 ad
1432 5203 1754 5271 sanguinem
1788 5202 2007 5255 assidue
2043 5202 2093 5254 ei
2135 5202 2359 5256 studere

792 5303 848 5344 et
880 5294 1222 5346 incumbere.
1250 5293 1359 5347 Nisi
1403 5294 1545 5348 forte
1580 5295 1845 5361 ignoratis
1877 5295 2046 5347 Deum
2083 5310 2225 5357 esse,
2264 5294 2358 5363 qui

792 5384 992 5437 dixerit
1019 5402 1031 5437 :
1066 5384 1244 5447 Petre,
1278 5401 1426 5436 amas
1458 5384 1576 5438 me?
1602 5400 1760 5452 pasce
1795 5400 1909 5435 oves
1930 5400 2095 5436 ineas.
2122 5383 2250 5446 Sed,
2276 5384 2361 5437 hei

795 5477 962 5527 mihi!
1000 5492 1105 5529 non
1141 5478 1251 5546 jam
1298 5486 1543 5545 pastores
1576 5493 1708 5530 oves
1736 5488 1989 5544 pascunt,
2030 5478 2125 5529 sed
2167 5478 2365 5529 ovibus

797 5583 1053 5635 tauquam
1084 5585 1220 5634 pane
1254 5581 1572 5637 pascuntur.
1618 5569 1734 5623 lam
1772 5569 2061 5621 horribilia
2092 5568 2184 5621 illa
2222 5569 2364 5621 mala

800 5662 1063 5711 titulorum
1092 5670 1394 5727 pastorum,
1426 5677 1544 5730 qua:
1581 5660 1843 5730 propheta
1878 5659 2124 5713 Ezechiel
2158 5660 2363 5713 descri-

874 5844 1098 5896 "Jiau.
1169 5862 1221 5910 Χ,
1287 5846 1367 5899 ιὲἶ.

2469 4660 2693 4719 propter
2746 4653 3119 4719 aqualiutem
3181 4654 3409 4707 honoris
3461 4670 3571 4723 quo
3624 4658 3873 4709 contenti
3916 4674 4055 4712 esse

2467 4740 2705 4806 debetis,
2755 4745 2987 4810 quisque
3026 4752 3271 4796 vestrum
3317 4745 3457 4797 intra
3488 4762 3621 4799 suos
3654 4762 3710 4799 se
3744 4748 3877 4800 ftues
3911 4762 4057 4799 eoi:-

2469 4834 2659 4888 tineat.
2697 4833 3067 4899 Quamobrem
3119 4837 3399 4897 existima,
3436 4837 3625 4891 frater.
3676 4837 3865 4889 deberi
3911 4853 3939 4889 a
3993 4850 4056 4889 te

2471 4923 2574 4977 hoc
2602 4940 2772 4992 usque
2814 4924 2882 4977 ad
2923 4925 3276 4993 sanguinem,
3314 4935 3375 4979 ut
3410 4943 3532 4979 cum
3581 4930 3779 4980 ovibus
3811 4928 3915 4980 tuis
3969 4932 4060 4983 sis

2468 5024 2521 5065 et
2558 5015 2725 5066 vivas.
2761 5013 2871 5066 lloc
2898 5013 3042 5067 idem
3077 5018 3292 5068 caeteris
3317 5018 3595 5083 episwpis
3623 5019 3864 5069 studium
3895 5029 4056 5078 estu,

2469 5107 2603 5174 ipsis
2655 5106 2878 5174 quidem
2910 5116 2966 5159 et
3003 5123 3195 5160 eorum
3246 5110 3508 5178 gregibus
3557 5111 3815 5163 salutare.
3852 5111 4061 5179 Neque

2468 5199 2637 5256 enim,
2691 5197 2794 5249 hoc
2845 5198 3146 5264 prasertitn
3186 5212 3457 5275 tempore,
3494 5202 3763 5269 supplicia
3813 5199 4059 5269 eﬂ‘ugiet

2469 5301 2655 5357 pastor
2686 5289 2780 5356 qui
2826 5304 2952 5342 cum
3001 5304 3164 5358 grege
3205 5291 3590 5349 nunlaborat;
3630 5293 3683 5344 in
3713 5308 3875 5361 quem
3913 5309 4058 5361 pro-

2470 5382 2613 5434 fecto
2658 5383 2951 5434 conveniat
2993 5382 3141 5450 quod
3178 5382 3443 5436 Dominus
3490 5384 3613 5437 ait;
3654 5383 3800 5435 Videt
3856 5384 4061 5451 lupum

2463 5476 2779 5535 venientem,
2815 5482 2864 5525 et
2898 5473 3152 5541 "(inquit
3185 5492 3325 5538 oves,
3356 5488 3402 5528 et
3436 5476 3597 5545 (agit,
3630 5489 3677 5528 et
3706 5478 3859 5545 lupus
3899 5483 4061 5547 rapit

2466 5583 2555 5621 eat
2585 5566 2650 5630 ",
2700 5581 2823 5635 qua:
2852 5566 2946 5634 qui
2982 5568 3295 5630 nonaudit,
3334 5570 3623 5623 sententiae
3649 5571 3815 5638 hujus
3846 5583 4060 5624 aucto-

2468 5674 2581 5713 rem
2619 5658 2946 5713 contemnit.
2979 5656 3195 5713 Etenitn
3230 5660 3335 5715 nisi
3366 5661 3471 5715 hoc
3502 5661 3615 5725 ﬁat,
3650 5676 3917 5730 quorsum
3946 5664 4061 5715 istc
