4220 6444
193 431 287 490 5Ξὶ

1611 421 2012 481 EPISTULE.
3320 417 3423 480 522

196 555 379 594 “5:”-
428 549 760 601 conventus;
816 537 945 606 quid
996 535 1266 589 commodi
1323 536 1530 589 all‘ert?
1571 547 1662 588 aut
1715 536 1758 586 si
1792 570 1832 624 Α
1865 545 2096 583 numero
2150 532 2506 597 i-epeiiauuir,
2542 544 2679 597 quos
2715 530 2855 582 Deus
2899 531 3118 584 occulto
3149 545 3249 584 suo
3275 533 3426 600 juti-

194 635 325 700 quid
363 634 490 685 boui
524 636 609 685 hic,
641 632 827 698 agitis,
861 629 1048 684 dicite.
1089 628 1202 695 Ego
1229 629 1400 688 enim,
1431 629 1532 681 nisi
1577 644 1760 680 sacer-

195 729 349 778 dotio
381 728 556 779 labem
610 732 922 791 aspergeret
970 724 1171 780 oratio,
1207 722 1375 774 multa
1411 721 1764 772 demonstra-

197 835 310 869 iem
352 818 607 869 indecora
643 825 697 867 et
727 813 792 865 ab
827 811 1080 864 Ecclesia:
1134 811 1531 862 constitutione
1561 810 1760 869 aliena,

193 923 320 974 quae
365 923 426 958 ex
485 907 586 957 isto
618 916 800 958 \estro
836 903 886 956 iu
920 902 1060 954 hanc
1097 903 1285 954 urbem
1334 908 1607 954 conventu
1641 914 1761 965 pro-

195 999 548 1050 ﬁciscuntur.

764 1081 1103 1137 EPISTOLA
1150 1083 1209 1136 ν.

266 1180 593 1234 Athanasius
654 1176 957 1245 patriarcha
1029 1173 1689 1245 Constantinoiioliianus,

341 1251 596 1317 episcopis
627 1242 694 1298 ait
721 1248 960 1298 diwceses
1001 1261 1124 1296 suus
1159 1242 1620 1312 proﬁciscentibus.

269 1365 323 1416 Si
364 1363 493 1430 quid
541 1373 621 1414 est
669 1360 816 1412 aliud
857 1373 1247 1416 necessarium,
1285 1357 1449 1423 idque
1485 1356 1763 1417 Omnibus,

195 1457 433 1508 maxime
468 1464 572 1514 cst,
609 1453 804 1504 fratres
836 1461 889 1501 et
925 1460 1298 1516 cuinpastores
1337 1449 1464 1509 mci,
1517 1464 1766 1498 necessa—

197 1548 341 1595 rinin
382 1545 680 1609 lll‘ilfSCl'lllll
723 1542 997 1608 magistris
1029 1539 1307 1599 Ecclesiae,
1341 1549 1585 1590 sanctam
1614 1537 1765 1591 Scri-

197 1649 412 1703 pturam
437 1617 695 1689 revereri.
714 1643 1044 1692 nictnere,ct
1063 1632 1308 1698 diligenti
1334 1634 1764 1696 perscrutatione

192 1733 549 1786 examinare;
595 1736 756 1792 atque
786 1725 850 1774 ad
886 1723 1214 1792 perﬁcienda
1273 1737 1391 1788 quae
1422 1722 1471 1771 in
1503 1737 1566 1772 ea
1611 1735 1765 1770 tuan—

194 1820 320 1869 data
379 1829 542 1876 sunt,
583 1829 867 1885 promptos
917 1815 1312 1882 espeditosque
1365 1829 1486 1864 csse
1537 1824 1767 1864 cunctos

1865 621 1972 682 cio,
2021 619 2166 689 quod
2219 620 2322 688 ipsi
2374 633 2563 674 notum
2596 631 2698 684 est,
2728 621 2794 672 ad
2828 623 3130 674 vocandum
3169 623 3429 675 invitatus

1866 713 2080 766 miserit
2108 729 2119 774 ;
2149 713 2377 765 obsecro
2397 723 2453 765 et
2480 714 2745 776 obtestor,
2774 730 2840 766 ne
2865 713 3277 777 obliviscamur,
3298 730 3433 767 neve

1861 805 2011 871 jus-a
2059 804 2424 871 mandataque
2467 805 2585 872 ejus
2636 807 2730 873 qui
2783 805 2935 858 misit
2992 806 3314 872 abjiciamus
3369 822 3433 860 ac

1869 892 2223 960 ncgligatntts,
2257 893 2399 946 sicut
2441 893 2476 945 ii
2532 896 2623 962 qui
2654 900 2819 948 corda
2872 896 3077 948 habent
3121 899 3342 965 crapula
3373 909 3431 949 ct

1866 984 2332 1037 sollicitudinibus
2380 987 2570 1039 mundi
2621 1000 2842 1056 gravata
2891 1001 2946 1041 et
2995 993 3276 1057 depressa.
3325 992 3430 1056 Qui

1868 1075 2086 1138 quidem
2124 1076 2351 1142 vigilare
2403 1088 2460 1130 et
2503 1094 2663 1132 orare
2710 1081 2848 1147 jussi
2903 1097 3112 1142 smnus,
3171 1092 3427 1149 tauquam

1870 1178 1974 1213 non
2015 1164 2172 1216 aliter
2200 1167 2384 1217 l'utura
2415 1179 2682 1222 tormenta
2725 1170 2894 1222 vitare
2926 1173 3216 1237 possimus,
3253 1188 3430 1241 neque

1868 1255 2229 1309 alitercoram
2262 1258 2374 1310 Deo
2403 1260 2521 1311 sisti
2551 1261 2894 1325 innocentes,
2927 1266 3203 1318 ostensuri
3225 1278 3432 1329 ntroin,

1871 1348 2013 1400 inuis
2047 1347 2192 1402 datis
2224 1352 2288 1402 ad
2327 1367 2572 1403 mensam
2609 1356 2863 1421 negotiali
2908 1357 3195 1419 fuerimus,
3229 1374 3294 1411 an
3333 1377 3431 1427 po-

1870 1428 1979 1493 tius
2027 1443 2080 1493 in
2129 1443 2302 1496 fundo
2351 1455 2516 1511 atque
2569 1448 2792 1499 sudario
2841 1450 3322 1512 occultaverimus,
3377 1464 3436 1505 ut

1869 1532 2091 1598 quidam
2125 1548 2236 1600 prie
2269 1537 2510 1602 nequitia
2537 1548 2592 1590 et
2629 1538 2936 1605 ignorantia
2970 1541 3164 1594 fecisse
3191 1549 3430 1597 accusati

1870 1630 2021 1673 sunt.
2056 1623 2366 1680 Horribiles
2395 1629 2640 1694 profecto
2671 1642 2798 1683 sunt
2846 1632 3006 1685 ininie
3039 1635 3199 1686 nobis
3250 1646 3405 1703 pasto

1872 1713 2026 1765 ribus
2055 1719 2374 1783 pr0positie,
2411 1720 2514 1773 nisi
2554 1723 3001 1790 vigilaverimns:
3044 1727 3248 1793 quibus
3281 1745 3431 1780 inan-

1836 1865 1842 1882 ν
1871 1805 2056 1857 datum
2091 1809 2553 1878 commissumque
2591 1823 2699 1876 est,
2737 1817 2950 1868 tradere
2981 1821 3285 1878 conservis.
3317 1832 3429 1872 tum

194 1915 568 1974 (Lurisiiauos,
605 1911 707 1961 nisi
741 1925 966 1976 prorsus
996 1907 1307 1971 insaniant;
1337 1906 1600 1958 Dominus
1621 1920 1766 1958 enim
1803 1902 1840 1953 Β
1871 1896 2041 1947 Verbo
2091 1906 2206 1950 ιυῐη
2241 1899 2421 1965 [δαῖεν
2457 1918 2582 1956 γεω
2619 1904 2871 1973 doglllala
2920 1917 2977 1958 et
3020 1911 3144 1960 Vittc
3181 1912 3435 1977 perfecta:

193 2015 277 2056 est
305 2005 399 2069 qui
443 2004 698 2053 hortatur
735 1999 1065 2068 perscrutari
1095 1998 1444 2066 Scripturas;
1482 2006 1532 2048 ct
1564 2013 1627 2047 ex
1661 1995 1762 2056 eis,

197 2105 310 2148 tuin
355 2096 656 2161 prii-terim,
688 2103 801 2142 tuin
839 2093 1098 2157 pleraque
1149 2090 1201 2142 in
1261 2098 1543 2157 posterum
1583 2087 1765 2140 futura

194 2188 416 2240 discere
449 2195 505 2238 et
550 2187 768 2237 dUCt‘lt‘.
807 2184 958 2235 lJnde
989 2181 1182 2234 salutis
1209 2196 1326 2233 sua:
1369 2180 1583 2248 cupidis
1621 2196 1764 2231 sein-

196 2296 293 2347 per
324 2280 570 2332 studium
623 2277 725 2329 ruit
760 2277 957 2328 Mosem
989 2285 1044 2328 et
1077 2275 1373 2342 prophetas
1399 2273 1611 2325 audire.
1635 2271 1767 2325 Ver-

197 2373 327 2423 bum
363 2373 512 2422 cuiin
560 2371 764 2436 iudicat
799 2384 917 2429 nos,
951 2379 1008 2420 ut
1041 2368 1085 2422 is
1121 2369 1213 2434 qui
1261 2366 1483 2419 mentiri
1507 2378 1632 2419 'nou
1675 2381 1768 2433 po-

199 2470 306 2513 test
373 2461 586 2512 docuit.
652 2459 830 2523 Quarc
905 2460 1084 2512 onmis
1151 2458 1430 2526 Scriptura
1503 2457 1770 2510 divinitus

196 2553 468 2619 inspirata
520 2552 777 2603 salutaris
829 2561 882 2603 et
934 2551 1084 2601 utilis
1125 2562 1210 2604 est
1243 2550 1308 2602 ad
1345 2552 1766 2602 examinandum

195 2647 347 2711 quod
377 2644 719 2696 conveniens
747 2651 831 2693 est
874 2653 929 2694 ct
967 2643 1280 2705 honestum,
1317 2651 1371 2693 et
1406 2643 1468 2693 ad
1505 2642 1768 2694 erudien-

198 2735 331 2785 dum
374 2744 539 2802 atque
577 2732 993 2802 corrigendum.
1029 2730 1208 2795 Utilis,
1244 2735 1491 2799 inquam,
1533 2749 1642 2784 non
1675 2749 1764 2785 so.

197 2827 310 2878 lum
365 2825 432 2877 iis
484 2824 576 2892 qui
629 2817 867 2892 turpiter'
913 2825 1126 2886 vivunt,
1162 2823 1256 2876 sed
1314 2825 1487 2892 magis
1529 2825 1614 2884 iis,
1675 2825 1767 2892 qui

195 2917 385 2969 Subrie
436 2925 492 2967 et
539 2915 936 2975 continenter;
981 2915 1047 2967 iis
1083 2929 1212 2966 vero
1261 2914 1354 2982 qui
1392 2916 1647 2982 pastorali
1686 2919 1769 2966 di-

197 3009 415 3075 gnitate
465 3015 522 3057 et
573 3006 740 3073 gradu
805 3006 1172 3074 qualicunque
1230 3007 1438 3073 praediti
1491 3018 1543 3058 et
1588 3009 1766 3059 ornati

198 3111 327 3151 sunt
349 3140 364 3161 ,
397 3108 482 3151 est
515 3099 630 3165 ipsa
663 3100 770 3151 vita
805 3108 1030 3158 aeterna,
1073 3110 1128 3153 et
1154 3100 1380 3153 lucerna
1414 3101 1644 3168 pedibus
1676 3116 1769 3152 eo-

201 3205 350 3252 rum,
383 3189 582 3256 viaque
612 3190 921 3242 certissima
955 3193 1020 3241 ad
1063 3190 1344 3242 faciendas
1374 3190 1464 3241 Dei
1501 3191 1762 3257 justitias.

202 3280 275 3332 Ex
303 3295 370 3331 ea
407 3280 555 3332 enim
588 3282 878 3342 discimus,
919 3296 1017 3348 per
1046 3297 1209 3348 quem
1247 3292 1299 3332 et
1333 3298 1362 3332 a
1397 3297 1506 3348 quo
1540 3282 1687 3342 facti,
1715 3293 1769 3334 ct

193 3371 259 3424 ad
305 3388 474 3438 quem
536 3371 825 3422 tendamus
870 3389 881 3422 :
934 3373 1136 3440 quibus
1186 3373 1407 3439 quidem
1463 3374 1768 3442 injunctnin

191 3474 276 3517 est
312 3477 521 3515 munus
559 3462 830 3526 docendi;
863 3473 919 3515 et
944 3480 1049 3515 non
1093 3473 1397 3532 utcunque,
1431 3465 1523 3516 sed
1557 3468 1626 3517 ita
1674 3481 1768 3532 pa-

193 3553 413 3613 scendi,
439 3561 501 3602 ut
529 3568 654 3604 eum
689 3554 780 3620 qui
809 3568 1032 3619 pascere
1061 3554 1211 3606 dedit
1232 3555 1473 3606 ViClSallll
1499 3569 1767 3615 amemus,

191 3643 436 3696 scientes
462 3642 588 3710 quis
622 3651 702 3694 est
742 3645 833 3708 qui
871 3645 1041 3707 venit,
1070 3655 1122 3697 et
1160 3646 1356 3698 iterum
1396 3657 1661 3698 venturus
1685 3655 1770 3699 est

191 3733 260 3786 ad
287 3733 657 3801 judicandum
685 3735 839 3787 vivos
868 3747 920 3788 et
950 3749 1236 3789 mortuos:
1267 3748 1321 3789 et
1350 3739 1583 3790 scientes
1621 3739 1766 3806 qucd

192 3833 446 3888 pastores
485 3825 576 3890 qui
634 3825 726 3876 Dei
776 3840 1071 3893 przeccpia,
1117 3829 1198 3881 vel
1249 3841 1474 3896 propter
1514 3845 1770 3883 reveren-

193 3916 323 3968 tiam
369 3925 424 3967 et
478 3925 681 3967 metum
715 3918 795 3968 vel
828 3928 1052 3986 propter
1082 3919 1403 3972 charitatem
1434 3922 1619 3973 animo
1651 3939 1770 3974 ser-

191 4010 399 4070 variut,
430 4008 501 4060 ad
552 4009 835 4060 dexteram
889 4012 1051 4077 positi
1109 4012 1422 4065 incredibili
1476 4016 1768 4079 splendore

190 4101 533 4169 fulgebunt:
574 4101 664 4166 qui
719 4117 848 4152 \‘ero
892 4118 1000 4154 non
1054 4106 1351 4164 servarint,
1391 4107 1456 4158 ad
1486 4108 1768 4160 sinistram

190 4200 361 4242 erunt
393 4191 462 4242 ad
515 4205 678 4241 omne
714 4205 890 4258 genus
931 4193 1282 4248 cruciatuum
1333 4195 1574 4247 damnati
1621 4211 1632 4246 :
1689 4206 1764 4260 et,

190 4281 341 4348 quod
374 4288 463 4332 est
500 4280 750 4335 omnium
788 4280 1355 4335 intolerabihssiumm
1405 4293 1570 4352 atque
1619 4300 1769 4338 acer-

194 4374 515 4434 bissimum,
551 4371 742 4438 procul
780 4388 808 4423 a
841 4381 1136 4439 conspectu
1175 4373 1266 4425 Dei
1313 4375 1498 4442 ejecii,
1540 4385 1596 4428 et
1643 4391 1768 4443 per-

197 4476 366 4534 petuo
419 4463 778 4517 conscientia:
831 4480 1014 4517 morsu
1057 4466 1356 4532 exagitati;
1397 4483 1586 4520 rursus
1636 4484 1769 4520 vero

1871 2000 2151 2052 normam;
2183 1999 2296 2042 tum
2329 2008 2624 2060 reposcere
2660 2001 2928 2050 rationein
2963 2018 3285 2069 progressus
3319 2009 3435 2073 spi-

1872 2078 2428 2151 ritualis,vigilanter
2476 2088 2605 2141 tuba
2641 2075 2859 2150 canere,
2890 2109 2957 2145 ne
3002 2098 3278 2163 romplima
3320 2104 3435 2153 ani-

1873 2187 2014 2223 mam
2045 2175 2280 2243 alicujus
2315 2180 2604 2248 corripiat,
2627 2183 2834 2251 alioqui
2862 2201 2926 2237 ex
2949 2191 3203 2245 manibus
3236 2197 3438 2248 nostris

1873 2269 2251 2331 repetendam,
2293 2274 2532 2340 denique
2565 2274 2908 2330 incessanter
2964 2283 3258 2350 explanare
3313 2304 3436 2354 qua:

1872 2357 1944 2407 sit
1984 2357 2075 2410 Dei
2113 2361 2407 2414 voluntas:
2440 2377 2494 2415 et
2529 2380 2653 2417 cum
2694 2369 2823 2422 olim
2855 2371 2920 2422 ad
2960 2373 3062 2426 hoc
3105 2390 3243 2442 opus
3276 2381 3434 2434 multi

1873 2449 2022 2500 missi
2055 2449 2282 2512 fuerint,
2340 2469 2587 2508 nostrum
2624 2468 2709 2510 est
2744 2461 2940 2516 timere
2989 2479 3056 2517 ne
3112 2465 3164 2517 in
3215 2468 3431 2524 labores

1871 2555 2058 2593 eorum
2093 2543 2347 2610 ingressi,
2379 2562 2566 2614 paruas
2592 2548 2784 2602 demus
2808 2553 2852 2606 si
2887 2554 3068 2607 minus
3102 2557 3433 2615 laboremus.

1870 2632 2048 2696 Quod,
2081 2637 2288 2687 utinam
2327 2652 2391 2689 ne
2425 2639 2584 2693 nobis
2611 2645 2828 2696 eveniat
2853 2647 3058 2712 quibus
3079 2648 3276 2703 donata
3302 2666 3436 2708 sunt

1873 2741 1980 2778 non
2042 2729 2220 2780 solum
2257 2746 2378 2796 qum
2413 2733 2554 2800 typis
2587 2743 2641 2787 et
2673 2736 2936 2804 symbolis
2965 2740 3247 2809 designata
3282 2756 3435 2809 sunt,

1873 2834 2102 2886 qua-que
2123 2822 2401 2888 prophetae
2419 2826 2729 2894 atqiiejusti
2747 2833 3121 2898 expetierunt,
3145 2837 3239 2890 sed
3265 2841 3431 2893 etiam

1873 2913 2060 2978 gratia:
2087 2915 2498 2982 dispensatores
2517 2917 2646 2970 facti
2672 2933 2882 2974 sumus.
2903 2921 3081 2987 Quare
3111 2928 3214 2980 nisi
3239 2943 3434 2998 aperto

1875 3003 2054 3069 capite
2084 3022 2319 3059 munera
2364 3008 2480 3072 Dei,
2506 3024 2627 3075 qua:
2656 3025 2833 3078 neque
2865 3015 3112 3070 oratione
3147 3026 3440 3092 consequi.

1874 3111 2050 3162 neque
2079 3107 2263 3151 mente
2296 3100 2766 3167 comprehendere
2819 3103 2964 3166 licet,
2999 3119 3266 3175 perpetuo
3301 3130 3442 3181 prae-

1873 3183 2267 3250 dicaverimus,
2297 3190 2614 3259 quicunque
2670 3193 2988 3262 hujusmodi
3038 3200 3306 3266 dignitate
3347 3223 3444 3272 pa-

1871 3281 2056 3330 storali
2113 3282 2320 3347 praediti
2373 3298 2590 3341 sumus,
2625 3285 2768 3338 haud
2805 3288 2970 3342 dubie
3010 3291 3064 3343 in
3110 3310 3305 3348 manus
3341 3299 3439 3351 Dei

1874 3371 2220 3425 incidemus:
2259 3375 2392 3438 nisi,
2442 3377 2691 3444 inquam,
2725 3381 3212 3447 pradicaveriinus
3245 3407 3440 3456 quein~

1871 3465 2163 3515 admodum
2206 3480 2270 3517 ex
2323 3466 2501 3519 nihilo
2531 3481 2729 3523 cuncta
2807 3471 2948 3528 Deus
2979 3476 3248 3545 effecerit,
3276 3499 3440 3550 quam

1871 3556 2216 3609 admirabilia
2251 3557 2521 3611 exsistant
2551 3577 2616 3613 ex
2646 3566 2796 3616 omni
2855 3575 3008 3632 parte
3061 3577 3441 3630 universitatis

1873 3663 2054 3700 rerum
2104 3651 2154 3700 in
2190 3649 2467 3703 hominem
2507 3653 2794 3718 beneﬁcia,
2823 3673 2946 3725 qua:
2986 3663 3142 3715 nobis
3173 3672 3445 3731 promissa

1872 3743 1914 3791 si
1967 3742 2220 3794 mandata
2274 3743 2367 3796 Dei
2405 3743 2834 3813 perfecerinius;
2872 3767 2996 3819 quae
3043 3771 3234 3812 rursus
3280 3763 3443 3816 minas

1873 3833 2266 3898 suppliciorum
2306 3838 2603 3904 proposita:
2655 3841 2702 3892 si
2755 3857 2862 3895 non
2911 3846 3342 3916 perfecerimiis;
3387 3867 3444 3908 ct

1873 3926 1972 3974 nisi
2013 3928 2494 3992 pnedieaverimus
2525 3931 2672 3998 quod
2703 3935 2796 4000 qui
2823 3940 2960 3991 male
2990 3942 3269 4009 vixerunt,
3300 3948 3442 4000 irato

1871 4017 1979 4068 Deo
2027 4020 2094 4070 ab
2150 4020 2251 4071 hac
2300 4031 2406 4074 Vita
2456 4027 2732 4088 recedent.
2762 4030 2987 4084 demum
3027 4047 3216 4098 pinnas
3258 4038 3440 4092 daturi

1872 4118 2254 4174 sempiternas.
2311 4113 2577 4168 l’rzeterea
2620 4128 2873 4185 repetere
2923 4138 3085 4177 voces
3136 4132 3440 4196 pr0plieia-

1874 4215 2017 4261 rum,
2048 4217 2182 4267 quas
2229 4203 2308 4254 illi
2357 4205 2420 4254 ad
2476 4209 2844 4263 revocandum
2879 4230 2907 4264 a
2955 4217 3104 4269 vitiis
3153 4220 3435 4275 hominum

1871 4289 2041 4356 genus
2089 4293 2513 4350 adhibuerunt:
2568 4299 2697 4350 item
2752 4316 3191 4360 commemorare
3238 4312 3442 4365 adven-

1873 4389 1985 4431 tum
2017 4380 2254 4445 Domini,
2284 4393 2342 4436 et
2377 4387 2515 4438 bona
2556 4387 2682 4441 inde
2727 4391 2971 4457 profecta
3003 4411 3017 4447 ε
3056 4406 3169 4450 tum
3205 4414 3438 4456 mortem

1872 4472 2214 4538 probrosam,
2285 4477 2627 4543 sepulturam
2679 4491 2733 4532 et
2797 4484 3037 4538 reditum
3108 4489 3174 4542 ad
3244 4496 3436 4557 vitam,

195 4560 290 4628 qui
329 4571 562 4611 munere
596 4557 853 4624 pastorali
892 4570 1036 4611 recte
1065 4560 1311 4613 defuncti
1353 4561 1557 4613 fuerint
1585 4577 1766 4614 coram
1803 4569 1847 4623 υ
1876 4575 2166 4614 ascensum
2219 4565 2284 4616 ad
2337 4569 2506 4620 caelos
2531 4609 2546 4630 ,
2607 4571 2927 4627 missionem
2977 4578 3214 4646 Spiritus
3265 4588 3442 4639 sancti

196 4653 414 4721 angelis
451 4661 510 4704 et
553 4651 872 4702 hominibus
917 4651 1306 4713 laudabuntur,
1345 4662 1531 4719 utpote
1583 4652 1764 4719 probi,

200 4742 393 4793 ﬁdeles
453 4748 513 4792 et
566 4739 870 4808 prudentes
904 4749 1088 4807 .atque
1121 4741 1283 4807 grati,
1335 4744 1537 4808 quique
1591 4743 1667 4794 sal
1714 4751 1766 4792 et

198 4833 386 4885 lumen
419 4831 632 4883 fuerint
684 4829 1022 4892 hominibus,
1060 4833 1197 4882 nihil
1247 4832 1390 4897 quod
1431 4833 1566 4884 utile
1602 4841 1765 4898 atque

196 4926 554 4978 commodum
585 4936 734 4977 esset
765 4928 1242 4992 prazterinittenies
1276 4945 1287 4977 :
1320 4927 1410 4990 qui
1445 4943 1549 4978 non
1582 4927 1766 4978 verbis

197 5021 400 5077 solum,
435 5015 534 5068 sed
578 5016 738 5069 factis
765 5027 821 5068 et
850 5018 1086 5070 virtutes
1151 5018 1512 5080 tradiderunt,
1553 5030 1606 5070 et
1637 5021 1764 5071 vitia

197 5110 553 5175 expulerunt,
592 5107 810 5159 cunctis
839 5111 1216 5176 principientes
1248 5121 1308 5162 ut
1361 5112 1701 5164 declinarent
1733 5129 1761 5164 a

199 5208 340 5253 man
369 5211 423 5253 et
460 5200 704 5251 facerent
746 5197 971 5252 bonum.
1019 5201 1094 5252 Ad
1139 5202 1283 5269 quod
1314 5204 1531 5271 quidem
1565 5205 1764 5276 bonus

200 5290 343 5343 Deus
371 5289 546 5356 legem
577 5305 684 5340 non
715 5290 976 5357 scriptam
1004 5300 1213 5344 natura:
1251 5292 1536 5359 insculpsit
1562 5297 1760 5361 gratis:

196 5381 398 5432 deinde
431 5392 625 5431 servos
661 5378 883 5428 mittere
915 5394 1020 5430 non
1054 5379 1288 5439 destitit,
1321 5384 1412 5448 qui
1441 5386 1760 5437 nuntiarent

199 5470 286 5521 Dei
329 5469 674 5518 voluntatem
713 5482 819 5519 nou
857 5468 1029 5520 solum
1081 5470 1327 5522 invitatis
1354 5473 1419 5523 ad
1456 5489 1668 5526 cuinam
1705 5486 1760 5527 et

200 5560 439 5625 nuptias,
475 5557 569 5608 sed
608 5557 672 5608 iis
703 5559 869 5608 etiam
925 5558 1018 5624 qui
1052 5570 1209 5609 erant
1238 5561 1292 5611 iu
1323 5561 1423 5613 viis
1447 5565 1505 5613 et
1539 5565 1761 5630 sepibus

195 5665 320 5700 cum
351 5657 552 5699 ornatu
586 5647 823 5713 nuptiali
855 5664 868 5699 :
906 5657 1136 5703 cancros
1164 5649 1309 5702 enim
1348 5667 1454 5702 non
1490 5652 1570 5704 sic
1601 5668 1760 5704 urna-

199 5751 297 5796 tns,
335 5738 554 5790 vincula
587 5748 644 5789 et
669 5738 923 5790 tenebras
955 5753 1196 5792 manere.
1228 5739 1380 5810 Rogo
1403 5780 1417 5805 ,
1446 5743 1757 5811 quicunque

207 5839 454 5898 pastores
492 5833 853 5897 appellamur,
885 5829 1078 5882 demus
1109 5845 1356 5900 operam,
1396 5843 1452 5887 ut
1486 5836 1538 5888 in
1566 5850 1754 5889 eorum

440 5930 720 5988 l'arnoc.
757 5930 875 5990 (in.
937 5930 1168 5993 CXLII.

1879 4652 2247 4721 tributumque
2281 4657 2596 4711 hominibus
2613 4662 2878 4729 Spiritum
2910 4682 3185 4734 sanetum,
3217 4687 3439 4740 aposto-

1874 4744 1955 4796 los
1989 4745 2192 4800 missos
2225 4750 2280 4801 in
2318 4751 2638 4804 universum
2677 4760 2940 4810 mundum
2994 4772 3052 4812 ut
3095 4763 3438 4832 haptizareut

1874 4850 1936 4888 ac
1975 4839 2242 4892 docerent
2273 4856 2614 4911 quiecunque
2653 4847 2767 4914 ipse
2806 4865 3025 4905 servare
3068 4871 3436 4924 praeceperat;

1873 4929 2070 4995 quibus
2127 4945 2185 4982 se
2236 4931 2492 4986 Christus
2542 4937 2793 5002 promisit
2847 4956 3064 5009 semper
3113 4946 3434 5003 aﬂuturam.

1873 5020 2072 5072 Adluec
2112 5025 2314 5076 instare
2345 5025 2487 5077 diem
2523 5027 2670 5081 illius
2716 5047 2922 5095 magna).
2953 5035 3047 5087 ira:
3071 5046 3125 5088 et
3155 5043 3436 5093 calamita-

1874 5112 1962 5172 tis,
1997 5124 2218 5180 propter
2249 5116 2658 5172 multitudinem
2685 5124 2990 5186 scelerum;
3017 5126 3239 5190 quando
3260 5129 3432 5183 draco

1872 5201 1982 5263 ille,
2011 5219 2074 5255 ex
2108 5205 2428 5272 improviso,
2457 5209 2522 5262 ad
2558 5216 2986 5280 corrumpeudos
3014 5231 3206 5270 omnes
3228 5220 3428 5273 aderit.

1873 5295 2000 5347 Item
2022 5295 2154 5348 .Eliie
2183 5309 2240 5351 ct
2270 5299 2454 5353 Enoch
2503 5304 2737 5356 reditum
2768 5307 2834 5357 ad
2881 5308 3306 5362 incunibendnm
3338 5327 3429 5364 sa-

1868 5385 1966 5437 luti
1996 5387 2279 5441 hominum
2304 5392 2592 5445 adversum
2627 5395 2929 5459 diabolum,
2966 5413 3128 5465 quem
3165 5399 3427 5455 Dominus

1869 5477 2156 5541 praesentia
2181 5475 2451 5532 adventus
2494 5484 2578 5534 sui
2634 5483 2910 5538 destruet.
2961 5485 3231 5538 Praeterea
3281 5492 3432 5540 dice-

1869 5585 1988 5620 mus
2034 5569 2100 5620 de
2153 5571 2434 5636 rapiendis
2481 5575 2693 5626 obviam
2741 5578 2982 5635 Christo.
3036 5582 3257 5644 quando
3307 5581 3430 5633 caeli

1868 5674 2063 5726 magno
2098 5660 2303 5728 impetu
2335 5664 2670 5726 transibunt,
2724 5677 2866 5719 terra
2901 5679 3083 5720 autem
3131 5681 3185 5722 et
3226 5686 3346 5737 quae
3375 5670 3430 5722 in

1867 5750 1984 5816 ipsa
2021 5760 2147 5802 sunt
2193 5768 2358 5820 opera
2392 5766 2715 5810 exurentur.
2743 5757 2872 5820 Quae
2905 5759 3126 5827 quidem
3168 5779 3287 5814 cuni
3333 5777 3432 5813 ex-

1866 5849 2207 5906 spectentur,
2256 5843 2462 5910 quales,
2495 5859 2702 5911 quzesa,
2738 5861 2800 5899 ac
2847 5863 3008 5916 quam
3057 5860 3278 5904 sanctos
3324 5864 3424 5904 nos

2991 5942 3060 5997 17
