4220 6444
204 419 304 480 ξρὲἧ
1630 414 2032 472 EPISTULE.

3358 413 3460 477 E26

203 559 350 601 rem,
385 540 704 592 meminisse
738 535 1174 604 propinquorum
1204 533 1257 585 in
1289 532 1569 601 precibus,
1605 532 1776 584 absti-
1807 547 1850 598 Α
1879 545 2067 582 curam
2123 530 2367 581 omnium
2402 545 2427 581 a
2463 531 2572 582 Deo
2602 529 2913 597 suscepisti,
2963 530 3126 584 urbes
3173 531 3374 592 deseri.
3404 551 3458 589 et

203 648 336 684 nere
370 647 398 684 a
433 629 816 686 fornicatione.
850 628 1117 694 sanguine
1169 635 1224 678 et
1274 625 1564 686 suﬂocato,
1594 641 1618 674 τι
1655 641 1714 690 pr
1737 644 1788 669 ι’-

203 725 408 788 stigiis,
444 719 938 777 mezuifationibus.
975 717 1462 771 observationibus
1515 716 1783 780 supersti—

213 816 389 873 tiosis,
430 813 499 864 ab
528 811 672 861 omid
713 811 896 877 specie
925 808 1362 867 divinationum;
1391 823 1499 859 non
1533 824 1782 872 compre-

207 908 448 956 hendere
471 920 592 956 curn
631 904 911 962 heretico,
937 902 1037 953 nisi
1067 902 1137 953 sit
1169 917 1405 968 sponsor
1426 901 1517 966 qni
1542 915 1784 952 enunties

205 1015 432 1050 servare
491 1015 598 1049 non
651 997 864 1059 didicit,
913 1011 1038 1048 eum
1082 1009 1260 1062 neque
1296 993 1556 1060 baptizari
1603 1008 1782 1059 neque

205 1090 540 1141 monachum
578 1089 692 1140 lieri
734 1090 915 1140 lii-eat.
952 1087 1277 1139 Monachum
1307 1087 1400 1153 qui
1442 1102 1468 1139 a
1506 1098 1782 1138 monaste-

206 1185 287 1234 rio
321 1185 624 1251 aufugerit,
650 1182 742 1246 qui
779 1181 1049 1247 receperit
1072 1190 1165 1232 aut
1185 1179 1473 1241 ordinarit,
1502 1180 1782 1246 puniatur.

209 1273 456 1338 Denii-ie
508 1272 808 1339 repetenda
859 1282 986 1322 sunt
1029 1285 1086 1322 et
1144 1269 1627 1323 commemoranda
1678 1271 1786 1321 fie-

205 1377 443 1426 quenter
490 1381 516 1414 a
561 1365 836 1431 magistris
886 1363 1163 1426 Eeclesim,
1195 1379 1316 1430 qua:
1353 1361 1540 1414 ﬁdeles
1600 1362 1782 1413 favere

205 1454 450 1510 debent;
485 1461 538 1504 et
573 1468 694 1518 qua:
718 1462 976 1516 tanquam
1021 1461 1222 1516 pestes,
1262 1450 1590 1502 abominari.
1620 1448 1782 1500 Coni-

210 1543 612 1594 memorandus
671 1542 833 1593 etiam
877 1541 1016 1608 ignis
1055 1542 1164 1601 ille,
1205 1542 1260 1593 in
1298 1541 1781 1592 consummatione

202 1637 390 1688 seculi
422 1634 851 1702 exspectandus.
887 1633 1024 1685 Tum
1073 1632 1428 1686 exsecrabilis
1468 1633 1554 1684 illa
1593 1631 1780 1683 mundi

203 1733 354 1782 lues.
411 1727 636 1787 nefarii,
670 1729 918 1794 inquam,
956 1726 1280 1778 Antichristi
1316 1726 1605 1786 adventus,
1646 1739 1712 1776 ne
1737 1723 1780 1775 si

207 1837 262 1868 τις
298 1819 628 1886 improviso,
665 1819 798 1868 nihil
835 1817 1249 1885 prarineditatis,
1283 1816 1523 1869 adfuerit
1557 1817 1781 1883 iniquus

1889 618 1953 668 ad
1990 632 2089 668 nos
2142 618 2330 668 venire
2365 619 2704 672 habitatores
2735 635 2960 681 earnm;
2998 622 3106 672 imo
3155 622 3360 688 potius,
3401 625 3456 676 iu

1886 709 2116 778 gratiam
2169 712 2554 777 episcoporum
2610 712 2714 764 hoc
2762 712 3044 779 prohibes.
3097 713 3192 766 Sin
3248 728 3460 777 autent.

1889 818 1984 868 per
2012 801 2239 868 gratiam
2277 802 2394 860 Dei.
2426 802 2527 854 hoc
2558 813 2646 855 tua
2674 805 2964 870 prudentia
2993 820 3046 858 et.
3069 808 3279 875 judicio
3309 824 3461 860 asse.-

1887 894 2096 960 queri‘,
2135 895 2315 960 puniri
2359 910 2457 946 nos
2485 912 2511 946 a
2547 895 2674 954 lh-o.
2713 912 2818 948 non
2848 909 2906 950 ut
2933 916 3242 966 pereamus,
3273 908 3366 954 sed
3402 913 3462 956 nt

1886 998 2322 1035 convertamur:
2362 1002 2461 1036 cur
2511 1001 2616 1036 non
2661 985 2822 1051 jubes
2873 991 3188 1056 paswribns
3241 993 3457 1045 illarum

1885 1071 2200 1133 civitatum,
2250 1084 2307 1126 ut
2341 1077 2576 1143 quisque
2615 1092 2802 1129 eorum
2845 1095 2964 1132 cum
3023 1097 3183 1150 grege
3217 1098 3316 1134 suo
3363 1086 3456 1142 sit.

1889 1177 1946 1217 ut
1983 1177 2095 1217 tum
2132 1169 2393 1233 precibus
2435 1169 2543 1221 Deo
2589 1170 2945 1233 adhibendis,
2976 1182 3087 1223 tum
3124 1175 3458 1232 admonitio-

1890 1259 2050 1313 nibus
2078 1274 2130 1313 et
2167 1263 2647 1331 obiurgationibus
2683 1281 2813 1317 suos
2851 1281 2879 1317 a
2919 1281 3157 1333 peccatis
3193 1280 3453 1328 servent;

1887 1364 2052 1422 atque
2094 1355 2164 1406 ita
2201 1355 2369 1407 Deum
2405 1357 2643 1424 placent.
2699 1368 2757 1410 ut
2812 1359 2987 1410 minas
3033 1359 3332 1427 aliquando
3372 1377 3455 1414 re-

1887 1448 2084 1498 mittat.
2123 1446 2199 1496 An
2234 1447 2277 1497 si
2317 1458 2369 1498 tu
2412 1463 2540 1498 OVt'S
2577 1449 2779 1514 pastori
2828 1454 3221 1510 committeres.
3256 1452 3457 1508 deinde

1887 1539 2009 1590 illas
2043 1538 2263 1606 quidem
2296 1538 2594 1594 derelictas
2622 1557 2903 1604 cerneres,
2935 1543 3088 1595 illum
3123 1559 3254 1598 vero
3281 1551 3454 1614 quieti

1886 1647 1997 1683 sure
2056 1633 2281 1700 suisque
2322 1633 2721 1700 cupiditatibus
2775 1635 3058 1703 indulgere
3109 1648 3163 1690 et
3223 1641 3455 1702 servire,

1885 1721 1972 1773 tlic
2005 1720 2258 1783 obsecro,
2295 1722 2714 1789 reiiuqueresne
2767 1738 3040 1790 pastorem
3079 1732 3460 1796 impunitum?

1886 1826 1994 1863 non
2033 1814 2274 1879 patimur
2307 1830 2456 1878 oves,
2495 1818 2752 1882 pecudes,
2777 1819 2998 1886 impune
3031 1821 3250 1889 negligi,
3282 1832 3339 1874 et
3361 1840 3460 1889 pa-

203 1913 293 1962 iiie
346 1922 516 1976 atque
561 1911 857 1976 superbus,
906 1911 998 1976 qui
1049 1907 1333 1960 extollitur
1395 1923 1560 1975 supra
1617 1924 1778 1960 omne
1815 1903 1855 1959 Β
1889 1904 2087 1957 tiemur
2109 1918 2358 1974 pastores
2386 1911 2692 1964 animarum
2722 1913 2945 1978 impune
2968 1915 3180 1981 seipsos
3205 1931 3456 1983 pascere.

199 2003 350 2068 quo-l
397 2002 606 2054 dicitur
638 2001 799 2061 Deus.
833 2002 990 2054 multi
1027 2001 1078 2052 iu
1126 2015 1369 2053 eriorem
1418 1999 1776 2058 inducantur,

199 2112 328 2148 cum
357 2096 554 2147 eodem
605 2095 658 2146 in
709 2094 980 2146 ﬂammam
1032 2094 1173 2161 ignis
1227 2091 1583 2159 conjiciendi.
1644 2089 1777 2152 Hoc,

201 2203 428 2255 pri-eor,
473 2197 756 2253 pastorum
792 2200 930 2252 opus
963 2185 1069 2247 sit;
1106 2185 1221 2237 haac
1259 2199 1390 2236 cura
1421 2192 1473 2234 et
1511 2182 1777 2242 studium,

205 2295 265 2331 ut
290 2296 415 2347 qua:
451 2279 710 2332 Patribus
739 2278 856 2331 visa
890 2288 1018 2330 sunt
1048 2293 1276 2346 quaque
1313 2277 1387 2328 illi
1422 2288 1677 2328 accurate
1701 2286 1782 2326 te—

205 2385 475 2435 uuerunt,
513 2373 603 2425 illa
637 2371 701 2423 ad
740 2371 1130 2439 temperandos
1178 2369 1561 2440 regendosque
1592 2369 1781 2420 fideles

201 2467 576 2520 adhibeamus
607 2485 617 2518 2
650 2478 709 2520 et
757 2466 853 2534 qui
897 2481 961 2519 ea
1009 2482 1118 2519 nou
1175 2464 1472 2525 servarint,
1511 2480 1630 2533 qure
1661 2480 1782 2517 ser-

207 2575 358 2618 vare.
393 2574 501 2610 non
537 2558 750 2610 solvere
777 2559 912 2625 jnssi
944 2573 1155 2620 sumus,
1192 2557 1294 2609 hos
1333 2556 1640 2609 maledictis
1665 2572 1784 2623 gra-

205 2651 450 2702 \issitnis
477 2651 890 2702 anathematuin
917 2648 1234 2702 afﬁciamus.
1271 2648 1409 2702 Ante
1439 2650 1624 2701 omnia
1652 2660 1784 2699 vero

209 2742 525 2807 baptilatos
576 2755 771 2794 omnes
813 2742 1020 2793 liortarl
1070 2741 1359 2804 debemus,
1421 2750 1480 2793 ut
1517 2738 1778 2806 usquead

202 2837 538 2900 sanguinem
595 2833 948 2900 integerrime
986 2841 1206 2886 servent
1235 2845 1578 2900 quacunque
1621 2831 1782 2884 Chri-

201 2933 328 2976 stus
366 2924 666 2991 praecepit:
701 2923 1035 2977 ailirniautes
1083 2927 1291 2993 absque
1337 2926 1603 2991 operibus
1637 2938 1781 2973 mor-

207 3027 364 3068 tuam
398 3030 522 3068 esse
558 3014 756 3076 ﬁdem,
785 3026 841 3069 et
889 3018 1034 3083 quod
1089 3033 1198 3068 non
1243 3017 1425 3068 omnis
1474 3017 1564 3083 qui
1621 3014 1778 3076 dicit,

213 3109 434 3161 Domine
494 3108 734 3166 Domine.
791 3110 1010 3161 intrabit
1056 3110 1108 3162 iu
1155 3126 1372 3176 regnum
1429 3109 1678 3160 calorum
1713 3109 1776 3164 ":

201 3214 260 3256 et
316 3202 456 3255 illud
490 3220 503 3254 :
537 3200 640 3266 Qui
677 3217 783 3254 non
817 3216 961 3254 amat
1000 3218 1107 3261 me.
1151 3218 1434 3256 sermones
1477 3217 1630 3253 meos
1669 3215 1776 3252 non

203 3304 409 3346 emat.
451 3293 577 3345 Haec
607 3304 657 3345 et
691 3295 792 3346 alia
825 3293 1133 3362 hujusmodi
1176 3309 1240 3346 ex
1281 3295 1488 3346 sanctis
1529 3292 1778 3358 Scriptu-

203 3385 306 3448 ris,
349 3383 458 3436 nisi
489 3385 553 3437 iis
580 3385 671 3452 qui
709 3399 771 3437 ea
806 3386 1056 3454 ignorant
1081 3385 1524 3452 exposuerimus,
1589 3400 1780 3452 quem-

198 3475 510 3527 admodum
539 3477 745 3529 erimus
771 3477 963 3529 iideles
981 3477 1424 3544 dispensatores?
1447 3475 1545 3537 Ne,
1569 3491 1778 3542 quaeso,

201 3569 518 3619 oscitanter
545 3577 710 3635 atque
742 3568 1106 3636 negligenter,
1149 3567 1242 3620 sed
1279 3583 1402 3619 rum
1442 3568 1642 3620 timore
1677 3584 1706 3633 β
1733 3586 1771 3614 »-

199 3661 316 3709 tins
349 3669 520 3725 atque
548 3668 811 3720 nemore,
859 3661 976 3712 sine
1029 3660 1137 3712 ulla
1187 3665 1568 3720 cunctatione.
1607 3660 1776 3711 Evan-

200 3752 344 3818 gelia
377 3760 571 3802 sancta
608 3751 996 3812 edisseramus.
1031 3753 1292 3804 docentes
1332 3752 1531 3804 cu-Inm
1572 3764 1626 3803 et
1667 3763 1777 3802 ter-

202 3859 316 3895 ram
382 3843 703 3903 transitura,
759 3847 920 3894 verba
976 3851 1159 3894 autem
1231 3844 1350 3910 ejus
1409 3858 1774 3910 nequaquam.

204 3937 470 3986 l‘icamns
497 3932 700 3985 frustra
720 3932 954 3985 fortasse
988 3935 1194 3986 dictum
1227 3949 1348 3986 esse
1377 3935 1429 3984 in
1453 3934 1505 3987 Si
1525 3935 1733 3999 riptnra
1763 3949 1776 3989 ;

200 4022 370 4074 Nemo
399 4034 548 4071 erret
594 4036 612 4072 :
643 4038 808 4073 nemo
851 4024 1076 4089 inquam
1124 4039 1300 4091 neque
1325 4039 1516 4076 eorum
1547 4027 1639 4091 qni
1685 4041 1776 4074 au-

203 4123 286 4163 ten
337 4113 590 4171 fuerunt,
633 4128 805 4179 neque
839 4129 1028 4165 eorum
1077 4113 1170 4183 qui
1211 4123 1397 4181 postea
1446 4124 1626 4165 erunt.
1687 4115 1773 4165 li~t

200 4216 387 4254 amem
431 4203 596 4253 nobis
623 4204 878 4266 primum,
916 4204 1009 4270 qui
1045 4213 1292 4271 pastores
1325 4220 1540 4260 sumus.
1576 4221 1776 4256 navan-

200 4295 336 4345 dum
389 4292 613 4353 virtuti,
647 4293 1068 4362 docendutuquc
1109 4297 1354 4356 omnino,
1401 4297 1545 4363 quod
1601 4307 1686 4348 est
1725 4299 1778 4350 in

201 4386 411 4438 sanctis
444 4384 770 4452 Scripturis.
801 4402 895 4437 eos
942 4389 1033 4455 qui
1069 4386 1349 4442 Christum
1399 4390 1628 4456 ejusque
1663 4407 1779 4441 svr-

203 4493 396 4530 mones
431 4487 756 4530 reveienter
788 4479 1230 4540 ebservaverint,
1282 4497 1400 4544 eos,
1439 4483 1682 4549 inquam,
1709 4483 1777 4532 ah

1885 2014 1991 2050 non
2029 2000 2197 2052 oves?
2224 2001 2376 2068 quid,
2412 2017 2618 2068 quteso,
2650 2005 2791 2071 apud
2822 2005 2990 2057 Deum
3025 2009 3459 2060 excusabimns?

1884 2091 2096 2142 utinam
2134 2107 2203 2143 ne
2244 2092 2378 2143 illud
2413 2093 2575 2145 nobis
2605 2095 2974 2161 exprobretur
3007 2115 3018 2148 :
3061 2097 3254 2150 Οιιιηεε
3277 2087 3279 2095 ¹
3306 2116 3454 2166 quic-

1885 2187 2009 2228 runt
2038 2195 2154 2244 qua
2186 2196 2283 2232 sua
2314 2190 2457 2242 sunt,
2507 2199 2610 2233 non
2651 2200 2766 2251 (μω
2805 2184 2929 2238 Jesu
2971 2186 3177 2240 Christi
3203 2189 3267 2242 “‘.
3301 2190 3457 2254 Quod

1883 2271 2031 2322 enim
2072 2287 2262 2339 preces
2299 2282 2354 2326 et
2388 2275 2599 2342 vigilias
2642 2289 2756 2343 prae
2795 2279 3008 2346 ignavia
3060 2296 3167 2333 non
3221 2293 3455 2341 curant.

1883 2374 1938 2416 et
1971 2381 2067 2417 nos
2118 2367 2245 2433 quia
2281 2368 2367 2420 his
2403 2383 2686 2431 vacamus,
2728 2371 2910 2424 rident
2939 2409 2954 2432 .
2992 2374 3149 2438 plane
3212 2377 3456 2430 ostendit

1887 2453 2023 2507 nihil
2055 2469 2148 2507 eos
2183 2457 2362 2517 malle,
2401 2474 2577 2528 neque
2631 2460 2778 2514 aliud
2825 2463 2904 2516 eis
2933 2479 3053 2518 esse
3086 2467 3454 2535 propositum.

1884 2560 2048 2611 quam
2085 2547 2424 2614 patriarchas
2453 2567 2691 2614 movere,
2735 2564 2791 2606 et
2839 2571 3066 2609 munera
3097 2560 3346 2628 accipere
3396 2561 3452 2618 in

1883 2637 2116 2705 judicio,
2147 2648 2202 2690 et
2232 2651 2430 2694 caetera
2463 2643 2572 2696 alia
2600 2647 2949 2700 ceinmittere
2977 2663 3100 2717 qua
3131 2651 3246 2718 ipse
3277 2663 3455 2706 status

1887 2739 2193 2798 temporum
2221 2733 2431 2787 docuit.
2456 2737 2563 2790 Ant
2595 2740 2758 2807 igitur
2792 2741 2926 2808 jube
2963 2742 3194 2810 singulis
3225 2746 3457 2813 quibus-

1886 2839 1994 2892 que
2024 2825 2090 2876 ad
2120 2826 2391 2880 diceceses
2424 2831 2694 2894 proficisci
2736 2847 2886 2896 suas,
2923 2846 3016 2887 aut
3043 2835 3226 2889 sinant
3257 2850 3345 2892 me
3385 2841 3454 2893 ad

1887 2932 2062 2969 unum
2097 2934 2127 2971 e
2158 2920 2273 2971 suis
2305 2919 2562 2987 gregibus
2599 2920 2714 2983 ire;
2745 2930 2799 2974 et
2835 2938 2920 2976 me
2948 2925 3315 2994 jurejurando
3353 2930 3458 2981 ob-

1889 3011 2150 3079 stvingam
2202 3027 2482 3079 nunquam
2525 3013 2593 3064 ab
2624 3026 2689 3066 eo
2737 3015 3139 3079 discessurum.
3178 3020 3280 3088 ipsi
3327 3036 3458 3076 vero

1887 3103 2078 3155 urbem
2133 3103 2666 3173 ConstantinOpolim
2713 3107 2819 3160 sibi
2863 3109 3011 3161 inter
3073 3127 3134 3164 se.
3178 3113 3455 3167 dividant.

1886 3196 2024 3260 Quid
2066 3196 2212 3249 enim
2249 3196 2522 3250 infelicms
2557 3215 2678 3252 esse
2711 3209 2912 3269 potest.
2955 3216 3119 3270 quam
3141 3205 3198 3258 in
3242 3209 3458 3261 caeteris

1887 3285 2206 3337 civitatibus
2258 3285 2426 3338 licere
2471 3287 2669 3354 cuique
2723 3290 2933 3356 pastori
2987 3305 3136 3354 suos,
3187 3304 3452 3361 quantum

1890 3387 2070 3446 potest
2096 3387 2150 3431 et
2176 3378 2268 3446 jus
2303 3389 2409 3441 est,
2445 3393 2631 3446 regere
2665 3389 2826 3448 atque
2884 3382 3227 3450 gubernare;
3259 3388 3310 3440 in
3341 3390 3455 3443 sola

1889 3486 2020 3523 vero
2052 3471 2152 3524 hae
2186 3471 2320 3524 urbe
2348 3471 2588 3539 judieem
2620 3487 2742 3525 esse
2791 3475 3110 3544 quicunque
3147 3476 3312 3538 veiit';
3363 3497 3458 3534 ve.

1889 3578 2007 3614 rum
2039 3563 2082 3614 si
2134 3562 2263 3614 mini
2317 3562 2518 3625 credis,
2559 3563 2972 3630 religiosissime
3008 3570 3322 3636 imperator,
3375 3573 3459 3626 fac

1889 3666 1946 3706 ut
1980 3655 2080 3707 hos
2133 3657 2313 3722 potius
2355 3654 2570 3706 tristitia
2620 3656 2846 3719 allicias.
2901 3675 3062 3728 quam
3119 3661 3310 3718 licem.
3367 3665 3458 3719 Et-

1887 3748 2053 3806 enim,
2083 3749 2126 3799 si
2149 3749 2369 3815 quando
2396 3747 2552 3810 alias,
2584 3763 2728 3801 nunc
2757 3751 2994 3806 maxime
3023 3754 3312 3822 episcopos
3330 3772 3455 3810 cum

1885 3840 2142 3906 gregibus
2189 3839 2304 3891 suis
2353 3840 2490 3890 mori
2546 3847 2846 3905 oporteret.
2884 3841 3044 3905 Quod
3097 3846 3140 3896 si
3189 3849 3454 3912 nolueris,

1887 3943 2111 3999 propter
2143 3940 2287 3982 tuam
2319 3946 2443 3999 erga
2488 3946 2584 3983 eos
2621 3935 3005 3998 reverentiam,
3037 3952 3237 4006 cogere
3276 3948 3334 3991 ut
3375 3940 3457 3992 fa,

1884 4024 2029 4075 ciant
2060 4023 2206 4090 quod
2240 4023 2418 4076 facere
2455 4023 2680 4086 debent,
2711 4039 2814 4093 ego
2839 4039 3093 4094 suscepta
3135 4044 3328 4091 causa.
3360 4045 3455 4085 ve-

1885 4114 1988 4165 lint
2033 4113 2229 4177 nolint,
2273 4129 2339 4167 ex
2400 4115 2535 4167 urbe
2577 4115 2796 4182 pellam,
2836 4117 3170 4186 reddamque
3214 4120 3458 4175 audacia

1886 4207 2046 4274 hujus
2077 4206 2337 4258 rationem
2375 4207 2503 4262 Deo.

2425 4341 2760 4398 EPISTOLA
2804 4346 2911 4399 VII.

1933 4457 2206 4526 Ejusdem,
2241 4459 2310 4511 ad
2341 4461 2577 4512 eumdem
2608 4463 3000 4529 imperatorem,
3026 4469 3090 4518 de
3126 4469 3306 4521 eadem
3340 4485 3416 4521 re.

204 4569 400 4620 eodem
454 4567 678 4620 Christo
725 4569 1086 4627 conlitendos,
1117 4571 1488 4626 declarandos
1534 4584 1589 4625 et
1623 4589 1777 4624 coro-
1816 4578 1856 4630 ῐ)
1957 4572 2010 4623 Si
2046 4587 2232 4624 verum
2267 4584 2351 4626 est
2377 4575 2520 4642 quod
2550 4575 2656 4628 dici
2693 4578 2832 4630 solet
2862 4579 2955 4645 qui
2988 4597 3208 4650 gregem
3231 4596 3452 4651 pastore

205 4662 446 4722 n:.ndos,
481 4675 544 4712 ac
575 4661 745 4728 gloria
778 4663 1108 4727 sempiterna
1138 4679 1256 4715 esse
1282 4663 1649 4725 honorandos;
1678 4668 1770 4733 qui

203 4768 331 4804 eum
366 4766 604 4818 corpore
625 4761 677 4804 et
709 4753 904 4820 Spiritu
940 4755 1304 4817 houorarunt,
1345 4757 1778 4825 nunc.iuqnam,

203 4849 315 4912 jam
349 4847 542 4897 ﬁdeles
572 4858 736 4911 atque
771 4848 1074 4913 prudentes
1106 4848 1522 4907 deelaratos,ad
1561 4851 1782 4917 nuptias

205 4949 262 4990 et
309 4938 658 4990 immortales
697 4939 816 4990 illas
847 4939 1074 4992 delicias
1123 4943 1511 5001 admittendos,
1559 4954 1616 4992 ut
1653 4958 1778 4994 cum

207 5029 617 5096 pulcherrrimo
663 5030 757 5080 illo
787 5046 990 5095 sponso
1025 5031 1282 5083 Ecclesia:
1320 5031 1550 5083 Domino
1589 5045 1776 5082 nostro

203 5123 334 5173 .lesu
368 5119 592 5172 Christo
623 5136 837 5188 semper
869 5122 1010 5184 sint;
1047 5123 1132 5173 cui
1172 5123 1367 5180 honor.
1400 5132 1453 5174 et
1486 5123 1775 5190 imperium

208 5216 261 5268 in
295 5212 519 5267 saecula.

776 5305 956 5358 ΕΗδῖ
973 5307 1105 5359 OLA
1145 5307 1230 5360 Vl.

203 5396 486 5466 Ejusdem,
518 5397 588 5447 ad
642 5398 1033 5462 imperatore»,
1088 5406 1140 5447 ut
1193 5397 1370 5462 iubeat
1410 5400 1663 5466 episi'Opis
1704 5400 1778 5448 ire

753 5469 818 5518 ad
854 5483 974 5516 suus
1000 5468 1237 5518 «(iaceres
1250 5508 1261 5517 .

284 5577 343 5630 Si
375 5577 544 5632 urbes
569 5579 626 5628 in
666 5576 892 5629 Oriente
929 5578 1128 5628 vastari
1174 5586 1230 5628 et
1273 5578 1522 5630 innditus
1556 5579 1782 5630 interire

211 5672 343 5731 seis,
371 5672 517 5736 quod
550 5668 751 5720 malum
787 5669 930 5720 Deus
957 5680 1187 5730 avertit,
1219 5685 1319 5721 cur
1353 5685 1458 5720 non
1481 5670 1659 5738 jubes,
1686 5671 1778 5736 qui

287 5855 330 5886 ³⁷
367 5854 560 5909 Blalth.
609 5858 819 5919 \tt,‘.‘i.
903 5859 936 5885 ”
978 5857 1069 5909 lbi
1101 5859 1209 5926 ipp.
1263 5875 1317 5917 t',
1362 5861 1444 5914 il.

1888 4664 2088 4732 privat.
2125 4667 2346 4734 utrique
2389 4667 2692 4734 perieulum
2745 4685 2954 4732 creare,
2991 4673 3237 4738 proiecto
3289 4692 3452 4742 prave

1888 4756 2214 4822 supplicium
2277 4766 2460 4808 manet
2513 4772 2639 4809 eum
2700 4761 2790 4826 qui
2854 4769 3126 4826 pastorem
3181 4775 3332 4817 arcet
3385 4766 3450 4817 ab

1886 4847 2012 4898 ovili
2042 4862 2055 4908 ;
2099 4847 2369 4914 debetque
2404 4849 2497 4914 qui
2549 4859 2738 4916 pastor
2767 4860 2872 4912 est,
2908 4868 3081 4920 usque
3123 4855 3187 4905 ad
3222 4857 3449 4921 sangui-

1888 4954 2009 4990 nem
2063 4953 2163 5005 pro
2206 4954 2368 5006 grege
2405 4940 2611 4992 Christi
2661 4957 2767 4993 non
2822 4944 3179 5012 relinquendo
3229 4947 3451 5001 laboies

1889 5030 2154 5097 perferre,
2187 5031 2291 5082 nisi
2328 5047 2450 5083 cum
2497 5047 2638 5098 opus
2669 5035 2835 5086 fuerit
2872 5035 2926 5086 in
2977 5037 3188 5103 synodo
3219 5041 3450 5107 singulis

1887 5124 2044 5174 annis
2077 5123 2141 5173 ad
2179 5122 2448 5189 agendum
2496 5125 2563 5175 de
2611 5125 2775 5176 rebus
2806 5128 3135 5180 necessariis
3171 5131 3450 5199 paulisper

1887 5215 2100 5266 abesse.
2132 5213 2344 5274 Quibus
2373 5217 2672 5276 conclusis,
2710 5218 2968 5270 celeriter
3002 5220 3344 5274 redeundum
3371 5225 3447 5276 illi

1885 5307 1973 5364 sit,
2015 5305 2057 5356 si
2108 5304 2285 5356 credit
2317 5319 2374 5357 se
2407 5305 2754 5357 redditurum
2793 5308 3056 5359 rationem
3090 5325 3305 5365 summo
3349 5329 3446 5380 pa-

1883 5398 2017 5450 stori
2066 5396 2310 5458 Christo,
2350 5405 2404 5449 et
2442 5397 2485 5448 si
2517 5397 2721 5465 dignus
2761 5408 2846 5449 est
2898 5401 3119 5454 nomine
3175 5405 3443 5470 pastoris:

1894 5488 1997 5540 nisi
2039 5488 2178 5539 forte
2209 5489 2369 5539 etiam
2407 5501 2630 5556 propter
2680 5493 3091 5552 necessitatem.
3142 5494 3205 5546 ad
3240 5495 3450 5548 utilitao

1893 5590 1997 5632 tem
2031 5580 2334 5631 animarum
2405 5580 2792 5646 pertinentem,
2831 5582 2900 5634 ab
2930 5582 3256 5651 imperatore
3291 5597 3384 5640 ant
3414 5605 3450 5646 ι

1891 5669 2200 5736 patriarcha
2227 5671 2412 5720 statim
2450 5669 2729 5723 rediturus
2766 5681 3004 5724 vocetur.
3037 5672 3190 5740 Quod
3222 5677 3266 5728 si
3293 5677 3450 5732 aliter
