4220 6444
285 400 390 463 497

1706 395 2110 458 EPISTOLE.

3430 392 3532 456 £98

286 515 463 566 θὸτων
501 511 732 576 ἐκεῖθεν,
781 510 913 565 ἀλλά
967 512 1062 564 καὶ
1115 513 1212 581 τὴν
1273 513 1556 583 ἀντίληψιν
1612 514 1750 586 πρὸς
1788 515 1858 568 τὰ
1888 521 1931 576 Α

1888 521 1931 576 Α
1963 531 2025 569 ac
2053 513 2274 569 divitias
2298 515 2704 569 cumulaturum
2741 514 2873 568 mihi
2927 524 2982 569 et
3037 514 3334 583 (lihClplillil’.
3370 531 3533 569 evan-

282 606 474 674 πρόσω
504 603 691 674 ὲντελῆ
749 606 840 657 καὶ
883 605 1108 674 διηνεκῆ
1161 606 1256 658 καὶ
1303 606 1666 674 ἀκράδαντον,
1716 609 1854 678 πρὸς

281 699 431 750 ἅπαν
463 697 751 768 ἐθάρρουν,
785 699 876 750 καὶ
911 699 1181 766 ἐγχειρεῖν
1229 700 1318 752 καὶ
1350 698 1757 754 καταπλουτεῐν
1788 718 1855 770 με

281 790 604 858 θεάρεστον.
639 793 751 845 Καὶ
798 794 897 862 τὴν
937 793 1259 861 μογήσασαν
1305 795 1412 862 πρὸ
1452 795 1650 847 πολλοῦ
1685 797 1856 863 εὐαγ-

285 885 507 954 γελικὴν
543 885 635 936 καὶ
664 884 957 953 κανονικήν
986 885 1094 937 τῶν
1130 887 1379 956 νομίμων
1417 887 1589 954 ἁγίων
1613 887 1854 956 θεσμῶν,

281 981 494 1040 λαῖκοίς
533 979 624 1030 καὶ
649 978 940 1047 μονάζουσι
973 980 1065 1032 καὶ
1098 981 1252 1033 παντί
1281 981 1358 1049 τῷ
1383 984 1481 1050 τῆς
1525 981 1855 1052 Ἐκκλησίας

282 1070 619 1138 πληρώματι
646 1085 659 1098 ⁶
693 1071 750 1134 ἐξ
783 1064 858 1122 ὧν
899 1073 978 1132 εἰς
1016 1072 1417 1140 αἰχμαλωσίαν,
1448 1071 1522 1134 ὡς
1566 1072 1722 1138 ἔφην,
1762 1071 1858 1124 καὶ

282 1161 443 1229 ὕὸριν
469 1161 707 1230 ψυχικὴν
762 1164 854 1214 καὶ
887 1164 1211 1232 σωματ.κην
1236 1163 1439 1232 ζημίαν
1471 1166 1497 1215 ὁ
1546 1164 1857 1231 περιούσιος

280 1254 503 1321 ἐξεδᾲθη
555 1255 701 1316 λαός.
757 1248 858 1306 ⁷ον
900 1256 1250 1322 ἀλλοτρὸπως
1303 1255 1573 1323 ρυσθῆναι
1623 1259 1717 1308 καὶ
1757 1255 1857 1322 τῆς

280 1349 414 1414 πρὶν
445 1346 719 1415 εὐτυχίας.
746 1347 822 1409 ὡς
863 1347 951 1399 ὅτε
1001 1347 1241 1414 ηὖγαξεν
1287 1348 1314 1398 ὁ
1351 1347 1544 1417 λύχνος
1593 1347 1687 1400 τοῦ
1721 1345 1856 1399 Θεοῦ

281 1442 375 1492 ἀπὶ
402 1440 650 1509 κεφαλὴν
679 1441 777 1508 τῆς
805 1441 908 1491 τῶν
940 1442 1148 1493 πιττῶν
1193 1441 1547 1508 κληρουχίας,
1583 1438 1860 1508 ὲξυψωθῆ-

283 1551 375 1586 ναι
416 1536 509 1584 καὶ
561 1532 908 1602 εὐημερῆσαι
944 1536 1032 1584 καῖ
1075 1534 1444 1602 κρατυνθῆναι
1490 1531 1558 1584 δι’
1613 1533 1858 1592 ἐπινοίας

283 1631 380 1680 καὶ
417 1628 818 1697 ἐπιχειρήσεως
845 1627 1194 1696 ἀνθρωπίνης
1235 1628 1494 1686 παντοίας
1527 1625 1785 1676 ἀδύνατον
1809 1626 1857 1676 εί

287 1721 364 1790 μὴ
395 1720 487 1773 διέτ
541 1721 830 1789 μετανοίας
883 1719 1212 1788 εἰλικρινοῦς
1263 1719 1358 1770 καὶ
1393 1716 1683 1769 ἀνοϐευτου
1737 1718 1859 1767 ἐπι-

285 1814 532 1881 στροφῆς
569 1813 704 1880 πρὸς
754 1811 908 1874 Θεδν,
958 1813 1054 1864 καί
1117 1811 1500 1877 συντηρήσεως
1535 1808 1646 1860 τῶν
1699 1807 1859 1858 θείων

286 1905 641 1971 Εὑαγγελίων
694 1904 786 1956 καὶ
823 1904 1024 1971 νόμων,
1055 1902 1125 1964 ὡς
1157 1899 1534 1969 ὀνειδιζόμεθα
1575 1899 1710 1969 πρὸς
1758 1899 1854 1966 τῆς

284 1997 434 2060 θείας
469 1999 710 2067 Γραφῆς.
768 2015 786 2045 ε
823 1997 1006 2058 Αὐτοὶ,
1051 2013 1068 2045 ι
1103 1996 1290 2063 φησὶν,
1333 2013 1349 2045 t
1398 1995 1496 2045 ουκ
1540 1992 1762 2060 ἔμειναν
1799 1991 1856 2044 ιν

283 2096 352 2162 τῇ
392 2091 627 2160 διαθήκῃ
665 2107 789 2158 μου,
838 2087 994 2154 κάγὼ
1025 2088 1279 2155 ἠμέλησα
1333 2086 1536 2147 αὐτῶν,
1568 2085 1717 2151 λέγει
1745 2083 1856 2137 Κύ-

288 2198 427 2250 ριος.
481 2180 588 2232 Καὶ
645 2178 822 2240 ὸλαὸς
870 2178 969 2228 οὐκ
1015 2175 1346 2245 ἀπεστράφη
1402 2175 1504 2236 ἕως
1551 2174 1786 2242 ἐπλήγη.
1831 2191 1848 2222 ι

286 2273 419 2332 Καὶ,
466 2291 484 2323 ε
523 2271 584 2322 Εί
616 2272 643 2322 ὁ
675 2269 804 2331 λαός
853 2284 955 2338 μου
990 2268 1194 2338 ήκουσε
1244 2285 1369 2338 μου,
1406 2269 1527 2328 ταῖς
1560 2265 1694 2328 ὁδοῖς
1755 2283 1856 2334 μου

287 2369 338 2419 εἰ
366 2365 660 2434 ἐπορεύθη,
714 2366 771 2416 ἐν
799 2363 878 2432 τῷ
912 2364 1101 2432 μηδενὶ
1144 2363 1206 2414 ἄν
1241 2363 1365 2422 τοὺς
1411 2361 1636 2430 ἐχθροὺς
1677 2359 1858 2412 αὐτῶν

288 2458 688 2511 ἐταπείνωσαδ
726 2455 856 2518 Καὶ,
889 2453 1326 2522 (Ἐπιστράφητε
1356 2453 1488 2520 πρὶς
1510 2452 1598 2521 μὲ,
1620 2453 1710 2503 καὶ
1737 2454 1860 2504 im-

288 2552 681 2619 στραφήσομαι
729 2550 864 2617 πρὸς
901 2548 1065 2614 ὑμᾶς.
1107 2563 1126 2597 s
1163 2547 1294 2611 Καὶ,
1326 2562 1342 2595 t
1383 2545 1474 2613 Μὴ
1533 2543 1723 2614 ῥητίνη
1761 2546 1861 2596 οὑκ

288 2646 438 2696 ἐστιν
475 2646 533 2694 ἐν
573 2642 810 2704 Γαλαὰδ,
857 2642 1039 2709 ίατρίις
1070 2641 1170 2692 οὐκ
1210 2638 1356 2690 ἔστιν
1389 2640 1536 2704 ἐκεῖ;
1581 2637 1733 2690 Διατί
1763 2637 1862 2690 οὒκ

291 2736 462 2804 ἀνέϐη
502 2735 644 2796 ίασις
677 2735 947 2802 θυγατρὸς
978 2731 1108 2784 λαοῦ
1139 2750 1272 2800 μου;
1321 2749 1338 2782 s
1381 2735 1474 2784 καὶ
1498 2733 1600 2784 ὅσα
1633 2729 1862 2782 τοιαῦτα

293 2826 544 2888 θεσπίζει
579 2827 639 2878 τὸ
685 2824 909 2892 Πνεῦμα
944 2825 1006 2876 τὸ
1053 2825 1208 2889 ἆγιον
1249 2826 1328 2884 είς
1382 2822 1716 2891 ἐξυπνισμὸν
1769 2822 1863 2876 καὶ

295 2921 574 2987 ποιμένων
623 2922 717 2971 καὶ
771 2919 1067 2986 ποιμνῖων,
1117 2919 1213 2970 καὶ
1247 2917 1477 2986 ἀπειλὴν
1521 2933 1866 2984 καταφρονη-

294 3012 431 3066 τῶν.
464 3013 621 3073 Τίνος
673 3013 781 3080 γὰρ
828 3011 1038 3071 ἕνεκεν,
1088 3009 1202 3062 ἀλλ’
1246 3011 1304 3062 οὺ
1336 3010 1435 3078 τὴν
1467 3010 1721 3077 φρονείδα
1766 3008 1866 3073 τῆς

305 3103 634 3169 Ἐκκλησέας
680 3101 917 3171 Χριστοῦ
948 3103 1040 3154 καὶ
1071 3103 1234 3163 αὐτὸς
1268 3101 1661 3169 ἀεναδέδεγμαι,
1708 3103 1757 3154 εί
1791 3103 1865 3170 μὴ

1957 609 2146 678 εειίειε
2174 609 2561 676 σακοηίεαιψιε
2589 623 2710 677 quas
2731 607 2939 676 jamdiu
2969 607 3200 660 multum
3225 606 3530 668 laborabat.

1959 718 2171 756 necnon
2231 701 2408 764 laicis,
2457 702 2742 755 monachis
2779 709 2836 754 et
2882 701 2977 754 tuti
3019 700 3276 755 Ecclesia!
3298 700 3532 770 plenitu-

1959 795 2071 849 dini
2112 812 2125 848 :
2159 811 2222 850 ex
2261 810 2369 862 quo
2401 795 2636 862 populus
2669 793 2965 864 peculiaris
2988 835 3000 854 ,
3033 803 3091 846 ut
3122 793 3254 857 dixi,
3281 793 3334 846 in
3359 794 3531 861 capti-

1959 889 2228 952 vitatem,
2293 889 2345 940 in
2409 888 2604 942 animm
2656 887 3084 947 contumeliam,
3151 897 3205 939 et
3252 890 3536 956 corporale

1959 982 2221 1036 damnum
2271 979 2556 1034 traditus:
2615 982 2707 1049 qui
2761 981 2866 1033 alio
2923 979 3082 1032 modo
3125 978 3339 1041 redimi,
3379 988 3432 1032 et
3483 983 3535 1032 in

1961 1073 2189 1140 primam
2251 1072 2588 1134 felicitatem,
2647 1086 2810 1140 quam
2873 1069 3107 1123 habebat
3152 1086 3276 1123 cum
3312 1071 3536 1123 lucerna

1961 1165 2054 1217 Dei
2097 1165 2303 1217 luceret
2331 1180 2492 1233 supra
2522 1174 2684 1231 caput
2714 1161 3052 1217 liaaretlitatis
3088 1161 3352 1222 ﬁdelium,
3382 1163 3539 1215 resti-

1961 1256 2219 1325 tui.erigi
2250 1264 2299 1310 cl
2340 1255 2636 1310 confortari
2682 1271 2789 1307 non
2851 1263 3087 1322 poterat,
3133 1253 3236 1308 nisi
3295 1270 3391 1323 per
3427 1255 3538 1308 sin-

1959 1365 2138 1404 ceram
2195 1348 2595 1418 pmnitentiam,
2653 1356 2708 1399 et
2759 1363 2951 1415 puram
3005 1348 3420 1400 conversionem
3472 1349 3538 1400 aal

1963 1444 2156 1504 Deum,
2188 1456 2250 1495 ac
2303 1456 2401 1510 per
2429 1440 2869 1494 observationem
2924 1439 3234 1492 divinorum
3294 1439 3540 1508 Evange-

1960 1535 2160 1588 liorum
2206 1545 2262 1588 et
2323 1535 2498 1602 legum
2537 1549 2550 1584 :
2580 1548 2686 1600 qua
2719 1533 2928 1585 ratione
2959 1548 2986 1585 a
3019 1532 3201 1585 divina
3257 1532 3539 1598 Scriptura

1959 1628 2321 1696 exprobratur
2382 1627 2561 1680 nobis.
2606 1644 2624 1676 ι
2666 1625 2797 1693 Ipsi,
2831 1627 2928 1689 ait,
2981 1641 3088 1678 non
3124 1637 3543 1694 permanserunt

1964 1720 2018 1772 in
2053 1729 2380 1773 testamento
2408 1733 2549 1779 meo,
2582 1727 2639 1771 et
2666 1732 2766 1786 ego
2798 1716 3007 1784 neglexi
3037 1731 3153 1778 cos,
3192 1717 3324 1769 dicit
3356 1716 3537 1769 Domi-

1963 1828 2106 1875 nus;
2145 1832 2162 1863 ι
2197 1823 2297 1865 et:
2362 1831 2379 1862 ε
2418 1810 2658 1879 Populus
2705 1823 3002 1862 conversus
3056 1823 3164 1861 non
3227 1817 3309 1860 est
3359 1808 3534 1861 donec.

1959 1911 2338 1974 percuteretur
2366 1919 2380 1965 ;
2410 1922 2426 1953 ι
2467 1910 2522 1955 et
2545 1920 2558 1953 :
2579 1919 2596 1951 ι
2630 1901 2683 1954 Si
2718 1901 2948 1970 populus
2971 1914 3126 1952 meus
3153 1899 3398 1953 audisset
3423 1916 3529 1958 me.

1955 2001 1998 2054 si
2040 2001 2092 2053 in
2128 1998 2231 2052 viis
2267 1997 2404 2050 meis
2437 1995 2797 2062 ambulasset,
2831 2009 2931 2064 pro
2964 1992 3136 2046 nihilo
3165 1991 3390 2046 forsitan
3430 1995 3528 2046 ini-

1957 2092 2131 2145 micos
2158 2103 2350 2144 eorum
2394 2087 2765 2141 humiliassem
2797 2105 2809 2150 ;
2847 2104 2864 2136 ν
2921 2094 2976 2139 et
3013 2105 3024 2137 :
3082 2105 3098 2135 ι
3147 2083 3537 2140 Convertimini

1957 2185 2022 2239 ad
2054 2193 2235 2246 me,et
2261 2191 2550 2238 convertar
2576 2181 2640 2233 ad
2675 2196 2805 2244 vos;
2833 2199 2849 2229 ο
2883 2189 2972 2234 et:
3011 2197 3028 2230 ι
3065 2179 3339 2246 Numquid
3362 2179 3540 2231 resina

1959 2287 2043 2332 est
2069 2278 2120 2330 in
2155 2275 2378 2337 Galaad,
2411 2284 2468 2328 et
2495 2273 2740 2327 medicus
2770 2289 2875 2326 non
2925 2281 3008 2326 est
3053 2271 3170 2324 ibi?
3209 2285 3379 2341 quare
3429 2285 3536 2322 non

1960 2369 2211 2424 ascendit
2241 2368 2455 2421 curatio
2487 2365 2608 2419 ﬁlim
2631 2365 2818 2434 populi
2869 2365 2974 2417 mei
3003 2364 3026 2416 ?
3061 2382 3078 2414 ι
3111 2373 3168 2417 et
3197 2378 3542 2432 quaecunque

1961 2462 2158 2516 similia
2175 2459 2413 2530 Spiritus
2429 2468 2654 2511 sanctus
2685 2457 3012 2511 vaticinatur
3041 2455 3105 2510 ad
3125 2456 3538 2510 suscitationem

1963 2563 2242 2624 pastorum
2271 2565 2324 2607 et
2367 2551 2550 2605 ovium
2576 2592 2588 2612 ,
2615 2558 2670 2604 et
2713 2552 2779 2604 ad
2812 2549 3296 2605 eomminatinnem
3355 2547 3544 2616 despi-

1963 2647 2251 2702 cientium.
2285 2646 2402 2711 Qua
2448 2645 2514 2698 de
2551 2659 2713 2696 causa
2755 2645 2901 2698 enim
2940 2643 3194 2696 Ecclesia:
3221 2641 3424 2697 Christi
3451 2658 3542 2694 cu-

1967 2755 2077 2792 ram
2107 2736 2464 2805 susceperim,
2501 2734 2603 2787 nisi
2645 2735 2720 2787 ita
2749 2737 2981 2786 sentiam
3014 2741 3069 2787 et
3093 2734 3316 2785 doceam
3347 2743 3401 2786 et
3441 2748 3537 2800 pro

1967 2829 2034 2884 iis
2075 2829 2374 2898 pericliter,
2409 2827 2554 2896 quod
2610 2825 2836 2890 accidit,
2889 2837 3056 2895 utque
3089 2841 3275 2879 curem
3317 2841 3378 2878 ea
3425 2841 3546 2893 quae

1965 2921 2093 2976 Jesu
2131 2920 2332 2974 Christi
2361 2929 2415 2972 et
2450 2919 2706 2972 Ecclesia:
2735 2919 2852 2986 ejus
2881 2929 3007 2970 sunt
3032 2918 3098 2970 ad
3124 2931 3310 2970 sanam
3338 2915 3542 2970 doctri-

1969 3029 2092 3068 nam
2122 3012 2467 3066 statuendam
2518 3001 2628 3080 'pro
2665 3010 2874 3063 viribus
2906 3012 3066 3074 meis,
3105 3023 3214 3077 quo
3251 3008 3365 3077 ipsa
3396 3009 3542 3060 omni

1970 3105 2177 3160 macula
2232 3115 2286 3158 et
2341 3106 2500 3158 sorde
2541 3104 2792 3172 superior
2827 3116 3034 3171 sponso
3075 3116 3177 3154 suo
3205 3109 3259 3152 et
3311 3099 3542 3154 Domino

294 3197 362 3248 τα
389 3193 613 3247 τοιαῦτα
641 3193 735 3244 καὶ
765 3195 984 3260 φρονεῖν
1019 3194 1113 3245 καὶ
1139 3193 1414 3246 διδάσκειν
1444 3195 1539 3246 καὶ
1572 3193 1713 3262 ὑπὲρ
1748 3193 1868 3246 τούο
1894 3215 1937 3276 c

1894 3215 1937 3276 ο
1970 3206 2252 3266 appareat.
2280 3195 2424 3264 quod
2469 3195 2890 3264 indispensabtle
2935 3192 3171 3246 ollieium
3202 3203 3284 3246 est
3312 3191 3541 3261 cujusli-

294 3304 406 3340 των
447 3286 912 3354 προκινδυνεύειν,
939 3287 1026 3338 καί
1058 3285 1132 3347 ὡς
1163 3286 1420 3352 ἐγένετος
1463 3287 1619 3338 Ἀλλὰ
1645 3286 1711 3338 τὰ
1740 3287 1869 3356 Χρι-

298 3379 426 3430 στοῦ
475 3377 651 3445 Ἰησοῦ
685 3378 776 3428 καὶ
815 3379 881 3429 τα
911 3377 1008 3445 τῆς
1051 3376 1377 3448 Ἐκκλησίας
1424 3379 1593 3431 αὑτοῦ
1636 3379 1774 3447 πρδς
1804 3382 1869 3448 τῇ

298 3469 583 3536 ὀρθοίοξία
618 3469 743 3520 ὅσον
772 3466 832 3519 τὸ
863 3467 982 3519 κατ’
1012 3467 1134 3534 ὲμὶ,
1165 3469 1258 3520 καὶ
1291 3469 1504 3536 ρυτίδος
1548 3470 1642 3523 καὶ
1680 3470 1870 3520 σπίλου

299 3561 502 3619 «me;
550 3558 860 3627 ὑπερτέραν
904 3558 1133 3627 ὁρᾶσθαι
1183 3557 1261 3626 τῷ
1319 3560 1538 3630 νυμφίῳ
1575 3560 1746 3626 αὐτῆς
1779 3565 1871 3614 καὶ

297 3647 568 3716 Δεσπὸτῃ·
602 3647 630 3698 ὃ
683 3650 775 3698 καὶ
825 3648 1046 3713 ποιμένι
1083 3649 1270 3713 παντὶ,
1333 3646 1450 3700 ἀλλ’
1511 3650 1571 3700 οὑ
1617 3651 1872 3720 μισθωτῷ

297 3740 715 3808 ἀναπολόγητον
746 3740 990 3808 ὄφλημα.
1027 3741 1187 3792 Ἀλλά
1208 3740 1409 3809 βαὸαίι
1450 3742 1873 3810 συμπτωμάτων

296 3833 408 3882 τῶν
439 3833 571 3902 παρ’
605 3831 798 3884 ἐλπίδα
838 3832 1026 3895 τινῶν,
1059 3831 1131 3893 ὡς
1162 3832 1361 3896 ἔοικεν,
1391 3832 1655 3901 ὀρθοδόξῳ
1684 3832 1874 3901 κλήσει

299 3922 746 3992 σεμνυνομὲνων.
796 3923 964 3992 Χείλη
1013 3926 1070 3978 δὲ
1100 3924 1251 3977 δόλια
1290 3926 1346 3976 ἐν
1381 3925 1579 3995 καρδίᾳ
1633 3927 1873 3978 ἀναϐλυο

299 4017 508 4076 ζὲντων
561 4017 709 4068 κακὲ
758 4018 852 4068 καὶ
899 4020 1089 4086 πόρρω
1126 4016 1284 4068 Θεοῦ.
1341 4017 1450 4068 Καὶ
1502 4020 1610 4084 γὰρ
1645 4021 1730 4070 ὅτε
1775 4021 1873 4087 τὴν

301 4113 397 4163 ἐπὶ
419 4111 488 4163 τα
531 4113 763 4180 κρείττω
803 4111 1110 4179 μεταϐολὴν
1159 4110 1487 4180 ἐπιλάμψαι.
1525 4111 1614 4164 διὰ
1649 4111 1741 4176 τῆς
1768 4112 1874 4163 τὼν

297 4206 463 4258 θείων
505 4202 722 4270 θεσμῶν
754 4203 1106 4274 ὲκζητήσεως
1135 4203 1231 4255 καὶ
1268 4204 1618 4266 ἀνανεώσεως
1655 4203 1875 4264 εὕελπις

297 4301 454 4366 ἥμην
497 4301 565 4367 τῇ
603 4298 890 4349 ἀπελεύσει
931 4298 1023 4349 τοῦ
1067 4297 1492 4365 αὐτοκράτορος,
1531 4299 1623 4349 καὶ
1660 4299 1722 4349 ἐκ
1771 4297 1875 4348 τῶν

301 4389 741 4456 συκοφαντωδῶν
761 4388 1184 4459 ἀρῤητουργιῶν
1208 4389 1570 4453 ἀναπνεῦσαι,
1596 4389 1716 4441 τότε
1745 4389 1878 4458 μᾶλ-

299 4485 398 4535 λον
423 4484 492 4534 τὰ
528 4481 793 4549 θεοστυγῆ
827 4480 937 4532 τῶν
974 4479 1239 4532 διαϐολῶν
1271 4481 1704 4550 κεκραταίωνται
1753 4481 1876 4532 καθ’

1973 3288 2064 3341 bet
2092 3287 2324 3356 pastoris
2357 3286 2461 3340 nisi
2494 3285 2860 3340 mercenarius
2886 3285 2976 3338 sit.
3002 3284 3129 3348 S:d,
3149 3301 3180 3337 ο
3211 3284 3547 3352 inexspecta-

1973 3390 2080 3434 tam
2109 3380 2504 3433 calamitatem!
2562 3377 2948 3448 aquibusdam
3004 3377 3282 3431 inductam
3337 3377 3430 3446 qui
3481 3379 3546 3431 de

1971 3474 2271 3527 orthodoxa
2309 3473 2590 3527 vocatione
2627 3471 2803 3540 palam
2831 3471 3238 3539 gloriabantur,
3271 3470 3364 3523 sed
3401 3470 3548 3524 intus

1972 3577 2027 3621 et
2078 3567 2130 3620 in
2161 3565 2324 3620 corde
2379 3566 2522 3618 labia
2563 3564 2750 3617 dolosa
2799 3562 3148 3632 proferebant
3186 3573 3240 3616 et
3272 3563 3464 3631 procul
3517 3579 3546 3615 a

1977 3659 2084 3711 Deo
2101 3667 2275 3710 erant.
2303 3657 2439 3710 Cum
2467 3655 2614 3707 enim
2641 3671 2735 3722 per
2766 3653 3072 3706 divinarum
3108 3653 3286 3718 legum
3321 3653 3542 3719 perqui-

1975 3747 2230 3800 sitionem
2288 3755 2345 3800 et
2403 3747 2830 3804 renovationem,
2865 3743 3222 3794 mutationem
3258 3740 3312 3792 in
3355 3741 3550 3792 melius

1976 3835 2091 3891 fore
2140 3850 2415 3903 sperarem
2466 3835 2518 3887 in
2562 3835 2798 3888 adventu
2859 3833 3246 3902 imperatoris,
3287 3845 3349 3883 ac
3402 3845 3487 3884 me
3519 3845 3549 3883 a

1977 3926 2354 3999 sycophantiis
2383 3935 2438 3980 et
2492 3926 2782 3980 calumniis
2823 3925 3216 3992 respiraturum
3267 3937 3387 3976 esse
3419 3937 3548 3975 con-

1979 4019 2226 4084 ﬁderem,
2259 4028 2388 4074 tunc
2423 4016 2655 4071 maxime
2716 4018 2822 4072 Deo
2878 4017 3079 4070 odiosa:
3109 4018 3214 4070 illa:
3265 4015 3550 4067 calumniae.

1977 4112 2325 4166 invaluerunt
2353 4121 2543 4164 contra
2575 4124 2682 4170 me,
2735 4109 2944 4161 avu'sis
2992 4123 3020 4159 a
3076 4122 3158 4160 me
3186 4106 3257 4159 ob
3290 4106 3547 4160 invidiam

1979 4219 2086 4259 non
2112 4203 2272 4257 modo
2307 4201 2569 4255 fratribus
2599 4213 2647 4255 et
2694 4200 3106 4262 comministris,
3135 4201 3260 4266 quia
3314 4215 3418 4250 nun
3451 4212 3549 4265 pro

1977 4295 2316 4363 singulorum
2369 4291 2764 4360 cupiditatibus
2817 4287 3046 4344 allectus
3096 4303 3288 4350 eram,
3333 4287 3426 4341 sed
3465 4303 3551 4340 sc-

1977 4387 2216 4440 cundum
2254 4385 2536 4438 veritatem
2577 4391 2632 4435 et.
2665 4381 2933 4450 justitiam
2978 4381 3070 4434 Dei
3095 4419 3110 4441 ,
3139 4388 3199 4433 ut
3235 4379 3350 4448 ipse
3414 4378 3552 4434 mihi

1979 4477 2132 4531 testis
2160 4475 2266 4528 erit
2293 4513 2308 4530 .
2339 4474 2520 4539 Quare
2542 4481 2728 4525 coacta
2752 4482 2837 4524 est
2873 4471 2925 4523 in
2977 4470 3207 4524 ecclesia
3239 4482 3434 4524 contra
3466 4486 3552 4524 me

297 4576 486 4643 ἡμῶν,
542 4574 970 4644 ἀπορραγέντων
1017 4589 1118 4641 μου
1155 4573 1217 4625 οὗ
1267 4573 1431 4640 μόνον
1484 4573 1592 4625 τῶν
1625 4572 1872 4640 ἀδελφῶν
1908 4563 1952 4618 Ῑ)

1908 4563 1952 4618 D
1983 4567 2244 4640 synodus,
2275 4581 2337 4620 ac
2366 4565 2605 4634 quesita:
2628 4563 2969 4617 conditiones
3008 4572 3156 4623 sunt.
3186 4573 3246 4615 ut
3273 4563 3316 4616 si
3349 4578 3546 4617 secun—

301 4671 401 4720 καὶ
429 4666 866 4734 συλλειτουργῶν
895 4666 984 4718 διά
1028 4668 1088 4719 τὸ
1134 4666 1458 4735 ζηλότυπον,
1493 4667 1575 4720 ὃτι
1608 4667 1681 4735 μὴ
1740 4667 1874 4738 πρὸς

300 4763 408 4820 τας
437 4759 650 4829 ὀρέξεις
696 4759 986 4828 διεκείμην
1019 4759 1273 4823 ἑκάστου,
1316 4762 1455 4826 πρὸς
1503 4760 1560 4812 δὲ
1607 4762 1706 4828 τὴν
1747 4762 1877 4829 ἁλή-

302 4855 464 4906 θειαν
494 4852 586 4904 καὶ
626 4852 686 4903 τὸ
716 4851 928 4904 δίκαιον
963 4851 1056 4903 τοῦ
1089 4850 1255 4912 Θεοῦ,
1287 4851 1361 4913 ὡς
1389 4851 1555 4915 αὐτὸς
1594 4854 1877 4923 μαρτυρή-

305 4963 396 4998 σει
431 4960 560 5012 μοι·
592 4945 717 4996 ὅθεν
752 4947 847 4995 καὶ
893 4945 1113 4998 σύνοδον
1159 4945 1486 5008 καθίσαντες
1529 4946 1626 5015 τῆς
1676 4945 1878 5013 ἔκκλη-

304 5038 429 5095 σάς
460 5034 608 5094 ἐντἰς
641 5031 764 5085 καθ’
797 5032 973 5101 ἡμῶν,
1006 5034 1097 5084 καὶ
1125 5031 1382 5102 ζητήσεις
1416 5034 1771 5102 σκεψάμενοι,
1802 5034 1876 5095 ὼς

301 5131 352 5179 εἰ
395 5126 527 5193 πρὸς
551 5125 758 5186 ταύτας
790 5125 864 5193 μὴ
895 5130 1266 5176 κατανενοντα
1302 5125 1527 5194 εὕρωσι,
1564 5125 1696 5194 μηδὲ
1727 5126 1877 5178 αὐτοὶ

303 5218 749 5286 πατριαρχευειν
782 5217 1218 5283 ὁμολογήσωσιν.
1264 5216 1450 5285 ἸΙμῶν
1489 5217 1546 5270 δὲ
1574 5219 1640 5270 τὰ
1676 5218 1880 5270 τούτων

310 5316 603 5381 ζητήματα
634 5312 709 5379 μὴ
734 5312 1118 5379 ἀγνοησάντων
1150 5311 1382 5377 ματαίαν
1413 5312 1688 5378 πρόφασιν
1713 5305 1877 5371 εἶναι,

309 5405 609 5458 κάντεῦθεν
661 5404 1032 5471 ἀπωσαμένου
1095 5403 1292 5465 αὐτοὺς
1342 5401 1436 5454 τοῦ
1494 5405 1570 5471 μὴ
1635 5400 1882 5455 ἀνελθεῖν

307 5500 450 5567 πρὸς
484 5498 654 5565 τήν.ᾶῆ
702 5495 798 5547 τοῦ
845 5496 1163 5564 σκέμματος
1209 5496 1612 5563 ἀστοχήσαντες
1653 5493 1789 5562 πρὸς
1823 5493 1884 5544 τὸ

307 5594 475 5658 ἔργον
527 5590 695 5657 χωρὶς
729 5587 986 5657 ἀφορμῆς
1039 5587 1132 5639 τοῦ
1169 5587 1371 5649 ῑξὼσαι
1413 5585 1703 5655 ἐχώρησαν
1735 5585 1885 5652 παρά

308 5685 499 5734 πᾶσαν
530 5680 788 5748 ἀλήθειαν
816 5680 916 5749 τῆς
951 5679 1280 5750 Ἐκκλησίας
1322 5680 1490 5745 ἡμᾶς,
1524 5678 1883 5743 ἀποσυνάγω-

309 5793 410 5841 τον
446 5776 664 5840 θέμενοι
712 5773 805 5823 τὸν
840 5772 1135 5836 πλησιάσαι
1170 5772 1262 5824 καὶ
1298 5771 1627 5837 συλλαλῆσαι
1660 5772 1793 5838 ἡμῖν
1828 5769 1886 5832 ἐξ

310 5868 492 5919 αὐτῶν
539 5881 1026 5930 συμφωνησαντες.
1070 5866 1192 5917 Ἔτι
1225 5864 1359 5926 μηδὲ
1403 5863 1652 5925 Βασιλεὺς
1689 5863 1746 5915 τὸ
1795 5880 1885 5914 τυ·

1980 4661 2108 4714 dum
2139 4674 2231 4713 eas
2275 4672 2473 4710 munus
2518 4653 2838 4725 patriarchas
2867 4652 3023 4706 obire
3058 4653 3284 4715 nollem,
3317 4667 3402 4706 me
3461 4653 3539 4706 illi

1981 4749 2344 4822 patriarcham
2401 4763 2521 4801 esse
2568 4755 2849 4814 negarent.
2912 4744 3047 4799 Cum
3112 4759 3212 4797 nos
3270 4759 3398 4796 vero
3457 4743 3556 4797 has

1980 4846 2306 4916 quasstiones
2340 4857 2534 4895 vanum
2591 4849 2914 4910 prsetextum
2950 4853 3069 4892 esse
3122 4855 3229 4891 non
3278 4839 3554 4908 ignorare-

1983 4953 2121 5000 mus,
2157 4950 2220 4990 ac
2250 4934 2370 4988 ideo
2401 4933 2545 5001 ipsos
2594 4931 2985 4998 repelleremus
3031 4944 3097 4980 ne
3135 4944 3235 4981 nus
3289 4931 3552 4980 conveni-

1983 5039 2124 5092 rent,
2182 5043 2304 5082 cum
2330 5041 2359 5075 a
2387 5038 2552 5092 scopo
2583 5039 2684 5076 suo
2711 5023 2844 5090 lapsi
2875 5030 3083 5082 essent,
3133 5022 3250 5073 sine
3283 5028 3545 5087 praetextu

1983 5123 2048 5175 ad
2076 5137 2174 5176 nos
2196 5118 2479 5190 pellendos
2508 5128 2560 5171 et
2579 5115 2914 5170 abdicandus
2938 5124 3325 5181 processerunt
3351 5122 3550 5180 praeter

1983 5228 2198 5267 omnem
2241 5213 2547 5274 veritatem,
2586 5222 2779 5277 meque
2831 5217 2984 5261 extra
3029 5206 3364 5275 Synagogam
3396 5219 3554 5257 suam

1987 5309 2251 5368 fecerunt,
2286 5314 2449 5371 atque
2477 5319 2584 5356 uno
2619 5315 2891 5354 consensu
2931 5314 3016 5351 me
3065 5314 3094 5350 a
3143 5297 3418 5364 colloquio
3452 5311 3555 5348 suo

1984 5401 2368 5454 cohibuerunt.
2414 5397 2478 5450 Et
2517 5394 2696 5447 adhuc
2744 5394 2964 5460 quidem
3023 5405 3200 5457 neque
3261 5390 3559 5456 imperator

1986 5505 2162 5559 neque
2223 5490 2422 5557 aliquis
2477 5485 2982 5539 comministrorum
3022 5481 3153 5532 mihi
3219 5477 3556 5532 subveniens

1985 5598 2176 5638 eorum
2199 5581 2428 5635 consilio
2457 5577 2692 5632 obstitit.
2719 5575 2871 5627 Tunc
2901 5589 2988 5627 res
3028 5573 3292 5624 humanas
3318 5569 3556 5622 deﬂeba-

1989 5690 2129 5734 mus,
2161 5689 2270 5742 quo
2304 5681 2462 5741 pacto
2498 5685 2596 5723 nos
2630 5669 2883 5723 homines
2918 5666 3085 5718 Deum
3118 5677 3188 5716 on
3222 5660 3412 5715 oculos
3446 5675 3554 5712 non

1991 5767 2244 5835 ponimus
2301 5765 2352 5817 in
2383 5763 2586 5830 quibus
2635 5769 2822 5816 contra
2868 5757 3153 5811 veritatem
3210 5751 3456 5821 agimur;
3493 5752 3559 5801 iis

1991 5864 2082 5926 qui
2125 5875 2223 5914 nos
2275 5858 2501 5911 oilerant
2539 5857 2589 5908 in
2624 5856 2765 5922 regia
2816 5857 3158 5917 congregatis
3192 5861 3313 5898 cum
3347 5845 3557 5908 lxtitia,
