4220 6444
668 407 774 466 503

1715 405 2130 462 ATHANASH
2187 407 2295 463 (ΣΡ.
2343 404 2860 465 ΡΑΤΒΙΑΒΟΗΑΞ

3802 403 3905 466 594

667 522 907 592 Εριειοία
939 521 1003 572 ad
1043 521 1411 592 imperatorem
1438 527 1624 592 contra
1650 520 1815 592 turpis
1854 521 1986 574 lucri
2007 521 2238 590 cupidos,
2272 522 2317 579 Α

2272 522 2317 579 Α
2346 517 2595 592 Γριίμ-μα
2625 518 2775 592 πρὸς
2790 516 2911 592 ,τὸν
2938 517 3339 592 αὐτοκράτορα
3376 515 3524 592 acritr}
3556 517 3904 592 qlazpoxsp-

1074 599 1121 642 et
1163 590 1225 641 de
1257 587 1542 657 uririlegiis
1577 588 1841 643 Ecclesia.

735 705 872 760 Cum
919 703 1072 756 multi
1125 701 1287 755 hodie
1341 702 1462 770 plus
1509 709 1794 769 appetant,
1825 702 1952 772 quia
2000 705 2233 758 maxime

668 798 941 852 neminem
995 810 1184 848 eorum
1227 794 1319 862 qui
1370 793 1630 860 populum
1672 794 1887 848 Domini
1945 804 2002 848 ut
2053 812 2232 850 escam

671 889 825 955 panis
866 889 1146 949 devorant,
1199 893 1252 937 et
1283 893 1513 951 utraque
1566 900 1727 937 manu
1763 885 1930 938 etiam
1978 901 2099 954 qua:
2133 888 2234 941 im-

673 978 806 1044 perii
850 983 977 1027 sunt
1016 976 1067 1027 in
1107 974 1381 1042 propriam
1417 989 1527 1026 rem
1552 973 1850 1037 divertunt,
1878 977 2232 1045 castigatione

669 1067 734 1118 :ttl
784 1081 971 1119 sanam
1020 1075 1254 1118 mentem
1303 1079 1665 1117 revocamus:
1706 1081 1890 1132 qumso
1919 1074 1975 1118 ιιι
2013 1077 2234 1134 propter

672 1158 957 1211 Dominum
992 1170 1230 1224 praesens
1282 1155 1555 1221 negotium
1595 1162 1858 1209 tractetur
1883 1194 1898 1217 ,
1941 1172 2114 1225 neque
2166 1158 2233 1212 ab

671 1248 738 1300 iis
788 1248 878 1315 qui
920 1246 1238 1298 muneribus
1291 1245 1542 1298 exezecati
1588 1255 1745 1311 stmt,
1784 1246 2010 1311 veritas,
2041 1249 2130 1317 jus
2180 1258 2234 1302 et

670 1339 896 1405 a-quitas
924 1345 1347 1390 contemnantur
1387 1375 1400 1397 ,
1438 1352 1609 1403 neque
1642 1337 1714 1387 ita
1756 1335 2092 1404 despiciatur
2138 1337 2238 1391 Ec—

669 1433 855 1497 clesia,
909 1440 969 1484 ut
1029 1431 1308 1498 privilegia
1351 1430 1468 1497 ejus
1524 1428 1766 1497 cujusvis
1796 1430 2006 1482 lucrum
2044 1445 2234 1499 parare

675 1525 898 1578 volentis
917 1522 1202 1576 calumniis
1223 1521 1601 1587 subjiciantur.
1620 1521 1722 1575 Sed
1749 1524 2046 1590 promerita
2074 1541 2233 1593 pcena

671 1613 934 1666 abiciatur
961 1611 1138 1680 quivis
1157 1611 1476 1665 maledictus
1496 1613 1688 1676 homo;
1715 1614 1828 1666 sive
1853 1614 2232 1683 Theophanes,

670 1705 783 1757 sive
812 1703 1060 1772 quisquis
1087 1702 1225 1755 alius
1259 1705 1399 1771 turpi
1435 1704 1588 1758 lucro
1608 1705 1690 1757 vel
1720 1705 1991 1761 calumnia
2026 1709 2195 1762 utimr
2216 1750 2229 1774 ,

669 1804 761 1847 aut
811 1803 995 1846 contra
1043 1792 1324 1845 veritatem
1365 1794 1628 1860 procedit,
1665 1811 1893 1864 eantque
1945 1815 2026 1852 mc
2059 1802 2231 1856 .dacio

2448 588 2570 641 δῶν
2596 589 2692 640 καὶ
2743 586 2858 639 τῶν
2891 589 3231 655 προνομίων
3264 586 3373 654 τῆς
3412 588 3792 654 Ἐκκλησιας.

2405 699 2629 752 Πάντων
2653 698 2956 768 ἐφιεμένων
2977 697 3068 751 τοῦ
3097 699 3337 762 πλείονος
3367 699 3624 769 σήμερον,
3650 703 3744 753 καὶ
3769 703 3904 768 μᾶλ-

2332 791 2422 843 λον
2448 792 2531 844 δτι
2574 791 2779 858 μηδένα
2833 791 2919 843 διὰ
2955 789 3290 851 παιδεύσεως
3342 791 3754 860 σωφρονίζομεν
3792 795 3901 846 τῶν

2333 880 2621 935 ἐσθιόντων
2648 883 2706 934 ἐν
2732 881 2931 951 βρώσει
2958 882 3124 951 ἄρτου
3155 882 3242 933 τὸν
3270 881 3363 934 τοῦ
3401 883 3605 950 Κυρίου
3634 882 3783 942 λαὸν,
3807 884 3902 936 καὶ

2337 975 2783 1042 ἰδιοποιουμένων
2838 976 2933 1027 καὶ
2979 977 3048 1028 τὰ,
3095 976 3193 1042 τῆς
3240 973 3516 1043 βασιλείας
3565 976 3903 1044 ἀμφοτέραις

2335 1066 2513 1134 χερσὶ,
2548 1063 2711 1135 κᾶνή
2770 1064 3022 1134 παροῦσα
3057 1066 3312 1126 ὑπόθεσις
3357 1065 3432 1127 ὡς
3479 1065 3598 1117 δέον
3643 1065 3903 1134 ψηλαφη-

2336 1155 2483 1225 θήτω
2502 1155 2591 1208 διὰ
2615 1157 2704 1208 τὸν
2738 1155 2944 1225 Κύριον
2967 1173 2980 1186 ’
3005 1156 3097 1208 καὶ
3126 1156 3201 1226 μὴ
3217 1156 3305 1208 διὰ
3326 1157 3432 1207 τῶν
3454 1156 3904 1224 ἐκτυφλουμὲνων

2338 1247 2530 1311 ξενίοις
2560 1250 2591 1316 ἡ
2630 1248 2857 1318 ἀλήθεια
2891 1247 3190 1301 άθετείσθω
3243 1248 3334 1300 καὶ
3359 1247 3417 1300 τὸ
3446 1249 3670 1316 ἔννομον
3716 1248 3809 1299 καὶ
3842 1248 3902 1299 τὸ

2335 1338 2563 1391 δίκαιον.
2591 1340 2744 1408 Μηδὲ
2771 1338 3024 1391 τοσοῦτον
3057 1337 3504 1405 καταφρονείσθω
3538 1341 3567 1406 ἡ
3604 1339 3902 1407 Ἐκκλησία

2335 1425 2441 1478 τῶν
2466 1429 2780 1496 προσόντων
2810 1429 2947 1497 αὐτῇ
2994 1428 3326 1497 προνομίων,
3366 1431 3605 1492 εὐκόλως
3637 1431 3740 1482 ὑπὸ
3775 1448 3906 1482 παν-

2335 1518 2425 1579 τὸς
2458 1517 2787 1586 βουλομένου
2846 1519 3150 1587 κερδαίνειν
3196 1520 3559 1590 πεπλασμένῃ
3603 1521 3907 1589 ὑποδεδλῆο

2337 1610 2464 1662 σθαι
2514 1610 2776 1681 διαϐολῇι
2838 1611 2955 1664 ἀλλ’
3013 1611 3179 1675 ἀξίως
3237 1613 3584 1680 ἐπιτιμάσθω
3638 1614 3908 1682 ἐπάρατος

2339 1705 2464 1766 πᾶς,
2499 1704 2605 1755 εἴτε
2638 1703 2918 1774 Θεοφάνης
2963 1704 3074 1754 είτε
3109 1698 3220 1765 οἷός
3269 1704 3417 1756 ἐστιν
3455 1707 3482 1757 ό
3517 1705 3796 1774 χρώμενος
3839 1708 3904 1774 τῇ

2337 1796 2756 1866 αἰσχροκερδεία
2781 1798 2874 1848 καὶ
2899 1799 2961 1866 τῇ
2986 1796 3206 1866 διαϐολῇ
3237 1799 3330 1849 καὶ
3356 1799 3494 1851 κατὰ
3521 1799 3620 1864 τῆς
3643 1798 3904 1867 ἀληθείας

669 1885 905 1937 obrue.e
937 1885 1167 1938 nititur:
1206 1899 1267 1936 ac
1310 1899 1433 1937 cum
1468 1884 1534 1938 iis
1567 1888 1864 1953 puniantur
1885 1893 1976 1958 qui
2025 1892 2078 1944 in
2113 1903 2235 1946 tan-
2269 1879 2308 1932 Β

2269 1879 2308 1932 Β
2339 1887 2553 1956 χωρῶν,
2597 1888 2689 1939 καὶ
2735 1887 2939 1955 ταύτης
2979 1887 3485 1957 κπιίιςαιῖνευδόμενος⁸
3529 1888 3650 1958 μεθ’
3684 1883 3757 1940 ὧν
3807 1891 3903 1941 καὶ

672 1989 777 2030 tam
811 1976 1090 2029 audaciam
1129 1986 1514 2044 proruperunt,
1554 1988 1610 2031 ut
1638 1981 1960 2035 muneribus
1992 1987 2233 2054 corrupti

673 2077 780 2118 tam
836 2066 1040 2120 fiedum
1088 2064 1298 2117 facinus
1326 2066 1620 2120 occultent.
1660 2065 1844 2134 Neque
1874 2068 2018 2120 enim
2053 2069 2233 2124 divina

673 2154 806 2207 ultio
847 2169 1061 2222 semper
1085 2151 1400 2206 dormitabit
1425 2152 1490 2204 iis
1523 2153 1613 2220 qui
1646 2153 1768 2204 talia
1795 2153 1908 2206 ausi
1937 2165 2083 2215 sunt,
2115 2156 2237 2223 qui-

669 2244 804 2298 libet
840 2247 1054 2298 tandem
1097 2245 1318 2298 fuerint.
1359 2245 1451 2298 llis
1480 2244 1546 2298 de
1587 2245 1764 2298 causis
1816 2262 2008 2308 precor
2041 2247 2238 2300 iterum

671 2338 1006 2406 majenatem
1060 2347 1232 2400 tuam,
1270 2348 1329 2390 ut
1366 2352 1556 2390 eorum
1615 2353 1840 2390 exawcn
1867 2349 1921 2392 et
1978 2340 2238 2394 ultionem

672 2433 1055 2485 incunctanter
1083 2439 1136 2483 et
1172 2429 1402 2499 impigre
1436 2439 1718 2497 procuret,
1754 2445 1859 2481 non
1900 2447 1927 2482 a
1969 2435 2242 2502 corruptis

670 2534 723 2575 ιιι
766 2523 1014 2590 pecunia:
1042 2523 1213 2576 amori
1248 2537 1421 2589 genua
1459 2520 1803 2575 flectentibus
1861 2521 1993 2575 viris
2038 2522 2242 2578 facien-

670 2618 790 2668 dam
822 2636 832 2671 :
885 2617 1038 2686 cujus
1077 2629 1238 2669 causa
1267 2615 1431 2668 Judas
1459 2615 1514 2669 in
1544 2612 1788 2667 fraudem
1847 2616 1961 2683 ipse
1993 2632 2144 2669 suam
2183 2633 2241 2672 se

670 2710 902 2774 extulit;
937 2710 1009 2762 ita
1053 2719 1110 2762 ut
1156 2709 1273 2777 ejus
1327 2707 1538 2761 facinus
1577 2707 1779 2777 ubique
1815 2717 1870 2761 et
1899 2707 2115 2761 assidue
2146 2708 2240 2762 de-

673 2816 941 2858 mittetur.
974 2803 1126 2869 Quod
1159 2805 1200 2857 si
1240 2820 1344 2855 non
1378 2804 1727 2864 ulciscantur,
1762 2802 1857 2855 sed
1891 2801 2158 2870 neglectui
2187 2812 2241 2856 et

672 2898 892 2951 silentio
923 2913 1020 2950 nos
1049 2896 1380 2956 dederimus,
1442 2895 1556 2947 lucc
1594 2893 1737 2962 apud
1767 2896 1970 2962 justum
2000 2893 2238 2964 judicent

673 2989 842 3044 lleum
873 2989 1043 3043 inulta
1068 3003 1174 3042 non
1209 2997 1391 3042 erunt.

672 3153 913 3223 Epistolu
956 3153 1023 3205 ad
1055 3155 1425 3219 imperatorem
1473 3152 1534 3203 de
1574 3152 1784 3204 domino
1819 3149 2052 3223 Niphoue
2093 3150 2240 3218 Cyzi-

739 3242 901 3287 ceno,

747 3295 982 3347 oblatus.

742 3454 876 3505 (11am
909 3451 1143 3518 aliquem
1178 3451 1228 3503 in
1255 3448 1471 3518 judiciis
1495 3446 1561 3500 de
1580 3445 1873 3514 praecipuis
1913 3459 2068 3498 reum
2100 3445 2240 3498 acci-

673 3543 752 3596 dit
797 3543 939 3611 apud
971 3559 1070 3596 nos
1102 3543 1266 3605 mitti,
1289 3540 1489 3594 auditis
1516 3546 1837 3592 cunctorum
1880 3538 2119 3605 legitime
2147 3536 2239 3589 ad-

676 3637 970 3690 missorum
1022 3636 1488 3695 accusationibus,
1551 3649 1651 3686 nec
1698 3632 2054 3687 dilationibus
2079 3641 2240 3685 uten-

675 3728 827 3790 dum,
861 3742 963 3779 nec
994 3740 1268 3778 morarmn
1301 3726 1562 3779 facultate
1624 3725 1675 3778 in
1703 3724 1929 3794 gratiam
1960 3721 2238 3789 postulan-

676 3820 831 3882 tium,
855 3832 1072 3870 causam
1105 3819 1356 3871 celeriter
1384 3827 1632 3886 agentes,
1675 3826 1732 3870 et
1763 3828 1822 3869 ut
1849 3815 2008 3868 decet
2038 3828 2240 3868 curan-

677 3924 780 3964 tes.
839 3911 994 3975 Quod
1054 3912 1096 3963 si
1131 3927 1258 3963 vero
1292 3910 1434 3978 apud
1461 3910 1711 3962 homines
1744 3911 1797 3963 in
1838 3909 2238 3962 sententiarum

680 4001 984 4069 prolatione
1038 4001 1276 4070 jurgium
1327 4010 1381 4055 et
1437 3999 1800 4062 obtrectatio,
1835 4000 2014 4067 qualia
2051 3997 2239 4067 procul

674 4094 844 4147 dubio
869 4093 922 4145 in
956 4093 1161 4146 divinis
1193 4093 1574 4161 discrepanter
1598 4099 1920 4154 occurrunt,
1951 4100 2066 4144 tttm
2095 4105 2240 4157 mag-

673 4189 780 4248 nis,
836 4193 948 4235 tum
1004 4184 1205 4250 parvis,
1253 4197 1312 4237 ut
1346 4185 1541 4252 siquis
1572 4184 1798 4237 irrideat
1829 4183 1912 4236 vel
1960 4181 2240 4249 sacrilegis

676 4277 929 4329 manibus
955 4285 1149 4330 tractet
1179 4291 1298 4344 qua:
1330 4275 1394 4328 ad
1430 4292 1555 4328 cum
1589 4285 1862 4346 spectant,
1898 4277 2026 4330 dum
2061 4285 2244 4347 posset

675 4368 862 4422 ulcisci
899 4377 953 4420 et
982 4368 1275 4421 vindictam
1311 4367 1614 4422 retribuere
1638 4369 1805 4434 Deus,
1832 4371 1997 4423 maris
2017 4370 2239 4438 placidi-

676 4473 840 4514 tatetn
901 4461 1083 4529 potius
1132 4476 1381 4526 servans,
1428 4476 1492 4514 ac
1561 4463 1732 4514 nostri
1759 4463 1813 4515 in
1841 4478 2003 4516 omne
2038 4465 2238 4518 bonum

2340 1976 2389 2026 οἱ
2423 1977 2514 2027 ἐπὶ
2571 1977 2826 2028 τοσοῦτον
2861 1977 3241 2047 θαρρήσαντες
3274 1976 3368 2028 νῦν
3410 1975 3505 2029 τοῦ
3555 1978 3904 2046 συγκαλύψαι

2343 2067 2540 2131 ξενίοις
2572 2069 2664 2120 καὶ
2698 2068 2957 2138 τοιαύτην
2987 2069 3305 2138 μιαιφονίαν
3351 2069 3630 2140 ἐλεεινὴν·
3656 2071 3737 2121 δτι
3769 2069 3904 2138 μηδὲ

2342 2162 2376 2229 ὴ
2410 2162 2530 2212 θεῖα
2564 2160 2684 2228 δίκη
2723 2159 3073 2223 ὲπινυστάξει
3135 2161 3299 2229 μέχρι
3333 2161 3528 2224 παντὸς
3576 2164 3684 2224 τοῖς
3737 2162 3910 2216 ταῦτα

2344 2252 2762 2319 κατατολμῶσιν
2787 2252 2983 2315 οἵτινες
3011 2252 3103 2305 καὶ
3130 2254 3287 2305 εἰσίν.
3322 2254 3548 2306 Ἐνικεν
3582 2253 3788 2306 τούτων
3815 2255 3910 2307 καὶ

2344 2342 2498 2405 αὖθις
2545 2343 2790 2408 ἐξέτασιν
2833 2343 3045 2412 δέομαι,
3093 2344 3187 2396 καὶ
3234 2345 3515 2415 ἐκδίκησιν
3545 2347 3680 2416 πρὶς
3718 2347 3816 2414 τῆς
3846 2347 3945 2414 ἐκ,

2342 2433 2477 2486 Θεοῦ
2507 2435 2782 2513 βασιλείας
2815 2453 2906 2488 σου
2945 2437 3162 2507 ἀρρεπῆ
3195 2436 3518 2506 γεννηθῆναι
3572 2441 3664 2491 καὶ
3695 2440 3908 2502 ἄοκνον,

2332 2525 2419 2594 -μὴ
2455 2527 2602 2594 παρὰ
2649 2527 3017 2597 διεφθορότων
3053 2529 3146 2581 καὶ
3194 2531 3259 2598 τῇ
3301 2530 3533 2598 κακίστη
3570 2531 3907 2601 φιλαργυρίᾳ

2343 2619 2475 2688 γόνυ
2527 2617 2868 2669 κλινάντωνσ
2913 2618 2981 2669 δι’
3042 2619 3108 2687 ἢν
3167 2623 3259 2672 καὶ
3303 2621 3502 2684 Ἰούδας
3554 2621 3903 2692 ἐμεγαλύνθη

2342 2709 2677 2777 ἐπισφαλῶς,
2710 2711 2782 2770 ὡς
2813 2711 3184 2782 προσᾴδεσθαι
3210 2711 3484 2780 πανταχοῦ
3513 2713 3600 2766 καὶ
3622 2713 3904 2783 διη·.εκῶς.

2345 2805 2406 2854 Εἰ
2438 2803 2494 2856 δὲ
2538 2803 2611 2872 μὴ
2663 2803 3062 2871 διεκδικοῦμεν,
3114 2804 3227 2856 ἀλλ’
3260 2805 3570 2873 ἀνεχόμεθα
3629 2824 3909 2876 παρασιω-

2347 2894 2471 2963 πᾷν.
2502 2894 2582 2945 Τά
2633 2892 2855 2946 τοιαῦτα
2893 2893 3010 2962 Θεῷ
3057 2894 3132 2964 τῷ
3163 2892 3507 2964 δικαιοκρίτῃ
3541 2895 3809 2949 ἀνεύθυνα
3846 2898 3907 2948 οὐ

2343 2985 2607 3053 διαμενεῖ.
2678 3031 2688 3038 .

2343 3144 2594 3213 Γράμμα
2626 3145 2772 3212 πρὸς
2817 3145 2924 3197 τὸν
2956 3143 3368 3212 αὐτοκράτορα
3398 3146 3528 3211 περὶ
3565 3145 3671 3198 τοῦ
3723 3145 3910 3212 κυροῡ

959 3214 1137 3292 quoad
1184 3224 1540 3275 αειτιιδιιιὶοηοε
1594 3229 1782 3273 contra
1841 3214 2079 3274 eumdem
2135 3214 2306 3289 ἱρείο
2408 3217 2625 3292 Νζφωγι

2262 3217 2306 3278 C
2408 3217 2682 3292 Νίφωγος
2735 3215 2909 3292 ὄντος
2959 3216 3231 3292 Κυζίκου.
3267 3214 3365 3292 διά
3405 3215 3514 3280 τὰς
3551 3219 3908 3282 κατηγορίας

2412 3287 2519 3350 τὰς
2554 3285 2966 3350 ἀκουσθείσας
2997 3285 3131 3351 περὶ
3164 3285 3375 3338 αὐτοῦ.

2424 3439 2617 3494 Ἦνίκα
2648 3441 2771 3495 τινὰ
2798 3441 2906 3494 τῶν
2938 3441 2995 3493 ἐν
3019 3441 3200 3504 δίκαις
3227 3443 3601 3513 συνεχομένων
3632 3445 3781 3512 παρὰ
3815 3461 3907 3509 με·

2344 3534 2524 3602 γάλων
2551 3536 2734 3611 συμϐῇ
2764 3534 2899 3607 πρὸς
2928 3537 3074 3605 ἡμᾶς
3098 3536 3358 3602 σταλῆναι
3394 3536 3719 3604 προσώπων,
3747 3538 3909 3588 ἀκον-

2347 3627 2540 3696 σθῆναι
2570 3630 2669 3696 τὴν
2698 3629 2855 3699 δίκην
2887 3630 3115 3681 ἐκείνων
3162 3627 3460 3688 συνοδικῶς
3494 3628 3808 3691 ἀξιούντων,
3845 3629 3907 3680 οὗ

2347 3720 2483 3788 πρὸς
2511 3720 2779 3783 ἀναόολάς
2826 3719 3114 3790 χωροῦμεν
3142 3723 3238 3773 καὶ
3273 3720 3600 3788 ὑπερθέσεις
3630 3722 3736 3771 τὶν
3764 3737 3908 3786 πεμ-

2343 3813 2563 3879 ψάντων
2614 3812 2796 3881 χάριν,
2831 3813 3042 3881 ταχέως
3095 3813 3519 3881 ἐπιμελούμενοι
3551 3811 3643 3863 καὶ
3686 3811 3758 3872 ὡς
3790 3812 3908 3864 δέοι

2345 3905 2746 3973 φροντίζοντες.
2781 3905 2842 3958 El
2897 3906 2954 3957 δὲ
2999 3905 3086 3958 ἐπ’
3127 3904 3431 3974 ἀνθρώπων
3478 3905 3536 3956 ἐν
3578 3904 3759 3973 κρίσει
3788 3904 3907 3958 δια-

2346 3999 2486 4063 φορὰ
2514 3998 2606 4048 καὶ
2631 3997 2986 4066 προτίμησις,
3019 3997 3181 4049 ὁποία
3209 3995 3599 4064 ἀναμφιϐόλως
3623 3998 3714 4047 καὶ
3741 3998 3900 4062 ἁσυγι

2345 4089 2546 4157 κρίτως
2577 4089 2634 4141 ἐν
2665 4090 2778 4150 τοῖς
2802 4088 2944 4157 ὑπὲρ
2974 4086 3111 4140 Θεοῦ
3144 4087 3516 4154 ὲποφείλεται,
3563 4086 3820 4155 μεγάλοις
3847 4104 3903 4140 τε

2345 4181 2434 4232 καὶ
2469 4183 2706 4249 μικροῖς,
2735 4182 2877 4235 ὥστε
2907 4181 2997 4232 καὶ
3033 4179 3160 4240 τοὺς
3189 4179 3543 4246 ἐμπαροινεῖν
3577 4178 3666 4228 καὶ
3707 4179 3905 4246 ἀφραί-

2346 4287 2456 4322 νειν
2507 4270 2577 4322 τά
2630 4272 2710 4332 είς
2764 4269 2928 4323 αὑτὸν
2978 4268 3201 4327 δυνατὸς
3243 4265 3318 4319 ὣν
3361 4267 3755 4336 ἐπεξέρχεσθαι
3813 4270 3907 4319 καὶ

2344 4359 2632 4412 διεκδικεῖν
2664 4358 3024 4428 ἀγαθωσύνης
3080 4357 3306 4424 πελάγει
3353 4356 3663 4423 δοκιμάζων
3692 4358 3783 4407 τὸν
3814 4356 3908 4408 πό·

2345 4450 2436 4503 θον
2469 4450 2630 4520 ἡμῶν
2661 4450 2796 4519 πρὸς
2830 4452 2890 4501 τὸ
2920 4449 3129 4501 δίκαιον
3161 4451 3252 4500 καὶ
3283 4448 3606 4516 φιλάδελφον
3632 4449 3678 4498 εξ
3709 4449 3905 4514 ἐπιμεο

672 4563 729 4605 et
758 4567 973 4620 aequum
1008 4551 1173 4605 studii
1203 4551 1424 4604 minime
1450 4552 1672 4618 ignarus
1692 4593 1705 4615 ,
1727 4552 1993 4619 utculpas
2015 4568 2238 4606 curare-
2275 4568 2315 4621 ι)

2275 4568 2315 4621 D
2345 4543 2587 4612 λούμεθα
2620 4542 2896 4611 ἁμαρτίας
2945 4540 3268 4607 ἐλευθεροῦν
3300 4540 3559 4605 ἀδελφοὺς
3601 4539 3906 4608 ἀνθρώποις

674 4660 797 4697 mus
825 4646 1078 4708 invicem,
1104 4645 1417 4698 hominibus
1448 4644 1640 4697 fratres
1666 4646 1938 4697 commisit
1967 4646 2237 4713 etjustam

674 4737 1140 4800 prievaricationis
1158 4752 1396 4804 pinnam,
1416 4751 1481 4788 ne
1504 4735 1616 4788 ullo
1639 4736 1799 4790 modo
1822 4737 2041 4790 veritati
2064 4740 2242 4790 detra-

674 4826 922 4881 heretur.
945 4826 1150 4882 Idcirco
1176 4841 1419 4896 qua-qua:
1444 4827 1600 4880 nobis
1615 4842 1681 4879 ex
1704 4828 1932 4882 auribus
1960 4826 2241 4895 percipere

674 4921 898 4978 accidit.
962 4920 1036 4973 nil
1106 4936 1170 4973 cx
1200 4921 1283 4972 bis
1320 4929 1508 4988 utpote
1536 4919 1865 4987 spernendis
1896 4918 2240 4969 dimittamur

674 5013 882 5074 vacuis,
931 5027 1031 5065 nec
1088 5013 1152 5065 ad
1187 5021 1400 5081 tempus
1436 5012 1843 5081 protrahamus,
1880 5012 2079 5064 nedum
2102 5011 2240 5064 obli—

673 5106 972 5167 viscantur,
1004 5107 1086 5159 vel
1118 5117 1436 5160 camerarum
1467 5106 1866 5173 cogitationum
1894 5121 2054 5158 cursu
2094 5104 2241 5156 dela-

677 5199 784 5263 psi,
807 5196 934 5248 talia
961 5196 1280 5250 deseramus
1316 5197 1486 5250 inulta
1513 5199 1762 5266 quamvis
1781 5211 1997 5248 causam
2027 5195 2242 5248 noveri-

675 5302 819 5340 mus.
853 5288 1006 5351 Quod
1049 5288 1092 5339 si
1124 5287 1320 5355 aliquis
1343 5288 1444 5341 sibi
1476 5289 1696 5340 noxium
1731 5288 1813 5339 vel
1843 5287 2111 5338 infensum
2147 5300 2239 5352 pa-

678 5381 870 5443 tiatur,
925 5391 1078 5435 certe
1111 5380 1478 5444 laudandum;
1517 5379 1660 5447 quod
1685 5393 1814 5431 vero
1845 5377 2038 5430 eodem
2074 5376 2234 5428 modo

677 5473 729 5524 in
759 5471 952 5525 fratres
982 5481 1191 5535 utatur,
1222 5487 1320 5525 nec
1337 5470 1679 5540 querimonia
1703 5483 1805 5522 nec
1834 5467 2240 5534 vituperatione

678 5563 890 5625 vacabit
918 5581 931 5626 ;
965 5564 1106 5629 quod
1134 5565 1178 5617 si
1207 5563 1423 5616 tandem
1451 5561 1756 5632 judicantis
1800 5569 2003 5612 statuta
2029 5572 2235 5611 consu-

677 5661 774 5713 lae,
809 5654 1201 5722 periculosum.
1262 5653 1433 5707 Nemo
1484 5652 1687 5706 etenim
1752 5652 1990 5719 optimus
2045 5649 2233 5715 iniqua

678 5756 924 5806 “gentem
956 5745 1297 5813 comprobat,
1325 5745 1425 5797 etsi
1453 5743 1891 5812 pbilantbrOpus.
1913 5739 2006 5792 sed
2034 5749 2084 5791 et
2121 5739 2238 5790 vin~

679 5838 876 5887 dictum
903 5845 957 5890 et
997 5836 1131 5889 iram
1157 5837 1389 5890 miscens
1413 5876 1425 5897 ,
1453 5850 1642 5888 eorum
1706 5835 1797 5902 qui
1824 5848 1984 5901 t‘pClzl
2019 5831 2109 5884 llci
2144 5847 2235 5883 nc-

2350 4634 2679 4702 παρέπεμψε
2713 4635 2812 4703 τὴν
2842 4632 3060 4685 δικαίαν
3091 4631 3396 4700 ἐκδίκησιν,
3428 4631 3593 4698 μηδὲν
3628 4633 3904 4702 προτιμᾷν

2346 4726 2721 4793 ἐντειλάμενος
2747 4722 3026 4793 ἀληθείας.
3063 4723 3163 4774 Διὰ
3189 4723 3345 4773 τοῦτο
3368 4721 3434 4773 τὰ
3464 4722 3745 4788 φθάσαντα
3773 4725 3907 4790 ﬁgas-

2347 4816 2532 4881 τέραις
2562 4817 2752 4867 πεσεῖν
2783 4816 2994 4876 ἀκοαῖς,
3032 4813 3108 4883 μὴ
3153 4811 3228 4875 ὣς
3258 4829 3308 4863 τι
3357 4811 3463 4863 τῶν
3499 4815 3908 4880 εὐκαταφρονή-

2347 4921 2474 4969 των,
2506 4906 2755 4974 ἐάσωμεν
2786 4907 3129 4974 ἀνενεργητα
3155 4921 3168 4934 ο
3209 4903 3344 4972 μηδέ
3372 4903 3560 4970 καιροῦ
3588 4904 3907 4971 ὑπερθέσει,

2348 4999 2493 5060 ὅπως
2526 4997 2933 5067 ἐπιλησθῶμεν,
2964 4997 2997 5061 ἦ
3037 4997 3093 5062 ἐξ
3151 4996 3327 5048 ἄλλων
3376 4995 3669 5063 φροντίδων
3725 5010 3905 5062 παρα-

2348 5090 2533 5161 δράμῃ
2568 5091 2711 5158 ἡμᾶς
2749 5091 3082 5158 ἀνεκδίκητα
3128 5090 3234 5140 τῶν
3266 5087 3521 5140 τοιούτων
3549 5086 3764 5150 ὑςέξειν
3815 5088 3907 5137 τὶν

2344 5185 2501 5249 λόγον
2533 5184 2608 5252 μὴ
2643 5182 2980 5250 ἀγνοοῦντες.
3011 5183 3070 5233 Εἰ
3113 5183 3217 5249 γάρ
3252 5199 3334 5242 τις
3363 5179 3452 5232 τὸν
3485 5179 3901 5249 προσκόπτοντα

2346 5279 2423 5337 εἰς
2457 5276 2639 5337 αὑτὸν,
2674 5275 2705 5339 ἦ
2756 5274 3059 5342 ζημιοῦντα
3098 5273 3366 5334 ἀνέξεται,
3421 5271 3528 5321 ’τῶν
3578 5270 3907 5335 ἐπαινουμέ-

2349 5385 2455 5418 νων
2497 5366 2678 5417 ἐστίν·
2715 5368 2760 5417 εἰ
2795 5365 2849 5416 δὲ
2908 5367 3172 5434 χρήσεται
3227 5361 3396 5425 τούτῳ
3445 5362 3536 5410 ἐπὶ
3578 5358 3906 5420 συνδούλου,

2346 5459 2465 5510 οὐδὲ
2508 5457 2766 5526 μέμψεως
2817 5457 2918 5520 ἔξω
2947 5456 3067 5508 οὐδὲ
3099 5454 3390 5505 ἀνεύθυνον
3417 5468 3428 5480 ·
3458 5453 3505 5502 εξ
3537 5451 3593 5500 δὲ
3644 5450 3734 5500 καὶ
3779 5452 3908 5508 τοις

2345 5551 2569 5618 κυρίους
2627 5547 2960 5615 προσϐλέπει
3016 5545 3108 5598 τοῦ
3165 5544 3465 5613 κρίνονιτος,
3528 5540 3904 5593 ἐπικί·σδυ,ονο

2345 5643 2424 5693 ὅτι
2456 5642 2588 5709 μηδὲ
2625 5641 2784 5702 αὐτὸς
2816 5643 2840 5690 ὁ
2891 5638 3206 5703 πανάγαθος
3251 5634 3551 5687 ἀδικεῖσθαί
3580 5650 3700 5684 τινα
3744 5635 3906 5682 ἐπα.-

2345 5736 2442 5794 νεί,
2476 5735 2566 5783 καὶ
2593 5733 2638 5782 εἰ
2669 5732 2787 5782 λίαν
2819 5731 2933 5783 ἐστὶ
2965 5728 3370 5798 φιλάνθρωπος,
3396 5726 3532 5778 ἀλλὰ
3564 5724 3782 5794 κίρνησι
3813 5724 3905 5774 τὸν

2344 5826 2569 5895 τρνγίαν
2604 5825 2784 5885 αὐτοῖς
2818 5822 2908 5874 τοῦ
2941 5821 3132 5891 θυμοῦ,
3166 5819 3409 5892 ὀκνηρῶς
3439 5818 3543 5869 τῶν
3565 5816 3900 5872 δεσποτικῇ-ι
