4220 6444
759 438 862 498 515

1807 429 2223 488 ΑΤΠΑΝΛΞΙΙ
2268 430 2373 490 CP.
2433 427 2945 489 l‘ATRlAl’tC‘llJE

3888 426 3990 489 516

757 548 822 599 ad
860 545 1246 615 perficiendum
1271 558 1390 612 qua:
1419 552 1635 612 oportet
1661 559 1674 606 ;
1707 557 2084 614 ponamusque
2109 544 2320 597 animas
2350 553 2394 609 Α
2423 557 2523 598 suo
2547 544 2878 610 decreverit,
2907 554 2967 597 ut
2991 559 3055 596 ex
3078 545 3415 613 episcopatu,
3443 545 3730 610 metr0poli
3750 543 3988 598 Menem-

761 656 858 707 pro
893 638 1088 690 ovibus
1107 638 1226 703 ejus
1255 636 1347 704 qui
1377 637 1540 690 simul
1563 645 1615 688 et
1651 634 2324 690 demonstravitctedicto

763 731 962 793 sanxit,
993 730 1136 798 quod
1164 729 1422 781 omnibus
1447 727 1760 796 pastoribus
1797 729 1862 798 (si
1905 728 2124 795 quando
2167 728 2322 796 alias)

767 823 928 876 hodie
962 821 1190 874 maxime
1240 822 1517 884 convenit,
1548 835 1672 872 cum
1709 835 1816 872 non
1857 819 2030 872 solum
2065 820 2176 887 lupi
2209 834 2328 886 gra-

767 928 878 975 ves,
905 912 1080 978 impii,
1119 911 1370 977 inquam,
1400 920 1452 961 et
1483 909 1750 969 lia-retici,
1781 911 1834 962 in
1867 907 2082 977 gregem
2112 908 2326 962 Domini

769 1004 1016 1063 irrunnt;
1051 1001 1144 1052 sed
1179 1017 1243 1054 ex
1277 1000 1435 1052 nobis
1465 999 1620 1067 ipsis,
1659 1007 1717 1051 ul
1750 999 2042 1067 Apostolus
2090 998 2189 1059 ait,
2224 997 2325 1048 viri

765 1098 820 1140 et
866 1089 1123 1140 mulieres
1163 1104 1269 1140 non
1306 1101 1570 1140 verentur
1615 1088 1960 1142 Christianos
2016 1102 2043 1138 a
2089 1087 2351 1161 ‘Clll'lSlO.

767 1180 1072 1233 distrahere
1115 1193 1168 1232 et
1210 1181 1470 1235 avellere.
1509 1180 1881 1244 Quamobrem
1946 1180 2093 1234 veris
2134 1189 2332 1258 pasto-

769 1272 921 1325 ribus
960 1288 1062 1322 non
1101 1279 1182 1323 est
1215 1281 1388 1324 tutum
1426 1288 1530 1324 non
1568 1272 1817 1339 vigilare,
1846 1279 1902 1325 et
1942 1288 2050 1325 non
2088 1265 2360 1325 ci‘reuni-i

767 1377 984 1428 quaque
1026 1361 1210 1414 omnia
1245 1362 1512 1425 lustrare,
1559 1376 1799 1428 ovesque
1855 1373 2100 1414 errantes
2155 1362 2328 1413 solutn

768 1466 1033 1518 qna-rere,
1076 1467 1138 1505 ac
1173 1469 1280 1505 non
1312 1452 1781 1522 inagissollicitos
1813 1469 1931 1506 esse
1972 1469 2069 1522 pro
2105 1454 2171 1506 iis
2204 1470 2326 1522 quae

770 1559 876 1595 non
911 1553 1118 1603 errant,
1172 1546 1498 1611 perterritos
1530 1546 1721 1598 liorum
1759 1556 2061 1612 temporum
2091 1546 2334 1599 tenebris

771 1649 892 1701 qua:
918 1635 1066 1702 justo
1106 1634 1195 1686 Dei
1242 1635 1514 1701 permissu
1573 1652 1633 1688 ac
1682 1637 1894 1704 judicio
1948 1638 2107 1689 nobis
2172 1638 2333 1691 illata:

770 1733 928 1787 sunt;
967 1725 1092 1792 quia
1130 1724 1335 1777 scilicet
1375 1740 1480 1777 non
1522 1725 1596 1777 ita
1632 1726 1888 1787 vivimus,
1923 1737 1981 1780 ιιι
2008 1743 2134 1779 eum
2175 1729 2333 1780 decet

771 1817 863 1884 qui
901 1831 999 1868 nos
1039 1816 1272 1867 vocavit.
1314 1814 1442 1878 Sed,
1473 1831 1504 1867 o
1536 1816 1843 1869 animarum
1871 1825 2184 1870 nostrarum
2239 1818 2334 1871 de-

2429 635 2662 689 basiensi
2697 635 2967 706 subjecto,
2993 634 3214 688 ducenti
3249 634 3400 688 aurei
3441 635 3601 687 annis
3633 635 3861 701 singulis
3891 636 3992 688 tibi

2429 722 2816 794 redderentur,
2856 743 2965 798 quo
2996 727 3159 780 etiam
3192 727 3459 780 beneflcio
3488 741 3597 780 nos.
3621 725 3903 795 obligavit,
3935 737 3999 778 ut

2431 835 2536 872 non
2570 821 2745 874 solum
2786 829 3008 888 propter
3041 819 3358 884 religionem
3393 817 3778 885 imperatorem
3803 817 3997 870 laude-

2431 928 2572 975 ntus,
2609 921 2662 964 et
2706 927 2803 980 pro
2824 929 2904 964 .eo
2942 926 3155 964 omnes~
3185 910 3546 963 ecclesiastici
3595 925 3782 977 preces
3835 907 3996 961 adbi-

2431 1002 2681 1066 beamus,
2709 1002 2802 1056 sed
2843 1012 3072 1071 preptcr
3122 1002 3332 1054 variam
3405 1000 3874 1068 multiplicemque
3906 999 4000 1051 be-

2432 1083 2775 1148 neficentiam
2801 1106 2962 1162 atque
2993 1093 3421 1162 providentiam.
3457 1092 3568 1143 lloc
3601 1090 3851 1157 exemplo
3877 1089 3963 1143 fac
3989 1120 3996 1125 -

2436 1197 2546 1240 tum
2572 1202 2676 1250 est,
2709 1197 2766 1242 ut
2796 1189 3085 1255 episc0pus
3109 1186 3422 1248 Sardcnsis,
3456 1200 3566 1255 prae
3602 1185 3781 1237 studio
3809 1193 3860 1236 et
3902 1197 4002 1235 cu-

2436 1286 2663 1354 piditate
2697 1282 2865 1337 eundi
2887 1279 3158 1332 celeriter
3185 1285 3246 1328 ait
3281 1277 3640 1345 requirendas
3665 1291 3795 1328 oves
3820 1290 3947 1329 snas
3977 1315 3990 1334 ,

2435 1395 2542 1432 non
2575 1375 2853 1430 excusarit
2883 1371 3122 1441 pericula
3158 1411 3171 1434 ,
3209 1369 3599 1437 impedimenta
3631 1367 3861 1424 itineris.
3908 1380 4000 1418 se-

2435 1477 2737 1528 nectutem,
2765 1464 3134 1532 temporisque
3171 1459 3699 1519 incommoditatem,
3718 1472 3855 1526 quas
3883 1472 4004 1508 om-

2437 1577 2534 1617 nes
2602 1557 2950 1612 dillicultates
3003 1553 3132 1606 vicit
3185 1553 3401 1604 animus
3464 1551 3637 1620 ipsius
3691 1560 4000 1618 promptus.

2435 1654 2609 1719 Quem
2646 1649 2947 1716 imperator
3003 1660 3126 1698 rum
3181 1642 3341 1696 laude
3377 1641 3600 1709 dignum
3627 1641 3919 1710 judicaret,
3943 1650 4006 1693 et

2436 1745 2501 1797 ad
2528 1742 2774 1796 debitum
2809 1752 2872 1791 ac
2904 1737 3142 1790 salutare
3163 1748 3364 1786 munus
3391 1732 3629 1786 excitare
3653 1732 3836 1794 vellet,
3872 1745 4004 1799 pro.

2437 1836 2578 1888 vidit
2609 1844 2666 1886 ut
2714 1839 2883 1892 esset,
2916 1827 3058 1880 unde
3093 1825 3167 1877 illi
3204 1823 3518 1876 necessaria
3561 1816 3844 1874 commode
3873 1833 4008 1885 snp-

772 1907 1120 1957 lrimentuml
1177 1919 1208 1955 0
1233 1906 1480 1973 ingentes
1539 1920 1752 1972 pceuas,
1810 1906 1967 1959 nobis
2017 1906 2088 1958 ob
2121 1917 2336 1960 nostras
2370 1898 2410 1954 Β
2441 1933 2691 1995 peterem
2725 1937 2739 1976 ;
2770 1919 2985 1972 scilicet
3034 1931 3132 1969 suo
3157 1912 3390 1967 consitio
3427 1920 3481 1964 ει
3519 1911 3847 1963 auctu-irate
3880 1921 4010 1975 μοι».

771 1996 1029 2049 libidines
1064 2005 1118 2048 et
1160 1997 1510 2063 perturbatas
1537 1997 1869 2055 voluntates,
1904 2013 2024 2059 qua:
2061 1999 2162 2050 hoc
2227 2014 2338 2051 ma-

773 2087 882 2140 lum
919 2095 1271 2155 pepererunt.
1302 2087 1653 2156 infligendasl
1687 2089 1807 2150 hoc,
1832 2089 2074 2156 inquam,
2113 2089 2339 2152 malum,

776 2189 835 2232 ιιι
868 2196 1000 2247 gens
1029 2190 1236 2242 sancta,
1278 2195 1373 2246 per
1405 2194 1596 2232 omnes
1615 2193 1837 2247 campos
1864 2187 1921 2231 et
1960 2189 2175 2231 montes
2205 2178 2340 2232 vitio

776 2280 1057 2340 pastorum
1114 2271 1424 2322 absentium
1460 2268 1708 2338 dispersa
1749 2283 1812 2321 ac
1848 2268 2108 2336 dissipata
2157 2250 2339 2321 ferret.

775 2363 975 2428 Quare,
1008 2378 1116 2430 quo
1139 2357 1374 2413 celerius
1407 2361 1548 2412 istud
1583 2369 1734 2412 tuum
1765 2361 2012 2414 debitum
2044 2360 2141 2412 tibi
2172 2359 2341 2426 inspi-

779 2468 958 2510 ratum
1021 2453 1370 2523 persolveris,
1426 2461 1782 2520 sanctumque
1820 2451 2156 2520 propositum
2218 2465 2344 2518 pcr-

781 2545 1002 2604 feceris,
1069 2551 1221 2596 tanto
1306 2554 1430 2593 cum
1514 2541 1720 2607 majore
1780 2539 1935 2592 lucro
2022 2538 2341 2607 perfeceris.

779 2642 990 2697 Debent
1083 2639 1186 2692 hoc
1299 2638 1478 2690 facere
1565 2652 1756 2688 omnes
1837 2635 1966 2688 boui
2051 2645 2342 2704 pastores,

780 2734 1095 2804 quicunque
1129 2732 1232 2784 hoc
1261 2729 1482 2782 nomine
1504 2729 1649 2795 digni
1675 2739 1832 2791 sunt;
1862 2729 1932 2780 ita
1963 2727 2062 2795 qui
2097 2727 2344 2785 cessarit.

780 2843 891 2881 non
949 2825 1019 2877 sit
1079 2823 1303 2890 impune
1355 2829 1692 2873 cessaturus.
1747 2817 1959 2871 Etenim
2008 2820 2051 2870 si
2113 2817 2347 2885 quisque

783 2926 967 2986 pastor
1007 2911 1301 2966 indimcesi
1329 2925 1453 2978 qua:
1493 2909 1568 2962 illi
1600 2909 1820 2977 obtigit,
1849 2909 1932 2962 vel
1970 2909 2199 2960 biduum
2236 2923 2350 2959 uio-

785 3018 960 3068 retur,
993 3003 1232 3072 experiri
1267 3003 1453 3062 liccat,
1503 3000 1773 3070 permulta
1805 3010 2022 3068 peccata
2069 3010 2122 3052 et
2151 2999 2346 3051 damna

785 3113 893 3149 non
929 3111 1048 3148 esse
1078 3094 1258 3146 futura
1298 3093 1348 3144 in
1377 3094 1598 3159 populo.
1655 3091 1891 3144 Perinde
1928 3105 2164 3158 namque
2227 3103 2348 3143 esse

786 3191 1026 3251 videtur,
1077 3201 1295 3254 gregem
1331 3184 1521 3236 abesse
1545 3199 1572 3234 a
1610 3192 1857 3251 pastore,
1887 3192 1944 3236 ut
1973 3198 2174 3235 czecum
2206 3182 2346 3235 duce

787 3296 996 3334 carere.
1042 3277 1186 3329 Sane
1215 3286 1489 3343 augentur
1521 3290 1653 3326 oves
1683 3283 1739 3325 et
1773 3275 1824 3326 in
1865 3284 1982 3327 tuto
2013 3283 2166 3337 sunt,
2223 3263 2420 3326 cumC

789 3378 1026 3438 le‘SUlll
1054 3369 1167 3419 veri
1201 3377 1484 3434 pastores:
1520 3381 1626 3417 non
1666 3376 1846 3418 autem
1880 3366 1970 3434 qui
2017 3366 2193 3419 solum
2226 3364 2348 3417 ebi—

797 3467 926 3516 bant
961 3462 1041 3513 lac
1099 3468 1157 3511 et
1221 3461 1338 3510 lana
1407 3467 1701 3524 tegantur,
1745 3459 2005 3526 omnique
2065 3456 2246 3509 studio
2296 3465 2352 3510 et

790 3563 906 3605 arte
937 3555 1171 3620 seipsos,
1200 3564 1304 3601 non
1342 3564 1467 3600 ores
1501 3559 1747 3616 pascant.
1799 3549 1952 3614 Quod
1988 3551 2185 3620 malum
2211 3550 2352 3602 Deus

792 3643 858 3692 ab
889 3640 1012 3692 ovili
1047 3650 1235 3691 nostro
1268 3645 1497 3700 avertat,
1529 3638 1964 3706 multiplicetqne
1997 3638 2048 3690 in
2080 3617 2371 3706 eonpotiusr‘

793 3732 1055 3801 quidquid
1096 3731 1341 3782 divinum
1381 3731 1598 3798 Deoque
1623 3740 1858 3798 gratum.
1893 3731 2107 3784 Etenim
2129 3731 2173 3784 si
2203 3730 2352 3799 quod

794 3826 861 3877 de
897 3835 945 3876 te
978 3823 1223 3875 auditum
1253 3831 1460 3874 tantum
1493 3833 1574 3873 est
1605 3838 1632 3873 a
1659 3823 1864 3882 multis.
1902 3824 1967 3876 de
2001 3833 2093 3876 tuo
2118 3824 2181 3876 ad
2217 3825 2355 3876 diaz-

793 3916 959 3968 ei-sim
993 3915 1168 3967 reditu
1208 3913 1372 3981 (quod
1403 3914 1602 3980 alioqui
1640 3913 1706 3965 ab
1738 3915 1883 3967 omni
1927 3917 2188 3984 episeopo
2238 3916 2355 3969 fieri

796 4007 980 4069 debet)
1029 4007 1287 4057 continuo
1343 4003 1519 4054 visum
1585 4013 1668 4056 est
1727 4005 1983 4057 omnibus
2033 4006 2352 4057 laudabile:

796 4114 992 4165 nempe
1031 4113 1160 4166 oves
1190 4098 1394 4148 ablatas
1417 4095 1632 4149 fortiter
1667 4111 1992 4164 recuperare
2018 4136 2030 4156 ,
2064 4112 2171 4149 non
2206 4098 2358 4151 abla-

801 4203 879 4244 tas
911 4203 1235 4243 conservare
1265 4187 1495 4240 viriliter
1547 4187 1866 4239 :interdum
1925 4191 2090 4240 etiam
2149 4189 2358 4244 alienas

799 4283 1097 4350 ailjungcre
1125 4279 1190 4330 ad
1223 4289 1461 4340 nostras,
1516 4287 1630 4330 tum
1679 4287 1928 4332 errantes
1986 4289 2040 4333 et
2103 4281 2357 4345 amissas,

797 4373 982 4440 quoad
1038 4369 1152 4423 fieri
1209 4372 1401 4438 possit,
1440 4384 1684 4436 qumrere
1745 4386 1808 4423 ac
1840 4371 2132 4438 vestigare,
2164 4380 2218 4423 et
2279 4373 2362 4424 in-

798 4473 988 4516 ventas
1032 4461 1084 4512 in
1122 4461 1410 4511 liutnerutn
1465 4475 1659 4526 magno
1694 4471 1892 4510 conatu
1947 4461 2229 4524 imponere
2292 4459 2358 4511 ad

2443 2017 2602 2079 fecit,
2632 2022 2690 2066 ut
2733 2015 2949 2065 decreto
2980 2008 3172 2074 synodi
3213 2015 3268 2059 et
3316 2005 3498 2059 edicto
3561 2001 3723 2067 regis,
3778 1998 4007 2068 Metym-

2438 2107 2625 2162 nensis
2654 2102 2969 2169 metropolis
3005 2101 3053 2153 ei
3091 2096 3460 2167 ailjicereturl,
3494 2102 3554 2147 ut
3598 2092 3696 2145 tibi
3739 2091 4008 2144 hactenus

2439 2199 2647 2267 adjecta
2686 2195 2791 2247 fuit
2823 2210 2837 2245 :
2876 2193 3041 2259 idque
3069 2188 3271 2256 duplici
3306 2187 3526 2239 nomine
3559 2193 3614 2238 et
3644 2197 3831 2244 causa,
3863 2190 3919 2234 et
3943 2191 4008 2232 ut

2442 2288 2784 2355 metropolita
2823 2283 3075 2352 prasidio
3104 2292 3292 2349 septus
3324 2289 3468 2332 esset
3495 2277 3563 2330 ad
3597 2274 3924 2345 regendum,
3948 2281 4006 2325 et

2444 2393 2502 2436 ut
2532 2378 2890 2450 populusipse
2922 2373 3374 2444 Metymnensium
3399 2368 3740 2422 commodius
3764 2366 4010 2420 facilius-

2443 2490 2548 2542 que
2574 2479 2874 2540 regeretur,
2907 2482 2969 2519 ac
3015 2476 3238 2534 propter
3268 2463 3602 2516 vicinitatem
3629 2474 3760 2514 oves
3796 2458 4012 2511 scabio-

2444 2581 2515 2620 sa:
2546 2565 2726 2617 curari
2763 2567 2988 2630 possent
3020 2556 3408 2626 opportunius,
3447 2564 3560 2608 tum
3586 2553 3724 2606 bene
3755 2551 4008 2604 valentes

2445 2654 2756 2710 conservari
2785 2662 2840 2706 et
2873 2651 3104 2703 excitari
3138 2649 3202 2700 ad
3227 2648 3455 2701 honesta
3481 2661 3668 2715 opera.
3699 2644 4012 2710 Utrumque

2447 2748 2592 2798 cuitu
2629 2754 2870 2798 vestrum
2914 2739 3206 2793 maledicto
3266 2737 3431 2791 allicit
3469 2737 3750 2805 Scriptura
3792 2743 4009 2797 sancta,

2448 2838 2495 2891 si
2523 2853 2645 2890 cum
2687 2836 2808 2888 sitis
2849 2843 3118 2902 pastores,
3157 2846 3264 2884 non
3294 2845 3464 2897 usque
3483 2829 3546 2881 ad
3581 2829 3923 2896 sanguinein,
3956 2827 4013 2882 in

2449 2933 2514 2985 iis
2546 2946 2666 2998 qua:
2693 2928 2933 2980 diximus
2970 2923 3276 2978 clliciendis
3311 2923 3649 2990 persistatis;
3707 2921 3906 2979 donec.
3953 2929 4016 2972 ut

2449 3022 2796 3080 conﬁdimus,
2866 3018 3008 3070 Deus
3059 3014 3218 3069 nobis
3274 3015 3561 3083 propitius,
3613 3027 3821 3082 pacem,
3864 3022 4018 3066 tran-

2448 3113 2772 3182 quillitatem
2834 3123 2906 3183 ac.
2947 3108 3175 3160 salutem
3255 3107 3522 3176 cujusque
3577 3108 3814 3174 pastoris
3863 3105 4014 3174 gregi

2457 3207 2742 3265 restituat;
2776 3202 2922 3269 quod
2965 3209 3021 3250 ut
3047 3199 3228 3260 faciat,
3264 3198 3565 3265 placandus
3592 3195 4016 3264 ﬂectendusque

2454 3295 2613 3350 nobis
2645 3302 2750 3355 est,
2791 3300 2844 3344 et
2874 3291 3077 3342 nostris
3129 3299 3276 3342 rei-te
3343 3288 3522 3349 factis,
3578 3287 3888 3340 oliedientia
3959 3297 4018 3339 et

2453 3387 2560 3440 vita
2591 3383 2900 3440 Christiana
2934 3380 3333 3451 implorandus.
3377 3381 3452 3433 lta
3488 3380 3634 3433 enim
3669 3380 3783 3440 fiet.
3821 3390 3878 3432 ut
3934 3380 4018 3432 le-

2451 3497 2569 3549 gem
2601 3477 2842 3530 divinam
2874 3486 3182 3538 servantes,
3216 3489 3336 3541 qua:
3359 3472 3592 3540 turpiter
3613 3473 4019 3538 viventesjnste

2451 3567 2750 3628 amisimus,
2787 3565 3039 3633 precibus
3069 3563 3240 3616 beata:
3261 3561 3438 3620 Maria:
3465 3562 3848 3613 restitumtur.
3885 3561 4016 3614 \‘sle

2452 3657 2508 3709 in
2544 3656 2784 3710 Christo.

2567 3735 2571 3744 ’
2914 3783 2920 3792 .
3005 3740 3342 3798 EPISTOLA
3399 3743 3464 3795 ll.

2458 3841 2778 3893 Athanasius
2802 3836 3113 3906 patriarcha
3137 3833 3752 3903 Constantinopolimnus
3777 3835 4020 3903 episcopo

3080 3905 3450 3957 Sardensium.
3727 3935 3729 3937 ι

2525 4020 2698 4079 Nosti,
2733 4018 3190 4086 quemadmodum
3226 4017 3501 4084 Sapientia
3551 4017 3848 4084 discipulos
3887 4032 4023 4071 suos

2457 4113 2648 4176 doceat
2687 4110 2799 4164 :Ne
2830 4111 3051 4179 (inquit)
3092 4109 3435 4178 reprehendas
3493 4109 3794 4170 sceleratos,
3866 4126 3928 4161 ne
3968 4121 4020 4162 te

2457 4206 2656 4256 oderint
2688 4203 2706 4232 ³
2732 4243 2746 4265 ,
2783 4214 3038 4270 tanquam
3073 4203 3346 4270 sapientes
3377 4211 3583 4252 tantum
3619 4201 3878 4268 reprelirn
3921 4217 4021 4254 ere

2458 4305 2729 4362 oporteat.
2780 4305 2840 4346 ut
2899 4297 3215 4361 quicunque
3265 4293 3462 4345 fratres
3514 4303 3713 4353 amant,
3778 4292 4020 4344 \lttlSsittI

2459 4395 2732 4439 amentur.
2770 4384 3085 4453 Opportune
3145 4374 3274 4436 liinc
3335 4384 3664 4451 principium
3722 4384 4023 4451 sumpsisse

2461 4478 2707 4539 videbor,
2741 4477 2832 4543 qui
2867 4476 2931 4528 ad
2973 4486 3047 4535 te,
3071 4475 3251 4527 virum
3279 4477 3585 4542 sapientem
3621 4485 3675 4527 et
3724 4476 3778 4527 iu
3811 4475 4023 4527 litteris

795 4554 1166 4619 erilesiasque
1219 4551 1480 4603 reducere
1511 4550 1561 4601 in
1597 4564 1884 4603 numerum
1923 4565 2111 4625 eorum
2151 4552 2242 4617 qui
2289 4552 2356 4602 ab
2392 4573 2433 4624 ι)

2392 4573 2433 4624 ι)
2463 4567 2661 4622 sanctis
2689 4567 2991 4628 eruditum,
3023 4565 3279 4618 scribam.
3313 4565 3438 4618 Seio
3495 4576 3545 4618 te
3595 4580 3702 4618 non
3763 4565 4023 4633 ignorare

796 4659 985 4698 errore
1022 4642 1182 4694 alieni
1207 4649 1367 4702 sunt;
1402 4640 1537 4703 liate,
1578 4640 1820 4707 inquam,
1853 4656 2017 4708 quant
2045 4651 2198 4710 grata
2242 4643 2351 4696 Deo

798 4744 852 4786 ιιι
880 4734 988 4784 Deo
1018 4731 1216 4782 deditis
1243 4730 1448 4782 fuerint
1479 4731 1490 4781 !
1531 4730 1741 4782 idcirco
1773 4731 1916 4798 quod
1947 4732 2191 4795 voluisti,
2225 4735 2352 4801 quia

802 4820 1248 4874 honestissimum
1281 4829 1420 4879 erat,
1459 4819 1825 4875 laudaveruut
1873 4822 2081 4875 cordati
2113 4832 2164 4875 et
2227 4839 2358 4891 pru-

800 4914 995 4965 dentes
1029 4926 1240 4972 omnes,
1293 4919 1349 4962 et
1391 4910 1444 4963 in
1482 4913 1676 4980 primis
1712 4913 2008 4981 imperator
2065 4915 2200 4983 ipse,
2265 4915 2357 4982 qui

803 5019 908 5056 non
942 5003 1117 5055 solum
1154 5002 1498 5070 approbavit,
1551 5004 1644 5056 sed
1698 5006 1983 5074 magnifica
2016 5009 2180 5060 verba
2209 5008 2362 5070 fecit,

800 5107 990 5148 nactus
1026 5094 1161 5147 lianc
1200 5094 1542 5146 occasionem
1581 5095 1844 5148 Ecclesia:
1875 5097 2088 5161 utilem,
2111 5097 2360 5152 imitatus

801 5185 1313 5252 eloquentissimum
1348 5184 1504 5236 illum
1550 5186 1752 5251 virum,
1796 5203 1918 5239 cum
1954 5204 2063 5256 quo
2125 5191 2362 5257 (quoties

805 5292 901 5344 pro
939 5275 1176 5327 Ecclesia
1212 5275 1288 5327 illi
1337 5276 1632 5328 dicendum
1667 5288 1753 5331 est
1784 5280 1849 5331 ad
1879 5281 2169 5333 utilitatem
2223 5281 2362 5333 ntul-

806 5365 1005 5428 torum)
1039 5377 1198 5414 nemo
1224 5365 1493 5417 orationis
1524 5367 1815 5428 suavitate,
1853 5369 2010 5435 copia
2046 5381 2101 5421 et
2133 5370 2362 5440 elegauo

807 5456 876 5505 tia
908 5463 1120 5506 certare
1157 5463 1357 5520 potest,
1419 5464 1474 5507 et
1505 5471 1676 5524 usque
1708 5458 1868 5522 adeo,
1907 5468 1964 5512 ut
1994 5460 2126 5524 dixi,
2161 5477 2364 5530 propo-

807 5546 970 5596 situm
997 5545 1402 5612 consiliumque
1434 5555 1585 5599 tuum
1618 5559 1803 5616 aptum
1841 5559 1897 5602 et
1937 5566 2247 5620 congruens
2283 5556 2364 5606 vi-

807 5651 927 5690 sum
959 5637 1274 5703 imperatori
1304 5647 1407 5700 est,
1441 5649 1498 5692 ut
1538 5642 1811 5709 synodicis
1847 5643 2044 5698 litteris
2093 5656 2147 5698 et
2177 5646 2363 5701 edicto

876 5816 895 5845 ³
924 5816 1080 5870 Prov.
1118 5834 1191 5882 ix,
1235 5820 1285 5872 8.
1361 5821 1382 5850 δ
1420 5821 1577 5875 Joau.
1606 5839 1657 5888 χ,
1721 5824 1807 5877 l5.

2454 4674 2573 4726 qua:
2604 4659 2804 4710 sanctis
2856 4656 3121 4732 apostolis
3150 4657 3216 4709 de
3251 4657 3645 4709 constitutione
3697 4670 3877 4706 rerum
3923 4670 4026 4708 ec-

2453 4749 2880 4802 clesiasticarum
2915 4749 3119 4802 sancita
3173 4756 3318 4812 sunt,
3351 4763 3416 4800 ex
3466 4747 3665 4815 quibus
3691 4761 3856 4799 unum
3912 4757 4025 4804 est,

2461 4849 2517 4891 ut
2547 4838 2780 4905 quisque
2815 4847 2998 4906 pastor
3037 4839 3179 4890 intra
3210 4853 3340 4891 suos
3373 4837 3510 4890 flues
3543 4838 3762 4889 insistat
3784 4832 4027 4902 promer

2459 4944 2646 4997 pacem
2666 4938 2718 4981 et
2744 4929 3062 4983 cliaritaten.
3080 4970 3093 4993 ,
3113 4944 3342 4996 quarum
3370 4937 3454 4982 est
3478 4928 3636 4982 Jesus
3658 4928 4027 4982 arctissimum

2459 5018 2760 5078 vinculum,
2795 5016 2940 5085 quod
2978 5019 3114 5070 solvi
3165 5032 3274 5070 non
3307 5026 3526 5086 potest.,
3571 5016 3692 5070 Scis
3729 5025 4025 5083 praeterea,

2467 5117 2525 5161 ut
2551 5108 2740 5175 quales
2769 5122 2878 5160 non
2935 5121 3211 5174 essemus,
3259 5118 3590 5175 appareret;
3624 5108 3825 5176 quibus
3875 5109 4031 5162 notis

2465 5213 2654 5251 verum
2695 5209 2966 5266 pastorem
3008 5197 3448 5266 designantibus,
3501 5213 3729 5267 magnus
3756 5198 3842 5250 ille
3887 5212 4026 5266 pon-

2467 5289 2596 5342 tifex
2635 5288 2908 5349 Christus.
2945 5305 3143 5343 munus
3177 5291 3410 5362 pastoris
3448 5288 3768 5343 difliuierit:
3821 5303 4027 5357 nempe

2461 5388 2648 5432 mutua
2700 5379 2753 5432 in
2780 5380 2932 5432 illum
2984 5363 3291 5435 cliaritate.‘
3306 5381 3515 5434 Deinde
3550 5395 3656 5433 non
3689 5381 3905 5448 ignoras
3932 5394 4027 5432 or-

2460 5479 2646 5523 natum
2684 5469 2837 5538 probi
2892 5471 3149 5539 pastoris,
3185 5471 3280 5538 qui
3337 5470 3408 5523 sit
3441 5470 3650 5522 animas
3703 5468 3880 5537 gregis
3935 5471 4026 5521 soi

2461 5561 2745 5615 evidenter
2777 5561 3122 5630 cogniturus,
3163 5560 3366 5638 de'quo
3395 5562 3659 5631 scriptum
3686 5567 3772 5614 est
3800 5577 3812 5611 :
3847 5557 4028 5614 Bonas

2465 5662 2643 5720 pastor
2683 5654 2916 5706 animum
2950 5669 3102 5707 suam
3149 5643 3294 5721 ponit
3337 5669 3430 5721 pro
3485 5653 3662 5705 oribus
3697 5653 3804 5704 suis
3855 5651 3894 5703 ⁸.
3961 5653 4026 5706 Et
