4220 6444
145 373 248 434 ξιτ

1577 361 1982 423 EPIS’I'OL/E.

3306 359 3410 422 518

143 483 297 551 quod
334 480 636 548 Gregorius
669 487 1036 547 cognomento
1064 472 1676 545 'l‘heologus‘cdisserit
1711 487 1726 528 :
1760 479 1801 534 Α
1835 488 1956 527 eum
1991 473 2218 540 reliquis
2252 473 2410 526 malis
2447 488 2554 525 non
2585 480 2669 524 est
2709 471 3027 538 ambiguum
3052 482 3107 523 et
3138 470 3406 524 incertqu

147 572 268 625 Non
343 571 770 640 unumquemvis
817 569 1147 638 discipulum
1212 568 1278 621 ad
1369 566 1726 634 Evangelium

147 663 327 725 mitti,
358 679 537 731 neque
597 663 690 732 qui
730 661 995 725 mittitur,
1021 659 1520 730 quomodocunque
1561 658 1726 720 mitti,

149 757 253 808 sed
289 756 386 824 qui
416 757 664 809 veritatis
694 755 1023 823 virtutisque
1067 753 1253 806 studio
1289 762 1502 805 tantum
1543 751 1726 802 inten-

147 859 242 902 tus
273 851 371 911 sit,
412 865 618 902 vacuus
645 858 702 902 et
730 848 1021 915 expeditus
1051 846 1199 900 omni
1255 861 1412 910 cura,
1463 843 1728 912 omnique

148 944 556 1012 impedimento
603 943 766 1007 liber,
807 945 925 996 sine
953 956 1084 1005 a-re,
1142 940 1263 994 sine
1294 941 1464 1009 virga,
1501 953 1606 991 una
1642 949 1728 991 tu-

148 1037 302 1098 nica,
349 1037 513 1089 nudis
542 1036 710 1089 etiam
741 1035 972 1103 pedibus
995 1075 1009 1096 ,
1045 1045 1303 1103 tanquam
1355 1048 1464 1086 non
1519 1034 1730 1100 possint

146 1129 316 1180 aliter
369 1128 589 1196 speciosi
621 1142 728 1180 esse
753 1127 907 1196 pedes
940 1126 1412 1195 erangetisantium
1444 1140 1646 1191 pacem.
1679 1132 1730 1176 et

147 1231 347 1272 cetera
375 1221 512 1271 bona
549 1220 590 1273 '.
625 1219 948 1274 Intellexisti
987 1221 1150 1273 etiam
1186 1220 1310 1288 quis
1341 1219 1413 1272 sit
1445 1233 1732 1271 mercena-

146 1311 268 1364 rius
323 1320 382 1364 et
415 1311 616 1379 qualis,
669 1311 738 1364 de
778 1327 887 1379 quo
918 1313 1084 1380 pudet
1120 1327 1205 1364 me
1243 1319 1357 1364 tum
1390 1310 1573 1364 dicere
1615 1317 1728 1362 tum

147 1410 359 1463 tacere,
385 1415 510 1452 cum
542 1401 675 1453 satis
714 1401 831 1469 ipse
872 1409 1048 1454 status
1081 1409 1391 1467 temporum
1439 1408 1496 1453 et
1542 1413 1728 1452 rerum

146 1507 274 1544 eum
305 1492 569 1546 ostendat
626 1501 790 1560 atque
820 1504 1106 1560 coarguat.
1170 1491 1243 1545 De
1288 1507 1397 1557 quo
1435 1493 1477 1545 si
1525 1501 1730 1545 attente

147 1585 377 1638 audiam
420 1585 738 1653 prophetas,
769 1600 894 1638 cum
942 1585 993 1637 in
1054 1583 1160 1638 mei
1214 1583 1424 1637 similes
1486 1594 1732 1653 pastores

150 1677 237 1730 his
271 1678 470 1730 verbis
501 1679 838 1730 invehuntur
880 1696 891 1730 :
935 1675 1182 1730 Pastores
1239 1687 1462 1746 pascunt
1511 1679 1730 1747 seipsos,

153 1785 256 1820 non
291 1785 414 1822 oves
444 1770 501 1830 ⁶;
533 1779 588 1822 et
623 1769 753 1822 illud
801 1787 814 1821 :
849 1767 894 1822 0
929 1778 1184 1838 pastores,
1222 1770 1309 1837 qui
1340 1769 1554 1836 perditis
1616 1786 1732 1823 oues

150 1862 446 1928 ρεισκε’ς
511 1862 640 1915 item
675 1880 688 1914 :
726 1860 900 1914 Pretio
935 1862 1245 1928 respondent
1283 1865 1600 1923 sacerdotes,
1650 1879 1737 1914 sa-

151 1955 388 2002 cerdotes
417 1951 582 2018 legem
612 1949 828 2002 Domini
855 1948 1210 2011 occultarent,
1237 1957 1283 1999 et
1335 1948 1501 2018 legem
1567 1966 1735 2002 meam

151 2043 449 2102 uiolarunt,
477 2050 525 2094 et
561 2050 742 2093 sancta
788 2057 901 2092 mea
927 2039 1285 2106 profanarum
1312 2041 1367 2106 ⁸;
1409 2043 1536 2094 item
1570 2043 1733 2095 illud:

153 2137 320 2188 Lenis
345 2137 526 2187 ouium
567 2135 734 2196 indui,
762 2143 994 2186 mactare
1028 2134 1164 2200 quod
1193 2138 1387 2203 pingue
1421 2144 1516 2195 est,
1550 2133 1631 2186 lac
1658 2136 1736 2187 bi-

155 2230 274 2280 bere
314 2227 382 2290 ’;
439 2226 578 2290 hac,
611 2226 857 2292 inquam,
889 2235 1097 2278 attente
1151 2225 1414 2286 audiens,
1475 2227 1605 2295 quid
1660 2228 1738 2280 fa-

156 2319 327 2382 ciam,
365 2335 436 2372 ne
466 2328 710 2371 metuam
747 2332 839 2371 eos
872 2317 964 2384 qui
1009 2332 1094 2370 me
1126 2317 1483 2387 redarguunt,
1511 2328 1566 2372 et
1589 2319 1737 2373 clare

153 2411 227 2466 ob
259 2412 458 2465 oculos
496 2411 627 2464 mihi
659 2420 889 2478 ponunt,
911 2410 1087 2478 qualis
1118 2410 1219 2463 sim
1243 2409 1265 2462 l
1293 2425 1414 2478 quae
1450 2412 1493 2464 si
1524 2411 1738 2468 fabulas

158 2517 319 2574 putat
346 2507 443 2574 qui
489 2504 541 2557 in
575 2504 754 2574 ignem
795 2504 943 2556 illum
977 2515 1285 2556 extremum
1318 2519 1425 2557 non
1467 2506 1735 2569 intuetur,

158 2600 292 2652 mihi
334 2609 490 2652 certe
545 2615 654 2652 non
709 2597 925 2660 fabulae,
966 2599 1060 2651 sed
1100 2597 1172 2650 ita
1231 2595 1518 2652 horribilia
1555 2601 1737 2652 omnia

155 2709 278 2747 esse
311 2693 601 2754 videntur,
629 2701 690 2744 ut
738 2691 966 2743 horrore
1013 2690 1246 2743 exedant
1305 2701 1738 2760 consumantqne

159 2786 458 2839 medullas.
495 2785 683 2853 Neque
723 2793 904 2838 tanien
937 2798 1196 2838 curamus
1248 2783 1430 2838 facere
1463 2799 1560 2852 pro
1605 2773 1737 2838 viri-

156 2880 263 2931 bus
317 2892 390 2930 ne
442 2888 670 2946 propter
719 2875 942 2944 aliquod
990 2891 1056 2928 ex
1094 2876 1180 2929 bis
1224 2875 1417 2929 vitium
1455 2892 1516 2930 ac
1559 2878 1740 2931 scelus

157 2972 454 3025 constricti
493 2969 737 3022 vinculis
776 2969 1126 3031 arctissimis,
1159 2969 1338 3035 pennis
1388 2969 1742 3036 sempiternis

158 3064 492 3122 alliciamur,
522 3062 615 3116 sed
649 3064 833 3130 potius
854 3062 1049 3115 damus
1071 3075 1292 3127 operam
1326 3061 1480 3114 vanis
1509 3071 1741 3115 conten-

159 3156 414 3208 tionibus
459 3154 800 3223 judiciisque
854 3151 920 3206 ad
979 3152 1266 3205 libidinem
1319 3160 1562 3205 nostram
1616 3167 1807 3235 cor-C

158 3249 364 3316 ruptis,
399 3257 498 3299 aut
533 3246 602 3300 ab
638 3262 705 3300 eo
734 3244 880 3314 quod
920 3243 1035 3298 fieri
1073 3245 1340 3312 oportuit,
1389 3244 1733 3299 abducimur.

159 3339 294 3404 Qua
329 3341 483 3394 enim
518 3339 697 3392 facere
727 3337 929 3402 solent,
970 3337 1062 3406 qui
1097 3347 1300 3391 statum
1333 3337 1588 3392 Ecclesia:
1614 3353 1739 3406 per-

159 3434 392 3488 turbare
451 3432 794 3496 moliuntur,
849 3429 963 3483 hac
1016 3427 1106 3482 isti
1164 3438 1404 3499 quaestus
1441 3430 1609 3496 gratia
1662 3429 1739 3480 fa-

160 3527 316 3578 ciunt
350 3544 365 3578 :
397 3524 612 3577 scilicet
653 3537 777 3577 cum
807 3537 836 3575 a
865 3521 1136 3591 principio
1180 3524 1537 3576 constitutum
1572 3529 1737 3579 esset.

159 3627 217 3668 ut
247 3617 336 3669 his
389 3628 615 3682 quoque
669 3628 815 3666 anno
865 3613 1110 3681 synodus
1162 3611 1497 3675 haberetur,
1547 3622 1738 3678 postea

159 3723 291 3762 vero
328 3705 686 3760 commodius
735 3704 1019 3758 videretur
1060 3703 1250 3757 haberi
1288 3705 1476 3766 semel,
1508 3721 1575 3759 ne
1610 3721 1742 3761 oves

161 3812 394 3870 pr0pter
445 3798 702 3851 crebram
759 3797 1064 3851 absentiam
1117 3805 1444 3865 pastorum,
1501 3797 1660 3852 facile
1711 3816 1740 3854 a

159 3893 306 3961 lupis
349 3891 539 3945 invadi
579 3898 806 3957 possent
834 3929 848 3955 ,
889 3897 1074 3943 nostra
1098 3904 1246 3944 nunc
1277 3899 1428 3950 a-tas,
1466 3893 1650 3945 nescio
1671 3908 1737 3944 an

159 3984 368 4053 aliquid
430 3982 806 4052 prudentioris
853 3981 1066 4036 consilii
1122 3983 1416 4051 providens
1503 3998 1571 4037 an
1616 3999 1741 4038 cor-

163 4079 388 4146 ruptius
418 4075 700 4146 judicans,
737 4074 840 4128 hoc
875 4088 1094 4142 quoque
1123 4075 1384 4128 sustulit:
1437 4077 1578 4128 unde
1620 4092 1742 4144 gra-

161 4171 249 4222 via
277 4179 333 4222 et
370 4181 514 4221 nova
548 4167 686 4220 mala
743 4166 1059 4228 suscitavit,
1089 4174 1145 4219 et
1191 4180 1380 4220 curam
1413 4169 1740 4235 pastoralem

162 4266 218 4317 in
251 4263 521 4333 pecunias
547 4274 848 4329 pauperum
879 4260 1251 4314 corradendas
1279 4261 1535 4325 contuiit,
1578 4277 1743 4330 grege

165 4359 309 4424 lupis
370 4355 615 4408 relicto:
657 4369 850 4420 inagna
894 4367 1024 4405 vero
1060 4353 1343 4421 diligentia
1376 4364 1432 4406 et
1463 4355 1742 4422 vigilantia

165 4447 343 4497 locum
387 4442 638 4511 episcOpi
668 4449 960 4502 ornarunt,
991 4450 1050 4493 ut
1078 4441 1314 4495 desertis
1344 4442 1460 4496 suis
1484 4443 1743 4510 gregibus

1832 566 1966 633 quin
2005 565 2138 617 iram
2183 563 2273 617 Dei
2310 565 2468 618 nobis
2495 573 2691 630 augeat
2727 582 2738 615 :
2781 561 3229 631 quandoquidem
3263 562 3402 614 tole-

1835 673 1984 712 rasse
2037 657 2206 710 Deum
2281 657 2466 710 mundi
2527 665 2811 724 peccatum
2865 654 3182 717 didicimus,
3234 652 3408 707 eremi

1833 766 1964 804 vero
2002 761 2284 818 peccatum
2341 764 2704 818 nequaquam.
2753 747 3018 800 Similiter
3058 748 3406 799 verissimum

1831 852 1935 903 est,
1972 857 2148 910 neque
2185 850 2434 908 pastores
2469 843 2559 908 qui
2593 855 2812 908 gregem
2846 839 3128 905 uegligunt
3166 835 3410 904 impuni-

1836 942 1956 995 tos;
1992 936 2304 1002 multosque
2359 933 2722 992 discessuros,
2777 929 2991 983 tametsi
3031 929 3258 981 fortasse
3296 940 3409 980 non

1836 1023 1906 1075 ita
1951 1025 2202 1076 videatur
2231 1026 2295 1077 iis
2327 1024 2418 1090 qui
2454 1032 2649 1090 sponte
2680 1022 2925 1073 velamen
2973 1019 3304 1076 obtendunt.
3342 1033 3410 1070 ne

1834 1115 2080 1167 limatam
2117 1115 2395 1183 Evangelii
2432 1115 2720 1166 veritatem
2744 1113 3054 1180 aspiciant;
3091 1109 3254 1163 sicuti
3281 1123 3407 1162 cum

1835 1206 2043 1278 Moyses
2073 1209 2276 1277 legitur
2309 1207 2511 1276 papulo
2543 1206 2709 1260 Israel
2733 1245 2747 1266 ,
2777 1221 2917 1273 quos
2965 1205 3188 1273 quidem
3221 1202 3412 1256 existi-

1834 1301 2314 1361 mabatn,sublato
2348 1303 2456 1370 jam
2512 1301 2806 1362 velamine,
2852 1299 3087 1352 revelata
3147 1296 3285 1350 facie
3332 1296 3412 1348 vi-

1832 1396 1982 1447 dere.
2020 1395 2148 1455 Sed,
2177 1409 2210 1447 o
2242 1394 2606 1448 calamitatem
2642 1403 2698 1446 et
2731 1392 3031 1457 miseriam,
3063 1399 3121 1443 ut
3167 1400 3411 1457 tempore

1835 1484 1953 1553 ipso
1991 1484 2150 1538 facile
2197 1485 2334 1538 mala
2381 1486 2656 1538 subeunt!
2692 1485 2850 1553 quale
2899 1494 2985 1537 est
3037 1482 3142 1535 hoc.
3179 1480 3410 1534 monstri

1833 1577 1978 1646 quod
2012 1593 2159 1631 nunc
2192 1589 2375 1630 ortum
2406 1589 2487 1631 est
2535 1588 2592 1631 ut
2631 1579 2981 1646 reperiantur
3025 1575 3269 1645 episcOpi
3318 1572 3412 1641 qui

1838 1680 2047 1724 tantum
2101 1670 2235 1724 dent
2272 1672 2586 1735 consilium,
2644 1685 2910 1738 suamque
2955 1669 3140 1722 dicant
3193 1675 3415 1721 senten-

1839 1763 2003 1817 tiam:
2035 1778 2140 1814 non
2181 1774 2363 1815 autem
2398 1764 2490 1831 qui
2528 1765 2748 1816 decreta
2799 1761 3244 1827 sententiamque
3301 1773 3415 1810 ma-

1834 1855 2017 1921 jorum
2052 1865 2164 1907 tum
2193 1857 2403 1923 private
2438 1865 2551 1907 tum
2591 1854 2810 1923 publice
2845 1852 3172 1907 confirment
3204 1861 3258 1905 et
3285 1867 3416 1904 san-

1839 1946 2006 1999 ciant.
2059 1947 2129 1996 ita
2170 1956 2226 1997 ut
2273 1946 2384 2015 jam
2425 1946 2476 1997 in
2526 1945 2710 1998 causis
2762 1959 3068 2013 pauperum
3124 1942 3414 1996 nobiscum

1839 2037 2060 2104 quidem
2095 2037 2336 2091 sentiant
2369 2039 2463 2105 qui
2514 2039 2721 2105 pariter
2766 2036 3040 2105 iudicant,
3085 2051 3194 2088 non
3229 2050 3413 2088 tamen

1840 2131 1894 2182 in
1925 2133 2106 2184 causis
2132 2132 2366 2184 divitum
2401 2141 2565 2199 atque
2591 2131 2893 2195 nobilium;
2915 2130 3272 2199 quamobrem
3307 2144 3415 2182 non

1839 2229 2098 2276 convenit
2155 2222 2286 2275 mibi
2339 2239 2463 2275 eum
2524 2225 2610 2277 bis
2653 2223 3071 2278 consessoribus
3133 2221 3417 2291 judicibus

1835 2314 2105 2383 judicare.
2144 2313 2199 2367 Si
2231 2330 2332 2383 pax
2368 2330 2598 2369 munere
2633 2315 2726 2369 Dei
2781 2326 3076 2370 consecuta
3133 2316 3320 2380 fuerit,
3361 2322 3418 2368 et

1840 2408 2127 2462 consilium
2154 2408 2412 2480 frequens
2439 2411 2558 2479 cogi
2583 2411 2898 2480 contigerit,
2927 2411 3275 2481 corrigentur
3302 2409 3420 2465 hac

1840 2503 2023 2555 omnia
2070 2521 2081 2555 :
2129 2504 2274 2570 quod
2331 2505 2374 2557 si
2434 2519 2594 2560 secus
2647 2506 2893 2559 evenerit
2944 2503 3416 2574 (quandoquidem

1841 2597 2119 2651 nescimus
2151 2599 2280 2667 quid
2326 2599 2608 2667 proximus
2639 2598 2758 2653 dies
2781 2601 2852 2653 sit
2891 2599 3203 2665 allaturus),
3240 2597 3419 2654 .ludex

1844 2689 1935 2741 ille
1965 2688 2059 2758 qui
2106 2689 2220 2743 falli
2266 2706 2375 2744 non
2420 2701 2622 2760 potest,
2671 2691 2929 2747 Ecclesiae
2978 2709 3092 2749 sua:
3143 2692 3417 2749 consulet.

1844 2780 1956 2834 lloc
2011 2791 2061 2836 te
2103 2783 2244 2837 scire
2300 2785 2474 2850 volui,
2529 2801 2596 2839 ne
2653 2787 2945 2840 molestum
3000 2796 3151 2842 esset
3206 2785 3416 2841 venire.

1845 2874 1991 2928 Vale.

2401 2992 2737 3048 EPISTOLA
2775 2996 2864 3050 lll.

1845 3079 2055 3157 Gratia
2087 3093 2133 3133 et
2182 3085 2428 3157 pax__tibi
2469 3105 2499 3138 a
2541 3087 2645 3139 Deo
2679 3093 3054 3157 omnipotente.
3097 3091 3420 3144 Athanasius

1914 3155 2222 3218 patriarcha
2292 3155 2920 3228 Constantinopotitanns
2975 3163 3214 3230 episcopo
3274 3164 3419 3230 Apa-

1914 3239 2062 3276 "180’.

1916 3337 2182 3391 Existimo
2221 3349 2271 3392 te
2311 3356 2420 3394 non
2453 3341 2704 3411 ignorare
2733 3344 2862 3414 quid
2900 3345 3134 3401 Basilius
3168 3347 3257 3403 ille
3308 3365 3421 3403 ma-

1842 3442 1982 3496 gnus
2010 3429 2075 3482 ad
2106 3429 2432 3500 Gregorium
2467 3435 2777 3503 scripserit,
2809 3435 2877 3490 de
2905 3453 2970 3491 eo
3002 3447 3060 3491 ut
3095 3439 3420 3493 excluderet

1843 3519 2223 3575 mulierculam
2255 3539 2419 3590 quam
2474 3526 2624 3579 domi
2657 3526 2930 3594 habebat;
2972 3539 3027 3583 et
3058 3533 3420 3599 quemadmo-

1843 3611 1973 3665 dum
2021 3615 2265 3681 jusserit,
2301 3627 2361 3669 ut
2415 3617 2518 3671 nisi
2571 3620 2755 3673 statim
2802 3622 3142 3687 excluderet,
3182 3633 3421 3678 cessaret

1844 3704 1911 3757 ab
1931 3704 2106 3759 ollicio
2127 3708 2480 3774 sacerdotali,
2509 3711 2828 3766 redditurus
2861 3713 2973 3767 Deo
3005 3715 3273 3769 rationem
3302 3731 3422 3770 ces-

1844 3796 2092 3856 sationis,
2131 3797 2461 3868 futurusque
2507 3813 2710 3857 cuncto
2769 3806 2971 3873 populo
3017 3807 3310 3862 anathema
3373 3811 3417 3862 si

1846 3904 1952 3940 non
2004 3899 2265 3952 cessaret,
2312 3893 2405 3946 sed
2459 3895 2643 3962 potius
2693 3897 2901 3966 absque
2958 3903 3266 3953 reverentia
3309 3901 3420 3954 Deo

1846 3979 2122 4034 offerret:
2176 3984 2380 4051 quibus
2433 3987 2617 4041 verbis
2672 3987 3093 4054 demonstravit,
3150 4003 3417 4061 quantum

1846 4071 2030 4126 damni
2063 4084 2117 4128 et
2149 4077 2378 4142 jactura!
2414 4077 2640 4138 faceret.
2676 4081 2769 4147 qui
2818 4081 3141 4149 dignitatem
3182 4084 3419 4152 adeptus

1846 4182 1954 4218 nou
1982 4177 2265 4221 exerceret
2295 4170 2661 4223 ministerium
2691 4183 2836 4226 recte
2884 4184 2937 4226 et
2969 4175 3213 4229 assidue.
3276 4176 3420 4231 Sunt

1848 4257 2034 4325 itaque
2070 4257 2208 4312 facta
2235 4271 2550 4314 sanctorum
2590 4261 2810 4316 Patrqu
2866 4269 3116 4336 exempla
3151 4269 3328 4332 nobis,
3361 4283 3420 4325 ut

1845 4358 1966 4410 qua:
1997 4345 2159 4399 nobis
2187 4345 2434 4399 facienda
2463 4359 2612 4411 sunt,
2642 4366 2766 4403 cum
2801 4354 2867 4405 iis
2891 4370 3273 4422 comparemus
3298 4377 3419 4429 quae

1847 4437 2018 4502 gratia
2050 4447 2369 4490 sanctorum
2407 4454 2502 4506 per
2554 4457 2649 4494 eos
2695 4445 2959 4511 aspiravit
2993 4448 3045 4499 in
3098 4463 3220 4517 qua:
3273 4453 3419 4520 aspi-

160 4538 304 4606 apud
355 4537 605 4602 reginam
650 4533 1180 4600 ConstantinOpolim
1233 4535 1588 4588 accubarent.
1638 4534 1740 4588 De-
1777 4539 1817 4592 ι)
1847 4529 2102 4581 ciendum
2136 4539 2238 4589 est,
2276 4544 2332 4582 ut
2369 4531 2421 4583 in
2459 4532 2628 4586 solem
2662 4537 2910 4606 aspicere
2959 4539 3160 4602 solent,
3197 4544 3290 4610 qui
3336 4544 3419 4596 lu-

160 4633 328 4699 nique
382 4628 724 4691 maluerunt,
759 4624 910 4678 brevi
966 4625 1244 4694 voluptate
1280 4627 1548 4689 contenti,
1585 4628 1736 4680 carni

161 4722 476 4789 indulgere,
515 4732 679 4785 quam
728 4731 852 4769 cum
906 4717 1107 4784 populo
1153 4717 1245 4770 Dei
1288 4718 1557 4781 laborare,
1608 4735 1740 4773 con-

163 4812 392 4880 templis
439 4809 660 4878 legibus
692 4809 896 4861 divinis
937 4823 1058 4877 qua:
1099 4810 1412 4877 prohibent,
1465 4827 1532 4864 ne
1566 4814 1740 4880 pauli-

160 4919 289 4969 sper
322 4902 554 4970 quidem
591 4899 814 4967 impune
848 4913 878 4951 a
918 4913 1080 4967 grege
1115 4899 1324 4952 abesse.
1378 4900 1455 4953 Ac
1495 4902 1623 4963 nisi,
1683 4914 1739 4956 ut

162 4995 466 5063 Apostolus
521 4991 617 5053 ait,
674 4991 918 5042 inimicas
980 4991 1183 5042 viderer
1231 5006 1411 5042 verum
1471 4993 1739 5061 eloquens,

164 5101 384 5154 possem
438 5082 649 5150 aliquid
706 5096 835 5135 vere
882 5081 1088 5136 dicere.
1141 5081 1306 5147 Quid,
1343 5095 1742 5151 qumso,1uvat

163 5179 300 5230 istos
334 5176 631 5245 episcopos
677 5183 732 5228 et
785 5181 1038 5242 pastores
1088 5173 1140 5225 in
1197 5178 1334 5227 urbe
1368 5175 1593 5236 morari,
1635 5177 1739 5230 nisi

165 5271 440 5334 (omittam
480 5267 610 5333 alia)
645 5275 705 5318 ut
751 5265 1089 5333 patriarchas
1120 5266 1259 5317 alios
1296 5276 1574 5327 moveant,
1609 5268 1746 5321 alios

159 5355 366 5423 eligant
396 5371 411 5418 ;
447 5369 516 5406 ne
552 5353 596 5406 si
629 5355 772 5405 idem
810 5352 905 5406 diu
941 5353 1011 5405 sit
1042 5355 1378 5420 patriarcha,
1419 5370 1508 5408 res
1555 5373 1746 5410 omnes

159 5443 558 5498 ecclesiastica:
588 5442 908 5506 compositae
939 5443 1051 5494 sint
1079 5457 1092 5491 :
1129 5445 1274 5509 quod
1309 5444 1633 5512 praclarum
1667 5446 1746 5497 fa-

162 5551 196 5588 c
224 5551 323 5589 nos
349 5551 418 5589 ex
470 5550 540 5588 eo
579 5544 825 5602 tempore
859 5534 1040 5588 facere
1075 5536 1160 5588 isti
1212 5546 1646 5598 consueverunt,
1683 5554 1748 5592 ex

159 5643 272 5696 quo
308 5625 796 5694 ConstantinOpoli
839 5627 997 5696 potiti
1057 5641 1266 5680 sumus.
1319 5625 1471 5692 Quod
1521 5629 1744 5697 quidem

240 5813 259 5844 '
309 5812 552 5878 Nahum,
612 5827 648 5876 I,
706 5809 790 5863 ιδ.
873 5810 892 5839 ⁸
949 5807 1150 5861 Ezech.
1194 5825 1377 5873 xxxIV,
1417 5810 1468 5862 8.

1549 5809 1733 5867 ’Ibiil.
1793 5817 1874 5871 l8.
1942 5819 1961 5847 '
2028 5816 2228 5871 Jeretu.
2286 5835 2357 5884 \t,
2431 5822 2511 5875 l9.

1849 4637 1970 4674 men
2024 4622 2364 4676 desiderant.
2421 4623 2787 4689 Quamobrem
2845 4630 2939 4683 tibi
2989 4630 3094 4686 hoc
3142 4637 3421 4703 exemplar

1850 4715 2247 4782 insculpimus,
2317 4729 2375 4768 ut
2437 4719 2888 4790 quandoquidem
2950 4723 3248 4780 Ecclesiam
3322 4730 3418 4784 tibi

1849 4813 2220 4863 commendari
2256 4813 2495 4873 voluisti,
2525 4831 2742 4881 gregem
2771 4817 2974 4871 Christi
3003 4821 3068 4872 ad
3101 4838 3300 4888 pascua
3341 4829 3419 4875 vi-

1853 4902 1990 4955 ridia
2019 4912 2074 4955 et
2105 4904 2346 4956 salubria
2379 4906 2525 4958 omni
2562 4909 2748 4962 studio
2777 4926 2904 4978 agas
2939 4922 2995 4964 et
3027 4912 3419 4974 ducas,defen-

1849 4995 2055 5062 dasque
2081 5009 2206 5047 eum
2241 5009 2269 5047 a
2305 4996 2493 5051 bestiis
2527 5014 2635 5052 non
2672 5002 3112 5070 quibuscuuque,
3140 5005 3233 5057 sed
3290 5013 3422 5059 Ara-

1852 5085 2009 5144 bicis.
2077 5093 2190 5137 tum
2260 5090 2640 5154 corporalibus
2720 5107 2840 5160 qua:
2923 5106 3246 5158 cernuntur,
3306 5108 3418 5152 tum

1851 5176 2231 5243 spiritualibus
2273 5195 2395 5247 quae
2443 5197 2549 5234 non
2607 5193 2932 5238 cernuntur.
2995 5188 3061 5240 Et
3115 5190 3201 5257 (ut
3259 5191 3422 5244 debet

1852 5283 2014 5320 verus
2037 5281 2350 5339 episcopus)
2377 5274 2622 5326 resideas
2652 5287 2840 5331 sancte
2873 5279 2938 5330 ad
2973 5291 3216 5334 sanctam
3246 5299 3419 5341 aram,

1851 5359 1918 5412 de
1977 5374 2082 5424 qua
2136 5361 2234 5413 tibi
2291 5367 2732 5431 participandum
2787 5379 2893 5430 est,
2943 5373 3104 5425 sicuti
3158 5373 3423 5428 Dominus

1856 5452 2232 5516 pronuntiavit
2273 5457 2492 5524 dignum
2527 5475 2637 5511 esse
2670 5465 2968 5526 operarium
3022 5465 3258 5516 mercede
3299 5481 3418 5517 sun.

1853 5539 2218 5603 Quamobrem
2253 5561 2359 5597 non
2396 5558 2480 5599 est
2521 5551 2973 5617 exiSIimandutn,
3008 5553 3172 5606 licere
3205 5555 3299 5607 tibi
3327 5555 3422 5609 diu

1855 5633 2048 5700 quavis
2079 5635 2146 5688 de
2183 5650 2346 5690 causa
2379 5639 2594 5705 abesse,
2616 5644 2743 5710 quia
2775 5644 2957 5711 potius
2993 5643 3302 5701 faciendum
3325 5647 3424 5700 tibi

2591 5824 2610 5855 '
2676 5823 2773 5878 lsa.
2818 5841 2902 5884 Lv.
2951 5828 2996 5882 l.
