4220 6444
768 400 874 462 5ἱ9
1848 383 2265 447 ATHANASII
2307 384 2413 444 ΕΡ.

2465 382 2600 441 ΡΛΤ
2610 382 2736 441 ΜΛ
2750 382 2972 441 liCiM‘I
3924 385 4040 446 529

767 523 874 574 est,
914 522 971 564 ut
1010 508 1263 563 celeriter
1303 505 1384 560 ire
1430 504 1609 574 possis
1636 499 1702 555 ad
1738 514 1857 554 eam
1893 497 2195 553 Ecclesiam
2228 510 2350 563 qttze
2379 500 2422 553 Α

2465 494 2555 555 bit,
2607 510 2820 550 summa
2878 496 3102 551 licentia
3188 495 3553 566 irrepserunt.
3608 498 3739 563 Qua:
3798 497 3840 550 si
3900 499 4037 551 talia

770 604 867 657 tibi
900 602 1087 656 addita
1119 608 1286 654 estet
1325 594 1733 657 commendata,
1766 600 1826 644 nt
1855 591 1906 645 ei
1950 589 2172 659 pra-sis;
2237 589 2341 640 hoc
2451 596 2672 656 tamque
2722 590 2906 655 gravia
2954 590 3110 642 vobis
3157 589 3441 652 videntur,
3485 605 3607 658 age,
3664 590 3871 659 optime
3920 592 4034 648 νίν,

770 709 953 751 autem
994 694 1185 754 facies,
1216 690 1259 745 si
1294 689 1449 760 prius
1488 686 1705 741 restitui
1756 684 1953 738 feceris
1996 693 2341 749 qumcunquc
2446 688 2741 734 contentus
2783 692 2905 736 esto
2944 694 3032 735 tua
3072 682 3303 737 ditecesi
3344 701 3358 747 ;
3411 698 3671 752 perinane
3713 684 3767 735 iii
3811 697 3907 747 ea;
3940 682 4036 735 fac

770 789 885 842 sive
938 798 989 839 te
1031 783 1255 838 conscio
1295 783 1411 835 sive
1464 794 1571 833 non
1629 776 1853 831 conscio
1906 774 2166 841 subrepta
2224 786 2343 826 isse
2446 780 2523 829 sis
2553 791 2676 829 cum
2721 775 2918 829 ovibus
2949 777 3058 831 tuis
3091 791 3266 844 usque
3299 777 3367 830 ad
3398 782 3719 842 sanguinein
3755 776 3864 829 illis
3905 774 4029 829 affi-

770 876 1119 938 constiterit;
1170 885 1229 929 ut
1261 873 1493 940 benigne
1531 868 1674 923 Deus
1709 885 1805 922 sua
1861 867 2058 936 cuique
2093 875 2339 919 nostrum

775 971 1015 1024 tribuere
1050 968 1204 1029 velit,
1242 965 1388 1034 quod
1422 963 1530 1017 erit
1563 978 1665 1016 suo
1708 974 1955 1029 tempore
2003 958 2344 1028 iucundissi-

775 1080 943 1116 iniiin.
978 1064 1109 1125 Quae
1141 1059 1359 1127 quidem
1408 1056 1622 1109 sublata
1672 1063 1799 1107 sunt
1843 1053 1912 1106 ab
1964 1053 2031 1105 iis
2073 1052 2165 1120 qui
2207 1051 2347 1103 lianc

771 1155 948 1208 labem
983 1150 1255 1220 episcopis
1285 1162 1576 1217 aspergi-rc
1610 1147 1820 1206 volunt,
1850 1155 1910 1199 ut
1939 1144 2068 1197 dum
2099 1143 2197 1212 ipsi
2223 1142 2346 1196 aliis

774 1248 1106 1300 insidiantur
1138 1252 1193 1296 et
1242 1241 1471 1310 injurias
1511 1240 1793 1307 ingerunt,
1838 1238 1997 1305 culpa
2032 1242 2082 1289 in
2123 1251 2219 1289 eos
2250 1236 2345 1303 qui

773 1340 897 1393 mali
929 1347 1173 1406 pastores
1208 1345 1355 1395 sunt,
1390 1334 1777 1395 transferatur,
1814 1332 2017 1399 alioqui
2084 1331 2348 1399 quemad-

775 1430 998 1483 modum
1062 1429 1139 1482 ire
1198 1427 1388 1479 licebit
1430 1424 1483 1478 in
1536 1435 1817 1492 aspectum
1867 1437 2058 1475 eorum
2110 1436 2347 1490 quorum

775 1523 973 1575 damna
1015 1529 1071 1572 et
1102 1519 1335 1588 injurias
1377 1516 1677 1569 inhumane
1707 1516 2141 1584 contempseris:
2184 1529 2212 1566 a
2240 1528 2349 1580 quo

776 1623 955 1666 tamen
1019 1614 1167 1665 omni
1217 1626 1273 1664 se
1310 1612 1509 1676 injuria
1543 1611 1855 1664 liberandos
1886 1626 2007 1664 esse
2033 1608 2349 1677 sperabant,

773 1715 869 1758 aut
900 1704 1370 1773 quemadmodum
1427 1718 1689 1771 cogemus
1722 1717 1814 1755 cos
1866 1712 1926 1754 ut
1972 1701 2350 1767 magistratum

780 1798 980 1858 ferant,
1012 1796 1114 1848 nisi
1149 1794 1294 1862 quod
1332 1795 1626 1849 Zacchaeus
1663 1795 1914 1855 faciebat,
1953 1793 2057 1845 hoc
2080 1792 2145 1844 ιιι·
2172 1808 2219 1843 ιιι
2252 1806 2352 1843 nos

776 1887 1107 1943 fecerimus?
1134 1886 1229 1939 ille
1266 1887 1414 1940 enim
1446 1888 1490 1940 si
1527 1887 1659 1951 quid
1689 1886 1927 1953 aliquem
1964 1882 2348 1942 defraudabat,
2387 1864 2427 1919 Β

779 1981 1043 2034 reddebat
1092 1978 1488 2048 quadruplum.
1536 1980 1605 2033 Et
1654 1978 1919 2032 Dominus
1982 1978 2099 2045 pios
2160 1991 2353 2030 omnes

776 2074 935 2143 jubet
961 2073 1031 2124 ab
1059 2072 1290 2126 avaritia
1324 2051 1601 2126 abstinere
1634 2090 1645 2123 ε
1679 2076 1827 2140 quod
1858 2071 2080 2140 quidem
2116 2072 2209 2138 qui
2243 2084 2351 2123 non

780 2164 970 2219 fecerit
1004 2172 1059 2217 et
1090 2163 1338 2216 docuerit
1362 2203 1375 2227 ,
1410 2163 1874 2231 quemadmodum
1921 2179 2029 2217 non
2078 2163 2184 2215 erit
2223 2177 2357 2215 ana-

781 2258 966 2310 thema
1001 2255 1240 2324 populo?
1289 2255 1381 2307 Est
1424 2257 1573 2309 enim
1624 2258 1784 2325 pejus
1833 2272 1943 2309 non
1997 2256 2180 2309 facere
2227 2256 2351 2317 hoc,

784 2363 946 2417 quam
975 2348 1119 2416 quod
1147 2346 1448 2415 Gregorius
1474 2349 1565 2402 ille
1597 2363 1758 2415 quem
1791 2348 1924 2411 dixi,
1961 2348 2112 2401 fecit.
2140 2349 2356 2411 Quanto

785 2440 1010 2494 facilius
1051 2450 1106 2493 ct
1154 2440 1331 2494 levius
1367 2442 1415 2493 id
1454 2440 1580 2493 mali
1622 2452 1778 2509 potes
1806 2442 2124 2508 corrigere?
2155 2441 2355 2510 alioqui

791 2544 1132 2601 utrumque,
1181 2533 1292 2586 imo
1356 2535 1674 2602 quicunque
1725 2550 1831 2586 non
1884 2534 2270 2598 emendantur,
2327 2552 2357 2589 a

789 2627 1012 2681 Christo
1048 2626 1293 2694 p.ineipe
1331 2637 1612 2694 pastorum
1656 2629 1973 2695 punientur.
2013 2628 2155 2696 Ergo
2206 2637 2357 2694 post-

794 2736 957 2790 quam
1001 2720 1102 2772 hoc
1139 2720 1462 2788 perfeceris.
1493 2722 1615 2773 veni
1657 2722 1723 2774 ad
1776 2736 1896 2780 nos,
1933 2732 1992 2773 ut
2038 2720 2238 2775 litteris
2274 2736 2363 2774 ac-

790 2811 965 2879 ceptis
1013 2828 1041 2864 a
1100 2810 1260 2863 nobis
1314 2810 1649 2875 absolvaris,
1712 2822 1768 2864 et
1839 2812 2195 2865 continuatus
2270 2825 2364 2863 eas

792 2902 935 2955 bona
969 2901 1317 2955 conscientia
1349 2901 1413 2953 ad
1451 2918 1650 2954 munus
1675 2904 1948 2971 pastorale
1978 2903 2365 2955 administran-

793 2993 946 3045 dum.
982 2992 1233 3056 Quaiidiu
1268 2994 1412 3045 enim
1455 3008 1563 3044 noti
1594 2994 1872 3045 vereberis
1921 2992 2033 3045 huic
2082 3008 2201 3059 quae
2231 2990 2367 3045 facit

793 3086 996 3147 laccic,
1035 3102 1135 3137 nos
1168 3085 1417 3154 quidem.
1454 3095 1505 3138 tc
1530 3101 1557 3137 a
1592 3086 1831 3139 dioecesi:
1872 3094 1961 3137 tiia
1993 3086 2245 3147 absente,
2285 3084 2362 3136 rei

2449 881 2549 918 xns
2573 881 2586 927 ;
2614 883 2751 934 quas
2782 867 3005 937 quidem
3038 884 3186 921 nunc
3225 870 3277 922 in
3310 872 3587 939 myrtetis,
3618 870 3763 922 inter
3797 870 3932 922 ficus
3968 878 4035 922 et

2452 973 2623 1018 rosas,
2663 970 2824 1027 atque
2859 959 2913 1012 in
2949 962 3433 1014 iiioiitibusdivina
3468 961 3814 1029 providentia
3834 974 4030 1016 custo-

2449 1051 2551 1102 dit.
2590 1051 2776 1120 Neque
2814 1054 2985 1114 enim,
3034 1056 3177 1121 quod
3207 1054 3581 1108 certissimum
3629 1066 3733 1115 est,
3779 1055 3924 1123 virga
3968 1066 4035 1107 et.

2452 1140 2645 1194 baculo
2692 1153 2783 1194 tuo
2837 1145 3095 1209 pastorali
3136 1144 3214 1199 fit.
3275 1155 3333 1196 iit
3367 1147 3416 1196 in
3458 1146 3676 1212 pascuis
3720 1146 4035 1197 virentibus

2450 1234 2600 1301 pacis
2649 1246 2704 1288 ct
2757 1234 3025 1287 bonorum
3082 1238 3327 1291 caelestis
3382 1236 3685 1291 Jerusalem
3756 1253 3832 1291 etc
3891 1239 4029 1290 sint.

2452 1325 2570 1379 Scis
2601 1328 2891 1395 eiiim,qui
2940 1329 3171 1395 amplius
3227 1344 3320 1381 sex
3374 1329 3656 1381 mensibus
3704 1344 3731 1380 a
3785 1328 4033 1381 dimi-ese

2452 1417 2753 1478 abfuerint,
2804 1416 2907 1469 nisi
2948 1434 3043 1470 eos
3075 1419 3259 1487 gravis
3302 1419 3529 1472 morbus
3560 1428 3763 1476 teneat.
3798 1420 4031 1470 canoni-

2454 1507 2557 1562 bus
2603 1518 2660 1563 et
2728 1510 2943 1579 legibus
2993 1509 3269 1562 [innatum
3302 1525 3444 1570 esse.
3481 1520 3538 1562 ut
3576 1508 3942 1562 sacerdotium
3975 1518 4037 1558 et

2453 1618 2670 1672 gregem
2730 1603 3067 1655 amitterent.
3102 1599 3330 1661 Verum,
3378 1615 3578 1652 novum
3628 1596 3918 1652 consilium
3973 1604 4039 1648 ct

2459 1696 2789 1748 sceleratum
2824 1695 2912 1747 hic
2944 1711 2972 1747 a
3010 1703 3216 1747 nostrze
3252 1695 3429 1746 aetatis
3460 1692 3779 1745 hominibus
3810 1691 4038 1758 excogi—

2458 1796 2629 1840 tatum
2662 1794 2746 1839 est
2778 1804 2790 1837 :
2818 1785 3053 1845 scilicet,
3082 1785 3297 1839 mittitis
3326 1785 3569 1853 aliquem
3603 1785 3695 1851 qui
3728 1780 4035 1835 sciatmul-

2455 1896 2583 1947 gere
2625 1893 2891 1947 gregem;
2943 1879 3047 1947 ipsi
3086 1893 3215 1931 vero
3261 1881 3314 1932 in
3364 1879 3495 1931 urbe
3543 1876 4033 1944 Constantiiwpoli

2454 1978 2789 2040 exspectatis
2807 1982 3033 2038 propter
3058 1970 3318 2038 prmfectu
3331 1986 3415 2024 ras
3436 1972 3647 2034 civiles,
3667 1969 4035 2037 subscriptio-

2457 2080 2576 2125 nes,
2610 2065 3022 2132 intempestivas
3042 2064 3420 2118 ordinationes
3444 2107 3459 2127 ,
3487 2063 3626 2117 adde
3658 2066 3821 2116 etiam
3849 2062 4037 2117 bullas

2456 2168 2511 2212 et
2542 2160 2766 2211 decreta
2797 2177 2808 2211 :
2840 2167 2895 2212 et
2930 2168 3185 2226 tanquam
3220 2158 3443 2227 impune
3468 2159 3541 2211 sit
3568 2157 3725 2211 vobis
3755 2158 4033 2218 futurum.

2458 2251 2531 2304 ita
2568 2251 2758 2319 procul
2815 2267 2843 2303 a
2878 2250 3104 2304 diteccsi
3142 2250 3298 2303 vobis
3345 2251 3637 2305 commissa
3663 2248 3949 2309 receditis.
3978 2255 4045 2298 et

2458 2347 2561 2398 alia
2598 2345 2933 2414 hujusiiiodi,
2972 2346 3256 2415 nteuique
3296 2341 4043 2411 libet.conimitiitis.Opor-

2461 2438 2612 2492 tebat
2646 2438 2851 2505 potius,
2902 2438 3119 2491 cunctis
3169 2439 3445 2507 episcopis
3495 2438 3737 2506 undique
3770 2439 3821 2491 iii
3861 2450 4039 2488 unum

2459 2531 2826 2599 congregatis,
2870 2545 3025 2584 suam
3068 2532 3270 2599 cuique
3298 2532 3591 2585 alimcesem
3645 2528 3888 2583 funiculo
3922 2528 4045 2580 dis~

2462 2626 2780 2678 tributionis
2849 2626 3274 2679 circumscribi.
3331 2633 3497 2693 atque
3558 2625 3629 2678 ita
3708 2625 4045 2692 patriarchae

2464 2728 2673 2786 partem
2706 2732 2859 2769 suam
2893 2733 2921 2769 a
2961 2717 3118 2769 vobis
3153 2719 3446 2784 assignari,
3500 2726 3591 2769 aut
3639 2731 3736 2769 vos
3792 2732 3820 2769 a
3859 2718 4044 2783 patri-

2464 2809 2633 2861 archa
2670 2810 2898 2877 privari.
2946 2806 3008 2860 Et
3058 2808 3191 2875 quid
3233 2810 3474 2876 prodest,
3512 2809 3787 2862 laborasse
3840 2823 3937 2861 vos
3984 2809 4045 2860 iii

2464 2901 2756 2967 deligendo
2810 2916 2872 2955 ac
2919 2902 3313 2954 constituendo
3360 2901 3695 2969 patriarcha,
3729 2916 3793 2955 ac
3843 2913 4045 2970 postea

2466 2996 2730 3049 insultare
2763 3005 2817 3048 et
2853 2994 3034 3047 efferri
3063 2996 3114 3047 in
3141 3010 3291 3057 eum,
3323 3004 3378 3049 et
3405 2997 3514 3048 vita
3543 2994 3657 3064 ipsa
3691 3006 3852 3066 atque
3877 2996 4047 3051 factis

2467 3088 2736 3140 irridere?
2766 3088 2934 3151 nulla,
2965 3103 3030 3140 tie
3058 3088 3122 3139 ad
3160 3088 3324 3141 breve
3357 3089 3578 3156 quidem
3600 3098 3840 3157 tempus,
3871 3104 4049 3140 canti-

768 3193 904 3251 rllOIl
960 3180 1167 3230 erimus
1226 3189 1330 3231 tua:
1384 3178 1686 3231 vacationis
1738 3192 2041 3245 eorumque
2090 3176 2433 3270 iiialoruiiiC
2470 3196 2597 3231 imm
2653 3190 2705 3231 et
2765 3179 2944 3248 legunt
2998 3183 3210 3234 ratione
3260 3182 3488 3233 habita:
3522 3195 3683 3248 quem
3742 3182 3784 3234 si
3837 3182 4047 3234 vestris

793 3283 913 3334 qme
944 3283 1008 3319 ex
1043 3268 1291 3321 absentia
1346 3276 1403 3321 et
1453 3273 1736 3320 vacatione
1774 3269 1922 3319 nasci
1978 3282 2201 3319 necesse
2241 3277 2358 3329 c5t;

795 3376 972 3421 neque
1040 3376 1231 3412 eorum
1304 3361 1573 3413 bonorum
1644 3361 2081 3427 iiiterceptores,
2144 3376 2265 3423 qnie
2315 3359 2359 3412 si

793 3454 1032 3507 adesses.
1067 3467 1229 3520 Opere
1260 3460 1313 3504 et
1343 3467 1600 3504 sermone
1624 3453 1802 3503 facere
1836 3460 2056 3518 poteras
2089 3462 2145 3503 et
2197 3451 2361 3503 debe-

798 3544 912 3594 bus.
942 3543 1222 3595 (Zoiicedat
1250 3543 1345 3595 tibi
1386 3542 1713 3609 cunctisque
1745 3540 2001 3593 fidelibus
2028 3540 2191 3601 Deus,
2216 3539 2362 3607 quod

794 3633 1141 3685 L'Ulllnludlllll
1172 3641 1275 3686 est.

1347 3766 1685 3821 EI’ISTOLA
1729 3769 1814 3822 IV.

956 3905 1277 3956 Athanasius
1310 3906 1617 3973 patriarcha
1668 3906 1905 3975 episcopo
1930 3907 2198 3975 Apamea.

868 4020 1179 4087 'l‘crtiojaui
1228 4020 1292 4071 ad
1331 4028 1381 4071 te
1418 4021 1625 4081 scribo,
1657 4020 1730 4072 mi
1768 4020 1936 4073 frater
1981 4031 2035 4073 et
2080 4021 2369 4075 commini-

798 4110 1405 4176 ster,quandoqiiideni
1454 4110 1596 4162 binis
1648 4111 1784 4163 meis
1831 4112 2025 4164 litteris
2069 4114 2367 4180 superiori-

801 4202 924 4262 bus,
956 4204 1177 4267 quas-ait
1213 4210 1264 4251 te
1294 4200 1437 4260 misi,
1461 4216 1567 4251 non
1596 4202 1739 4251 stetit
1776 4206 1988 4253 vcrbnm
2021 4201 2159 4253 velut
2199 4204 2252 4253 iii
2275 4219 2365 4255 ore

798 4294 1023 4347 duorum
1059 4291 1290 4351 testium,
1327 4292 1471 4343 sicut
1500 4291 1573 4345 ait
1608 4290 1890 4359 Scriptura
1922 4302 2128 4346 sancta.
2170 4294 2366 4347 llorta.

802 4399 923 4435 mur
946 4391 1184 4450 ergoJe,
1214 4383 1339 4447 quia
1366 4384 1468 4435 lioc
1493 4383 1583 4451 jus
1612 4384 1849 4451 postulat
1880 4394 1937 4437 ut
1961 4402 2081 4453 qua:
2107 4387 2365 4455 subrepta

800 4482 952 4529 sunt.
988 4473 1054 4525 iis
1101 4473 1305 4539 quibus
1356 4474 1616 4539 subrepta
1652 4488 1774 4527 esse
1816 4485 2034 4527 constat
2071 4478 2368 4529 restituan—

2471 3269 2705 3323 fortasse
2755 3271 3080 3323 libsdinibiis
3138 3274 3405 3324 resistere
3456 3272 3720 3331 videatis.
3772 3273 4047 3325 continuo

2471 3365 2700 3415 crimina
2736 3364 2961 3427 fingitis,
2989 3375 3194 3415 etcum
3237 3380 3362 3417 cum
3410 3366 3628 3417 infamia
3662 3375 3827 3433 atque.
3871 3366 4053 3420 dede-

2471 3469 2597 3506 core
2630 3456 2832 3523 ejiceie
2868 3457 3219 3508 contenditis.
3255 3458 3331 3509 Ad
3365 3458 3497 3525 quid
3532 3472 3663 3511 vero
3690 3473 3913 3513 necesse
3935 3472 4048 3523 est,

2471 3548 2537 3598 ad
2572 3564 2721 3599 suam
2753 3563 3028 3617 quemque
3082 3549 3377 3603 dimcesein
3430 3551 3508 3604 ire
3558 3552 3855 3618 tprupn’ani
3892 3552 4048 3609 dico.

2472 3652 2562 3694 aut
2588 3643 2691 3696 sibi
2719 3644 3179 3705 commendatam)
3208 3644 3388 3698 nisiut
3424 3645 3580 3711 lopns
3615 3644 3741 3698 inde
3769 3648 4007 3699 areeatis
4030 3647 4054 3697 ‘3

2472 3734 2627 3798 Quod
2653 3735 2697 3786 si
2734 3734 2963 3787 fortasse
3000 3738 3104 3787 liiic
3140 3750 3233 3787 vos
3266 3736 3458 3787 iiieitzit
3492 3746 3546 3786 et
3579 3737 3743 3788 trahit
3781 3747 3890 3788 tum
3924 3748 4047 3789 stn-

2474 3832 2625 3883 diiim
2676 3841 2842 3898 atque
2892 3831 3231 3883 desiderium
3265 3830 3588 3883 mnsuletidi
3626 3833 3923 3882 multorum
3958 3848 4019 3882 sa

2474 3923 2600 3985 ltiti,
2657 3922 2819 3988 idque
2872 3923 3027 3975 vobis
3084 3928 3427 3990 propositum
3486 3934 3603 3985 est;
3664 3925 4051 3977 tumscientia

2476 4023 2583 4064 tam
2618 4014 2785 4064 inulta
2819 4022 2873 4063 tit
2908 4012 3036 4064 hinc
3076 4025 3319 4081 ptisSitis,
3352 4017 3518 4065 etiam
3570 4031 3687 4081 qiize
3721 4026 3869 4070 extra
3907 4014 4054 4069 fines

2478 4114 2780 4156 vestrarum
2805 4106 3111 4157 diazvcseon
3166 4108 3339 4172 posita
3375 4115 3526 4168 sunt,
3578 4106 3932 4174 gubernare:
3976 4110 4054 4158 ad

2474 4196 2933 4263 exstinguendam
2988 4197 3135 4248 sitim
3171 4199 3309 4248 hanc
3348 4201 3624 4265 tinjnsque
3673 4199 3841 4251 studii
3888 4200 4060 4251 ardo-

2477 4303 2614 4351 rem,
2658 4292 2844 4341 veniat
2882 4289 2935 4340 iii
2980 4299 3217 4340 mentem
3255 4290 3403 4341 illius
3434 4292 3522 4341 cui
3566 4290 3797 4355 plurima
3832 4301 4063 4342 sancta-

2478 4391 2595 4428 riim
2630 4376 2940 4429 litterarum
2975 4378 3201 4430 scientia
3235 4377 3495 4448 Theologi
3517 4382 4064 4448 cognomentumde—

2479 4469 2579 4526 dit.
2617 4469 2877 4536 illiusque
2914 4485 3094 4537 parva:
3127 4469 3471 4523 Sozimorum
3514 4472 3852 4534 diteccseos;
3892 4475 3964 4526 ita
3994 4488 4062 4529 ut

802 4575 929 4616 iur:
971 4575 1025 4615 ut
1058 4580 1182 4615 cum
1227 4565 1477 4615 restituta
1514 4564 1739 4628 fuerint,
1793 4565 1907 4634 ipse
1936 4566 2234 4620 Ecclesiam
2273 4568 2369 4620 tibi
2402 4569 2427 4627 ι

2484 4560 2565 4612 vel
2595 4571 2819 4627 propter
2852 4563 3217 4615 reverentiam
3264 4563 3410 4615 illius
3441 4566 3767 4617 excellentis
3804 4566 3929 4628 viri,
3965 4570 4060 4619 vel

801 4656 1235 4708 cuininendatain
1288 4656 1440 4708 adire
1495 4658 1689 4722 possis,
1731 4672 1971 4725 eumque
2023 4659 2298 4711 honorare
2345 4674 2373 4710 a

801 4764 908 4815 qun
940 4757 1135 4800 cuncta
1164 4757 1292 4801 sunt
1329 4748 1400 4799 ita
1436 4750 1597 4816 justis
1631 4762 1685 4801 et
1716 4749 1962 4803 miriticis
1988 4751 2163 4803 modis
2192 4750 2376 4817 dispo-

804 4842 907 4892 sita
944 4849 1107 4907 atque
1137 4840 1434 4892 distributa
1464 4850 1523 4893 ut
1566 4842 1648 4895 vel
1685 4857 1847 4910 grues
1888 4857 1988 4895 suo
2017 4850 2262 4908 tempore
2284 4857 2374 4895 ca-

805 4939 957 4989 nant,
998 4946 1176 4997 neque
1210 4932 1321 4983 sint
1357 4932 1506 4984 omni
1555 4942 1805 4999 tempore
1856 4946 2035 4999 neque
2065 4932 2213 4983 omni
2250 4933 2374 4985 loco

805 5023 1032 5090 graculi.
1067 5022 1177 5091 Ego
1206 5039 1337 5076 vero
1366 5024 1454 5077 cui
1503 5040 1633 5093 grex
1673 5023 1879 5077 Christi
1914 5024 2242 5076 commissus
2267 5033 2373 5085 est,

805 5116 848 5167 si
897 5114 1217 5180 dignitatem
1274 5116 1519 5168 muneris
1557 5116 1727 5178 norit,
1782 5115 2031 5182 iniquum
2076 5129 2196 5168 esse
2228 5116 2375 5167 arbi-

808 5218 943 5268 tror,
988 5222 1096 5259 non
1147 5223 1318 5275 usque
1349 5209 1414 5260 ad
1446 5208 1769 5275 sanguinem
1802 5207 2022 5260 assidue
2057 5206 2107 5258 ei
2149 5205 2373 5260 studere

807 5308 863 5349 et
895 5298 1237 5351 incumbere.
1265 5297 1375 5352 Nisi
1418 5299 1560 5353 forte
1594 5299 1859 5366 ignoratis
1892 5299 2061 5351 Deum
2097 5314 2240 5361 esse,
2279 5298 2373 5366 qui

807 5390 1007 5443 dixerit
1034 5407 1046 5443 :
1080 5388 1259 5452 Petra,
1292 5405 1441 5441 amas
1472 5389 1591 5442 me?
1617 5404 1775 5456 pasce
1810 5404 1924 5439 oves
1945 5404 2109 5440 ineas.
2137 5386 2265 5449 Sed,
2291 5387 2375 5440 hei

810 5482 977 5533 mihi!
1014 5498 1119 5534 non
1156 5482 1266 5551 jam
1313 5490 1558 5550 pastores
1591 5497 1723 5535 oves
1751 5492 2003 5548 pascunt,
2045 5480 2140 5533 sed
2182 5481 2381 5532 ovibus

812 5586 1067 5641 tanquam
1100 5590 1235 5639 pane
1269 5586 1587 5643 pascuntur.
1633 5574 1750 5627 Jam
1786 5573 2076 5626 horribilia
2108 5572 2199 5624 illa
2236 5572 2379 5625 mala

815 5667 1078 5717 matutini
1107 5675 1409 5732 pastorum,
1440 5682 1559 5735 qua:
1595 5664 1859 5735 propheta
1893 5662 2139 5717 ltllecliiel
2173 5663 2378 5717 descri-

890 5849 1113 5901 “lsziii.
1184 5867 1236 5915 Σ,
1302 5852 1382 5904 ἰὲ.

2483 4664 2707 4722 propter
2760 4655 3134 4722 aqualitatem
3195 4657 3423 4709 honoris
3475 4672 3586 4725 quo
3639 4660 3886 4711 contenti
3927 4675 4062 4715 esse

2481 4744 2719 4809 debetis,
2769 4747 3001 4813 quisque
3040 4754 3285 4799 vestrum
3332 4747 3471 4799 intra
3503 4763 3635 4800 suos
3668 4763 3724 4801 se
3757 4750 3891 4801 fines
3923 4763 4065 4801 coii-

2482 4837 2674 4890 tineat.
2712 4835 3081 4901 Quamobrem
3133 4839 3413 4899 existima,
3451 4839 3640 4893 frater.
3691 4839 3877 4891 deberi
3922 4855 3949 4890 a
4004 4851 4062 4890 te

2484 4926 2589 4980 hoc
2616 4943 2786 4995 usque
2828 4927 2896 4979 ad
2937 4927 3291 4995 sanguinem,
3328 4937 3389 4981 iit
3424 4944 3547 4981 cum
3596 4931 3792 4982 ovibus
3825 4930 3927 4982 iiiis
3978 4934 4065 4984 sis

2482 5027 2536 5069 et
2572 5017 2739 5069 vivas.
2775 5016 2885 5069 Hoc
2912 5016 3056 5070 idem
3091 5021 3307 5070 exteris
3332 5020 3610 5085 epist-Opis
3638 5020 3876 5071 studium
3908 5030 4063 5079 est“,

2484 5110 2617 5177 ipsis
2670 5108 2892 5177 quidem
2924 5119 2981 5162 et
3017 5125 3209 5162 eorum
3260 5113 3523 5180 gregibus
3572 5113 3829 5165 salutare.
3864 5111 4065 5179 Neque

2482 5201 2652 5259 enim,
2705 5200 2809 5252 hoc
2860 5200 3161 5267 praesertim
3200 5214 3472 5277 tempore,
3508 5204 3777 5271 supplicia
3827 5200 4064 5270 efl'ugiet

2483 5303 2669 5361 pastor
2700 5292 2795 5359 qui
2841 5307 2967 5345 cum
3015 5307 3179 5361 grege
3219 5294 3605 5351 iionlaborat;
3646 5295 3698 5347 in
3729 5310 3888 5363 quem
3925 5310 4063 5363 pro-

2485 5385 2628 5437 fecto
2673 5385 2966 5436 conveniat
3007 5384 3156 5452 quod
3193 5384 3458 5439 Dominus
3505 5386 3629 5439 ait:
3670 5386 3814 5438 Videt
3867 5386 4063 5453 lupum

2478 5478 2793 5538 uenientem,
2830 5485 2879 5527 et
2913 5476 3167 5544 relinquit
3200 5494 3340 5541 oves,
3370 5491 3417 5531 et
3452 5479 3613 5548 fugit,
3646 5491 3693 5531 et
3721 5480 3871 5547 lupus
3912 5485 4063 5548 rapit

2480 5586 2570 5624 ea:
2600 5570 2665 5633 ",
2715 5584 2838 5638 qua:
2867 5568 2960 5637 qui
2996 5572 3311 5634 non-audit,
3349 5573 3638 5626 sententia:
3664 5573 3828 5640 liuius
3858 5584 4060 5625 διιοιο-

2483 5677 2596 5716 rem
2634 5660 2961 5716 contemnit.
2995 5659 3211 5715 Etenim
3245 5663 3350 5718 nisi
3381 5663 3487 5718 hoc
3517 5663 3630 5728 tiat,
3664 5676 3927 5733 quorsum
3954 5666 4061 5716 iSte
