4220 6444
202 429 296 487 Sil

1617 422 2018 482 περιεποιμῆ
3326 421 3429 484 522

205 552 387 591 vester
435 547 766 599 conventus;
821 535 951 604 quid
1003 534 1272 588 commodi
1329 535 1536 588 aﬂ'crt?
1576 548 1668 588 aut
1721 537 1764 586 si
1798 571 1838 624 Α
1869 546 2102 585 nurnero
2155 533 2511 599 reperiantur,
2547 547 2685 600 quos
2721 533 2860 586 Deus
2904 535 3123 587 occulto
3154 550 3254 588 suo
3281 538 3431 604 juvli-

201 632 332 697 quid
369 631 494 682 boni
529 633 614 682 hic
646 630 832 696 agitis.
866 628 1054 682 dicite.
1095 627 1207 694 Ego
1235 629 1406 687 enim,
1436 629 1538 681 nisi
1583 643 1765 681 sacer-

202 726 356 774 dotio
387 725 561 776 labent
614 731 928 788 aspergeret
976 722 1176 779 oratio.
1213 722 1381 773 multa
1417 721 1769 772 demonstra-

205 831 317 865 tem
359 815 612 866 indecora
647 823 702 864 et
732 811 798 863 ab
833 810 1086 862 Ecclesia:
1139 811 1536 862 constitutione
1567 810 1764 869 aliena,

202 920 327 970 qum
370 920 431 955 ex
489 904 590 955 isto
623 914 805 955 \estro
841 901 892 954 iu
925 901 1065 953 hanc
1102 901 1290 953 urbem
1339 909 1612 953 conventu
1647 914 1766 965 pro-

203 995 552 1047 ﬁciscuntur.

769 1080 1108 1136 EPISTOLA
1155 1083 1213 1135 ν.

273 1178 597 1230 Athanasius
659 1174 962 1242 patriarcha
1034 1172 1693 1233 Constantinmiolitanus,

348 1248 599 1314 episcopis
631 1249 698 1296 ad
725 1246 964 1296 diwceses
1005 1260 1128 1295 suas
1163 1242 1623 1311 proﬁciscentibus.

274 1361 330 1413 Si
370 1361 496 1427 quid
544 1371 625 1411 cst
673 1359 820 1410 aliud
861 1372 1251 1415 necessarium,
1289 1357 1453 1423 idque
1488 1356 1766 1417 omnibus,

202 1455 438 1504 maxime
472 1462 576 1511 est,
612 1451 808 1502 fratres
840 1459 893 1500 et
929 1459 1301 1515 coinpaslores
1340 1448 1468 1509 mei,
1519 1464 1770 1498 net-essa-

204 1547 347 1592 rium
385 1542 684 1606 prgescrtim
727 1540 1000 1606 magistris
1033 1538 1310 1598 Ecclesiae,
1345 1550 1588 1590 sanctam
1617 1538 1768 1591 Seri-

202 1644 415 1700 pturam
441 1613 699 1687 revereri.
717 1643 978 1691 metuere,
996 1641 1047 1682 et
1066 1631 1310 1697 diligenti
1337 1634 1767 1696 perscrutatione

199 1727 552 1783 exanimare;
597 1734 760 1790 atque
789 1723 853 1772 ad
890 1722 1217 1790 perlicienda
1275 1736 1394 1787 qua:
1424 1722 1474 1770 in
1505 1736 1568 1772 ea
1613 1735 1768 1770 utan-

201 1817 326 1866 data
383 1827 544 1874 sunt,
586 1827 870 1882 promptos
920 1815 1314 1881 expeditosque
1367 1828 1488 1864 csse
1540 1825 1770 1864 cunctos

1870 623 1978 684 cio,
2026 621 2172 690 quod
2224 622 2327 690 ipsi
2379 635 2568 677 notum
2601 634 2703 687 est,
2733 624 2799 676 ad
2834 627 3136 678 vocandum
3175 627 3434 679 invitatos

1871 714 2084 767 miserit
2113 731 2124 776 ;
2153 715 2382 767 obsecro
2403 725 2458 767 et
2485 717 2750 778 obtestor,
2779 733 2845 768 ne
2870 717 3281 782 obliviscamur,
3303 735 3438 772 neve

1866 807 2016 872 jus~a
2063 807 2429 873 mandataque
2471 809 2589 875 ejus
2641 810 2734 876 qui
2787 809 2939 861 misit
2997 810 3319 876 abjiciamus
3373 827 3437 864 ac

1873 893 2228 961 uegligamus,
2261 896 2403 948 sicut
2446 896 2480 948 ii
2536 899 2627 964 qtti
2659 903 2824 952 corda
2876 899 3081 952 habent
3125 904 3346 969 crapula
3378 914 3436 954 ct

1870 986 2336 1039 sollicitudinibus
2384 989 2574 1042 mundi
2625 1004 2846 1058 gravata
2895 1005 2950 1045 et
2999 997 3280 1061 depressa.
3329 997 3435 1061 Qui

1872 1076 2091 1140 quidem
2129 1078 2355 1143 vigilare
2407 1091 2464 1132 ct
2507 1096 2667 1135 orare
2714 1083 2851 1150 jussi
2907 1101 3116 1146 sumus,
3175 1096 3430 1154 tanquam

1874 1179 1978 1214 non
2018 1165 2176 1217 aliter
2204 1168 2388 1220 l'utura
2419 1182 2686 1224 tormenta
2729 1173 2898 1226 vitare
2929 1177 3220 1240 possimus,
3257 1193 3434 1246 neque

1871 1256 2031 1307 aliter
2051 1273 2232 1310 coram
2266 1260 2378 1312 Deo
2407 1263 2524 1314 sisti
2556 1263 2897 1328 innocentes,
2931 1270 3206 1322 ostensuri
3229 1282 3435 1334 utrum,

1875 1350 2016 1401 inuis
2051 1349 2196 1404 datis
2227 1354 2292 1404 ad
2330 1369 2575 1406 mensam
2612 1359 2866 1424 ucgotiati
2911 1361 3198 1423 fuerimus,
3231 1379 3296 1415 an
3336 1382 3435 1432 po-

1873 1429 1982 1494 iius
2030 1445 2084 1495 in
2133 1445 2306 1497 ftindo
2354 1457 2518 1513 atque
2572 1450 2795 1502 sudario
2845 1455 3325 1518 occultaverimus,
3380 1469 3438 1509 nt

1872 1533 2094 1599 quidam
2129 1550 2239 1602 prae
2271 1539 2513 1604 nequitia
2539 1550 2595 1592 et
2632 1541 2939 1608 ignorantia
2973 1544 3166 1598 fecisse
3193 1554 3434 1602 accusati

1872 1631 2023 1674 sunt.
2059 1624 2368 1682 Horribiles
2397 1632 2642 1697 profecto
2675 1645 2800 1687 sunt
2849 1636 3008 1688 mina:
3042 1639 3202 1690 nobis
3253 1651 3430 1708 pasto

1875 1715 2028 1766 ribus
2058 1721 2376 1784 prepositaz,
2414 1722 2515 1775 nisi
2557 1725 3004 1792 vigilaverimus:
3046 1731 3251 1797 quibus
3284 1750 3433 1784 tuan-

1838 1866 1845 1882 )
1874 1806 2059 1858 datum
2093 1811 2555 1881 commissumque
2593 1826 2700 1880 est,
2740 1820 2951 1872 tradere
2983 1826 3287 1883 conservis.
3319 1837 3432 1876 tum

201 1910 570 1971 Christianos,
607 1909 709 1959 nisi
744 1923 968 1974 prorsus
998 1906 1308 1970 insaniant;
1339 1905 1602 1958 Dominus
1623 1921 1767 1958 ειιιηι
1805 1902 1842 1954 Β
1874 1897 2043 1949 Verbo
2093 1907 2208 1952 lum
2243 1901 2423 1967 Ῐειειίδν
2459 1921 2583 1958 vera
2621 1907 2873 1976 dogmata
2921 1921 2979 1962 et
3022 1914 3146 1964 Vitae
3182 1917 3437 1982 perfecta:

198 2002 402 2066 estqui
446 2001 700 2050 hortatur
738 1997 1067 2066 perscrutari
1098 1996 1445 2065 Scripturas;
1484 2005 1534 2047 et
1566 2013 1628 2047 ex
1663 1996 1764 2057 eis,

202 2103 314 2143 tum
358 2093 659 2158 przt't‘erila,
691 2101 802 2140 tum
842 2091 1100 2155 pleraque
1151 2089 1202 2141 in
1263 2097 1545 2156 posterum
1585 2087 1767 2140 futura

199 2184 418 2237 discere
452 2192 506 2234 et
551 2184 770 2235 docere.
809 2181 960 2233 llnde
992 2180 1184 2233 salutis
1210 2195 1327 2232 sua:
1371 2179 1584 2248 cupidis
1622 2196 1766 2232 sem-

200 2293 296 2344 per
328 2277 571 2329 studium
624 2275 727 2327 fuit
761 2274 958 2326 Mosem
991 2283 1045 2326 et
1079 2274 1374 2341 prophetas
1399 2273 1612 2325 audire.
1635 2271 1768 2325 Ver-

201 2369 330 2419 bum
365 2369 512 2419 enim
561 2369 766 2434 iudicat
799 2383 918 2428 nos,
952 2377 1008 2419 ut
1043 2367 1086 2420 is
1123 2367 1214 2433 qui
1263 2365 1484 2418 mentiri
1527 2381 1632 2419 non
1677 2381 1769 2433 po-

203 2467 308 2510 test
375 2458 586 2510 docuit.
654 2456 831 2521 Quare
905 2459 1084 2509 omnis
1151 2457 1431 2524 Scriptura
1503 2457 1770 2510 divinitus

199 2550 468 2615 inSpirata
520 2550 778 2600 salutaris
829 2559 882 2601 et
934 2549 1084 2600 utilis
1125 2561 1210 2602 est
1243 2549 1308 2602 ad
1345 2552 1766 2602 examinandum

197 2645 349 2707 quod
378 2642 719 2694 conveniens
748 2649 831 2691 est
874 2652 929 2692 ct
967 2642 1280 2704 honestum,
1317 2651 1372 2692 et
1406 2643 1469 2692 ad
1505 2643 1768 2694 erudien-

200 2731 332 2782 dum
375 2741 538 2800 atque
577 2731 992 2800 corrigendum.
1028 2730 1208 2794 Utilis,
1243 2734 1490 2798 inquam,
1533 2749 1642 2784 non
1675 2749 1764 2785 so-

198 2824 310 2874 lum
365 2822 432 2874 iis
483 2822 575 2889 qui
629 2815 868 2890 turpiter'
912 2823 1125 2885 vivunt,
1162 2823 1256 2875 sed
1314 2824 1486 2892 magis
1528 2825 1614 2884 iis,
1675 2826 1768 2892 qui

198 2913 384 2965 sobrie
436 2922 491 2964 et
538 2913 936 2973 continenter;
981 2914 1047 2966 iis
1083 2928 1211 2966 vero
1261 2913 1354 2981 qui
1391 2916 1647 2982 pastorali
1685 2920 1768 2967 di-

199 3004 414 3071 gnitate
465 3013 521 3055 et
573 3003 740 3071 gradu
804 3004 1170 3072 qualicunque
1229 3007 1438 3072 praediti
1491 3017 1542 3058 et
1588 3009 1765 3059 ornati

199 3107 327 3148 sunt
351 3137 364 3157 ,
397 3104 481 3147 est
514 3097 628 3162 ipsa
662 3098 770 3148 vita
804 3106 1030 3157 aeterna,
1073 3108 1126 3152 et
1153 3099 1379 3152 lucerna
1413 3100 1644 3167 pedibus
1675 3116 1768 3152 eo-

202 3200 348 3248 rum,
382 3187 581 3253 viaque
610 3187 920 3239 certissima
954 3191 1019 3239 ad
1063 3189 1343 3241 faciendas
1373 3189 1463 3241 Dei
1499 3190 1761 3257 justitias.

202 3275 275 3328 Ex
303 3291 367 3328 ea
405 3277 553 3328 enim
586 3279 877 3340 discimus,
918 3294 1016 3346 per
1045 3296 1207 3347 quem
1245 3291 1297 3331 et
1332 3297 1360 3332 a
1396 3297 1504 3348 quo
1539 3282 1686 3342 lacti,
1713 3294 1768 3335 et

193 3368 260 3420 ad
305 3384 473 3434 quem
534 3369 824 3420 tendamus
868 3387 880 3420 :
933 3371 1134 3438 quibus
1185 3372 1405 3438 quidem
1461 3374 1766 3442 injunctum

193 3469 277 3512 est
311 3473 519 3512 munus
557 3460 828 3524 docendi;
862 3471 918 3513 et
943 3479 1048 3514 non
1091 3473 1395 3531 utcunque,
1429 3465 1521 3516 sed
1555 3467 1624 3517 ita
1672 3482 1766 3532 pa-

194 3549 410 3611 scendi,
436 3558 498 3600 ut
525 3565 653 3600 eum
689 3551 779 3617 qui
807 3566 1030 3618 pascere
1059 3552 1209 3604 dedit
1230 3555 1470 3605 viciSsim
1496 3569 1764 3615 amemus,

193 3639 433 3691 scientes
459 3640 586 3706 quis
619 3650 700 3692 est
739 3644 830 3706 qui
868 3643 1039 3705 venit,
1068 3653 1120 3696 et
1157 3645 1354 3697 iterum
1393 3657 1658 3699 venturus
1683 3655 1768 3699 est

193 3729 260 3782 ad
285 3731 654 3798 judicaudum
683 3733 838 3785 vivos
867 3745 918 3786 et
948 3748 1194 3787 mortuos
1221 3753 1234 3788 :
1265 3747 1318 3788 et
1348 3739 1581 3790 scientes
1619 3740 1764 3806 quod

193 3831 444 3883 pastores
483 3823 573 3888 qui
631 3822 724 3873 Dei
774 3838 1069 3890 prrecepta,
1114 3827 1196 3879 vel
1247 3842 1471 3896 propter
1511 3845 1768 3884 reveren-

195 3912 322 3964 tiam
365 3921 422 3964 et
476 3922 678 3964 metum
713 3915 792 3965 vel
825 3927 1049 3984 propter
1079 3919 1400 3972 cbaritatem
1431 3923 1616 3974 animo
1648 3939 1767 3974 ser-

193 4007 396 4068 varint,
427 4005 498 4057 ad
548 4006 832 4058 desteram
885 4010 1048 4075 positi
1107 4011 1419 4064 incredibili
1472 4015 1765 4079 splendore

190 4097 530 4165 fulgebunt:
570 4099 660 4162 qui
715 4115 845 4150 vero
888 4115 996 4153 non
1050 4105 1348 4163 servarint.
1387 4107 1452 4157 ad
1482 4107 1764 4160 sinistram

190 4196 356 4238 erunt
388 4187 459 4238 ad
511 4202 674 4239 omne
711 4203 886 4255 genus
928 4192 1278 4246 cruciawum
1329 4194 1570 4246 damnati
1617 4211 1628 4246 :
1685 4206 1760 4260 et,

190 4278 337 4344 quod
369 4285 459 4330 est
495 4276 746 4333 omnium
785 4278 1350 4334 intolerabiltssitmtm
1401 4293 1567 4352 atque
1615 4300 1765 4338 acer-

193 4369 510 4432 bissimum,
546 4369 738 4436 procul
776 4385 804 4421 a
837 4380 1133 4438 conspectu
1171 4371 1262 4424 Dei
1310 4374 1494 4440 ejecti,
1536 4384 1592 4428 et
1638 4391 1763 4443 per-

195 4473 361 4530 petuo
414 4461 773 4514 conscientia:
826 4478 1010 4515 morsu
1053 4464 1351 4531 exagitati;
1393 4482 1582 4520 rursus
1632 4483 1764 4520 vero

1873 2001 2153 2054 normam;
2185 2001 2298 2044 tum
2331 2011 2626 2062 reposcere
2662 2003 2930 2053 rationem
2965 2021 3286 2073 progressus
3321 2014 3436 2078 Spi-

1873 2079 2429 2152 ritualis,vigilanter
2477 2090 2606 2143 tuba
2643 2078 2860 2152 canere.
2892 2112 2958 2149 ne
3003 2102 3279 2168 romphrea
3321 2109 3436 2158 anis

1875 2187 2015 2224 mam
2047 2177 2281 2244 alicujus
2317 2183 2604 2250 corripiat,
2629 2186 2835 2254 alioqui
2864 2204 2928 2241 ex
2951 2195 3204 2248 manibus
3237 2202 3439 2252 nostris

1875 2269 2252 2332 repetendam,
2294 2276 2533 2343 denique
2566 2277 2908 2334 incessanter
2965 2287 3259 2353 explanare
3315 2309 3437 2359 qua:

1873 2358 1945 2408 sit
1985 2358 2076 2411 Dei
2114 2362 2408 2416 voluntas:
2441 2379 2495 2417 et
2529 2382 2654 2420 cum
2695 2371 2824 2426 olim
2855 2374 2920 2426 ad
2961 2377 3063 2430 hoc
3105 2394 3244 2446 Opus
3277 2358 3434 2438 multi

1874 2451 2023 2501 missi
2055 2451 2282 2514 fuerint,
2341 2471 2588 2510 nostrum
2625 2471 2709 2512 est
2745 2465 2940 2518 timere
2989 2483 3056 2520 ne
3113 2470 3165 2521 in
3215 2472 3432 2528 labores

1871 2556 2058 2594 eorum
2093 2544 2347 2612 ingressi,
2379 2563 2567 2616 plenas
2592 2551 2784 2606 demus
2809 2556 2852 2609 si
2887 2557 3069 2611 minus
3103 2561 3433 2620 laboremus.

1871 2633 2048 2697 Quod,
2082 2638 2288 2689 utinam
2326 2654 2391 2692 ne
2425 2641 2583 2695 nobis
2611 2648 2829 2699 eveniat
2853 2650 3057 2716 quibus
3079 2651 3276 2707 donata
3302 2671 3436 2713 sunt

1873 2742 1981 2779 non
2042 2731 2220 2782 solum
2257 2748 2377 2798 qua!
2412 2736 2554 2802 typis
2586 2746 2642 2790 et
2673 2740 2936 2807 symbolis
2966 2744 3246 2813 designata
3282 2760 3435 2814 sunt,

1873 2835 2103 2888 qua-que
2123 2823 2400 2890 pr0phette
2419 2829 2728 2897 atqnejusti
2747 2836 3120 2902 expetiernnt,
3145 2841 3239 2894 sed
3265 2845 3430 2898 etiam

1873 2914 2060 2979 gratia:
2087 2916 2497 2984 dispensatores
2516 2919 2645 2972 lacti
2672 2936 2882 2977 smnus.
2902 2925 3080 2990 Quare
3111 2932 3212 2984 nisi
3239 2948 3434 3002 aperto

1875 3004 2053 3070 capite
2084 3023 2318 3061 munera
2363 3010 2479 3074 Dei,
2505 3026 2626 3077 qua:
2655 3028 2832 3081 neque
2863 3019 3110 3074 oratione
3146 3030 3438 3096 consequi.

1873 3111 2049 3162 neque
2078 3109 2262 3152 mente
2295 3103 2765 3169 comprehendere
2819 3107 2963 3169 licet,
2997 3124 3265 3179 perpetuo
3300 3135 3440 3185 prae-

1872 3184 2266 3252 dicaverimus,
2295 3192 2613 3261 quicunque
2669 3196 2986 3266 huiusmodi
3037 3184 3314 3270 dignitate
3345 3228 3442 3277 pa-

1870 3282 2055 3331 storali
2111 3284 2319 3348 prwditi
2371 3300 2588 3344 smnus,
2624 3287 2766 3341 haud
2805 3290 2969 3345 dubie
3009 3295 3062 3347 in
3109 3313 3303 3352 manus
3339 3303 3437 3356 Dei

1873 3372 2218 3426 incidemus:
2258 3377 2390 3440 nisi,
2441 3379 2689 3446 inquam,
2723 3385 3211 3450 praedicaverimus
3243 3412 3438 3461 qucum

1870 3467 2161 3517 admodum
2204 3482 2268 3518 ex
2321 3468 2499 3521 nihilo
2530 3485 2727 3526 cuncta
2804 3475 2946 3531 Deus
2977 3479 3245 3549 ell‘ecerit,
3274 3503 3438 3555 quam

1869 3557 2214 3610 admirabilia
2248 3558 2520 3614 exsistant
2549 3580 2614 3616 ex
2645 3569 2794 3619 omni
2853 3578 3006 3636 parte
3059 3581 3439 3635 universitatis-

1870 3663 2051 3700 rermn
2101 3651 2152 3700 in
2189 3651 2464 3705 hominem
2505 3655 2791 3722 beneﬁcia,
2820 3676 2943 3728 qua:
2983 3667 3140 3719 nobis
3171 3676 3442 3736 promissa

1869 3743 1912 3792 si
1964 3743 2218 3795 mandata
2271 3745 2364 3798 Dei
2403 3745 2832 3816 perfecerimus;
2870 3771 2992 3822 quze
3041 3775 3232 3816 rursus
3277 3767 3439 3821 mina:

1870 3835 2263 3899 suppliciorum
2303 3840 2601 3906 propositae
2651 3843 2699 3895 si
2751 3859 2859 3898 non
2909 3849 3338 3921 perfecerimus;
3383 3871 3441 3913 et

1869 3927 1968 3975 nisi
2009 3929 2491 3993 pr.edieaverimus
2522 3934 2669 4000 quod
2699 3939 2793 4003 qui
2820 3943 2957 3995 male
2987 3945 3266 4013 vixerunt,
3297 3953 3438 4004 irato

1869 4017 1976 4070 Deo
2023 4021 2091 4071 ab
2146 4023 2247 4073 hac
2296 4027 2403 4075 vita
2453 4029 2728 4090 recedent,
2759 4032 2984 4087 demum
3024 4051 3213 4102 pmnas
3254 4042 3436 4097 daturi

1868 4112 2250 4175 sempiternas.
2307 4115 2574 4170 Praeterea
2616 4131 2870 4188 repetere
2919 4142 3082 4181 voces
3132 4137 3436 4199 propheta-

1870 4216 2013 4262 rum,
2044 4218 2178 4268 quas
2227 4204 2305 4256 illi
2353 4207 2416 4256 ad
2472 4212 2840 4266 revocandum
2875 4234 2903 4267 a
2951 4222 3100 4273 vittis
3150 4225 3431 4280 hom'nmn

1866 4289 2038 4356 genus
2085 4294 2509 4352 adhibuerunt:
2565 4301 2693 4353 item
2748 4319 3186 4365 commemorare
3234 4317 3438 4370 adven—

1869 4390 1981 4432 tum
2014 4381 2250 4448 Domini,
2280 4395 2338 4438 et
2373 4389 2510 4440 bona
2551 4389 2678 4444 inde
2722 4394 2966 4460 profecta
2999 4415 3012 4451 :
3052 4410 3165 4455 tum
3201 4419 3434 4461 mortem

1868 4473 2210 4539 probrosam,
2280 4479 2622 4545 sepulturam
2674 4493 2728 4535 et
2793 4487 3032 4542 reditum
3103 4493 3170 4546 ad
3240 4500 3431 4561 vitam,

193 4557 285 4624 qui
324 4569 556 4607 munere
592 4556 849 4621 pastorali
888 4568 1031 4609 recte
1061 4559 1306 4612 defuncti
1348 4560 1553 4613 fuerint
1579 4577 1762 4614 coram
1799 4569 1842 4624 ῃ
1872 4576 2161 4616 ascensum
2215 4566 2280 4618 ad
2333 4572 2502 4622 caelos
2527 4611 2541 4633 ,
2602 4575 2922 4630 missionem
2972 4581 3210 4650 Spiritus
3261 4556 3437 4643 sancti

193 4650 408 4717 angelis
445 4658 505 4701 et
547 4648 866 4700 hominibus
912 4650 1301 4713 laudabuntur,
1340 4662 1526 4718 utpote
1579 4653 1759 4719 probi,

195 4738 385 4790 ﬁdeles
447 4745 506 4789 et
560 4736 865 4806 prudentes
899 4748 1084 4805 .atque
1117 4740 1278 4806 grati,
1329 4743 1532 4807 quique
1586 4744 1662 4794 sal
1708 4752 1761 4793 et

191 4829 378 4881 lumen
412 4827 626 4880 fuerint
679 4827 1018 4890 hominibus,
1055 4831 1192 4881 nihil
1242 4832 1385 4896 quod
1425 4833 1560 4884 utile
1597 4841 1760 4899 atque

189 4923 548 4975 commodum
581 4933 728 4974 esset
759 4925 1237 4990 praetermittentes
1270 4944 1282 4976 :
1315 4927 1404 4990 qui
1440 4942 1544 4978 non
1577 4928 1761 4978 verbis

189 5017 392 5074 solum,
427 5013 528 5065 sed
572 5013 732 5066 factis
760 5025 814 5066 et
844 5016 1081 5069 virtutes
1145 5017 1506 5080 tradiderunt,
1548 5030 1601 5069 et
1631 5021 1758 5071 vitia

187 5107 548 5173 expulerunt,
586 5105 803 5157 cunctis
832 5108 1210 5174 praecipientes
1242 5121 1302 5162 ut
1355 5111 1694 5164 declinarent
1727 5130 1754 5165 a

187 5205 332 5250 malo
361 5209 416 5250 et
454 5196 697 5248 facerent
739 5195 965 5250 bonum.
1013 5199 1088 5251 Ad
1133 5201 1277 5268 quod
1308 5203 1526 5270 quidem
1581 5205 1758 5258 bonus

187 5287 334 5340 Deus
362 5287 539 5354 legem
569 5302 677 5337 non
708 5287 970 5355 scriptam
999 5298 1206 5343 naturae
1244 5291 1530 5359 insculpsit
1556 5298 1752 5361 gratis:

183 5378 390 5429 deinde
423 5389 617 5428 servos
653 5375 876 5427 mittere
908 5392 1014 5428 non
1047 5378 1280 5438 destitit,
1315 5384 1405 5448 qui
1435 5386 1753 5437 nuntiarent

186 5467 276 5518 Dei
321 5467 667 5516 voluntatem
705 5481 811 5516 non
850 5466 1022 5518 solum
1075 5469 1320 5521 invitatis
1347 5472 1413 5523 ad
1449 5488 1661 5526 cmnam
1698 5486 1754 5528 et

187 5558 431 5622 nuptias,
467 5554 562 5606 Sed
601 5555 664 5606 iis
695 5557 862 5606 etiam
917 5557 1011 5622 qui
1045 5569 1202 5608 erant
1231 5559 1284 5610 in
1316 5561 1416 5612 viis
1440 5565 1498 5613 et
1533 5565 1754 5629 sepibus

183 5662 309 5697 cum
343 5654 544 5696 ornatu
579 5645 815 5711 nuptiali
847 5662 860 5697 :
898 5655 1127 5700 caeteros
1156 5649 1301 5701 enim
1341 5666 1447 5702 non
1483 5652 1563 5704 sic
1594 5667 1753 5704 orna.

188 5748 289 5792 tus,
327 5735 546 5786 \incula
580 5745 635 5786 et
661 5735 916 5788 tenebras
947 5752 1189 5791 manere.
1220 5737 1372 5809 Rogo
1395 5779 1409 5804 ,
1438 5743 1750 5810 quicunque

197 5836 446 5894 pastores
485 5831 844 5895 appellamur,
877 5827 1070 5881 demus
1101 5844 1348 5898 operam,
1389 5842 1445 5887 ut
1479 5835 1530 5888 in
1559 5850 1746 5888 eorum

433 5927 710 5986 l‘nnon.
747 5928 866 5988 (tn.
929 5929 1160 5991 CXLII.

1874 4653 2242 4723 tributumque
2276 4659 2591 4714 hominibus
2609 4664 2873 4731 Spiritum
2905 4686 3180 4738 sanetum,
3212 4690 3434 4744 aposto-

1869 4745 1950 4797 los
1985 4747 2187 4801 missos
2220 4752 2274 4802 in
2314 4753 2633 4807 universum
2671 4764 2936 4813 mumlum
2989 4775 3047 4816 ut
3090 4768 3432 4836 baptizarcut

1868 4851 1930 4888 ac
1970 4840 2236 4893 docerent
2268 4857 2608 4913 quaecunque
2647 4849 2761 4916 ipse
2801 4867 3020 4908 servare
3063 4875 3430 4929 prasceperat;

1868 4930 2065 4996 quibus
2122 4946 2180 4984 se
2231 4933 2486 4988 Christus
2537 4940 2788 5004 promisit
2841 4959 3058 5012 semper
3108 4950 3428 5008 alluluram.

1866 5021 2066 5074 Adlnec
2106 5026 2308 5078 instare
2338 5027 2481 5080 diem
2518 5029 2664 5084 illius
2709 5049 2917 5098 magnae
2948 5039 3041 5091 ira:
3065 5050 3119 5092 et
3150 5047 3430 5098 calamita-

1868 5113 1956 5173 tis,
1991 5125 2212 5181 propter
2242 5118 2652 5174 multitudinem
2679 5129 2984 5190 scelerum;
3011 5131 3233 5194 quando
3254 5133 3425 5187 draco

1865 5203 1976 5263 ille,
2005 5220 2068 5256 ex
2101 5205 2422 5274 improviso,
2451 5211 2517 5264 ad
2551 5219 2981 5283 corrutnpemlos
3008 5234 3200 5274 omnes
3221 5224 3421 5278 aderit.

1866 5295 1994 5348 Item
2015 5297 2147 5350 Elite
2176 5310 2233 5353 et
2263 5301 2447 5355 Enoch
2496 5306 2730 5359 reditmn
2761 5311 2827 5360 ad
2874 5312 3300 5366 incumbendum
3331 5331 3422 5368 sa-

1861 5385 1959 5438 luti
1989 5387 2272 5443 hominum
2297 5394 2585 5447 adversum
2620 5397 2922 5462 diabolum,
2959 5417 3122 5468 quem
3157 5403 3420 5459 Dominus

1862 5479 2149 5542 praesentia
2174 5477 2444 5534 adventus
2487 5486 2570 5536 sui
2627 5486 2904 5541 destruet.
2954 5489 3224 5542 Praeterea
3275 5495 3425 5544 dice-

1861 5585 1980 5621 mus
2027 5570 2092 5622 de
2145 5573 2426 5638 rapiendis
2473 5577 2686 5629 obviam
2734 5581 2975 5638 Christo.
3029 5586 3250 5648 quando
3300 5585 3422 5638 (ιωΙί

1861 5675 2055 5727 magno
2091 5661 2295 5729 impetu
2328 5667 2663 5728 transibunt,
2716 5680 2858 5722 terra
2893 5682 3075 5724 autem
3124 5685 3177 5726 et
3218 5691 3338 5741 quae
3367 5675 3422 5727 in

1859 5751 1975 5817 ipsa
2013 5761 2140 5804 sunt
2185 5769 2350 5821 opera
2384 5769 2706 5812 exurentur.
2735 5760 2864 5823 Qum
2897 5763 3118 5830 quidem
3161 5782 3280 5818 cum
3324 5782 3424 5818 ex-

1858 5850 2198 5908 spectentur,
2247 5846 2454 5912 quales,
2487 5861 2694 5914 qureso,
2729 5864 2792 5902 ac
2838 5867 3000 5919 quam
3049 5864 3270 5908 sanctos
3315 5869 3416 5908 nos

2982 5945 3053 6000 17
