4220 6444
201 425 298 460 ποτ

201 452 304 487 ἷιῖιδ

1629 416 2030 475 ΕΡΙΞἹῸΙᾹΞ.

3357 408 3459 475 £26

202 565 350 606 rem.
386 545 704 598 meminisse
737 540 1173 608 propinquorum
1203 537 1256 589 in
1288 535 1568 604 precibus,
1605 534 1775 587 absti-
1806 549 1848 600 Α
1879 547 2066 584 curam
2121 531 2366 582 omnium
2400 545 2426 582 a
2462 531 2571 582 Deo
2600 529 2911 596 suscepisti,
2961 529 3125 582 urbes
3171 530 3373 590 deseri.
3403 547 3457 587 et

203 654 338 690 uere
371 654 398 689 a
433 635 816 691 fornicatione.
850 633 1117 699 sanguine
1168 638 1224 682 et
1273 628 1563 689 suﬂ'ocato,
1593 644 1618 677 τι
1654 644 1787 694 μιν-

203 731 410 794 stieiis,
444 724 938 782 incantationibus.
975 721 1461 775 observationibus
1515 719 1783 783 superstio

213 823 390 879 tiosis,
430 818 498 870 ab
527 817 672 867 omni
713 815 896 882 specie
925 812 1362 871 divinationum;
1392 827 1499 862 nou
1533 826 1782 875 compre-

209 915 449 963 hendere
471 926 591 961 cum
631 908 912 968 haeretico,
936 907 1037 957 nisi
1067 906 1137 958 sit
1169 919 1405 972 sponsor
1426 904 1517 970 qui
1542 918 1784 956 canones

206 1021 433 1057 servare
490 1020 598 1054 non
651 1002 865 1064 didicit,
914 1015 1039 1053 eum
1082 1013 1262 1066 neque
1296 996 1556 1064 baptizari
1603 1011 1782 1062 neque

207 1096 541 1148 monachum
578 1093 694 1146 lieri
734 1095 916 1145 lit-eat.
953 1091 1278 1144 Monachum
1307 1090 1400 1157 qui
1443 1106 1470 1142 a
1507 1100 1783 1141 monaste—

209 1191 289 1241 rio
324 1190 626 1256 aufugerit,
651 1187 743 1252 qui
780 1185 1050 1252 receperit
1072 1194 1166 1236 aut
1186 1183 1474 1244 ordinarit,
1503 1183 1783 1250 ptllti;-l'.:t'.

213 1279 459 1344 Denique
509 1277 810 1345 repetenda
861 1286 987 1327 sunt
1030 1289 1088 1327 et
1145 1272 1628 1327 commemoranda
1679 1273 1787 1324 fte-

207 1382 445 1431 qucnter
491 1386 518 1420 a
563 1370 839 1436 magistris
888 1367 1164 1430 Ecclesim,
1196 1382 1318 1434 qua:
1355 1365 1542 1418 ﬁdeles
1602 1364 1784 1415 facere

206 1460 453 1516 debent;
487 1467 541 1510 et
575 1473 696 1524 qua:
720 1466 978 1521 tanquam
1023 1465 1224 1521 pestes,
1264 1453 1592 1505 abominari.
1621 1451 1784 1502 Cotti-

211 1549 614 1601 memorandus
674 1547 836 1598 etiam
879 1545 1018 1613 ignis
1056 1545 1166 1605 ille,
1208 1545 1262 1597 in
1300 1543 1783 1595 consummatione

205 1639 854 1707 ε-;ιϊυ1ἱριερρ(ῐι311άυ8.
889 1637 1026 1690 Tum
1075 1636 1431 1690 exsecrabilis
1470 1636 1556 1688 illa
1595 1633 1782 1686 mundi

207 1738 358 1790 lues.
415 1732 639 1791 nefarii.
673 1733 921 1799 inquam,
958 1729 1283 1782 Antichristi
1318 1729 1607 1789 adventus,
1649 1741 1715 1778 ne
1739 1725 1782 1778 si

211 1843 266 1874 ιιι
302 1825 630 1892 improviso,
667 1823 800 1874 nihil
839 1821 1252 1890 prmueditatis,
1286 1819 1525 1873 adfuerit
1559 1819 1783 1886 iniquus

1889 620 1952 670 ad
1990 633 2088 670 nos
2141 619 2329 669 venire
2365 619 2704 671 habitatores
2734 634 2959 681 earum;
2997 621 3105 670 imo
3155 621 3359 686 potius,
3400 622 3454 673 in

1885 711 2116 780 gratiam
2169 712 2554 778 episcoporum
2610 712 2714 764 hoc
2761 711 3044 778 prohibes.
3096 712 3191 765 Sin
3247 726 3460 775 autent.

1889 820 1984 870 per
2012 802 2238 869 gratiam
2277 803 2394 860 Dei.
2426 803 2527 854 hoc.
2558 814 2646 855 tua
2673 805 2964 870 prudentia
2992 819 3046 857 et.
3069 806 3278 873 judicio
3309 822 3461 859 asse.-

1887 895 2097 962 qucris,
2135 895 2315 962 puniri
2359 911 2457 946 nos
2484 911 2510 946 a
2547 895 2673 955 lh-o,
2713 912 2818 948 non
2849 908 2906 949 ut
2934 915 3243 965 pereamus,
3273 906 3366 952 sed
3402 911 3462 953 ut

1887 1000 2322 1036 convertamur:
2362 1002 2461 1037 cur
2511 1002 2616 1036 non
2660 985 2822 1051 jnbcs
2873 990 3188 1056 paSIortbus
3241 991 3458 1043 illarum

1885 1073 2201 1134 civitatum,
2250 1085 2307 1127 ut
2342 1078 2576 1144 quisque
2616 1091 2802 1129 eorum
2845 1094 2964 1130 cum
3023 1095 3184 1148 grege
3217 1095 3316 1132 suo
3363 1084 3456 1140 sit.

1889 1179 1947 1219 ut
1984 1178 2096 1219 tum
2133 1170 2394 1234 precibus
2435 1169 2544 1221 Deo
2590 1169 2946 1232 adhibendis,
2977 1181 3088 1222 tum
3125 1174 3459 1230 admonitio-

1891 1261 2050 1314 nibus
2079 1275 2130 1314 et
2167 1264 2648 1332 obiurgationibus
2683 1280 2814 1316 suos
2852 1281 2880 1316 a
2920 1271 3158 1332 peccatis
3193 1278 3454 1326 servent;

1888 1366 2053 1424 atque
2095 1357 2165 1408 ita
2201 1357 2370 1408 Deum
2406 1357 2645 1425 placent.
2700 1367 2758 1410 ut
2813 1358 2988 1409 minas
3035 1357 3334 1426 aliquando
3373 1375 3456 1412 re-

1889 1449 2086 1500 tniltat.
2124 1447 2201 1497 An
2235 1448 2279 1498 si
2317 1459 2370 1500 tu
2413 1464 2542 1499 ovvs
2579 1449 2780 1514 pastori
2829 1452 3222 1509 committeres.
3257 1450 3458 1506 deinde

1889 1541 2011 1592 illas
2045 1540 2264 1607 quidem
2297 1539 2596 1594 derelictas
2623 1557 2905 1603 cerneres,
2937 1543 3090 1594 illum
3125 1557 3255 1596 vero
3283 1548 3456 1612 quieti

1888 1648 2000 1685 sua:
2058 1634 2284 1702 suisque
2324 1633 2723 1701 cupiditatibus
2777 1635 3060 1703 indulgere
3110 1646 3164 1689 ct
3224 1639 3456 1700 servire.

1887 1723 1975 1775 dic
2008 1721 2260 1785 obsecro,
2297 1723 2716 1789 relinqueresue
2769 1738 3042 1790 pastorem
3081 1730 3462 1795 impunitum?

1889 1828 1997 1865 non
2036 1815 2276 1881 patimur
2309 1830 2459 1878 oves,
2497 1818 2754 1882 pecudes,
2779 1818 3001 1885 impune
3033 1820 3252 1888 negligi,
3285 1831 3341 1872 et
3363 1838 3462 1887 pa-

205 1919 298 1969 itle
351 1928 518 1982 atque
564 1916 860 1981 superbus,
908 1916 1000 1981 qui
1051 1911 1336 1964 extollitur
1398 1926 1563 1978 supra
1620 1926 1781 1962 omne
1818 1905 1858 1961 Β
1891 1907 2090 1958 liemur
2112 1919 2360 1975 pastores
2389 1911 2696 1964 animarum
2725 1912 2947 1978 impune
2971 1914 3182 1980 seipsos
3207 1930 3458 1982 pascere.

205 2009 356 2075 quod
403 2007 608 2060 dicitur
641 2007 802 2065 Deus.
837 2006 992 2058 multi
1029 2005 1081 2056 in
1129 2019 1372 2056 ertorem
1423 2002 1778 2061 inducantur,

205 2119 334 2155 tum
362 2101 558 2154 eodem
607 2100 661 2152 in
712 2099 984 2150 ﬂammam
1035 2098 1177 2166 ignis
1230 2094 1587 2163 conjiciendi.
1647 2092 1780 2154 lloc,

206 2209 433 2261 precor,
478 2203 760 2259 pastorum
795 2205 933 2257 opus
966 2189 1072 2252 sit;
1110 2189 1226 2241 ba:c
1263 2202 1394 2240 cura
1425 2195 1478 2238 et
1515 2185 1781 2244 studium,

210 2299 271 2337 ut
295 2302 420 2353 quae
456 2283 713 2338 Patribus
743 2283 860 2336 visa
894 2292 1022 2334 sunt
1052 2297 1280 2349 quaque
1317 2280 1390 2332 illi
1427 2291 1681 2332 accurate
1705 2289 1786 2328 te-

211 2391 481 2441 nuerunt,
518 2378 606 2430 illa
640 2376 706 2428 ad
744 2376 1134 2444 temperandos
1182 2373 1565 2444 regendosque
1597 2371 1785 2422 ﬁdeles

206 2473 581 2525 adhibeamus
611 2491 621 2523 :
654 2483 713 2524 et
761 2471 858 2539 qui
902 2485 965 2523 ea
1014 2486 1123 2524 non
1179 2467 1476 2528 servarint,
1515 2483 1634 2536 quae
1665 2483 1786 2519 ser-

212 2581 364 2624 vare.
398 2580 506 2617 non
541 2564 754 2616 solvere
782 2564 917 2630 jussi
948 2576 1159 2624 smnus,
1197 2561 1298 2612 hos
1339 2559 1645 2612 maledictis
1669 2575 1788 2626 gra—

210 2657 456 2708 tissimis
482 2655 894 2707 anathematum
922 2653 1239 2706 aﬂiciamus.
1275 2651 1415 2705 Ante
1445 2652 1630 2704 omnia
1657 2662 1789 2701 vero

215 2749 530 2814 baptizatos
581 2761 776 2799 onmes
819 2746 1026 2798 bortarl
1075 2745 1364 2807 debemus,
1426 2753 1485 2796 ut
1522 2740 1784 2809 usquead

209 2842 542 2905 sanguinem
599 2839 953 2905 integerrime
991 2845 1211 2890 servent
1240 2848 1584 2903 quaecunque
1626 2833 1788 2887 Chri-

206 2941 333 2983 stus
372 2930 671 2996 prmeepit:
706 2928 1042 2981 aﬂirmautes
1088 2931 1296 2997 absque
1343 2929 1608 2994 operibus
1642 2941 1786 2976 mor-

214 3032 369 3074 tuam
402 3035 526 3074 esse
563 3019 762 3082 ﬁdem.
791 3031 848 3074 et
895 3022 1041 3088 quod
1095 3036 1204 3072 non
1249 3019 1431 3072 omnis
1479 3020 1570 3086 qui
1627 3017 1784 3078 dicit,

219 3115 440 3167 Domine
498 3114 740 3172 Domine.
797 3115 1016 3165 intrabit
1063 3114 1114 3166 in
1161 3130 1378 3179 regnum
1435 3112 1684 3163 caelorum
1719 3111 1782 3167 ”;

207 3220 266 3263 et
322 3207 461 3261 illud
494 3225 507 3260 :
540 3206 645 3272 Qui
683 3222 790 3258 non
823 3220 968 3259 amat
1007 3222 1114 3265 me.
1158 3221 1442 3259 sermones
1483 3220 1636 3256 meos
1675 3217 1783 3255 non

211 3310 414 3353 servat.
456 3299 583 3351 Haec
611 3309 663 3351 et
697 3300 798 3350 alia
832 3297 1140 3366 hujusmudi
1183 3313 1247 3350 ex
1288 3298 1495 3349 sanctis
1536 3295 1785 3361 Scriptu-

210 3391 311 3453 ris,
353 3389 464 3442 nisi
492 3390 558 3442 iis
586 3389 678 3458 qui
715 3404 778 3442 ea
813 3391 1063 3458 ignorant
1088 3389 1532 3456 exposuerimus.
1596 3402 1786 3454 quem-

206 3481 517 3533 admodum
545 3482 752 3534 erimus
778 3481 970 3534 ﬁdeles
988 3480 1432 3548 dispensatores?
1454 3478 1553 3540 Ne,
1577 3493 1785 3545 quaeso,

209 3575 524 3626 oscitanter
551 3582 717 3641 atque
749 3573 1113 3642 negligenter.
1156 3571 1251 3623 sed
1286 3587 1409 3622 cum
1449 3571 1650 3622 timore
1683 3587 1714 3636 β
1741 3589 1778 3616 »ι

209 3668 323 3715 tius
356 3674 526 3731 atque
554 3674 818 3725 tremore,
867 3666 984 3716 sine
1038 3664 1144 3716 uila
1195 3667 1576 3722 cunctatione,
1615 3662 1785 3714 Evan—

211 3759 350 3824 gelia
383 3764 578 3809 sancta
614 3756 1004 3817 edisseramus,
1039 3757 1300 3808 docentes
1341 3755 1539 3807 CLI’lHIII
1581 3766 1635 3805 et
1675 3765 1785 3805 ter-

212 3865 326 3901 ram
389 3848 712 3908 transitura,
766 3852 928 3899 verba
985 3855 1168 3898 autem
1240 3848 1358 3914 ejus
1417 3861 1782 3912 nequaquam.

215 3942 478 3992 Pii-amns
504 3938 707 3990 {rostra
728 3938 963 3990 fortasse
996 3940 1203 3990 dictum
1236 3952 1356 3989 esse
1386 3938 1438 3988 in
1460 3937 1742 4002 Stl’lpllll‘n
1772 3951 1785 3991 ;

211 4028 378 4081 Nemo
407 4040 555 4077 erret
602 4042 619 4077 :
651 4043 816 4078 uerno
859 4028 1086 4094 inquam
1132 4042 1309 4094 neque
1333 4043 1525 4080 eorum
1556 4029 1648 4094 qui
1693 4043 1786 4076 an-

215 4129 297 4169 tea
345 4118 598 4176 fuerunt.
641 4133 814 4184 neque
848 4133 1038 4170 eorum
1087 4117 1179 4188 qui
1221 4126 1406 4184 postea
1455 4127 1636 4168 erunt.
1696 4117 1782 4168 Ed

212 4222 396 4260 autem
440 4208 604 4259 nobis
631 4209 887 4272 primum,
925 4208 1018 4275 qui
1055 4217 1301 4275 pastores
1335 4223 1549 4264 sumus.
1586 4224 1786 4258 navan-

212 4301 345 4351 dum
398 4298 621 4359 virtuti,
655 4299 1077 4367 docendumque
1119 4300 1363 4359 omnino,
1410 4299 1555 4366 quod
1611 4309 1695 4351 est
1735 4301 1787 4352 in

214 4391 420 4444 sanctis
454 4390 780 4458 Scripturis.
811 4407 904 4442 eos
951 4392 1043 4459 qui
1079 4391 1359 4445 Christum
1409 4393 1638 4460 ejusque
1673 4408 1789 4443 svr-

215 4500 405 4536 mones
440 4493 766 4535 revetenter
798 4484 1239 4544 observaverint,
1293 4501 1409 4548 eos,
1449 4485 1692 4552 inquam,
1719 4484 1787 4535 ab

1887 2016 1994 2052 non
2031 2001 2200 2054 oves?
2227 2002 2380 2069 quid.
2415 2018 2622 2069 qureso,
2653 2004 2794 2070 apud
2825 2004 2993 2056 Deum
3028 2007 3462 2058 excusabituus?

1888 2093 2099 2144 utinam
2137 2108 2206 2144 ne
2247 2093 2381 2144 illud
2417 2093 2578 2145 nobis
2609 2094 2977 2162 exprobretur
3010 2114 3021 2147 :
3065 2095 3257 2149 Omne:
3310 2114 3458 2165 quie-

1889 2189 2013 2230 ruut
2042 2196 2157 2246 qua:
2190 2197 2287 2233 sua
2317 2191 2460 2243 sunt,
2511 2199 2614 2234 non
2654 2200 2770 2250 ιιι-ιε
2808 2183 2933 2237 Jesu
2975 2185 3180 2239 Christi
3207 2187 3271 2240 “'.
3305 2187 3460 2253 Quod

1887 2272 2035 2324 enim
2076 2289 2266 2341 preces
2302 2283 2357 2327 et
2391 2275 2602 2343 vigilias
2645 2289 2761 2344 prie
2799 2278 3012 2346 ignavia
3064 2295 3171 2332 non
3224 2291 3459 2339 curant.

1887 2376 1942 2418 ct
1975 2382 2072 2419 nos
2123 2369 2249 2435 quia
2285 2369 2370 2420 his
2407 2384 2690 2430 vacamus,
2733 2371 2958 2430 rident.
2996 2373 3153 2437 plane
3216 2374 3460 2428 ostendit

1891 2455 2028 2508 nihil
2059 2471 2152 2508 eos
2187 2458 2366 2519 malle,
2405 2474 2581 2529 neque
2635 2459 2783 2514 aliud
2829 2463 2909 2514 eis
2937 2478 3058 2517 esse
3091 2465 3458 2533 propositum.

1889 2562 2053 2614 quam
2089 2548 2428 2615 patriarchas
2457 2567 2695 2615 movere,
2739 2563 2796 2606 et
2844 2571 3070 2608 munera
3101 2558 3350 2627 accipere
3401 2559 3457 2617 in

1888 2639 2122 2707 judicio,
2153 2650 2207 2692 et
2237 2651 2434 2694 caetera
2469 2644 2578 2696 alia
2605 2646 2954 2699 coinmittere
2982 2663 3104 2716 qua:
3136 2649 3250 2716 ipse
3283 2661 3460 2704 status

1893 2741 2198 2800 temporum
2226 2735 2436 2788 docuit.
2461 2737 2568 2790 Aut
2601 2740 2763 2808 igitur
2797 2739 2930 2808 jube
2969 2741 3199 2809 singulis
3230 2745 3462 2811 quibus-

1891 2841 1999 2894 que
2030 2827 2095 2877 ad
2125 2827 2396 2880 diteceses
2429 2831 2700 2895 proﬁcisci
2741 2847 2891 2895 suas,
2928 2845 3020 2885 aut
3048 2834 3232 2888 sinant
3263 2849 3350 2890 me
3390 2838 3460 2890 ad

1893 2934 2068 2971 unum
2103 2935 2132 2972 e
2164 2921 2278 2972 suis
2310 2919 2568 2987 gregibus
2605 2921 2720 2983 ire;
2751 2930 2804 2973 et
2841 2937 2926 2975 me
2953 2924 3321 2992 jurejurando
3359 2927 3464 2979 ob-

1895 3013 2156 3080 stiingam
2208 3028 2488 3080 nunquam
2531 3012 2599 3065 ab
2630 3027 2694 3066 eo
2743 3014 3145 3077 discessurum.
3183 3018 3286 3086 ipsi
3333 3034 3463 3074 vero

1894 3105 2084 3156 urbem
2139 3104 2672 3174 Constantinopolim
2720 3107 2826 3160 sibi
2870 3108 3016 3160 inter
3079 3126 3140 3162 se
3184 3111 3461 3165 dividant.

1893 3198 2031 3261 Quid
2072 3198 2219 3250 enim
2255 3197 2528 3250 infelicius
2563 3214 2684 3252 esse
2717 3209 2918 3268 potest.
2961 3215 3125 3269 quam
3147 3203 3204 3256 in
3248 3205 3464 3258 creteris

1893 3287 2213 3339 civitatibus
2264 3286 2432 3339 licere
2477 3287 2676 3354 cuique
2730 3289 2940 3356 pastori
2993 3304 3142 3352 suos.
3193 3301 3458 3360 quantum

1897 3388 2077 3448 potest
2103 3389 2156 3432 et
2183 3379 2275 3446 jus
2309 3389 2416 3441 est,
2452 3394 2638 3447 regere
2673 3388 2833 3448 atque
2891 3381 3234 3449 gubernare;
3265 3386 3318 3438 in
3347 3388 3462 3441 sola

1897 3487 2028 3525 vero
2059 3473 2159 3525 hac
2193 3472 2328 3524 urbe
2356 3471 2595 3539 judicem
2627 3487 2749 3525 esse
2798 3474 3117 3543 quicunque
3154 3474 3319 3537 veiit';
3370 3495 3464 3531 ve.

1897 3580 2014 3616 rum
2046 3564 2090 3615 si
2141 3563 2271 3614 mini
2325 3563 2525 3625 credis,
2567 3563 2979 3630 religiosissime
3015 3569 3330 3635 imperator,
3383 3571 3466 3624 fac

1896 3667 1954 3708 ut
1987 3657 2088 3708 hos
2141 3657 2320 3723 potius
2363 3655 2578 3707 tristitia
2627 3656 2854 3718 allicias.
2908 3674 3070 3726 quam
3127 3659 3318 3716 Deum.
3375 3663 3465 3716 Et—

1895 3749 2062 3808 enim.
2091 3750 2134 3800 si
2156 3749 2377 3816 quando
2404 3747 2560 3810 alias,
2592 3763 2736 3801 nunc
2765 3751 3002 3804 maxime
3029 3752 3319 3822 episcopos
3338 3769 3462 3808 eum

1894 3841 2150 3908 gregibus
2197 3839 2312 3891 suis
2361 3840 2498 3890 mori
2553 3847 2855 3905 oporteret.
2892 3827 3052 3904 Quod
3105 3844 3148 3895 si
3197 3845 3462 3910 nolueris,

1895 3945 2119 4001 propter
2152 3941 2296 3982 tuam
2328 3946 2452 3999 erga
2497 3945 2592 3983 eos
2629 3934 3014 3996 reverentiam,
3045 3950 3246 4004 cogere
3285 3945 3343 3989 ut
3383 3937 3465 3989 far

1892 4025 2038 4077 eiant
2069 4023 2214 4092 quod
2249 4024 2427 4077 facere
2463 4023 2688 4086 debent,
2720 4039 2822 4092 ego
2847 4038 3101 4094 suscepta
3144 4042 3336 4089 causa.
3369 4043 3463 4082 ve-

1894 4115 1997 4167 lint
2041 4114 2238 4178 nolint,
2281 4130 2348 4168 ex
2409 4115 2544 4167 urbe
2587 4115 2805 4182 pellam.
2845 4116 3180 4185 reddamque
3223 4118 3466 4173 audacia

1895 4209 2055 4275 hujus
2086 4207 2346 4259 rationem
2384 4207 2512 4262 Deo.

2434 4341 2770 4397 EPISTULA
2813 4345 2921 4398 Vll.

1942 4459 2216 4527 Ejusdem,
2251 4459 2320 4512 ad
2351 4461 2586 4512 eumdem
2618 4462 3010 4528 imperatorem,
3036 4467 3100 4516 de
3136 4467 3316 4519 eadem
3350 4483 3426 4519 re.

215 4575 409 4626 eodem
463 4572 688 4626 Christo
735 4573 1096 4632 conlitendos.
1127 4575 1498 4628 declarandos
1544 4586 1600 4628 et
1633 4591 1788 4627 eoro-
1826 4580 1866 4632 ι)
1967 4573 2020 4625 Si
2057 4588 2242 4625 verum
2278 4584 2361 4627 est
2387 4574 2531 4642 quod
2560 4575 2667 4627 dici
2703 4577 2842 4629 solet
2872 4578 2966 4644 qui
2998 4595 3218 4648 gregem
3241 4593 3463 4650 pastore

215 4668 455 4727 umidos,
491 4681 553 4718 ac
584 4666 756 4733 gloria
788 4667 1119 4732 sempiterna
1149 4683 1266 4719 esse
1293 4667 1660 4728 honorandos;
1688 4670 1781 4735 qui

214 4774 340 4811 eum
375 4766 688 4824 corporeet
720 4758 916 4825 spiritu
951 4759 1316 4820 hunurarunt,
1356 4760 1790 4827 nunc.inqn:nn,

213 4854 325 4918 jam
357 4852 551 4903 ﬁdeles
583 4863 747 4916 atque
781 4852 1086 4918 prudentes
1117 4851 1534 4910 declaratos,ad
1573 4854 1793 4919 nuptias

215 4955 270 4997 et
319 4943 669 4996 immortales
709 4944 826 4995 illas
858 4944 1085 4996 delicias
1134 4946 1523 5004 admitti-udos,
1569 4956 1627 4995 ut
1665 4960 1790 4996 cum

217 5035 629 5103 pulcherrrimo
674 5035 768 5084 illo
797 5051 1001 5100 sponso
1036 5034 1294 5086 Ecclesia:
1331 5035 1562 5086 Domino
1601 5047 1788 5085 nostro

214 5129 345 5180 Jesu
378 5125 605 5179 Christo
635 5141 849 5193 semper
881 5126 1022 5189 sint;
1058 5127 1145 5178 cui
1183 5126 1379 5183 honor.
1412 5135 1465 5177 et
1497 5126 1787 5192 itnpct'ittnt

217 5222 271 5275 iu
306 5218 532 5272 saecula.

788 5310 1118 5363 El'lS'l‘OLA
1153 5311 1243 5363 Vl.

213 5401 498 5472 Ejusdem,
530 5401 601 5452 ad
654 5403 1046 5467 imperatore».
1101 5411 1154 5451 ut
1205 5401 1382 5465 iubeat
1423 5403 1675 5468 epist'Opis
1717 5402 1791 5450 ire

765 5473 831 5522 ad
867 5487 987 5521 suus
1012 5473 1273 5522 dicereses.

297 5583 356 5636 Si
389 5583 638 5637 urbesin
679 5581 905 5634 Oriente
942 5582 1142 5633 vastari
1187 5590 1244 5632 et
1286 5581 1535 5633 [titulitus
1569 5582 1794 5632 interire

223 5677 357 5738 ocis,
385 5677 530 5742 quod
565 5673 764 5724 malum
801 5674 943 5724 Deus
971 5684 1200 5734 avertat,
1232 5688 1332 5724 cur
1366 5687 1471 5724 non
1495 5672 1672 5740 jubes,
1699 5672 1792 5738 qui

303 5860 345 5892 "
381 5860 575 5915 Elalllt.
622 5863 834 5924 κυεῖ.
918 5863 950 5890 ”
992 5861 1082 5913 ibi
1114 5863 1223 5929 ipp.
1277 5878 1330 5920 ι’,
1375 5863 1458 5916 il.

1899 4665 2099 4734 privat.
2135 4667 2356 4735 utrique
2400 4667 2703 4734 periculum
2755 4683 2964 4731 creare,
3001 4671 3247 4737 profecto
3300 4690 3462 4740 prave

1899 4757 2225 4824 supplicium
2288 4766 2470 4809 manet
2524 4772 2650 4809 eum
2710 4760 2801 4825 qui
2864 4769 3136 4825 pastorem
3192 4773 3343 4814 arcet
3395 4764 3461 4815 ab

1897 4848 2023 4900 ovili
2053 4863 2066 4910 ;
2109 4848 2380 4915 debetque
2415 4849 2508 4914 qui
2561 4858 2749 4915 pastor
2779 4859 2884 4912 est,
2919 4867 3091 4919 usque
3133 4853 3198 4904 ad
3233 4855 3460 4918 sangui-

1899 4955 2020 4991 nem
2074 4954 2174 5006 pro
2217 4954 2380 5007 grege
2416 4939 2622 4992 tlltristi
2672 4957 2779 4993 nou
2833 4943 3190 5011 relinquendo
3240 4945 3462 4999 labozes

1901 5031 2166 5098 perferre.
2198 5032 2303 5082 nisi
2339 5047 2462 5083 cum
2509 5047 2650 5099 opus
2680 5034 2847 5085 fuerit
2883 5033 2937 5084 in
2988 5035 3199 5101 synodo
3229 5039 3461 5105 singulis

1899 5125 2057 5175 annis
2089 5123 2153 5174 ad
2191 5123 2460 5190 agendum
2507 5125 2575 5174 de
2623 5124 2786 5175 rebus
2817 5127 3147 5178 necessariis
3183 5129 3461 5196 paulisper

1899 5217 2112 5268 abesse.
2144 5214 2356 5274 Quibus
2385 5216 2684 5276 conclusis,
2722 5217 2980 5268 celeriter
3014 5218 3356 5272 redeundum
3383 5222 3459 5273 illi

1897 5308 1986 5366 sit,
2027 5306 2069 5357 si
2120 5305 2298 5356 credit
2330 5320 2387 5357 se
2419 5305 2766 5357 redditurum
2805 5307 3068 5358 ratimtem
3102 5323 3317 5362 summo
3361 5327 3459 5377 pa-

1896 5399 2030 5452 stori
2079 5397 2322 5459 Christo,
2362 5405 2416 5448 ct
2454 5397 2497 5448 si
2530 5397 2733 5465 dignus
2773 5407 2858 5448 est
2910 5399 3131 5452 nomine
3187 5403 3456 5468 pastoris:

1907 5489 2010 5541 nisi
2052 5489 2191 5540 forte
2221 5489 2382 5540 etiam
2419 5501 2642 5556 propter
2692 5492 3103 5549 netessitatcm.
3154 5491 3218 5543 ad
3253 5493 3464 5546 utilita.

1906 5592 2010 5634 tem
2045 5581 2347 5632 animarum
2417 5579 2805 5647 pertinentem,
2844 5581 2913 5633 ab
2943 5581 3270 5650 imperatore
3304 5595 3397 5637 aut
3427 5602 3463 5644 ε

1904 5670 2214 5738 patriarcha
2240 5671 2425 5721 statim
2463 5669 2742 5723 rediturus
2779 5680 3017 5723 vocetur.
3049 5670 3203 5739 Quod
3235 5675 3279 5726 si
3306 5674 3463 5731 aliter
