4220 6444
208 400 302 466 ειῖι

1053 404 1152 464 DE
1187 403 1705 465 PROCESSIONE
1740 409 1794 467 S.
1844 409 2201 470 SPIRITUS
2243 411 2533 469 ORATIO
2578 413 2618 469 ἰ.
2691 476 2694 480 _

3339 397 3438 459 ξιῦὲ

205 521 444 585 ήνεγκες
477 517 634 580 δίὶεαν
666 515 763 584 οὐχ
801 515 1171 582 ὑγιαίνουσαν,
1208 519 1377 586 ἀπείη
1414 518 1468 570 δὲ
1504 523 1595 572 καὶ
1627 518 1767 585 γνώ-
1799 522 1845 578 Α

1799 522 2164 578 Asuuctitate
2193 565 2204 582 ,
2263 523 2408 574 illius
2477 518 2736 573 liilaritati
2764 556 2778 579 ,
2815 526 2868 569 et
2923 515 3210 585 dejettioni
3256 524 3311 566 et
3375 513 3437 565 ad

207 623 316 674 μης
347 605 522 669 οὕτως
560 606 706 674 ἔχειν
741 607 1000 675 ἔφασκες,
1049 607 1189 660 οὕτω
1229 611 1466 674 φρονεῖν.
1503 609 1645 662 οὕτω
1679 629 1766 660 πι-

208 697 424 747 στεύειν
475 697 912 762 διατεινόμενος,
972 699 1202 765 πότερον
1251 700 1317 750 ἂν
1372 701 1652 768 ἡρεμαίως
1721 705 1770 753 οι

206 784 442 852 πλησίον
467 803 560 837 σου
580 787 679 855 τὴν
702 787 794 838 τοῦ
818 788 1104 855 δυσφήμου
1132 790 1476 858 προσήκαντο
1498 791 1728 857 πάροδον
1754 815 1765 854 ;

207 878 324 927 Οὐκ
355 876 424 928 ἂν
454 879 707 929 ἀντεῖπον
732 895 748 944 ς
775 879 968 932 οὑκ-ἂν
1006 880 1063 942 ἐξ
1090 881 1335 941 ἐναντίας
1369 899 1461 934 σου
1497 882 1732 949 ἔστησαν
1757 900 1770 944 ;

220 969 363 1034 Ἐγὼ
422 971 524 1037 μὲν
571 967 752 1039 οἶμαι,
815 973 950 1040 μηδὲ
1000 974 1090 1025 τὸν
1141 977 1337 1026 οέκεῖον
1387 977 1525 1042 σφᾶς
1578 978 1772 1039 αὐτοὺς

207 1062 585 1122 ὶπεγνωκὲναι
629 1063 998 1132 καθηγεμόνα,
1038 1066 1168 1133 πρὶν
1197 1067 1360 1118 αὐτὸν
1389 1067 1774 1119 ἀποσκευάσα-

210 1151 337 1202 σθαι
373 1152 432 1202 τὸ
465 1153 796 1220 ἀπόὸλητον,
833 1155 925 1206 καὶ
959 1158 1076 1217 ταῖς
1111 1155 1205 1208 τοῦ
1249 1157 1587 1224 ἀναθὲματος
1615 1161 1774 1227 ἀραῖς

209 1242 554 1296 ἑνδικὼτατα
583 1246 986 1298 καθυποὸαλεῖν
1013 1262 1026 1276 ·
1059 1249 1176 1298 ἐκεῖ
1195 1248 1248 1299 δὶ
1275 1247 1583 1300 τούναντίον
1608 1249 1772 1302 ἅπαν.

210 1336 274 1385 Ol
310 1336 424 1401 γὰρ
456 1335 552 1402 τῆς
591 1337 978 1405 οίκουμενικῆς
1012 1337 1394 1402 συνελεύσεως,
1437 1342 1524 1390 καὶ
1559 1339 1777 1408 μάλισθ’

211 1426 325 1477 ὅσοι
357 1428 460 1494 τὴν
511 1430 662 1497 ἱερὰν
692 1430 912 1499 Γραφὴν
947 1432 1499 1501 ὲτιιστημονικώτεροι
1553 1435 1645 1486 καὶ
1694 1450 1776 1484 σο-

214 1518 454 1587 ςώτεροι
488 1521 593 1572 τῶν
619 1522 879 1574 λισὲλλων
919 1526 1011 1577 καὶ
1041 1524 1365 1593 ἀμφοτέρων
1397 1526 1477 1586 εἰς
1518 1526 1779 1592 ἀκρόασιν

214 1610 732 1676 ὑπανεγνωσμένων
762 1615 965 1682 κοινὴν,
999 1613 1072 1675 ὡς
1102 1615 1195 1666 ἕνα
1221 1616 1439 1676 τούτους
1469 1616 1775 1682 κεκρίκασι,

213 1701 290 1767 τῷ
323 1703 400 1770 μὴ
437 1703 668 1771 θατέρου
717 1703 945 1773 θάτερον
992 1707 1388 1772 παραλλάττειν
1431 1723 1482 1757 τι
1532 1705 1652 1757 κατ’
1692 1707 1776 1757 εὑ-

216 1794 462 1846 σὲὁειαν.
509 1794 768 1864 ’ῌδεισσν
797 1797 900 1865 γὰρ
926 1797 1167 1864 ἀκριϐῶς
1210 1799 1333 1859 τοὺς
1367 1797 1474 1849 τῶν
1507 1796 1780 1865 θεοφόρων

215 1883 482 1950 Πατέρων
533 1886 883 1953 προέχοντας,
936 1886 1003 1939 δι’
1035 1888 1162 1940 Υίοῦ
1195 1891 1294 1958 τὴν
1336 1889 1428 1940 τοῦ
1467 1889 1782 1956 Πνεύματος

213 1974 550 2044 ἐκπόρευσιν
601 1971 741 2028 εἶναι
801 1976 1253 2044 τεθεολογηκότας
1295 1982 1357 2033 ὲκ
1409 1981 1500 2033 τοῦ
1549 1980 1779 2049 Πατρἰς,

212 2065 342 2128 τούς
374 2083 435 2118 τε
482 2067 633 2134 παρὰ
667 2069 872 2138 Πατρός
907 2070 1296 2138 διηγγελκότας
1328 2072 1460 2123 αὐτὸ
1489 2071 1783 2138 ἐκπορευό-

219 2174 405 2224 μενον,
436 2159 540 2210 οὐκ
588 2160 956 2228 ἀνῃναμένους
989 2163 1050 2213 τὸ
1083 2161 1147 2214 δι’
1174 2161 1324 2216 Υίοῦ.
1365 2164 1424 2216 Εἰ
1468 2164 1646 2216 τοίνυν
1678 2163 1786 2222 τοῖς

214 2247 279 2296 ὲκ
300 2245 398 2296 τοῦ
434 2246 646 2315 Πατρὸς
696 2249 940 2316 είρηκόσι
986 2250 1048 2300 τὸ
1090 2249 1312 2318 Πνεῦμα
1358 2248 1785 2316 ἐκπορευόμενον

216 2337 317 2387 οὒκ
358 2338 659 2404 ἁπεὲρηται
711 2339 848 2401 ὅλως
880 2340 938 2390 τὸ
969 2339 1042 2391 δι’
1083 2340 1238 2403 ΥΙοῦ,
1279 2342 1390 2401 τοῖς
1437 2339 1491 2391 δέ
1525 2357 1586 2406 γε
1637 2339 1787 2408 διαρ-

219 2428 437 2495 θρῶσαι
483 2429 582 2496 τὴν
614 2431 675 2482 ὲκ
725 2431 934 2499 Πατρὸς
987 2433 1310 2500 ἐκπόρευσιν
1337 2431 1429 2483 τοῦ
1474 2432 1786 2500 Πνεῦματος

219 2521 351 2587 παρ’
381 2520 550 2572 αὐτοῦ
573 2524 948 2590 κεκινημένας
971 2524 1064 2575 τοῦ
1093 2524 1406 2593 Πνεῦματος
1441 2523 1783 2593 προσερῤέθη

218 2611 279 2662 τὺ
304 2612 382 2664 δι’
431 2613 587 2676 Ποῦ,
626 2613 847 2683 εὔδηλον
869 2617 947 2668 ὅτι
979 2616 1291 2684 σύμπαντες
1327 2620 1372 2670 oi
1411 2617 1503 2671 τοῦ
1537 2618 1782 2685 Πνεῦμα-

221 2719 334 2763 τος.
371 2705 472 2755 οὐκ
509 2706 684 2766 ἄλλως
715 2707 778 2758 ἐκ
811 2708 904 2758 τοῦ
959 2709 1169 2777 Πατρὶς
1211 2710 1340 2761 αὐτὸ
1375 2709 1786 2778 πεφρονήκασιν

219 2798 648 2864 ἐκπορεύεσθαι,
679 2801 726 2851 εἰ
757 2801 833 2867 μὴ
856 2801 927 2853 δι’
952 2800 1104 2862 Υίοῦ,
1132 2803 1400 2870 μηδεμίαν
1432 2803 1788 2870 παρείσδυσιν

219 2889 444 2958 ἔχοντες
476 2891 569 2942 τοῦ
602 2893 994 2959 ἑναντιολογεῖν
1043 2896 1099 2944 ὲν
1132 2895 1336 2954 αὐτοῖς.
1366 2896 1541 2964 ἄκρας
1569 2894 1624 2944 δὲ
1653 2893 1790 2960 μᾶ).-

219 2980 312 3030 λον
367 2982 688 3047 συμφωνίας
720 2981 885 3050 οὔσης
936 2985 991 3035 ἐν
1027 2986 1138 3045 τοῖς
1188 2985 1385 3050 ἁγίοις,
1428 2986 1520 3037 καὶ
1551 2983 1611 3036 τὸ
1658 2981 1790 3035 αὐτὸ

219 3075 328 3122 τῶν
358 3075 499 3124 ὅλων
544 3076 988 3137 πεπαιδευμένων
1016 3081 1253 3146 φρονεῖν,
1287 3079 1382 3129 καὶ
1426 3078 1522 3145 τῆς
1571 3076 1790 3145 ἀγάπης

221 3167 316 3216 καὶ
349 3167 599 3234 εἰρήνης,
630 3167 718 3218 καὶ
748 3170 1004 3233 ὁμονοίας
1035 3168 1204 3220 ὄντων
1228 3171 1283 3220 ὲν
1313 3169 1610 3236 Πνεῦματι,
1647 3168 1790 3222 καθὰ

1873 614 2221 668 tolerandum
2287 615 2534 667 facilitati
2603 613 2832 664 maxime
2902 609 3092 662 ﬁdens.
3152 608 3205 660 Si
3277 623 3439 674 quam

1871 705 2162 772 aliquando
2217 706 2529 772 opinionem
2586 717 2693 755 non
2744 715 2926 752 sanam
2970 701 3020 751 in
3061 696 3302 762 medium
3359 708 3440 749 at-

1874 797 2164 860 tulisti,et
2227 806 2278 849 te
2345 797 2418 848 ita
2481 805 2663 848 tenere
2733 789 3130 847 contenderes.
3170 788 3240 841 ita
3319 803 3440 838 scn-

1877 887 2000 944 tire.
2039 887 2110 940 ita
2169 887 2394 938 credere
2455 885 2652 937 obnixe
2713 882 3046 942 aﬂirmares,
3086 895 3151 931 an
3200 879 3292 947 qui
3349 893 3444 930 au-

1875 975 2033 1030 diunt
2089 977 2380 1045 propinqui
2449 976 2609 1028 tacite
2685 975 3057 1040 blasphemam
3123 971 3440 1039 opinionem

1877 1066 2369 1134 persentiscerent?
2402 1065 2593 1117 Annon
2633 1061 3114 1116 contradicerent?
3137 1061 3328 1112 Annon
3355 1063 3446 1112 ad-

1876 1171 2091 1210 versum
2122 1167 2171 1210 te
2199 1156 2378 1209 omnia
2403 1155 2682 1209 facerent?
2704 1156 2812 1223 Ego
2840 1169 2966 1206 sane
2987 1153 3241 1206 existimo
3273 1167 3446 1220 neque

1879 1249 2156 1318 preprium
2194 1249 2477 1302 ductorem
2515 1250 2736 1301 eosdem
2766 1248 2904 1301 velle
2943 1262 3355 1315 recognoscere.
3393 1246 3447 1298 ni

1879 1341 2033 1408 prius
2061 1340 2338 1407 rejiculam
2370 1341 2682 1408 opinionem
2703 1339 2986 1408 abiecerit,
3013 1349 3066 1392 et
3088 1340 3451 1392 anatliematis

1879 1430 2014 1483 diris
2030 1430 2332 1498 iustissime
2347 1431 2661 1497 subiecerit.
2681 1430 2756 1482 lbi
2778 1446 2905 1482 vero
2927 1440 3096 1482 totum
3112 1431 3448 1483 contrarium

1880 1521 2128 1589 contigit.
2160 1521 2286 1574 Nam
2311 1522 2402 1589 qui
2449 1523 2502 1576 in
2537 1523 2900 1576 universalem
2932 1537 3279 1590 congressum
3315 1538 3452 1575 con-

1881 1624 2163 1676 venerant,
2187 1623 2240 1666 et
2275 1614 2613 1680 potissimum
2639 1614 2690 1666 in
2746 1615 2916 1668 sacris
2956 1615 3151 1668 litteris
3198 1615 3453 1666 scientio-

1885 1718 1991 1766 res,
2019 1711 2075 1755 et
2130 1706 2508 1771 sapientiores.
2534 1721 2656 1758 cum
2682 1715 2911 1772 uterque
2952 1706 3165 1758 libellus
3208 1705 3324 1757 aliis
3364 1721 3456 1756 au-

1885 1793 2162 1847 dientibus
2214 1794 2487 1863 legeretur
2513 1803 2766 1864 tanquam
2789 1813 2954 1848 unum
2974 1796 3310 1864 judicarunt.
3331 1812 3453 1849 cum

1887 1900 2027 1938 unus
2055 1885 2124 1939 ab
2150 1886 2258 1939 alio
2303 1888 2355 1940 in
2397 1888 2581 1947 nullo,
2617 1890 2761 1956 quod
2811 1889 2876 1941 ad
2926 1890 3181 1957 pietatem
3230 1890 3452 1950 laceret,

1888 1975 2240 2044 discreparet.
2268 1978 2432 2031 Plane
2488 1978 2757 2046 siquidem
2792 1979 3080 2039 callebant,
3113 1981 3254 2034 inter
3281 1979 3452 2032 Deil‘c-

1893 2084 1982 2122 ros
2009 2069 2192 2121 Patres
2223 2070 2546 2136 pra‘cipuos,
2585 2087 2680 2138 per
2726 2071 2920 2124 Filium
2969 2070 3203 2139 Spiritus
3232 2085 3456 2140 proces-

1889 2162 2096 2214 sionem
2132 2176 2250 2213 esse
2278 2176 2305 2212 a
2344 2163 2502 2214 Patre
2537 2177 2910 2225 asseverasse;
2942 2179 3146 2230 eosque
3177 2164 3270 2231 qui
3304 2165 3454 2217 illum

1886 2267 1948 2305 es
1989 2252 2146 2306 Patre
2174 2253 2638 2319 pronuntiassent,
2669 2270 2775 2308 non
2809 2256 3077 2321 respuisse
3107 2272 3202 2324 per
3229 2255 3452 2310 Filium.

1887 2344 1942 2398 Si
1987 2347 2171 2414 itaque
2205 2347 2272 2399 ab
2311 2347 2375 2399 iis
2405 2348 2495 2413 qui
2525 2362 2589 2400 ex
2637 2347 2795 2400 Patre
2833 2347 3244 2401 aﬂirmaverunt
3285 2348 3456 2415 Spiri-

1888 2447 2000 2488 tum
2035 2436 2350 2504 procedere,
2383 2453 2488 2488 non
2521 2437 2766 2505 rejicitur
2805 2437 3029 2490 omnino
3053 2480 3067 2498 ,
3100 2454 3189 2505 per
3214 2436 3408 2490 Filium
3437 2455 3450 2490 :

1887 2525 1954 2579 ab
1983 2527 2049 2579 iis
2081 2540 2233 2588 vero,
2265 2525 2356 2592 qui
2383 2526 2668 2578 enucleate
2701 2526 3042 2577 tradiderunt
3094 2525 3331 2592 Spiritus
3388 2539 3455 2577 ex

1888 2616 2047 2670 Patre
2098 2617 2499 2684 processionem
2530 2655 2542 2678 ,
2573 2615 2640 2668 ab
2701 2615 2891 2668 eodem
2935 2615 3134 2682 Spiritu
3184 2613 3453 2679 excitatis,

1888 2708 2132 2762 additum
2169 2707 2290 2769 fuit,
2329 2724 2420 2775 per
2457 2706 2678 2770 Filium,
2709 2707 3056 2759 manifestum
3095 2716 3178 2759 est
3233 2706 3456 2759 univer-

1888 2816 1999 2863 sos,
2034 2801 2181 2869 quie
2235 2800 2440 2869 Spiritu
2472 2810 2618 2859 sunt.
2666 2816 2773 2852 non
2818 2800 2976 2852 aliter
3027 2815 3090 2851 es
3129 2799 3284 2852 Patre
3329 2813 3453 2852 eum

1891 2893 2207 2960 procedere,
2239 2907 2399 2960 quam
2442 2905 2537 2960 per
2597 2891 2793 2944 Filium
2844 2889 3079 2943 sensisse
3106 2929 3120 2953 ,
3153 2903 3275 2943 cum
3307 2889 3455 2941 nulla

1891 2983 1945 3037 in
1983 2984 2089 3038 illis
2112 2985 2248 3037 ratio
2279 2983 2687 3036 contradicendi
2719 2981 3080 3044 interveniat;
3109 2980 3217 3033 imo
3249 2995 3457 3033 summe

1893 3077 2036 3129 inter
2073 3092 2130 3131 se
2184 3077 2354 3130 sancti
2401 3075 2758 3138 conveniunt,
2817 3074 3074 3141 doctique
3108 3087 3300 3125 omnes
3355 3073 3458 3124 hoc

1893 3166 2034 3219 idem
2085 3165 2349 3228 sentiunt,
2407 3179 2694 3226 amorem,
2739 3177 2950 3232 pacem,
3000 3172 3165 3227 atque
3199 3159 3459 3211 unionem

219 3258 283 3325 δὴ
318 3262 418 3310 καὶ
463 3260 511 3308 οἱ
546 3260 606 3310 τδ
656 3259 798 3327 ἱερὸν
843 3261 1077 3328 μάθημα
1114 3261 1553 3330 παραδεδωκότες
1586 3262 1788 3314 συνοδιο
1818 3254 1862 3313 C

1818 3254 1862 3313 C
1895 3259 2287 3326 amplectentes
2351 3257 2404 3310 in
2477 3257 2719 3324 Spiritu:
2757 3251 3218 3323 quemadmodum
3276 3260 3330 3302 et
3364 3249 3455 3316 qui

223 3351 355 3410 κῶς.
387 3351 643 3402 Κάκείνοι
673 3353 781 3418 γὰρ
813 3353 952 3404 κατὰ
978 3352 1074 3421 τὴν
1106 3352 1275 3421 αὐτὴν
1306 3353 1512 3405 ἔννοιαν
1545 3354 1792 3421 ἱερογρα-

224 3442 402 3509 φικῶς
434 3442 494 3494 τὺ
546 3443 788 3494 τοιοῦτον
820 3443 1084 3504 ἐξέθεντο,
1113 3443 1294 3509 λόγοις
1341 3443 1653 3512 οἰκονομίας
1695 3445 1793 3513 τὴν

223 3536 411 3603 φωνήν
443 3535 996 3603 παρασιωπήσαντες,
1031 3535 1107 3603 τῷ
1137 3551 1194 3585 τε
1221 3537 1352 3603 πρὸς
1377 3536 1508 3588 ἄλλα
1540 3535 1793 3587 σπεύδειν

225 3627 546 3689 ἐπείγοντα,
586 3627 678 3676 καὶ
716 3627 792 3694 τῷ
841 3626 949 3677 τῶν
999 3625 1383 3690 αἱρετιζόντων
1431 3627 1521 3677 τὸν
1567 3625 1794 3693 θόρυϐον

225 3712 611 3766 ἀποσείεσθαι.
646 3712 722 3761 Δι’
762 3714 827 3780 ἢν
857 3712 1034 3764 αἰτίαν
1063 3711 1180 3762 οὐδὲ
1211 3712 1342 3763 Θεὸν
1379 3711 1439 3762 τὸ
1487 3711 1708 3780 Πνεῦμα
1736 3713 1796 3764 τδ

226 3805 384 3869 ἆγιυν
442 3803 630 3868 σαφῶς
676 3802 820 3853 οῦτω
871 3802 963 3854 καὶ
1011 3801 1266 3869 καθαρῶς
1317 3805 1792 3872 προσηγόρευσαν,

224 3895 299 3961 τῷ
337 3894 416 3963 μὴ
447 3895 592 3961 ἕλει-ι
627 3895 688 3945 ἐκ
711 3893 820 3944 τῶν
855 3893 1202 3959 Εὑαγγελίων
1227 3895 1460 3963 ἑτοίμως
1492 3896 1590 3965 τὴν
1625 3912 1793 3963 προσ-

225 3988 461 4053 ηγορίαν
496 3985 892 4037 πιστώσασθαι.
923 3985 1050 4037 Τίδ’
1087 3985 1193 4036 ἔδει
1240 3988 1376 4054 πρὸς
1412 3987 1674 4050 διαλέξεις
1702 3990 1796 4040 καὶ

227 4079 368 4147 ὑπὲρ
404 4079 518 4130 τῶν
562 4077 823 4129 τοιούτων
856 4078 1047 4144 φωνῶν
1079 4080 1276 4146 χωρεῖν
1318 4078 1533 4141 αὐτοὺς,
1583 4083 1677 4130 καὶ
1708 4080 1792 4130 λοι

229 4177 522 4240 γομαχεῖν,
563 4172 656 4224 καὶ
689 4173 780 4223 τὸν
816 4171 986 4223 πολὺν
1033 4171 1338 4224 κλονεῖσθαι
1371 4172 1518 4237 λαὸν,
1553 4173 1672 4226 ἐνὸν
1703 4177 1798 4226 καὶ

195 4263 407 4323 ,ἄλλως
459 4264 871 4333 ἀναντερῤήτως
914 4263 1011 4331 τὴν
1059 4264 1253 4333 εὐσεϐῆ
1288 4265 1654 4333 κρατύνεσθαι
1705 4270 1798 4318 καὶ

230 4355 514 4424 ὀρθήξον
546 4356 751 4407 ἔννοιαν
777 4371 792 4416 ;

301 4456 418 4512 zg’.
454 4449 580 4499 Ὀτι
609 4447 664 4498 δὲ
715 4449 772 4499 τι)
797 4449 860 4499 ἑκ
891 4451 1100 4518 Πατρός
1143 4449 1320 4516 λέγειν
1369 4452 1799 4522 ἐκπορευόμενον

1893 3366 2100 3404 sacram
2137 3351 2276 3403 hanc
2313 3349 2618 3403 doctrinam
2651 3348 2812 3416 plena
2857 3344 3066 3415 synodo
3094 3343 3456 3396 tradiderunt.

1894 3441 1971 3494 Illi
1996 3443 2195 3494 etenim
2227 3441 2416 3494 eodem
2458 3455 2621 3493 sensu
2675 3438 2846 3492 sacris
2886 3436 3054 3489 innixi
3091 3432 3311 3488 Litteris
3355 3433 3459 3486 hoc

1892 3545 2262 3604 exposuerunt
2305 3549 2335 3588 e
2386 3532 2688 3599 prudentiae
2763 3529 2975 3596 legibus
3017 3541 3204 3580 vocent
3253 3526 3461 3578 obtice-

1895 3637 2144 3689 sccntes;
2203 3634 2331 3678 tunc
2385 3623 2452 3676 ad
2486 3623 2590 3674 alia
2623 3617 2982 3686 procuranda,
3019 3627 3070 3670 et
3103 3615 3458 3669 sectariorum

1895 3720 2155 3786 strepitus
2211 3715 2649 3784 comprimendos
2697 3712 2936 3764 intenti:
3003 3710 3230 3776 ideoque
3285 3722 3458 3775 neque

1899 3811 2157 3877 Spiritum
2209 3817 2454 3861 sanctum
2516 3807 2673 3873 plane
2721 3815 2778 3858 et
2806 3803 2952 3856 clare
2990 3800 3157 3854 Deum
3213 3813 3458 3867 pronun-

1899 3903 2123 3964 tiarunt,
2153 3914 2275 3953 eum
2318 3913 2424 3951 non
2466 3896 2729 3950 haberent
2785 3895 2836 3946 in
2879 3900 3133 3961 promptu
3175 3889 3376 3958 quibus
3407 3888 3459 3940 id

1895 4008 1959 4046 ex
1993 3991 2296 4058 Evangeliis
2354 3988 2792 4056 comprobarent.
2845 3986 2910 4038 Et
2964 3984 3094 4053 quid
3161 3997 3298 4052 Opus
3344 3989 3463 4034 erat

1897 4101 1991 4139 eos
2049 4099 2147 4153 pro
2197 4084 2283 4136 his
2337 4083 2584 4143 vocibus,
2650 4075 3113 4144 disputationibus
3170 4074 3463 4140 verbisque

1898 4180 2176 4231 decertare
2199 4215 2212 4237 ,
2244 4176 2539 4240 turbasque
2578 4172 2722 4224 ciere
2759 4171 2810 4220 in
2840 4166 3037 4236 populo
3057 4203 3071 4226 ,
3098 4179 3218 4218 cum
3244 4173 3465 4231 possent

1900 4269 2001 4322 alia
2043 4269 2253 4321 ratione
2316 4263 2762 4332 irrefragabilitcr
2801 4262 2943 4327 piam
2995 4257 3463 4324 orthodoxamque

1901 4360 2225 4412 sententiam
2259 4354 2612 4409 constabilire
2643 4353 2664 4404 ?

1970 4452 2058 4504 26.
2095 4449 2294 4502 Verum
2326 4463 2392 4501 ex
2422 4448 2577 4502 Patre
2603 4460 2849 4500 asserere
2876 4445 3170 4516 procedere
3201 4442 3466 4510 Spiritum

230 4544 289 4592 τὲ
318 4540 553 4607 Πνεῦμα
576 4541 634 4590 τί
662 4541 834 4605 ἅγιον,
869 4541 964 4591 καὶ
990 4541 1049 4591 τὸ
1075 4543 1138 4593 ὲκ
1171 4543 1376 4611 Πατρός
1401 4543 1467 4594 δι’
1499 4545 1646 4609 Υίοῦ,
1670 4562 1800 4596 ταυ-
1831 4574 1875 4629 D

1831 4574 1875 4629 υ
1906 4549 2175 4603 sanctum,
2205 4549 2253 4592 et
2287 4555 2350 4593 ex
2385 4537 2540 4590 Patre
2565 4552 2660 4606 per
2699 4535 2892 4588 Filium
2933 4551 3092 4588 sensu
3149 4533 3288 4586 idctn
3322 4547 3465 4593 esse,

231 4634 319 4683 τὸν
357 4633 482 4683 κατ’
541 4634 770 4694 ἔννοιαν,
805 4632 867 4682 οὐ
921 4632 1199 4700 διάφορον,
1240 4636 1301 4686 ὲκ
1330 4635 1438 4686 τῶν
1489 4637 1585 4703 τῆς
1631 4637 1800 4705 αὐτῆς

233 4724 473 4792 ἑϐδόμης
507 4723 730 4774 συνόδου
762 4721 1083 4792 πρακτικῶν
1129 4725 1500 4792 ἐναργέστατα
1534 4730 1801 4794 καταφαί-

232 4836 406 4871 νεται.
429 4816 554 4867 Τῶν
580 4816 776 4882 Τόμων
805 4816 912 4883 γὰρ
939 4817 1440 4883 ὑπανεγνωσμένων
1481 4818 1796 4882 συνοδικῶς,

232 4911 326 4963 τοῦ
355 4927 420 4961 τε
447 4910 510 4961 τὸ
543 4906 767 4976 Πνεῦμα
797 4908 857 4959 τὸ
902 4906 1056 4974 ἆγιον
1087 4909 1149 4960 ὲκ
1178 4908 1272 4959 τοῦ
1310 4910 1518 4976 Harpe;
1564 4909 1632 4960 δι’
1673 4910 1802 4961 Υίοῦ

231 4995 635 5063 διασαφοῦντος
664 4997 1119 5064 ἐκπορευόμενον,
1155 4997 1249 5047 καὶ
1286 4995 1400 5058 τοῦ,
1426 4995 1610 5058 ἀϊδίως
1635 4999 1801 5049 ἐκπο-

235 5091 536 5156 ρευόμενον
563 5089 624 5139 ἐκ
657 5085 749 5137 τοῦ
778 5084 916 5137 Θεοῦ
948 5086 1042 5137 καὶ
1071 5087 1282 5151 Πατρὸς
1309 5086 1368 5138 τὸ
1394 5088 1524 5138 αὐτὸ
1555 5087 1800 5155 Πνεῦμα,

232 5179 673 5247 διαγορεύοντος,
706 5179 733 5228 ὁ
780 5177 878 5244 μὲν
907 5179 1017 5230 τῶν
1043 5181 1143 5246 τῆς
1189 5180 1406 5231 συνόδου
1445 5181 1657 5232 σεπτῶν
1692 5182 1802 5233 Πα-

231 5278 430 5341 τέρων,
463 5271 640 5333 οὕτως
688 5271 914 5338 ἔχουσαν
947 5272 1042 5335 τὴν
1068 5270 1296 5340 γνώμην
1337 5273 1651 5341 ἐξήνεγκεν.
1699 5273 1803 5325 Ἐν

227 5363 488 5434 μηδεμιᾷ
518 5364 724 5428 ἐννοίᾳ
749 5361 1244 5428 παραλλάττοντα
1268 5364 1366 5416 καί
1395 5368 1464 5417 τὰ
1484 5365 1598 5417 νῦν
1626 5366 1804 5432 ἀναγ-

233 5458 548 5512 νωσθέντα
593 5457 662 5508 ἐκ
721 5455 830 5521 τῆς
881 5455 1210 5521 Ἀγατολῆς
1257 5456 1598 5524 πεμφθέντα
1652 5458 1801 5523 πρὸς

235 5550 537 5617 ταρὰσιον
566 5548 672 5599 τόν
706 5548 1031 5614 ἁγιώτατον
1062 5547 1543 5615 ἀρχιεπίσκοπον
1588 5549 1685 5601 καί
1719 5552 1800 5601 οι-

232 5643 600 5712 κοινμεγικὸν
632 5639 1026 5706 πατριάρχην,
1055 5640 1160 5693 τοῦ
1193 5644 1294 5694 ὑπ’
1324 5642 1512 5694 αὑτοῦ
1546 5659 1799 5710 προομο-

231 5735 600 5802 ,Ιογηθέντος
650 5733 792 5798 ὅρου
839 5731 943 5794 τῆς
990 5733 1244 5794 πίστεως
1295 5735 1504 5800 εὑρὼν,
1555 5735 1716 5802 κάγὼ
1768 5739 1798 5787 ό

233 5829 482 5892 ἀνάξιος
523 5827 755 5886 τούτοις
806 5824 1174 5893 συντίθεμαι.
1224 5828 1285 5876 Ὀ
1328 5827 1382 5878 δὲ
1423 5831 1673 5894 τοιαύτην
1724 5820 1797 5879 ὧν

1905 4649 2006 4687 nec
2055 4633 2354 4693 diversum,
2403 4645 2468 4683 ex
2515 4631 2652 4684 actis
2695 4627 2940 4698 ejusdem
2988 4626 3232 4694 septima:
3276 4626 3467 4694 synodi

1903 4724 2242 4793 apertissime
2284 4723 2576 4777 evincitur.
2624 4720 2753 4773 Nam
2810 4735 2933 4773 cum
2981 4719 3107 4770 tonti
3152 4719 3206 4770 in
3261 4717 3467 4786 synodo

1904 4815 2026 4869 lecti
2070 4814 2321 4876 fuissent,
2371 4812 2460 4865 ille
2489 4810 2764 4874 videlicet,
2793 4809 2883 4877 qui
2918 4807 3182 4875 Spiritum
3218 4815 3467 4859 sanctum

1903 4920 1968 4957 ex
2015 4901 2174 4956 Patre
2228 4917 2324 4970 per
2353 4899 2547 4954 Filium
2598 4897 2984 4968 procedentem
3047 4894 3314 4958 aIIlrmat;
3353 4902 3466 4944 tum

1906 4996 2067 5057 alius,
2101 4993 2192 5062 qui
2225 4993 2292 5045 ab
2315 5001 2520 5046 aeterno
2553 4990 2937 5060 procedentem
2984 5002 3049 5040 ex
3089 4987 3198 5039 Deo
3227 4993 3281 5038 et
3309 4985 3470 5037 Patre

1903 5089 2155 5144 eumdem
2203 5086 2468 5155 Spiritum
2516 5085 2728 5148 asserit,
2783 5099 2922 5136 unus
2950 5097 3016 5134 es
3074 5079 3266 5150 synodi
3311 5092 3469 5134 vene-

1906 5179 2088 5234 randis
2116 5178 2367 5232 Patribns
2404 5177 2730 5230 sententiam
2759 5183 2830 5226 ita
2862 5187 2919 5225 se
2955 5171 3244 5224 habentem
3279 5176 3466 5236 protu-

1903 5275 2004 5326 lit:
2047 5273 2178 5327 Cum
2236 5272 2434 5338 scripta
2463 5310 2477 5330 ,
2513 5284 2627 5337 quia
2663 5283 2801 5319 nunc
2838 5266 2970 5318 lecta
2996 5302 3011 5326 ,
3057 5273 3104 5315 et
3140 5278 3202 5315 ea:
3259 5261 3470 5315 Oriente

1905 5369 2063 5419 missa
2112 5373 2231 5418 sunt
2271 5365 2339 5415 ad
2377 5361 2651 5415 Tarasium
2683 5357 3074 5410 sanctissimum
3112 5352 3467 5420 archiepisco-

1904 5475 2026 5526 pum
2086 5467 2132 5508 et
2194 5454 2562 5508 meumenicum
2613 5448 2971 5515 patriarcham
3006 5447 3058 5497 in
3115 5443 3260 5494 nullo
3313 5443 3468 5493 sensu

1903 5553 2198 5617 discrepare
2233 5564 2264 5598 (ι
2309 5543 2610 5609 deﬁnitione
2645 5539 2767 5607 ﬁdei
2802 5537 2865 5590 ab
2905 5537 3081 5588 eodem
3111 5535 3298 5585 emissa
3331 5547 3471 5582 com-

1903 5645 2128 5709 periam,
2166 5655 2257 5705 ego
2291 5650 2491 5704 quoque
2512 5633 2754 5698 indignus
2786 5628 3066 5682 assentiar.
3099 5623 3251 5678 Alius
3278 5635 3466 5673 eorum

1902 5751 2022 5804 quae
2049 5731 2245 5794 audiit,
2277 5728 2600 5781 sententiam
2636 5726 2772 5776 hanc
2806 5721 2986 5774 dedit:
3021 5717 3227 5782 Scripta
3265 5711 3467 5764 Tarasii

1901 5825 2214 5879 sanctissimi
2268 5818 2640 5888 archiepiscopi
2690 5824 2735 5867 et
2789 5810 3086 5866 accumuu'ri
3126 5805 3464 5874 patriarcha,
