4220 6444
738 410 841 468 575
1884 403 2310 466 NICEPHORI
2351 404 2404 465 BI

2306 404 2310 461 ζ
2351 404 2550 465 BLEM
2564 393 2776 465 MlDtE
3864 404 3972 467 576

731 516 824 568 hoc
849 517 1102 582 siquidem
1136 519 1457 570 validissimo
1492 526 1800 585 argumento
1831 516 1899 568 ad
1938 516 2083 569 tuam
2110 518 2294 581 impie-
2326 518 2369 570 Α

2326 518 2369 570 Α
2400 515 2665 582 Πνεῦμα,
2699 514 2857 568 eum
2878 513 2964 582 μὴ
3001 514 3135 580 Υἱὸς
3172 515 3309 569 Υιοῦ
3334 515 3400 569 τὸ
3430 514 3671 580 Πνεῦμα
3696 514 3923 579 εἴρηται
3954 529 3976 578 ;

731 616 888 658 tatem
944 610 1276 660 astruendam
1311 624 1431 660 usus
1492 625 1564 661 es.
1623 608 1722 660 Aut
1763 609 1899 660 enim
1934 606 2164 670 Filium,
2201 618 2293 661 aut

2410 609 2602 673 Τούτῳ
2626 608 2735 674 γὰρ
2761 606 3133 675 ἰσχυροτάτῳ
3155 607 3305 673 πρὸς
3332 605 3447 675 τὴν
3476 606 3761 659 ἀσέϐειαν
3785 603 3972 671 ἐχρήο

729 707 1029 749 creaturam
1069 699 1221 764 jubes
1252 716 1356 751 non
1401 710 1609 752 tenere:
1639 710 1686 751 et
1719 701 1857 767 quod
1896 698 2067 752 Filius
2098 717 2297 752 nuneu-

2402 714 2511 754 σω.
2550 700 2631 752 Ἢ
2655 699 2764 765 γὰρ
2822 698 2976 762 Υιὸν,
3010 699 3049 767 ἢ
3081 701 3303 766 κτίσμα
3347 698 3615 759 κελεύεις
3644 694 3827 748 νοεῖν.
3862 692 3974 747 Καὶ

732 800 889 857 putus
910 806 1009 842 non
1028 799 1123 851 est,
1151 790 1263 842 ideo
1290 801 1587 843 creaturam
1621 807 1728 843 esse
1750 793 1907 860 impie
1928 792 2118 845 asseris
2140 792 2294 844 illum

2404 792 2492 844 ὅτι
2525 792 2610 859 μὴ
2658 793 2790 857 Υἱὸς
2821 791 3187 860 ὠνόμασται,
3216 791 3315 845 διὰ
3344 790 3520 844 τοῦτο
3548 790 3769 856 κτίσμα
3793 784 3973 851 εἶναι,

730 884 819 946 qui
865 897 1119 936 creatur-te
1155 901 1312 937 causa
1348 895 1443 946 est,
1493 886 1583 953 qui
1624 894 1921 937 creaturam
1972 886 2291 951 sanctiﬁcat,

2396 883 2805 951 βλασφημεῖς,
2843 882 2910 936 τὸ
2937 883 3048 950 τῆς
3076 885 3327 946 κτίσεως
3356 883 3570 943 αἴτιον,
3610 882 3678 933 τὸ
3706 880 3818 945 τῆς
3850 878 3982 931 κτί-

733 982 779 1021 et
814 972 1045 1038 dri/icat,
1078 994 1165 1041 qui
1204 976 1445 1038 Domini,
1488 976 1678 1045 Deique
1712 976 2064 1046 appellatione
2094 978 2297 1046 gloriﬁ-

2404 990 2558 1039 σεως
2606 976 2960 1044 ἀγιαστικὸν
3010 978 3107 1030 καὶ
3166 976 3465 1038 θεοποιὸν,
3503 974 3570 1028 τὸ
3601 974 3817 1040 Κυρίου
3870 970 3975 1023 καὶ

730 1072 899 1125 eatur,
941 1069 1029 1135 qui
1076 1068 1283 1120 diuinas
1319 1069 1537 1135 complet
1582 1071 1930 1135 operationes.
1961 1068 2090 1122 Cum
2121 1071 2299 1140 itaque

2407 1067 2557 1120 Θεοῦ
2591 1066 2989 1134 δοξαζόμενον
3021 1068 3287 1135 ὀνόματι,
3337 1067 3407 1120 τὸ
3446 1065 3566 1119 τῶν
3607 1068 3786 1118 θείων
3808 1064 3983 1129 erep-

732 1156 1088 1222 appellatione
1123 1156 1245 1211 Filii
1273 1162 1517 1228 indignus
1556 1160 1952 1229 tibijudicetur,
1977 1172 2230 1230 tanquam
2262 1183 2295 1219 a

2403 1153 2579 1223 τειῶν
2608 1157 3010 1223 πληρωτικόν.
3057 1157 3217 1209 Ἐπεὶ
3251 1152 3365 1208 οὖν
3403 1155 3657 1217 ἀνάξιόν
3700 1169 3801 1206 σοι
3842 1150 3982 1219 εταί-

736 1245 892 1299 Pntre
940 1258 988 1299 et
1038 1248 1177 1302 Filio
1209 1250 1431 1312 alienus,
1485 1254 1755 1306 considera
1806 1271 2040 1321 quanam
2091 1258 2299 1311 ratione

2405 1264 2567 1301 νεται
2601 1248 2712 1314 τῆς
2745 1248 2851 1301 τοῦ
2907 1247 3041 1301 Υἱοῦ
3075 1248 3481 1315 προσηγορίας
3525 1246 3605 1310 ὡς
3654 1246 3982 1310 ἀλλότριον

731 1337 889 1389 Filios
922 1340 1080 1406 efﬁcit
1121 1358 1205 1393 eos
1255 1346 1343 1411 qui
1385 1346 1807 1409 sunctiﬁcantur.
1838 1347 1989 1412 Quod
2040 1352 2085 1401 si
2117 1362 2171 1401 tu
2204 1367 2299 1418 per

2406 1337 2635 1403 Πατρός
2662 1337 2759 1389 καὶ
2806 1337 2963 1402 Υἱοῦ,
3012 1338 3259 1404 σκέψαι,
3303 1334 3430 1402 πῶς
3461 1335 3627 1400 υἱοὺς
3657 1332 3983 1401 ἀπεργάζε-

733 1430 992 1496 Spiritum
1025 1431 1194 1486 Filius
1223 1434 1314 1488 llei
1338 1453 1409 1495 es,
1439 1439 1697 1505 quomodo
1733 1438 1962 1504 Spiritus
1981 1459 2012 1493 a
2044 1442 2300 1508 ﬁliatione

2405 1447 2500 1482 ται
2534 1433 2675 1496 τοὺς
2707 1431 3153 1499 ἁγιαζομένους.
3188 1435 3258 1485 El
3291 1433 3360 1485 δὲ
3404 1432 3486 1485 σὺ
3524 1432 3622 1484 διὰ
3654 1430 3759 1484 τοῦ
3788 1430 3984 1482 Πνεύ·

734 1520 939 1574 alienus
969 1525 1089 1576 est?
1120 1524 1251 1578 llcm
1277 1543 1292 1581 :
1326 1527 1557 1580 Dicimus
1589 1532 1767 1598 itaque
1795 1532 2069 1599 afﬁrmare
2100 1533 2298 1586 Filium

2401 1538 2592 1590 ματος
2614 1522 2741 1587 Υἱὸς
2766 1522 2935 1585 Θεοῦ,
2960 1524 3083 1587 πῶς
3110 1523 3175 1576 τὸ
3199 1523 3442 1591 Πνεῦμα
3460 1522 3641 1586 ξένον
3667 1524 3982 1584 υιότητοςς

734 1627 796 1661 ea:
828 1610 978 1674 Filio,
1010 1615 1253 1668 Triadem
1294 1618 1346 1670 in
1382 1619 1730 1676 multitudinis
1760 1625 2019 1677 deitatum
2048 1628 2301 1695 suspicio-

2408 1614 2517 1665 Καὶ
2550 1610 2738 1674 αὖοι;’
2803 1614 3073 1682 Λέγομεν
3116 1612 3231 1669 οὖν
3266 1615 3355 1667 ὅτι
3400 1617 3468 1666 τὸ
3501 1612 3695 1667 εἰπεῖν
3741 1611 3876 1665 Υἱέν
3909 1612 3984 1673 ἐξ

736 1717 849 1752 nem
882 1706 1135 1767 homines,
1168 1708 1256 1775 qui
1280 1710 1332 1761 id
1366 1713 1651 1770 audissent.
1688 1716 1987 1769 adduxisset
2007 1720 2095 1781 ;in
2127 1735 2301 1784 prom-

2416 1702 2574 1763 Υἱοῦ,
2602 1704 2713 1770 τὴν
2743 1705 2951 1769 Τριάδα
2981 1705 3090 1772 τῆς
3113 1707 3393 1772 θεότητος
3421 1707 3510 1767 εις
3538 1708 3811 1769 πλήθους
3834 1704 3987 1755 ὐπο-

735 1801 825 1859 ptu
852 1810 1077 1863 namque
1105 1806 1219 1848 erat
1260 1802 1543 1867 suspicari,
1574 1805 1706 1855 sicut
1743 1802 1914 1859 Filius
1947 1822 2010 1859 ex
2043 1805 2182 1860 Filio
2209 1822 2298 1878 ge-
2340 1874 2371 1878 Δ

2408 1795 2560 1861 ψίαν
2592 1795 2904 1865 προσῆγεν
2926 1799 3280 1863 ἀνθρώποις,
3306 1798 3665 1851 ἀκούσασιν.
3700 1796 3985 1861 Ἔτοιμον

736 1895 949 1941 neratus
983 1899 1077 1950 est.
1110 1884 1183 1944 ita
1204 1910 1266 1946 ex
1288 1896 1382 1947 hoc
1417 1912 1597 1950 rursus
1636 1897 1800 1951 alium
1831 1910 2147 1970 prognatum
2170 1918 2301 1966 esse,
2340 1874 2381 1928 Β

2340 1874 2381 1928 Β
2414 1887 2521 1955 γὰρ
2550 1882 2629 1956 ἦν
2658 1889 3008 1952 ὑπολαϐεῖν,
3035 1890 3116 1954 ὡς
3142 1890 3311 1957 εἴπερ
3345 1888 3478 1953 Υἱὸς
3501 1887 3570 1951 ἐξ
3610 1886 3747 1940 Υιοῦ
3783 1904 3870 1955 rs}
3888 1884 3990 1937 ἐν-

736 1987 785 2028 et
810 1993 990 2032 rursus
1026 1980 1213 2044 alium,
1246 1992 1293 2035 et
1324 1986 1396 2037 sic
1434 1987 1558 2039 item
1589 1987 1763 2057 plures
1807 1992 1938 2045 alios
1979 2009 2138 2045 unum
2188 2002 2303 2061 post

2406 1993 2602 2043 νηται,
2641 1978 2737 2029 καὶ
2765 1979 2833 2031 ἐκ
2863 1981 3076 2031 τούτου
3107 1980 3293 2032 πάλιν
3318 1979 3521 2045 ἕτερος
3548 1977 3625 2031 ἂν
3648 1979 3742 2044 εἴη
3784 1993 3985 2046 refer-

739 2070 926 2122 alium.
969 2070 1253 2141 Propterea
1293 2091 1355 2128 ex
1405 2076 1511 2130 Deo
1536 2080 1741 2147 quidem
1760 2098 1867 2134 esse
1904 2082 2183 2151 Spiritum,
2210 2101 2306 2151 pa-

2407 2073 2688 2139 νημένος,
2713 2074 2811 2125 καὶ
2845 2072 3033 2125 πάλιν
3058 2072 3273 2135 ἄλλος,
3298 2073 3394 2123 καὶ
3420 2070 3517 2122 ἐπὶ
3548 2068 3784 2135 πλῆθος
3812 2067 3985 2132 ἑξῆς.

740 2160 848 2215 lam
897 2166 1175 2233 Apostolus
1226 2169 1408 2234 edixit,
1448 2171 1668 2225 dicens:
1724 2191 1741 2222 ι
1773 2172 2054 2241 Spiritum,
2101 2179 2190 2245 qui
2246 2194 2308 2231 ea:

2409 2164 2510 2217 Διὰ
2540 2165 2616 2230 δὴ
2648 2165 2825 2218 τοῦτο
2864 2164 2931 2218 τὸ
2977 2165 3090 2232 μὲν
3127 2164 3196 2217 ἐκ
3230 2162 3379 2215 Θεοῦ
3417 2164 3481 2215 τὸ
3533 2161 3769 2229 Πνεῦμα
3807 2157 3988 2221 εἶναι,

744 2254 853 2307 Deo
880 2266 973 2315 est.
1008 2260 1318 2328 accepimus.
1355 2280 1371 2312 ι
1410 2262 1476 2315 Et
1514 2279 1606 2333 per
1635 2261 1835 2317 Filium
1861 2285 2119 2336 apparere
2152 2269 2310 2337 plane
2408 2278 2410 2283 ‘

2408 2250 2639 2319 τρανῶς
2690 2252 3070 2319 ἀνεκήρυξεν
3112 2253 3146 2305 ό
3204 2250 3600 2313 Ἀπόστολος,
3648 2247 3861 2315 λέγων,
3896 2248 3992 2299 ὅτι

743 2348 1135 2414 demonstravit,
1164 2368 1279 2405 cum
1303 2352 1558 2422 Spiritum
1586 2356 1739 2411 illum
1774 2371 2003 2415 vocasset
2032 2366 2106 2416 uti
2137 2364 2228 2418 Dei
2260 2375 2308 2418 et

2418 2347 2487 2398 Τὸ
2527 2345 2774 2414 Πνεῦμα
2799 2348 2861 2397 τὸ
2891 2345 2959 2397 ἐκ
3007 2344 3115 2397 τοῦ
3152 2343 3302 2397 Θεοῦ
3332 2342 3648 2408 ἐλάϐομεν,
3684 2342 3780 2393 καὶ
3813 2339 3880 2392 τὸ
3910 2338 3990 2392 δι’

742 2452 964 2494 mentem
1020 2442 1211 2497 Christi
1263 2447 1475 2513 insuper
1502 2465 1764 2513 asserens,
1797 2456 2236 2521 quemadmodum
2261 2466 2311 2509 et

2418 2438 2557 2492 Υἰοῦ
2607 2440 2943 2506 πεφηνέναι
2998 2436 3193 2505 σαφὲς
3227 2434 3542 2501 πεποιήκει
3571 2434 3701 2485 Υἱοῦ
3744 2430 3988 2499 Πνεῦμα

750 2529 842 2585 Dei
884 2530 1139 2599 Spiritum
1188 2547 1242 2587 ut
1277 2538 1521 2594 hominis.
1562 2538 1765 2593 Filium
1796 2558 1914 2596 vero
1967 2542 2095 2596 Filii
2141 2545 2311 2599 dicere
2413 2559 2416 2577 ⁴

2413 2529 2719 2597 ὀνομάσας
2746 2531 2894 2583 αὐτὸ
2926 2529 3189 2595 καθάπερ
3223 2525 3393 2591 Θεοῦ,
3427 2524 3523 2579 καὶ
3550 2524 3702 2578 νοῦν
3730 2522 3991 2590 Χριστοῦ

744 2623 900 2682 cavit,
954 2632 1009 2674 ut
1056 2640 1189 2677 unus
1222 2629 1425 2695 quidem
1487 2628 1645 2683 Pater
1679 2640 1727 2683 et
1786 2630 1946 2696 Deus,
1996 2634 2085 2701 qui
2108 2650 2313 2703 semper

2415 2624 2785 2693 προσειπὼν,
2835 2623 3099 2687 καθάπερ
3141 2619 3239 2672 καὶ
3291 2618 3439 2671 Θεοῦ
3480 2616 3721 2683 Πνεῦμα
3770 2615 3851 2679 ὡς
3879 2613 3993 2667 τοῦ

746 2711 908 2765 Pater
932 2728 1241 2782 persererat,
1267 2728 1313 2771 et
1333 2730 1404 2772 est
1435 2721 1496 2774 ab
1524 2733 1719 2777 a'terno
1745 2726 1883 2795 quod
1904 2732 2015 2778 est:
2042 2741 2178 2779 unus
2196 2744 2312 2782 vero

2421 2714 2763 2784 ἀνθρώπου,
2799 2716 2938 2768 Υἱὸν
2966 2713 3033 2765 δὲ
3067 2710 3174 2765 τοῦ
3204 2710 3337 2764 Υιοῦ
3368 2709 3722 2775 προσειπεῖν
3764 2706 3995 2774 ἐφυλά-

748 2802 919 2858 Filius
969 2810 1284 2873 sempiterna
1341 2815 1677 2877 generatione
1731 2827 2014 2885 generatus
2064 2820 2156 2889 qui
2203 2819 2315 2871 sine

2417 2808 2585 2871 ξατο,
2615 2809 2715 2859 ἵνα
2748 2802 2834 2871 εἷς
2864 2804 2980 2873 μὲν
3008 2806 3209 2871 Πατὴρ
3252 2801 3350 2856 καὶ
3387 2804 3552 2865 Θεὸς,
3585 2804 3619 2853 ό
3653 2800 3743 2853 del
3787 2798 3996 2866 Πατὴρ

746 2897 1003 2962 principio
1043 2909 1118 2951 est
1150 2918 1265 2953 cum
1300 2901 1478 2969 Patre,
1516 2914 1563 2957 et
1596 2904 1767 2960 Filius
1803 2925 1949 2963 verus
1996 2910 2089 2963 Dei
2113 2928 2317 2979 semper

2417 2898 2731 2967 διαμένων,
2767 2898 2862 2950 καὶ
2921 2896 3008 2948 ὢν
3039 2896 3242 2959 ἀϊδίως
3286 2894 3319 2947 ὅ
3379 2893 3568 2945 ἐστιν.
3607 2887 3711 2953 Εἷς
3760 2891 3828 2943 δὲ
3858 2892 3998 2956 flor;

747 2997 843 3051 est,
879 2991 969 3058 qui
1001 3002 1074 3043 est
1111 2993 1246 3047 Deus
1288 2992 1504 3048 Verbum
1549 3006 1597 3050 et
1623 2999 1911 3055 Dominus:
1946 3018 2078 3055 unus
2111 3013 2159 3055 et
2196 3001 2317 3071 Spi-

2417 2992 2587 3058 ἀϊδίῳ
2619 2987 2901 3059 γεννήσει
2930 2986 3392 3056 γεγεννημένος,
3418 2989 3451 3040 ό
3477 2986 3740 3060 ἄναρχος
3768 2983 3889 3036 σὺν
3910 2980 4000 3046 τῷ

749 3082 880 3134 τῖμος
912 3096 1122 3139 sanctus
1157 3102 1271 3140 vere
1293 3086 1523 3158 Spiritus
1554 3103 1788 3146 sanctus.

2419 3084 2626 3150 "arpi,
2655 3083 2786 3146 Υἱὸς
2820 3082 3112 3148 ἀληθινὸς
3148 3078 3317 3140 Θεοῦ,
3352 3079 3443 3132 ἀεὶ
3467 3076 3572 3141 ὢν,
3600 3078 3631 3128 ὅ
3661 3076 3813 3135 ἐστι,
3846 3074 3999 3139 Θεὸς

2344 3208 2391 3270 c
2422 3175 2614 3241 ⁴λόγος
2643 3173 2737 3226 καὶ
2764 3174 3000 3238 Κύριος,
3037 3172 3107 3225 ἓν
3138 3170 3207 3223 δὲ
3233 3170 3329 3223 καὶ
3357 3169 3422 3222 τὸ
3452 3167 3689 3235 Πνεῦμα
3723 3164 3789 3219 τὸ
3820 3164 4003 3239 ἅγιον

2427 3264 2666 3333 ἀληθῶς
2706 3265 2875 3334 ἅγιον
2906 3264 3167 3332 Πνεῦμα.

823 3356 875 3408 9.
916 3356 980 3409 Et
1008 3372 1195 3424 quare,
1229 3357 1426 3426 inquit,
1453 3356 1687 3424 Spiritus
1715 3358 1977 3409 descendit
2008 3357 2077 3411 ad
2118 3356 2318 3411 Filium

2493 3356 2555 3409 θ’.
2602 3359 2709 3409 Καὶ
2739 3358 2838 3408 ἵνα
2880 3356 2950 3418 τί,
2991 3356 3146 3424 φησὶ,
3197 3355 3262 3407 τὸ
3295 3352 3539 3422 Πνεῦμα
3565 3349 3865 3417 κατῆλθεν
3893 3350 4000 3402 ἐπὶ

754 3448 807 3498 in
834 3448 1003 3512 specie
1033 3445 1304 3506 columbae.
1338 3449 1383 3499 si
1414 3448 1622 3499 omnino
1656 3462 1717 3498 ex
1749 3446 1881 3499 Filio
1909 3460 2021 3500 erat
2049 3448 2074 3500 ?
2108 3447 2209 3512 Qui
2240 3450 2319 3502 ita

2420 3450 2527 3503 τὸν
2566 3452 2705 3503 Υιὸν
2732 3450 2801 3502 ἐν
2839 3448 2984 3502 εῖδει
3013 3446 3388 3516 περιστερᾶς,
3419 3447 3588 3511 εἴπερ
3635 3440 3713 3513 ἦν
3743 3443 3897 3505 ὅλως
3924 3443 4001 3495 ἐκ

755 3540 935 3596 sentit,
964 3538 1129 3591 modis
1154 3537 1394 3589 omnibus
1416 3540 1468 3589 in
1500 3539 1601 3589 duo
1625 3536 1889 3589 Christum
1924 3554 2085 3590 unum
2116 3538 2319 3603 dividit,

2423 3542 2528 3595 τοῦ
2574 3541 2711 3595 Υἱοῦ
2733 3558 2752 3606 ;
2778 3541 3025 3604 Πάντως
3063 3543 3095 3593 ό
3125 3540 3281 3592 οὕτω
3306 3537 3567 3607 φρονῶν,
3599 3539 3683 3601 εὶς
3707 3535 3814 3587 δὺο
3839 3534 4004 3587 διαι-

758 3638 811 3681 nt
836 3645 897 3680 e:c
924 3627 1056 3680 Filio
1094 3627 1185 3681 Dei
1209 3626 1462 3695 Spiritum
1488 3637 1729 3680 sanctum
1757 3629 2067 3680 descendere
2099 3629 2239 3681 dicat
2269 3630 2322 3682 in
2417 3689 2424 3702 ι

2417 3634 2519 3703 ρεῖ
2540 3636 2644 3686 τὸν
2675 3632 2781 3685 ἕνα
2821 3632 3102 3697 Χριστᾶν,
3136 3632 3237 3682 ἵνα
3268 3629 3336 3681 ἐκ
3383 3628 3488 3681 τοῦ
3520 3627 3654 3681 Ποῦ
3702 3626 3808 3679 τοῦ
3845 3626 4004 3679 Θεοῦ

762 3720 935 3787 ﬁlium
971 3722 1212 3774 hominis.
1239 3721 1469 3773 Dicimus
1503 3719 1677 3788 itaque
1706 3716 1808 3773 rion
1832 3720 2048 3774 aliunde
2074 3737 2231 3790 quam
2262 3720 2326 3772 de

761 3813 889 3865 ctelo
916 3814 967 3865 in
1001 3812 1280 3865 Dominum
1310 3811 1565 3880 Spiritum
1592 3811 1896 3863 descendere
1918 3813 2167 3873 decuisse,
2190 3812 2325 3864 unde

766 3906 921 3957 etiam
956 3921 1052 3957 vox
1082 3904 1257 3957 Patris
1303 3904 1528 3966 advenit,
1569 3912 1622 3956 ut
1694 3903 1949 3957 caelestem
1985 3920 2095 3957 esse
2139 3905 2327 3973 con/ir—

764 4005 957 4057 maret,
990 4004 1037 4046 et
1068 3993 1262 4047 Filium
1293 4010 1405 4045 rere
1440 3993 1551 4057 Dei,
1594 3994 1681 4062 qui
1732 3996 1785 4046 in
1818 4004 1959 4047 terra
1991 3995 2325 4048 abluebatur.

764 4086 965 4139 Deinde
1011 4096 1065 4138 ut
1099 4088 1148 4137 in
1180 4088 1436 4137 hominem
1483 4096 1694 4156 propter
1709 4086 2145 4154 dispensationem
2174 4101 2329 4153 super

769 4178 969 4231 Filium
1012 4179 1245 4248 Spiritus
1288 4179 1568 4230 descendit.
1623 4177 1734 4230 Hoc
1783 4188 1838 4230 et
1891 4176 2330 4245 sapientissimus

766 4268 949 4321 docuit
981 4267 1233 4336 Cyl-illus,
1276 4274 1593 4334 prophetam
1625 4266 1830 4321 Joelem
1853 4281 2133 4333 exponens
2162 4282 2175 4318 :
2214 4263 2329 4329 Qua

766 4362 902 4413 enim
944 4372 1037 4421 est,
1084 4362 1180 4422 ait,
1218 4359 1353 4411 Deus
1403 4367 1450 4410 et
1502 4375 1564 4411 ea:
1607 4357 1713 4410 Deo
1756 4358 2038 4410 secundum
2083 4365 2332 4409 naturam

2426 3725 2789 3780 καταϐαῖνον
2834 3725 2974 3789 εἴπῃ
3028 3723 3091 3775 τὸ
3147 3719 3387 3789 Πνεῦμα
3418 3719 3516 3770 ἐπὶ
3570 3718 3675 3769 τὸν
3727 3717 3862 3769 rior-
3892 3716 4009 3770 τοῦ

2427 3820 2557 3885 dra;
2577 3821 2763 3870 ώπου.
2798 3816 3062 3883 Λέγομεν
3087 3808 3220 3873 οὖν,
3260 3814 3338 3877 ὡς
3388 3813 3498 3864 οὐκ
3524 3811 3561 3863 ἆ
3583 3813 3783 3863 ιλοθεν
3808 3807 4012 3877 ἐχρῆν

2429 3910 2689 3963 κατιέναι
2740 3907 2806 3960 τὸ
2859 3905 3103 3974 Πνεῦμα
3132 3903 3231 3956 ἐπὶ
3285 3903 3393 3955 τὸν
3438 3904 3671 3968 Κύριον,
3702 3903 3739 3967 ἡ
3782 3900 3845 3952 ἐκ
3883 3898 4013 3953 τῶν

2429 3998 2723 4066 οὐρανῶν,
2766 3998 2909 4052 ὅθεν
2953 3998 3049 4049 καὶ
3094 3997 3131 4062 ἡ
3164 3996 3334 4065 φωνὴ
3380 3994 3488 4047 τοῦ
3522 3992 3769 4059 Πατρὸς,
3809 3992 3888 4056 ὠς
3922 3990 4012 4043 ἂν

2429 4092 2716 4161 οὐράνιον
2736 4087 2886 4145 εἶναι
2907 4089 3305 4156 πιστώσηται,
3342 4090 3440 4142 καὶ
3472 4088 3610 4140 Υἱὸν
3640 4086 3824 4150 ὄντως
3850 4087 4014 4139 Θεοῦ

2430 4186 2537 4236 τὸν
2567 4182 2666 4236 ἐπὶ
2714 4182 2825 4252 γῆς
2872 4178 3333 4248 βαπτιζόμενον.
3376 4181 3623 4232 Ἔπειτα
3669 4175 3764 4227 καὶ
3803 4176 3882 4240 ὡς
3918 4177 4017 4241 εις

2431 4275 2749 4341 ἄνθρωπον
2797 4274 2895 4326 διὰ
2941 4274 3054 4340 τὴν
3100 4271 3448 4339 οικονομίαν
3489 4269 3590 4322 ἐπὶ
3624 4268 3730 4321 τὸν
3765 4269 3905 4319 Υιὸν
3935 4270 4016 4321 τὸ

766 4449 932 4502 Filius
973 4450 991 4517 (
1019 4461 1295 4517 generatus
1317 4449 1452 4500 enim
1487 4464 1599 4499 rere
1632 4456 1704 4498 est
1734 4462 1797 4499 ex
1832 4444 1939 4497 Deo
1977 4444 2141 4498 Putre
2168 4444 2182 4515 )
2207 4462 2331 4513 pro-

2435 4364 2677 4431 llrel'pa
2726 4363 3093 4431 κατέρχεται.
3126 4359 3300 4412 Τοῦτο
3331 4361 3428 4411 καὶ
3455 4361 3483 4411 ὁ
3535 4357 3845 4424 σοφώτατος
3896 4357 4017 4408 ibi.-

2433 4452 2557 4515 ὁαξε
2622 4451 2909 4522 Κύριλλος,
2939 4450 3030 4502 τὸν
3076 4449 3370 4517 προφήτην
3415 4447 3567 4517 Ἰωήλ
3617 4446 4018 4514 ἐξηγούμενος.

769 4544 916 4607 prius
944 4543 1055 4609 ejus
1087 4551 1133 4592 et
1167 4542 1219 4591 in
1250 4554 1308 4590 eo
1364 4538 1592 4607 Spiritus
1627 4547 1741 4601 est;
1797 4536 2236 4606 quemadmodum
2285 4544 2334 4587 et
2369 4542 2407 4592 ι)

2369 4542 2407 4592 D
2438 4538 2521 4615 ’ᾘ
2548 4542 2663 4613 μὲν
2684 4543 2797 4611 γάρ
2824 4544 3017 4603 ἐστιν,
3044 4540 3248 4604 εἰπὼν,
3280 4541 3426 4606 Θεὸς
3452 4540 3548 4591 καὶ
3583 4540 3651 4590 ἐκ
3677 4538 3823 4591 Θεοῦ
3855 4541 4020 4594 κατὰ

771 4636 839 4685 de
868 4635 979 4701 ipso
1031 4630 1137 4683 Deo
1181 4640 1227 4682 et
1263 4629 1425 4680 Patre
1478 4628 1813 4698 intelligitur.
1849 4628 1968 4692 Qua
2003 4642 2124 4679 vero
2164 4626 2333 4694 factus

772 4734 848 4778 est
883 4726 1052 4788 homo,
1082 4733 1127 4775 et
1190 4723 1341 4775 modo
1403 4732 1578 4773 nostro
1618 4721 1887 4789 apparuit,
1950 4719 2202 4771 ascititius
2252 4717 2335 4770 illi

770 4833 876 4869 esse
912 4814 1140 4883 Spiritus
1165 4804 1391 4877 dicitur;
1427 4813 1693 4866 descendit
1718 4812 1857 4863 enim
1895 4824 2053 4876 super
2074 4810 2247 4877 ipsum
2281 4810 2335 4860 in

767 4906 936 4973 specie
962 4904 1232 4965 columbae,
1260 4918 1377 4954 cum
1429 4903 1715 4953 secundum
1748 4916 1838 4952 nos
1869 4899 2061 4965 factus,
2112 4908 2166 4949 ut
2199 4896 2335 4962 dixi,

770 5008 1027 5063 tanquam
1056 5011 1190 5047 unus
1216 5010 1280 5046 ea:
1323 4994 1465 5047 nobis
1492 5010 1584 5061 per
1612 4993 2056 5063 dispensationem
2094 4990 2339 5059 baptiza-

771 5098 936 5139 retur.
985 5087 1117 5139 Tum
1144 5096 1191 5139 et
1219 5088 1461 5156 proprius
1492 5086 1657 5151 ipsius
1693 5082 1924 5152 Spiritus
1968 5084 2196 5136 donatus
2238 5082 2338 5150 ipsi

768 5181 1194 5244 dicitur-propter
1218 5177 1641 5239 humanitatem;
1669 5185 1715 5227 et
1747 5178 1855 5228 htec
1903 5184 1980 5227 est
2020 5174 2335 5227 exinanitio.

771 5271 905 5324 Cum
928 5272 1106 5339 itaque
1132 5280 1183 5321 ut
1208 5272 1356 5322 homo
1392 5281 1607 5337 propter
1634 5268 2078 5337 dispensationem
2114 5266 2341 5334 accipie-

772 5365 863 5416 bat
898 5364 1155 5431 Spiritum
1182 5379 1355 5421 suum,
1405 5362 1668 5412 undenam
1716 5359 1867 5411 illum
1905 5359 2004 5411 nisi
2043 5358 2105 5409 de
2135 5356 2260 5409 cado
2289 5358 2341 5409 in

776 5459 859 5508 sui
888 5457 1119 5526 gloriam
1160 5455 1374 5506 debebat
1403 5456 1633 5521 accipere
1655 5452 1680 5503 ?
1728 5449 1852 5503 Post
1884 5450 2178 5519 passionem
2203 5464 2341 5512 vero,

775 5560 826 5601 et
869 5549 1322 5608 resurrectionem,
1365 5546 1481 5612 jam
1529 5545 1917 5611 dispensatione
1946 5542 2194 5608 perfecta,
2244 5556 2345 5592 non

775 5641 963 5706 accipit
989 5639 1243 5708 Spiritum
1266 5647 1531 5697 sanctum,
1561 5636 1649 5689 sed
1669 5635 1944 5704 elargitur.
1981 5644 2028 5685 et
2056 5647 2119 5685 ex
2150 5639 2344 5684 semet-

779 5741 891 5792 ioso
954 5738 1265 5789 transmittit
1315 5752 1406 5803 per
1447 5734 1872 5804 iusufﬂationem,
1906 5731 2045 5799 facto
2078 5729 2192 5797 ipso
2226 5728 2346 5780 edo-

781 5846 922 5892 cens,
968 5846 1057 5895 pcr
1098 5846 1216 5882 cum
1267 5846 1296 5881 a
1334 5826 1492 5879 Patre
1553 5825 1849 5897 procedere.
1909 5820 2128 5875 Interim
2173 5822 2349 5889 itaque

2438 4636 2630 4703 φύσιν
2679 4637 2711 4687 ό
2771 4633 2903 4697 Υἱὸς
2955 4632 3329 4702 (γεγέννηται
3359 4632 3470 4698 γὰρ
3519 4627 3755 4695 ἀληθῶς
3784 4630 3852 4681 ἐκ
3899 4631 4024 4685 τοῦ

2441 4728 2590 4780 Θεοῦ
2622 4726 2720 4778 καὶ
2757 4724 3033 4790 Πατρός),
3076 4722 3233 4774 rem
3274 4720 3462 4773 αὐτοῦ
3499 4736 3563 4771 τε
3596 4719 3693 4770 καὶ
3737 4719 3807 4769 ἑν
3848 4719 4029 4782 αὐτῷ

2440 4817 2536 4870 καὶ
2561 4816 2632 4879 ἐξ
2660 4814 2848 4868 αὐτοῦ
2877 4813 2944 4867 τὸ
2968 4813 3208 4881 Πνεῦμα
3231 4813 3361 4865 ἐστι
3392 4810 3657 4877 καθάπερ
3679 4808 3883 4877 ἀμέλει
3911 4812 4028 4863 καὶ

2438 4910 2535 4962 ἐπ’
2563 4907 2751 4961 αὐτοῦ
2785 4905 3015 4959 νοεῖται
3062 4903 3170 4959 τοῦ
3205 4902 3356 4958 Θεοῦ
3384 4904 3481 4956 καὶ
3529 4902 3779 4968 Πατρός.
3818 4894 3899 4971 τῇ
3942 4901 4029 4954 δὲ

2440 5000 2689 5071 γέγονεν
2734 4998 3046 5063 ἅνθρωπος
3092 4996 3193 5048 καὶ
3234 5000 3468 5062 πέφηνε
3504 4992 3634 5046 καθ’
3659 4990 3838 5058 ἡμᾶς,
3866 4991 4033 5043 ἐπα-

2442 5093 2589 5143 κτὸν
2620 5090 2780 5153 αὐτῷ
2804 5084 2958 5141 εἶναι
2989 5086 3057 5139 τὸ
3088 5085 3330 5153 Πνεῦμα
3363 5086 3619 5152 λέγεται.
3649 5083 4034 5148 Harantgrat-

2443 5197 2587 5247 τηκε
2618 5180 2726 5248 γὰρ
2750 5179 2842 5231 ἐπ’
2867 5178 3053 5231 αὑτὸν
3079 5175 3150 5227 ἐν
3182 5175 3327 5229 εῖδει
3356 5170 3732 5240 περιστερᾶς.
3758 5171 3857 5224 ὅτε
3880 5174 4029 5224 καθ’

2444 5269 2604 5337 ἡμᾶς
2627 5268 2907 5336 γεγονὼς,
2924 5267 3003 5332 ὡς
3023 5266 3199 5334 ἔφην,
3223 5265 3303 5331 ὡς
3324 5259 3414 5327 εἷς
3432 5263 3499 5326 ἐξ
3526 5261 3699 5330 ἡμῶν
3718 5262 4036 5327 οἰκονομι-

2448 5362 2569 5429 κῶς
2589 5362 2945 5422 ἐδαπτίζετο.
2988 5363 3122 5414 Τότε
3144 5363 3240 5412 και
3276 5358 3343 5410 τὸ
3374 5356 3531 5410 ἴδιον
3559 5354 3745 5407 αὑτοῦ
3775 5352 4038 5421 Πνεῦμα

2447 5457 2627 5510 δοτὸν
2645 5453 2805 5519 αὐτῷ
2823 5454 3081 5521 λέγεται,
3098 5450 3196 5503 διὰ
3215 5451 3282 5504 τὸ
3299 5448 3702 5515 ἀνθρώπινον
3721 5444 3817 5498 καὶ
3841 5445 4037 5498 τοῦτό

2450 5548 2627 5597 ἐστιν
2657 5547 2692 5612 ἠ
2740 5543 3014 5606 κένωσις.
3058 5541 3225 5594 Ἐπεὶ
3271 5538 3420 5607 γοῦν
3448 5538 3531 5601 ὡς
3572 5536 3881 5601 ἄνθρωπος
3918 5531 4038 5585 διὰ

2454 5636 2566 5703 τὴν
2585 5635 2935 5702 οικονομίαν
2965 5630 3207 5699 ἐδέχετο
3233 5631 3297 5683 τὸ
3326 5626 3570 5695 Πνεῦμα
3592 5622 3800 5684 αὑτοῦ,
3830 5622 4039 5675 πόθεν

2454 5728 2574 5782 ἔδει
2615 5728 2791 5781 τοῦτο
2824 5726 3129 5793 δέχεσθαι,
3160 5727 3209 5777 εὶ
3235 5720 3321 5791 μὴ
3349 5719 3468 5774 ἀπὸ
3494 5716 3614 5771 τῶν
3635 5712 3911 5783 οὐρανῶν
3937 5718 4042 5781 εἰς

2457 5819 2644 5884 δόξαν
2670 5815 2857 5872 αὑτοῦ
2880 5832 2898 5882 ;
2925 5815 3083 5871 Μετὰ
3100 5813 3166 5865 δὲ
3195 5812 3258 5866 τὸ
3285 5810 3473 5875 πάθος
3497 5806 3594 5862 καὶ
3621 5807 3732 5871 τὴν
3762 5801 4043 5860 ἀνάστα-
