4220 6444
777 438 878 497 53'}

1945 409 2367 474 NICEPHORI
2407 408 2828 468 BLEMMlD/E

3910 398 4017 463 εει

777 567 902 608 rens
935 549 1164 604 Verbum
1214 556 1270 600 et
1303 544 1593 612 Spiritum.
1624 539 1684 592 In
1717 535 1966 593 confesso
2020 546 2182 603 porro
2226 539 2328 590 est,
2364 533 2406 586 Δ
2435 545 2443 577 -.

2364 533 2406 586 Δ
2435 528 2565 600 παρ’
2599 528 2835 590 ἑκάτερα
2874 525 3054 593 φέρων
3086 523 3258 590 Λόγον
3291 522 3386 573 καὶ
3412 518 3662 587 Πνεῦμα.
3710 516 4016 585 Ὠμολόγτι-

776 661 898 701 esse
937 640 1305 710 principium;
1348 647 1403 689 et
1442 635 1487 688 si
1517 644 1773 700 tanquam
1811 645 1837 682 a
1883 626 2150 697 principio
2176 624 2334 677 Patre

777 735 1012 790 Verbum
1038 743 1092 785 et
1126 731 1361 798 Spiritus
1385 764 1398 787 ,
1434 733 1491 778 et
1527 740 1634 777 non
1664 722 1800 774 alius
1847 733 1942 787 per
1981 717 2170 778 alium,
2213 713 2336 765 Dei-

780 827 908 881 tatis
938 823 1132 877 divisio
1172 818 1556 879 introducitur,
1611 821 1967 881 praeterquam
1999 805 2142 875 quod
2202 803 2338 858 Ver-

779 920 909 972 bum
938 925 991 968 ct
1026 912 1265 980 Spiritus
1295 911 1361 963 ab
1393 909 1624 961 invicem
1680 920 1786 956 non
1838 901 2336 966 distinguerentur.

778 1007 1060 1073 Quomodo
1085 1005 1232 1058 enim
1263 1014 1426 1054 unum
1471 1005 1613 1051 esset
1647 994 1847 1048 Trias?
1898 991 1964 1044 Et
2015 989 2059 1042 si
2113 987 2166 1040 id
2229 1001 2336 1038 non

779 1100 964 1160 fuerit,
1008 1095 1282 1164 quomodo
1329 1085 1847 1157 incircumscripta?
1888 1085 2135 1148 Quonam
2180 1078 2341 1131 modo

778 1207 903 1245 cum
933 1190 1072 1243 Filio
1109 1186 1369 1254 Spiritus,
1413 1180 1866 1251 quemadmodum
1899 1176 2069 1230 Filius
2086 1189 2208 1226 cum
2240 1170 2343 1223 Pa-

781 1293 862 1335 tre
901 1280 1196 1333 secundum
1232 1275 1484 1328 eumdem
1548 1272 1920 1338 Theolognm:
1984 1265 2173 1318 Omnia
2205 1278 2343 1329 quaa-

779 1387 980 1440 cunque
1005 1369 1154 1421 Pater
1190 1369 1361 1427 habet,
1385 1374 1506 1418 sunt
1549 1362 1700 1423 Filii,
1760 1370 1953 1428 praeter
1987 1356 2210 1425 ingeniti
2245 1370 2340 1406 ra-

784 1467 1010 1526 tionem;
1049 1464 1225 1512 omnia
1284 1471 1398 1524 qua
1456 1457 1605 1507 habet
1670 1451 1863 1514 Filius,
1920 1456 2041 1501 sunt
2090 1447 2342 1515 Spiritus,

783 1563 993 1620 excepta
1032 1551 1403 1620 generatione;
1444 1544 1815 1608 dedecebatque
1857 1540 2068 1591 omnino
2125 1535 2344 1603 deﬁcere

785 1644 1070 1710 aliquando
1100 1649 1189 1692 aut
1227 1638 1416 1691 Filium
1454 1635 1624 1695 l’atri,
1658 1643 1747 1685 aut
1793 1631 2049 1699 Spiritum
2099 1629 2266 1690 Filio;
2299 1633 2347 1676 et

785 1749 944 1784 unam
975 1732 1199 1798 gloriam
1239 1728 1417 1780 Patris
1447 1724 1793 1792 agnoscimus,
1832 1720 2086 1786 a'qualem
2135 1733 2250 1768 cum
2287 1731 2346 1765 eo

789 1823 1050 1889 Unigeniti
1081 1822 1364 1876 honorem;
1418 1833 1575 1868 unam
1616 1813 1732 1865 Filii
1763 1821 1809 1864 et
1845 1810 2068 1878 Spiritus
2102 1809 2343 1878 g'ot‘iam.

789 1911 969 1979 Neque
1017 1918 1228 1964 sustinet
1290 1910 1449 1960 Pater
1494 1906 1628 1958 Filio
1692 1904 1909 1972 privari,
1963 1916 2125 1966 neque
2182 1898 2348 1952 Filius

785 2001 984 2069 Spiritu
1019 2011 1241 2062 sancto;
1279 2010 1333 2052 ct
1382 1997 1681 2050 secundum
1744 2007 1995 2060 magnum
2054 1990 2347 2043 Basilium:

790 2093 1250 2158 Quemadmodum
1286 2107 1337 2141 se
1368 2088 1520 2140 habet
1552 2085 1719 2138 Filius
1754 2085 1820 2136 ad
1847 2083 2086 2144 Patrem,
2122 2083 2195 2134 ita
2237 2079 2356 2148 Spi-

794 2188 924 2238 ritus
980 2187 1045 2235 ad
1102 2181 1350 2236 Filium?
1389 2189 1444 2232 et
1519 2179 1676 2247 plane
1758 2174 2058 2227 secundum
2109 2173 2354 2225 divinum

793 2279 1185 2333 Athanasium:
1227 2274 1475 2326 Eamdem
1533 2271 1788 2322 unitatem
1839 2267 1990 2318 habet
2026 2264 2255 2333 Spiritus
2288 2263 2356 2315 ad

795 2369 1023 2429 Filium,
1060 2383 1217 2434 quam
1252 2365 1402 2415 habet
1434 2360 1596 2414 Filius
1638 2360 1705 2411 ad
1735 2359 1947 2410 Patrem
1981 2358 2005 2410 Ρ

875 2461 964 2515 15.
1003 2458 1143 2522 Quid
1186 2472 1347 2524 porro
1389 2453 1651 2520 impediet
1689 2450 1985 2519 aliquando
2032 2447 2210 2508 ell'ari,
2242 2461 2360 2514 quae

798 2569 861 2608 ex
891 2554 1055 2604 altera
1117 2560 1268 2618 parte
1302 2543 1673 2615 respondent?
1705 2548 1922 2612 penitus
1960 2540 2119 2593 nihil.
2174 2538 2276 2592 Sed
2316 2537 2360 2590 si

801 2647 971 2702 Filius
1003 2653 1298 2715 generatur
1338 2659 1365 2693 a
1402 2641 1589 2699 Patre,
1651 2636 1888 2705 Spiritus
1929 2650 2021 2702 per
2053 2633 2248 2686 Filium
2294 2632 2362 2684 ab

802 2743 996 2793 eodem
1029 2739 1185 2790 Patre
1226 2733 1492 2802 procedit,
1521 2745 1681 2783 omne
1717 2727 2037 2783 absurdum.
2069 2735 2232 2793 atque
2267 2724 2366 2775 im-

801 2831 1083 2903 probabile
1107 2830 1262 2896 longe
1297 2828 1353 2879 [it
1395 2845 1407 2878 :
1443 2840 1676 2891 namque
1708 2821 2020 2875 ostenditur
2054 2820 2195 2872 Deus
2219 2820 2368 2887 prin-

802 2923 1027 2990 cipium,
1060 2930 1115 2970 et
1147 2917 1409 2978 medium,
1435 2925 1489 2967 et
1516 2914 1656 2978 ﬁnis,
1690 2927 1787 2982 per
1841 2912 2102 2978 seipsum,
2152 2917 2204 2961 et
2267 2924 2366 2976 per

804 3031 868 3068 ea
896 3028 1015 3082 qua:
1046 3026 1111 3063 ex.
1143 3009 1261 3077 ipso
1291 3015 1419 3061 sunt
1446 3023 1461 3071 ;
1486 3015 1538 3060 et
1559 3004 1866 3059 necessario
1893 3003 2074 3056 Deitas
2105 3001 2362 3054 Trinitas.

805 3105 981 3161 Unum
1011 3104 1213 3156 etenim
1253 3100 1490 3153 medium
1521 3098 1658 3150 ratio
1708 3098 1878 3160 novit,
1934 3095 2076 3162 quod
2123 3095 2167 3146 si
2198 3093 2367 3162 ;plura

2438 635 2528 669 ται
2558 617 2614 669 δὲ
2665 617 2816 685 καὶὴ
2848 616 3013 685 ἀρχὴ,
3046 615 3141 666 καὶ
3185 611 3344 681 εἴπερ
3370 611 3445 673 ὡς
3477 609 3535 673 ἐξ
3563 609 3737 677 ἀρχῆς
3779 605 3874 658 τοῦ
3903 607 4016 658 [Ια-

2437 712 2566 778 τρτλς
2611 710 2780 776 Λόγος
2812 708 2905 760 καὶ
2943 705 3211 774 [lvi-.6511;
3237 704 3308 773 μὴ
3357 702 3445 754 διὰ
3478 701 3711 769 θατέρου
3759 697 4012 767 θάτερον,

2442 802 2712 871 διαίρεσις
2743 801 3025 866 εἰσάγεται
3054 800 3150 866 τῆς
3177 797 3452 865 θεότητος.
3494 793 3691 862 Ἀπεῑη
3723 791 3778 842 δὲ
3810 790 3906 843 καὶ
3932 790 4018 850 τὸ,

2440 890 2866 962 ἀντιδιῃρημένα
2917 885 3058 939 εἶναι
3104 887 3275 952 Λόγον
3311 885 3406 936 καὶ
3459 879 3705 948 Πνεῦμα.
3757 877 3877 940 Πῶς
3905 878 4021 945 γὰρ

2442 979 2564 1040 μὰς
2597 982 2628 1047 ὴ
2670 979 2840 1048 Τριάς
2868 994 2882 1042 ;
2914 977 2977 1028 Εἰ
3010 975 3082 1043 μὴ
3109 974 3269 1026 τοῦτο
3310 973 3387 1034 δὲ,
3419 971 3534 1030 πῶς
3563 962 4017 1036 ἀὲερίγραπτοςς

2443 1072 2576 1125 Τίνα
2607 1073 2664 1125 δὲ
2699 1072 2902 1140 τρόπον
2931 1069 3069 1137 μετὰ
3104 1065 3196 1119 τοῦ
3232 1063 3361 1118 Υἱοῦ
3388 1065 3445 1116 τὸ
3478 1062 3722 1129 Πνεῦμα,
3759 1058 4018 1124 καθάπερ

2442 1167 2468 1216 ὁ
2496 1164 2622 1224 Υἱὸς
2665 1163 2803 1232 μετὰ
2832 1161 2926 1212 τοῦ
2959 1160 3190 1228 Πατρὶς,
3223 1157 3364 1208 κατὰ
3395 1155 3485 1205 τὸν
3515 1154 3680 1205 αὑτὸν
3707 1150 3971 1215 Θεολόγον
3996 1165 4012 1211 ;

2444 1255 2646 1308 Πάντα
2668 1254 2788 1308 ὅσα
2819 1256 2849 1306 ό
2871 1253 3072 1318 Πατὴρ
3098 1250 3203 1303 τοῦ
3237 1247 3398 1307 flat”),
3429 1243 3599 1309 πλὴν
3624 1240 4024 1310 ἀ;·εννησίας.

2446 1347 2648 1400 Πάντα
2680 1346 2795 1398 ὅσα
2825 1348 2858 1398 ό
2887 1343 3017 1408 Υἱὸς
3059 1341 3166 1396 τοῦ
3200 1341 3568 1408 Πνεύματος,
3603 1335 3771 1401 πλὴν
3805 1331 4027 1402 γεννή-

2443 1458 2600 1503 σεως
2631 1455 2646 1471 ·
2675 1440 2772 1492 καὶ
2807 1440 2917 1490 οὐκ
2952 1437 3218 1502 ἔπρεπεν
3250 1434 3561 1486 ἐλλείπειν
3593 1427 3759 1490 ποτὲ,
3803 1426 3842 1494 ἢ
3886 1426 4028 1477 Υιόν

2448 1534 2650 1599 "arpi,
2679 1533 2716 1598 ἢ
2753 1531 2995 1599 Πνεῦμα
3039 1528 3168 1592 Υὶῷ.
3205 1527 3309 1580 Καὶ
3354 1527 3502 1592 μίαν
3521 1523 3636 1590 μὲν
3673 1521 3862 1582 δόξαν
3906 1519 4026 1570 Πα-

2448 1626 2584 1691 τρός
2639 1623 3035 1691 γινώσκομεν,
3093 1620 3206 1686 τὴν
3245 1617 3559 1686 όμοτιμιάν
3603 1613 3709 1666 τοῦ
3757 1613 4028 1678 Morare-

2447 1715 2613 1780 νοῦς,
2642 1717 2788 1782 μίαν
2816 1714 2883 1765 δὲ
2919 1713 3077 1774 Υιοῡ,
3101 1712 3216 1778 τὴν
3246 1711 3351 1762 τοῦ
3376 1708 3742 1774 Πνεύματος.
3775 1703 3878 1756 Καὶ
3909 1702 4029 1753 οὐκ

2450 1808 2730 1874 ἀνέχεται
2758 1807 2956 1870 Πατὴρ
2998 1805 3138 1856 Υἰὸν
3168 1802 3581 1869 ζημιούμενος,
3618 1795 3760 1850 οὐδὲ
3807 1795 3924 1858 Υιύς
3961 1793 4033 1844 τὸ

2454 1901 2693 1968 Πνεῦμα
2735 1901 2798 1951 τὸ
2830 1899 3020 1966 ἅγιον.
3074 1896 3184 1949 Καὶ
3221 1895 3337 1956 πῶς
3365 1893 3508 1945 κατὰ
3535 1893 3626 1945 τὸν
3661 1891 3838 1959 μέγαν
3865 1886 4031 1939 Βασί-

2454 1996 2596 2047 λειον
2621 2011 2633 2024 ·
2671 1994 2767 2056 Ὧς
2814 1995 2844 2043 ό
2886 1992 3016 2054 Υἱὸς
3052 1989 3205 2055 πρὸς
3249 1989 3356 2040 τὸν
3386 1985 3618 2052 Πατέρα
3663 1984 3808 2049 ἔχει,
3837 1981 4034 2042 οὕτως

2455 2087 2518 2138 τὸ
2552 2085 2791 2147 Πνεῦμα
2835 2083 2982 2150 πρὸς
3019 2081 3126 2133 τὸν
3163 2082 3346 2143 Υιόν;
3383 2086 3478 2130 καὶ
3520 2077 3660 2129 κατά
3689 2075 3780 2127 τὸν
3815 2075 3881 2124 τὰ
3909 2072 4033 2122 θεῖα

2457 2176 2626 2227 πολὺν
2694 2175 3034 2237 Ἀθανὰσιον,
3092 2171 3209 2238 Τὴν
3262 2171 3459 2237 αὐτὴν
3492 2170 3745 2234 ἑνότητα
3786 2167 3914 2232 ἔχει
3961 2161 4032 2214 τὸ

2460 2265 2698 2332 Πνεῦμα
2733 2263 2797 2315 τὸ
2847 2262 3020 2330 ἅγιον
3049 2263 3201 2330 πρὸς
3238 2261 3346 2315 τὸν
3375 2261 3528 2325 Υιὸν,
3567 2258 3646 2327 ἢν
3689 2261 3720 2311 ό
3748 2257 3878 2321 Υἱὸς
3906 2255 4039 2322 ἔχει

2458 2360 2608 2425 πρὸς
2637 2358 2741 2409 τὸν
2777 2356 3007 2420 Πατέγια
3041 2373 3059 2420 ;

2534 2446 2615 2499 ιε’.
2647 2447 2712 2498 Τί
2749 2446 2803 2498 δὲ
2839 2449 2927 2498 καὶ
2958 2445 3018 2497 τὸ
3041 2445 3306 2513 ἀπεῖργον
3333 2443 3588 2511 λέγεσθαί
3617 2460 3690 2512 πη
3722 2440 3817 2495 καὶ
3837 2440 3906 2493 τὰ
3939 2439 4041 2490 ἁν-

2459 2539 2761 2606 τίστροφας
2798 2540 3016 2599 πάντως
3065 2537 3251 2589 οὐθέν·
3282 2536 3417 2589 ἀλλὰ
3450 2535 3543 2587 τοῦ
3571 2531 3704 2587 Υἱοῦ
3748 2535 4037 2601 γεννωμέ-

2462 2648 2553 2682 νου
2585 2630 2736 2698 παρὰ
2767 2629 2858 2681 τοῦ
2893 2630 3131 2698 Πατρῆς,
3160 2629 3252 2681 τοῦ
3290 2630 3344 2681 δὲ
3381 2629 3698 2698 [Ινεύματος
3727 2628 4038 2692 ἐκπορευο-

2468 2722 2630 2790 μένου
2657 2721 2723 2772 δι⁹
2756 2719 2887 2772 Υἰοῦ
2920 2721 3053 2789 π]ρ’
3087 2720 3252 2773 αὑτοῦ
3279 2721 3371 2772 τοῦ
3402 2721 3639 2790 Πατρὺς,
3671 2720 3778 2770 πᾶν
3806 2717 4036 2777 ἄτοπον,

2466 2812 2573 2862 πᾶν
2605 2810 2865 2861 ἀδύνατον
2897 2809 3253 2874 ἀπελήλαται.
3291 2809 3579 2860 Δξίκνυται
3615 2812 3721 2874 γὰρ
3769 2806 3910 2872 ἀρχὴ
3943 2808 4046 2853 καὶ

2469 2903 2631 2970 μέσον
2667 2903 2762 2954 καὶ
2806 2902 3013 2959 τέλοςό
3053 2901 3205 2964 Θεὸς,
3246 2901 3313 2952 δι’
3348 2898 3538 2951 ἑαυτοῦ
3567 2901 3662 2949 καὶ
3709 2898 3818 2948 τῶν
3850 2895 3908 2957 ἐξ
3942 2894 4049 2945 αὑ-

2466 2992 2579 3056 τοῦ,
2612 2996 2706 3045 καὶ
2752 2993 3063 3058 ἀναγκαίως
3109 2993 3140 3060 ἡ
3169 2991 3356 3060 θεότης
3389 2990 3581 3060 Τριάς.
3616 2989 3709 3041 Ἐν
3734 2989 3842 3055 γὰρ
3880 2985 4050 3054 μέσον

2467 3084 2604 3138 οἶδεν
2638 3087 2665 3137 ὁ
2694 3085 2848 3153 λόγος
2873 3101 2887 3116 ·
2943 3085 3207 3136 πλειόνων
3245 3083 3291 3135 δ’
3333 3083 3759 3151 ὑποτιθεμένων,
3793 3078 3950 3130 οὐδὲν
3975 3080 4044 3126 τὸ

807 3203 1210 3265 supponantur,
1262 3192 1502 3244 medium
1539 3190 1762 3244 omnino
1794 3188 2000 3242 nullum
2027 3186 2132 3239 erit
2164 3204 2178 3238 :
2236 3184 2369 3237 Pro-
2396 3193 2440 3250 ο

2396 3193 2440 3250 c
2477 3179 2639 3247 μέσον
2671 3178 2839 3237 ὅντως
2881 3177 3015 3228 ἐστί.
3051 3175 3155 3227 Διὰ
3183 3174 3359 3228 τοῦτο
3388 3175 3579 3240 μονὰς
3603 3175 3691 3236 εις
3726 3170 3920 3225 δυάδα
3950 3187 4047 3220 κι-

809 3297 989 3358 pterea
1041 3288 1213 3338 unitas
1253 3286 1307 3337 in
1367 3285 1586 3353 dyadem
1635 3291 1776 3335 mota
1828 3281 1883 3332 in
1923 3279 2164 3332 Triadem
2207 3278 2369 3331 stetit.

814 3378 905 3432 Sic
937 3379 1120 3445 itaque
1171 3385 1224 3427 et
1260 3373 1590 3442 principium
1655 3370 1874 3440 proprie
1906 3370 2274 3438 principium;
2319 3376 2374 3419 ct

810 3486 930 3540 qua:
959 3483 1022 3521 ex
1057 3465 1344 3535 principio,
1379 3475 1433 3517 et
1464 3465 1517 3516 in
1559 3461 1832 3532 principio
1856 3470 2038 3522 erunt,
2069 3461 2121 3512 in
2176 3457 2374 3526 seipsis

812 3577 1076 3618 summam
1125 3560 1420 3621 unionem,
1478 3571 1856 3625 summamque
1911 3551 2372 3607 consociationem

814 3652 918 3704 sibi
949 3660 1004 3703 et
1028 3651 1171 3702 inter
1200 3665 1257 3701 se
1282 3648 1632 3709 vindicantia,
1664 3655 1720 3699 et
1751 3646 1817 3697 ad
1849 3645 2179 3713 principium
2211 3655 2373 3694 unam

816 3742 924 3793 τίεη
963 3740 1249 3792 indivisam
1285 3737 1688 3806 praasct‘crentia
1718 3744 1882 3804 atque
1915 3733 2202 3786 inﬁnitam.
2260 3730 2362 3785 Ubi

815 3834 958 3884 enim
987 3831 1223 3882 medium
1256 3845 1381 3882 vere
1415 3828 1654 3880 medium
1679 3836 1785 3888 est,
1850 3826 1925 3878 ibi
1976 3836 2030 3878 et
2081 3839 2270 3885 unum,
2318 3832 2375 3876 et

821 3921 912 3972 ubi
941 3923 1067 3975 unio
1093 3931 1197 3984 est,
1252 3936 1314 3974 ea
1353 3919 1651 3972 secundum
1685 3917 1848 3970 unius
1903 3915 2373 3984 participationem

821 4015 1097 4085 gignitur:
1157 4015 1210 4064 in
1261 4021 1467 4064 tantum
1521 4024 1794 4078 namque,
1850 4023 1970 4076 qua:
2023 4008 2173 4059 unita
2227 4014 2373 4068 sunt,

823 4108 1106 4167 uniuntur,
1139 4105 1192 4158 in
1230 4115 1493 4172 quantum
1530 4117 1654 4155 vere
1689 4101 1849 4154 unius
1887 4100 2234 4169 participant.
2264 4096 2378 4148 lloc

822 4210 875 4253 et
936 4200 1142 4253 externi
1203 4200 1537 4253 subobscure
1594 4198 1871 4264 imaginati
1913 4205 2059 4247 sunt.
2120 4193 2277 4248 Unde
2322 4201 2378 4246 et

823 4291 925 4347 tria
950 4290 1155 4353 omnia,
1179 4300 1232 4342 et
1287 4299 1368 4342 ter
1398 4289 1598 4357 ubique
1660 4287 1958 4341 secundum
1992 4299 2260 4339 summam
2315 4297 2377 4336 ac

822 4393 1065 4434 mutuam
1106 4379 1489 4432 cohwrentiam
1531 4380 2009 4447 philosophantur.
2062 4375 2196 4427 Ilinc
2247 4373 2375 4427 inii-

2473 3269 2726 3336 νηθεῖσα
2769 3267 2942 3335 μέχρι
3005 3267 3247 3333 Τριάδος
3282 3267 3455 3332 ἔστη.
3514 3263 3702 3324 Οὕτως
3734 3263 3828 3315 οὖν
3880 3261 3977 3311 καὶ
4008 3262 4046 3328 ἡ

2473 3363 2618 3429 ἁρχὴ
2648 3359 2851 3429 κυρίως
2896 3360 3060 3427 ἀρχὴ,
3096 3361 3190 3410 καὶ
3221 3359 3290 3411 τὰ
3316 3361 3378 3409 ὲκ
3427 3359 3525 3425 τῆς
3559 3356 3756 3428 (ip-‘25,
3800 3356 3857 3406 εν
3886 3368 3945 3402 τε
3971 3352 4045 3421 τῇ

2475 3455 2614 3523 ἀρχῇ
2649 3453 2738 3504 καὶ
2765 3454 2821 3504 ὲν
2851 3451 3124 3518 ἀλλήλοις,
3153 3449 3329 3519 ἄκραν
3362 3449 3455 3500 καὶ
3483 3447 3579 3516 τὴν
3615 3448 3830 3510 ἕνωσιν,
3862 3445 4047 3514 ἄκραν

2475 3547 2570 3597 καὶ
2601 3545 2701 3613 τὴν
2748 3544 3023 3611 συμφυΐαν
3071 3541 3342 3610 αὐχοῦντα
3391 3540 3485 3591 καὶ
3517 3539 3649 3603 πρὸς
3689 3537 3916 3604 ἄλληλα,
3945 3537 4050 3588 καὶ

2439 3703 2442 3709 _
2476 3637 2611 3705 πρὸς
2640 3635 2739 3704 τὴν
2769 3635 2962 3704 ἀρχὴν,
2995 3633 3053 3686 ἓν
3086 3634 3288 3703 κράτος
3311 3633 3622 3702 ἀδιαίρετον
3665 3629 4050 3701 παριστῶντα,

2478 3726 2571 3777 καὶ
2600 3724 2846 3792 ἄπειρον.
2882 3725 3060 3776 Ὀπου
3093 3725 3200 3792 γὰρ
3223 3723 3284 3775 τὸ
3317 3724 3479 3792 μέσον
3508 3722 3675 3785 ὅντως
3711 3724 3894 3789 μέσον,
3927 3722 4054 3772 ἐκεῖ

2478 3815 2650 3867 καὶτὸ
2671 3814 2748 3878 ἓν,
2779 3814 2872 3866 καὶ
2906 3815 3038 3866 ὅπου
3068 3815 3284 3873 ἓνωσις,
3317 3816 3459 3865 κατὰ
3493 3817 3590 3882 τὴν
3621 3794 3853 3882 μὲτοχὴν
3890 3813 4047 3877 γίνε-

2475 3924 2565 3960 ται
2599 3908 2690 3960 τοῦ
2721 3908 2865 3966 ἑνός.
2903 3907 3059 3958 Κατὰ
3085 3906 3342 3958 τοσοῦτον
3391 3906 3497 3974 γὰρ
3533 3905 3776 3958 ὲνοῦνται
3809 3908 3875 3956 τὰ
3901 3907 4052 3972 ἡνω-

2481 4001 2637 4069 μένα,
2666 4000 2897 4052 καθόσον
2930 4002 3147 4066 μετέχει
3175 3999 3266 4050 τοῦ
3299 3998 3470 4060 ὄντως
3503 3999 3636 4060 ἑνός.
3671 3996 3841 4049 Τοῦτο
3873 3999 3968 4047 καὶ
3991 3996 4051 4048 οι

2480 4091 2711 4160 θύραθεν
2741 4091 2998 4158 ἀμυδρῶς
3031 4090 3477 4159 ὲφαντάσθησαν.
3509 4089 3672 4142 ὐοεν
3705 4094 3797 4141 καὶ
3824 4091 3890 4140 τὰ
3914 4088 4056 4156 τρία.

2481 4187 2678 4247 πάντα,
2712 4183 2802 4234 καὶ
2847 4183 2906 4233 τὸ
2939 4184 3062 4251 τρὶς
3110 4183 3308 4249 πάντη,
3344 4185 3486 4233 κατὰ
3533 4183 3632 4248 τὴν
3673 4181 3848 4246 ἄκραν
3878 4179 4053 4244 άλλη--

2480 4274 2700 4342 λευνίαν
2753 4267 3178 4342 ἐφιλοσόφησαν.
3222 4273 3501 4328 Ἐντεῦθεν
3553 4274 3779 4342 ἄπειρον
3819 4271 4057 4339 ὑπειλη-

2483 4373 2640 4435 φέναι
2677 4370 2818 4430 τινὲς
2869 4368 2931 4418 τὸ
2966 4371 3072 4420 πᾶν
3105 4367 3510 4435 ἐπλανήθησαν,
3548 4368 3621 4431 μὴ
3670 4366 4053 4433 διακρίναντες

823 4472 996 4522 nilum
1029 4470 1276 4523 nonnulli
1311 4469 1412 4527 huc
1446 4471 1758 4522 universum
1789 4476 2185 4527 asseverantes.
2218 4466 2374 4517 aber-
2414 4474 2489 4527 Di

2414 4474 2456 4527 ι)
2481 4461 2664 4512 οὐσίαν
2697 4461 2928 4520 κτίσεως
2959 4462 3052 4510 καὶ
3082 4459 3357 4526 θεότητος,
3406 4459 3537 4527 μηδὲ
3571 4458 3869 4518 συνιδόντες
3903 4458 3954 4506 τί
3984 4459 4051 4507 τδ

825 4565 1012 4606 rarunt
1043 4569 1072 4606 a
1104 4555 1353 4617 Veritate,
1383 4570 1505 4608 cum
1552 4557 1761 4608 nullum
1816 4555 2194 4609 discernerent
2239 4555 2378 4605 inter
2481 4569 2491 4600 ‹

2481 4554 2663 4619 φύσει,
2699 4550 2794 4602 καὶ
2819 4553 2871 4601 τί
2898 4551 2957 4601 τὸ
2993 4552 3232 4617 μεθέξει,
3263 4553 3359 4604 καὶ
3389 4551 3553 4602 πόσον
3580 4551 3642 4603 τὸ
3687 4548 4050 4617 παρηγμένον

823 4657 1130 4700 creaturam
1179 4656 1234 4700 et
1263 4647 1528 4699 Deitatem
1563 4647 1878 4710 discrimen,
1909 4662 2089 4715 neque
2117 4653 2379 4714 caperent
2480 4660 2489 4676 ε

2480 4644 2577 4710 τῆς
2618 4644 2970 4711 παρακτικῆς
2999 4642 3178 4703 αἰτίας
3212 4646 3305 4695 καὶ
3331 4645 3504 4712 ἀρχῆς
3538 4641 3914 4694 ἀπολείπεται.
3949 4640 4053 4692 Δέ-

822 4738 952 4805 quid
986 4741 1057 4790 sit
1085 4738 1137 4789 id
1177 4737 1320 4806 quod
1355 4749 1572 4804 natura,
1605 4750 1662 4794 et
1711 4739 1841 4808 quid
1886 4739 2030 4808 quod
2083 4739 2378 4806 participa-

826 4828 972 4882 tione
997 4838 1102 4891 est,
1137 4840 1188 4882 et
1211 4842 1473 4899 quantum
1500 4832 1645 4900 quod
1684 4835 2011 4899 productum
2043 4840 2146 4894 est,
2185 4845 2214 4884 a
2246 4844 2376 4898 pro-

824 4919 1072 4972 ductrice
1102 4934 1261 4973 causa
1289 4931 1345 4974 et
1374 4921 1646 4989 principio
1675 4920 1911 4974 dill'erat.
1936 4920 2377 4973 Demonstratum

821 5015 906 5058 est
933 5006 1142 5074 itaque,
1175 5008 1277 5059 etsi
1326 5009 1622 5072 succincte,
1672 5009 1888 5062 abunde
1944 5008 2298 5061 nihilominus
2329 5008 2381 5062 ei

823 5097 916 5163 qui
947 5099 1228 5151 veritatem
1270 5098 1573 5167 djiudicare
1610 5101 1780 5167 novit,
1820 5100 1967 5154 nulla
2010 5101 2112 5153 alia
2168 5100 2377 5155 ratione

2480 4733 2687 4784 δεικται
2718 4733 2928 4800 λοιπὸν,
2959 4736 3006 4786 ει
3033 4736 3128 4786 καὶ
3155 4735 3240 4786 διὰ
3280 4735 3554 4803 βραχέων,
3578 4735 3694 4785 αλλ’
3721 4734 3812 4786 οὖν
3840 4732 4052 4793 ἱκανῶς

2483 4824 2562 4896 τῷ
2597 4841 2655 4891 γε
2687 4829 2894 4895 κρίνειν
2917 4829 3269 4896 ἐπισταμένῳ
3300 4828 3360 4880 τὸ
3389 4829 3607 4896 ἁληθὶς,
3643 4828 3717 4888 ὡς
3742 4827 3842 4878 οὐκ
3867 4827 4054 4888 ἄλλως

2487 4919 2728 4986 πέφυκεν
2776 4920 3172 4988 ἐκπορεύεσθαι
3198 4923 3258 4972 τὸ
3289 4920 3511 4987 Πνεῦμα
3555 4920 3614 4970 τὸ
3657 4920 3810 4984 ἅγιον
3841 4920 3903 4968 ἐκ
3935 4917 4057 4969 [Ια-

2481 5011 2603 5079 τρὺς
2632 5011 2680 5062 εἱ
2705 5012 2780 5079 μὴ
2809 5011 2875 5063 δι’
2903 5010 3057 5076 Tim),
3086 5013 3272 5074 καθὼς
3299 5013 3656 5082 ὶθεολόγησαν
3685 5013 3731 5064 οἱ
3757 5010 3849 5063 τοῦ
3883 5009 4056 5060 "vsa-

2490 5117 2679 5169 ματος.

826 5185 1088 5254 Spiritum
1125 5200 1370 5244 sanciunt
1425 5207 1486 5245 ex
1541 5191 1698 5246 Patre
1754 5193 2048 5261 procedere
2105 5193 2208 5246 nisi
2276 5208 2370 5263 per
2411 5191 2636 5258 Filium,
2703 5194 3164 5264 quemadmodum
3233 5195 3425 5251 eodem
3470 5195 3680 5265 Spiritu
3725 5191 3886 5247 aﬁlati
3941 5200 4059 5243 tra-

825 5283 1105 5340 didcrunt.
