4184 6462
184 442 286 506 653

1422 448 1516 509 DE
1566 448 1796 510 REGIS
1843 452 2188 512 OFFICHS.

3312 451 3423 518 654

187 558 362 612 αὑτῶν
404 557 615 629 ίστορία
653 558 825 627 δηλοῖ.
884 561 1093 622 Ὄντως
1152 562 1208 613 αί
1267 562 1420 630 παρὰ
1468 564 1560 616 τοῦ
1615 565 1750 617 Θεοῦ

1878 582 1986 620 πει-ο
2017 567 2190 631 magis
2242 566 2446 620 eisdem
2488 575 2648 620 nocet
2697 566 2954 636 pestilens
3008 581 3122 630 aer,
3163 575 3220 620 et
3254 570 3423 623 malo-

185 653 496 720 εὐεργεσίαι
526 656 605 714 είς
633 655 760 716 τοὺς
802 654 1178 721 φυλάσσοντας
1203 656 1302 716 τάς
1336 656 1500 710 αὐτοῦ
1533 657 1751 718 ἐντολὰς

187 744 380 798 νικῶσι
407 749 503 800 καὶ
530 746 724 813 λόγους
754 747 851 798 καὶ
882 747 1098 811 φύσεως
1132 746 1398 816 δύναμινο
1427 748 1615 818 ῶσπερ
1645 752 1752 803 πά-

188 839 262 890 λιν
313 838 367 890 οί
414 839 807 907 ἐκτρεπόμενοι
863 841 972 892 ἀπὸ
1028 841 1139 893 τῶν
1187 841 1529 896 δεσποτικῶν
1591 842 1754 896 θείων

189 932 561 1000 προστάξεων,
608 933 700 984 καὶ
747 936 1161 1002 καταφρονηταὶ
1187 934 1396 988 τούτων
1451 936 1750 1003 γινόμενοι,

192 1022 450 1087 μεγάλοις
502 1021 695 1083 δεινοῖς
761 1024 1162 1091 περιόπιπτονο
1208 1027 1458 1094 χολέραις
1509 1026 1753 1092 δηλονότι

187 1113 273 1163 καὶ
291 1112 563 1178 τρώσεσιν
586 1113 810 1166 ίοὸόλων
837 1113 1041 1180 ὄφεων,
1061 1115 1338 1182 σκορπίων
1371 1133 1430 1168 τε
1466 1117 1561 1169 καὶ
1592 1116 1755 1168 ἀσπί-

187 1204 308 1256 δων·
344 1202 486 1257 ἀλλά
509 1205 602 1255 καὶ
633 1205 739 1257 ἀπὸ
773 1207 1015 1274 σεισμῶν
1054 1207 1158 1274 γῆς
1203 1208 1508 1276 συγχώσεις
1539 1209 1633 1262 καὶ
1665 1208 1754 1260 δε-

194 1295 362 1362 σμοὺς
386 1294 653 1361 ἀφίκτους
682 1296 742 1347 εν
767 1295 1027 1359 ἀδύσσοις
1059 1296 1353 1366 ὑπέμενον,
1383 1299 1480 1349 καὶ
1529 1298 1754 1367 ἐμπρη-

196 1390 360 1455 σμοὺς
417 1390 528 1442 ἀπὸ
570 1387 852 1456 κεραυνῶν
913 1385 1207 1453 φλογώδεις
1238 1388 1330 1441 καὶ
1387 1388 1756 1456 ἐκτεφρώσεις

191 1481 343 1539 δίκην
392 1479 696 1548 κονιορτοῦ,
740 1479 952 1548 τροπὰς
991 1479 1050 1546 ἐξ
1086 1479 1318 1549 ἐχθρῶν,
1378 1482 1476 1533 καὶ
1521 1481 1757 1542 πτώσεις

191 1569 618 1637 διαδεδοημένας
646 1583 661 1598 ο
684 1569 765 1621 ἔτι
795 1569 849 1622 δι
876 1568 1084 1620 πόλεων
1116 1569 1506 1638 ὶκπορθήσεις,
1537 1569 1648 1619 τῶν
1673 1568 1755 1620 ol-

193 1661 353 1710 κείων
387 1659 862 1728 ἀνδραποδισμοὺς
898 1661 993 1711 καὶ
1028 1660 1333 1726 ἀπαγωγὰς
1362 1661 1460 1712 καὶ⁵
1489 1658 1755 1712 καταδου-

191 1751 405 1814 λὼσεις,
467 1750 767 1820 ἐμφυλίους
823 1751 1001 1819 μάχας
1035 1768 1093 1804 τε
1164 1752 1258 1803 καὶ
1316 1751 1572 1818 σφαγάςο
1620 1749 1758 1818 πρὸς

189 1845 401 1904 τούτοις
458 1843 788 1911 ἀωμὸρίαις
835 1843 1304 1911 κατεξηραίνοντο,
1363 1842 1458 1895 καὶ
1503 1842 1755 1910 ἀφορίαις

191 1938 438 2004 καρπῶν,
484 1939 579 1990 καὶ
618 1937 798 2001 λιμοῖς
846 1938 1254 2004 κατετήκοντοο
1325 1934 1641 1987 συνέθλιϐον
1703 1934 1758 1986 δὲ

195 2032 393 2097 μᾶλλον
426 2029 745 2089 αὐτοὺςικαὶ
777 2028 954 2096 ἀέρων
991 2027 1214 2097 φθοραὶ,
1250 2027 1309 2091 ἐξ
1340 2019 1414 2079 ὧν
1438 2028 1532 2078 καὶ
1565 2025 1763 2094 λοιμώ-

193 2122 299 2184 δεις
349 2122 742 2173 ἀποτίκτονται
792 2119 936 2170 νόσοι
973 2118 1066 2169 καὶ
1125 2115 1412 2182 συντρισαὶ
1466 2115 1758 2182 σωμάτων,

191 2215 486 2280 δαιμονίων
544 2212 638 2264 καὶ
704 2210 964 2278 πονηρῶν
1020 2210 1349 2277 πνευμάτων
1399 2207 1763 2276 διενοχλήσεις

194 2307 411 2370 ὲπίεζον
445 2305 632 2364 δεινῶς
661 2302 1078 2368 ἀποπνιγόντων
1110 2319 1168 2353 τε
1203 2303 1298 2354 καὶ
1327 2299 1758 2369 στρεϐλοῦντωνο

191 2399 389 2466 λέπραι
424 2397 521 2449 καὶ
581 2397 770 2466 ἀργίαι
830 2396 1030 2463 μελῶν,
1079 2395 1400 2461 σπλάγχνων
1436 2393 1629 2462 σήψεις
1668 2391 1763 2443 καὶ

193 2492 543 2560 διαδρὼσεις,
603 2491 698 2540 καὶ
737 2489 919 2541 ὀδύναι
984 2487 1122 2556 μετά
1180 2487 1379 2554 πολλῆς
1431 2485 1762 2556 δριμύτητος

194 2586 554 2650 πλήττουσαι,
597 2581 784 2648 ῶσπερ
831 2578 967 2647 ὁμοῦ
1027 2577 1446 2648 συνδραμυῦσαι.
1490 2578 1645 2629 Ἀλλά
1679 2576 1764 2638 τίς

192 2677 258 2728 ἀν
280 2676 540 2742 δυνηθείη
571 2673 908 2741 ἀπαριθμεῖν
933 2673 1042 2724 τῶν
1061 2670 1488 2739 καταφρονητῶν
1507 2669 1642 2720 θεοῦ
1667 2669 1764 2729 τὰς

191 2768 383 2831 ποινάς
414 2783 473 2818 τε
522 2767 618 2818 καὶ
671 2766 967 2834 τιμωρίας,
1016 2766 1109 2817 καὶ
1168 2766 1290 2824 τοὺς
1331 2761 1474 2816 κατά
1511 2761 1763 2831 καιρικάς

193 2859 482 2928 περιόδους
518 2856 899 2925 ἀφανισμούς;
929 2857 1010 2908 Τὰ
1039 2857 1093 2908 δὲ
1135 2856 1272 2921 μετά
1302 2856 1402 2922 τὴν
1443 2854 1536 2906 τοῦ
1566 2854 1767 2921 παρόν-

1859 673 1978 710 rum
2012 657 2301 724 spirituum
2327 658 2585 712 molestiae
2616 658 2776 712 modo
2795 659 3254 729 strangulantium
3296 673 3420 712 mo-

1857 749 1928 804 do
1963 750 2124 804 aliter
2145 751 2581 805 excruciantium
2622 772 2634 815 ;
2667 751 2813 817 lepra
2850 752 3224 822 paralysisque
3246 766 3423 807 mem-

1859 841 2105 902 brorum,
2144 841 2414 893 viscerum
2441 842 2752 910 putredines
2781 855 2847 896 ac
2869 842 3249 908 lacerationes,
3287 859 3422 897 acu-

1858 931 2190 984 tissimorum
2222 932 2454 1001 denique
2477 933 2727 986 dolorum
2766 936 3044 988 cumulus.
3099 936 3422 1004 Quanquam

1858 1021 1984 1088 quis
2019 1021 2237 1073 demum
2285 1037 2604 1090 perrenseat
2630 1035 3064 1093 contemptorum
3103 1023 3196 1080 Dei
3230 1041 3424 1093 poenas

1858 1123 2022 1179 atque
2058 1113 2321 1182 supplicia
2360 1125 2414 1168 et
2436 1113 2671 1169 diversis
2707 1119 3046 1186 temporibus
3077 1119 3242 1172 exitia
3271 1112 3296 1168 ἲ
3326 1117 3434 1172 Ceo

1861 1204 2118 1273 teroquin
2159 1219 2280 1274 quae
2339 1216 2462 1276 post
2500 1204 2662 1276 hujus
2707 1208 2831 1261 vitae
2878 1213 3080 1263 exitum
3129 1219 3426 1278 supersunt

1857 1302 2153 1369 ergastula,
2219 1317 2280 1356 ea
2324 1303 2495 1356 multo
2549 1302 2825 1372 prmdictis
2868 1305 3043 1373 pinnis
3107 1305 3422 1360 molestiora

1860 1395 2089 1455 scimus,
2121 1403 2396 1464 quatenus
2456 1393 2714 1449 nimirum
2779 1407 3040 1465 perpetua
3080 1405 3211 1450 sunt
3265 1407 3428 1462 atque

1863 1488 2105 1542 immotis
2135 1489 2396 1544 claustris
2446 1489 2725 1542 conclusa.
2779 1489 2912 1542 Nam
2975 1491 3028 1542 in
3071 1491 3171 1543 ista
3207 1490 3425 1541 demum

1860 1581 2169 1633 aeternitate
2226 1595 2502 1634 summum
2545 1579 2747 1633 malum
2797 1587 3068 1634 versatur.
3133 1582 3293 1646 Atqui
3358 1577 3424 1631 ad

1862 1680 2066 1725 aeterna
2111 1670 2240 1724 illuc
2298 1672 2591 1740 ergastula,
2656 1670 2708 1724 hi
2741 1670 2832 1740 qui
2899 1672 2951 1724 in
3014 1680 3278 1740 prasente
3323 1671 3430 1721 vita

1863 1777 1970 1817 non
2003 1763 2353 1831 resipiscunt,
2383 1765 2771 1825 amandantur,
2823 1762 3159 1818 intoleranda
3193 1760 3430 1832 ignomi-

1865 1855 1953 1908 nia
1993 1854 2200 1908 obruti.
2239 1853 2440 1907 Contra
2473 1853 2617 1921 liqui
2649 1853 2715 1906 ad
2753 1853 2919 1906 Deum
2949 1855 3431 1921 respiciuntsuos-

1868 1957 1974 2011 que
2011 1952 2166 1996 actus
2206 1951 2259 1995 et
2295 1942 2656 2008 cogitationes
2693 1956 2875 1994 coram
2934 1942 3027 1996 illo
3072 1947 3432 2009 componunt,

1870 2033 1975 2087 hoc
2005 2032 2222 2101 quidem
2251 2032 2304 2086 in
2333 2033 2462 2087 orbe
2493 2035 2715 2102 vitaque
2749 2033 3044 2089 laudantur
3079 2032 3147 2086 ab
3177 2031 3434 2086 omnibus

1869 2141 1932 2180 ac
1967 2126 2366 2194 suspiciuntur,
2398 2140 2668 2196 nemoque
2695 2137 2779 2182 est
2804 2128 2893 2195 qui
2947 2127 3014 2180 de
3042 2122 3154 2180 illis
3179 2124 3440 2178 houorill-

1869 2237 1985 2276 cam
2027 2223 2603 2276 commemorationem
2673 2237 2778 2277 non
2830 2223 3034 2288 faciat;
3093 2219 3436 2275 conscientia

1871 2313 2109 2380 denique
2151 2323 2300 2366 recte
2327 2311 2592 2366 factorum
2645 2329 2848 2382 speque
2885 2313 3150 2366 mercedis
3195 2312 3438 2364 animum

1868 2415 2114 2457 erectum
2149 2404 2443 2470 laetumque
2469 2414 2686 2472 gerunt.
2729 2404 2862 2459 Nam
2919 2404 3165 2458 caelestia
3217 2403 3435 2470 quidem

1871 2497 2341 2562 supermundialia
2371 2497 2591 2565 praemia
2626 2512 2870 2566 quanam
2903 2498 3085 2567 lingua
3113 2491 3442 2562 eloquetur?

1871 2588 1993 2655 quis
2031 2588 2226 2641 oculus
2285 2587 2466 2640 vidit?
2501 2602 2749 2656 quaenam
2784 2587 2934 2641 auris
2967 2587 3192 2652 audivit,
3247 2585 3329 2638 vel
3383 2584 3438 2637 in

1873 2677 2159 2742 cujusnam
2209 2677 2446 2731 hominis
2468 2692 2563 2732 cor
2596 2679 2982 2732 ascenderunt.
3017 2677 3441 2745 lncompreheno

1871 2769 2048 2821 sibilis
2077 2779 2160 2821 est
2193 2770 2365 2823 cuivis
2401 2771 2628 2829 homini.
2657 2779 2879 2839 propter
2903 2786 3059 2826 suam
3105 2767 3439 2836 magnitudi-

1874 2874 2020 2921 nem,
2055 2870 2239 2927 parata
2276 2861 2381 2913 illis
2415 2863 2721 2927 beatitudo,
2773 2861 3054 2928 splendor,
3089 2861 3365 2932 gaudium.
3387 2867 3443 2913 et

192 2969 284 3010 τος
311 2952 433 3020 βίου
463 2950 721 3017 τελευτὴν
749 2951 1112 3018 δικαιωτήρια
1147 2951 1202 3000 ιν
1234 2949 1309 3017 τῷ
1337 2949 1582 3017 μέλλοντι
1618 2950 1766 2999 κατά

1878 2952 2060 3020 gloria,
2111 2954 2202 3021 qui
2245 2952 2414 3006 Deum
2475 2963 2586 3007 toto
2609 2969 2672 3007 ex
2731 2955 2914 3008 animo
2947 2955 3196 3022 diligunt.
3257 2951 3442 3019 Siquis

193 3045 332 3097 πολὺ
363 3044 472 3096 τῶν
504 3043 813 3111 είρημένων
851 3043 958 3092 εἰσὶ
992 3041 1338 3110 λυπηρότερα
1361 3057 1374 3072 ·
1411 3043 1520 3108 ὅσῳ
1566 3043 1660 3092 καὶ
1705 3043 1768 3090 τὸ

1878 3058 2004 3109 ergo
2041 3053 2248 3096 tantam
2276 3042 2593 3113 dignitatem
2645 3044 3152 3111 excelsitatemque,
3208 3049 3444 3094 tantam-

195 3136 450 3205 διηνεκὲς
481 3139 576 3188 καὶ
620 3135 848 3203 μόνιμον
881 3133 977 3185 καὶ
1012 3133 1290 3186 ἄπαυστον
1345 3133 1572 3202 ἔχουσι’
1604 3131 1764 3184 τοῦτο

1878 3151 1981 3202 que
2025 3138 2288 3188 bonorum
2325 3137 2533 3202 copiam
2567 3145 2787 3202 propter
2820 3136 3041 3190 insanas
3062 3135 3324 3203 quasdam
3348 3146 3444 3186 cu-

194 3233 301 3297 γάρ
335 3230 454 3280 εστι
486 3227 553 3279 τὸ
613 3226 902 3278 κάκιστονο
943 3225 1174 3286 ἐκείνοις
1214 3224 1322 3293 γὰρ
1365 3227 1478 3284 τοῖς
1532 3225 1770 3286 αἰωνίοις

1880 3227 2134 3294 pidtates
2177 3227 2558 3294 desideriaque
2588 3229 2816 3297 abiicit;
2848 3227 3197 3294 viciseitnqne
3237 3223 3448 3292 gravis-

195 3318 585 3383 κολαστηρίοις
609 3319 658 3368 oi
685 3319 758 3384 μὴ
792 3317 849 3367 ὲν
870 3318 934 3384 τῇ
964 3317 1212 3386 παρούσῃ
1240 3316 1351 3384 ζωῇ
1409 3316 1766 3383 ἐπιστρέφον-

1878 3319 2069 3369 simam
2135 3317 2488 3383 ignominiam
2559 3327 2612 3370 et
2671 3319 2910 3373 dedecus
2965 3333 3090 3373 cum
3149 3318 3448 3371 intoleran-

193 3428 285 3473 τες
347 3409 846 3478 πσραπὲμπονται,
888 3409 1301 3477 ἀνυπομόνητον
1355 3408 1451 3476 τὴν
1505 3409 1767 3476 αίσχύνην

1878 3411 1960 3462 dis
2019 3408 2303 3462 doloribus
2349 3411 2454 3463 sibi
2510 3411 2736 3478 deligit;
2794 3426 2974 3465 nonne
3022 3414 3110 3465 hic
3167 3425 3440 3464 summam

195 3504 592 3570 κληρούμενοι*
624 3500 673 3551 οι
712 3499 770 3552 δέ
795 3515 858 3565 γε
888 3497 1023 3565 πρὸς
1054 3497 1146 3549 τδν
1175 3497 1380 3564 Κύριον
1427 3498 1771 3550 ἀποϐλέπον-

1882 3516 2036 3556 suam
2080 3502 2372 3555 stultitiam
2410 3503 2849 3573 dementiamque
2882 3503 3268 3560 demonstrat?

189 3611 301 3658 τες,
327 3591 550 3653 καὶτὰς
585 3589 792 3643 ἑαυτῶν
821 3590 1049 3656 πράξεις
1086 3589 1180 3640 καὶ
1210 3587 1278 3640 τά
1302 3588 1640 3658 διανοήματα
1675 3590 1984 3658 ἔμπροσθεν
2018 3591 2258 3651 τιθέντες
2295 3592 2479 3657 αὑτοῦ,
2551 3594 2609 3644 εν
2675 3594 2772 3662 μὲν
2830 3595 2908 3662 τῷ
2953 3595 3143 3663 κόσμῳ
3203 3593 3297 3645 καὶ
3335 3593 3446 3662 τῷ·

189 3694 244 3743 δε
275 3689 356 3758 τῷ
377 3689 480 3758 βίῳ
511 3688 698 3755 ἔχουσι
731 3688 792 3737 τὸ
834 3686 988 3754 παρά
1044 3685 1265 3738 πάντων
1314 3685 1654 3737 ἐπαινεῖσθαί
1705 3703 1761 3737 τε
1805 3689 1900 3738 καὶ
1926 3687 2327 3756 θαυμάζεσθαι,
2357 3688 2418 3739 τὸ
2441 3691 2497 3739 ὲν
2521 3691 2639 3750 ταῖς
2662 3690 2959 3757 εὐφημίαις
3022 3691 3243 3758 μνήμην
3302 3689 3449 3757 ἔχειν

187 3789 277 3841 διά
308 3784 538 3849 παντὸς,
596 3784 657 3836 τὸ
714 3781 854 3836 κατά
908 3781 1033 3834 νοῦν
1087 3781 1430 3850 εὐφροσύνην
1467 3783 1613 3851 ἔχειν
1671 3784 1767 3834 καὶ
1809 3783 2025 3851 ἡδονὴν,
2060 3782 2119 3846 ιξ
2150 3783 2331 3834 αὐτῶν
2383 3782 2491 3836 τῶν
2523 3783 2704 3850 ἔργων
2735 3777 2811 3837 ὧν
2842 3784 3166 3853 πράττουσι,
3228 3783 3322 3836 καὶ
3385 3784 3448 3834 ἐκ

189 3886 286 3953 τῆς
317 3883 541 3944 ἐλπίδος
584 3882 694 3936 τῶν
721 3879 988 3947 αμοισῶν.
1029 3879 1176 3932 Δί)τά
1203 3878 1258 3930 δὲ
1313 3881 1380 3932 τὰ
1415 3881 1764 3949 ύπερκόσμια
1823 3882 1916 3933 καὶ
1953 3879 2150 3932 αἰώνια
2209 3880 2419 3934 ἔπαθλα
2467 3883 2598 3936 ποία
2641 3881 2862 3950 γλῶσσα
2913 3883 3122 3952 ἰσχύσει
3185 3883 3448 3952 διηγήσαα

191 3980 355 4041 σθαις
393 3979 557 4038 Uolo;
608 3977 886 4045 ὀφθαλμὸς
924 3975 1221 4040 ὲθεάσατος
1267 3977 1422 4028 Ποῖον
1484 3973 1578 4038 οὖς
1633 3976 1900 4043 ἧκουσενς
1962 3977 2053 4029 ἐπὶ
2119 3978 2263 4040 τίνος
2321 3978 2612 4048 ἀνθρώπου
2655 3978 2880 4047 καρδίαν
2931 3979 3144 4048 ἀνέστη
3215 3979 3450 4031 ’Δκατά-

192 4071 397 4138 ληπτός
441 4071 593 4122 εστιν
624 4069 893 4147 ἀνθρώπῳ
938 4070 1101 4120 παντὶ
1139 4068 1228 4121 διὰ
1256 4069 1354 4137 τὴν
1382 4070 1690 4137 ὑπερϐολὴν
1737 4071 2222 4139 ὴεῦτρεπισθείσα
2268 4069 2570 4134 ἀπόλαυσις
2616 4073 2728 4133 τοῖς
2770 4069 2827 4136 ἐξ
2883 4072 3010 4141 ὅλης
3081 4070 3258 4140 ψυχῆς
3347 4069 3437 4121 τὸν

193 4164 327 4216 Θεὸν
349 4165 700 4230 ἀγαπήσασι.
725 4163 818 4213 καὶ
849 4162 880 4230 ὴ
911 4158 1255 4227 λαμπρότης,
1291 4161 1384 4209 καὶ
1427 4161 1458 4228 ή
1496 4160 1815 4225 ἀγαλλίασις
1856 4161 1951 4212 καὶ
1994 4162 2028 4223 ἠ
2075 4159 2222 4223 δόξα.
2266 4159 2326 4212 'O
2350 4161 2528 4212 τοίνυν
2560 4161 2830 4232 τοσαύτην
2887 4158 3130 4223 εὐδοξίαν
3200 4165 3296 4214 καὶ
3359 4156 3449 4211 εὓ-

193 4263 407 4324 κλιιαν,
439 4260 538 4312 καὶ
559 4257 831 4309 τοσούτων
859 4256 1077 4322 ἀγαθῶν
1104 4254 1307 4323 πλῆθος
1337 4253 1664 4306 ἀποδιώκων
1708 4255 1796 4306 διὰ
1835 4256 2071 4322 ματαίαν
2096 4254 2391 4323 ἐπιθυμίαν
2423 4255 2514 4308 καὶ
2559 4255 2759 4324 ὄρεξιν,
2798 4255 2896 4325 τὴν
2962 4256 3017 4308 δι
3081 4257 3276 4324 διπλῆν
3320 4256 3442 4310 ἀδοσ⁸

195 4357 313 4419 ξὲαν
347 4356 449 4408 καὶ
497 4352 724 4421 ἀτιμίαν
779 4351 914 4420 μετά
946 4349 1054 4401 τῶν
1104 4349 1447 4402 ἀνυποίστων
1484 4348 1766 4418 ὀδυνηρῶν
1808 4351 2037 4403 ἐκείνων
2060 4349 2504 4419 ἀντιλαμϐάνων,
2539 4352 2712 4421 πόσης
2742 4352 2965 4420 ἀλογίας

193 4469 291 4518 ντες
319 4450 572 4515 κρίνεται
597 4447 778 4510 ἀξιοςς

3043 4354 3136 4404 καὶ⁵
3203 4352 3446 4421 ἀφροσύο

259 4553 356 4614 ιγ.
389 4545 590 4597 Καίτοι
612 4560 673 4609 γε
703 4543 886 4595 πλεῖον
936 4544 1157 4612 εὖρήσει
1190 4558 1269 4606 τις
1317 4545 1375 4598 ἓν
1441 4545 1518 4612 τῷ
1548 4544 1774 4612 παρόντι

1951 4537 2091 4596 Χιιι.
2123 4541 2234 4595 Rex
2276 4550 2455 4596 caveat
2487 4559 2518 4595 a
2573 4540 2714 4595 malo
2767 4542 2934 4611 fama.
2969 4543 3108 4608 Quin
3167 4543 3301 4598 adeo
3331 4541 3453 4596 vita!

192 4639 292 4708 βίῳ
327 4639 394 4691 τδ
436 4637 695 4707 ἀνήδονον
715 4634 811 4686 τοῦ
844 4635 1202 4704 νομιζομένου
1238 4635 1413 4706 ἡδέος.
1447 4634 1574 4688 ὅταν
1599 4639 1626 4688 ό
1650 4635 1772 4697 νοῦς

190 4732 300 4783 ἀπὺ
334 4730 450 4782 τῶν
477 4726 670 4780 παθῶν
700 4726 898 4794 ἀχλύος
936 4725 1251 4796 καθαρεύσῃ
1284 4727 1469 4788 ποσῶς
1505 4728 1638 4795 (55),
1683 4725 1778 4779 καὶ

190 4822 443 4890 γνωρίσῃ
485 4819 678 4872 ἑαυτὸν
702 4820 758 4871 ὲν
781 4820 894 4879 τοῖς
953 4821 1277 4888 ρυπάσμασι
1343 4821 1437 4873 καὶ
1484 4820 1779 4889 μολυσμοίς

188 4914 669 4982 κατακυὶιόμενον
693 4911 790 4979 τῆς
821 4910 1101 4979 ὲμπαθοῦς
1132 4913 1440 4978 ἀσελγείας,
1486 4915 1581 4965 καὶ
1629 4915 1781 4983 παρὰ

189 5005 298 5056 τῶν
328 5001 602 5054 πλειόνων
636 5000 716 5061 είς
778 5001 1079 5066 παροιμίαν
1138 4999 1218 5064 τὸ,
1278 4993 1382 5060 ’Υς
1407 5004 1464 5052 ὲν
1513 4999 1781 5070 βορϐόρῳ,

191 5095 640 5166 περισυράμενον
672 5091 765 5143 καὶ
789 5092 1263 5160 καταγελώμενον.
1323 5091 1675 5158 Γινώσκομεν
1723 5092 1780 5142 δὲ

191 5195 280 5243 τόν
344 5186 767 5255 κεκρατημένον
824 5187 882 5236 ὲν
928 5187 1040 5246 τοῖς
1093 5185 1357 5245 τοιούτοις
1405 5182 1781 5235 ύποπτεύοντα

192 5282 511 5351 προχείρως
539 5279 667 5339 τοὺς
698 5277 771 5346 μὴ
800 5276 1076 5338 τοιούτους
1112 5275 1300 5335 αὐτοῦ,
1334 5276 1426 5328 καὶ
1482 5273 1622 5325 οὕτω
1683 5272 1782 5342 τὴν

195 5374 376 5442 κακὴν
398 5371 610 5438 ταύτην
649 5369 887 5437 ὑποψίαν
911 5369 1212 5430 αὐξάνοντα
1238 5384 1253 5399 ο
1287 5369 1415 5419 ποτὲ
1448 5367 1548 5436 μὲν
1580 5367 1783 5430 ἐξαπα-

194 5466 448 5532 τώμενον
477 5462 537 5525 ἐξ
575 5461 835 5522 ἀπονοίας
871 5460 1156 5525 ἀλογίστου
1209 5461 1303 5511 καὶ
1367 5460 1624 5526 ἄφρονος,
1651 5458 1781 5509 ποτέ

195 5556 247 5606 δὲ
280 5555 380 5605 καὶ
415 5556 481 5604 ἐκ
506 5551 720 5619 ψευδῶν
747 5552 918 5618 λόγων
951 5550 1008 5614 ἐξ
1061 5551 1316 5612 ὑπονοίας
1371 5551 1532 5602 τινῶν
1578 5551 1780 5618 βασκά-

195 5664 300 5698 νων
334 5643 734 5713 παρασυρίντα
768 5657 784 5671 ⁸
816 5637 964 5695 οὐδὲν
989 5640 1096 5712 γὰρ
1128 5637 1297 5704 οὕτως
1320 5643 1526 5707 ἀνοίγει
1555 5642 1654 5708 τὴν
1681 5653 1784 5692 πα-

197 5735 488 5804 tis-Isaiam»
525 5735 625 5802 τῆς
667 5735 1052 5802 συκοφαντίας,
1087 5733 1161 5797 ὡς
1206 5735 1240 5803 ἡ
1288 5733 1386 5802 τῆς
1425 5733 1782 5804 συνειδήσεως

268 5909 387 5976 (55)
422 5906 502 5959 Ita
527 5906 648 5961 eod.

1880 4646 2096 4698 quoque
2123 4632 2282 4699 hujus
2310 4633 2486 4686 multo
2504 4632 2960 4686 abundantiorem
2991 4635 3264 4687 tristitiam
3286 4649 3448 4701 quam

1879 4726 2203 4778 suavitatem
2259 4741 2556 4794 agnoscere
2607 4726 2814 4790 licebit,
2875 4728 2920 4780 si
2983 4729 3200 4794 quando
3236 4728 3454 4780 animus

1881 4816 2156 4884 paulisper
2229 4817 2702 4885 perturbationum
2763 4817 3052 4884 caliginem
3100 4819 3444 4876 absterserit.

1883 4923 2051 4976 seque
2081 4909 2130 4960 in
2167 4909 2518 4976 sterquilinio
2553 4906 2917 4976 sordibusque
2942 4917 3250 4962 versantem
3285 4926 3457 4973 agito-

1886 4999 2028 5051 verit
2062 4997 2292 5052 luxuriae
2319 4999 2750 5066 intemperantis,
2789 4999 3141 5068 derisumqne
3173 5009 3228 5053 et
3286 5014 3453 5068 capo.

1885 5092 2048 5142 situm
2093 5089 2166 5142 illi
2197 5088 2337 5158 vulgi
2371 5087 2679 5158 proverbio,
2714 5087 2820 5143 Sus
2877 5089 2931 5142 in
2967 5107 3146 5145 emno.
3182 5091 3325 5144 Sane
3356 5106 3452 5143 no-

1887 5182 2062 5234 rimus
2107 5181 2262 5235 facile
2286 5179 2532 5236 accidere
2595 5193 2652 5234 ut
2695 5184 2786 5250 qui
2818 5183 3127 5250 hnjnsmodi
3183 5183 3455 5238 illecebris

1886 5272 2101 5325 deditus
2136 5272 2318 5333 fuerit,
2362 5272 2427 5326 de
2451 5273 2574 5326 aliis
2608 5289 2827 5342 quoque
2854 5275 2945 5341 qui
2979 5275 3138 5327 aliter
3170 5270 3456 5328 vivumin-

1883 5363 2095 5431 juriose
2123 5365 2430 5430 suspicetur
2466 5382 2479 5428 ;
2518 5376 2678 5432 atque
2722 5369 2794 5418 ila
2852 5367 3052 5417 malam
3099 5365 3455 5420 existimatio-

1887 5471 2012 5508 nem
2049 5454 2333 5523 propagari
2367 5470 2381 5505 :
2417 5464 2471 5507 et
2508 5456 2669 5507 modo
2703 5456 2923 5521 quidem
2955 5472 3143 5524 reapse
3179 5458 3450 5511 hominem

1886 5544 2182 5612 fragilitate
2210 5548 2429 5614 propria
2494 5547 2802 5613 vitioseque
2868 5548 3050 5600 animo
3095 5548 3241 5612 labi;
3293 5547 3458 5601 modo

1887 5645 2068 5689 tamen
2129 5637 2281 5690 falsis
2316 5638 2477 5690 etiam
2523 5639 2838 5692 rumoribus
2899 5638 3176 5694 immerito
3219 5639 3456 5694 traduci.

1885 5728 2028 5784 Nihil
2060 5729 2204 5784 enim
2231 5737 2517 5801 tantopere
2553 5732 2694 5785 viam
2729 5732 3017 5787 calumniae
3047 5735 3265 5797 sternit,
3293 5739 3459 5801 quam
