4184 6462
242 424 344 488 6‘31
947 425 1280 486 EPITOME
1323 425 1616 487 LOGICt.
1650 451 1710 462 -·
1746 428 1958 486 J-HN’.
2001 423 2375 485 WEi‘iEiJXi
2431 423 2847 484 PiiEi’A'HO.
3380 422 3490 487 C33

239 538 582 615 reperitur,
621 548 688 600 ut
721 551 1100 614 argumenta
1132 540 1543 617 suppeditat).
1574 540 1651 600 ab
1687 539 2026 599 Aristotele
2063 539 2124 598 iii
2167 544 2304 599 loco
2339 546 2433 597 est
2505 541 2971 617 pertractatum.
3027 533 3257 617 Quoad
3309 540 3484 597 ordi-

237 613 384 698 nem
418 625 652 698 tamen,
703 613 961 698 rectilis,
999 633 1142 698 meo
1165 613 1438 698 judicio,
1472 613 1581 680 illa
1607 619 1817 698 capiti
1852 618 1928 676 25
1970 618 2520 698 snlijiingercntiir
2555 632 2568 683 ;
2605 614 2952 698 quodsine
3003 613 3376 698 definitione
3426 634 3474 674 i-t

235 695 563 756 divisir‘ne
595 696 899 774 doctrina
948 690 1445 769 praedicabilium
1515 708 1574 757 et
1629 690 2265 774 praedicanietitorum
2328 694 2790 774 meliiistratli
2849 702 2904 751 et
2944 690 3239 763 intelligi,
3297 713 3481 768 quatit

234 775 522 833 doctrina
559 775 636 834 de
661 773 1036 834 definitione
1061 783 1121 835 et
1155 775 1476 834 divisione
1524 772 1664 834 sine
1727 774 2230 848 praedicabilium
2303 782 2361 831 et
2423 772 3053 844 priedicanieittornm
3117 776 3480 838 t'ngliilimiti

236 853 550 927 explicari
617 861 680 912 et
756 853 991 927 percipi
1044 859 1269 929 potest.
1338 853 1585 914 Abhinc
1621 853 1936 929 capitibus
1989 853 2276 928 quinque
2332 854 2614 928 proximo
2671 849 3090 929 sequentibus
3144 849 3479 929 tilliissiiit."

232 926 525 1004 quiedain
567 931 749 1007 quasi
786 926 1242 1009 prolégdmena
1303 926 1728 1008 persequitur.
1767 933 1916 1009 Nam
1978 926 2183 1009 capite
2216 929 2252 986 3
2284 926 2360 1009 de
2403 928 2878 1009 experimentis,
2913 929 3062 986 artis
3097 935 3156 985 et
3199 926 3484 1009 scicntiai

233 1006 640 1070 ilitl'erentiis.
679 1006 895 1069 natura
927 1019 988 1069 et
1023 1006 1316 1082 origine:
1365 1043 1427 1054 -
1456 1006 1625 1070 (ﬁde
1657 1027 1767 1069 scx
1817 1006 2238 1079 philosophia:
2271 1008 2757 1066 deﬁnitionibus
2791 1023 2820 1062 a
2871 1009 3241 1076 Piiliagwra.
3279 1008 3479 1066 Plato-

236 1105 340 1155 tle,
379 1087 722 1146 Aristotele
758 1089 1041 1156 relictis;
1081 1119 1151 1130 --
1183 1089 1242 1147 5.
1280 1090 1357 1146 de
1422 1088 1837 1148 distinctione
1909 1097 2146 1157 ἐπινοίας
2183 1115 2195 1159 ;
2268 1120 2339 1129 —-
2371 1088 2432 1146 ϐ.
2489 1088 2565 1143 dc
2630 1095 2872 1160 septem
2951 1083 3477 1157 pitilOs‘Opltriruiii

231 1165 473 1247 sectis;
516 1199 586 1207 —
619 1167 677 1224 7.
713 1166 789 1247 de
821 1166 1138 1247 divisione
1173 1165 1596 1247 philosophias
1625 1167 1685 1224 iii
1736 1167 2146 1247 theoreticam
2183 1174 2241 1227 et
2276 1165 2633 1247 prt‘lCliCilll],
2665 1165 2874 1247 deque
2934 1162 3269 1247 utriusque.
3308 1167 3479 1247 sub-

231 1243 582 1311 divisione,
617 1245 1096 1320 etsingularum
1130 1245 1401 1320 partium
1435 1245 1707 1319 ohjecto.
1745 1245 1891 1314 line,
1935 1246 2186 1312 ordine.
2223 1244 2471 1304 erudite
2507 1250 2566 1300 et
2625 1245 2780 1299 Scite
2813 1251 3032 1300 auctor
3093 1243 3370 1301 disserit.
3410 1277 3476 1288 -σ

229 1323 382 1396 Cap.
417 1323 479 1392 8,
544 1323 620 1380 de
664 1319 1061 1399 synonymis,
1134 1319 1595 1398 heteronyinis,
1657 1322 1950 1393 diversis,
2043 1321 2476 1399 homonyiitis,
2565 1319 3004 1399 polyonyntis,
3111 1335 3466 1396 iatonyit-t-

231 1399 432 1472 (titulo
474 1402 640 1459 enim
674 1397 886 1459 Graeca
927 1401 1226 1460 vocabula
1279 1397 1574 1471 retinere,
1627 1417 1814 1476 quam
1871 1401 2091 1460 Latina
2148 1397 2407 1461 duriora
2473 1402 2802 1476 usurpare)
2835 1397 3002 1472 agit;
3040 1413 3184 1473 quas
3232 1399 3479 1473 singula

232 1478 482 1547 delinit,
527 1487 585 1536 et
617 1495 645 1537 a
681 1496 747 1537 se
785 1479 1052 1538 invicem
1091 1480 1448 1556 distinguit.
1486 1488 1552 1537 nt
1585 1473 1748 1538 haud
1789 1479 2107 1540 immerito
2133 1481 2327 1540 trium
2380 1473 2831 1556 deﬁnitionum
2886 1477 3157 1556 illarum,
3210 1494 3354 1556 qua)
3417 1480 3476 1536 ἰν,

234 1556 554 1630 pritii-ipio
590 1557 1250 1634 libri‘Categoriaruiu
1294 1553 1649 1628 traduntur,
1710 1561 2203 1619 commentarius
2267 1557 2382 1615 hoc
2434 1553 2797 1634 caputudici
2863 1553 3083 1626 possit.
3114 1586 3187 1597 -—-
3223 1555 3371 1631 Cap.
3418 1559 3475 1622 9.

233 1633 310 1692 de
339 1639 632 1710 quinque
672 1632 1313 1715 vo?:ibus(qnasalias
1361 1635 1789 1715 praadicabilia
1819 1634 2164 1712 appellant)
2207 1635 2269 1694 iii
2320 1649 2552 1715 genere
2605 1632 2911 1715 disiiulat,
2947 1647 3469 1715 (tllﬂl‘timunumih

236 1730 380 1769 runt
439 1714 803 1787 qtiinariuiu
860 1709 1112 1774 erudita
1178 1713 1500 1774 divisione
1557 1709 1916 1789 investigat,
1972 1723 2031 1773 et
2093 1709 2559 1787 praidicittionis
2624 1711 3060 1789 diversitatem
3118 1709 3369 1774 indicat.
3409 1749 3481 1758 -ς

233 1792 387 1864 Cap.
429 1794 522 1858 10,
555 1793 629 1849 de
665 1808 899 1864 genere
935 1802 996 1851 et
1041 1795 1118 1851 de
1152 1791 1364 1862 Specie
1403 1807 1693 1850 seorsum
1756 1788 1995 1861 tractat,
2047 1794 2386 1865 utriusque
2439 1791 2722 1865 diversa
2758 1788 3032 1862 primum
3099 1791 3472 1863 signiﬁcata.

235 1873 388 1926 dein
422 1870 826 1928 detinitiones
859 1879 919 1930 et
950 1869 1333 1938 divisiones,
1364 1886 1434 1929 ac
1467 1870 1748 1946 denique
1775 1888 1916 1928 curii
1955 1871 2144 1930 relata
2178 1864 2305 1928 sint
2339 1870 2568 1944 (genus
2625 1864 2794 1946 enim
2853 1867 3093 1946 speciei
3152 1885 3376 1941 genus,
3417 1890 3471 1932 ει·

234 1949 488 2020 ςμειυὶυδ
528 1950 779 2022 generis
811 1957 905 2007 est
930 1950 1201 2024 species)
1239 1958 1494 2023 σχέσεως,
1554 1944 1670 2009 hoc
1701 1958 1793 2005 est
1834 1948 2250 2019 habitudinis,
2285 1965 2398 2006 seu
2459 1945 2784 2005 relationis
2821 1944 3238 2024 rditl'eretitias
3285 1967 3480 2024 expo-

239 2042 426 2084 nens.
458 2061 529 2108 έ
558 2030 702 2108 Cap.
735 2028 834 2096 11,
861 2023 1118 2085 rursum
1153 2029 1230 2086 de
1264 2044 1497 2102 genere
1527 2037 1595 2108 _et
1627 2027 1842 2108 Specie
1875 2038 1941 2108 et
1966 2028 2228 2099 insui-er
2263 2029 2338 2084 de
2383 2024 2719 2108 individuo
2773 2023 3055 2108 disserit,
3085 2025 3197 2108 ubi
3249 2023 3478 2100 genera

235 2115 294 2160 et
329 2107 581 2178 species
619 2107 874 2163 diverso
909 2118 1203 2181 reSpectll
1233 2101 1376 2164 ante
1411 2104 1630 2175 multa,
1670 2107 1732 2164 in
1767 2106 2008 2173 multis,
2050 2114 2106 2163 et
2142 2115 2278 2179 post
2312 2105 2508 2162 multa
2556 2103 2681 2181 dici
2739 2101 3060 2181 ostendit;
3098 2102 3247 2181 dein
3315 2110 3480 2167 entis

235 2183 629 2242 divisionem
665 2184 984 2260 proponit,
1018 2179 1209 2261 quam
1253 2185 1545 2243 instituto
1585 2201 1703 2243 suo
1738 2187 2166 2243 accommodat
2221 2189 2280 2242 et
2320 2183 2487 2240 varia
2547 2179 2861 2239 individui
2920 2180 3270 2261 signiﬁcata
3325 2201 3482 2244 cnti-

240 2271 462 2340 nierat.
489 2295 565 2304 —
587 2258 738 2336 ϐείρ.
781 2262 874 2329 12,
902 2258 1325 2321 dili'erentiam
1353 2264 1743 2337 aggreditur,
1769 2279 1911 2338 qua)
1942 2263 2244 2340 quoniam
2288 2261 2531 2340 duplex
2557 2268 2673 2340 est,
2695 2258 3056 2340 essmtialts
3087 2267 3165 2340 e_t_
3191 2262 3480 2323 acciden-

242 2339 408 2410 talis,
443 2341 854 2422 deﬁnitiones
891 2350 950 2399 et
979 2341 1652 2422 divisionespaliaque
1686 2337 1975 2416 quaedam
2029 2339 2375 2417 adjitcentia
2443 2337 2788 2422 subjuugit.
2816 2369 2890 2380 --
2921 2337 3064 2413 Cap.
3103 2338 3198 2409 13,
3243 2346 3477 2420 preprii

237 2431 520 2498 quatuor
549 2421 769 2478 modos
803 2427 861 2478 et
895 2420 1156 2478 totidem
1188 2417 1561 2498 signiﬁcata
1600 2421 1958 2478 communis
2011 2425 2322 2486 recenset,
2389 2433 2460 2498 ac
2511 2417 2824 2498 imprimis
2886 2423 3181 2498 quartum
3243 2417 3476 2498 proprii

239 2497 502 2555 modum
536 2498 830 2557 declarat.
866 2532 939 2542 —
971 2497 1117 2574 Cap.
1157 2497 1251 2569 ιιι,
1297 2498 1376 2557 de
1418 2500 1640 2557 decem
1687 2498 2025 2574 categoi-iis
2070 2513 2181 2556 seu
2244 2494 2748 2568 prie-.licatncntis
2798 2494 3104 2574 exitlicat,
3154 2494 3479 2572 quoruoito

243 2575 345 2632 ilia
386 2575 750 2650 philosophi
798 2572 1182 2646 invenerint,
1219 2587 1275 2635 et
1327 2592 1358 2634 a
1409 2593 1475 2635 se
1535 2572 2330 2647 invicemvdislinxerint;
2363 2591 2640 2650 quorum
2708 2573 2896 2632 etiam
2940 2572 3194 2647 singula
3255 2583 3477 2651 partim

237 2654 748 2722 ilelinitioitilitis,
792 2657 1007 2727 partim
1041 2655 1350 2722 exemplis
1380 2655 1692 2721 declarat;
1762 2654 2073 2730 imprimis
2121 2660 2328 2713 autem
2379 2654 2585 2711 l’usius
2621 2651 2736 2730 tria
2795 2651 2898 2730 illa
2966 2663 3303 2725 postrema.
3350 2659 3476 2724 ubi.

245 2735 533 2807 quando,
564 2741 625 2790 et
657 2737 846 2793 situm
877 2750 1063 2804 esse;
1097 2740 1162 2791 ut
1192 2734 1592 2796 accusandus
1628 2751 1752 2792 non
1792 2729 1897 2801 sit,
1926 2733 2095 2809 quod
2137 2732 2196 2790 in
2225 2732 2482 2806 speciali
2522 2729 2944 2809 explicatione
2979 2730 3056 2809 de
3099 2731 3225 2809 illis
3266 2745 3477 2808 postea

242 2806 402 2867 nihil
441 2812 640 2869 tradat
671 2811 970 2884 amplius.
1010 2844 1082 2854 —
1112 2812 1257 2887 Cap.
1312 2813 1404 2878 15,
1445 2812 1655 2870 adhuc
1682 2813 1760 2869 de
1807 2806 2309 2885 prtedicamentts
2380 2812 2528 2883 agit,
2566 2816 2624 2866 et
2694 2808 2753 2865 in
2817 2806 3037 2881 primis
3098 2806 3477 2880 divisionem

240 2890 413 2946 illam
449 2890 1212 2964 atiteprzedicatnenialent
1244 2889 1321 2948 de.
1353 2905 1576 2948 eorum
1611 2906 1752 2965 qum
1794 2893 1884 2948 vel
1920 2890 1981 2946 in
2016 2889 2308 2964 subjecto
2337 2896 2510 2956 sunt,
2566 2895 2626 2944 et
2662 2889 2742 2944 de
2795 2887 3082 2965 subjecto
3153 2889 3478 2959 dicuntur,

243 2968 338 3025 vel
376 2970 754 3025 alterutrum
788 2968 1235 3038 duntaxat,vel
1281 2978 1576 3026 nctitrutti
1626 2964 1799 3037 sunt,
1851 2965 2234 3026 dilferentits
2283 2965 2592 3033 explicat;
2654 2971 2713 3023 et
2780 2980 2857 3022 ex
2919 2964 3082 3023 enlis
3155 2965 3478 3030 divisione

242 3047 878 3119 prmiticamentorum
907 3047 1220 3122 originem
1253 3053 1312 3104 et
1345 3046 1635 3104 ordinem
1672 3048 1933 3104 rint-itur
1967 3063 1980 3117 ;
2017 3047 2182 3121 quot
2223 3046 2485 3121 quidem
2522 3045 2710 3101 etiam
2772 3043 2832 3100 iit
2908 3045 3124 3122 decem
3185 3049 3479 3119 pradica-

244 3135 482 3194 menta,
520 3139 646 3183 non
683 3135 748 3183 ut
781 3141 983 3199 genus
1011 3120 1071 3182 in
1116 3125 1386 3198 species,
1422 3127 1532 3182 sed
1580 3134 1643 3183 ut
1683 3120 2058 3184 vocabulum
2101 3123 2180 3181 ab
2226 3120 2356 3183 uno
2399 3125 2488 3180 vel
2532 3126 2605 3180 ad
2664 3137 2859 3199 unum
2920 3120 3119 3179 dividi
3173 3128 3476 3197 ostendit,

239 3212 298 3258 et
333 3203 606 3275 insuper
635 3218 667 3260 a
704 3198 1214 3275 pradicabilibns
1252 3203 1737 3274 praidicamenta
1783 3202 2140 3274 distinguit.
2183 3233 2256 3243 —
2283 3202 2429 3273 Cap.
2461 3200 2555 3269 16,
2587 3200 2663 3258 de
2728 3198 2829 3279 iis
2863 3214 3006 3274 quas
3063 3202 3479 3279 praedicantur

241 3280 372 3355 agit
408 3301 422 3347 ;
470 3281 990 3354 praedicationem
1030 3281 1274 3355 aliquot
1308 3279 1661 3339 divisiones
1698 3283 2045 3338 etiucleam
2079 3289 2137 3338 et
2172 3281 2454 3354 regninm
2489 3277 3255 3348 antepricilicamcntaletn
3307 3277 3478 3358 prio;

243 3375 374 3417 rem
405 3360 754 3434 explicatis,
790 3369 848 3414 ct
874 3358 1167 3417 undecim
1205 3361 1427 3416 modos
1453 3374 1674 3417 eorum
1704 3375 1846 3432 qum
1875 3366 2021 3415 Sunt
2057 3359 2116 3416 i-ﬁi
2157 3359 2372 3431 aliquo
2404 3371 2940 3436 commemorans,
2972 3373 3134 3432 quos
3181 3361 3256 3418 ad
3319 3379 3475 3436 pra)-

241 3439 675 3495 dicanteniuitt
714 3437 818 3495 ulti
856 3439 1123 3506 reducit,
1168 3470 1230 3478 -—
1281 3439 1425 3509 Cap.
1463 3438 1556 3506 17,
1596 3439 1786 3495 unius
1826 3447 1884 3495 et
1945 3436 2233 3510 ejusdem
2290 3443 2350 3494 et
2419 3434 2656 3494 diversi
2714 3435 2936 3493 modos
3010 3434 3358 3509 enumerat,
3416 3452 3476 3500 et

243 3516 531 3589 regulam
567 3519 984 3591 posteriorem
1019 3515 1784 3590 an'epraadicamentaletn
1824 3516 2118 3590 explicat,
2149 3514 2472 3589 simtil-iue
2504 3513 2703 3591 (quod
2772 3512 3090 3588 imprimis
3123 3516 3186 3574 in
3233 3517 3476 3578 theolo-

240 3613 276 3666 Η
307 3611 338 3651 a
389 3596 464 3671 ad
499 3595 842 3652 articulum
883 3594 960 3651 de
1010 3593 1397 3671 ltyp'tstatica
1432 3595 1707 3671 duarum
1751 3601 2111 3652 naturarum
2152 3596 2214 3652 iit
2246 3593 2490 3650 Christo
2537 3596 2776 3651 unione
2829 3593 3059 3650 rectius
3106 3595 3471 3671 intelligen-

239 3681 394 3728 dum
435 3670 597 3730 haud
650 3687 867 3747 parum
903 3674 1314 3730 ρωΟΙιιιῐιθΠιί
1345 3670 1550 3742 habet)
1590 3674 1667 3730 de
1733 3672 2174 3747 liypostaseos,
2218 3671 2605 3746 enypostati,
2641 3671 3001 3746 anypostati
3068 3670 3477 3748 signiﬁcatio-

242 3751 437 3808 nibus
485 3751 885 3809 determinat.
929 3751 1167 3827 —Cap.
1207 3750 1299 3819 19,
1335 3750 1706 3808 substantiae
1753 3750 2139 3809 divisionem
2210 3767 2318 3826 per
2366 3748 2742 3809 interinedia
2815 3765 3048 3824 genera
3108 3759 3166 3809 et
3229 3755 3476 3826 species

239 3831 314 3883 at
351 3827 686 3887 individua
730 3845 935 3906 usque
970 3828 1406 3888 substantialia
1443 3831 1872 3905 persequitur,
1911 3830 2292 3906 tandemque
2325 3831 2532 3897 docet,
2568 3827 2800 3887 rectius
2835 3844 3066 3906 genera
3107 3836 3166 3888 et
3231 3832 3475 3904 species

247 3923 440 3979 quam
498 3905 1247 3968 individuasubstantite
1317 3907 1757 3983 prOpriissitne
1811 3916 1869 3967 et
1931 3907 2131 3984 primo
2174 3918 2233 3968 et
2295 3907 2562 3966 maxime
2611 3905 2994 3965 substantias
3041 3908 3366 3982 appellari.
3404 3945 3479 3956 —-

246 3987 399 4052 Cap.
424 3984 522 4056 20,
566 3985 934 4044 substantiae
967 3994 1380 4056 consectaria,
1421 4002 1563 4062 quae
1599 3986 1783 4062 vulgo
1824 4001 2075 4062 preprta
2120 3985 2522 4062 appellantur
2583 3992 2912 4044 enumerat
2947 3993 3005 4043 et
3051 3987 3308 4059 evolvit,
3368 3990 3474 4048 ubi

245 4063 440 4120 multa
477 4065 710 4139 passim
753 4062 1206 4139 phzlosOphii-m
1237 4065 1620 4122 eruditionis
1673 4076 1853 4140 plena
1910 4066 2252 4124 interserit.
2295 4098 2368 4108 —
2406 4065 2553 4138 Cap.
2604 4064 2704 4133 21,
2752 4065 3072 4139 qualitatis
3123 4065 3477 4126 divisiones

243 4153 304 4220 et
348 4141 830 4220 sttbdivisioiies
873 4155 1280 4217 persequdur
1313 4151 1371 4200 et
1395 4159 1543 4218 quia
1578 4145 1773 4219 aliqui
1807 4161 2045 4202 motuin
2079 4147 2267 4202 etiam
2297 4151 2713 4220 quantitatem
2748 4159 2888 4200 esse
2956 4151 3277 4214 putarunt,
3329 4147 3476 4220 Opi-

246 4218 507 4300 nionem
554 4219 709 4280 hanc
735 4221 958 4289 repeit,
994 4231 1055 4280 et
1092 4224 1339 4296 species
1375 4235 1580 4278 niottis
1619 4218 1920 4281 divisoria
1959 4221 2252 4280 tnet'riodo
2287 4218 2646 4295 investigat.
2691 4253 2759 4264 —-
2791 4220 2935 4297 Cap.
2976 4221 3111 4300 22,
3147 4226 3224 4281 de
3271 4218 3477 4300 quali-

245 4306 369 4376 tate
403 4298 557 4373 agit,
591 4314 779 4374 quant
827 4303 886 4356 in
925 4308 1195 4374 quatuor
1220 4301 1726 4375 generadividil,
1754 4313 1812 4358 et
1847 4301 2100 4375 singula
2136 4317 2246 4376 per
2313 4301 2747 4358 delinitiottem
2815 4310 2874 4358 et
2925 4298 3309 4359 divisionem
3362 4320 3475 4362 ex-

248 4375 476 4447 plicat;
510 4380 723 4450 quatiat
761 4381 904 4434 item
945 4391 1094 4454 quor
1135 4379 1340 4436 lltOiiiS
1391 4380 1780 4455 accipiantur
1824 4375 2282 4437 deterttiinans.
2309 4410 2379 4421 ———
2414 4381 2560 4453 Cap.
2594 4378 2693 4449 '23,
2752 4379 3092 4437 relatorum
3151 4380 3474 4455 duplicem

245 4456 715 4524 «teliiiiiioiiem,
779 4457 1135 4515 divismncs
1192 4458 1389 4514 varias
1437 4469 1497 4515 et
1551 4458 1943 4515 consectaria
2008 4458 2324 4532 proponit.
2358 4457 2611 4530 —Cap.
2669 4456 2768 4526 illi,
2826 4458 2937 4514 tria
2990 4457 3474 4531 praadicamenta

245 4550 458 4608 agere,
497 4543 616 4609 pati
651 4545 712 4592 et
746 4533 975 4592 habere
1015 4532 1256 4600 deﬁnit,
1293 4535 1520 4593 dividit
1551 4542 1620 4613 ct
1663 4551 1770 4608 per
1801 4535 2145 4611 adjacentia
2177 4536 2472 4611 explicat.
2513 4566 2587 4578 —-
2628 4536 2774 4610 Cap.
2800 4534 2896 4604 25,
2939 4551 3080 4593 cum
3122 4533 3251 4611 ἀνω
3285 4553 3474 4613 supra

245 4625 451 4686 rapite
486 4613 735 4670 decimo
765 4627 985 4687 quarto
1017 4615 1091 4670 de
1124 4613 1326 4670 tritius
1368 4612 1897 4687 prmdicaiuentis,
1939 4613 2218 4692 quando,
2255 4615 2358 4672 ubi
2406 4624 2459 4672 et
2495 4615 2688 4672 situm
2725 4631 2866 4672 esse
2899 4613 3122 4692 egerit,
3158 4615 3229 4671 ad
3278 4612 3476 4692 oppo-

243 4704 360 4746 sita
394 4693 666 4757 accedit,
697 4708 973 4765 quorum
1010 4707 1342 4750 numerum
1384 4693 1862 4766 quaternariuin
1918 4708 2026 4765 per
2055 4690 2437 4769 divisionem
2496 4691 2853 4767 investigat,
2891 4701 2951 4751 et
2991 4691 3273 4768 singulas
3326 4690 3472 4769 spe-

242 4785 401 4836 Fles,
441 4784 501 4825 in
541 4785 760 4841 primis
790 4769 1122 4834 contraria,
1160 4769 1491 4842 privantia.
1530 4778 1588 4827 et
1623 4768 2116 4828 contradicentia
2148 4769 2287 4829 fuse
2319 4770 2635 4845 explicat,
2671 4769 2923 4830 habitus
2981 4778 3041 4828 et
3099 4768 3472 4842 privatio’itis

243 4847 727 4922 iiomoiiyiniaui
763 4847 1198 4906 utiliter-inter
1229 4847 1350 4905 alia
1381 4854 1710 4906 evolvens.
1752 4879 1822 4890 ——
1854 4849 2002 4920 Cap.
2032 4849 2131 4912 26.
2176 4865 2316 4907 cuin
2344 4849 2472 4924 jaut
2506 4852 2585 4906 de
2644 4850 2844 4906 nitidis
2896 4849 3122 4921 priet-is
3167 4856 3226 4905 et
3279 4848 3466 4908 simul

238 4926 451 4999 capite
475 4935 726 4983 decimo
754 4937 1000 4994 octavo,
1035 4942 1094 4984 et
1126 4930 1201 4984 de
1229 4937 1432 4984 motus
1457 4928 1793 4999 speciebus
1825 4934 2029 5000 capite
2055 4927 2356 4985 vicesimo
2380 4927 2582 5000 primo
2618 4931 2673 4984 et
2696 4930 2772 4985 de
2801 4925 3170 5002 signiﬁcatis
3199 4926 3471 4986 habendi

237 5020 448 5080 capite
475 5019 777 5062 Vicesituo
805 5014 1030 5081 quarto
1066 5003 1478 5077 expliciiei-it,
1520 5006 1596 5082 ad
1635 5021 1864 5063 nomen
1897 5016 1955 5063 et
2010 5005 2292 5073 verbum,
2326 5020 2471 5082 quin
2507 5015 2655 5063 sunt
2693 5007 3032 5080 integi-ales
3089 5004 3473 5082 enuntiatio-

239 5098 341 5138 iiis
381 5088 616 5156 partes,
648 5080 930 5153 accedit;
966 5087 1305 5158 utriusque
1341 5081 1783 5141 deliiiitionem
1814 5099 1890 5142 ex
1928 5083 2268 5144 Aristotele
2305 5080 2594 5158 proponit
2655 5094 2714 5140 et
2748 5083 3039 5158 explicat.
3076 5080 3469 5142 ilitferentias

234 5170 296 5217 et
325 5158 686 5238 divisiones
725 5162 1058 5236 explanat;
1093 5169 1154 5219 et
1189 5160 1330 5230 alia,
1369 5161 1431 5218 in
1469 5160 1689 5238 primis
1729 5162 1805 5218 de
1867 5161 2109 5238 doplici
2185 5161 2518 5218 verborum
2547 5204 2560 5226 ,
2603 5174 2668 5219 ut
2717 5169 2780 5219 et
2845 5160 3227 5220 substantivi
3297 5161 3472 5220 verbi

235 5245 348 5304 est,
386 5246 552 5308 erat,
587 5237 726 5309 erit,
765 5240 1230 5316 Signiﬁcatione
1261 5254 1277 5308 ;
1307 5240 1387 5296 de
1429 5237 1690 5297 Veritate
1726 5238 1874 5297 item
1899 5237 2264 5299 etfalsitate
2288 5240 2620 5309 orationis,
2653 5248 2917 5299 venuste
2949 5247 3009 5296 et
3057 5241 3313 5296 erudite
3341 5239 3471 5296 dis-

237 5328 444 5392 putat.
488 5346 550 5358 --
584 5317 729 5392 Cap.
754 5316 852 5386 27,
885 5321 1239 5376 orationem
1281 5318 1521 5384 delinit,
1560 5316 1722 5395 etin
1749 5317 2036 5395 quinque
2069 5319 2341 5390 species,
2371 5317 2742 5382 vocativam,
2780 5316 3239 5390 imperativatn,
3276 5316 3472 5376 inter-

233 5405 612 5470 r05ativam,
647 5405 986 5471 optativam
1019 5403 1080 5453 et
1112 5394 1568 5454 enuntiativaiu
1599 5393 1869 5465 dividit;
1903 5393 1964 5455 et
1991 5396 2384 5472 singularum
2418 5396 2774 5468 Specierutn
2799 5397 3108 5469 originem
3145 5396 3220 5454 ab
3244 5396 3472 5454 animm

235 5472 546 5546 potentius
585 5473 1021 5552 philosoiiliice
1059 5474 1367 5552 rimatur;
1405 5488 1551 5532 titox
1581 5471 2186 5552 enuntiationeiiiin
2223 5471 2706 5534 ailiriiiationem
2764 5483 2820 5531 et
2861 5475 3262 5547 negationem
3301 5473 3471 5552 divi-

229 5555 462 5622 dit,ex
509 5554 746 5625 quibus
783 5549 1103 5630 oppositiu
1140 5550 1431 5623 edicitur,
1468 5567 1657 5628 quam
1711 5551 1937 5630 itidem
1997 5551 2216 5612 delinit
2270 5560 2329 5610 et
2384 5553 2640 5611 duobus
2701 5553 2906 5610 ttiodis
2959 5552 3089 5610 liri'i
3150 5549 3468 5630 ostendit;

226 5635 446 5713 donec
471 5632 592 5688 alia
635 5646 785 5713 nova
814 5628 1138 5692 divisione
1172 5639 1646 5713 prepositiones
1687 5628 1920 5713 dividat
1954 5631 2016 5690 itt
2057 5647 2160 5713 eas
2192 5647 2336 5706 quin
2393 5632 2528 5688 solo
2562 5631 2846 5705 subjecto
2895 5642 2955 5687 ei
3019 5629 3376 5713 prteilicato.
3411 5637 3472 5686 et

226 5711 296 5767 iii
330 5725 440 5768 eas
478 5725 624 5786 quin
659 5711 843 5770 etiam
886 5714 1071 5771 tertio
1110 5710 1557 5782 appriedicato,
1592 5715 1653 5768 et
1695 5709 1756 5768 in
1791 5725 1896 5768 eas
1934 5724 2074 5785 qum
2117 5710 2382 5784 insuper
2445 5713 2630 5767 modo
2685 5717 3018 5776 constant;
3075 5716 3134 5764 ct
3192 5709 3470 5786 denique

223 5795 309 5845 de
337 5804 466 5847 una
501 5785 564 5846 et
598 5789 933 5864 multiplici
965 5787 1398 5864 propositione
1431 5790 1706 5864 aliisque
1741 5788 1816 5846 ad
1854 5787 2356 5864 preposnionem
2405 5789 2872 5863 pertinentibus
2901 5788 3182 5844 disserit.
3220 5818 3284 5828 —
3319 5785 3466 5857 Cap.

219 5865 326 5937 28,
372 5870 455 5925 dc
489 5869 692 5926 tribus
733 5869 1014 5926 materiis
1059 5867 1590 5945 propositi-nium,
1665 5867 2075 5938 necesssaria,
2145 5866 2529 5942 impossibili
2585 5875 2644 5924 et
2710 5875 3117 5939 ςυηὶιιιέοιιιυ
3174 5864 3466 5934 explicat,

609 5975 876 6031 PaTnoL.
916 5968 1030 6029 Gn.
1077 5972 1166 6029 CX
1185 5971 1306 6028 Lit.

3090 5968 3159 6026 22
