4184 6462
198 390 293 453 721

1474 400 1817 459 ΕΡΙΤΟΜΕ
1855 401 2151 465 LOGlCA.

3376 410 3479 471 ’ἷΞὲ

268 503 335 567 γ’.
356 504 549 571 Τρίτος
576 507 699 574 Spe;
719 508 748 560 6
772 508 970 575 λόγων,
1003 511 1089 562 ίὶτι
1124 513 1415 582 φιλοσοφία
1438 515 1557 566 ἐστὶ
1584 514 1777 583 μελέτη

1964 520 2017 577 5.
2050 519 2233 576 Tertia
2277 523 2521 579 delinitio
2553 536 2658 586 est,
2689 544 2810 595 qum
2854 530 3021 592 dicit,
3066 528 3473 599 philosophiam

197 595 452 658 θανάτου,
485 598 724 666 δηλονότι
755 600 849 653 τοῦ
895 606 1309 672 πρωιρετικοῦε
1349 608 1482 660 Οὐδὲ
1511 611 1619 677 γὰρ
1654 608 1780 676 βού-

195 686 343 741 λεται
386 692 414 742 6
444 692 731 761 φιλόσοφος
760 698 888 766 περὶ
924 696 1023 766 τῆς
1051 700 1387 767 ἀναιρέσεως
1416 702 1582 757 αὑτοῦ
1623 706 1783 773 μελεω

195 782 317 851 τᾷν.
354 784 513 837 Οὕτω
540 788 649 857 γὰρ
694 788 760 842 ἂν
818 792 942 854 τοὺς
994 792 1422 863 δημιουργικοὺς
1479 799 1779 868 ἀνατρέποι

197 872 433 939 νόμους’
484 878 536 927 ετ
564 894 625 941 γε
674 880 702 930 6
748 879 847 942 μὲν
874 879 1210 951 δημιουργὸς
1258 886 1517 953 συνέδησε
1556 888 1634 953 τῷ
1676 890 1781 941 σώ-

202 982 332 1031 ματι
355 966 453 1032 τὴν
484 967 682 1037 ψυχὴν,
712 972 739 1022 6
762 970 818 1023 δὲ
856 970 1105 1040 βούλεται
1148 975 1239 1028 τὸν
1258 975 1501 1029 τοιοῦτον
1530 981 1784 1034 ἀναλύειν

195 1055 397 1121 δεσμὸν
440 1061 590 1127 παρὰ
632 1063 733 1129 τὴν
759 1062 852 1115 τοῦ
906 1066 1267 1135 συνδήσαντος
1314 1069 1592 1126 κέλευσεν.
1638 1074 1782 1126 ’Λλλ’

197 1150 317 1199 επεὶ
348 1149 501 1218 διττή
554 1153 701 1205 ιστιν
734 1155 766 1223 ἠ
819 1152 932 1225 ζωὴ
992 1155 1109 1228 (καὶ
1140 1160 1249 1228 γὰρ
1280 1163 1311 1229 ἡ
1356 1163 1455 1229 μὲν
1485 1168 1711 1236 φυσικὴ,
1751 1170 1783 1238 ἡ

195 1240 251 1292 δι
286 1246 649 1314 προαιρετική
673 1262 687 1277 ·
714 1249 804 1300 καὶ
823 1249 1031 1318 φυσικὴ
1066 1252 1164 1321 μὶν
1192 1254 1224 1322 ἡ
1256 1256 1523 1323 συνάφεια
1555 1259 1651 1328 τῆς
1678 1261 1781 1328 ψυ-

197 1332 297 1396 χῆς
327 1336 424 1385 καὶ
452 1334 545 1386 τοῦ
570 1335 843 1404 σώματος,
874 1339 997 1394 καθ’
1019 1344 1087 1412 ἢν
1115 1344 1219 1397 ὑπὸ
1249 1346 1349 1414 τῆς
1372 1352 1632 1417 προνοίας
1661 1356 1783 1405 ἑτά-

198 1424 412 1491 χθημεν
472 1427 593 1496 ζῇν,
638 1432 759 1483 καθ’
788 1434 855 1501 ἢν
903 1436 965 1488 τὸ
1001 1436 1159 1505 σῶμα
1188 1438 1382 1507 δεσμεῖ
1430 1442 1530 1513 τὴν
1564 1444 1745 1515 ψυχήν
1769 1463 1781 1476 ·

198 1522 561 1589 προαιρετική
604 1522 660 1576 δὲ
694 1523 850 1593 (ζωὴ)
902 1528 936 1596 ἡ
977 1530 1114 1595 πρὸς
1160 1532 1221 1583 τδ
1273 1533 1434 1602 σῶμα
1466 1539 1786 1603 συμπάθεια

200 1613 291 1659 καί
331 1613 457 1678 περὶ
492 1614 590 1675 τὰς
647 1616 840 1683 ἡδονὰς
871 1619 1119 1690 ἀσχολία,
1156 1625 1276 1677 καθ’
1323 1627 1389 1697 ἢν
1426 1628 1630 1699 ἡψυχὴ
1666 1633 1787 1684 ἑαυ-

195 1699 294 1769 τὴν
316 1703 508 1771 δεσμεῖ
538 1709 633 1759 καὶ
674 1714 1143 1776 προσπατταλεύει
1188 1715 1266 1785 τῷ
1299 1719 1535 1789 σώματι)
1567 1740 1579 1751 ’
1612 1722 1785 1788 διττὸς

196 1792 527 1857 γινώσκεται
560 1798 615 1850 δι
646 1801 672 1851 ὀ
704 1798 957 1866 θάνατος,
990 1809 1218 1871 φυσικὸς
1249 1811 1343 1863 καὶ
1374 1818 1779 1882 προαιρετικός.

197 1886 304 1937 Καὶ
333 1892 563 1953 φυσικὸς
601 1893 701 1960 μεν
730 1894 839 1949 εστι
874 1895 1101 1961 θάνατος
1123 1904 1151 1952 ὀ
1184 1905 1275 1956 τοῦ
1306 1907 1559 1974 σώματος
1590 1909 1785 1980 διαχωο

200 1980 394 2046 ρισμίις
430 1982 539 2034 ἀπὸ
570 1985 666 2053 τῆς
718 1986 918 2057 ψυχῆς,
956 1993 1075 2045 καθ’
1108 1994 1166 2047 ὃν
1198 1997 1342 2060 ἅπας
1379 2000 1666 2068 ἄνθρωπος
1694 2022 1780 2056 τε·

198 2069 361 2140 λευτᾷ
381 2088 396 2102 ·
431 2080 811 2145 προαιρετικὸς
832 2082 887 2134 δι
914 2081 1143 2147 θάνατος
1166 2090 1196 2155 ἡ
1228 2089 1347 2142 κατ’
1371 2093 1574 2162 ἀρετὴν
1600 2094 1781 2164 ὑπαρ-

196 2179 279 2226 γει
312 2164 425 2233 ζωή
449 2184 461 2197 ·
500 2171 622 2221 καθ’
656 2173 724 2241 ἢν
754 2176 781 2227 6
832 2174 1041 2245 ἀληθὴς
1083 2180 1373 2249 φιλόσοφος
1417 2188 1643 2255 χωρίζει
1692 2192 1787 2243 καὶ

196 2255 305 2323 πρὸ
340 2257 435 2310 τοῦ
464 2262 692 2327 φυσικοῦ
729 2265 959 2323 θανάτου
994 2274 1092 2341 τὴν
1140 2276 1319 2346 ψυχὴν
1350 2279 1415 2330 ὲκ
1464 2280 1560 2331 τοῦ
1598 2280 1785 2348 σώμα-

197 2362 289 2409 τος
319 2351 589 2419 νέκρωσιν
616 2356 1059 2432 ἀπεργαζόμενος
1099 2367 1207 2419 τῶν
1235 2369 1426 2423 παθῶν
1448 2389 1461 2401 ·
1501 2372 1663 2439 (καὶ)
1692 2374 1782 2426 διὰ

197 2439 299 2502 τῆς
330 2443 594 2514 τοιαύτης
627 2450 946 2520 νεκρώσεως
976 2456 1052 2526 τῷ
1081 2459 1285 2515 ἁπαθεί
1312 2464 1454 2517 κατὰ
1481 2466 1540 2518 τὸ
1560 2467 1787 2521 δυνατὸν

196 2534 580 2606 ὁμοιούμενος.
617 2542 771 2597 ἐστι
819 2548 875 2600 δι
922 2551 1014 2602 καὶ
1050 2555 1365 2624 κοινότερον
1400 2561 1660 2628 περὶτῆς
1688 2561 1782 2614 τοῦ

198 2628 434 2683 Θανάτου
469 2633 699 2704 μελέτης
731 2640 904 2693 εἰπεῖν
928 2657 944 2673 ⁸
974 2643 1167 2715 ὅτιπερ
1202 2650 1229 2702 6
1277 2652 1376 2716 τὴν
1404 2652 1655 2707 ιντεῦθεν
1690 2655 1782 2708 ικ-

198 2720 403 2788 εημίαν
455 2725 511 2775 ἐν
548 2728 622 2796 νῷ
652 2730 834 2799 φέρων
868 2734 1161 2801 διαπαντὸς
1211 2741 1305 2794 καὶ
1340 2742 1625 2815 μελέτημα
1649 2748 1783 2801 ταύ-

194 2829 296 2881 της
329 2815 608 2883 τιθέμενος
658 2821 928 2891 ἔμμονον,
965 2832 1186 2885 πάντων
1250 2837 1609 2906 φιλοσοφήσει
1666 2841 1780 2895 τῶν

198 2910 529 3001 σωματικῶν
559 2914 657 2981 τὴν
680 2917 1019 2990 ἀπαλλαγὴν,
1057 2926 1147 2977 καὶ
1179 2928 1280 2980 ὅσα
1317 2930 1416 2999 τὴν
1445 2930 1624 3001 ψυχὴν
1657 2934 1777 3001 βελ·

212 3000 324 3093 τιρῖ
345 3002 689 3068 κατορθῶσαι
720 3011 1028 3077 σπουδάσει,
1054 3020 1148 3069 καὶ
1177 3020 1276 3087 τὴν
1303 3021 1504 3089 ᾁρετὴν
1526 3000 1619 3075 καὶ
1644 3000 1781 3093 συμ-

198 3090 627 3163 πολιτευομένην
685 3100 779 3152 καὶ
829 3104 1165 3174 συνέκδημον
1194 3112 1479 3179 κτήσεται,
1512 3112 1621 3167 τῶν
1656 3090 1777 3169 ἑπι-

195 3180 382 3249 κὴρων
412 3184 887 3257 ἀνταῦαξάμενος
910 3193 980 3245 τὰ
1011 3195 1241 3251 αἰώνια.

261 3450 306 3503 δ’
314 3490 329 3505 .
354 3452 628 3521 Τέταρτος
688 3458 812 3524 ὅρος
862 3462 1009 3514 ἐστὶν
1064 3466 1092 3517 ὁ
1146 3464 1323 3533 λέγων
1363 3470 1445 3524 ὅτι
1483 3472 1776 3543 φιλοσοφία

191 3543 346 3596 εστὶν
376 3546 636 3613 ὁμοίωσις
659 3548 777 3618 Θεῷ
806 3557 946 3605 κατὰ
981 3556 1042 3607 τδ
1072 3556 1296 3612 δυνατὸν
1318 3562 1613 3635 ἀνθρώπῳ.

262 3735 329 3787 ε’.
361 3734 511 3788 Ἐπεὶ
536 3737 642 3807 γὰρ
678 3740 705 3791 6
738 3740 869 3804 Θεὸς
898 3742 1080 3805 διττὰς
1106 3746 1216 3813 ἔχει
1242 3748 1341 3810 τὰς
1368 3752 1655 3820 ἐνεργείας
1676 3757 1774 3817 τὰς

193 3831 296 3893 μιν
320 3831 630 3893 γνωστικὰς
661 3831 769 3883 τῶν
801 3832 994 3897 ὄντων,
1025 3836 1149 3889 καθ’
1174 3838 1241 3901 ἃς
1294 3843 1472 3896 πάντα
1507 3847 1773 3911 γινώσκει

194 3922 286 3970 καὶ
320 3921 425 3985 πρὸ
474 3924 743 3986 γενέσεως
775 3924 955 3979 αὐτῶν
980 3944 997 3961 ο
1044 3931 1143 3991 τὰς
1175 3931 1231 3985 δι
1268 3940 1638 4005 προνοητικὰς
1664 3940 1772 3992 τῶν

193 4011 657 4081 καταδεεστέρων,
682 4017 803 4070 καθ’
829 4018 895 4081 ἃς
937 4026 1362 4089 προνοεῖταιτοῦ
1391 4028 1600 4096 κόσμου
1633 4048 1770 4085 παν-

189 4105 315 4164 τός·
356 4104 495 4155 ἀλλὰ
542 4105 607 4175 δὴ
664 4109 759 4159 καὶ
813 4112 840 4161 6
871 4111 1161 4179 φιλόσοφος
1194 4116 1303 4167 τῶν
1347 4117 1517 4170 ὄντων
1551 4123 1772 4176 σπεύδει

190 4196 409 4246 πάντων
436 4192 579 4249 εἶναι
604 4198 887 4270 θεωρητὴς
911 4206 1003 4255 καὶ
1032 4206 1130 4271 τὴν
1158 4207 1266 4257 τῶν
1293 4209 1433 4261 ὅλων
1463 4212 1626 4278 φύσιν
1650 4215 1771 4267 ὲπί-

192 4291 422 4341 στασθαι
447 4305 461 4320 ·
494 4296 800 4359 προνοεῖται
832 4294 887 4348 δὲ
918 4298 1010 4349 καὶ
1036 4298 1143 4351 τῶν
1175 4303 1615 4375 καταδεεστέρων
1637 4325 1649 4338 ι
1676 4309 1763 4363 διὰ

192 4382 289 4448 μιν
321 4382 422 4447 τῆς
446 4382 790 4453 θεωρητικῆς
822 4388 889 4439 τὰ
935 4388 1185 4457 δόγματα
1215 4392 1480 4448 διδάσκων
1503 4399 1601 4465 τῆς
1629 4402 1765 4468 άλη-

185 4471 356 4537 θείας,
393 4473 483 4526 διὰ
508 4473 565 4527 δᾶ
597 4476 697 4543 τῆς
731 4481 1048 4548 πρακτικῆς
1084 4481 1191 4551 ἧθιι
1236 4484 1521 4553 ῥυθμίζων
1549 4491 1647 4542 καὶ
1678 4509 1767 4545 νος

186 4564 435 4654 μοθετῶν
465 4566 534 4619 τὰ
566 4566 754 4621 δέοντα
784 4571 882 4623 καὶ
910 4571 1148 4636 δικάζων
1188 4577 1281 4629 καὶ
1313 4579 1570 4632 παντοίαν
1602 4583 1772 4654 ἄλλην

184 4653 512 4725 gaudium;
545 4659 863 4727 επιμᾶειαν
901 4665 994 4717 τοῦ
1055 4668 1428 4733 συνοίσοντος·
1476 4653 1765 4748 είκότωςῆ

183 4749 475 4817 φιλοσοφία
499 4748 587 4803 διὰ
615 4753 786 4806 ταῦτα
818 4755 937 4823 Θεῷ
964 4757 1200 4829 ὑπάρχει
1230 4763 1511 4830 ὁμοίωσις.

1814 1854 1861 1914 Β

1886 629 2005 668 esse
2038 616 2449 671 meditationem
2508 620 2726 682 mortis.
2805 622 3057 675 electitiae
3086 622 3343 676 nimirum
3380 638 3475 677 seu

1889 709 2237 763 voluntariae.
2281 710 2471 777 Neque
2504 715 2649 769 enim
2704 716 2810 769 hoc
2841 716 3200 783 philosophus
3226 715 3474 771 meditari

1889 804 2318 870 vult.'quomodo
2342 806 2443 860 sibi
2477 806 2577 875 ipsi
2610 824 2805 863 manus
2828 808 3026 862 inferat
3050 810 3149 873 (sic
3174 810 3320 864 enim
3345 826 3480 865 cou-

1888 893 2099 948 dititias
2127 894 2271 963 leges
2295 905 2564 950 everteret
2589 915 2605 964 ;
2661 898 2931 965 siquidem
2955 897 3203 951 conditor
3256 900 3477 966 quidem

1888 986 2129 1039 animam
2155 1000 2279 1039 cum
2300 1001 2531 1054 corpore
2569 987 2863 1057 copulavit,
2892 986 2981 1041 ille
3013 996 3191 1041 autem
3224 986 3479 1056 hujusce-

1892 1078 2035 1131 modi
2063 1078 2315 1146 copulam
2350 1079 2560 1150 injussu
2596 1082 2719 1148 ejus
2748 1081 2842 1152 qui
2871 1080 3150 1150 copulavit
3173 1080 3473 1134 dissolvere

1894 1172 2223 1241 praesumit).
2260 1171 2367 1227 Sed
2403 1172 2664 1242 quoniam
2692 1174 2799 1227 vita
2845 1172 3043 1240 duplex
3090 1183 3172 1229 est
3196 1176 3301 1235 (est
3328 1174 3476 1228 enim

1891 1263 1995 1317 alia
2039 1264 2261 1331 quidem
2296 1264 2583 1327 naturalis,
2617 1265 2719 1319 alia
2758 1280 2888 1319 vero
2921 1266 3188 1329 electiva;
3228 1276 3288 1318 et
3318 1274 3478 1319 natu-

1892 1356 2023 1410 ralis
2052 1354 2160 1428 55
2190 1355 2432 1424 quidem,
2465 1356 2741 1411 connexio
2772 1358 2969 1412 animae
2998 1369 3053 1412 et
3087 1359 3356 1427 corporis,
3390 1374 3479 1410 se-

1891 1447 2133 1502 cundum
2166 1463 2332 1518 quam
2377 1464 2407 1503 a
2456 1449 2639 1504 divina
2670 1451 3009 1520 providentia
3048 1452 3264 1505 vivendi
3297 1450 3477 1520 dispo-

1892 1541 2152 1596 sitionem
2208 1540 2544 1610 accepimus,
2603 1557 2709 1611 qua
2760 1559 2960 1613 corpus
3015 1543 3145 1613 ligat
3195 1543 3477 1601 animam;

1892 1633 2127 1689 electitia
2166 1648 2321 1696 vero,
2353 1633 2673 1702 conjunctio
2702 1650 2797 1688 seu
2834 1637 3172 1688 consortium
3202 1650 3326 1688 cum
3356 1649 3477 1688 cor-

1893 1740 2027 1795 pore
2069 1733 2127 1779 et
2168 1725 2311 1779 circa
2368 1726 2680 1795 voluptates
2725 1729 3031 1795 occupatio,
3087 1740 3195 1794 qua
3242 1726 3477 1795 seipsam

1894 1818 2075 1873 anima
2104 1818 2253 1887 ligat,
2292 1828 2347 1873 et
2394 1820 2613 1888 corpori
2636 1820 2823 1889 adigit)
2867 1838 2878 1873 :
2912 1820 3109 1885 duplex
3134 1822 3298 1873 etiam
3331 1835 3477 1872 mors

1895 1930 2017 1968 csse.
2044 1914 2414 1983 cognoscitur,
2452 1913 2720 1966 naturalis
2750 1924 2802 1965 et
2831 1914 3082 1966 electiva.
3118 1912 3182 1965 Et
3215 1913 3478 1965 naturalis

1892 2004 2114 2072 quidem
2172 2020 2323 2059 mors
2360 2016 2444 2059 est
2496 2004 2854 2070 disseparatio
2900 2005 3095 2057 animae
3151 2020 3178 2055 a
3227 2018 3474 2070 corpore,

1892 2098 2190 2153 secundum
2217 2113 2382 2167 quam
2412 2098 2592 2151 omnis
2621 2098 2786 2151 homo
2809 2097 3047 2158 decedit,
3075 2097 3311 2151 electitia
3346 2111 3477 2150 vero

1894 2206 2063 2256 mors,
2110 2192 2411 2245 secundum
2452 2190 2709 2245 virtutem
2746 2191 2854 2244 vita
2888 2192 3139 2256 exsistit;
3172 2190 3473 2244 secundum

1891 2299 2053 2349 quam
2086 2298 2245 2337 veros
2284 2285 2641 2352 philosophus
2681 2283 2845 2337 etiam
2882 2294 3008 2337 ante
3047 2294 3275 2337 mortem
3319 2294 3476 2337 natu-

1894 2378 2061 2430 ralem
2096 2388 2309 2444 separat
2345 2377 2584 2429 animam
2632 2392 2662 2430 a
2707 2392 2960 2443 corpore,
2995 2376 3121 2429 dum
3156 2378 3470 2444 passionum

1891 2470 2371 2525 mortiﬁcationem
2415 2478 2699 2539 operatur.
2744 2480 2800 2525 et
2832 2468 3211 2538 hujuscemodi
3244 2470 3477 2525 mortifi-

1888 2566 2103 2619 catione
2138 2574 2349 2617 naturae
2380 2563 2728 2633 impassibili.
2762 2574 3027 2631 quantum
3059 2564 3179 2633 ejus
3220 2563 3336 2617 fieri
3378 2580 3473 2633 po-

1887 2664 2016 2718 test.
2044 2655 2242 2710 similis
2271 2654 2523 2711 edicitur.
2554 2656 2661 2711 Sed
2680 2656 2806 2711 licet
2837 2658 3002 2710 etiam
3031 2657 3388 2711 communitis
3405 2658 3474 2712 de

1887 2746 2245 2803 meditatione
2293 2749 2485 2804 mortis
2528 2747 2801 2802 disserere
2835 2760 2852 2801 τ
2888 2749 3033 2817 quod
3089 2749 3183 2819 qui
3231 2764 3295 2805 ex
3362 2750 3470 2805 hoc

1887 2840 2094 2897 mundo
2137 2843 2438 2895 discessum
2492 2852 2675 2895 mente
2707 2856 2925 2907 semper
2961 2842 3283 2897 circumfert
3318 2852 3373 2897 et
3406 2848 3460 2897 in

1886 2946 2177 2991 constante
2209 2936 2374 3003 hujus
2402 2936 2764 2989 meditatione
2802 2947 3050 2990 versatur
3071 2978 3085 3001 ,
3118 2936 3163 2990 is
3192 2937 3467 2993 liberatio-

1885 3044 2010 3083 nem
2058 3029 2125 3082 ab
2171 3028 2427 3081 omnibus
2471 3028 2852 3096 corporalibus
2900 3029 3365 3083 commentabitur
3410 3040 3465 3085 et

1884 3135 2230 3189 quaecunque
2266 3122 2509 3174 animum
2560 3118 2841 3174 meliorem
2892 3119 3155 3185 efﬁciunt,
3206 3136 3465 3190 peragere

1804 3199 1851 3259 ο
1882 3213 2149 3275 studebit,
2185 3214 2557 3282 virtutemque
2588 3230 2711 3268 cum
2756 3215 2808 3266 iu
2844 3214 3129 3281 republica
3164 3215 3463 3293 comitem.

1883 3316 1996 3360 tum
2032 3307 2536 3376 iupcregrinatione
2567 3308 2770 3360 sociam
2810 3306 3055 3369 habebit,
3098 3305 3323 3361 caducis
3354 3306 3466 3379 ιε

1878 3407 1934 3453 ct
1962 3396 2124 3452 fluxis
2159 3413 2258 3467 pro
2288 3398 2510 3452 :etcrnis
2543 3401 2893 3467 permutatis.

1950 3491 2003 3546 4.
2033 3488 2239 3556 Quarta
2289 3490 2536 3545 definitio
2590 3501 2676 3545 est
2730 3508 2851 3558 qua:
2908 3494 3003 3555 ait.
3062 3492 3461 3562 pliilosOpliiam

1878 3596 2000 3637 esse
2035 3582 2455 3637 similitudinem
2488 3597 2613 3636 cum
2667 3582 2777 3638 Deo
2799 3623 2814 3647 ,
2854 3594 3057 3655 quanta
3097 3587 3153 3639 in
3185 3586 3463 3641 hominem

1878 3673 2077 3727 cadere
2106 3682 2310 3742 potest.

1952 3765 2008 3817 5.
2051 3764 2321 3829 Quoniam
2360 3767 2507 3819 enim
2545 3765 2688 3818 flens
2718 3766 2883 3819 liabet
2915 3767 3160 3832 duplices
3193 3771 3465 3839 operatio-

1879 3870 2008 3919 nes;
2067 3858 2203 3910 alias
2239 3858 2459 3927 quidem
2494 3858 2695 3923 quibus
2726 3862 3007 3929 cognoscit
3040 3864 3186 3914 entia
3215 3903 3229 3924 ,
3262 3878 3462 3915 secun-

1875 3948 2002 3999 dum
2068 3964 2207 4017 quas
2268 3951 2452 4002 omnia
2500 3952 2664 4003 etiam
2744 3962 2870 4005 ante
2918 3966 3102 4007 ortum
3155 3971 3311 4007 suum
3361 3971 3460 4008 co-

1878 4041 2134 4108 gnoscit;
2169 4040 2304 4094 alias
2340 4056 2491 4100 vero.
2525 4043 2726 4109 quibus
2758 4059 3051 4111 egenarnm
3102 4062 3282 4097 rerum
3331 4061 3459 4113 pro-

1877 4134 2176 4187 videnti-am
2228 4134 2431 4200 habet,
2467 4136 2768 4188 secundum
2807 4153 2943 4203 quas
2976 4138 3069 4190 toti
3110 4139 3309 4190 mundo
3337 4154 3462 4207 pro-

1876 4220 2060 4294 spicit,
2086 4225 2196 4294 jam
2224 4240 2354 4279 vero
2385 4228 2551 4280 etiam
2587 4228 2947 4296 philosophus
2975 4245 3163 4281 eorum
3188 4245 3309 4296 qua:
3332 4242 3461 4282 sunt

1875 4318 2271 4386 contemplator
2298 4332 2441 4378 esse.
2465 4327 2520 4370 et
2552 4333 2737 4372 rerum
2776 4322 3158 4373 universarum
3206 4330 3458 4374 naturam

1876 4410 2018 4465 scire
2050 4411 2334 4464 contendit
2360 4427 2373 4475 ;
2398 4411 2532 4479 quin
2565 4422 2619 4465 et
2645 4428 2937 4482 egenarum
2969 4428 3151 4466 rerum
3186 4416 3451 4468 rationem

1878 4512 1933 4553 et
1983 4515 2171 4556 curam
2222 4502 2406 4566 habet,
2470 4502 2690 4571 quando
2743 4505 3182 4574 contemplativa:
3230 4506 3450 4575 quidem

1881 4590 2282 4660 (philosophia)
2315 4592 2605 4658 beneﬁcio,
2656 4594 2906 4666 dogmata
2937 4612 3033 4650 seu
3059 4597 3275 4651 decreta
3310 4598 3455 4651 veri-

1881 4685 2005 4739 tatis
2032 4685 2229 4751 docet;
2264 4687 2454 4741 activa:
2481 4696 2663 4741 autem
2714 4704 2897 4744 mores
2924 4692 2987 4742 ad
3022 4693 3455 4746 concinnitatem

1876 4776 2213 4839 conformat.
2248 4788 2302 4831 et
2333 4779 2402 4833 de
2428 4779 2622 4834 oﬁiciis
2654 4781 2800 4849 leges
2833 4784 3175 4852 promulgat,
3219 4793 3272 4836 et
3326 4799 3455 4837 seu-

187 4844 393 4945 teutias
426 4842 592 4945 dicit,
617 4856 669 4898 et
705 4847 758 4898 in
814 4854 1066 4945 quamvis
1131 4854 1293 4910 aliam
1341 4860 1613 4928 profuturi
1668 4881 1856 4922 curam
1918 4879 1975 4923 et
2022 4872 2362 4940 diligentiam
2410 4842 2733 4929 incumbit:
2778 4842 3079 4944 ea‘propti-rv
3116 4842 3452 4945 philosophia

176 4937 298 5003 jure
326 4936 631 4993 similitudo
662 4955 787 4994 cum
818 4942 930 4998 Deo
957 4947 1192 5002 exsistit.

252 5037 328 5093 ς’.
372 5030 701 5097 Πρόσκειται
756 5032 813 5084 δὲ
842 5034 903 5086 τὸ
937 5038 1092 5090 κατὰ
1126 5040 1194 5092 τὸ
1252 5040 1522 5099 δυνατὸν
1546 5048 1769 5117 ἀνθρώ-

1944 5051 1997 5103 6.
2040 5050 2181 5104 Bene
2208 5060 2387 5105 autem
2420 5052 2692 5119 adjectum
2723 5065 2825 5118 est,
2858 5066 3061 5123 quanta
3094 5059 3145 5111 iu
3174 5060 3451 5116 hominem

179 5135 271 5185 περ
305 5120 520 5182 καλῶς,
581 5122 708 5175 επεὶ
741 5125 849 5175 τῶν
908 5128 1166 5193 γνὼσεων
1220 5135 1313 5186 καὶ
1357 5138 1467 5189 τῶν
1498 5144 1766 5207 προνοιῶν

1882 5144 2069 5195 cadere
2097 5152 2309 5209 potest;
2340 5144 2608 5211 siquidem
2638 5147 2953 5201 notitiarum
2990 5160 3043 5203 et
3076 5152 3447 5219 providentia-

179 5215 445 5283 πάμπολυ
496 5212 557 5267 τδ
605 5215 887 5285 διάφορον.
912 5214 1017 5273 Ὠν
1048 5227 1159 5292 γὰρ
1215 5228 1272 5278 al
1303 5229 1483 5283 οὐσίαι
1512 5232 1764 5303 διάφοροι

1882 5247 1989 5284 rum
2033 5248 2225 5300 magna
2258 5245 2343 5287 est
2381 5236 2688 5291 diversitas.
2724 5237 2968 5302 Quorum
3000 5212 3168 5305 enim:
3193 5247 3451 5300 substan-

178 5307 271 5358 καὶ
337 5305 463 5359 καθ’
514 5308 661 5371 ὅσον,
724 5310 929 5362 τούτων
981 5318 1075 5365 καὶ
1119 5318 1174 5367 αἱ
1238 5320 1579 5391 τελειότητες
1624 5328 1763 5379 κατὰ

1882 5324 1959 5377 tiae
1994 5338 2119 5378 sunt
2156 5326 2389 5381 diversa:
2417 5339 2472 5382 et
2508 5332 2558 5383 iu
2585 5344 2848 5395 quantum
2881 5344 3008 5388 sunt
3040 5337 3273 5392 diversa
3295 5382 3312 5405 ,
3353 5341 3450 5395 lto-

174 5397 436 5451 τοσοῦτον
470 5398 738 5468 διάφοροι.
770 5403 866 5465 Ἱίς
887 5402 941 5456 δὲ
970 5406 1259 5477 σύγκρισις
1281 5412 1495 5477 φύσεως
1528 5418 1767 5485 πάμπαν

1882 5431 1990 5468 ἰιηι
2019 5418 2180 5469 etiam
2209 5419 2572 5478 perfectiones
2592 5420 2699 5492 47
2725 5424 2778 5476 in
2808 5436 3016 5481 tantum
3047 5440 3172 5483 sunt
3192 5431 3443 5488 diversae.

175 5491 421 5557 τρεπτῆς
452 5491 545 5542 καὶ
571 5491 807 5560 ῥευστῆς
840 5494 974 5560 πρὸς
998 5498 1097 5565 τὴν
1124 5503 1405 5569 μακαρίαν
1436 5506 1651 5576 εκείνην
1675 5512 1759 5561 οὑν

1882 5508 2025 5572 ltqui
2056 5524 2177 5574 qua:
2211 5514 2553 5580 comparatio
2582 5526 2668 5568 est
2705 5527 2908 5572 naturae
2934 5535 3031 5587 per
3057 5526 3239 5577 omnia
3274 5537 3448 5580 muta-

178 5589 299 5635 σὶιν
331 5584 427 5635 καὶ
485 5584 834 5636 παντάπασιν
885 5586 1232 5661 ἐξῃρημένην
1281 5594 1500 5663 ἁπάσης
1553 5600 1762 5671 φθορᾶς

1882 5599 1987 5650 )lllS
2025 5600 2293 5669 [luxuque
2342 5620 2464 5659 cum
2524 5606 2677 5660 beata
2734 5609 2823 5662 illa
2881 5584 3186 5668 substantia
3228 5632 3349 5685 qua
3377 5621 3446 5674 ab

178 5680 268 5727 ναὶ
303 5677 518 5743 τροπῆς
549 5677 647 5745 τὴν
683 5678 862 5730 πάντα
919 5681 1044 5732 νοῦν
1079 5684 1152 5751 μὴ
1189 5686 1348 5753 μόνον
1396 5689 1762 5760 ἀνθρώπινον,

177 5772 306 5821 an:
361 5774 449 5819 ni
496 5771 787 5836 ἀγγελικὸν
819 5772 873 5832 ἐς
906 5775 1200 5843 ἀπειράκις
1237 5778 1465 5848 ἄπειρον
1500 5782 1759 5853 ὑπερσαίο

171 5878 261 5911 ντί.-
274 5879 338 5913 σα
354 5886 372 5909 Ἰ
407 5882 417 5920 ς

1862 5695 2011 5746 omni
2047 5696 2401 5762 corruptione
2431 5709 2485 5750 et
2519 5701 2819 5755 mutatione
2853 5718 3103 5774 exempta
3133 5717 3241 5769 est,
3289 5727 3443 5780 que-

1860 5800 1964 5851 que
1992 5800 2207 5839 onmem
2242 5800 2348 5838 non
2366 5786 2527 5841 modo
2558 5790 2883 5853 humanum,
2914 5795 3010 5846 sed
3040 5796 3205 5849 etiam
3232 5799 3442 5869 angeli-

1862 5894 1983 5932 cunt
2020 5877 2356 5933 intellectum
2384 5880 2437 5932 in
2466 5880 2724 5936 infinities
2755 5884 3029 5939 infinitum
3062 5892 3445 5947 transcendit?
