4184 6462
734 418 844 480 739

1878 415 2127 473 NlCEl’l
2144 415 2297 474 lOlll
2344 415 2637 475 BLEMMI
2655 416 2770 474 DA;
3854 413 3919 474 74

723 529 937 583 diversa
969 526 1227 580 dicuntur
1263 539 1279 575 :
1325 523 1468 576 velut
1516 524 1678 576 homo
1710 533 1765 576 et
1789 537 1980 591 equus,
2015 538 2123 574 non
2155 538 2288 590 qua-
2315 531 2357 583 Α

2421 523 2447 572 ὑ
2502 521 2638 574 καθὸ
2694 521 2807 584 ζῶα
2865 521 3026 592 (κατὰ
3070 525 3230 575 τοῦτο
3270 522 3380 592 γὰρ
3431 522 3724 587 συνώνυμά
3757 523 3958 590 εἰσιν),

728 628 888 672 tenus
919 616 1170 670 animalia
1202 615 1404 683 (quoad
1438 616 1538 667 hoc
1569 613 1715 666 enim
1740 624 1867 666 sunt
1893 612 2169 681 univoca),
2193 613 2287 666 sed

2416 613 2525 664 ,λλὰ
2551 613 2687 664 καθὸ
2715 612 3006 680 ἄνθρωπος
3033 616 3126 667 καὶ
3153 614 3338 676 ἵππος.
3376 614 3619 681 Διάφορα
3654 612 3764 680 γὰρ
3802 611 3961 679 ἔχου·

727 717 996 777 quatenus
1051 709 1212 759 homo
1250 713 1304 758 et
1351 718 1524 772 equus
1576 711 1723 755 sunt.
1779 702 2091 757 Diﬂerentia
2144 703 2288 755 enini

729 800 930 854 habent
964 799 1213 857 nomina,
1253 795 1346 850 sed
1379 807 1433 849 et
1480 795 1789 848 diﬁerentes
1842 795 2018 862 quoad
2072 795 2290 846 nomina

728 889 1076 942 deﬁnitiones
1111 887 1378 956 (habent).
1407 887 1574 941 llomo
1613 889 1760 963 enim
1785 895 2057 953 quatenus
2093 883 2276 947 homo,

729 988 814 1032 est
870 978 1072 1032 animal
1135 979 1423 1039 rationale,
1499 978 1750 1040 mortale,
1805 974 2178 1040 intelligentia:
2236 984 2292 1027 et

731 1070 975 1122 scienti-.L-
1004 1086 1197 1138 capax.
1245 1068 1425 1138 Equus
1455 1077 1659 1131 autent,
1693 1079 1961 1135 quatenus
1987 1080 2177 1131 equus,
2211 1075 2294 1118 est

730 1161 932 1212 animal
962 1160 1290 1224 irrationale,
1343 1160 1673 1228 quadrupes,
1713 1155 1997 1211 liiniucndi
2036 1155 2293 1208 facultate

726 1250 842 1319 68
874 1253 1177 1316 pneditum.
1218 1253 1322 1303 Sed
1353 1260 1407 1304 et
1438 1250 1748 1304 dillerentia
1793 1248 2033 1314 subjecta
2065 1246 2290 1299 habent.

732 1345 848 1393 Alia
881 1342 1025 1394 enim
1070 1328 1308 1393 hominis
1360 1351 1444 1394 est
1474 1340 1796 1403 substantia,
1831 1350 1889 1391 et
1917 1338 2022 1389 alia
2051 1346 2135 1388 est
2165 1337 2293 1388 Sub-

733 1433 930 1485 stantia
961 1431 1107 1499 equi.
1150 1431 1413 1485 Dicuntur
1445 1442 1622 1483 autem
1657 1429 1995 1482 diversivoca
2042 1426 2286 1495 quidem,

733 1535 962 1587 quorum
1009 1531 1062 1573 et
1091 1536 1286 1572 nomen
1323 1520 1596 1572 diversum
1627 1529 1730 1581 est,
1785 1526 1838 1570 et
1870 1517 2124 1570 essentia:
2155 1517 2291 1568 ratio

735 1613 1034 1665 secundum
1066 1628 1262 1664 nomen
1295 1613 1506 1664 diversa
1550 1620 1653 1672 est,
1698 1624 1821 1661 cum
1865 1623 2033 1660 unum
2068 1607 2290 1674 subjec-

2389 723 2441 757 σι
2476 707 2568 757 καὶ
2599 705 2666 759 τὰ
2697 706 2938 773 ὀνόματα
2978 706 3074 757 καὶ
3105 706 3320 771 λόγους.
3353 704 3416 756 '0
3450 705 3551 770 μὲν
3595 701 3703 770 γὰρ
3737 701 3957 769 ἄνθρω-

2398 814 2499 859 πος
2559 791 2911 870 ᾖᾶνθρωπος
2962 799 3102 861 ζῶόν
3155 800 3269 850 ἐστι
3321 797 3558 860 λογικὸν,
3599 794 3817 862 θνητὸν,
3870 792 3966 843 νοῦ

2391 891 2485 942 καὶ
2514 891 2829 958 ἐπιστήμης
2861 890 3108 943 δεκτικόν
3135 908 3147 918 ·
3188 892 3215 941 6
3264 888 3322 940 δὲ
3366 887 3534 948 ἵππος
3571 880 3604 956 ᾗ
3637 884 3801 951 ἵππος
3829 883 3966 946 ζῶον

2397 980 2612 1046 ἄλογον,
2663 982 2992 1049 τετράπουν.
3043 982 3487 1050 χρεμετιστικόν.
3559 977 3724 1029 Ἀλλὰ
3767 976 3864 1028 καὶ
3895 975 3967 1027 τὰ

2400 1072 2740 1139 ὑποκείμενα
2783 1074 3015 1142 διάφορα
3045 1090 3058 1105 ·
3144 1073 3277 1140 ἄλλη
3317 1072 3428 1140 γὰρ
3461 1076 3492 1138 ἡ
3543 1069 3702 1122 οὑσία
3731 1067 3824 1119 τοῦ
3870 1069 3969 1120 ἀν-

2399 1162 2618 1231 θρώπου
2649 1166 2740 1215 καὶ
2784 1163 2918 1234 ἄλλη
2972 1168 3004 1234 ἠ
3050 1165 3206 1216 ιὺσία
3259 1163 3354 1216 τοῦ
3406 1163 3594 1214 ἵππου.
3647 1161 3884 1226 Λέγεται
3908 1158 3966 1210 δὲ

2400 1251 2720 1320 ἑιερώνυμα
2753 1253 2852 1320 μὲν
2886 1246 2960 1305 ὦν
3009 1253 3070 1305 τό
3109 1269 3169 1304 τε
3220 1253 3394 1319 όνομα
3443 1252 3629 1318 ἕτερον
3652 1251 3795 1302 καὶὸ
3825 1249 3968 1301 κατὰ

2402 1341 2638 1408 τοὺνομα
2685 1343 2842 1410 λόγος
2881 1345 2980 1412 τῆς
3029 1345 3219 1404 οὐσίας
3281 1333 3468 1411 ἕτερος
3521 1342 3580 1394 ἒν
3624 1342 3857 1410 ἑχόντων
3904 1340 3968 1391 16

2401 1431 2781 1502 ὑποκείμενον·
2815 1432 2983 1503 ἕτερα
3020 1435 3100 1496 δὲ,
3136 1430 3210 1486 ὧν
3236 1434 3296 1486 τό
3328 1450 3388 1484 τε
3419 1434 3588 1499 ὄνομα
3625 1432 3834 1500 ἕτερον,
3867 1429 3966 1480 καὶ

2391 1522 2419 1571 6
2449 1525 2588 1575 κατὰ
2633 1524 2868 1592 τοὺνομα
2918 1527 3078 1593 λόγος
3108 1528 3207 1596 τῆς
3253 1527 3440 1588 οὐσίας
3495 1525 3681 1593 ἕτερος
3727 1522 3967 1588 διὰψορσ

2392 1611 2627 1680 ἑχόντων
2669 1618 2738 1670 τὰ
2776 1619 3138 1687 ὑποκείμενα.

735 1718 848 1758 tum
881 1707 1118 1759 habeant
1150 1722 1165 1770 ;
1200 1707 1406 1758 diversa
1454 1719 1599 1767 vero,
1635 1715 1862 1770 quorum
1894 1712 1948 1753 et
1981 1715 2180 1753 nomen
2232 1701 2504 1759 diversum
2536 1720 2590 1763 et
2618 1713 2798 1780 quoad
2828 1729 3023 1768 nomen
3077 1713 3330 1768 essentiae
3382 1712 3520 1765 ratio
3582 1711 3797 1764 diversa
3855 1713 3962 1765 est.

731 1814 856 1853 cum
899 1799 1206 1852 diﬁ‘erentia
1237 1798 1481 1865 subjecta
1510 1800 1765 1848 habeant.

807 1895 859 1945 5.
895 1895 950 1948 Si
982 1907 1140 1959 porro
1164 1894 1341 1959 quoad
1395 1904 1594 1941 nomen
1630 1888 1844 1956 quidem
1877 1885 2303 1946 communicent,
2337 1889 2380 1948 Β

735 1983 910 2052 quoad
975 1983 1345 2037 deﬁnitionem
1414 1990 1592 2033 autem
1668 1979 1941 2043 dilferant,
2019 1978 2297 2045 mquivoca

740 2084 1141 2142 nuncupantur.
1180 2072 1476 2140 Equivoca
1528 2073 1670 2125 enim
1718 2079 1865 2134 sunt,
1916 2084 2147 2136 quorum
2200 2084 2298 2121 no-

740 2185 862 2221 men
900 2167 1072 2220 solum
1099 2181 1409 2228 commune,
1439 2165 1532 2217 sed
1576 2162 1753 2232 quoad
1804 2175 2002 2213 nomen
2048 2161 2300 2214 essentia!

739 2263 876 2314 ratio
906 2262 1120 2314 diversa
1167 2268 1250 2310 est
1286 2276 1299 2310 :
1329 2254 1786 2326 quemadmodum
1835 2254 1944 2307 duo
1982 2253 2199 2321 Ajaces.
2234 2249 2298 2304 lli

739 2353 886 2406 enim
913 2367 1079 2404 unum
1115 2350 1332 2418 quidem
1351 2365 1641 2402 commune
1673 2362 1875 2402 nomen
1912 2345 2135 2409 habent,
2156 2343 2301 2413 quod

739 2455 823 2497 est
852 2444 985 2511 Ajax
1019 2460 1036 2508 ;
1092 2445 1183 2496 sed
1218 2444 1396 2511 quoad
1438 2441 1613 2508 Ajacis
1646 2454 1870 2504 nomen,
1925 2437 2299 2492 deﬁnitionem

741 2550 849 2590 non
901 2536 1143 2589 eamdem
1191 2535 1457 2604 (habent).
1505 2533 1651 2587 Alter
1707 2532 1850 2585 enim
1900 2545 2085 2584 eorum
2123 2539 2207 2581 est
2259 2527 2304 2580 is

743 2625 876 2693 Ajax
901 2626 992 2693 qui
1024 2623 1334 2678 Telamonis
1363 2622 1526 2685 ﬁlius,
1555 2632 1608 2676 et
1644 2637 1707 2675 ex
1739 2619 2014 2672 Salamine
2041 2617 2305 2670 oriundus

744 2719 864 2780 l'uit,
885 2725 938 2770 et
984 2716 1242 2784 singulari
1279 2719 1571 2768 certamine
1587 2729 1709 2766 cum
1730 2711 1955 2766 lleetore
1971 2707 2266 2765 decertavit
2289 2727 2302 2762 :

749 2808 889 2861 alter
944 2818 1026 2861 est
1069 2808 1114 2861 is
1149 2808 1311 2873 Ajax,
1348 2810 1437 2872 qui
1474 2806 1609 2859 Oilei
1645 2804 1807 2869 ﬁlius,
1833 2803 2040 2859 Locrus
2070 2813 2126 2858 et
2152 2802 2335 2873 pedi-'

752 2907 852 2953 bus
897 2901 1039 2953 celer
1069 2901 1191 2963 l‘uit,
1224 2909 1278 2952 et
1311 2899 1483 2966 siquid
1513 2898 1657 2951 aliud
1683 2899 1864 2952 habet.

815 2984 869 3038 6.
907 2985 1051 3038 Bene
1101 2995 1280 3038 autem
1334 2985 1532 3053 ubique
1593 2985 1844 3054 adjicitur
1890 2986 1952 3036 16
2004 2985 2305 3039 secundum

749 3092 970 3130 nomen.
1008 3075 1308 3144 Equivoca
1343 3082 1488 3131 enim
1527 3080 1697 3145 quoad
1746 3077 1892 3131 aliud
1939 3077 2142 3146 aliquid
2191 3077 2308 3130 uni-

750 3183 882 3218 \‘oea
942 3167 1462 3235 deprchendemur;
1498 3175 1551 3219 et
1596 3167 1846 3228 Ulli\0t.'a,
1893 3168 2187 3236 wquiroca.
2231 3167 2309 3224 Ac

2481 1889 2541 1947 ε’.
2577 1891 2637 1944 El
2686 1892 2742 1944 δὲ
2783 1893 2924 1946 κατὰ
2973 1893 3070 1961 μὲν
3125 1892 3185 1945 τὸ
3236 1892 3407 1958 ὄνομα
3448 1888 3790 1950 κοινωνοῦσι,
3827 1888 3971 1938 κατὰ

2406 1986 2463 2038 δὲ
2489 1985 2578 2037 16v
2596 1985 2756 2053 λόγον
2779 1985 3119 2055 διαφέρουσι,
3155 1984 3444 2038 καλοῦνται
3471 1985 3756 2052 ὁμώνυμα.
3793 1981 3972 2048 Ὁμώ-

2405 2096 2549 2147 νυμα
2577 2081 2687 2150 γάρ
2726 2081 2886 2142 εἰσιν,
2924 2073 2998 2132 ὧν
3027 2080 3202 2147 ὄνομα
3239 2079 3401 2148 μόνον
3435 2078 3637 2137 κοινὸν,
3667 2075 3695 2125 6
3732 2075 3790 2128 δὲ
3829 2074 3974 2125 κατὰ.

2405 2175 2644 2245 τοῦνομα
2703 2177 2860 2242 λόγος
2910 2176 3006 2244 τῆς
3063 2174 3250 2234 οὐσίας
3282 2173 3492 2238 ἔτερος·
3545 2169 3737 2235 ὥσπερ
3781 2170 3832 2218 οἱ
3878 2164 3976 2216 δύο

2410 2268 2654 2329 Αἴαντες.
2684 2260 2843 2321 Οὗτοι
2879 2269 2988 2336 γὰρ
3019 2269 3076 2319 ἓν
3112 2268 3208 2336 μὲν
3239 2265 3411 2333 δνομα
3459 2262 3636 2315 κοινὸν
3679 2259 3866 2329 ἔχουσι
3910 2255 3975 2307 16

2408 2362 2564 2423 Δῐας.
2598 2362 2690 2413 τὸν
2739 2360 2792 2413 δὲ
2850 2360 2991 2412 κατὰ
3047 2358 3109 2412 16
3177 2359 3312 2418 Δῑας
3352 2356 3509 2422 λόγον
3539 2355 3610 2416 ζοὺ
3643 2354 3733 2407 τὸν
3787 2350 3976 2405 αὐτόν.

2421 2451 2478 2505 ’0
2514 2453 2613 2521 μὲν
2640 2453 2745 2520 γάρ
2781 2455 2928 2504 ἐστιν
2969 2451 3104 2512 Αἴας
3154 2452 3183 2502 6
3232 2451 3326 2502 τοῦ
3356 2446 3679 2515 Τελαμῶνος
3711 2444 3823 2504 υἱὸς
3853 2445 3880 2494 6
3911 2444 3979 2493 ὲκ

2411 2546 2737 2614 Σαλαμῖνος,
2771 2547 2799 2598 6
2837 2545 3225 2614 μονομαχήσας
3275 2541 3354 2611 τῷ
3398 2542 3626 2608 Ἕκτορι
3652 2554 3664 2568 °
3696 2540 3724 2591 6
3758 2537 3814 2590 δὲ
3843 2535 3981 2596 Αἴας

2410 2638 2438 2688 6
2459 2636 2552 2688 τοῦ
2597 2635 2812 2695 Ὀἰλέως
2845 2637 2981 2698 υἱὸς,
3007 2637 3034 2686 6
3077 2632 3307 2703 Λοκρὸς,
3355 2633 3384 2686 6
3417 2631 3543 2692 τοὺς
3577 2628 3746 2690 πόδας
3787 2623 3984 2692 ταχὺς.

2417 2730 2510 2780 καὶ
2547 2729 2599 2781 εἴ
2632 2744 2684 2778 τι
2715 2726 2905 2795 ἓτερον
2934 2726 3068 2793 ἔχει.

2486 3001 2560 3058 ς’.
2597 2994 2924 3065 Πρόσκειται
2955 2991 3011 3044 δὲ
3065 2990 3124 3042 16
3171 2987 3313 3042 κατὰ
3366 2985 3604 3054 τοὺνομα
3636 2981 3817 3042 καλῶς
3845 2996 3989 3030 παν-

2415 3084 2603 3154 ταχοῦ.
2654 3084 2790 3137 Κατ’
2827 3081 3091 3150 ἄλλογὰρ
3151 3096 3205 3132 τι
3257 3079 3326 3132 τὰ
3379 3074 3648 3144 ὁμώνυμα
3687 3069 3985 3135 συνώνδμα

2417 3177 2827 3246 εὑρεθήσονται,
2858 3175 2952 3226 καὶ
2980 3173 3048 3224 τὰ
3081 3171 3395 3237 συνώνυμα·
3429 3166 3524 3220 καὶ
3555 3166 3646 3217 ἐπὶ
3674 3162 3782 3214 τῶν
3805 3159 3988 3213 ἄλλων

746 3259 859 3328 69
891 3259 943 3311 in
981 3260 1099 3312 aliis
1153 3259 1314 3311 simili
1368 3268 1577 3311 ratione
1626 3269 1998 3326 comparatum
2034 3268 2139 3312 est.
2179 3245 2357 3312 Vide‘

2416 3243 2632 3338 ὁμοίως.
2680 3266 2807 3319 ’ἰδοὺ
2867 3266 2974 3332 γὰρ
3024 3267 3120 3318 καὶ
3176 3263 3226 3314 οἱ
3287 3260 3380 3313 δύο
3438 3258 3670 3316 Αἴαντες
3696 3251 3834 3306 καθὸ
3885 3249 3990 3318 μὲν

753 3367 895 3403 enim
929 3362 983 3403 ct
1006 3352 1114 3404 duo
1147 3352 1340 3420 Ajaces
1369 3361 1640 3419 quatenus
1670 3351 1890 3418 quidem
1926 3351 2118 3416 Aiaces
2146 3351 2315 3420 a-qui-

757 3444 870 3495 νυοὶ
896 3453 1020 3495 sunt
1051 3458 1064 3494 :
1098 3451 1366 3510 quatenus
1399 3451 1577 3494 autem
1620 3441 1893 3505 homines,
1934 3441 2149 3496 uniroei
2185 3452 2313 3494 sunt

757 3538 960 3604 utique.

827 3630 877 3684 7.
917 3629 1085 3681 l’orro
1117 3629 1274 3691 ratio,
1309 3629 1515 3682 scilicet
1543 3627 1819 3692 essentne,
1851 3629 1906 3679 in
1945 3626 2030 3680 his
2063 3627 2316 3679 omnibus

756 3729 809 3770 et
838 3720 904 3771 de
937 3718 1253 3773 deﬁnitione
1281 3728 1332 3770 et
1383 3717 1449 3771 de
1475 3717 1842 3784 descriptione
1880 3717 2024 3768 dicta
2053 3723 2154 3768 est.

829 3811 884 3861 8.
927 3807 1187 3860 Essentia:
1239 3817 1418 3859 autem
1479 3820 1676 3859 nomen
1728 3807 1785 3856 τὸ
1833 3805 2148 3874 simpliciter
2200 3819 2319 3858 esse

759 3902 1014 3952 declarat.
1072 3900 1282 3952 Etenim
1334 3899 1440 3951 duo
1491 3893 1702 3966 Ajaces,
1762 3910 2031 3965 quatenus
2093 3907 2320 3964 uterque

761 3992 892 4055 Aiax
924 4000 1028 4051 est,
1059 3989 1318 4041 hactenus
1352 3988 1722 4040 deﬁnitionem
1757 3985 2024 4038 diversam
2072 3983 2273 4037 habent
2301 3999 2316 4048 ;

758 4080 934 4148 quoad
991 4093 1121 4130 vero
1161 4087 1434 4137 naturam,
1489 4091 1649 4128 unam
1686 4083 1740 4128 et
1792 4074 2033 4126 eamdem
2096 4073 2316 4126 habent.

831 4173 884 4221 υ.
922 4168 1212 4221 Sciendum
1245 4177 1424 4218 autem
1452 4175 1506 4217 et
1536 4165 1658 4229 hoc,
1709 4163 2063 4232 pliilosolihos
2117 4177 2318 4214 nomen

763 4264 829 4311 de
861 4260 1007 4312 omni
1053 4258 1405 4328 signiﬁCatira
1458 4271 1590 4310 voce
1623 4255 1894 4325 accipere.
1926 4255 2081 4320 Quod
2112 4255 2156 4307 si
2192 4256 2314 4321 hoc,

763 4353 923 4418 igitur
955 4361 1009 4402 et
1034 4353 1198 4402 verba
1235 4359 1393 4402 erunt
1425 4349 1696 4416 mquivoca
1742 4367 1755 4402 :
1795 4349 1940 4401 velut
1991 4348 2052 4398 16
2080 4347 2211 4417 ἐρῶ.
2237 4349 2320 4401 Si-

760 4445 980 4513 gniﬁcat
1009 4445 1154 4497 enim
1185 4455 1238 4496 ct
1275 4447 1470 4507 dicant,
1503 4453 1555 4496 et
1585 4445 1877 4495 amantium
1912 4444 2064 4495 modo
2104 4443 2322 4510 affectus

2415 3362 2640 3422 Αἴαντες
2675 3359 2955 3429 ὁμώνυμοι
2997 3358 3127 3420 εισι,
3173 3352 3308 3408 καθὸ
3341 3351 3399 3405 δὲ
3439 3349 3718 3419 ἄνθρωποι
3767 3345 3991 3404 παντως

2420 3452 2746 3521 συνώνυμο..

2494 3631 2560 3696 ζ’.
2602 3632 2661 3684 ’0
2694 3630 2749 3682 δὲ
2796 3629 2952 3696 λόγος
3006 3629 3063 3678 ἐν
3123 3625 3333 3686 τούτοις
3390 3621 3564 3674 ἅπασι
3608 3617 3746 3671 κατὰ
3784 3632 3846 3668 τε
3891 3614 3990 3668 τοῦ

2419 3721 2648 3793 ὁρισμοῦ
2678 3722 2771 3772 καὶ
2804 3721 2903 3787 τῆς
2945 3715 3274 3786 ὑπογραφῆς
3313 3713 3550 3781 εἴρηται.

2489 3815 2560 3884 η’.
2600 3816 2671 3865 T6
2702 3814 2759 3865 δὲ
2791 3817 2890 3882 τῆς
2921 3811 3110 3871 οὑσξας
3142 3808 3312 3876 ὄνομα
3333 3805 3393 3856 16
3427 3801 3612 3862 ἁπλῶς
3639 3795 3778 3852 εἶναι
3812 3797 3992 3866 δηλοῖ.

2422 3913 2485 3963 Οἱ
2515 3910 2624 3977 γὰρ
2663 3906 2755 3959 δύο
2793 3907 3019 3964 Αἴαντες
3047 3901 3184 3955 καθό
3215 3902 3351 3952 εἰσιν
3381 3897 3513 3958 Αἶας
3544 3894 3814 3962 ἑκάτεροι,
3845 3889 3997 3943 κατὰ

2421 3999 2580 4053 τοῦτο
2627 3998 2720 4050 16v
2751 3997 2908 4062 λόγον
2941 3995 3161 4061 ἔχουσιν
3191 3992 3404 4060 ἕτερον,
3432 3989 3575 4040 κατὰ
3600 3985 3655 4037 δὲ
3698 3983 3795 4052 τὴν
3825 3981 3996 4048 φύσιν

2421 4093 2516 4144 ἕνα
2546 4093 2640 4143 καὶ
2666 4089 2755 4142 τὸν
2785 4088 2965 4141 αὐτόν.

2494 4181 2560 4237 θ’.
2612 4181 2731 4250 Χρὴ
2779 4180 2835 4232 δὲ
2885 4177 3201 4245 γινώσκειν,
3227 4175 3307 4227 ὅτι
3340 4172 3401 4225 16
3431 4171 3602 4238 ὄνομα
3631 4171 3679 4222 οἱ
3710 4167 3998 4236 φιλόσοφοι

2423 4275 2684 4329 καὶκατὰ.
2720 4273 2899 4342 πάσης
2935 4272 3118 4339 φωνῆς
3147 4269 3488 4339 σημαντικῆς
3532 4263 3996 4331 ἔκλαμσάνουσιν.

2425 4369 2486 4420 El
2519 4365 2696 4425 τοῦτο,
2725 4367 2901 4416 τοίνυν
2933 4363 3028 4415 καὶ
3059 4363 3281 4431 ῥήματα
3310 4358 3575 4428 ὁμώνυμα
3609 4356 3843 4421 ἔσονται,
3878 4349 4002 4406 οἷον

2425 4460 2485 4511 16
2525 4456 2659 4526 ἐρῶ.
2698 4457 2858 4508 Ἔστι
2891 4457 2999 4524 γὲρ
3027 4454 3085 4505 16
3110 4452 3290 4517 λέξω,
3322 4456 3415 4502 καὶ
3447 4449 3507 4502 16
3542 4447 3830 4517 ἐρωτικῶς
3860 4449 3998 4516 ἔχω.

761 4551 900 4588 sum.
937 4535 1003 4588 Et
1058 4537 1108 4586 in
1171 4535 1287 4586 aliis
1345 4550 1471 4585 vero
1520 4533 1681 4585 etiam
1738 4534 2002 4586 orationis
2069 4534 2357 4602 partibus‘

2431 4551 2538 4602 Καὶ
2590 4549 2673 4614 ἐφ’
2709 4547 2910 4616 Ετερων
2960 4545 3016 4597 δὲ
3077 4545 3170 4596 τοῦ
3230 4544 3389 4611 λόγου
3443 4543 3626 4612 μερῶν
3671 4541 4002 4609 ὁμωνυμίαν

762 4626 1246 4693 arquirocationcm
1277 4625 1475 4694 aliquis
1508 4625 1771 4678 inveniet.

840 4718 1082 4770 10.Ἰ”ι·ἰ;ι
1120 4726 1299 4770 autem
1353 4718 1405 4769 in
1455 4717 1748 4784 (nquivocis
1805 4717 2098 4784 qua-renda
2148 4728 2320 4770 sunt:

765 4824 893 4860 nuin
928 4809 996 4860 sit
1047 4823 1078 4860 e
1109 4822 1340 4860 numero
1371 4809 1767 4875 mquivocorum
1801 4811 1852 4863 id
1893 4811 1960 4862 de
2009 4824 2117 4878 quo
2142 4823 2324 4862 sermo

761 4911 844 4952 est
877 4913 892 4964 ;
925 4908 982 4953 et
1012 4909 1143 4968 quot
1171 4900 1237 4953 de
1266 4901 1587 4968 signiﬁcatis
1628 4917 1822 4954 nomen
1864 4901 2135 4969 ejusmodi
2168 4917 2325 4956 usur-

764 5000 920 5058 pctur
942 5005 960 5057 ;
985 5004 1038 5043 et
1071 5006 1181 5058 quo
1215 4992 1281 5043 de
1310 4991 1736 5060 signiﬁcatorum
1783 5007 1966 5046 sermo
1997 4995 2085 5047 sit.

836 5081 921 5135 11.
966 5081 1232 5135 Caeterum
1270 5086 1314 5135 si
1356 5085 1533 5148 quoad
1567 5084 1936 5138 deﬁnitionem
1985 5085 2204 5156 quidem
2241 5101 2327 5140 res

765 5174 1191 5238 communicent,
1224 5175 1400 5243 quoad
1436 5192 1631 5229 nomen
1669 5186 1848 5231 autem
1885 5179 2160 5242 diﬁerant,
2193 5180 2328 5232 mul—

772 5265 945 5316 tiroca
979 5265 1250 5327 dicuntur,
1286 5284 1480 5336 nempe
1540 5273 1754 5336 quando
1802 5271 1988 5324 eadem
2024 5286 2112 5325 res
2143 5268 2328 5324 multis

770 5355 1083 5409 nominibus
1113 5357 1434 5426 appellatur,
1477 5359 1621 5414 velut
1653 5363 1824 5424 ensis,
1858 5369 2070 5432 spatha,
2093 5365 2324 5434 gladius,

769 5449 874 5517 70
897 5449 1127 5502 framea.
1166 5448 1287 5503 llaec
1315 5455 1457 5504 enim
1504 5454 1687 5506 omnia
1732 5470 1895 5508 uuam
1950 5456 2325 5510 deﬁnitionem

769 5541 1070 5609 suscipiunt
1115 5543 1360 5611 :quippe
1397 5544 1596 5597 ferrum
1648 5537 1901 5616 utrinque
1944 5547 2325 5615 incidens(seu

767 5637 985 5700 auceps)
1027 5642 1168 5686 sunt.
1220 5633 1471 5688 Deﬁnitio
1517 5649 1696 5690 autem
1749 5640 2166 5693 multivocoruni
2219 5655 2324 5703 est,

772 5723 999 5788 plurima
1043 5729 1256 5779 nomina
1290 5744 1408 5796 qum
1437 5730 1503 5781 de
1542 5745 1645 5781 una
1679 5745 1736 5783 re
1766 5731 2043 5785 dicuntur.

849 5817 926 5868 ιν.
970 5815 1136 5870 Porro
1182 5831 1306 5872 sunt
1348 5834 1506 5874 etiam
1540 5826 1785 5892 quendam
1823 5827 1999 5880 medio
2033 5827 2152 5882 loco
2201 5846 2328 5883 cou-

2427 4642 2650 4711 εὑρήσει
2683 4658 2789 4702 τις.

2500 4733 2552 4787 ι’.
2581 4733 2720 4803 Τρία
2741 4733 2798 4784 δὲ
2829 4732 2908 4784 δεῖ
2941 4730 3033 4782 ἐπὶ
3072 4729 3181 4780 τῶν
3210 4727 3519 4796 ὁμωνύμων
3557 4726 3758 4794 ζητεῖν·
3798 4725 3848 4777 et
3875 4724 4002 4776 [an

2426 4827 2533 4880 τῶν
2570 4828 2877 4895 ὁμωνύμων
2903 4823 2965 4876 16
2993 4823 3121 4891 περὶ
3162 4816 3223 4874 οὑ
3277 4819 3539 4886 6'16y6;°
3591 4818 3686 4872 καὶ
3725 4819 3866 4869 κατὰ
3897 4819 4010 4870 πό.

2430 4937 2536 4972 σων
2579 4915 2994 4987 σημαινομένων
3045 4915 3105 4966 16
3140 4911 3382 4964 τοιοῦτον
3425 4911 3597 4979 δνομα
3631 4909 3877 4978 φέρεται·
3904 4911 4007 4960 καὶ

2428 5010 2556 5077 περὶ
2590 5010 2744 5060 ποίου
2775 5007 2882 5059 τῶν
2934 5001 3351 5074 σημαινομένων
3393 5001 3421 5051 6
3457 4999 3612 5066 λόγος
3647 5001 3817 5051 ἐστίν.

2503 5107 2589 5154 ια’.
2625 5102 2687 5153 ΕΙ
2742 5098 2798 5150 δὲ
2842 5098 2981 5150 κατὰ
3041 5096 3138 5165 μὲν
3201 5096 3290 5147 16v
3337 5093 3497 5160 λόγον
3551 5091 3871 5145 κοινωνοῦσι
3934 5096 4007 5144 τὰ

2428 5193 2749 5260 πράγματα,
2781 5190 2919 5242 κατὰ
2949 5188 3005 5240 δὲ
3036 5187 3096 5240 16
3145 5189 3317 5256 ὁνομα
3346 5186 3686 5254 διαφέρουσι,
3723 5185 4009 5236 πολυώνυ-

2432 5301 2505 5349 μα
2533 5282 2800 5346 λέγονται,
2835 5280 3000 5349 ηγουν
3029 5280 3154 5330 ὅταν
3207 5279 3268 5329 τὸ
3330 5277 3459 5328 αὑτὸ
3512 5278 3745 5345 πρᾶγμα
3778 5277 4004 5341 πολλοῖς

2429 5375 2659 5442 καλῆται
2695 5374 2993 5440 ὀνόμασιν,
3040 5367 3155 5423 οἷον
3200 5370 3480 5438 φάσγανον
3507 5409 3520 5432 ,
3576 5369 3779 5437 σπάθη,
3820 5369 4005 5435 ξίφος,

2429 5465 2547 5533 ἆορ.
2585 5464 2724 5515 Ἕνα
2762 5463 2871 5532 γὰρ
2902 5463 3058 5530 λόγον
3089 5464 3427 5529 ἐπιδέχονται
3470 5459 3640 5541 ταῇτα
3669 5462 3868 5514 πάντα.
3915 5463 4003 5513 Σέ-

2430 5557 2595 5626 δηρος
2641 5557 2750 5624 γὰρ
2796 5555 3063 5623 ἀμφήκης
3107 5555 3268 5607 εἰσιν.
3313 5553 3467 5606 Ἐστι
3495 5554 3552 5605 δὲ
3588 5555 3616 5606 ὁ
3652 5553 3762 5604 τῶν
3794 5554 4006 5607 πολυω-

2430 5648 2629 5715 νὺμωνυ
2653 5646 2809 5712 λόγος
2858 5647 3092 5698 πλεῖστα
3124 5646 3359 5713 ὀνόματα
3413 5645 3536 5696 καθ’
3577 5645 3692 5706 ἑνὸς
3726 5646 4006 5714 λεγόμενα

2433 5740 2775 5808 πράγματος.

2508 5830 2592 5900 ιβ’.
2635 5830 2754 5882 Εἰσὶ
2804 5829 2857 5880 δὲ
2913 5829 3002 5881 καί
3049 5845 3169 5880 τινα
3203 5831 3402 5898 μεταξὺ
3439 5831 3544 5883 τῶν
3571 5832 3883 5900 ὁμωνύμων
3908 5832 4007 5883 καὶ
