4184 6462
168 477 267 539 Ἱ53

1423 482 1762 545 ΕΡΙΤΟΜΕ
1796 484 1942 546 LOG
1955 485 2094 550 ICA.

3301 485 3405 548 754

228 591 381 642 cient.
413 618 485 668 -τ
512 589 597 668 lii.
631 589 699 644 Et
734 592 799 644 ab
841 592 1069 668 absurdo
1095 592 1283 668 prgbqt
1313 593 1575 668 hominem
1603 599 1682 668 uti
1711 599 1938 668 speciem
1982 599 2424 668 specialiuimam
2453 615 2669 654 suorum
2701 599 3089 654 individuorum
3111 613 3272 668 genus
3303 616 3406 652 non

225 674 358 721 esse,
390 660 480 739 sed
515 661 702 739 saltem
729 663 976 739 speciem.
1010 690 1076 704 -—
1112 663 1200 717 l7.
1240 663 1489 739 vectarat
1522 660 1793 720 individua
1826 660 2047 739 tuarum
2079 672 2374 738 specierum
2410 671 2638 739 itemque
2681 671 2875 739 species
2907 660 3132 725 ενοι-νηί
3156 683 3407 737 generum

225 740 274 782 et
326 732 568 810 omnino_
593 733 906 810 εειὺιαίιεηιαγ
930 748 1121 800 genera
1167 735 1508 810 superiorum
1552 751 1730 810 usque
1767 736 1834 810 qd
1864 732 2172 808 supremum
2203 742 2438 810 adeoque
2477 732 2656 794 omnia
2682 732 2943 810 inferiora
2975 732 3324 808 superiorum,
3357 749 3409 792 et

230 815 420 879 nomen
453 811 502 852 et
534 801 906 879 definitionem
929 806 1607 879 recipere._se_d_tuperiora
1628 801 1953 879 inferiorum
2003 827 2104 864 non
2147 811 2293 864 item.
2334 801 2402 851 -ἷ-
2452 811 2534 865 l8.
2564 801 2771 879 Species
2803 811 2923 864 item
2946 801 3081 864 inter
3107 825 3160 864 se
3185 801 3406 862 invicem

226 871 454 920 collatas
483 887 644 952 neque
674 875 881 925 nomine
908 889 1070 942 neque
1107 874 1414 941 deﬁnitione
1441 871 2020 934 communicare.-——l9.
2053 879 2155 934 Sed
2189 882 2479 935 communit
2518 871 2716 952 generis
2744 891 2792 937 et
2821 897 3008 936 nomen
3053 879 3410 947 deﬁnitionem

226 954 288 993 cs
321 955 473 1009 equo
500 943 758 1011 accipere.

769 1181 1013 1236 ΚΕΦΑΛ.
1067 1182 1122 1235 l'.

161 1271 292 1337 Περὶ
329 1273 549 1339 γόνους
578 1272 676 1327 καὶ
716 1275 939 1340 εἴδους,
967 1276 1038 1328 ἐν
1065 1267 1112 1340 ᾧ
1143 1276 1240 1330 καὶ
1271 1277 1402 1344 περὶ
1440 1277 1735 1347 σχέσεως.

225 1373 295 1421 α’.
342 1367 423 1419 Τὰ
457 1369 835 1437 σημαινόμενα
865 1369 959 1421 τοῦ
992 1372 1184 1438 γένους
1212 1371 1450 1441 ὑπάρχει
1480 1373 1734 1440 διάφορα.

156 1458 316 1520 Five;
378 1460 486 1528 γὰρ
537 1460 755 1526 λέγεται
812 1461 908 1515 καὶ
955 1464 988 1533 ἡ
1052 1464 1286 1517 ἑκάστου
1321 1463 1422 1534 τῆς
1474 1465 1740 1532 γενέσεως

156 1551 322 1619 ἁρχὴ,
373 1552 483 1603 εἴτε
521 1551 628 1604 ἀπὸ
658 1551 752 1606 τοῦ
803 1555 1074 1622 τεκόντος,
1111 1556 1220 1608 εἴτε
1251 1557 1358 1609 ἀπὸ
1403 1557 1503 1626 τῆς
1544 1557 1739 1626 πατρί-

155 1640 278 1700 δος’
313 1642 426 1693 ἀπὸ
465 1641 564 1710 μὲν
605 1643 698 1695 τυῦ
747 1645 1020 1708 τεκόντος,
1065 1645 1141 1709 ὡς
1176 1648 1305 1700 ὅταν
1337 1649 1609 1717 εἴπωμεν,
1650 1649 1742 1702 τὸν

169 1731 382 1785 Ἰούδαν
433 1734 496 1786 ικ
541 1733 634 1786 τοῦ
678 1735 894 1806 Ἰσραὴλ
946 1737 1094 1806 ἔχειν
1139 1740 1200 1791 τὸ
1251 1740 1404 1806 γένος
1457 1741 1489 1810 ἢ
1537 1743 1600 1794 ὲκ
1645 1741 1740 1794 τοῦ

170 1825 452 1895 Ἀϐρααμ.
497 1826 633 1880 Ἀπὸ
675 1826 732 1880 δὲ
765 1829 864 1897 τῆς
912 1831 1194 1901 πατρίδος,
1231 1831 1304 1894 ὡς
1336 1835 1466 1887 ὅταν
1493 1834 1744 1903 λέγωμεν

158 1919 244 1969 τοι
280 1921 502 1972 Παῦλον
533 1922 750 1991 Ταρσέα
796 1920 938 1977 εἶναι
987 1925 1048 1978 τὸ
1097 1928 1271 1994 γένος.
1313 1927 1463 1982 Ἑκεῖ
1503 1930 1604 1999 μὶν
1636 1931 1743 1998 γὰρ

159 2013 216 2061 τι.
247 2013 414 2078 γένος
468 2015 647 2067 εἰτουν
699 2017 731 2085 ἡ
788 2017 930 2086 ἀρχὴ
966 2017 1068 2085 τῆς
1112 2021 1382 2087 γενέσεως
1414 2025 1441 2075 6
1485 2024 1742 2094 ’Δῦρααμ

161 2109 252 2158 καὶ
287 2107 316 2159 6
365 2107 610 2175 Ἰσραὴλ,
653 2108 887 2162 ενταῦθα
935 2111 991 2163 δὲ
1049 2112 1212 2166 πάλιν
1249 2113 1407 2182 γένος
1461 2118 1558 2170 καὶ
1601 2119 1744 2187 ἀρχὴ

160 2200 441 2264 γενέσεως
473 2202 506 2265 ἡ
542 2201 774 2269 Ταρσός.
806 2203 967 2274 Διττὴ
1024 2205 1205 2258 τοίνυν
1252 2208 1285 2277 ἠ
1345 2207 1447 2276 τῆς
1478 2210 1745 2277 γενέσεως

163 2292 331 2360 ἁρχὴ,
375 2295 586 2360 φυσική
613 2310 672 2345 τε
708 2297 801 2346 καὶ
829 2297 1029 2365 τοπική
1059 2312 1072 2326 ο
1109 2299 1315 2368 φυσικὴ
1351 2300 1449 2368 μὲν
1486 2302 1518 2368 ἡ
1559 2303 1622 2355 ἐκ
1650 2299 1746 2354 τοῦ

163 2385 446 2450 τεκόντος,
482 2387 684 2457 contui)
716 2387 771 2440 δὲ
806 2389 837 2458 ἡ
868 2390 932 2442 ὲκ
963 2391 1061 2455 τῆς
1089 2393 1371 2463 πατρίδος.

2453 1194 2682 1253 CAPUT
2722 1193 2791 1248 Χ.

2025 1285 2096 1339 De
2132 1303 2316 1358 genere
2351 1297 2400 1342 et
2425 1289 2620 1354 specie,
2654 1287 2742 1340 ubi
2773 1285 2930 1341 etiam
2961 1285 3026 1340 de
3053 1284 3238 1340 senui.

1914 1379 1965 1432 l.
1998 1377 2308 1449 Signiﬁcata
2339 1380 2556 1449 generis
2584 1380 2800 1435 diversa
2841 1387 2994 1435 sunt.
3039 1378 3226 1434 Genus
3266 1378 3412 1432 enim

1843 1469 2043 1525 dicitur
2100 1470 2265 1523 etiam
2317 1471 2686 1540 generationis
2741 1471 3007 1542 cujusque
3056 1467 3411 1540 principium,

1842 1561 1958 1614 sive
1981 1560 2048 1613 ab
2076 1574 2140 1613 eo
2166 1559 2258 1629 qui
2312 1560 2521 1629 genuit,
2551 1561 2668 1615 sive
2699 1574 2729 1614 ιι
2767 1546 3075 1630 patria._l\b
3099 1575 3167 1614 eo
3196 1560 3413 1629 quidem

1843 1649 1938 1719 qui
1971 1650 2184 1718 genuit,
2211 1660 2413 1706 utcum
2437 1649 2756 1716 dixerimus,
2789 1650 2985 1706 Judam
3018 1649 3219 1705 habere
3251 1664 3417 1718 genus

1844 1755 1909 1794 ex
1942 1739 2108 1794 Israel
2137 1751 2229 1795 aut
2257 1757 2322 1795 ex
2355 1740 2650 1796 Abraham.
2705 1741 2748 1794 Δ
2807 1742 2982 1810 patria
3015 1756 3169 1802 vero.
3205 1751 3265 1795 ut
3291 1757 3414 1813 cum

1845 1831 2080 1888 dicimus
2111 1832 2334 1886 Paulum
2364 1847 2562 1904 genere
2593 1830 2915 1889 Tarsensem
2943 1849 3081 1888 esse.
3115 1831 3328 1890 Etenim
3348 1833 3415 1886 ibi

1846 1925 2064 1995 quidem
2116 1939 2289 1992 genus
2355 1925 2471 1980 sive
2522 1926 2896 1996 generationis
2942 1927 3273 1996 principium
3331 1936 3417 1980 est

1847 2017 2120 2071 Abraham
2150 2026 2205 2070 et
2231 2016 2419 2078 lsrael.
2459 2016 2547 2072 hic
2577 2028 2758 2071 autem
2814 2031 3038 2071 rursum
3071 2015 3276 2072 Tarsus
3324 2031 3418 2088 ge-

1847 2126 1952 2164 nus
1991 2119 2045 2164 et
2080 2109 2406 2180 principium
2437 2109 2801 2179 generationis
2838 2120 2943 2165 est.
2988 2110 3196 2180 Duplex
3257 2111 3423 2182 igitur

1848 2203 2217 2275 generationis
2277 2213 2362 2258 est
2417 2202 2770 2272 principium,
2825 2203 3073 2258 naturale
3106 2213 3161 2256 et
3211 2202 3422 2266 locale;

1851 2293 2095 2348 naturale
2125 2293 2342 2362 quidem
2404 2292 2552 2363 quod
2586 2308 2615 2347 a
2649 2294 2928 2364 genitore,
2991 2293 3162 2349 locale
3213 2293 3357 2365 quod
3397 2311 3425 2348 a

1852 2385 2025 2457 patria
2056 2394 2158 2439 est.

237 2473 306 2540 β’.
332 2477 572 2544 Δέγτται
615 2479 773 2546 γένος
815 2482 907 2534 καὶ
942 2483 1074 2535 αὐτὸ
1115 2484 1173 2537 τὸ
1231 2485 1432 2553 πλῆθος
1483 2487 1590 2539 τῶν
1641 2487 1748 2539 ἀπὸ

1925 2480 1979 2534 2.
2016 2479 2222 2534 Dicitur
2250 2493 2424 2550 genus
2451 2477 2616 2533 etiam
2648 2475 2762 2547 ipsa
2781 2476 3079 2534 multitudo
3111 2493 3300 2534 eorum
3331 2479 3422 2548 qui

168 2571 301 2637 μιᾶς
353 2571 553 2639 ἀρχῆς.
615 2572 750 2625 καθὸ
805 2575 1045 2643 σχέσεως
1105 2576 1291 2648 ἔχουσι
1344 2579 1484 2646 πρός
1541 2596 1598 2632 τε
1651 2579 1750 2649 τὴν

1861 2573 1930 2628 ab
1969 2586 2076 2627 uno
2109 2577 2235 2626 sunt
2293 2569 2584 2640 principio.
2647 2580 2918 2640 quatenus
2955 2580 3011 2625 et
3054 2571 3123 2626 ad
3187 2571 3427 2643 primum

167 2661 399 2733 πρώτην
437 2665 611 2735 ἀρχὴν
645 2669 737 2719 καὶ
769 2668 904 2732 πρὸς
929 2670 1198 2741 ἀλλήλους
1234 2672 1435 2734 αὐτούς
1466 2690 1480 2706 ·
1505 2675 1582 2738 ὡς
1623 2675 1754 2728 ὅταν

166 2758 431 2826 λέγωμεν
459 2759 519 2810 τὸ
560 2760 716 2826 γένος
742 2761 853 2814 τῶν
893 2765 1192 2821 Ἰουδαίων.
1224 2767 1334 2820 Καὶ
1375 2768 1486 2837 γὰρ
1526 2768 1577 2822 οι
1617 2769 1754 2822 Ἰου-

165 2853 311 2905 δαῖοι
359 2855 550 2922 σχέσιν
605 2855 790 2923 ἔχουσι
831 2859 923 2912 καὶ
972 2860 1110 2928 πρὸς
1157 2861 1259 2928 τὴν
1313 2864 1539 2932 πρώτην
1579 2863 1757 2932 ἀρχὴν

169 2942 270 3008 τῆς
299 2945 592 3009 γενέσεως,
617 2946 786 3013 ἤγουν
813 2947 904 2999 τὸν
943 2949 1168 3014 Ἰούδαν,
1205 2953 1261 3017 ἐξ
1287 2947 1349 3006 οὗ
1396 2954 1752 3020 κατάγονται,

172 3037 266 3086 καὶ
303 3037 445 3104 πρὸς
466 3038 730 3108 ἀλλήλους
760 3042 860 3110 τὴν
897 3045 996 3111 τῆς
1038 3045 1389 3112 συγγενείας.

242 3127 316 3194 γ’.
349 3131 692 3200 Ἐκλήθησαν
717 3133 771 3185 δὲ
803 3134 1038 3200 πρώτως
1063 3137 1157 3187 καὶ
1188 3138 1393 3204 κυρίως
1421 3139 1472 3190 oi
1505 3139 1755 3193 Ἰουδαῖοι

172 3221 222 3272 ei
266 3223 330 3273 ἐκ
373 3222 473 3275 τοῦ
524 3224 695 3278 Ἰούδα
730 3227 872 3280 κατὰ
911 3229 1200 3298 ἀποτομὴν
1234 3229 1342 3283 τῶν
1377 3232 1486 3284 ἀπὸ
1524 3233 1635 3286 τῶν
1664 3232 1758 3285 ἄλο

171 3314 285 3365 λων
330 3315 688 3385 κεκλημένων
723 3319 921 3384 γενῶν,
954 3321 1126 3388 ἥγουν
1182 3321 1290 3375 τῶν
1343 3324 1610 3389 Λευῖτῶν,
1646 3326 1758 3379 τῶν

174 3406 546 3476 Βενιαμιτῶν,
571 3413 663 3462 καὶ
688 3411 795 3463 τῶν
823 3412 1026 3466 λοιπῶν
1062 3415 1244 3482 φυλῶν
1271 3433 1286 3448 ο
1317 3417 1550 3487 ὕστερον
1579 3420 1636 3474 δὲ
1664 3420 1758 3474 καὶ

174 3502 239 3556 τὸ
287 3505 442 3557 ἅπαν
487 3504 641 3569 ἔθνος
692 3507 798 3560 τῶν
843 3508 1112 3579 Ἐϐραίων
1152 3509 1396 3565 Ἰουδαῖοι
1453 3518 1758 3585 κατονομά-

178 3595 367 3658 ξονται
404 3599 493 3651 διὰ
517 3601 578 3653 τὸ
609 3602 704 3668 τῆς
741 3601 914 3657 Ἰούδα
946 3604 1121 3673 φυλῆς
1155 3605 1429 3676 ἐπίσημον
1457 3611 1550 3662 καὶ
1603 3610 1761 3678 βασι-

173 3688 351 3743 λικόν.

248 3782 314 3836 δ’.
356 3783 572 3845 Ἄλλως
616 3784 672 3838 δὲ
731 3785 948 3855 λέγεται
1001 3791 1178 3860 γένος,
1215 3786 1258 3862 ᾦ
1288 3794 1662 3851 ὑποτάσσεται
1699 3799 1760 3852 τδ

1857 2664 2184 2737 principium
2220 2671 2274 2718 et
2305 2662 2372 2718 ad
2434 2677 2494 2718 se
2523 2664 2756 2719 invicem
2784 2666 2895 2736 87
2944 2666 3160 2720 schesin
3214 2679 3310 2719 seu
3345 2681 3428 2719 re-

1858 2768 2103 2827 spectum
2165 2756 2371 2811 habent
2411 2772 2427 2812 :
2462 2765 2522 2809 ut
2572 2771 2695 2811 cum
2729 2772 2904 2827 genus
2943 2755 3258 2812 Judaorum
3291 2757 3430 2812 dici-

1860 2865 2002 2906 mus.
2035 2849 2206 2905 Judmi
2242 2851 2389 2905 enim
2419 2860 2474 2906 et
2523 2851 2587 2906 ad
2619 2851 2856 2922 primum
2895 2852 3224 2922 principium
3254 2861 3429 2918 ortus,

1859 2958 2056 3012 nempe
2080 2943 2298 3010 ludam,
2329 2957 2358 2997 a
2384 2959 2494 3014 quo
2518 2945 2900 3009 deducuntur;
2931 2955 2984 3000 et
3004 2946 3070 2999 ad
3101 2959 3160 2999 se.
3199 2944 3432 2999 invicem

1861 3037 2075 3092 schesin
2102 3038 2328 3102 habent,
2369 3053 2488 3092 eam
2528 3053 2647 3108 quae
2690 3039 2744 3093 in
2780 3039 3106 3110 cognatione
3156 3038 3431 3093 consistit.

1930 3129 1982 3183 3.
2008 3130 2275 3184 Caeterum
2307 3131 2485 3198 primo
2519 3139 2575 3186 et
2597 3132 2815 3201 proprie
2847 3129 3024 3185 Judaei
3055 3131 3232 3185 vocati
3280 3140 3432 3193 sunt,

1862 3223 1950 3291 qui
1980 3237 2046 3276 ex
2068 3221 2208 3276 Juda
2235 3233 2385 3288 sunt,
2412 3233 2471 3278 ut
2496 3223 2915 3293 sejungerentur
2938 3239 2967 3278 a
3000 3226 3295 3294 generibus
3318 3240 3437 3293 qua:

1862 3316 1930 3370 ab
1957 3318 2078 3371 aliis
2100 3317 2454 3371 denominata
2509 3326 2656 3381 sunt,
2685 3334 2714 3371 a
2758 3317 2983 3381 Levitis,
3034 3316 3432 3389 Benjaminitis,

1863 3409 2160 3466 etcteteris
2198 3410 2469 3465 tribubus.
2519 3408 2723 3465 Deinde
2754 3425 2884 3465 vero
2939 3411 3106 3465 etiam
3175 3413 3436 3466 universa

1864 3518 1999 3572 gens
2029 3500 2381 3557 Hebraeorum
2411 3502 2582 3558 Judaei
2637 3504 3008 3572 cognominati
3037 3514 3182 3569 sunt,
3218 3515 3440 3576 preptcr

1866 3596 2042 3653 tribus
2063 3595 2202 3652 Juda
2225 3595 2597 3652 celebritatem
2625 3605 2680 3649 et
2709 3596 3054 3665 dignitatem.

1933 3774 1990 3833 4.
2020 3774 2141 3830 Alio
2167 3782 2348 3830 autem
2405 3773 2568 3830 modo
2595 3773 2794 3830 dicitur
2816 3788 3008 3846 genus,
3034 3775 3122 3830 cui
3154 3773 3442 3846 subjicitur

176 3868 344 3936 εἶδος,
386 3875 512 3927 καθ’
547 3878 839 3947 ὁμοιότητα
868 3881 976 3934 τῶν
1012 3883 1322 3953 είρημένων
1351 3887 1548 3953 γενῶν.
1590 3889 1755 3960 ’Δρχή

1870 3869 2103 3939 species,
2126 3866 2265 3922 forte
2288 3867 2587 3922 secundum
2610 3867 3024 3922 similitudinem
3044 3881 3302 3937 generum
3323 3883 3441 3936 quu'

177 3983 237 4016 τε
287 3968 394 4036 γάρ
459 3969 579 4021 ἐστι
607 3969 669 4023 τὸ
697 3972 939 4031 τοιοῦτον
962 3975 1120 4041 γένος
1149 3977 1259 4030 τῶν
1305 3979 1395 4047 ὑφ’
1444 3981 1632 4048 ἑαυτὸ,
1669 3984 1767 4034 καὶ

175 4062 434 4129 περιέχει
464 4063 558 4113 καὶ
595 4065 702 4115 πᾶν
730 4064 790 4116 τὸ
825 4066 1026 4136 πλῆθος
1063 4068 1172 4120 τῶν
1208 4069 1300 4122 ὑπ’
1333 4071 1489 4124 αὑτό.

248 4247 313 4295 ε’.
341 4241 559 4309 Τριχῶς
589 4240 682 4295 οὖν
704 4244 796 4297 τοῦ
817 4247 1007 4312 γένους
1033 4248 1353 4316 λεγομένου,
1388 4251 1628 4318 περὶτοῦ
1649 4253 1766 4322 τρίι

173 4347 274 4382 του
324 4335 438 4394 τοῖς
493 4333 803 4400 φιλοσόφοις
863 4337 891 4388 6
947 4336 1103 4402 λόγος
1142 4337 1170 4390 δ
1211 4338 1303 4390 καὶ
1350 4338 1765 4408 ὑπογράφοντες

171 4424 439 4488 λέγουσι·
493 4426 653 4487 “vo;
698 4427 815 4479 ιστὶ
852 4428 911 4480 τὸ
948 4430 1089 4481 κατὰ
1120 4430 1384 4483 πλειόνων
1437 4432 1534 4484 καὶ
1578 4431 1736 4492 διαφι

173 4520 391 4584 ρόντων
417 4517 496 4584 τῷ
522 4518 650 4570 εῖδει
680 4520 735 4570 ιν
774 4518 850 4586 τῷ
876 4520 929 4571 τί
968 4522 1084 4573 ἐστι
1113 4522 1616 4592 κατηγορούμενον.

252 4619 336 4675 ς’.
365 4613 478 4665 Καὶ
511 4612 571 4662 τὸ
599 4606 734 4672 εἶδος
759 4612 816 4663 δὴ
846 4613 942 4680 οὐχ
973 4612 1030 4664 ’ἐν
1067 4630 1118 4665 τι
1160 4613 1316 4683 δηλοῖ
1345 4631 1354 4640 ·
1407 4613 1626 4680 λέγεται
1658 4616 1767 4685 γὰρ

167 4707 230 4756 τι
269 4701 418 4766 εἶδος
452 4709 546 4757 καὶ
581 4705 676 4756 ἐπὶ
707 4705 800 4772 τῆς
827 4705 1060 4758 ἑκάστου
1093 4707 1329 4773 μορφῆς,
1364 4705 1499 4758 καθὸ
1533 4706 1767 4775 λέγομεν

169 4798 412 4858 sie-63E;
465 4797 788 4862 ἀνθρώπους
831 4798 928 4849 καὶ
981 4798 1288 4860 δυσειδεῖς·

168 4891 400 4956 εὐειδὴς
425 4927 441 4950 .

1331 4795 1444 4850 οἷον
1497 4800 1524 4848 6
1559 4800 1766 4870 Νιρεὺς

495 4892 522 4941 6
570 4890 837 4958 Θερσίτης
865 4890 922 4942 δὲ
948 4888 1221 4959 δυσειδής.
1257 4891 1367 4942 Καὶ
1399 4890 1459 4942 τὺ
1493 4887 1633 4954 εἶδος
1671 4891 1767 4945 τοῦ

166 4982 511 5051 ἀνδριάντος
540 4981 765 5035 τοιόνδε.

238 5076 315 5138 ζ’.
361 5075 595 5142 Λέγεται
619 5071 761 5136 εἶδος
788 5076 880 5127 καὶ
912 5076 973 5128 τὸ
1002 5077 1342 5146 τασσόμενον
1373 5077 1479 5130 ὑπὸ
1520 5078 1579 5130 τὸ
1611 5079 1768 5141 γένος

164 5168 266 5219 καὶ
329 5158 396 5218 οὗ
427 5166 814 5233 κατηγορεῖται
860 5165 1100 5232 τὸγένος
1143 5168 1202 5219 ἐν
1242 5167 1321 5228 τῷ
1361 5165 1415 5218 τί
1461 5169 1597 5221 ἐστι.
1633 5168 1771 5238 Περὶ

162 5260 381 5311 τούτου
407 5259 521 5319 τοῖς
546 5257 862 5326 φιλοσόφοις
888 5260 916 5311 6
945 5259 1123 5326 λόγοςέ

234 5351 316 5420 η’.
375 5351 530 5402 Ἐπεὶ
559 5349 615 5402 δὲ
645 5351 704 5401 τὸ
727 5352 881 5415 γένος
911 5351 1251 5414 ἀποδιδόντες
1274 5351 1368 5406 τοῦ
1399 5352 1568 5414 εἴδους
1601 5353 1769 5422 ἐμνή-

165 5444 420 5512 σθημεν,
453 5441 728 5502 είπόντες·
764 5441 922 5504 Γὲνος
952 5443 1066 5494 ἐστὶ
1108 5443 1168 5495 τὸ
1213 5445 1352 5496 κατὰ
1386 5444 1646 5496 πλειόνων
1675 5446 1768 5497 καὶ

160 5535 555 5604 Eua-aegrine»
618 5533 694 5602 τῷ
745 5533 872 5584 εῖδει
899 5536 954 5586 ὲν
998 5533 1158 5602 τῷτί
1198 5535 1312 5588 ὲστι
1357 5535 1768 5605 κατηγορούμε-

164 5648 281 5689 qm,
325 5626 435 5678 καὶ
485 5626 546 5677 τὸ
591 5621 732 5686 εῐδος
773 5626 1205 5693 ὑπογράφοντες,
1241 5629 1335 5680 καὶ
1383 5627 1632 5698 περὶτοῦ
1676 5630 1765 5694 γέ·

162 5707 292 5783 οέους
333 5716 789 5786 διαλαμϐάνομεν
815 5733 828 5746 ·
863 5713 1012 5779 Εῐδός
1065 5720 1200 5783 ἐστι,
1250 5719 1523 5786 λέγοντες,
1551 5721 1613 5772 τὸ
1640 5738 1770 5774 τασ-

165 5819 419 5882 σόμενον
448 5810 551 5862 ὑπὸ
593 5809 654 5863 τὸ
687 5809 842 5877 γένος
881 5812 975 5862 καὶ
1001 5803 1062 5862 οὗ
1095 5813 1479 5881 κατηγορεῖται
1525 5812 1583 5865 τὸ
1617 5813 1770 5879 γένος

164 5907 220 5956 ὲν
254 5905 342 5974 τῷ
404 5901 463 5955 τί
497 5902 613 5954 ἐστι
639 5916 651 5929 ·
703 5901 808 5972 χρὴ
839 5901 1149 5969 γιιώσκειν,
1182 5902 1262 5953 ὅτι
1299 5900 1550 5971 καθάπερ
1601 5903 1656 5959 ἐν
1699 5903 1775 5972 τῷ

1871 3962 2014 4017 dicta
2047 3969 2194 4016 sunt.
2229 3959 2510 4030 Ejusmodi
2539 3961 2686 4016 enim
2716 3975 2888 4028 genus
2908 3968 2963 4014 et
2991 3959 3318 4030 principium
3352 3970 3438 4014 est

1869 4068 2056 4108 eorum
2082 4067 2204 4122 qua
2231 4053 2333 4106 sub
2365 4067 2422 4107 se
2447 4062 2594 4118 sunt,
2624 4058 2680 4106 et
2714 4052 3024 4106 universam
3051 4052 3216 4107 etiam
3247 4051 3401 4106 multi
3419 4081 3439 4092 -

1869 4145 2112 4199 tudinem
2147 4145 2393 4199 continet
2427 4159 2614 4198 eorum
2646 4158 2767 4213 quae
2795 4143 2898 4198 sub
2929 4143 3050 4213 ipso
3083 4153 3232 4198 sunt.

1943 4239 1995 4293 5.
2031 4238 2168 4293 Cum
2202 4239 2372 4307 igitur
2417 4252 2588 4307 genus
2636 4237 2812 4291 tribus
2862 4237 3040 4291 modis
3085 4236 3338 4304 dicatur,
3380 4237 3449 4292 de

1873 4333 2033 4386 tertio
2095 4332 2239 4402 apud
2301 4329 2658 4400 philosophos
2715 4345 2897 4385 sermo
2943 4340 3051 4394 est,
3100 4331 3245 4399 quod
3281 4331 3445 4385 etiam

1873 4425 2250 4480 describentes
2283 4423 2471 4477 dicunt
2503 4424 2732 4481 :Genus
2772 4434 2854 4478 est
2879 4425 3025 4492 quod
3061 4422 3132 4477 de
3175 4423 3369 4479 multis
3396 4433 3450 4478 et

1873 4515 2251 4570 differentibus
2277 4515 2458 4584 specie
2482 4515 2538 4569 in
2567 4514 2698 4584 quid
2723 4524 2808 4569 est
2845 4515 3194 4583 praedicatur.

1945 4607 1998 4661 6.
2023 4605 2088 4660 Et
2114 4621 2246 4661 vero
2275 4607 2438 4660 etiam
2465 4607 2679 4676 species
2708 4620 2817 4661 non
2835 4620 3002 4661 unum
3033 4606 3238 4676 aliquid
3266 4607 3450 4662 decla-

1878 4709 1979 4754 rat.
2012 4699 2223 4754 Etenim
2256 4699 2468 4769 species
2521 4702 2685 4754 etiam
2727 4699 2796 4754 de
2830 4699 3098 4770 cujusque
3129 4701 3208 4755 rei
3271 4700 3447 4756 forma

1875 4791 2092 4853 dicitur,
2136 4803 2411 4860 quatenus
2460 4790 2733 4845 formosos
2777 4799 2830 4844 et
2875 4791 3149 4846 deformes
3201 4791 3452 4848 homines

1880 4883 2137 4949 dicimus,
2173 4883 2342 4936 veluti
2371 4881 2562 4938 Nireus
2587 4882 2700 4952 88
2729 4883 3021 4950 formosus,
3047 4883 3326 4940 Thersites
3355 4901 3452 4940 su-

1883 4986 1994 5030 tem
2027 4974 2293 5029 deformis
2317 4991 2331 5034 :
2358 4985 2412 5029 et
2439 4975 2609 5029 forma
2638 4984 2853 5042 statuae,
2896 4977 3004 5031 tale
3037 4977 3164 5046 quid
3202 4987 3308 5032 est.

1951 5069 2004 5122 7.
2048 5068 2259 5122 Dicitur
2283 5070 2495 5138 species
2521 5067 2684 5121 etiam
2720 5069 2866 5137 quod
2910 5070 3013 5124 sub
3048 5084 3250 5137 genere
3286 5071 3455 5125 collo-

1881 5168 2038 5216 catur
2064 5169 2119 5214 et
2159 5159 2228 5214 de
2273 5174 2381 5228 quo
2434 5173 2605 5228 genus
2633 5165 2686 5217 in
2721 5161 2852 5231 quid
2880 5171 2962 5216 est
2994 5163 3340 5232 prtedicatur.
3380 5165 3453 5220 De

1879 5257 1982 5309 hoc
2016 5255 2354 5325 philosophis
2391 5270 2572 5310 sermo
2602 5265 2702 5311 est.

1949 5350 2002 5403 8.
2059 5347 2323 5414 Quoniam
2397 5359 2579 5404 autem
2643 5365 2818 5420 genus
2867 5350 3193 5408 deﬁnientes
3246 5353 3450 5423 speciei

1880 5442 2211 5496 mentionem
2249 5441 2498 5508 fecimus,
2523 5458 2644 5497 cum
2676 5444 2913 5498 diximus
2947 5444 3170 5503 :Genns
3194 5455 3278 5500 est
3303 5447 3450 5516 quod

1878 5534 1945 5586 de
1968 5532 2215 5601 pluribus
2234 5541 2289 5586 et
2318 5532 2704 5587 differentibus
2734 5535 2786 5587 in
2817 5537 2960 5604 quod
2983 5545 3068 5590 est
3095 5536 3443 5606 praedicatur,

1877 5623 2221 5691 speciemque
2271 5623 2647 5679 describcn'tes
2677 5625 2838 5678 etiam
2870 5625 2938 5678 de
2977 5643 3177 5693 genere
3226 5628 3448 5683 disseri-

1883 5730 2038 5780 mus;
2073 5715 2317 5769 dicentes
2352 5733 2364 5768 :
2397 5712 2620 5783 Species
2657 5727 2741 5770 est
2785 5731 2908 5784 qua:
2962 5718 3062 5770 sub
3089 5733 3289 5786 genere
3335 5720 3448 5774 col-

1882 5809 2114 5871 locatur,
2146 5817 2199 5861 ct
2230 5807 2297 5861 de
2326 5822 2430 5877 qua
2481 5822 2653 5878 genus
2686 5807 2738 5860 in
2769 5808 2897 5877 quid
2952 5818 3035 5862 est
3074 5813 3441 5879 praedicatur;

1889 5902 2172 5958 sciendum
2204 5912 2305 5968 est,
2340 5905 2484 5974 quod
2521 5903 2977 5973 quemadmodum
3006 5905 3060 5960 iu
3102 5905 3344 5960 oratione
3381 5907 3449 5959 de
