4204 6438
166 426 269 489 807

1473 429 1815 491 ΒΡΙΤΟΜΕ
1858 432 2148 494 1.0GICA.

3325 433 3430 495 893

165 539 494 606 τικειμένων
530 539 606 606 τῷ
635 539 781 608 αὐτῷ
813 558 869 592 τε
909 541 1255 610 ὑποκειμένιει
1291 544 1609 610 χρωμένων,
1653 544 1747 595 καὶ

1851 558 2209 614 apponuntur
2258 557 2307 598 et
2345 545 2539 600 eodem
2582 546 2825 614 sohjecto
2850 555 3096 606 utuntur,
3131 557 3181 598 et
3218 548 3282 596 de
3312 549 3430 613 ipso

165 635 258 684 τὸν
316 633 479 683 αὑτὸν
541 635 1016 700 κατηγορούμενον
1071 634 1235 685 αὐτοῦ
1300 639 1744 702 κατηγορουοῶν,

166 727 304 790 μήτε
369 724 860 791 καθ’ὀμωνυμίαν,
922 728 1058 793 μήτε
1100 729 1240 780 κατὰ
1295 745 1347 778 τι
1391 728 1496 777 τῶν
1551 729 1750 787 ἄλλων,

163 819 264 868 ὃσα
288 819 427 886 πρὸς
448 819 545 880 τὰς
564 818 873 888 “aliqua;
903 819 1012 870 τῶν
1063 820 1332 887 σοφιστῶν
1377 822 1745 890 προσόιοριξό-

166 911 332 979 pelia.

252 1003 318 1054 θ’.
356 1003 648 1070 Τετραχιῖκ
701 1004 755 1056 δὲ
784 1007 1186 1074 ’προαγομένης
1237 1008 1336 1074 τῆς
1387 1009 1749 1074 ἀποφάνσεως

163 1094 219 1161 (ἢ
254 1095 366 1162 γὰρ
393 1097 454 1147 τὸ
484 1096 730 1165 ὑπάρχον
754 1097 827 1159 ὡς
857 1097 931 1167 μὴ
968 1099 1212 1167 ὑπάρχον
1249 1101 1614 1164 ἀποφαίνεταί
1641 1117 1746 1165 τις,

161 1180 296 1246 οἷον,
329 1185 402 1235 Τὸ
427 1186 766 1254 ἁμαρτάνειν
797 1189 896 1239 οὐκ
931 1188 1048 1241 εστι
1083 1189 1252 1241 κακόν
1277 1205 1288 1218 ⁸
1334 1191 1366 1257 ἢ
1393 1191 1452 1242 τὸ
1493 1191 1751 1259 ὑπάρχον

160 1275 238 1333 ὠς
263 1277 538 1344 ὑπάρχον,
560 1273 693 1340 οἷον,
722 1277 795 1330 T6
823 1280 1162 1347 ἁμαρτάνειν
1187 1283 1353 1334 κακόν
1380 1285 1532 1335 ἐστιν
1573 1298 1588 1313 ⁸
1625 1283 1657 1351 ἢ
1689 1283 1751 1335 τὸ

166 1366 242 1430 μὴ
276 1365 525 1433 ὑπάρχον
551 1367 624 1426 ὡς
669 1367 938 1434 ὑπάρχον,
959 1363 1094 1431 οἷον,
1131 1371 1202 1422 Τὸ
1231 1371 1570 1438 ἁμαρτάνειν
1615 1374 1750 1438 ἀγαο

162 1453 256 1506 θόν
281 1457 435 1507 εστιν
459 1471 476 1488 ⁸
507 1457 541 1525 ἢ
564 1457 625 1509 τὸ
656 1460 733 1526 μὴ
780 1460 1026 1527 ὑπάρχον
1058 1461 1131 1519 ib:
1171 1462 1244 1529 μὴ
1294 1463 1562 1529 ὑπάρχον,
1613 1457 1746 1527 οἷον,

162 1546 238 1597 Τὸ
268 1547 610 1615 ἁμαρτάνειν
636 1551 736 1602 οὐκ
803 1551 948 1602 ἐστιν
991 1552 1240 1618 ἀγαθὸν),
1294 1551 1547 1605 ἐντεῦθεν
1601 1555 1751 1605 ἀντι-

162 1635 346 1699 θέσεις
370 1638 609 1704 γίνονται
646 1639 741 1692 δύο
803 1657 818 1672 ⁸
855 1643 959 1707 μία
1006 1643 1105 1708 μιν
1151 1641 1382 1709 ψευδοῦς
1419 1644 1748 1709 ἀποφάσεως

163 1732 304 1796 πρδς
375 1732 550 1800 ἀληθῆ
622 1733 930 1796 κατάφασιν
963 1748 976 1762 ⁸
1035 1735 1199 1804 έτέρα
1263 1735 1318 1786 6i
1386 1735 1749 1803 καταφάσεως

1857 638 1993 688 idem
2028 641 2375 705 praedicatum
2409 639 2662 696 eﬂ'erunt,
2695 653 2870 703 neque
2903 640 3204 690 secundum
3240 640 3428 690 homo-

1856 734 2090 798 nymiant
2127 748 2300 798 neque
2331 735 2632 785 secundum
2669 731 2872 798 aliquid
2913 747 3102 783 eorum
3136 748 3256 800 qua:
3294 747 3426 783 rou-

1855 834 1932 873 tia
1966 825 2336 891 sophistarum
2370 825 2812 890 importunitates
2843 825 3297 877 determinatuus.

1923 1003 1978 1056 9.
2016 1001 2211 1054 Verum
2246 1003 2530 1056 enimvero
2589 1018 2712 1056 cum
2756 1015 2993 1071 quatuor
3037 1007 3214 1056 modis
3250 1005 3431 1073 profe-

1861 1103 2013 1146 ratur
2045 1094 2358 1147 enuntiatio
2387 1093 2495 1161 (vel
2528 1095 2674 1148 enim
2721 1096 2864 1163 quod
2919 1097 3057 1150 inest
3109 1101 3266 1162 quasi
3321 1115 3428 1150 nou

1855 1185 1984 1236 insit
2013 1184 2263 1238 enuntiat
2293 1184 2515 1253 aliquis,
2547 1196 2625 1249 ut,
2666 1185 2900 1240 Peccare
2937 1203 3039 1240 non
3076 1197 3158 1240 est
3188 1188 3388 1240 malum
3414 1205 3430 1251 ;

1855 1268 1937 1320 vel
1968 1269 2114 1336 quod
2144 1269 2284 1325 ineat
2309 1273 2464 1340 quasi
2491 1276 2643 1337 insit,
2679 1273 3032 1332 ut.Peccare
3069 1277 3268 1328 malum
3323 1290 3430 1343 est;

1855 1361 1936 1413 vel
1969 1363 2110 1429 quod
2150 1378 2258 1417 non
2288 1367 2434 1419 inest
2458 1368 2616 1434 quasi
2656 1367 2807 1428 insit,
2856 1376 2937 1427 ut,
2973 1366 3205 1420 νεα-λινε
3230 1371 3428 1421 lmuunt

1852 1452 2016 1523 270
2051 1466 2172 1520 est;
2213 1459 2296 1510 vel
2328 1458 2469 1526 quod
2509 1473 2616 1511 non
2643 1460 2804 1523 inest,
2850 1461 3005 1528 quasi
3037 1477 3143 1513 non
3173 1463 3318 1522 insit,
3353 1473 3432 1525 ut,

1855 1545 2092 1599 Peccare
2123 1563 2227 1600 non
2284 1558 2366 1603 est
2415 1549 2660 1616 bonum),
2690 1550 2817 1603 hinc
2863 1553 2983 1606 dure
3037 1557 3169 1609 liunt
3213 1560 3431 1625 opposi-

1855 1636 2054 1698 tiones,
2123 1655 2229 1694 una
2284 1639 2502 1709 quidem
2576 1642 2727 1696 falsae
2775 1646 3082 1712 negationis
3128 1651 3189 1698 ad
3250 1666 3428 1702 vet-tun

1853 1726 2306 1794 afﬁrmatioucm,
2341 1733 2511 1786 altera
2572 1719 2700 1786 vero
2744 1734 2890 1788 lalsa:
2949 1739 3333 1792 allirmationis
3365 1741 3431 1791 ad

161 1821 398 1887 ψευδοῦς
428 1825 563 1887 πρὸς
591 1824 866 1891 ἀπόφασιν
919 1826 1117 1894 ἀληθῆ.
1170 1827 1279 1881 Καὶ
1335 1830 1486 1898 παρὰ
1545 1832 1747 1891 ταύτας

1854 1834 2037 1873 veram
2071 1822 2438 1889 negationem.
2468 1825 2644 1891 Atque
2669 1837 2860 1892 praeter
2913 1827 3009 1880 has
3039 1827 3178 1881 duas
3208 1829 3430 1896 opposi-

159 1915 260 1976 τὰς
279 1915 378 1968 δύο
405 1915 708 1977 ἀντιθέσεις
740 1917 848 1968 οὐδ’
904 1918 1188 1987 ἐπινοῆσαι
1238 1919 1407 1990 ἀλλην
1453 1921 1743 1992 ἐνδέχεται.

233 2012 287 2058 ι’.
336 2007 491 2058 Πᾶσα
527 2008 585 2060 δὲ
619 2011 922 2075 κατάφασις
955 2011 1110 2077 λόγος
1143 2014 1291 2064 εστὶν
1322 2015 1697 2080 άποφαντικός
1731 2031 1744 2046 ⁸

159 2097 433 2159 ὡσαύτως
475 2099 570 2150 καὶ
612 2100 762 2152 πᾶσα
803 2101 1100 2166 ἀπόφασις.
1143 2103 1531 2172 Ὀνομάζονται
1573 2105 1748 2157 δὲκαὶ

160 2193 338 2261 άμφω
370 2193 690 2260 προτάσεις,
721 2193 796 2254 ὼς
830 2194 937 2246 ὑπὸ
964 2195 1073 2246 τῶν
1105 2195 1524 2264 συλλογίσασθαι
1561 2198 1746 2266 βουλο-

165 2286 354 2353 μένων
387 2287 802 2355 προτεινόμεναι
832 2287 942 2348 τοῖς
973 2289 1172 2351 κοινοῖς
1201 2288 1312 2342 τῶν
1342 2289 1534 2357 λόγων.

236 2475 334 2524 ια’.
380 2467 543 2522 Ἐστι
573 2467 754 2521 τοίνυν
787 2469 1050 2536 πρότασις
1085 2468 1242 2541 λόγος
1273 2469 1678 2538 άποφαντικδς,
1713 2472 1748 2542 ἦ

159 2578 313 2625 τινος
343 2562 485 2615 κατά
510 2578 654 2622 τινος
681 2563 714 2633 ἡ
741 2578 885 2624 τινος
911 2563 1020 2616 ἀπό
1042 2581 1207 2627 τινος.
1239 2567 1348 2622 Καὶ
1369 2568 1546 2630 άλλως
1565 2585 1579 2600 ⁸
1613 2568 1750 2637 Πρό-

160 2655 325 2717 τασίς
354 2655 504 2708 εστιν
534 2655 878 2722 ἀντιφάσεως
910 2657 1043 2724 μιᾶς
1075 2658 1287 2726 μόριον.

236 2746 328 2815 ιβ’.
371 2743 494 2798 Τῶν
538 2745 596 2798 δὲ
646 2748 964 2814 προτάσεων
1009 2749 1066 2800 al
1120 2750 1222 2816 μέν
1273 2751 1332 2815 ἐξ
1384 2751 1746 2822 ὑποκειμένου

163 2838 258 2890 καὶ
292 2839 782 2907 κατηγορουμένου
818 2838 1139 2904 σύγκεινται
1172 2842 1335 2910 μόνον
1368 2842 1486 2910 (καὶ
1522 2845 1746 2897 ὑποκεί-

163 2946 327 2995 μενος
364 2927 533 3000 [ὄρος]
567 2931 682 2981 εστὶ
717 2932 846 3000 περὶ
877 2927 939 2986 οὗ
970 2934 997 2984 6
1031 2933 1187 2999 λόγος
1216 2949 1230 2963 ⁸
1267 2936 1746 3006 κατηγορούμενος

157 3021 217 3072 δὲ
247 3022 276 3073 6
307 3024 441 3090 περὶ
468 3021 560 3073 τοῦ
586 3022 958 3090 ὑποκειμένου
987 3024 1296 3093 λεγόμενος.
1335 3022 1464 3080 Οἷον
1483 3067 1498 3091 ,
1534 3028 1745 3098 Γρηγό-

164 3129 282 3180 ριος
325 3113 611 3180 θεολογεῐ⁸
654 3114 717 3167 τὸ
760 3117 860 3184 μὲν
904 3116 940 3168 Γ
947 3117 1203 3185 ρηγόριος
1244 3118 1567 3173 ὑπόκειται·
1615 3124 1743 3190 περὶ

163 3204 332 3256 αὐτοῦ
375 3204 487 3274 γὰρ
528 3208 556 3258 6
596 3205 752 3273 λόγος
777 3222 791 3236 ⁸
833 3207 894 3259 τὸ
933 3209 992 3260 δὲ
1032 3209 1274 3276 Θεολογεζ
1315 3213 1699 3281 κατηγορεῖται
1727 3230 1739 3243 ⁸
1770 3210 1815 3266 C

163 3299 304 3350 κατὰ
333 3296 431 3349 τοῦ
463 3298 765 3368 Γρηγορίου
796 3299 905 3369 γὰρ
934 3300 1152 3368 λέγεται
1178 3303 1240 3356 τὸ
1271 3303 1586 3375 θεολογεῖν).
1620 3305 1743 3360 Τῶν

161 3387 253 3441 οὖν
287 3389 614 3458 προτάσεων
647 3391 701 3441 al
740 3391 841 3460 μιν
874 3393 1234 3462 ὑποκείμενον
1268 3398 1364 3448 καὶ
1398 3399 1736 3469 κατηγορού-

166 3496 328 3546 μενον
373 3478 582 3548 έχουσι,
626 3480 722 3534 καὶ
763 3481 917 3535 οὐδὲν
959 3483 1124 3535 πλέον
1152 3499 1164 3512 ⁸
1212 3486 1272 3537 αί
1319 3485 1377 3538 δὲ
1421 3487 1517 3540 καὶ
1557 3489 1744 3558 τρίτον

161 3573 826 3644 προσκατηγορούμενον,
863 3575 925 3628 τὸ
961 3576 1126 3631 ἐστίν.
1157 3577 1298 3632 Ὅσα
1333 3581 1440 3652 γὰρ
1477 3581 1600 3634 καθ’
1623 3583 1742 3645 ένὸς

167 3664 534 3732 ὑποκειμένου
582 3665 798 3733 λέγεται
843 3668 985 3722 κατὰ
1033 3670 1162 3737 μίαν
1207 3671 1497 3740 πρότασιν,
1547 3667 1626 3737 εἷς
1673 3676 1740 3728 τὰ

165 3757 344 3808 πάντα
372 3756 851 3826 κατηγορούμενος
873 3758 1224 3826 ὀνομάζεται.
1253 3763 1326 3815 Τὸ
1347 3763 1406 3815 δὲ
1432 3764 1547 3817 εστι
1573 3783 1741 3834 προσ-

163 3849 495 3919 αγορεύεται
543 3851 1162 3921 προσκατηγορούμενον
1186 3870 1200 3884 ⁸
1244 3849 1390 3921 οἷον,
1436 3857 1739 3928 Γρηγόριος

164 3942 416 4009 Θεολόγος
447 3941 541 3994 καὶ
571 3941 890 4011 φυσιολόγος
919 3943 1017 3996 καὶ
1045 3945 1260 4000 πάντων
1284 3948 1392 4001 τῶν
1420 3949 1591 4004 ὄντων
1624 3954 1740 4005 έπι-

165 4035 394 4103 στήμων
424 4034 595 4088 εστίν,
639 4034 1031 4105 ’Υποκείμενος
1067 4037 1168 4105 μιν
1200 4038 1310 4110 γὰρ
1343 4041 1466 4110 ὅρος
1498 4045 1562 4096 τδ
1595 4044 1739 4115 Γρη-

161 4127 370 4195 γόριος.
405 4125 480 4180 Τὸ
509 4125 846 4197 δι’θεολόγος
876 4128 972 4184 καὶ
1002 4131 1322 4200 φυσιολόγος
1342 4173 1357 4195 .
1392 4138 1486 4188 καὶ
1519 4138 1738 4192 πάντων

164 4218 267 4272 τῶν
314 4219 494 4273 όντων
539 4221 899 4290 ἐπιστήμων,
951 4226 1430 4295 κατηγορούμενος
1480 4224 1598 4294 εἷς·
1643 4237 1740 4289 καὶ

165 4312 296 4379 πρὸς
341 4311 527 4380 τούτῳ
569 4313 1045 4382 κατηγορούμενον
1091 4317 1153 4369 τὸ
1199 4318 1366 4374 έστίν.
1407 4311 1478 4374 Ἀί
1526 4323 1584 4376 δι
1628 4326 1739 4378 τῶν

165 4405 484 4472 προτάσεων
526 4404 621 4458 καὶ
661 4407 866 4471 τρόπον
906 4409 1308 4478 προσκείμενον
1349 4413 1600 4484 ἔχουσιν,
1643 4420 1737 4470 τὸν

1855 1909 2034 1964 tiones
2069 1912 2230 1964 aliam
2260 1930 2328 1968 ne
2351 1915 2572 1984 quidem
2599 1916 2839 1984 c0gitare
2875 1917 3018 1971 licet.

1927 2048 2012 2100 10.
2065 2045 2257 2104 Omnis
2314 2061 2496 2104 autem
2552 2055 2847 2106 afﬁrmatio
2907 2064 2988 2106 est
3047 2057 3430 2124 cutlttlialitlu;

1852 2142 2105 2195 similiter
2131 2151 2186 2197 et
2228 2145 2411 2205 omnis
2456 2146 2691 2213 negatiO.
2746 2146 2806 2199 Et
2863 2147 3034 2200 ambae
3089 2164 3215 2201 vero
3263 2152 3429 2202 etiam

1852 2232 2254 2300 propositiones
2285 2232 2829 2301 nominantur,quml
2878 2237 2944 2288 ab
2983 2237 3051 2288 iis
3113 2238 3203 2304 qui
3261 2239 3431 2289 ratiu-

1852 2322 2024 2376 ciuari
2053 2323 2169 2392 (seu
2202 2325 2578 2394 syllogismum
2613 2326 2814 2396 facere)
2851 2331 3061 2392 volunt,
3113 2331 3428 2382 communi-

1851 2414 1954 2470 bus
1982 2417 2321 2472 orationibus
2359 2429 2752 2488 proponantur.

1923 2509 2010 2562 ll.
2044 2509 2226 2575 Quare
2260 2513 2556 2580 propositio
2574 2523 2657 2566 est
2688 2520 2696 2556 -'
2723 2513 2898 2567 oratio
2947 2517 3281 2571 etmntiativa
3345 2519 3427 2570 vel

1851 2602 2083 2670 alicujus
2115 2605 2182 2658 de
2213 2605 2396 2674 aliquo
2423 2606 2503 2658 vel
2541 2605 2770 2674 alicujus
2795 2609 2863 2660 ab
2895 2608 3098 2677 aliquo.
3135 2608 3199 2663 Et
3232 2611 3386 2667 aliter
3414 2631 3426 2666 :

1851 2697 2152 2765 propositio
2179 2709 2261 2752 est
2294 2701 2456 2754 unius
2490 2701 2946 2756 contradictionis
2978 2705 3264 2770 particula.

1923 2789 2009 2842 12.
2061 2789 2236 2842 Porro
2293 2793 2724 2860 propositionum
2791 2793 2910 2848 alia:
2952 2809 3017 2848 ex
3071 2796 3315 2864 subjecto
3374 2807 3430 2852 et

1851 2879 2145 2946 praedicato
2174 2889 2386 2933 tantum
2415 2891 2693 2936 constant.
2737 2883 2940 2951 Estque
2992 2888 3271 2956 subjectus
3318 2900 3426 2944 ter-

1853 2969 2032 3024 minus
2066 2969 2132 3024 de
2162 2986 2268 3039 quo
2292 2973 2467 3027 oratio
2491 2982 2575 3026 est
2608 2991 2620 3028 :
2676 2978 3024 3042 praedicatus,
3053 2981 3146 3046 qui
3187 2979 3254 3031 de
3300 2983 3423 3033 ευΙι-

1845 3062 1992 3131 jectn
2024 3062 2246 3125 dicitur,
2292 3065 2459 3129 velut,
2489 3065 2788 3134 Gregorius
2854 3068 2921 3122 de
2983 3068 3096 3122 Deo
3152 3072 3372 3127 disserit
3410 3093 3422 3126 :

1850 3156 1908 3208 τὸ
1940 3155 2236 3225 Gregorius
2271 3159 2491 3226 quidem
2515 3159 2842 3228 subjicitur:
2870 3162 2934 3215 de
2967 3178 3031 3216 eo
3073 3164 3215 3217 enim
3244 3180 3427 3219 sermo

1849 3260 1932 3304 est
1961 3265 1976 3302 :
2008 3250 2069 3301 τὸ
2099 3251 2166 3303 de
2203 3249 2313 3306 Deo
2341 3252 2580 3317 disserit,
2653 3254 3003 3321 pradicatur;
3056 3255 3121 3309 de
3161 3255 3426 3324 Gregorio

1848 3340 1992 3394 enim
2023 3342 2225 3395 dicitur
2293 3342 2354 3393 τὸ
2397 3343 2465 3396 de
2501 3343 2610 3396 Deo
2661 3345 2950 3400 disserere.
2987 3345 3424 3416 Prppositionum

1848 3431 2014 3500 igitur
2042 3432 2161 3487 alite
2189 3433 2494 3502 subjectum
2522 3448 2574 3488 et
2604 3437 2955 3504 prmdicatum
2992 3431 3214 3504 habent,
3247 3456 3425 3510 neque

1847 3525 1993 3593 plus,
2031 3525 2150 3578 alia!
2177 3540 2305 3580 vero
2357 3527 2519 3581 etiam
2579 3530 2797 3582 tertiqu
2848 3532 3294 3600 apprzedicatum,
3345 3539 3408 3588 τδ

1845 3627 1947 3672 est.
1978 3616 2111 3683 ρυω
2140 3618 2298 3688 27],
2340 3621 2484 3673 enim
2518 3621 2587 3674 de
2624 3637 2733 3674 uno
2760 3623 3006 3691 subjecto
3053 3625 3108 3678 in
3155 3641 3260 3680 una
3299 3643 3423 3696 pro-

1844 3711 2118 3781 positione
2151 3711 2435 3774 dicuntur,
2467 3715 2650 3767 omnia
2680 3731 2818 3769 unus
2848 3717 3176 3784 prmdicatus
3205 3721 3420 3787 (termi-

1844 3800 1971 3867 nus)
2001 3799 2370 3854 nominantur.
2406 3802 2481 3854 Τδ
2538 3813 2844 3867 estautetn,
2883 3808 3304 3874 alipi-cdicatutn
3330 3829 3421 3878 ap-

1843 3891 2074 3959 pellatur
2111 3892 2280 3960 velut,
2340 3893 2639 3962 Gregorius
2695 3899 2980 3968 theologus
3035 3910 3087 3952 et
3145 3903 3420 3973 physiolo-

1844 3996 1969 4050 gus,
2015 3991 2070 4036 et
2101 3985 2346 4037 omnium
2375 3988 2582 4039 entium
2619 3988 2800 4042 sciens
2835 3999 2938 4043 est.
2992 3990 3066 4042 Τὸ
3121 3991 3419 4060 Gregorius

1841 4077 1986 4129 enim
2013 4074 2292 4144 subjectus
2345 4080 2613 4133 terminus
2654 4089 2785 4133 est:
2857 4090 2913 4134 at
2983 4082 3044 4133 τὺ
3105 4085 3414 4153 theologus,

1843 4169 2217 4238 physiologus,
2247 4179 2301 4222 et
2336 4172 2580 4222 omnium
2629 4175 2831 4224 cutium
2859 4175 3059 4238 sciens,
3094 4192 3235 4230 unus
3284 4195 3419 4244 pra:-

1841 4260 2056 4313 dicatus
2085 4275 2099 4315 :
2126 4268 2181 4313 et
2220 4262 2362 4330 quod
2394 4261 2461 4314 ad
2513 4264 2624 4315 haec
2659 4262 2989 4330 przeulicatur
3042 4267 3104 4318 τὸ
3136 4277 3235 4320 est.
3285 4272 3418 4320 Alia:

1841 4363 2024 4405 autem
2070 4354 2474 4421 propositiones
2525 4355 2690 4407 etiam
2741 4357 2958 4408 modum
3014 4359 3286 4425 adjectum
3328 4361 3418 4413 ha-

1842 4445 1992 4508 bent,
2015 4447 2286 4514 quomodo
2329 4448 2684 4515 praedicatum
2731 4449 2982 4519 subjecto
3027 4452 3155 4506 insit
3203 4453 3416 4520 signiﬁ~

159 4494 307 4556 ὅπως
358 4493 598 4564 ὑπάρχει
642 4493 704 4548 τὺ
748 4499 1221 4568 κατηγορούμενον
1265 4504 1344 4573 τῷ
1391 4506 1734 4578 ὑποκειμένῳ
1765 4535 1811 4592 ι)

163 4588 513 4655 σημαίνοντα.

232 4684 317 4744 ιγ.
364 4678 574 4747 τρόποι
603 4680 661 4735 δέ
691 4684 802 4737 sict
829 4684 890 4738 τὺ
918 4668 1238 4752 άναγκαῐον,
1268 4687 1331 4741 τὸ
1357 4689 1643 4754 ἀδύνατον.
1675 4694 1735 4746 τδ

161 4763 536 4842 ἐνδεχόμενον,
570 4773 633 4828 τὸ
650 4775 860 4841 καλῶς,
896 4777 955 4829 τὸ
979 4777 1190 4846 σαφῶς,
1228 4783 1323 4833 καὶ
1363 4783 1524 4851 ιτερα
1545 4797 1564 4815 ⁸
1598 4778 1674 4839 ὧν
1705 4788 1734 4839 6

160 4862 411 4932 ἀριθμὸς,
460 4864 622 4932 φύσει
671 4867 772 4934 μὲν
817 4868 1173 4938 περιληπτὸς,
1220 4871 1352 4940 ἡμῖν
1381 4875 1736 4948 .δ⁹άπερίλη-

161 4968 311 5016 πτος.
363 4951 493 5008 οἷον
516 4993 533 5018 ,
579 4955 903 5025 ’Δναγκαιον
953 4961 1044 5013 τὸν
1093 4961 1378 5031 ἄνθρωπον
1424 4967 1685 5022 ἀναπνεῖν
1713 4986 1727 5000 ⁸

171 5045 458 5100 Ἀδύνατον
488 5045 630 5100 εἶναι
656 5049 749 5101 τὸν
781 5051 945 5105 ῑππον
977 5059 1256 5124 πτερωτόν
1281 5070 1297 5086 ⁸
1330 5056 1613 5112 Βασίλειον
1644 5066 1732 5115 έν.

157 5137 373 5206 δέχεται
422 5141 761 5206 γονυκλιτεῖν
789 5159 806 5174 ⁸
850 5143 1166 5211 Ἀθανάσιος
1216 5148 1397 5213 καλῶς
1442 5151 1686 5209 διδάσκει
1711 5171 1728 5188 ⁸

168 5231 420 5300 Ἰωάννης
450 5231 640 5300 σαφῶς
670 5233 967 5304 ιξηγείται.

225 5405 303 5460 ιδ’.
349 5407 572 5461 Τούτων
615 5411 673 5464 δι
720 5411 829 5465 τῶν
877 5416 1160 5487 τεσσάρων
1203 5421 1366 5489 ὅρων,
1415 5425 1583 5494 ἤγουν
1628 5425 1726 5479 τοῦ

153 5499 544 5569 ὑποκειμένου,
569 5503 664 5555 τοῦ
691 5510 1195 5577 κατηγορουμένου,
1221 5511 1316 5566 τοῦ
1345 5521 1726 5590 προσκατηγο-

156 5593 457 5660 ρουμένου,
490 5594 588 5646 καὶ
615 5592 710 5648 τοῦ
741 5597 977 5665 τρόπου,
1012 5601 1266 5665 πλείονας
1294 5606 1397 5658 οὐκ
1427 5607 1577 5662 ιστιν
1603 5612 1724 5664 sm-

152 5683 340 5752 νοῆσαι
371 5685 509 5755 πρὸς
542 5686 670 5755 μιᾶς
703 5691 1016 5758 προτάσεως
1044 5693 1278 5761 γένεσιν.

221 5785 304 5830 ιε’.
343 5778 465 5831 Ἐπὶ
496 5783 680 5852 πάσης
703 5781 756 5834 δὲ
783 5785 1099 5853 προτάσεως
1128 5788 1157 5839 6
1184 5791 1658 5862 κατηγορούμενος
1687 5795 1720 5866 ἢ

155 5869 301 5936 ῥῆμα
329 5871 598 5941 ὑπάρχειν
623 5873 829 5942 ὀφείλει
849 5913 867 5942 ,
895 5874 928 5946 ἢ
960 5877 1168 5943 πτῶσις
1197 5881 1444 5950 ῥήματος
1462 5921 1478 5950 ,
1509 5883 1541 5954 ἢ
1571 5885 1726 5956 άόρι.

1913 4694 2000 4749 l9.
2063 4692 2315 4762 Suntque
2381 4693 2525 4746 modi
2587 4696 2985 4759 necessarium,
3050 4697 3409 4768 impossibile,

1839 4787 2182 4856 contingens.
2219 4787 2461 4855 pulchre.
2494 4789 2807 4856 perspicue,
2839 4801 2895 4843 et
2925 4800 3116 4846 caetera
3144 4809 3410 4862 :quorum

1840 4891 2103 4930 numerus
2131 4885 2326 4930 natura
2349 4878 2566 4945 quidem
2615 4887 2699 4930 est
2745 4881 3275 4949 comprehensibilis,
3311 4905 3410 4940 no-

1840 4969 1924 5023 bis
1957 4977 2139 5021 autem
2186 4970 2777 5035 incomprehensibilis.
2831 4970 2989 5026 Velut
3039 4979 3407 5030 necessarium

1837 5073 1920 5116 est
1947 5062 2224 5116 hominem
2243 5062 2875 5130 respirare,impossihile
2887 5079 2971 5119 εει
2996 5068 3263 5121 hominem
3287 5088 3409 5126 esse

1837 5156 2064 5217 elatum,
2102 5153 2362 5208 Basilium
2404 5155 2674 5224 contingit
2717 5157 3074 5226 ingeniculati
3107 5177 3200 5213 seu
3230 5178 3405 5229 genua

1835 5245 2050 5300 ﬂectere
2082 5263 2096 5300 :
2129 5246 2457 5300 Athanasius
2511 5247 2736 5315 pulchre
2781 5249 2959 5313 docet,
2995 5249 3230 5305 Joannes
3281 5269 3406 5321 per-

1835 5341 2024 5407 spicue
2050 5340 2326 5408 explanat.

1910 5431 1998 5485 Η.
2035 5432 2100 5483 Et
2149 5433 2332 5498 plures
2383 5432 2534 5486 hisce
2595 5433 2844 5486 terminis
2888 5449 3084 5502 nempe
3132 5437 3400 5506 subjecto,

1832 5523 2146 5593 pradicato,
2180 5525 2564 5591 sppraedicato,
2597 5535 2652 5579 et
2679 5526 2839 5580 modo
2877 5527 2943 5578 ad
2965 5529 3123 5580 llltllls
3151 5533 3402 5600 proposi-

1834 5617 2002 5671 tionis
2035 5619 2485 5672 constitutionem
2513 5619 2824 5687 excogitare
2866 5636 2972 5673 non
3006 5621 3151 5676 licet.

1901 5795 1988 5848 15.
2022 5795 2288 5849 Caeterum
2340 5797 2392 5850 in
2448 5798 2597 5851 omni
2661 5801 3032 5868 propositione
3079 5803 3400 5871 praedicatus

1836 5886 2106 5943 terminus
2141 5897 2235 5943 aut
2276 5888 2525 5958 verbum,
2557 5901 2648 5946 aut
2693 5906 2854 5947 casus
2887 5894 3055 5961 verbi,
3088 5904 3181 5950 aut
3220 5899 3400 5953 inﬁni-
