4208 6440
217 440 362 504 1013
866 435 1202 497 EPITOME
1250 435 1599 496 PHYSICA.
1630 461 1695 474 -
1732 436 1879 496 10Λῖ

1791 436 1946 497 )AN.
1988 437 2366 497 WEGELINI
2418 437 2835 498 ΡΗΕΡΑΤΙΟ.
3313 439 3453 506 10H

217 558 359 632 pter
399 567 498 632 res
516 553 702 632 ipsas
727 595 744 620 ,
772 557 908 612 tum
947 560 1206 632 propter
1237 554 1491 614 dicendi
1526 571 1732 632 genus
1763 553 2091 615 concisum
2129 562 2189 612 et
2229 553 2647 614 terminorum
2707 553 3132 629 quorumdam
3165 553 3458 632 singula-

217 631 390 690 rium
429 630 866 693 difficultatem
895 675 912 702 ,
953 630 1244 708 inprimis
1282 649 1431 693 vero
1492 630 1680 693 etiam
1723 643 1786 693 et
1823 634 1885 692 in
1950 633 2502 694 confutationibus
2573 643 2860 691 veterum
2931 631 3463 708 philosophorum

214 726 496 783 qum-um
531 712 761 784 scripta
785 719 861 772 ad
901 726 1016 772 nos
1061 727 1187 772 non
1231 722 1690 781 pervenerunt.
1715 721 1782 772 ut
1816 712 2048 772 exinde
2075 713 2152 772 o'e
2194 713 2482 789 ipsorum
2515 711 2935 788 Opinionibus
2975 719 3035 770 et
3067 709 3466 789 argumentis

219 789 532 862 liquidius
559 800 849 870 constare
876 797 1120 868 posset,
1153 790 1484 870 aliquanto
1517 794 1597 851 sit
1629 791 1983 853 obscurior.

298 871 706 946 Quapropter
747 869 1009 928 illorum
1048 868 1331 932 studium
1367 870 1860 946 improbandam
1904 871 2158 930 videtur
2191 871 2570 946 neutiquam
2609 872 2717 944 qui
2755 887 2832 930 ex
2870 869 3054 929 libris
3091 868 3462 944 Philo50phi

221 947 511 1025 physicis
555 949 923 1024 perspicuas
965 949 1275 1023 quasdam
1312 957 1373 1010 et
1412 947 1642 1010 breves
1686 965 2002 1026 synopses
2038 951 2135 1008 vel
2173 949 2488 1022 epitomas
2521 965 2743 1010 eorum
2772 967 2914 1023 qum
2949 949 3220 1008 maxime
3249 963 3469 1008 neces-

219 1028 388 1084 saria
438 1038 664 1085 eti-um
705 1027 927 1100 primis
954 1035 1107 1086 sunt
1143 1028 1353 1101 utilia,
1403 1030 1668 1088 resectis
1721 1029 1864 1088 aliis
1901 1027 2368 1090 minutioribus
2399 1035 2460 1090 et
2508 1030 2582 1088 ad
2623 1041 2910 1088 veterum
2962 1027 3466 1087 confutationein

219 1106 500 1165 maxime
550 1105 1026 1174 pertinentibus
1061 1106 1462 1180 collegerunt
1516 1129 1530 1165 :
1575 1107 1866 1184 qualium
1901 1108 2092 1166 etiam
2148 1106 2339 1169 hodie
2375 1108 2692 1181 imprimis
2733 1123 2956 1181 magna
3005 1106 3185 1180 copia
3239 1111 3466 1172 exstat,

218 1195 280 1243 et
313 1185 590 1244 subinde
623 1186 696 1246 ad
743 1201 878 1245 eam
934 1200 1245 1246 novarum
1281 1202 1441 1246 nova
1477 1186 1538 1246 lit
1578 1187 1879 1246 accessio.
1923 1187 2052 1245 Etsi
2088 1193 2305 1246 autem
2353 1187 2512 1247 nulli
2553 1203 2732 1246 suam
2771 1187 3049 1251 laudem,
3083 1201 3270 1260 quam
3329 1200 3467 1243 tne-

221 1265 348 1343 rito
385 1263 654 1343 obtinet,
694 1272 1069 1340 praereptam
1113 1266 1282 1330 volo.
1324 1265 1562 1326 eximie
1599 1273 1810 1323 tamen
1841 1263 2014 1343 mihi
2061 1281 2192 1343 prie
2222 1265 2440 1326 multis
2473 1266 2610 1325 aliis
2643 1266 2708 1325 in
2743 1265 2861 1324 hoc
2895 1281 3136 1336 genere
3171 1280 3472 1337 compen-

219 1342 347 1400 diis
386 1342 613 1417 placuit
650 1343 779 1403 htec
815 1343 1156 1417 Nicephori
1195 1344 1796 1421 Blemmiiliep'ujus
1833 1341 2099 1419 logicum
2137 1343 2593 1415 superioribus
2631 1345 2940 1405 nundinis
2974 1345 3473 1404 Francot'nrtcn-

220 1423 405 1478 sibus
445 1423 504 1481 in
543 1421 866 1495 publicum
902 1421 1113 1496 emisi)
1171 1425 1462 1498 Epitome
1501 1422 1786 1491 l'hvsica,
1825 1437 1949 1481 non
1983 1422 2388 1498 antiquitatis
2423 1430 2664 1482 tantum
2705 1440 2917 1487 causa.
2977 1424 3086 1481 sed
3149 1422 3472 1496 imprimis

221 1500 415 1557 etiam
465 1511 719 1573 promer
753 1517 852 1561 res
886 1500 1059 1575 ipsas
1093 1518 1221 1562 non
1259 1511 1500 1562 tantum
1544 1501 1863 1578 physicas,
1894 1503 2000 1561 sed
2037 1501 2225 1562 etiam
2262 1503 2745 1579 geographicas,
2780 1500 3269 1568 astronomicas,
3310 1500 3472 1574 epti-

222 1593 352 1658 i-as,
402 1579 840 1658 astriilogicas,
889 1579 1312 1655 theologicas.
1351 1581 1653 1651 breviter,
1713 1581 2075 1658 perspicue,
2113 1583 2365 1641 erudite
2413 1588 2474 1639 et
2529 1596 2802 1642 nervose
2841 1580 3002 1638 bona
3056 1579 3356 1658 methoilo
3411 1586 3467 1658 et

223 1657 478 1715 dicendi
516 1655 748 1733 genere
779 1660 1045 1730 Optimo,
1084 1660 1339 1734 triginta
1379 1668 1438 1718 et
1501 1675 1632 1719 uno
1693 1655 2011 1733 Capitibus
2068 1667 2520 1733 pertractatas;
2558 1677 2835 1737 quorum
2878 1666 2932 1717 t'
2968 1659 3124 1737 agit,
3158 1660 3252 1722 (ut
3304 1656 3469 1714 tituli

226 1738 451 1793 saltem
503 1738 904 1811 singulorum
959 1739 1142 1809 quasi
1199 1742 1258 1795 in
1318 1739 1544 1796 tabella
1601 1737 1880 1797 breviter
1937 1736 2395 1813 proponantur)
2447 1739 2520 1796 de
2576 1736 2976 1797 naturalibus
3023 1736 3366 1812 principiis
3418 1746 3472 1790 rt

224 1817 435 1870 causis
469 1835 486 1880 ;
517 1815 578 1872 2'
622 1816 701 1873 De
730 1815 1016 1886 materia,
1050 1818 1253 1894 forma
1289 1828 1340 1876 et
1376 1818 1735 1892 pri'ratione
1782 1838 1799 1882 :
1831 1817 1892 1875 3‘
1938 1816 2024 1874 De
2055 1816 2260 1873 causis
2290 1827 2344 1876 et
2396 1815 2742 1893 effectibus,
2783 1818 3043 1891 itemque
3093 1814 3165 1872 de
3212 1816 3474 1890 fortuna

226 1902 284 1973 et
322 1911 523 1973 casu:
570 1893 630 1973 4⁸
681 1893 767 1952 De
804 1902 975 1952 motu
1026 1893 1082 1954 et
1137 1898 1336 1972 quiete
1390 1896 1582 1972 deque
1624 1895 1979 1960 entelechia,
2025 1901 2080 1950 cl
2134 1912 2197 1951 eo
2232 1894 2399 1970 quod
2448 1896 2754 1970 potentia,
2805 1894 3086 1973 quodque
3135 1905 3280 1950 actu
3334 1903 3471 1973 est:

225 1971 286 2029 5°
320 1971 538 2029 Adhuc
572 1971 643 2030 de
674 1983 844 2031 motu
869 1979 924 2030 et
963 1971 1160 2046 quiete
1216 1979 1276 2035 6°
1305 1976 1386 2033 De
1420 1971 1820 2049 generatione
1852 1984 1904 2032 et
1931 1976 2350 2048 corruptione
2386 1993 2398 2036 :
2431 1979 2492 2035 7°
2523 1984 2578 2032 i-t
2613 1975 2674 2033 8"
2707 1975 2792 2032 De
2817 1971 3081 2045 initura,
3134 1975 3195 2031 9”
3228 1973 3310 2028 De
3340 1972 3473 2029 locu

228 2062 285 2130 et
329 2060 600 2126 tempore
637 2074 651 2118 ;
688 2054 783 2111 10°
819 2052 904 2110 De
954 2053 1212 2124 inﬁnito
1254 2075 1270 2120 ;
1310 2058 1405 2113 11°
1449 2055 1527 2112 l)e
1580 2053 1895 2111 elementis
1930 2072 1944 2113 :
1982 2053 2077 2110 12"
2148 2054 2228 2109 De
2265 2052 2531 2129 ﬂammis
2581 2052 2950 2111 ardentibus
2989 2073 3120 2130 quc:
3155 2053 3323 2109 circa
3366 2069 3474 2107 cir-

230 2127 358 2185 liim
399 2133 902 2206 conspiciuntur,
926 2141 980 2192 et
1018 2133 1091 2191 de
1141 2136 1373 2203 capris,
1429 2132 1674 2208 facibus
1730 2144 1784 2191 et
1839 2130 2035 2189 stellis
2093 2127 2618 2201 discurrentibus,
2677 2142 2739 2189 ut
2782 2127 3226 2204 appellantur;
3265 2130 3361 2208 13⁸
3394 2130 3479 2186 lle

230 2210 573 2290 cometiset
609 2213 798 2268 lacteo
829 2211 1065 2290 circulo
1101 2233 1117 2276 ;
1158 2212 1252 2270 1Ιι⁶
1288 2213 1368 2271 De
1403 2206 1641 2286 pluvia.
1674 2210 2008 2290 grandine,
2039 2213 2214 2290 nive,
2248 2229 2391 2290 rore
2424 2221 2479 2269 et
2507 2213 2764 2286 pruina.
2816 2213 2913 2269 15⁸
2958 2211 3041 2269 De
3088 2206 3372 2290 fontibus
3410 2218 3474 2290 _et

229 2288 600 2363 [luminibus
631 2312 647 2356 ;
683 2290 779 2348 16⁸
817 2289 902 2347 De
934 2293 1138 2354 mari:
1191 2293 1262 2352 17
1338 2294 1419 2351 De
1455 2294 1653 2351 ventis
1678 2287 1733 2348 et
1765 2289 2026 2366 reliquis
2089 2288 2415 2358 halitibus,
2501 2292 2597 2351 18·
2631 2294 2714 2350 De
2769 2300 2951 2347 terris
2987 2300 3183 2358 motu,
3250 2289 3346 2344 19“
3399 2287 3478 2343 De

231 2367 475 2424 tonitru
510 2377 562 2425 et
613 2369 883 2446 fulgore,
929 2368 1205 2445 procella
1239 2380 1292 2430 et
1330 2373 1568 2430 cortice
1617 2381 1671 2430 et
1707 2365 1956 2429 turbine
2008 2378 2064 2426 et
2113 2366 2400 2442 fulmine,
2439 2371 2541 2429 20‘
2585 2371 2667 2428 De
2731 2369 3180 2446 apparentibus
3235 2367 3296 2424 in
3334 2365 3478 2424 (σέο

229 2447 686 2522 phasmatibus,
731 2449 954 2528 21°__l)e
993 2451 1214 2509 Italone
1245 2462 1301 2509 et
1340 2453 1520 2528 prius
1553 2452 1622 2509 de
1655 2450 1890 2509 visione
1921 2466 1939 2514 ;
1971 2447 2070 2507 22°
2112 2452 2192 2528 De
2238 2449 2400 2508 iride
2433 2469 2450 2508 :
2481 2450 2594 2528 723°
2642 2450 2723 2508 De
2785 2449 2984 2524 virgis
3045 2457 3097 2505 et
3150 2446 3479 2528 parli_slit_'s,

235 2529 502 2601 itemque
548 2528 620 2587 de
653 2524 918 2586 metallis
961 2538 1014 2586 et
1064 2524 1390 2606 fossilibus
1428 2554 1439 2594 ;
1471 2529 1574 2588 25°
1618 2531 1698 2589 De
1749 2528 1918 2590 ratio.
1970 2527 2255 2604 quodque
2299 2527 2570 2587 mundus
2603 2547 2724 2586 non
2783 2532 2862 2588 sit
2907 2538 3207 2606 aeternus,
3242 2525 3346 2584 ’25⁸
3396 2525 3480 2606 lie

233 2607 461 2688 a'tbere
492 2616 545 2664 et
577 2607 797 2688 stellis,
854 2608 956 2667 26°
1002 2603 1080 2665 De
1116 2608 1284 2672 sole.-
1319 2611 1420 2688 27'
1471 2610 1549 2667 De
1583 2607 1731 2667 luna
1768 2631 1782 2674 ;
1820 2607 1923 2666 28'
1963 2603 2050 2666 De
2097 2603 2268 2688 terra
2303 2619 2353 2666 et
2409 2609 2771 2688 ejus‘zonis,
2822 2605 3104 2684 quodque
3159 2615 3332 2688 terra
3401 2603 3484 2664 ad

233 2684 543 2766 spliirram
596 2686 916 2757 ealestem,
971 2690 1133 2766 quin
1163 2700 1215 2746 et
1254 2687 1334 2747 ad
1362 2690 1512 2746 solis
1564 2690 1867 2765 splia'ram
1911 2687 2115 2766 centri
2151 2681 2454 2766 rationem
2507 2686 2785 2746 obtineat
2832 2681 2846 2716 ί
2895 2681 3122 2745 29⁸³116
3174 2681 3389 2766 diebus
3425 2696 3480 2742 et

233 2764 527 2824 nocti/ius
549 2777 600 2824 et
631 2778 900 2843 quatuor
930 2762 1082 2826 anni
1112 2764 1310 2838 horis,
1371 2769 1472 2826 30°
1510 2762 2150 2838 Dehabitationibus,
2213 2767 2313 2825 31"
2354 2765 2438 2823 De
2486 2784 2701 2826 vacuo.
2754 2766 3004 2839 Quibus
3059 2762 3363 2843 omnibus
3421 2779 3479 2821 in

237 2843 362 2902 ﬁni:
399 2841 825 2918 fragmentum
874 2862 1226 2922 exegeseos
1263 2847 1328 2918 in
1381 2847 1700 2924 psalmum
1756 2853 2045 2904 octavum
2105 2849 2328 2904 eodem
2372 2845 2721 2904 Bll‘nllllitlﬂ
2765 2856 3026 2924 auctore
3076 2841 3344 2901 accessit
3399 2843 3480 2901 ita

239 2924 593 2985 eruditum.
623 2934 689 2986 ut
723 2925 1068 2999 optandum
1102 2934 1294 2998 esset,
1333 2922 1524 2986 totam
1560 2925 1869 2997 exvgcsin
1906 2923 1970 2982 in
2007 2924 2188 2983 illum
2227 2926 2562 3000 psalmum,
2607 2926 2700 2982 vel
2737 2926 2924 2983 etiam
2964 2922 3026 2982 in
3065 2930 3265 2982 totum
3314 2936 3480 3000 pse:-

241 3001 507 3082 tei-iiiiu.
544 3003 594 3061 si
634 2998 821 3063 niodo
851 3002 928 3061 ab
964 3011 1221 3064 auctore
1257 3005 1568 3066 elaboiata
1607 3005 1752 3082 fuit.
1785 3002 1995 3082 adhuc
2029 2998 2497 3063 hodieexstare
2535 3004 2618 3082 (a)
2663 3019 2678 3075 ;
2721 3013 2802 3082 ut
2831 3019 2974 3078 quis
3009 3017 3131 3061 non
3164 2998 3382 3075 paucis
3417 3001 3477 3058 in

240 3077 414 3139 ltuuc
459 3081 688 3172 librum
742 3099 887 3142 vere
926 3082 1417 3172 regium_(quem
1454 3094 1513 3172 et
1546 3081 2094 3172 eguhochonore
2131 3099 2254 3155 prie
2282 3077 2704 3172 cieteris'j'am
2740 3077 2998 3172 dignor,
3059 3087 3124 3139 ut
3177 3094 3300 3172 pop
3336 3087 3476 3138 tati-

241 3167 390 3239 tum
414 3159 804 3233 objectiones
835 3177 910 3220 ex
946 3155 1027 3219 to
1059 3155 1334 3237 prolatas
1363 3179 1397 3224 a
1423 3155 1760 3239 discipulis
1786 3161 2157 3230 dissolvatn,
2184 3161 2292 3221 sed
2327 3159 2515 3220 etiam
2537 3155 2844 3238 singulos
2872 3159 3145 3235 psalmos
3180 3155 3371 3239 hebra
3404 3178 3473 3217 (fe

246 3238 610 3312 praelegam.
669 3239 860 3299 latine
915 3235 1297 3314 interpreter
1343 3251 1401 3302 et
1452 3235 1688 3315 saepius
1727 3242 2138 3317 grammatice
2191 3239 2533 3318 epocem)
2572 3235 3050 3300 commentariis
3089 3253 3196 3314 par
3233 3235 3474 3304 futura,

238 3320 348 3376 sed
387 3321 575 3375 etiam
613 3319 879 3393 palmam
923 3329 1306 3395 prtereptura
1341 3320 1653 3382 videatur.

324 3397 640 3456 (Im'erum
680 3398 839 3476 hanc
873 3399 1073 3472 ipsam
1113 3400 1372 3475 epitomi
1399 3418 1434 3460 n
1473 3401 1799 3476 physicam
1835 3399 1900 3460 in
1934 3399 2188 3458 duobus
2220 3398 2672 3474 manuscriptis
2708 3399 3044 3457 codicibus
3080 3395 3410 3456 bibliothei
3434 3411 3486 3453 re

243 3476 661 3552 Augiistante,
703 3475 901 3537 altero
957 3481 1268 3552 perveteri
1300 3525 1314 3550 ,
1371 3478 1723 3538 recentiore
1776 3477 1976 3538 aEtcro
2014 3478 2218 3552 reperi
2259 3499 2274 3548 ;
2311 3477 2640 3551 pellectani
2701 3487 2763 3537 ut
2807 3477 3122 3536 eruditam
3176 3485 3235 3534 et
3287 3491 3479 3548 Opera

239 3553 626 3614 insumenda
671 3554 954 3632 dignam,
989 3556 1384 3632 deprehendi
1433 3580 1447 3625 ;
1505 3558 1643 3634 ipse
1683 3558 1994 3633 descripsi
2037 3577 2050 3628 ;
2089 3572 2158 3615 ac
2197 3573 2322 3615 non
2351 3563 2593 3616 tantum
2629 3575 2704 3616 ex
2737 3559 2949 3617 Graeca
2997 3555 3282 3614 Latinam
3336 3556 3480 3624 t'i-ci,

240 3637 354 3692 sed
395 3633 582 3712 etiam
620 3634 702 3693 ita
739 3648 1108 3694 conversam
1168 3639 1396 3712 partim
1440 3635 1900 3710 marginalibus
1933 3638 2102 3694 uotis
2150 3638 2225 3693 ad
2269 3636 2678 3694 Aristotelem
2739 3634 3056 3707 imprimis
3093 3642 3156 3691 et
3189 3635 3483 3694 Cleonic-

242 3712 388 3792 dem
427 3711 1142 3792 aliosquerecentiures
1172 3711 1477 3792 physicos
1511 3723 1570 3773 et
1602 3727 2004 3792 astronomos
2037 3713 2536 3784 deducentibus,
2579 3715 2806 3790 partim
2844 3730 2994 3772 vero
3061 3712 3348 3772 cursoria
3403 3712 3485 3770 le-

240 3790 462 3850 ctione
481 3791 681 3870 multo
707 3790 1132 3870 fusiustotam
1168 3790 1513 3870 discipulis
1550 3794 1707 3852 lueis
1737 3791 2076 3868 explicavi.
2103 3793 2406 3851 Eamdein
2443 3809 2614 3852 nunc
2646 3810 2718 3852 ex
2755 3794 3096 3852 collatione
3129 3808 3480 3850 manusci-i.

245 3877 500 3942 ptorum
535 3869 825 3930 codicum
863 3867 1200 3948 perfectam
1239 3879 1298 3932 et
1334 3867 1640 3948 integram
1675 3867 1925 3930 cum’ad
1958 3870 2228 3931 aliorum
2292 3870 2608 3945 publicam
2650 3873 3018 3940 utilitatem,
3055 3881 3186 3928 tum
3224 3888 3372 3929 vero
3404 3870 3479 3928 ad

244 3947 599 4009 institutam
642 3965 786 4008 cum
831 3947 1166 4025 discipulis
1201 3947 1786 4027 quorum’subinde
1825 3949 1971 4009 aliis
2039 3949 2102 4007 iu
2179 3951 2534 4008 academias
2595 3950 3083 4011 discedentibus
3136 3948 3281 4008 novi
3339 3966 3485 4007 suc--

240 4029 502 4097 cedunt,
564 4028 869 4104 privatam
926 4030 1377 4098 repetitionem
1467 4030 1710 4106 primus
1767 4028 1985 4088 Greece
2021 4031 2164 4096 edo,
2210 4029 2569 4088 versionem
2604 4045 2749 4089 cum
2810 4033 2977 4088 notis
3035 4030 3223 4087 etiam
3282 4027 3485 4095 brevi,

244 4107 379 4164 l'ieo
428 4106 701 4184 volente,
752 4106 1138 4183 recognitam
1169 4109 1631 4183 publicaturus.
1670 4109 1824 4166 Tum
1877 4123 2047 4174 vero,
2100 4107 2511 4166 nobilissime
2547 4115 2609 4166 et
2666 4108 2998 4184 niagnilice
3056 4107 3170 4172 vir,
3224 4107 3485 4165 domine

246 4181 1049 4264 plurimumltonorande,
1076 4181 1220 4256 tute,
1263 4190 1549 4263 inquam.
1589 4186 2073 4261 magnificentia?
2099 4187 2259 4245 banc
2298 4186 2633 4263 Epitouien
2664 4181 2986 4264 pby'sicam
3025 4185 3329 4254 inscribo,
3363 4200 3484 4244 non

243 4263 418 4338 quod
459 4262 547 4321 illi
581 4262 660 4322 ab
707 4262 1129 4336 inscriptione
1178 4265 1253 4323 ad
1295 4262 1576 4326 neminis
1607 4264 1952 4325 claritatem
1988 4283 2134 4340 quae
2165 4279 2311 4324 cum
2349 4262 2518 4340 apud
2557 4262 2756 4325 cives
2790 4273 3070 4333 nostros,
3117 4274 3250 4323 tum
3296 4265 3485 4322 etiam

241 4342 411 4432 apud
449 4349 700 4428 exter-os
733 4352 828 4401 est
884 4341 1304 4432 amplissima,
1343 4343 2033 4432 quidquamaccedere
2076 4355 2512 4432 possepotem
2561 4343 3019 4432 ampliususeil
3051 4343 3225 4429 quod
3264 4343 3487 4432 partim

247 4422 340 4480 illi
375 4437 522 4495 quin
551 4420 744 4500 etiam
781 4419 982 4500 nostri
1016 4421 1270 4500 collegii
1307 4419 1848 4482 aditiitiistratiOui
1888 4433 2137 4496 protest,
2177 4422 2486 4481 rationem
2517 4421 2797 4500 aliquam
2832 4421 3023 4482 oﬂicii
3077 4420 3198 4500 mei
3254 4423 3486 4479 redite-

246 4518 339 4571 i-e,
403 4497 629 4572 partim
667 4514 835 4577 vero
869 4498 1032 4558 libro
1062 4499 1127 4558 in
1165 4497 1490 4574 publicum
1525 4501 1790 4560 CXPUIIll
1827 4501 2270 4559 auctoritatem
2304 4500 2585 4577 aliquam
2628 4497 3000 4572 conciliare,
3054 4499 3221 4577 quin
3270 4508 3332 4557 et
3388 4516 3490 4575 pa-

249 4577 600 4638 ti‘ocinium
640 4575 1247 4652 defensionemque,
1283 4579 1333 4638 si
1369 4581 1673 4654 indigeat,
1712 4578 2050 4654 impetrare
2083 4581 2161 4638 ab
2189 4594 2261 4639 ea
2293 4574 2569 4653 cupiam.
2603 4581 2910 4651 Quamvis
2951 4574 3162 4638 autem
3196 4574 3490 4637 fortassis

246 4675 472 4730 parum
507 4657 737 4714 decere
772 4655 1098 4715 videbitur
1129 4657 1484 4734 aliquibus,
1525 4658 2063 4732 magniﬁcentiam
2095 4665 2266 4715 tuam
2305 4674 2378 4715 ex
2416 4661 2592 4716 curia
2636 4668 2696 4715 et
2738 4660 2874 4716 foro
2927 4661 2990 4718 in
3024 4657 3272 4716 scholas
3327 4657 3488 4731 phy-

243 4751 555 4798 s'corum,
599 4745 659 4790 et
696 4749 726 4792 a
759 4734 1037 4809 negotiis
1091 4734 1544 4796 consularibus
1597 4741 1669 4795 ad
1715 4737 2065 4796 solitariam
2106 4744 2349 4795 natum.
2405 4737 3016 4810 contemplationem
3071 4751 3358 4801 avocare,
3397 4748 3450 4792 ta

250 4831 392 4871 iiii-n
431 4823 490 4869 (ιι
531 4810 629 4870 bis
663 4812 832 4892 quod
864 4813 1284 4887 respondeam
1320 4814 1381 4873 in
1415 4823 1708 4892 promptu
1746 4823 1864 4874 est.
1898 4816 2044 4874 Nam
2076 4815 2191 4873 etsi
2221 4815 2487 4891 quidem
2569 4828 3040 4891 magmucentia
3112 4823 3216 4873 tua
3281 4831 3490 4872 rerum

245 4892 537 4970 ('lVlllUm
575 4891 1040 4970 cognitioneet
1086 4895 1514 4952 transactione
1551 4891 1823 4952 maxime
1857 4909 1932 4951 ex
1966 4892 2176 4953 oﬂlCiO
2207 4902 2506 4970 occupata
2545 4904 2638 4952 est
2673 4911 2689 4965 ;
2728 4911 2852 4952 non
2910 4907 3119 4952 tamen
3175 4911 3204 4951 a
3255 4900 3497 4950 naturae

251 4969 659 5050 inspectione
694 4979 752 5026 (ιι
781 4967 1300 5050 consideratione
1329 4972 1626 5050 abhorret
1661 4988 1821 5045 ;ncc
1852 4970 2007 5031 nihil
2046 4973 2107 5032 iii
2144 4989 2214 5032 ea
2267 4967 2528 5047 reperit,
2580 4972 2752 5050 quod
2791 4972 3171 5049 reipublicm
3210 4971 3491 5045 aliquam

248 5045 453 5107 iiteizm
487 5045 918 5128 pulcherrime
957 5058 1404 5128 _r_eprtesentet.
1439 5049 1598 5109 Cum
1637 5055 1810 5111 enim
1849 5067 2112 5126 corpora
2147 5045 2429 5111 caelestia
2464 5045 2615 5110 tain'
2641 5050 2836 5110 variis
2883 5045 3146 5128 quidem
3185 5051 3492 5112 motibus.

245 5135 352 5184 si-«l
391 5140 602 5205 tamen
643 5129 783 5184 sine
813 5124 1088 5205 dissidiu
1121 5129 1380 5205 egregie
1407 5129 1932 5205 conspicantibus
1966 5124 2425 5189 convertantur
2459 5153 2474 5199 ;
2522 5131 2710 5190 docet
2744 5128 2862 5188 hoc
2896 5124 3088 5198 certe,
3125 5129 3295 5188 inter
3327 5133 3494 5186 cives

244 5222 531 5280 queque,
583 5204 648 5264 in
687 5203 1012 5279 republica
1050 5203 1210 5267 bene
1251 5203 1620 5281 constituta,
1658 5208 1776 5267 i-tsi
1817 5208 2051 5268 studiis
2113 5208 2241 5268 sint
2314 5209 2769 5279 diversissimi,
2842 5209 3242 5268 concordiam
3305 5218 3491 5266 caste-

248 5285 440 5369 ioqui
471 5299 610 5342 esse
641 5282 1061 5369 debere._.lam
1086 5300 1237 5346 vero
1267 5302 1410 5346 cum
1448 5303 1573 5348 non
1609 5296 1854 5347 tantum
1891 5286 2169 5369 caelestia
2203 5303 2464 5369 corpora
2503 5296 2678 5348 tanto
2722 5286 3063 5369 intervallo
3098 5287 3316 5346 dissita
3353 5296 3484 5369 ete-

249 5365 482 5420 mentis
525 5373 588 5422 et
621 5379 763 5436 qua:
795 5377 868 5442 ex
922 5362 1078 5442 ipsis
1115 5372 1404 5426 constant
1465 5384 1644 5426 suam
1680 5385 1826 5427 cum
1863 5365 2138 5442 imperio
2176 5368 2298 5425 vim
2334 5376 2393 5425 et
2432 5369 2729 5427 virtutem
2766 5367 3133 5442 impertiant
3170 5387 3186 5435 ;
3222 5369 3331 5426 sed
3367 5366 3495 5424 Πᾶς

249 5447 319 5492 ut»
353 5442 482 5500 illis
518 5453 692 5517 grate
723 5447 782 5499 et
814 5441 952 5498 sitte
992 5441 1346 5504 rebellione
1382 5446 1690 5519 accipiant
1732 5469 1746 5512 ;
1788 5441 2010 5504 iterum
2047 5450 2166 5505 hoc
2191 5446 2596 5519 magistratus
2630 5456 2691 5508 et
2723 5441 3127 5506 subditorum
3162 5446 3456 5506 ordinem
3481 5489 3494 5510 ,

247 5525 309 5579 et
347 5521 528 5602 illius
565 5522 626 5579 in
669 5519 784 5578 bos
822 5520 1195 5602 imperium,
1224 5522 1581 5600 horumque
1613 5543 1757 5600 erga
1799 5525 1940 5581 illo:
1974 5543 2119 5583 caui
2157 5524 2560 5601 subiectione
2593 5526 3028 5584 obedientiam
3062 5525 3248 5602 quasi
3299 5526 3361 5583 in
3401 5525 3492 5580 lii-

249 5601 584 5680 eidissitno
617 5597 881 5674 speculo
933 5601 1251 5680 prepoiiit.
1289 5605 1376 5661 Ac
1426 5597 1569 5660 cum
1607 5597 1892 5680 denique
1948 5619 2048 5663 res
2084 5597 2406 5663 naturales
2452 5605 2515 5664 in
2564 5603 2682 5664 hoc
2717 5603 3023 5665 inferiore
3060 5597 3304 5665 mundis
3339 5606 3496 5662 altus

250 5679 564 5749 gi-uei-ari,
597 5681 752 5737 alias
787 5681 1134 5751 corrumpi,
1168 5679 1329 5740 alias
1361 5682 1606 5755 angi-ri,
1650 5679 1806 5740 alias
1845 5681 2077 5753 utinui,
2111 5684 2268 5741 alias
2309 5683 2478 5743 varie
2523 5685 2798 5755 alterari,
2837 5686 2996 5744 alias
3038 5685 3228 5743 etiam
3268 5701 3498 5742 δίιμεν

251 5771 396 5814 nam
452 5763 658 5816 lHCUtll
697 5755 926 5814 mutari
964 5761 1292 5818 vuleamus
1338 5783 1352 5830 ;
1393 5779 1538 5838 qms
1577 5763 1832 5838 negabit
1871 5761 1985 5820 hoc
2019 5761 2561 5838 signiﬁcationem
2618 5762 2850 5823 habere
2887 5782 3099 5822 rerum
3159 5764 3346 5822 etiam
3385 5771 3496 5817 liu-

308 5927 374 5979 is)
417 5923 588 5972 Exstat
624 5926 671 5972 in
699 5925 840 5972 codd.
867 5925 947 5975 Gr.
986 5925 1104 5986 Heg.
1145 5926 1321 5985 Paris.,
1359 5927 1489 5976 unde
1514 5941 1619 5977 eam
1660 5928 2036 5979 describendam
2065 5930 2358 5979 curavimus.
2392 5929 2531 5981 EDIT.
