4208 6440
704 426 837 488 lOiS
1874 420 2293 485 NICEPHORI
2360 424 2778 484 BLEMMID£
3809 422 3956 487 1016

693 558 1017 604 manarunt
1058 538 1526 601 vicissitudinis
1557 560 1573 607 ;
1608 539 1781 617 quod
1823 554 1949 599 non
1985 546 2235 612 tantum
2273 554 2387 616 pro
2427 556 2495 599 re
2530 546 2697 609 nata,
2742 552 2856 614 pro
2885 537 3175 617 moribus
3208 537 3476 617 civium,
3516 554 3632 617 pro
3670 554 3961 597 commo-

695 625 776 682 do
813 621 1199 708 reipubliim.
1236 635 1353 708 pro
1405 618 1592 708 variis
1631 615 2367 708 eircuntstantiis,_le_g_es
2409 626 2469 705 et
2508 615 3287 708 consuetudinesnmodo
3315 615 3727 708 abroganda,
3763 619 3963 708 modo

695 714 892 759 renov
915 700 1073 757 iuriae
1106 698 1294 757 modo
1314 696 1822 763 mutaudresint:
1855 697 1966 755 sed
2001 696 2395 773 quodetiam
2431 694 2599 755 inter
2626 694 2803 773 ipsos
2820 695 2992 755 cives
3019 694 3124 754 alii
3149 706 3408 773 propter
3441 694 3738 773 virtutem
3758 704 3829 773 et
3851 711 3957 753 res

698 781 990 854 praeclare
1012 786 1219 851 gestas
1238 779 1312 835 ad
1350 774 1627 854 honores
1661 782 1719 833 et
1744 772 2087 850 dignitates
2123 772 2706 854 promovendi,‘alii
2734 781 2991 854 propter
3020 772 3490 854 improbitatem
3524 772 3834 854 puniendi
3893 782 3959 831 et

694 850 980 916 abscindi
1027 850 1413 926 mereantur,
1433 853 1632 914 veluti
1655 857 2079 915 carcinomata
2100 850 2159 914 et
2180 860 2417 927 pestes,
2440 869 2520 912 ne
2542 850 2961 913 sinceriorem
2978 850 3349 926 reipubliem
3375 860 3616 929 partem
3641 850 3956 921 inﬁciunt,

698 934 895 992 di-ndi
932 935 1079 995 sint.
1124 932 1294 993 Nihil
1329 932 1460 1011 jam
1498 931 1704 993 dicant
1737 933 1814 994 de
1859 950 1960 1003 eo,
1998 930 2173 1007 quod
2207 931 2404 1011 etiam
2436 931 2633 1011 bruta
2663 929 2961 990 animalia
2990 929 3269 991 civitatis
3304 931 3601 1011 ordinem
3632 945 3960 1011 common.

694 1022 921 1085 stranl,
957 1028 1099 1086 qum
1132 1019 1193 1072 et
1227 1009 1360 1089 ipsa
1397 1026 1551 1071 suos
1596 1028 1777 1085 reges
1808 1018 1867 1071 et
1897 1012 2309 1089 magistratus
2345 1009 2790 1086 babent,quos
2828 1016 3216 1089 venerantur
3251 1017 3312 1068 et
3343 1009 3715 1089 observant,
3753 1009 3961 1089 inter-

692 1107 819 1169 que
853 1107 919 1150 se
957 1090 1173 1149 munia
1206 1086 1270 1151 ei
1319 1089 1523 1151 oﬂicia
1581 1089 1959 1169 mirabiliter
2011 1086 2381 1169 partiuntur
2414 1095 2475 1169 et
2527 1094 2986 1169 exsequuntur
3018 1106 3036 1160 ;
3072 1093 3145 1147 ut
3193 1086 3258 1147 in
3296 1087 3563 1169 _apibus,
3620 1086 3950 1169 piscibus.

691 1165 919 1228 avibus
960 1169 1175 1228 videre
1208 1170 1377 1229 licet.
1412 1169 1571 1241 Quae
1602 1184 1748 1229 cum
1785 1167 1867 1227 ita
1905 1185 1974 1227 se
2014 1167 2317 1236 habeant,
2359 1166 2661 1243 adeoque
2696 1166 2886 1243 etiam
2919 1165 2985 1225 in
3036 1172 3255 1243 natura
3295 1166 3467 1228 Dens
3498 1168 3782 1242 optimus
3817 1182 3958 1224 ma-

694 1248 906 1306 ximus
943 1248 1460 1306 venustissimam
1494 1246 1865 1323 reipubliete
1928 1248 2131 1307 ideam
2193 1242 2592 1321 depinxerit,
2634 1242 3120 1323 inscriptionem
3156 1242 3353 1323 hujus
3396 1245 3741 1322 ,Epitomes
3795 1243 3954 1323 phy-

695 1324 844 1385 sicte
878 1324 1412 1401 magniﬁcentiam
1447 1320 1621 1385 tuam
1659 1326 1920 1385 minime
1969 1320 2294 1384 dedecere
2323 1323 2626 1384 arbitror.
2680 1323 2854 1395 Quin
2892 1322 3107 1399 potius
3158 1320 3301 1383 cum
3340 1320 3558 1383 omnia
3604 1320 3955 1397 Nieephori

699 1404 1067 1462 Blemmidte
1098 1405 1326 1478 scripta
1370 1406 1599 1466 Joanui
1640 1404 1848 1473 Duces,
1884 1404 2141 1463 Nicmno
2175 1403 2540 1465 Grmcorum
2572 1401 2969 1477 imperatori,
3008 1410 3155 1461 ante
3188 1417 3391 1460 annos
3460 1408 3780 1461 trecentos
3844 1416 3954 1457 se-

696 1483 1019 1558 ptuaginta
1056 1497 1463 1557 sumumpere
1501 1483 1882 1559 ptacuerint,
1933 1500 2047 1543 nec
2081 1482 2199 1541 hoc
2232 1480 2410 1542 illius
2443 1479 2838 1559 Opnsculum
2874 1478 3237 1559 physicum,
3271 1495 3619 1557 meaopera
3647 1486 3708 1537 et
3740 1478 3960 1537 studio

698 1561 788 1617 sit:
823 1557 1230 1630 adornatum,
1269 1564 1420 1620 'l'uze
1453 1557 1942 1637 niagniticendm
1967 1560 2453 1637 displiciturum
2489 1557 2766 1635 sperabo
2807 1574 2820 1617 :
2858 1575 3049 1633 quam
3085 1557 3343 1637 interim
3402 1567 3650 1637 natura
3679 1566 3954 1637 auctori.

697 1639 1035 1713 servatori,
1098 1639 1505 1711 tttodernlut'i,
1555 1634 1850 1714 adeoque
1941 1647 2186 1698 natura)
2261 1634 2395 1699 Deo
2476 1634 2957 1714 pOtentissinio,
2989 1635 3157 1697 Patri
3231 1635 3487 1697 Domini
3548 1636 3750 1696 nostri
3800 1634 3960 1693 Jcsu

694 1715 928 1776 Clu-isti
972 1720 1033 1779 in
1064 1717 1305 1794 Spiritu
1372 1726 1589 1779 sancto
1618 1719 1781 1778 votis
1828 1716 2019 1777 etiam
2057 1717 2217 1777 meis
2248 1718 2655 1778 commendo.

773 1843 816 1895 D
855 1855 968 1899 tum
1007 1846 1262 1914 Augusta:
1292 1844 1696 1901 Vindelicorum
1741 1847 1793 1899 in
1827 1847 2079 1917 collt‘gio,
2122 1846 2183 1897 21
2229 1848 2486 1917 Augusti,
2519 1862 2663 1901 anno
2692 1846 2889 1903 salutis
2926 1843 3087 1899 1605.

1011 1960 1413 2031 Μηειιίῐὶεειιιῐτις
1442 1970 1547 2022 tua:
1587 1960 2127 2023 observantissimus,

1754 1962 2127 2023 vantissimus,
2840 1959 2910 2013 Μ.
2947 1959 3031 2013 Jo.
3071 1958 3416 2019 Wsceunes.

2956 2052 3169 2123 collegii
3202 2054 3501 2121 inspector.

700 2234 2073 2250 ξ--ι-Ψα--ιη-

1728 2418 2261 2505 ΟΑΝΒΙΒΟ
2341 2419 2896 2509 LECTORI.

2269 2638 2332 2648 να-

767 2766 991 2821 Duobus
1044 2780 1175 2817 usus
1230 2780 1351 2818 sum
1386 2766 1777 2835 manuscriptis
1818 2766 2101 2821 codicibus
2129 2763 2476 2818 bibliothecae
2501 2762 2833 2832 Augustarum
2861 2762 2926 2816 ad
2953 2762 3100 2816 hanc
3136 2760 3428 2832 Epitomen
3450 2761 3757 2832 physicam,
3775 2764 3965 2817 amice

700 2857 893 2915 lector,
921 2869 1029 2907 uno
1058 2853 1377 2917 vetustiore,
1410 2855 1718 2907 recentiore
1754 2856 1947 2909 altero.
1980 2854 2043 2907 Et
2069 2853 2288 2922 quidem
2324 2866 2419 2921 per
2444 2852 2677 2903 mediam
2711 2849 2824 2904 fere
2865 2860 3076 2919 partem
3102 2866 3169 2904 ex
3209 2850 3521 2905 recentiore
3540 2860 3749 2904 textum
3776 2853 3964 2919 primo

695 2942 988 3010 descripsi,
1043 2940 1355 3012 veterisque
1396 2942 1703 2995 Variantem
1764 2942 2054 2996 lectionem
2109 2941 2162 2994 in
2201 2939 2498 3008 marginem
2538 2938 2728 3006 rejeci.
2776 2937 2881 2991 Sed
2910 2948 3269 3007 posteaquam
3331 2937 3477 2990 inter
3524 2936 3963 2992 describendum

696 3028 1052 3083 animadveiti
1082 3030 1385 3083 recentiore
1408 3030 1595 3085 codice
1622 3039 1863 3085 veterem
1895 3030 2063 3084 multo
2121 3027 2503 3098 perfectiorem
2558 3040 2702 3087 esse,
2746 3035 2935 3095 postea
2990 3026 3170 3096 ipsum
3220 3034 3461 3081 veterem
3524 3026 3958 3080 describendum

697 3117 829 3169 mihi
857 3116 1091 3184 sumpsi,
1125 3123 1179 3168 et
1220 3116 1455 3170 recentis
1478 3116 1769 3172 lectionem
1804 3116 1896 3171 ubi
1934 3116 2206 3179 variabat,
2246 3114 2308 3168 ad
2362 3128 2516 3167 oram
2552 3115 2818 3182 marginis
2854 3113 3044 3169 retuli.
3077 3113 3392 3167 Lectionem
3450 3128 3583 3182 ergo
3637 3113 3957 3176 meliorem,

696 3206 811 3259 sive
834 3218 899 3257 ea
945 3204 999 3255 in
1041 3203 1310 3270 margine,
1341 3204 1455 3258 sive
1481 3205 1533 3257 in
1570 3213 1720 3258 textu
1754 3204 2079 3272 reperiatur,
2107 3202 2569 3271 quemadmodum
2598 3216 2731 3253 sane
2769 3214 2954 3252 meum
2993 3200 3063 3254 de
3098 3201 3348 3253 variante
3398 3200 3636 3253 lectione
3676 3198 3954 3267 judicium

696 3295 896 3362 saepius
929 3295 1129 3347 diserte
1168 3293 1419 3346 iudicavi.
1448 3292 1507 3347 Ιιι
1550 3294 1728 3361 capite
1772 3294 1866 3353 28.
1908 3310 2027 3363 pag.
2058 3290 2410 3355 252,defecit
2455 3288 2629 3341 codex
2671 3288 2941 3342 vetustior
2978 3295 3033 3340 et
3078 3288 3275 3341 saltem
3330 3288 3609 3341 recentior
3662 3288 3963 3354 suppetiit.

696 3385 813 3451 qui,
842 3393 900 3436 ut
930 3382 1156 3444 dictum,
1190 3396 1297 3436 non
1336 3380 1438 3435 fuit
1468 3396 1559 3451 per
1581 3384 1761 3436 omnia
1782 3381 2015 3450 integer.
2048 3381 2283 3448 Ideoque
2311 3379 2475 3433 etiam
2510 3377 2679 3445 magis
2705 3375 2777 3429 ibi
2816 3389 2979 3443 quam
3003 3375 3131 3428 alibi
3165 3390 3259 3444 per
3290 3376 3665 3443 conjecturam
3696 3375 3955 3443 quantam

697 3471 1033 3527 emendanda
1071 3471 1327 3526 iudicavi.
1362 3469 1668 3539 Cmteroqui
1702 3486 1830 3523 vero
1882 3482 2109 3538 uterque
2174 3463 2580 3532 manuscriptus
2645 3462 2817 3515 codex
2873 3462 3054 3516 nullas
3111 3464 3213 3516 nisi
3274 3462 3691 3533 punctulorum.
3750 3474 3967 3527 easque

698 3575 844 3630 saepe
883 3561 1063 3614 alieno
1104 3559 1225 3613 loco
1253 3559 1460 3627 positas
1493 3558 1874 3613 distinctiones
1920 3558 2128 3609 habuit.
2175 3554 2305 3623 Ego,
2344 3559 2505 3619 prout
2558 3551 2831 3604 sententia
2894 3550 3113 3619 exigere
3162 3550 3294 3603 milii
3350 3551 3467 3604 visa
3517 3549 3639 3612 fuit,
3676 3549 3775 3601 bas
3818 3560 3964 3615 Quas

699 3648 873 3708 vides.
904 3648 1077 3716 adjeci
1117 3664 1130 3700 :
1166 3649 1218 3699 in
1246 3648 1446 3710 quibus
1486 3658 1665 3698 tamen
1704 3648 1866 3698 etiam
1906 3653 2295 3709 nonnunquam
2319 3638 2637 3707 punctulqu
2681 3636 2895 3690 inferne
2950 3638 3243 3704 ﬁgendum,
3274 3652 3466 3706 supra,
3528 3644 3584 3689 et
3634 3645 3856 3695 contra.
3930 3651 3959 3687 a

702 3732 1059 3802 syllabotlieta
1092 3731 1194 3785 fuit
1219 3731 1475 3799 positum.
1504 3730 1659 3794 Quod
1692 3737 1769 3791 lu,
1797 3730 1990 3791 lector,
2022 3728 2137 3796 ipse
2175 3740 2442 3795 agtiosces
2471 3738 2525 3779 et
2546 3725 2809 3794 corriges.
2842 3721 3088 3777 Subinde
3118 3726 3283 3777 etiam
3335 3725 3745 3795 pareutbeaium
3784 3722 3964 3790 signis

702 3820 947 3891 qumdam
982 3820 1198 3885 inclusi,
1231 3830 1288 3873 ut
1314 3819 1578 3874 sententia
1605 3817 1921 3871 redderetur
1944 3816 2254 3869 dilucidior.
2292 3814 2532 3870 Tandem
2568 3830 2637 3869 ne
2690 3814 2893 3868 Grecae
2937 3815 3065 3869 huic
3095 3816 3323 3871 editioni
3363 3817 3664 3886 quidquam
3720 3816 3963 3870 deesset.

709 3909 941 3963 indicem
987 3924 1170 3963 rerum
1208 3908 1569 3974 insigniorum
1603 3904 2009 3974 alpliabeticum
2034 3903 2261 3973 subjeci.
2285 3902 2440 3969 Quod
2488 3918 2666 3958 meum
2689 3901 2955 3966 studium,
3000 3906 3141 3971 aequi
3182 3902 3311 3957 boni
3340 3903 3537 3958 facies.
3572 3902 3694 3956 Hoc
3749 3913 3803 3954 te
3843 3910 3967 3955 tau'

712 4011 825 4057 tum
860 3998 1039 4052 adhuc
1066 3999 1207 4052 scire
1234 3999 1417 4064 cupio,
1461 3995 1504 4049 si
1548 3995 1786 4055 dubites,
1826 3999 2010 4044 utrunt
2038 3989 2237 4060 Logica
2282 4005 2443 4060 quam
2475 3990 2852 4060 superioribus
2898 3992 3160 4045 nundinis
3217 3992 3398 4054 emisi,
3452 4002 3509 4045 et
3554 3993 3669 4044 haec
3698 3988 3960 4058 Physica,

712 4101 875 4152 quam
913 4101 1059 4140 nunc
1115 4084 1238 4146 edo,
1270 4087 1379 4137 sint
1436 4083 1681 4151 ejusdem
1722 4080 1993 4142 auctoris;
2018 4078 2303 4133 indubium
2338 4088 2388 4133 te
2423 4076 2869 4147 possejudiciutn
2912 4077 3089 4131 facere
3114 4092 3181 4131 et
3212 4092 3278 4132 eo
3337 4078 3482 4147 quod
3545 4088 3601 4132 et
3644 4080 3702 4132 in
3752 4075 3958 4145 Logth

710 4175 925 4227 duobus
962 4174 1097 4228 locis
1128 4173 1195 4225 ad
1222 4171 1507 4241 Pliysicatn
1540 4170 1678 4223 banc
1712 4167 2016 4221 remittatur
2054 4166 2155 4237 (α).
2190 4166 2266 4220 Ex
2294 4184 2403 4235 quo
2439 4166 2665 4220 indubie
2692 4166 2955 4235 colligere
3010 4166 3159 4231 licet,
3192 4167 3441 4235 ejusdem
3463 4177 3711 4222 auctoris
3743 4177 3957 4219 utrum-

712 4278 817 4327 que
844 4264 1008 4317 istum
1040 4264 1225 4316 laetum
1256 4275 1401 4323 esse,
1436 4257 1726 4329 Nicepliori
1789 4254 2050 4309 nimirum
2089 4253 2403 4309 Bleniutidte
2432 4269 2445 4306 :
2473 4253 2630 4323 cujus
2659 4253 2823 4308 etiam
2855 4268 3053 4308 nomen
3076 4268 3334 4321 expresse
3358 4255 3743 4325 praescriptum
3773 4264 3864 4309 eet
3908 4255 3962 4305 iu

723 4350 1117 4419 manuscriptis
1144 4349 1445 4403 codicibus.

792 4439 847 4491 Β.
870 4455 936 4492 ne
961 4442 1097 4493 vale.

777 4587 847 4641 (at
879 4586 935 4634 lit
957 4588 1002 4632 iu
1042 4584 1240 4638 Physica
1268 4583 1395 4643 (cap.
1422 4586 1467 4641 4,
1502 4598 1548 4632 ιι.
1579 4584 1651 4643 l2)
1686 4586 1743 4631 ad
1782 4583 2023 4644 Logieam.
2050 4583 2182 4632 Eutr.
2212 4584 2357 4632 Pun.

729 4780 1329 4794 .—._-———.———_
1345 4783 1645 4792 —.——_—.—._

3724 4789 3825 4798 ...-
3854 4790 3930 4800 σν..

865 4973 968 5084 J
980 4974 1663 5085 OANNIS
1738 4975 2613 5087 WEGELIN
2625 4979 2695 5088 Ι
2754 4976 3738 5089 AUGUSTAN
3750 4980 3818 5085 Ῑ

2128 5189 2556 5250 ΡΗᾸΞΡΑΤΙΟ

1265 4777 3711 4807 W

1395 5356 1627 5412 Tenui
1663 5354 1900 5423 Latino,
1938 5358 2092 5431 Aug.
2132 5354 2309 5413 Vind.
2344 5371 2506 5413 anno
2546 5353 2695 5416 1606
2727 5358 2912 5431 edito,
2942 5363 3281 5434 prwmt‘ssa.

808 5707 1222 5788 Nobilissimo
1254 5718 1313 5769 et
1351 5711 1744 5788 ampliSsitno
1782 5714 1916 5769 viro
1946 5758 1959 5782 ,
2004 5713 2263 5769 iluniino
2295 5713 2644 5771 Leonliarto
2674 5711 2916 5772 l'allero
2957 5713 3019 5772 in
3058 5712 3420 5773 Hammelet
3448 5711 3799 5781 Aitihofen,
3857 5720 3973 5773 do-

733 5794 906 5852 mino
942 5804 1060 5847 suo
1099 5787 1894 5864 plurimumhonorando,
1932 5794 2200 5849 salutent
2236 5800 2294 5846 et
2332 5792 2595 5866 gratiam
2641 5809 2669 5849 ει
2710 5792 2860 5848 Deo.

811 5867 1215 5928 Nobilissitue
1252 5876 1311 5925 et
1354 5869 1744 5949 amplissime
1788 5869 1917 5939 Vir,
1952 5870 2208 5929 domine
2258 5869 2607 5946 plurimum
2646 5869 3035 5935 honorande.
3076 5871 3256 5929 Edidi
3304 5885 3445 5929 ante
3483 5886 3721 5930 annum
3774 5875 3965 5932 Nice-
