4208 6440
236 427 372 493 1017
851 427 1187 490 ΕῚἾΤΟΜΕ
1228 427 1566 490 PHYSYCA.
1603 451 1671 464 -
1703 425 1897 488 ΙΟΑΝ

1815 425 1920 488 \N.
1966 429 2357 492 WEGELINI
2424 430 2843 494 PRtEFATlO.
3345 432 3477 494 1018

232 549 415 620 phori
452 547 820 610 Blemuiiilo
862 549 1205 623 Epitomen
1262 545 1594 626 physicam
1637 547 1919 608 Grocam
1957 564 2032 608 ex
2071 548 2334 608 duobus
2373 547 2831 626 manuscriptis
2869 545 3198 626 codicibus
3239 545 3478 605 Biblio-

231 628 434 686 theca
467 631 858 704 Augustanm
893 628 1058 688 inter
1081 643 1151 686 se
1185 625 1434 705 collatis
1472 625 1876 705 restitutam;
1910 642 2055 705 qua)
2089 642 2216 687 nun
2255 634 2500 705 tantum
2534 625 2943 705 antiquitatis
2976 626 3195 700 gratia,
3233 626 3475 705 quippe

233 706 310 763 ab
338 702 596 766 auctore
629 709 732 766 sui
759 707 1070 782 temporis
1094 704 1417 784 praecipuo
1440 702 1892 782 ettheulogoet
1914 702 2319 782 philosopho,
2353 703 2555 784 inque
2579 702 2868 765 historiis
2912 705 3172 784 nomine
3211 702 3471 784 virtutis

233 796 290 840 οιι
327 785 636 845 doctrinm
675 781 1143 855 laudatissimo,
1176 781 1321 845 ante
1355 798 1560 842 annos
1591 790 1910 844 trecentos
1953 781 2355 859 septuaginta
2388 783 2642 844 circiter
2691 781 3051 858 conscripta
3089 799 3102 840 :
3137 783 3244 840 sed
3281 785 3472 843 etiam

235 872 496 934 propter
531 879 628 922 res
662 864 831 939 ipsas
879 864 1082 923 varias
1117 871 1177 924 et
1215 861 1468 931 arduas,
1510 861 1830 936 physicas,
1863 860 2345 938 geographicas,
2379 863 2862 931 astronomicas,
2908 864 3149 935 cpticas
3195 868 3254 920 et
3287 861 3470 920 theo-

238 942 501 1014 logiras.
529 944 828 1004 eumdem
861 949 1071 1002 tamen
1104 957 1367 1013 scapum
1397 948 1457 999 et
1486 939 1675 998 linem
1713 941 1974 1013 pulchre
2008 939 2454 1016 respicientes,
2479 950 2542 1000 et
2571 948 2871 1015 praeterea
2894 939 3203 999 orationis
3236 957 3471 1012 genere

237 1020 600 1078 ιρι-εἰδείην)
632 1027 691 1078 et
721 1021 1203 1080 accuratissima
1241 1018 1542 1080 methodo
1572 1019 1647 1078 ad
1681 1019 1960 1078 Platonis
1993 1027 2053 1079 et
2087 1018 2472 1092 Aristotelis,
2504 1030 2569 1081 ut
2601 1028 2662 1078 et
2697 1020 3078 1085 Cleomedis,
3117 1018 3471 1093 pracipuo-

236 1114 373 1156 rum
412 1097 942 1173 philosophorum
977 1106 1256 1158 mentem
1289 1107 1350 1158 et
1381 1097 1760 1156 sententiam
1808 1096 2064 1171 triginta
2114 1097 2368 1158 duobus
2415 1098 2731 1174 capitibus
2769 1106 3198 1173 pertrartntas,
3239 1098 3470 1157 merito

236 1185 410 1264 Erata
453 1177 1002 1264 etcommendata
1049 1177 1280 1243 doctis,
1337 1174 1659 1264 imprimis
1725 1175 2154 1264 philosophiae
2206 1177 2554 1264 studiosis,
2605 1195 2753 1264 esse
2784 1178 2995 1237 debet.
3039 1175 3267 1264 verum
3319 1193 3465 1236 cum

233 1257 473 1332 Crit-rte
503 1253 740 1330 linguae
772 1272 898 1314 non
933 1271 1155 1315 omnes
1184 1254 1364 1328 gnari
1394 1253 1545 1323 sint,
1570 1257 1740 1331 quod
1777 1270 1901 1313 non
1937 1255 2230 1314 omnium
2265 1256 2576 1315 institutis
2607 1263 2665 1316 et
2698 1256 2842 1316 vitas
2867 1253 3205 1332 generibus
3243 1271 3464 1312 net-es-

235 1331 403 1392 saria
429 1334 512 1393 sit
544 1334 638 1392 vel
669 1334 880 1402 utilis;
915 1349 1188 1411 cumque
1223 1333 1644 1392 intellexerim
1677 1350 1750 1392 «ιχ
1787 1333 2174 1408 quihusdam
2210 1334 2421 1411 iisque
2456 1349 2580 1392 non
2611 1331 3094 1393 contemnenda;
3123 1334 3469 1392 auctorita-

239 1415 316 1469 tis
350 1413 505 1471 viris
534 1414 870 1488 gratiorem
911 1410 1115 1474 fuisse
1173 1411 1340 1472 illam
1381 1414 1658 1472 Graecam
1703 1412 2025 1484 epitomen
2079 1410 2378 1482 futuram,
2419 1413 2471 1470 si
2500 1413 2786 1472 Latinam
2842 1414 3204 1472 versionem
3243 1412 3464 1488 adjun-

237 1499 401 1550 ctam
438 1489 762 1550 habuisset
797 1511 813 1548 τ
850 1492 1114 1567 proinde
1149 1492 1320 1568 quod
1353 1502 1498 1550 ante
1531 1507 1769 1550 annum
1803 1490 2094 1566 angustia
2145 1491 2450 1568 temporis
2501 1489 2807 1550 exclusus
2855 1498 3146 1565 prmstare
3182 1507 3305 1548 non
3345 1510 3457 1561 po-

239 1571 364 1638 iui,
406 1568 879 1646 pa-icisabhioc
931 1571 1262 1629 mensibus
1315 1569 1718 1629 Occasionem
1771 1581 1993 1628 nactus
2041 1568 2104 1628 in
2148 1585 2246 1629 me
2291 1569 2545 1646 suscepi
2570 1581 2646 1630 et
2687 1571 3044 1630 versionem
3083 1584 3284 1627 meam
3330 1569 3458 1645 jam

238 1659 426 1708 antea
477 1644 834 1706 confectam
874 1650 1238 1724 recognovi.
1277 1654 1336 1706 et
1379 1649 1772 1724 recognitam
1808 1647 2208 1724 typographo
2239 1644 2503 1706 seorsim
2543 1647 2984 1708 excutiendam
3022 1647 3194 1706 dedi.
3237 1644 3457 1706 Fateor

238 1730 506 1804 quidem
543 1726 823 1801 ingenue
855 1733 913 1785 et
949 1727 1220 1785 libenter
1253 1742 1350 1785 me
1380 1727 1540 1785 inter
1574 1726 1948 1786 vertendum
1983 1725 2719 1804 cumjamaliquou'sque
2754 1741 3130 1799 prOgressus
3164 1725 3457 1789 fuissem.

238 1803 636 1882 conperisse
679 1804 1008 1881 Physicain
1051 1805 1115 1864 Β.
1157 1806 1762 1881 Damasceni,quam
1792 1806 2068 1864 Jacobns
2104 1803 2325 1864 Billius
2363 1807 2707 1874 Prunreus,
2741 1805 2984 1874 Gallus,
3022 1805 3114 1862 vir
3153 1806 3369 1864 Latine
3405 1823 3456 1861 t'i

237 1887 457 1946 Graece
481 1883 918 1956 dce-tissimus,
949 1883 1256 1959 operibus
1287 1883 1350 1942 Β.
1389 1883 1759 1946 Damasceni
1788 1899 1819 1942 a
1846 1899 1913 1943 se
1941 1883 2260 1943 translatis
2288 1892 2347 1944 et
2383 1884 2644 1944 Luwtim
2675 1885 3061 1944 Parisiorum
3090 1900 3255 1943 anno
3311 1886 3466 1944 1577

239 1963 532 2033 excusis,
563 1971 622 2022 et
654 1961 808 2022 1603
841 1962 1079 2023 ibidem
1114 1963 1384 2033 recusis,
1413 1963 1712 2032 inseruit,
1755 1977 1900 2022 cum
1935 1960 2048 2021 liac
2080 1961 2213 2035 ipsa
2242 1961 2611 2023 Blemmidaa
2641 1961 2903 2039 Physica
2968 1964 3177 2038 quoad
3217 1963 3465 2039 aliqiiot

240 2045 449 2118 capita
484 2054 746 2118 prorsus
770 2040 1114 2120 convenire
1150 2044 1260 2120 (ut
1301 2041 1408 2102 illa
1447 2041 1600 2102 mihi
1639 2041 1801 2101 adeo
1835 2057 1958 2101 non
1995 2041 2059 2099 Β.
2099 2041 2498 2120 Damasceni,
2536 2040 2646 2102 sed
2693 2039 2886 2116 hujus
2923 2041 3123 2102 nostri
3158 2041 3458 2102 Blemmi-

241 2123 342 2182 dte
367 2120 635 2197 Physica
663 2135 806 2179 esse
840 2119 1182 2190 videatur),
1214 2128 1275 2180 et
1304 2122 1578 2198 proinde
1622 2119 2108 2198 translationem
2147 2119 2317 2179 Billii
2357 2121 2639 2198 Latinam
2674 2136 2772 2179 me
2812 2120 3072 2197 legisse.
3126 2127 3183 2178 et
3216 2123 3454 2181 alicubi

243 2208 465 2274 postea
497 2199 810 2259 imitatum
836 2198 1038 2258 fuisse
1072 2197 1448 2260 fateorJSed
1485 2199 1704 2259 eadem
1739 2197 1842 2260 illa
1875 2207 2004 2258 uta
2042 2198 2227 2257 Billio
2261 2197 2634 2259 inscribitur
2658 2199 2724 2259 B.
2763 2200 3130 2259 Damasceni
3171 2198 3458 2273 Physica,

242 2275 702 2355 septemdecim
771 2279 1077 2337 duntaxat
1111 2280 1176 2338 in
1217 2278 1586 2339 universum
1621 2286 1862 2338 constat
1907 2278 2244 2353 capitibus.
2282 2279 2561 2338 Primum
2596 2278 2858 2355 quidem
2906 2288 3091 2354 caput
3124 2280 3201 2337 de
3247 2279 3455 2350 philo-

243 2358 489 2430 soiihite
532 2355 1016 2436 deﬁnitionibus
1057 2355 1227 2417 idem
1279 2373 1539 2436 prorsus
1577 2355 1764 2436 habet
1795 2371 1940 2417 cum
1986 2357 2174 2416 tertio
2213 2363 2273 2416 et
2304 2358 2706 2436 sexagesimo
2737 2357 2966 2436 quinto
3017 2359 3220 2436 capite
3251 2358 3460 2417 Diale-

245 2435 422 2496 cticaa
454 2435 851 2506 Damasceni,
880 2440 1098 2496 cratera
1141 2435 1288 2498 vero
1317 2437 1594 2496 sedecim
1630 2435 1829 2509 capita
1862 2451 2003 2494 cum
2031 2435 2294 2494 totidem
2329 2435 2695 2496 Bleminidte
2727 2435 3040 2512 capitibus
3067 2435 3249 2495 habet
3288 2453 3461 2510 pror-

245 2531 356 2575 sus
392 2514 872 2584 convenientia;
907 2523 966 2573 at
1001 2515 1244 2592 reliqua
1295 2515 1663 2592 quindecim
1705 2515 2066 2573 Blemniidie
2103 2515 2326 2591 capita,
2378 2523 2442 2574 nt
2476 2523 2538 2576 et
2583 2513 3008 2592 fragmentum
3036 2516 3460 2589 expositionis

246 2594 313 2652 in
353 2596 667 2668 psalmum
701 2602 1130 2664 octavum,ne
1193 2612 1320 2656 uno
1353 2594 1614 2671 quidem
1664 2592 1858 2653 verbo
1908 2592 2194 2669 attingit;
2252 2593 2347 2654 vel
2387 2594 2553 2671 quod
2588 2609 2657 2654 ea
2695 2595 2916 2654 Billius
2951 2593 3018 2655 in
3069 2609 3188 2652 ms.
3241 2594 3459 2655 codice

247 2671 541 2750 Physica
576 2671 943 2751 Damasceni
977 2689 1104 2732 non
1155 2671 1470 2747 habuerit,
1505 2673 1602 2734 vel
1648 2673 1772 2732 alio
1803 2672 2024 2749 aliquo
2071 2672 2291 2733 nescio
2321 2689 2453 2751 quo
2485 2673 2759 2734 consilio
2805 2673 3094 2733 studiose
3135 2674 3458 2746 printerie-

246 2749 355 2830 rit.
389 2752 557 2825 Quin
597 2750 806 2830 ethoc
834 2749 1060 2820 fateor,
1093 2769 1238 2812 cum
1271 2752 1399 2830 jam
1445 2753 1805 2813 versionem
1845 2751 2129 2830 Physica)
2171 2749 2366 2830 nostri
2398 2751 2696 2818 auctoris.
2737 2752 3120 2820 Blemmidm,
3159 2755 3234 2811 ad
3271 2753 3456 2812 finem

246 2829 384 2893 fere
421 2829 889 2908 perduxisSem,
925 2833 1095 2904 quod
1125 2830 1555 2907 inquisiturus
1589 2830 1832 2908 aliquid
1872 2831 1930 2888 in
1968 2829 2288 2890 Laurentii
2331 2830 2522 2892 Valla:
2551 2831 3034 2891 Dialecticarum
3067 2829 3461 2900 disputatio-

246 2927 406 2970 num
434 2909 634 2979 libris,
670 2907 832 2988 forte
865 2909 1118 2970 fortuna
1155 2909 1486 2969 inciderim
1523 2910 1584 2968 in
1611 2907 1865 2986 Georgii
1904 2909 2012 2966 Val
2044 2924 2097 2968 te
2122 2909 2493 2988 Placentini,
2517 2911 2687 2988 gltali,
2720 2927 2936 2988 opera,
2979 2917 3042 2968 ut
3071 2926 3139 2988 ea
3168 2908 3456 2970 Venetiis

245 3003 420 3049 anno
455 2987 706 3048 Domini
759 2987 934 3052 1501,
991 2990 1157 3064 apud
1219 2989 1450 3048 Aldum
1514 2985 1867 3048 Romanum
1921 3004 2150 3046 excusa
2183 2988 2245 3048 in
2282 2987 2664 3048 bibliotheca
2717 2985 3079 3065 Aiigustana
3117 2985 3455 3060 habentur,

247 3070 556 3145 quodque
592 3066 654 3127 in
685 3065 816 3126 illis
847 3065 1053 3127 obiter
1082 3083 1225 3127 cum
1256 3066 1375 3145 alia
1409 3067 1638 3141 scripta
1673 3076 1802 3126 tum
1843 3067 2030 3124 etiam
2072 3066 2540 3143 Physiologiam
2576 3067 2766 3129 Vallte
2796 3068 3144 3144 inspiciens
3173 3069 3457 3126 animad-

248 3143 581 3217 verterim,
625 3145 902 3223 primum
957 3147 1247 3223 quidem,
1290 3143 1500 3219 ipsum
1535 3147 1597 3206 in
1629 3146 1798 3204 illam
1834 3161 1909 3204 ex
1958 3145 2307 3205 Blemmide
2339 3148 2630 3222 quaedam
2677 3147 3192 3222 transcripsisse;
3230 3148 3462 3204 deinde

253 3240 408 3285 vero
433 3226 622 3287 etiam
657 3222 930 3282 ulterius
968 3222 1346 3299 progressus
1379 3223 1939 3300 deprehenderim,
1975 3223 2270 3281 eumdem
2305 3231 2492 3284 totam
2531 3226 2688 3286 hanc
2728 3225 3096 3289 Blemmidas
3130 3223 3457 3298 Phj'siram

248 3305 469 3366 Latine
502 3303 759 3382 quidem
795 3318 1062 3382 versam,
1097 3301 1206 3361 sed
1246 3302 1725 3382 sineauctoris
1767 3302 1889 3361 ulla
1931 3301 2274 3382 mentione,
2329 3303 2446 3362 sibi
2506 3304 2882 3377 vindicasse,
2932 3313 2991 3362 et
3037 3303 3121 3362 uti
3179 3304 3453 3362 laborem

252 3378 587 3458 propi-iu'ui
644 3381 1148 3457 expetendorum
1201 3388 1260 3440 et
1290 3378 1748 3455 fugiendorum
1793 3399 1822 3440 a
1860 3398 1926 3438 se
1976 3389 2211 3438 structo
2265 3381 2424 3440 libro
2476 3383 2785 3442 vicesimo
2819 3383 3103 3443 secundo
3154 3389 3213 3439 et
3252 3385 3454 3440 tertio.

249 3460 911 3539 PhysiOIOgimautem
947 3460 1136 3521 tertio
1183 3468 1242 3520 et
1271 3467 1499 3539 quarto
1534 3460 1904 3530 inseruiSSe,
1944 3478 2086 3539 cum
2144 3459 2395 3520 duobus
2445 3468 2690 3521 tantum
2730 3462 3042 3534 capitibus
3088 3465 3162 3520 de
3194 3474 3461 3520 cometis

252 3537 427 3601 etde
471 3540 635 3600 caelo
672 3537 918 3615 aliquid
950 3540 1028 3598 de
1061 3555 1182 3599 suo
1227 3537 1497 3615 amplius
1537 3539 1914 3598 addidisset.
1965 3538 2085 3597 Sed
2135 3538 2414 3613 prol'ecio
2457 3550 2522 3600 ut
2573 3541 2744 3600 salva
2792 3541 2947 3600 alias
2979 3539 3460 3598 existimatione

253 3622 410 3678 tanti
452 3616 811 3695 phil050phi
847 3623 907 3681 et
942 3616 1378 3695 polyhistoris,
1417 3635 1664 3692 suoque
1694 3626 1981 3695 tempore
2013 3616 2375 3695 _d0cti~simi
2427 3617 2544 3676 viii
2578 3620 2806 3684 dicam.
2845 3617 3171 3678 nonnullis
3208 3617 3269 3675 in
3309 3618 3458 3674 lui-is

252 3714 285 3758 a
323 3692 615 3774 genuino
638 3710 833 3755 sensu
876 3692 1243 3774 Blemmidaa
1275 3696 1612 3766 aberravit,
1640 3703 1699 3754 et
1737 3693 1968 3771 passim
2000 3692 2397 3774 itaiobscure
2430 3698 2642 3767 vertit,
2691 3700 2786 3757 vel
2824 3706 2990 3757 certe
3031 3695 3460 3774 typogi-aplius

252 3773 347 3836 ita,
376 3775 746 3836 indistincte
783 3779 843 3834 et
876 3773 1142 3835 confuse
1190 3775 1414 3846 edidit,
1449 3782 1515 3833 ut
1549 3773 1957 3834 mediocriter
1994 3773 2056 3830 in
2089 3773 2322 3833 Graecis
2358 3775 2583 3835 litteris
2627 3785 2914 3835 versatus
2955 3783 3014 3833 et
3059 3792 3265 3832 rerum
3305 3773 3461 3848 plij-

254 3857 534 3914 sicarum
582 3852 953 3926 cognitione
987 3851 1268 3913 imbutus
1323 3853 1533 3913 Grteca
1596 3851 1865 3927 ipsemet
1917 3849 2170 3911 facilius
2220 3870 2410 3930 quam
2455 3855 2568 3914 ista
2608 3857 2823 3915 Latina
2877 3854 2959 3914 sit
2992 3853 3459 3913 intellecturus.

257 3933 531 3994 Proinde
562 3930 721 3994 nihil
754 3930 874 3991 hoc
906 3947 1026 4008 ego
1067 3940 1349 3991 moratus
1398 3931 1461 3990 in
1501 3931 1793 3993 versione
1826 3948 1959 3991 mea
1985 3946 2196 4009 quam
2236 3949 2394 4008 pene
2438 3933 2512 3992 ad
2549 3934 2732 3995 linem
2778 3935 3197 4009 perduxi-ram
3243 3933 3457 3991 absol-

258 4015 460 4070 venda
497 4010 775 4086 perrexi,
807 4009 1098 4086 adeoque
1131 4011 1324 4070 totius
1355 4009 1546 4088 hujus
1579 4010 1904 4088 Epitoines
1937 4008 2214 4086 physica:
2256 4027 2484 4071 novam
2531 4008 2917 4078 versionem,
2963 4028 3075 4070 nec
3114 4027 3354 4084 parum,
3395 4019 3460 4066 ut

253 4092 516 4168 opinor.
561 4089 868 4168 Latinam,
897 4104 1012 4148 nec
1043 4089 1204 4149 adeo
1251 4087 1588 4149 obscuram
1621 4087 2342 4168 confeci,prteterquam
2391 4091 2492 4150 ubi
2525 4091 2804 4168 ipsarum
2839 4108 3046 4150 rerum
3080 4089 3353 4167 gravitas
3400 4097 3460 4145 et

253 4166 580 4229 versionis
621 4166 720 4244 lex_
759 4183 902 4240 qua
942 4183 1040 4226 me
1072 4169 1144 4225 ad
1169 4168 1453 4227 Grecum
1488 4174 1732 4228 textum
1769 4166 2036 4226 fideliter
2075 4168 2470 4228 reddendum
2519 4166 2834 4235 astrinxit.
2887 4166 3164 4244 aliquam
3225 4168 3458 4242 legenti

253 4248 598 4324 caliginem
629 4242 961 4305 oﬂundere
991 4245 1500 4310 etdiﬂicultatem
1522 4244 1795 4321 olijicei'e
1815 4253 2030 4321 queat.
2060 4245 2295 4305 Passim
2331 4247 2598 4308 etiamin
2627 4249 2909 4323 margine
2938 4242 3130 4306 libros
3163 4255 3220 4305 et
3254 4251 3456 4319 capita

254 4323 526 4403 allegavi
594 4340 669 4403 ex
707 4325 983 4394 Platone,
1033 4325 1395 4394 Aristotele,
1441 4323 1804 4403 Cleomede,
1856 4341 1931 4403 es
1971 4324 2210 4401 quibus
2267 4325 2649 4385 Blemmides
2708 4327 2898 4386 multa
2960 4333 3280 4385 mutuatus
3338 4334 3457 4382 est.

254 4400 422 4477 Ouid
455 4413 516 4464 et
547 4401 819 4463 aliorum
853 4404 1307 4478 quorumdam,
1354 4401 1692 4479 postremis
1744 4400 2064 4478 praecipue
2103 4404 2439 4478 capitibus.
2491 4413 2819 4466 aucturum
2873 4406 3002 4464 loca
3033 4404 3241 4471 citavi,
3293 4405 3462 4462 unde

255 4501 484 4546 earum
543 4480 1130 4559 qumaBleiumiile
1186 4484 1550 4559 traduntur,
1597 4481 1870 4559 uberior
1927 4485 2212 4542 tiaclzitio
2246 4492 2304 4540 et
2346 4483 2684 4556 exiilicatio
2739 4485 2860 4558 peti
2914 4492 3138 4557 potest.
3197 4483 3458 4556 Singula

258 4576 454 4639 porro
502 4558 699 4636 capita
736 4559 1011 4639 incerta
1066 4560 1345 4639 membra
1377 4558 1636 4639 resolvi,
1677 4566 1734 4639 et
1783 4560 2186 4634 singulorum
2213 4571 2583 4637 argumenta
2645 4561 2921 4623 breviter
2974 4559 3456 4639 comprehendi.

254 4637 707 4719 capitibusque
736 4637 874 4699 suis
925 4638 1240 4719 praemisi;
1277 4657 1346 4700 ac
1377 4638 1657 4719 denique
1693 4637 1752 4696 iu
1779 4654 2035 4719 eorum,
2058 4641 2318 4719 gratiam
2358 4639 2465 4715 qni
2505 4640 2719 4703 Latina
2759 4657 2900 4700 cum
2933 4637 3190 4710 Griecis,
3227 4638 3327 4719 vel
3365 4639 3456 4696 vi--

256 4715 477 4782 cissim
538 4718 752 4777 Graeca
778 4732 922 4776 cum
962 4717 1202 4777 Latinis
1258 4717 1645 4794 conjungere
1697 4715 1939 4788 volunt,
1996 4716 2191 4776 Graeci
2237 4725 2446 4776 textus
2509 4719 2765 4792 paginas
2802 4721 2862 4778 in
2908 4719 3120 4778 Latina
3175 4716 3459 4776 versione

256 4795 834 4869 correspondentes
865 4795 941 4854 ad
977 4797 1322 4871 marginem
1366 4795 1601 4872 passim
1627 4795 1952 4868 annotavi,
1985 4802 2051 4855 ut
2092 4794 2251 4857 adeo
2289 4797 2394 4872 qui
2427 4796 2638 4871 legunt
2672 4798 2881 4857 Gi-reca
2917 4807 2974 4856 et
3011 4796 3271 4864 liazrent,
3318 4811 3428 4871 pro

259 4879 436 4937 tinus
476 4876 695 4955 Latina
727 4873 978 4955 possint
1015 4891 1283 4955 numero
1337 4873 1541 4934 indice
1575 4875 1948 4955 consulere;
1992 4875 2083 4955 vel
2116 4876 2304 4955 etiam
2353 4876 2464 4951 qui
2509 4874 2728 4952 legunt
2786 4880 3000 4936 Latina
3054 4885 3110 4935 et
3171 4877 3456 4955 Graecum

262 4967 510 5016 tesium
544 4950 856 5031 conferre
881 4953 1129 5026 volunt,
1162 4954 1448 5030 ejusdem
1486 4951 1734 5031 numeri
1772 4950 2001 5031 indicis
2034 4951 2340 5012 beneficio
2379 4950 2560 5031 quod
2583 4950 2880 5030 quarunt
2923 4958 2981 5013 in
3020 4961 3306 5031 promptu
3356 4952 3449 5010 ha.

260 5038 436 5104 here,
469 5034 704 5107 suique
739 5030 864 5090 voti
898 5029 1224 5108 compotes
1263 5031 1432 5091 illico
1479 5029 1614 5090 fieri
1673 5030 1942 5109 possint.
1992 5033 2125 5092 Non
2161 5031 2417 5091 diliicile
2461 5029 2617 5094 mihi
2643 5031 2872 5092 fuisset
2905 5029 3247 5109 ctereroqui
3282 5048 3455 5090 t-oni-

263 5130 403 5172 men
442 5111 1005 5189 ariolumladdere,
1052 5110 1590 5189 quemadmodum
1623 5108 2142 5189 Sanediscipulis
2167 5113 2322 5189 ineis
2346 5119 2541 5189 totam
2590 5113 2756 5171 illam
2794 5112 3114 5188 epitomeii
3159 5108 3458 5189 privatim

260 5188 577 5264 explicui;
607 5195 669 5247 et
697 5187 888 5248 simul
928 5186 1204 5250 subinde
1236 5191 1308 5249 ad
1353 5186 1681 5268 Physicam
1717 5187 1994 5268 Philippi
2025 5187 2552 5268 Melanclithouis,
2594 5186 2872 5268 itemque
2904 5192 2979 5268 ad
3024 5187 3458 5268 lIlUdilllsSllliii

263 5275 723 5346 praceptorum
755 5282 1040 5327 meorum
1074 5268 1473 5343 compendia,
1509 5265 1590 5327 M.
1630 5265 1885 5343 Georgii
1920 5266 2195 5346 Liebleri
2236 5266 2600 5344 physicum,
2630 5277 2688 5327 et
2727 5265 2806 5328 Mi.
2840 5267 3167 5327 Michaelis
3206 5265 3460 5346 abeath-

263 5343 322 5406 iii
373 5343 899 5415 astronomicum,
941 5347 1345 5423 aliorumque
1384 5346 1660 5404 virorum
1709 5347 2040 5405 doctorum
2091 5343 2282 5422 hujus
2327 5343 2583 5421 generis
2629 5346 2821 5406 libros
2876 5347 3114 5405 remisi.
3154 5345 3272 5405 Sed
3307 5343 3457 5419 quia

264 5423 577 5483 nundinas
607 5423 1174 5485 Francofurtenses
1203 5424 1542 5491 instabant,
1578 5431 1636 5480 et
1672 5423 1932 5484 verebar
1963 5425 2150 5483 etiam
2185 5439 2264 5483 ne
2296 5441 2439 5486 cum
2476 5425 2623 5484 mihi
2667 5428 2739 5483 ad
2784 5426 3274 5501 typographum,
3329 5435 3456 5478 tum

263 5503 662 5576 emptoribus
708 5501 850 5561 libri
891 5503 964 5564 ad
1032 5502 1448 5580 biinOpolam
1480 5510 1872 5580 Asumptttsct
1916 5502 2184 5580 pretium
2230 5517 2641 5580 accresceret,
2684 5503 2760 5561 ali
2802 5503 3100 5562 ulteriore
3133 5518 3457 5561 cumini-ii-

264 5586 504 5660 latione
537 5588 599 5640 et
632 5580 958 5660 additione
1009 5577 1313 5645 abstinui.
1353 5577 1494 5640 Tibi
1523 5587 1772 5660 autem,
1803 5577 2350 5660 vir’nobilissime
2381 5590 2441 5643 et
2469 5581 2892 5660 amplissime,
2948 5580 3206 5640 domine
3260 5579 3460 5655 pluri-

263 5677 434 5721 mum
483 5658 881 5729 honorande,
918 5659 1078 5721 hanc
1126 5661 1482 5720 versionem
1525 5675 1553 5716 a
1593 5673 1690 5715 me
1722 5658 1814 5718 sic
1857 5661 2218 5718 adornatam
2279 5658 2586 5733 inscribo,
2639 5677 2760 5719 non
2823 5667 3062 5718 tantum
3129 5671 3456 5734 proptitl‘i‘d

265 5740 433 5815 quod
469 5745 528 5797 et
563 5737 699 5819 ipse
734 5737 795 5819 in
832 5741 1062 5819 studiis
1106 5738 1452 5819 litterarum
1489 5737 1680 5819 probe
1709 5750 1992 5798 versatus
2029 5755 2095 5796 es
2130 5746 2188 5796 et
2223 5737 2300 5798 de
2349 5739 2790 5819 illisjudicare
2832 5747 3032 5813 potes,
3059 5739 3225 5819 _sicut
3263 5745 3317 5791 et
3353 5743 3457 5791 δίι-

265 5813 334 5876 os
354 5815 732 5896 complures
768 5816 825 5874 in
875 5816 1111 5877 famJia
1161 5829 1261 5877 tua
1299 5816 1489 5875 habes
1523 5813 1741 5874 allines
1777 5832 1900 5877 non
1942 5827 2328 5896 lanigenere
2373 5813 2560 5896 quam
2599 5817 2880 5876 doctrina
2915 5825 2972 5876 et
3016 5815 3250 5896 virtute
3290 5832 3458 5871 V|l0\

267 5894 731 5967 nobilissimos,
769 5901 874 5956 sed
907 5907 966 5958 et
997 5917 1092 5960 ani
1124 5898 1295 5974 quod
1339 5911 1475 5955 cum
1511 5909 1654 5954 ante
1693 5909 1927 5956 annum
1981 5894 2410 5963 nobilissimo;
2440 5896 2833 5958 amplissimo
2868 5905 2919 5957 et
2963 5894 3459 5954 prudentissimo
