4208 6440
201 342 342 406 1025

1468 351 1811 413 ΕΡΙΤΟΜΕ
1838 353 1932 414 PH
1950 358 2176 421 YSICA.

3315 369 3449 433 1026

196 462 290 514 καὶ
324 462 517 513 αίτιον.
561 463 783 528 Ῥητὲον
834 463 889 515 δὲ
945 464 1209 531 πρότερον
1250 465 1377 531 περὶ
1429 465 1529 533 τῆς
1572 466 1774 534 ίσαχῶς

1884 480 2061 527 tamen
2096 475 2425 545 principium
2464 478 2608 532 illico
2646 480 2808 532 etiam
2852 496 3017 535 causa
3048 492 3149 536 cst.
3188 481 3457 536 Disseren-

196 550 274 618 τῷ
306 552 460 620 αἰτίῳ
494 552 792 621 λεγομένης
829 554 1022 623 ἀρχῆς.
1061 554 1295 621 Λέγεται
1320 557 1498 610 τοίνυν
1545 558 1688 627 ἀρχὴ
1719 560 1777 611 τὸ

197 643 255 706 ἐξ
281 636 366 704 οὗ,
398 644 473 705 ὡς
504 646 535 712 η
569 643 666 710 ὕλη
689 660 702 675 ο
742 644 801 707 ἐξ
827 641 886 698 οὗ
925 645 1153 712 πρώτως
1178 646 1583 716 ἐνυπάρχοντος
1630 651 1775 715 γίνε-

197 735 288 789 ταί
318 754 369 787 τι
398 753 411 766 ·
446 732 556 787 οἷον
588 736 724 788 λίθοι
758 737 852 788 καὶ
884 738 1016 800 ξύλα
1046 739 1217 800 οίκίας
1254 742 1443 809 ἀρχαί.
1467 740 1540 794 Τὸ
1569 742 1692 794 καθ’
1723 744 1769 803 δ,

196 829 272 889 ὡς
320 830 352 893 ἡ
395 829 579 897 μορφὴ
637 830 727 880 καὶ
768 830 828 880 τὸ
866 832 1049 900 σχῆμα
1101 832 1197 884 καὶ⁵
1236 834 1380 897 ὅλως
1413 835 1473 886 τὸ
1504 832 1671 897 εἶδος.
1702 830 1776 889 Τὸ

198 920 289 985 ὑφ’
317 914 401 981 οὗ,
431 922 504 981 ὡς
537 923 568 990 ἠ
600 921 757 987 φύσις
791 922 899 973 τῶν
931 923 1175 988 φυσικῶν
1201 926 1366 993 ἀρχὴ,
1403 928 1495 979 καὶ
1538 930 1568 996 ἠ
1607 928 1770 999 τέχνη

195 1012 309 1062 τῶν
336 1012 634 1078 τεχνητῶν.
668 1013 741 1063 Τὸ
760 1012 891 1075 δι’ὃ,
914 1014 1031 1083 ἢτοι
1064 1016 1123 1066 τὸ
1143 1014 1204 1067 οὗ
1227 1016 1389 1069 ἕνεκα
1419 1032 1432 1045 ·
1464 1016 1539 1079 ὡς
1567 1018 1598 1087 ἡ
1624 1020 1772 1086 νίκη,

194 1104 343 1173 ἀρχὴ
388 1108 483 1171 τῆς
514 1103 793 1171 ἀθλήσεως
829 1121 845 1137 ’
892 1105 1057 1159 ἓνεκα
1114 1107 1223 1175 γὰρ
1275 1108 1375 1175 τῆς
1421 1109 1572 1177 νίκης
1604 1111 1775 1162 τελεῖ-

194 1214 284 1248 ται
324 1196 630 1265 ἡᾶθλησις.
675 1196 840 1266 Ἀρχὴ
885 1198 940 1251 δὲ
983 1200 1124 1251 κατὰ
1176 1198 1440 1254 Πλάτωνα
1491 1202 1673 1255 καὶτὸ
1704 1204 1772 1256 δι’

192 1284 281 1354 οὗ,
326 1291 400 1350 ὠς
434 1291 493 1342 τὸ
539 1291 802 1360 ὄργανον
852 1294 945 1345 καὶ
991 1294 1050 1344 τὸ
1100 1296 1235 1363 πρὸς
1274 1295 1321 1355 8,
1356 1295 1433 1357 ὡς
1474 1296 1535 1347 τὸ
1597 1297 1775 1363 παρά-

192 1383 419 1447 δειγμα.
462 1383 736 1444 Ὡσαύτως
770 1386 825 1436 δὲ
865 1385 1081 1450 λέγεται
1138 1388 1229 1438 καὶ
1273 1385 1445 1439 αἴτιον
1494 1388 1549 1439 τδ
1602 1388 1659 1450 t5
1692 1381 1774 1450 οὗ,

192 1471 309 1527 οἷον
343 1476 401 1526 τὸ
427 1477 642 1527 ὑλικόν·
673 1477 733 1527 τὸ
758 1478 877 1529 καθ’
900 1479 947 1537 ὂ,
982 1474 1095 1529 οἷον
1117 1479 1175 1531 τὸ
1208 1480 1409 1532 εἰδικόν
1431 1496 1445 1509 ·
1474 1479 1534 1531 τὸ
1566 1479 1656 1547 ὑφ’
1689 1479 1773 1541 οὗ,

191 1564 305 1617 οἷον
342 1568 402 1619 ea
433 1570 743 1635 ποιητικόν·
779 1570 839 1621 τὸ
894 1572 962 1622 δι’
1001 1572 1050 1631 δ,
1087 1564 1199 1622 οἷον
1234 1572 1294 1623 τὸ
1320 1572 1532 1624 τελικόν
1555 1589 1569 1603 ·
1619 1572 1680 1624 τὸ
1707 1571 1777 1624 δι’

190 1653 277 1718 οὗ,
314 1655 427 1710 οἷον
474 1660 532 1710 τὸ
587 1661 908 1728 ὀργανικόν·
970 1662 1031 1713 τὸ
1088 1662 1223 1730 πρὸς
1270 1664 1317 1725 δ,
1354 1657 1467 1716 οἷον
1504 1665 1563 1715 τὸ
1595 1676 1777 1732 παρα-

191 1752 573 1819 δειγματικόν.
614 1755 768 1806 Κατὰ
799 1754 928 1819 γοῦν
961 1756 1029 1806 τὰ
1061 1754 1286 1807 τοιαῦτα
1322 1754 1420 1808 τοῦ
1464 1756 1642 1808 αίτίου
1681 1758 1774 1809 καὶ

189 1846 290 1909 τῆς
326 1848 500 1915 ἀρχῆς
536 1847 933 1913 σημαινόμενα,
966 1845 1043 1915 τῷ
1094 1847 1195 1913 μὲν
1240 1847 1588 1918 ὑποκειμένῳ
1636 1865 1761 1900 ταυ-
1804 1882 1845 1935 Β

189 1939 283 1990 τόν
310 1942 464 1991 ἐστιν
504 1940 644 2005 ἀρχή
675 1956 731 1991 τε
760 1939 852 1989 καὶ
884 1938 1056 1991 αἴτιον
1082 1954 1098 1969 ·
1132 1941 1197 2008 τῇ
1234 1940 1448 2007 ἐπινοίᾳ
1477 1940 1533 1992 δὲ
1584 1941 1771 2009 διαφέ-

192 2047 407 2099 ρουσιν.
452 2029 514 2083 ἸΙ
549 2030 650 2097 μὲν
677 2030 786 2099 γὰρ
822 2030 963 2099 ἀρχὴ
1011 2031 1310 2084 ἐπινοεῖται
1344 2032 1480 2084 καθὸ
1514 2036 1772 2102 προηγεῖ-

188 2138 280 2172 ται
303 2137 317 2150 ο
350 2123 413 2171 τὸ
438 2122 481 2173 δ’
510 2122 685 2173 αἴτιον
716 2121 835 2173 καθ’
859 2123 886 2173 δ
914 2125 1059 2174 ποιεῖ
1082 2139 1132 2174 τι
1156 2124 1250 2175 καὶ
1272 2122 1531 2175 ἀποτελεῖ
1561 2126 1621 2177 τὸ
1651 2127 1770 2193 μετ’

190 2213 349 2274 αὐτὸ,
380 2213 531 2267 ὄντος
566 2213 658 2262 καὶ
692 2210 785 2263 τοῦ
813 2212 991 2265 αἰτίου
1016 2212 1244 2282 δυνάμει
1265 2213 1524 2282 ἀρχικοῦο
1555 2217 1771 2286 καὶτῆς

188 2303 369 2373 ἀρχῆς
402 2306 631 2372 δυνάμει
662 2304 997 2371 τελεστικῆς.

1882 566 2011 619 dum
2056 577 2239 621 autem
2296 570 2445 636 prius
2478 580 2557 625 est
2598 571 2665 625 de
2722 573 3008 642 principio,
3057 574 3202 643 quod
3232 574 3457 628 totidem

1883 660 2081 721 modis,
2109 670 2239 729 quot
2262 676 2423 721 causa
2466 662 2690 717 dicitur.
2726 662 3063 734 Principium
3102 665 3286 734 itaque
3313 666 3454 719 dici-

1882 760 1969 805 tur
2019 752 2071 806 id
2107 767 2173 805 ex
2224 768 2330 819 quo
2373 752 2600 825 [aliquid
2636 766 2718 811 est
2741 755 2783 828 ;‘,
2828 768 2886 811 ιιι
2934 762 3198 820 materia;
3248 772 3314 811 ex
3350 774 3459 826 quo

1856 839 2117 915 primum
2152 840 2506 897 inexsistente
2551 843 2609 897 lit
2674 846 2900 914 aliquid,
2960 854 3112 901 velut
3163 848 3371 915 lapides
3406 858 3460 903 et

1882 932 2047 1000 ligna,
2075 934 2266 987 domus
2297 935 2563 1003 principia
2612 934 2814 1009 [sunt.]
2857 936 2911 990 Id
2946 940 3245 993 secundum
3285 942 3456 1010 quod,

1882 1032 1935 1076 ut
1970 1024 2143 1077 forma
2178 1034 2231 1078 et
2256 1024 2453 1093 ﬁgura,
2484 1034 2539 1080 et
2569 1031 2792 1081 omnino
2822 1028 3053 1094 species.
3094 1030 3147 1082 ld
3184 1045 3212 1081 a
3247 1046 3380 1097 quo,
3401 1037 3457 1081 ut

1882 1125 2097 1178 natura,
2155 1116 2481 1170 naturalium
2512 1133 2527 1182 ;
2559 1126 2624 1172 et
2644 1120 3014 1173 artiﬁcialium
3040 1158 3057 1184 ,
3107 1134 3198 1173 ars
3250 1121 3456 1187 princi-

1880 1209 2025 1276 pium
2073 1218 2173 1263 est.
2213 1209 2268 1261 id
2315 1218 2534 1278 propter
2583 1210 2752 1279 quod,
2806 1226 2900 1265 seu
2953 1213 3111 1282 cujus
3168 1214 3364 1281 gratia,
3401 1222 3459 1265 ιιι

1880 1301 2129 1365 victoria,
2177 1304 2493 1357 certaminis
2541 1312 2625 1358 est
2662 1304 3019 1372 principium;
3078 1307 3200 1376 siqu
3226 1307 3348 1362 dem
3377 1309 3458 1361 vi-

1877 1394 2064 1447 ctoria:
2102 1395 2271 1461 gratia
2306 1403 2583 1448 certamen
2622 1396 2924 1461 perficitur.
2965 1395 3135 1452 Porro
3160 1415 3225 1451 ex
3264 1397 3448 1455 Plato-

1880 1483 1962 1536 nis
2010 1482 2277 1536 sententia
2327 1484 2652 1551 principium
2700 1495 2782 1547 est
2839 1486 3005 1539 etiam
3056 1486 3129 1549 id,
3164 1502 3259 1554 per
3302 1489 3447 1555 quod

1880 1574 1961 1646 [lit
2018 1575 2284 1646 aliquidﬂ
2350 1585 2407 1629 ut
2461 1576 2927 1641 instrumentum;
2994 1578 3060 1632 ad
3114 1579 3294 1647 quod,
3349 1580 3456 1631 ut‘

1877 1666 2183 1732 exemplar.
2238 1665 2436 1719 Eodem
2471 1674 2653 1719 autem
2686 1668 2848 1721 modo
2878 1668 3039 1721 etiam
3067 1683 3232 1723 causa
3256 1668 3459 1722 dicitur

1880 1760 1931 1824 id
1983 1773 2047 1811 ex
2089 1773 2219 1827 quo,
2260 1767 2318 1813 ut
2353 1759 2697 1826 tnaterialis;
2751 1760 2803 1813 id
2847 1760 3146 1814 secundum
3199 1762 3371 1829 quod,
3403 1770 3462 1815 ut

1878 1848 2164 1912 formalis;
2202 1850 2255 1902 id
2293 1864 2323 1902 a
2354 1866 2484 1919 quo,
2519 1860 2576 1903 ut
2618 1850 2893 1917 eﬂiciens;
2932 1852 2982 1905 id
3039 1863 3257 1921 propter
3292 1856 3459 1922 quod,

1879 1941 2180 2005 ut'linalis;
2218 1941 2268 1993 id
2330 1956 2425 2009 per
2457 1940 2627 2009 quod,
2690 1953 2745 1995 ut
2786 1942 3254 2008 instrumentalis;
3292 1944 3343 1995 id
3391 1945 3456 1995 all

1878 2030 2034 2099 cujus
2078 2030 2519 2094 similitudinem,
2552 2041 2609 2085 ut
2654 2034 3003 2101 exemplaris.
3062 2034 3247 2100 Quoad
3295 2038 3457 2103 igitur

1878 2122 2149 2190 ejusmodi
2185 2135 2363 2176 causae
2417 2132 2469 2177 et
2516 2123 2771 2193 principii
2824 2126 3155 2193 signiﬁcata,
3215 2126 3461 2196 subjecto

1876 2214 2101 2281 quidem
2134 2228 2302 2266 unum
2331 2215 2587 2281 idemque
2626 2224 2754 2270 sunt
2805 2217 3133 2285 principium
3166 2230 3219 2272 et
3258 2234 3461 2282 causa;

1882 2306 1975 2359 sed
2030 2306 2355 2376 cogitatione
2424 2304 2702 2361 dill‘erunt.
2759 2306 3091 2378 Principium
3127 2310 3293 2376 enim,
3328 2326 3465 2379 qua-

190 2410 355 2453 tenus
409 2398 700 2463 antecedit,
723 2398 778 2471 4
802 2398 1075 2467 cogitatur
1114 2415 1128 2455 :
1164 2415 1327 2455 causa
1366 2415 1518 2467 vero,
1550 2410 1818 2471 quatenus
1858 2400 2062 2471 aliquid
2090 2399 2275 2462 eﬂicit,
2308 2410 2362 2454 et
2398 2399 2544 2470 quod
2586 2402 2965 2470 consequitur,
3025 2402 3277 2471 perlicit:
3337 2402 3462 2459 cum

190 2498 333 2551 alias
362 2498 601 2565 potentia
656 2507 708 2549 et
742 2510 906 2549 causa
940 2496 1211 2565 principii.
1262 2510 1315 2552 et
1341 2499 1667 2568 principium
1702 2499 1939 2568 potentia
1971 2495 2285 2566 perﬁciendi
2316 2504 2371 2549 et
2400 2497 2661 2551 causandi
2693 2496 2801 2550 vim
2825 2497 3044 2551 habeat.

268 2589 334 2659 β’.
374 2590 496 2641 Τῶν
519 2589 564 2639 δ’
595 2586 1069 2657 ἀπηριθμημινων
1095 2588 1290 2641 αίτίων
1324 2590 1393 2643 τὰ
1428 2591 1527 2660 μιν
1567 2590 1772 2659 κυρίως

191 2686 345 2737 αῐτια
378 2682 618 2747 λέγεται*
647 2681 713 2735 τὰ
740 2680 797 2731 δὶ
826 2679 1099 2732 συναίτιαο
1128 2680 1279 2733 αἴτια
1325 2682 1445 2750 μὲν,
1472 2683 1534 2735 τδ
1558 2699 1777 2751 ποιητισ

190 2776 319 2835 κον,
346 2774 408 2827 τὸ
449 2772 683 2832 τελικὸν,
733 2771 793 2823 τὸ
829 2772 1343 2841 παραδειγματικόν
1366 2790 1378 2803 ·
1433 2774 1683 2827 συναίτια
1714 2774 1770 2826 δὲ

188 2870 253 2919 τὸ
284 2867 491 2928 ὑλικὸν,
529 2865 592 2915 τὸ
621 2864 817 2916 είδικδν
859 2866 953 2917 καὶ
982 2866 1041 2916 τὸ
1063 2866 1376 2933 ὀργανικόν.
1416 2867 1677 2935 Διαφέρει
1718 2868 1774 2920 δὲ

196 2962 409 3027 κυρίως
458 2960 633 3010 αἴτιον
676 2958 771 3009 xci
802 2956 1075 3009 συναίτιον
1097 2973 1111 2989 ·
1145 2957 1206 3008 τὸ
1240 2957 1339 3025 μὲν
1367 2958 1572 3025 κυρίως
1602 2961 1778 3013 αῐτιον

189 3052 270 3118 τῷ
304 3049 573 3118 χωριστὸν
601 3044 740 3099 εἶναι
779 3047 873 3099 τοῦ
912 3048 1353 3113 ἀποτελουμένου
1384 3051 1478 3099 καὶ
1504 3048 1778 3117 ἐξῃρημέ-

192 3161 286 3196 νον
316 3142 652 3194 παντάπασι·
689 3140 747 3190 τὸ
774 3138 829 3191 δὲ
865 3139 1138 3191 συναίτιον
1170 3141 1227 3191 ὲν
1257 3137 1335 3207 τῷ
1357 3139 1778 3210 ἀποτελουμένῳ
1807 3182 1849 3238 c

199 3227 500 3306 πράγματι
531 3234 878 3302 θεωρεῖσθαι.

267 3327 344 3396 γ’.
382 3328 547 3380 Ὅθεν
574 3327 858 3394 ποιητικὸν
889 3327 1061 3380 αἴτιον
1087 3328 1223 3397 (καὶ)
1261 3327 1465 3398 κυρίως
1498 3327 1593 3380 καὶ
1624 3328 1778 3394 πρώ-

191 3440 305 3482 τως
339 3423 366 3472 ὁ
400 3419 539 3480 θεῖός
577 3422 692 3471 ἐστι
723 3419 873 3481 νοῦςσ
907 3420 1001 3473 καὶ
1035 3412 1257 3473 τελικὸν
1294 3422 1327 3489 ἠ
1378 3420 1544 3473 αὑτοῦ
1576 3421 1781 3488 ἀγαθόν

192 3530 319 3589 της,
352 3517 418 3569 δι’
450 3518 516 3587 ἣν
552 3519 730 3569 πᾶσαν
761 3517 938 3568 κτίσιν
970 3517 1427 3587 ἐδημιούργησεν,
1463 3517 1549 3570 ἵνα
1584 3514 1780 3582 γνωρί-

194 3613 361 3681 ζηται
426 3611 519 3661 καὶ⁸
583 3608 945 3678 κηρύττηται.
1017 3608 1308 3678 Προσεχῶς
1372 3608 1429 3659 δὲ
1492 3606 1779 3676 ποιητικὸν

194 3706 372 3756 αἴτιον
408 3703 439 3768 ἡ
467 3702 627 3768 φύσις
658 3701 904 3766 λέγεται·
930 3699 997 3769 ἣν
1028 3699 1206 3759 καλῶς
1240 3700 1267 3751 ὁ
1302 3698 1526 3751 Πλάτων
1554 3699 1779 3767 ὀργανι-

196 3794 292 3842 κὸν
331 3791 534 3859 μᾶλλον
570 3790 748 3840 αῐτιον
792 3789 1019 3853 τίθεται,
1051 3788 1125 3852 ὡς
1179 3790 1507 3863 κινουμένην
1551 3788 1649 3858 μὲν
1690 3788 1779 3857 ὑφ’

196 3884 384 3950 ἑτέρου
416 3881 530 3941 (τοῦ
563 3881 707 3932 θείου
741 3880 853 3943 v05,
890 3880 981 3932 τοῦ
1008 3882 1267 3948 ἀκινήτου
1298 3881 1436 3933 κατὰ
1468 3882 1649 3934 πᾶσαν
1680 3898 1777 3949 με-

197 3974 479 4042 ταϐολὴν),
515 3972 768 4025 κινοῦσαν
798 3973 840 4025 δ’
872 3973 1055 4043 ἔτερα,
1080 3974 1146 4026 τὰ
1181 3973 1385 4040 φυσικὰ
1419 3972 1641 4041 σώματα
1682 3975 1781 4042 δη-

197 4070 330 4137 λαδὴ
373 4063 448 4119 ὢν
479 4069 572 4118 καὶ
596 4069 900 4134 ἀχώριστος
928 4066 1080 4147 offam,
1120 4066 1394 4118 συναίτιον
1450 4066 1655 4133 μᾶλλον
1692 4069 1781 4118 εύ-

199 4164 371 4225 Myso;
431 4159 629 4224 λέγοιτ’
684 4158 770 4219 ἂν,
827 4159 941 4208 ἀλλ’
986 4157 1044 4210 ού
1078 4158 1282 4225 κυρίως
1333 4158 1527 4210 αττιον.
1593 4158 1778 4225 Παρα-

198 4252 560 4317 δειγματικον
596 4248 641 4298 δ’
672 4248 865 4310 αἴτιον,
915 4245 1106 4316 ὥσπερ
1138 4248 1202 4316 δὴ
1237 4250 1331 4300 καὶ
1387 4252 1562 4318 ἀρχὴν
1601 4266 1779 4314 παρα-

196 4343 587 4408 δειγματικὴν,
641 4342 769 4402 τοὺς
808 4345 863 4391 ἐν
919 4340 996 4409 τῷ
1058 4341 1383 4409 δημιουργῷ
1442 4340 1515 4408 νῷ
1569 4346 1782 4409 προυφ-

200 4436 448 4496 εατὼτας
515 4433 731 4492 ἑνιαίως
788 4434 1132 4495 οὑσιοποιους
1191 4435 1385 4499 λόγους
1450 4435 1556 4485 τῶν
1607 4437 1780 4507 ὄντων

1946 2586 2002 2640 2.
2039 2586 2491 2641 Ennmeratarum
2528 2598 2708 2642 autem
2746 2603 3050 2643 causarqu
3096 2589 3216 2645 alia
3248 2591 3465 2659 prOpt-ie

1879 2693 2059 2733 causa!
2094 2680 2397 2744 dicuntur;
2448 2679 2570 2733 alite
2615 2694 2927 2735 concausse.
2988 2681 3180 2735 Causa:
3232 2682 3457 2752 quidem

1881 2769 2142 2842 [proprie]
2196 2770 2457 2834 eiiiciens,
2515 2770 2714 2837 finalis,
2759 2773 3133 2840 exemplaris;
3171 2788 3463 2829 coucausae

1881 2877 2036 2927 vero,
2066 2862 2387 2927 materialis,
2418 2860 2690 2927 formalis,
2721 2872 2775 2918 et
2807 2864 3272 2920 instrumentalis.
3301 2867 3461 2933 Atqui

1882 2952 2141 3008 differunt
2196 2954 2417 3022 proprie
2482 2969 2647 3008 causa
2694 2964 2745 3008 el
2777 2970 3074 3016 concausa.
3123 2958 3267 3025 quod
3298 2973 3464 3011 causa

1883 3050 2102 3120 quidem
2150 3049 2217 3102 ab
2263 3064 2328 3102 eo
2378 3047 2522 3116 quod
2554 3047 2808 3111 eliicitur,
2843 3057 3096 3117 separata
3148 3059 3201 3101 et
3228 3048 3462 3101 omnino

1884 3154 2092 3199 secreta
2133 3144 2235 3205 sit;
2298 3155 2577 3196 concausa
2640 3155 2793 3205 vero,
2828 3140 2881 3197 in
2913 3156 2977 3195 eo
3008 3140 3155 3210 quod
3208 3140 3460 3201 eﬂlcitur,

1884 3238 2286 3293 consideretur.

1954 3330 2006 3384 5.
2047 3329 2181 3384 ilinc
2213 3343 2377 3384 causa
2400 3328 2656 3403 elﬁciens
2686 3326 2793 3399 [et]
2826 3328 3048 3397 proprie
3090 3336 3143 3381 et
3196 3326 3463 3396 primario

1883 3423 2063 3477 divina
2094 3438 2251 3476 mens
2282 3432 2400 3486 est;
2454 3436 2516 3475 ac
2566 3420 2768 3485 ﬁnalis,
2823 3420 2995 3488 ipsius
3037 3420 3274 3481 bonitas,
3309 3417 3468 3487 cujus

1882 3516 2054 3585 gratia
2107 3530 2297 3570 omnes
2328 3523 2610 3568 creaturas
2640 3513 2909 3577 condidit,
2966 3521 3027 3565 ut
3076 3520 3470 3581 agnosceretur;

1884 3609 2000 3675 ipsa
2047 3616 2099 3661 et
2157 3607 2572 3677 pradicaretur.
2599 3604 2909 3673 Propinqua
2974 3614 3152 3657 autem
3186 3619 3350 3658 causa
3385 3605 3467 3657 ef—

1884 3703 2090 3766 iiciens,
2123 3712 2316 3754 natura
2350 3699 2592 3767 dicitur]:
2635 3714 2802 3767 quam
2845 3708 2991 3753 recte
3033 3699 3184 3752 Plato
3217 3698 3238 3730 ³
3263 3699 3467 3751 inslrn-

1885 3796 2173 3849 mentalem
2209 3796 2386 3862 potius
2446 3807 2671 3847 causam
2729 3788 2851 3846 esse
2888 3793 3063 3869 ponit,
3099 3803 3156 3845 ut
3187 3807 3308 3861 qua:
3347 3808 3466 3844 mu-

1885 3898 2072 3941 veatur
2108 3886 2329 3955 quidem
2360 3886 2428 3939 ab
2458 3886 2629 3939 altero
2683 3886 2890 3955 [divina
2949 3892 3125 3937 mente
3144 3899 3262 3953 quze
3286 3886 3467 3953 quoml

1884 3991 2101 4030 Omnem
2172 3978 2525 4031 mutationem
2576 3990 2659 4031 est
2720 3976 3076 4046 immobilis],
3131 3974 3468 4037 aliaauteiu,

1886 4069 2157 4121 natm-alia
2189 4070 2445 4121 nimirum
2490 4084 2739 4138 corpora
2778 4080 3029 4133 moveat;
3067 4086 3094 4122 a
3130 4070 3327 4138 quibus
3346 4085 3467 4120 euut

1883 4163 2044 4214 etiam
2072 4162 2310 4229 sc‘parari
2345 4177 2449 4214 non
2486 4162 2681 4230 possit,
2720 4163 2924 4230 optima
2955 4164 3168 4216 ratione
3195 4176 3467 4217 c0ncauszt

1886 4256 2064 4324 potius
2095 4271 2256 4322 ιιιιίιιιι
2317 4254 2534 4322 proprie
2588 4270 2754 4307 causa
2801 4255 2907 4308 dici
2960 4267 3143 4324 queat.
3181 4254 3301 4308 Jum
3348 4272 3474 4307 vmo

1884 4350 2249 4416 exemplarem
2301 4363 2549 4411 causam,
2607 4359 2663 4402 ut
2717 4365 2847 4401 sane
2887 4352 3045 4403 etiam
3078 4349 3127 4419 5
3164 4351 3475 4417 exemplare

1887 4440 2232 4508 principium,
2267 4441 2591 4493 substantia:
2638 4440 2944 4499 eﬂ'ectrices
2978 4444 3184 4495 cntium
3214 4444 3469 4494 rationes-

199 4527 566 4593 ἐδιδάχθημεν
631 4519 791 4575 εἶναι.
846 4524 984 4592 Πρὸς
1040 4524 1133 4586 οὓς
1178 4526 1251 4586 ὡς
1310 4528 1445 4595 πρὸς
1497 4526 1780 4596 ἀρχέτυπα

1892 4545 2009 4597 quae
2039 4532 2089 4582 in
2122 4530 2558 4584 architectatrice
2581 4542 2760 4585 mente
2791 4532 3109 4601 simpliciter
3134 4538 3475 4600 prasexstite-

202 4617 523 4685 προαιώνια.
550 4614 817 4681 σύμπασα
870 4615 1048 4675 κτίσις
1098 4615 1463 4684 ἁπηκριόώθη
1504 4618 1580 4685 τῷ
1617 4634 1781 4670 παντ-
1827 4653 1831 4659 .

200 4708 452 4776 ουργικῷ
482 4710 575 4758 καὶ
604 4706 733 4773 θείῳ
769 4706 1090 4774 βουλήματι.
1125 4708 1247 4760 Ἔτι
1284 4708 1501 4774 λέγεται
1534 4710 1697 4779 ἀρχὴ,
1726 4712 1785 4761 τὸ

201 4803 295 4868 ἀφ’
321 4800 385 4852 οὗ
412 4817 423 4829 ·
464 4801 768 4861 τουτέστιν,
801 4798 923 4851 ὅθεν
950 4801 981 4868 ἡ
1010 4799 1200 4868 πρώτη
1238 4800 1451 4870 κίνησις
1472 4815 1485 4830 ’
1523 4795 1565 4869 ᾦ
1593 4802 1657 4869 δὴ
1692 4818 1783 4871 ση.

204 4895 522 4963 μαινομένῳ
574 4894 672 4961 τῆς
725 4891 903 4961 ἀρχῆς
953 4893 1257 4945 ἀντίκειται
1288 4895 1319 4962 ἡ
1350 4895 1598 4963 τελευτή.
1632 4899 1784 4949 Κατὰ

210 4986 329 5052 (οὖν
358 4986 418 5033 τὸ
441 4981 1122 5049 τοιοῦτονισημαινόμενον
1152 4983 1251 5051 τῆς
1280 4985 1477 5052 ἀρχῆς,
1509 4988 1780 5049 τουτέστι,

206 5079 257 5128 τὸ
294 5076 388 5141 αφ’
418 5069 480 5127 οὗ
513 5074 658 5143 ἀρ’χὴ
688 5074 789 5143 μὲν
819 5074 941 5126 ὁδοῦ
970 5074 1209 5141 λέγεται,
1259 5076 1321 5128 τὸ
1351 5078 1566 5145 πρῶτον
1596 5078 1743 5147 βῆμα
1770 5095 1783 5110 ο

203 5170 345 5238 ἁρχὴ
378 5170 437 5222 δὲ
470 5170 594 5236 νηὸς
622 5167 814 5235 τρόπις
838 5182 850 5195 ·
899 5167 1077 5227 οἰκίας
1117 5166 1367 5234 θεμέλιος
1393 5182 1406 5195 ⁶
1462 5168 1621 5235 λόγου
1656 5186 1787 5238 προ-

204 5265 419 5327 οίμιον·
476 5258 648 5323 φυτοῦ
694 5274 755 5309 τε
803 5257 951 5327 ῥίζα,
995 5261 1088 5309 καὶ
1140 5259 1278 5322 ζώου
1330 5261 1545 5326 καρδία.
1624 5261 1787 5314 Ἀλλὰ

208 5353 378 5405 ταῦτα
414 5352 515 5418 μὲν
538 5349 615 5410 ὡς
647 5349 789 5417 μέρη
834 5348 1228 5418 προηγούμενα
1264 5350 1555 5404 καλοῦνται
1583 5354 1750 5425 ἀρχαί
1773 5370 1785 5383 ·

205 5447 278 5514 μὴ
301 5443 377 5504 ὡς
410 5443 553 5511 μέρη
582 5440 634 5492 δέ
668 5452 681 5465 ’
712 5440 856 5510 ἀρχὴ
910 5443 1007 5509 μὲν
1039 5443 1304 5512 γραμμῆς
1340 5444 1567 5513 σξιγμήο
1604 5447 1790 5515 Γραμ·

206 5539 278 5608 μή
328 5538 373 5589 δ’
406 5534 613 5603 ὁμοίως
647 5535 971 5599 ἐπιφανείας
1004 5538 1146 5607 ἀρχή
1178 5554 1191 5567 ·
1229 5539 1318 5589 καί
1368 5540 1621 5608 σώματος
1662 5543 1787 5591 ἐπι-

205 5634 423 5699 φάνεια.
481 5628 691 5695 Χρόνου
739 5626 797 5678 δὲ
854 5628 1014 5681 πάλιν
1063 5631 1205 5701 ἀρχὴ
1267 5634 1487 5702 τοιαύτη
1542 5636 1600 5684 τὸ

296 5754 319 5785 ³
350 5753 384 5803 2
418 5751 584 5818 Pitys.
620 5746 836 5824 (ξίόςιτ
870 5746 974 5814 28;
1016 5748 1049 5802 ι
1082 5748 1379 5821 Melaphys.
1415 5766 1467 5807 c.
1500 5752 1553 5808 2.

207 5837 379 5880 masc.
414 5816 610 5876 contra
638 5816 880 5871 Manich.

1657 5632 1749 5685 νῦν
1772 5653 1784 5664 ο

1658 5755 1678 5785 ³
1713 5753 1783 5810 De
1822 5754 2033 5824 legibus
2075 5772 2129 5826 p.
2162 5758 2286 5811 767.

1893 4634 2036 4685 runt,
2095 4638 2217 4676 esse
2274 4624 2606 4689 didicimus;
2647 4624 2712 4677 ad
2748 4640 2905 4693 quas,
2942 4637 2995 4678 ut
3024 4628 3319 4693 archetypa
3352 4625 3471 4696 [seu

1891 4713 2247 4786 exemplaria]
2273 4716 2420 4768 omni
2464 4730 2578 4769 avo
2615 4718 2928 4783 antiquiora
2964 4732 3153 4770 omnes
3203 4729 3474 4771 creatum

1893 4810 1962 4861 ab
1988 4809 2235 4861 omnium
2288 4823 2471 4862 rerum
2507 4809 2815 4864 conditrice
2843 4821 2896 4864 et
2946 4810 3133 4864 divina
3190 4814 3509 4864 voluntate,

1896 4900 2150 4969 perlecta:
2179 4908 2234 4953 et
2260 4901 2516 4954 omnibus
2549 4904 2799 4955 numeris
2852 4903 3110 4956 absoluta:
3148 4914 3295 4956 sunt.
3330 4902 3476 4955 Plu:-

1894 5002 2039 5046 terca
2088 4992 2291 5046 dicitur
2344 4992 2674 5062 principium
2704 4992 2747 5061 ⁸,
2787 4994 2863 5055 id,
2911 4995 2977 5049 de
3014 5011 3148 5063 quo,
3212 4997 3313 5062 itoc
3368 5009 3474 5055 est,

1891 5085 2037 5138 unde
2105 5081 2317 5153 primus
2388 5096 2568 5140 motus
2625 5084 2767 5158 [fit],
2835 5088 2922 5141 cui
2986 5096 3117 5141 sane
3172 5089 3479 5157 significatu

1893 5178 2144 5247 principii
2185 5179 2308 5233 linis
2348 5180 2666 5246 opponitur.
2728 5180 2918 5246 Quoad
2954 5181 3054 5234 hoc
3093 5182 3261 5246 igitur
3297 5185 3475 5247 sign,-

1895 5270 2112 5322 licatum
2149 5269 2425 5337 principii,
2457 5270 2561 5324 hoc
2606 5279 2711 5336 est,
2749 5272 2798 5324 id
2830 5270 2898 5325 de
2932 5286 3078 5339 quo,
3134 5274 3232 5325 viae
3274 5273 3479 5340 primi-

1895 5364 2067 5430 pium,
2102 5363 2311 5429 primus
2367 5375 2562 5429 passus
2618 5363 2853 5419 dicitur:
2910 5366 3063 5417 navis
3124 5366 3479 5432 principium,

1895 5451 2124 5514 carina;
2188 5454 2407 5515 domus,
2466 5450 2921 5521 fundamentum;
2980 5455 3267 5519 orationis,
3316 5471 3481 5509 exur-

1895 5546 2080 5609 dittm;
2124 5557 2176 5599 nt
2230 5545 2445 5612 plantae,
2505 5544 2692 5611 radix,
2728 5558 2780 5601 et
2811 5549 3062 5602 animalis
3113 5564 3231 5601 cor.
3270 5549 3331 5602 Et
3369 5552 3482 5601 haec

1895 5638 2138 5703 quidem,
2174 5646 2230 5690 ut
2282 5648 2462 5707 partes
2504 5629 2917 5704 antecedentes,
2976 5640 3240 5709 principia
3286 5640 3481 5694 dicun-

2391 5755 2411 5785 ⁸
2438 5754 2512 5811 De
2550 5760 2896 5828 ltoutonytnia
2935 5760 3189 5829 principii
3226 5760 3345 5814 vide
3380 5762 3480 5813 Da-
