4208 6440
786 402 922 466 1027

1976 396 2404 460 NICEPHOHI
2434 398 2860 458 BLEMMlD/E

3916 408 4052 467 1023

785 523 896 576 tur,
931 519 983 564 at
1040 525 1146 563 non
1177 516 1233 561 ut
1290 515 1470 574 partes
1504 524 1519 572 ;
1554 507 1709 561 lineae
1760 508 1977 576 quidem
2030 508 2356 577 principium

2466 509 2671 576 ὁμοίως
2718 510 2775 562 δέ
2813 511 3079 579 κινήσεως
3117 512 3258 582 ἁρχὴ
3314 513 3374 565 τὸ
3425 514 3758 583 καλούμενον
3818 518 4052 586 κίνημα.

787 615 1071 673 punctum,
1122 604 1362 668 itemque
1391 600 1699 669 superliciei
1740 600 2091 668 principium,
2125 600 2285 663 linea,
2315 613 2364 654 et

781 694 1048 764 corporis,
1074 691 1427 758 superficies;
1457 701 1508 744 et
1541 705 1731 744 rursus
1751 691 1856 745 tale
1885 692 2142 759 temporis
2170 693 2369 760 princi-

784 787 954 852 ιιίιιιιι,
988 796 1131 834 nunc
1169 780 1285 846 (seu
1320 784 1700 845 momentum),
1735 788 1788 832 et
1817 779 1981 832 simili
2009 779 2220 832 ratione
2255 793 2367 832 mo-

781 881 868 928 tus
905 869 1413 942 principium,quod
1445 868 1656 923 cinema
1679 869 1700 901 '
1722 873 1838 938 (seu
1873 870 2191 925 mutationis
2210 886 2370 939 punc-

783 973 953 1033 tum),
987 975 1227 1019 vocatur.
1268 963 1454 1016 Omnis
1508 971 1692 1016 autem
1734 963 2004 1027 continui,
2030 963 2185 1018 lineae
2218 967 2365 1019 vide-

781 1061 923 1122 ιίι-ρι,
949 1057 1276 1128 superfirici,
1302 1065 1357 1110 et
1380 1055 1649 1123 corporis,
1672 1057 1931 1124 temporis
1959 1056 2086 1109 item
2106 1066 2160 1109 et
2192 1068 2368 1112 motus

778 1153 975 1222 duplex
995 1165 1117 1207 esse
1135 1148 1461 1219 principium
1493 1145 2070 1215 vi:letur.Principium
2106 1148 2253 1203 enim
2285 1161 2369 1206 est

775 1247 831 1316 6
855 1256 909 1300 et
946 1243 1271 1298 antecedens
1300 1257 1424 1310 pars
1455 1241 1700 1296 coutinut
1733 1241 1774 1306 ',
1811 1255 1932 1309 quae
1965 1242 2128 1295 etiam
2158 1242 2366 1296 infinita

776 1350 879 1402 est,
919 1347 1205 1406 pmpterea
1234 1336 1376 1404 quod
1427 1343 1693 1402 potestate
1747 1333 1800 1386 in
1854 1334 2127 1388 infinitum
2189 1337 2367 1405 possit

784 1432 977 1485 dividi.
1014 1430 1227 1484 Rursus
1256 1443 1380 1480 vero
1407 1426 1736 1497 principium
1778 1434 1860 1480 est
1905 1426 2069 1479 etiam
2105 1427 2182 1491 id,
2222 1431 2365 1497 quod

776 1538 876 1578 nec
905 1533 964 1577 ut
984 1537 1128 1590 pars.
1155 1535 1253 1575 nec
1277 1535 1430 1588 mque
1452 1533 1517 1573 ac
1545 1527 1716 1573 totum
1741 1528 1846 1582 est,
1871 1527 1928 1572 ut
1955 1529 2110 1572 antea
2138 1521 2365 1576 dictum.

774 1617 943 1682 Quale
979 1629 1105 1666 vero
1156 1611 1400 1665 continui
1441 1620 1524 1664 cst
1581 1611 1956 1678 principium,
2008 1611 2172 1664 talem
2203 1613 2364 1664 etiam

774 1706 1128 1758 conveniente
1191 1704 1352 1754 modo
1428 1702 1588 1754 finem
1650 1709 1863 1767 oportet
1936 1700 2132 1770 accipi.
2191 1701 2361 1756 Veluti

775 1798 928 1850 liuere
963 1795 1314 1863 principium,
1342 1802 1424 1846 est
1481 1801 1742 1854 punctum
1772 1806 1783 1841 :
1822 1801 1875 1842 et
1901 1791 2022 1843 finis
2050 1793 2201 1857 item,
2232 1808 2365 1859 pun-

2481 602 2663 655 Ἕοικε
2720 603 2767 656 δ’
2809 603 2954 673 ἁρχὴ
3003 605 3203 667 παντὸς
3261 607 3518 675 συνεχοῦς
3552 609 3821 678 ὑπάρχειν
3862 609 4051 678 διττή·

2473 695 2738 764 γραμμῆς
2789 695 3034 764 δηλονότι
3096 698 3190 749 καὶ
3238 698 3563 765 ἐπιφανεὶας
3614 700 3707 753 καὶ
3761 701 4047 770 σώματος,

2474 785 2670 854 χρόνον
2696 805 2752 840 τε
2779 787 2872 841 καὶ
2895 789 3185 857 κινήσεως.
3224 791 3378 844 Ἐστι
3415 793 3514 861 μὲν
3543 793 3652 862 γὰρ
3682 793 3825 864 ἀρχὴ
3860 797 3958 847 καὶ
3989 800 4050 849 si.

2476 880 2888 947 προηγούμενον
2923 880 3093 949 μέρος
3125 880 3219 934 τοῦ
3251 883 3532 952 συνεχοῦς,
3565 885 3703 949 ὅπερ
3751 888 3849 938 καὶ
3894 885 4052 954 ἀόρι-

2476 971 2598 1022 στόν
2627 974 2762 1039 ἐστι,
2793 975 2879 1028 διὰ
2926 977 2987 1028 τὸ
3013 978 3111 1029 ἐπ’
3136 980 3365 1047 ἄπειρον
3394 976 3533 1033 εἶναι
3564 981 3794 1050 δυνάμει
3843 982 4056 1050 διαιρε-

2471 1064 2587 1120 τόν.
2624 1065 2784 1119 Ἔστι
2819 1067 2877 1120 δὲ
2905 1067 3067 1121 πάλιν
3096 1069 3240 1140 ἀρχὴ
3285 1071 3438 1142 καὶή
3473 1072 3546 1143 μὴ
3593 1074 3668 1137 ὡς
3704 1075 3890 1142 μέρος,
3931 1075 4056 1141 μηδ’

2473 1157 2633 1223 ὁμοῖα
2686 1159 2765 1226 τῷ
2825 1161 2951 1230 ὅλῳ,
3005 1161 3261 1230 καθάπερ
3309 1165 3659 1235 προείρηται.
3703 1167 3901 1220 Ὀποία
3938 1169 3982 1220 δ’
4023 1172 4055 1238 ἡ

2472 1250 2614 1318 ἀρχὴ
2649 1251 2742 1303 τοῦ
2778 1253 3056 1322 συνεχοῦς.
3084 1254 3330 1309 τοιοῦτον
3365 1257 3472 1327 χρη
3507 1259 3599 1310 καὶ
3628 1259 3688 1310 τὸ
3717 1261 3894 1328 πέρας
3917 1277 4056 1312 κατ-

2473 1341 2718 1410 αλλήλως
2755 1343 3173 1412 λαμϐάνεσθαι·
3204 1344 3317 1401 οἷον
3363 1351 3394 1417 ή
3447 1350 3546 1420 τῆς
3596 1353 3866 1420 γραμμῆς
3908 1354 4056 1421 ἀρχὴ

2474 1438 2700 1502 σημεῖον
2727 1453 2741 1466 ·
2781 1439 2874 1490 καὶ
2924 1439 2982 1490 τὸ
3028 1440 3202 1508 πέρας
3235 1442 3476 1509 σημεῖον.
3512 1442 3574 1493 Ei
3601 1444 3656 1495 δὲ
3688 1443 3749 1495 τὸ
3776 1444 4056 1511 προηγού-

2477 1541 2637 1592 μενον
2670 1526 2835 1594 μέρος
2876 1528 2977 1596 τῆς
3023 1530 3290 1599 γραμμῆς
3326 1532 3398 1592 ὡς
3433 1532 3574 1602 ἀρχὴ
3601 1533 3808 1603 ταύτης
3836 1533 4058 1603 iuped-

2471 1634 2633 1684 νοιτο,
2672 1621 2767 1675 καὶ
2797 1622 2855 1672 τὸ
2888 1622 3195 1676 τελευταῖον
3219 1625 3385 1694 μέρος
3416 1627 3512 1694 τῆς
3543 1631 3812 1696 γραμμῆς
3847 1629 4057 1690 (bc-1:5-

2473 1725 2572 1774 ρας
2604 1712 2805 1782 ταύτης
2830 1713 3148 1783 λαμϐάνοιτ’
3169 1718 3254 1771 ἄν.
3281 1718 3383 1769 Τιὶν
3413 1718 3573 1771 αὑτὸν
3597 1719 3880 1788 δὲτρόπον
3911 1723 4052 1774 κάπὶ

2473 1803 2674 1865 παντὸς
2705 1806 2985 1875 συνεχοῦς.

774 1902 916 1943 clum
954 1900 1056 1942 cst.
1090 1886 1183 1940 Sin
1204 1893 1382 1937 autem
1414 1883 1743 1938 antecedens
1777 1883 1932 1936 lineae
1963 1898 2110 1952 pars,
2139 1887 2539 1956 utpriux-ipiuni
2577 1894 2724 1951 illius
2750 1907 3037 1952 sumatur:
3076 1901 3264 1953 ultima
3326 1902 3488 1955 etiam
3560 1917 3687 1970 pars
3727 1905 3906 1968 lineae,
3994 1919 4052 1960 ut

775 1983 897 2036 linis
940 1982 1083 2035 illius
1111 1981 1428 2049 accipietur.
1461 1979 1638 2045 Atque
1689 1978 1880 2031 eodem
1920 1977 2080 2030 modo
2109 1979 2160 2029 in
2189 1983 2339 2035 omni
2383 1989 2651 2040 continuo
2687 2005 2775 2044 res
2819 2006 2880 2045 se
2905 1979 3089 2046 habet.

843 2077 894 2129 Α.
935 2077 1156 2144 Insuper
1191 2076 1387 2128 dicitur
1437 2075 1702 2142 cujusque
1738 2077 1811 2126 rei
1873 2073 2087 2128 ratione
2128 2084 2329 2144 letlipo-

2519 2083 2579 2135 δ’.
2617 2087 2736 2138 Ἔτι
2788 2088 3006 2156 λέγεται
3061 2095 3158 2162 τῆς
3204 2094 3345 2146 κατὰ
3377 2094 3565 2162 χρόνον
3612 2095 3848 2148 ἑκάστου
3884 2099 4048 2163 γενέ-

774 2171 848 2221 vis
873 2166 1198 2236 principium
1227 2166 1616 2234 generationis,
1655 2168 1832 2230 ipsum
1864 2177 2077 2233 tempus
2108 2183 2218 2235 quo
2255 2182 2338 2222 res

773 2262 1005 2329 primum
1068 2258 1199 2310 oriri
1237 2257 1438 2327 etrapit;
1486 2255 1630 2327 quod
1687 2257 1808 2312 ideo
1857 2256 2084 2312 definire
2119 2275 2225 2313 non
2271 2271 2354 2315 cst

772 2354 949 2413 facile.
983 2352 1108 2420 quia
1149 2350 1356 2420 quaevis
1403 2365 1527 2419 pars
1577 2349 1868 2418 cujuslibet
1903 2352 2145 2405 continui
2204 2365 2355 2421 pote-

773 2456 913 2500 stale
947 2446 997 2497 in
1030 2443 1300 2499 infinitum
1333 2441 1616 2496 dividitur.

931 2538 1024 2591 llis
1047 2538 1117 2590 ita
1155 2535 1430 2590 distinctis
1467 2535 1789 2605 inquirenda
1830 2537 1942 2606 jam
1992 2550 2121 2594 sunt
2147 2542 2352 2610 princi-

775 2631 858 2697 pia
890 2642 944 2683 et
968 2644 1145 2684 causae
1176 2643 1464 2697 corporum
1494 2630 1829 2682 naturalium
1851 2647 1914 2683 ex
1947 2632 2151 2701 quibus
2179 2636 2354 2702 primo

773 2737 887 2775 orta
924 2734 1072 2782 sunt,
1105 2722 1241 2774 etin
1289 2735 1410 2789 quae
1449 2730 1726 2789 postremo
1781 2723 1976 2776 iterum
2040 2729 2353 2781 dissolvun-

774 2827 862 2867 tur
897 2816 934 2869 ⁷.
968 2815 1232 2880 Quoniam
1297 2813 1459 2882 igitur
1505 2815 1651 2882 quod
1713 2825 2044 2883 generatur,
2116 2835 2220 2873 noii
2287 2837 2354 2876 ex

775 2906 1038 2970 ιιιιιὶιίῦοῑ,
1080 2905 1172 2959 sed
1202 2919 1266 2957 ex
1286 2904 1564 2958 contrario
1595 2916 1913 2974 generatur;
1952 2923 2049 2962 nec
2085 2910 2135 2960 in
2173 2911 2353 2978 quod.

775 3003 943 3060 iiLet,
1001 2999 1094 3052 sed
1160 2999 1215 3052 in
1272 2997 1609 3051 contrarium
1668 3000 2034 3068 corrumpitur
2101 3003 2349 3070 (eximpli

774 3093 966 3159 pratia,
999 3107 1061 3144 ex
1101 3090 1389 3144 imniusico
1419 3105 1515 3143 seu
1551 3104 1616 3144 eo
1647 3091 1791 3159 quod
1841 3093 2044 3146 musica
2075 3094 2348 3159 privatum

771 3198 872 3248 νει,
912 3185 967 3236 iit
998 3183 1302 3243 musicum;
1329 3193 1382 3234 et
1416 3195 1609 3234 rursus
1642 3181 1693 3234 in
1727 3181 2075 3236 immusicum
2116 3185 2349 3252 interit),

771 3292 891 3343 qua:
937 3276 1115 3343 prima
1144 3274 1194 3342 ’1
1236 3283 1289 3326 et
1328 3287 1585 3340 suprema
1633 3288 1699 3325 ex
1761 3275 2054 3328 contrariis
2119 3279 2347 3344 COgilul'j

772 3376 1036 3436 μυεειιηι;
1070 3379 1360 3434 corporum
1389 3366 1553 3417 etiam
1597 3366 1938 3433 generationi
1972 3367 2346 3435 subjectorum

769 3556 1015 3604 omnium
1047 3549 1448 3602 contrariorum
1476 3550 1778 3617 cogitantur
1804 3551 1977 3605 forma
2009 3561 2062 3606 et
2099 3554 2350 3622 privatio.

772 3643 1000 3696 Proinde
1043 3643 1160 3693 ιιςιεο
1202 3639 1527 3692 naturalium
1586 3642 1925 3712 (corporum)
1995 3644 2179 3712 prima
2226 3656 2354 3699 sunt

771 3735 1058 3805 principia.
1121 3732 1573 3800 Quandoquidem
1637 3745 1820 3787 autem
1864 3737 2141 3790 contraria
2181 3753 2210 3790 e
2254 3754 2351 3791 nn-

771 3847 920 3883 niero
966 3841 1150 3882 eorum
1191 3839 1312 3894 quae
1353 3825 1404 3876 in
1459 3824 1706 3892 subjecto
1745 3835 1923 3890 sunt,
1971 3842 2095 3883 esse
2149 3844 2353 3898 cogno-

768 3929 1029 3985 scuntur;
1056 3927 1110 3971 et
1146 3931 1271 3970 cum
1335 3915 1561 3985 quidem
1622 3932 1718 3986 per
1771 3934 1830 3973 se
1871 3929 2002 3974 sunt
2032 3958 2046 3981 ,
2078 3923 2188 3989 pati
2227 3939 2254 3976 a
2296 3939 2354 3978 se

767 4015 1001 4091 invicem
1033 4012 1280 4078 ailicique
1331 4025 1434 4066 non
1498 4021 1722 4079 possunt
1755 4028 1772 4066 :
1805 4014 2039 4082 (oportet
2074 4014 2217 4067 enim
2256 4030 2352 4083 pa-

774 4111 915 4162 tiens
957 4106 1283 4159 remanendo
1310 4108 1441 4175 pati,
1472 4107 1746 4161 contraria
1783 4116 1964 4159 autem
2015 4122 2074 4160 se
2121 4107 2350 4161 invicem

768 4195 871 4248 mm
899 4196 1206 4261 sustinent;
1236 4197 1328 4250 sed
1365 4198 1417 4247 in
1464 4197 1715 4265 subjecto
1740 4197 1792 4248 in
1832 4210 1890 4248 se
1923 4195 2152 4249 invicem
2183 4212 2340 4265 agere

769 4297 1016 4354 pinsunt.
1049 4285 1261 4338 Etenim
1296 4287 1645 4340 immusicum
1677 4297 1732 4340 et
1770 4288 2044 4341 musicum
2076 4289 2118 4340 si
2153 4304 2245 4356 per
2290 4304 2348 4341 se

769 4382 898 4443 sint,
926 4399 951 4431 ιι
985 4396 1042 4433 se
1096 4380 1328 4432 invicem
1360 4381 1467 4447 pati
1503 4395 1610 4433 non
1667 4390 1917 4448 possunt,
1955 4381 2058 4434 nisi
2087 4382 2139 4432 in
2174 4382 2350 4448 subje-

764 4485 869 4532 σιιο.
903 4474 953 4524 in
985 4471 1229 4534 Socrate,
1269 4472 1413 4524 verni
1440 4485 1628 4534 causa,
1685 4471 1767 4525 vel
1827 4470 2051 4524 Platone
2093 4469 2345 4541 fuerint.)

765 4562 998 4616 Proinde
1026 4573 1172 4614 certe
1207 4569 1261 4613 ct
1288 4561 1461 4614 forma
1514 4571 1568 4614 et
1617 4562 1850 4626 privatio
1901 4561 2155 4630 subjecto
2206 4581 2344 4632 quo-

765 4660 884 4706 ιιιιιιι
919 4670 1056 4720 opus
1114 4653 1335 4714 habent,
1373 4652 1426 4705 in
1457 4668 1565 4721 quo
1597 4653 1762 4706 etiam
1796 4654 1913 4722 ipsa
1943 4669 2103 4722 agere
2132 4658 2345 4723 pOSsint

2463 2193 2601 2238 σεως
2643 2179 2788 2250 ἀρχὴ
2822 2183 2984 2247 αὐτὸς
3014 2187 3043 2236 6
3070 2186 3259 2255 χρόνος
3297 2188 3356 2240 ἐν
3382 2181 3425 2253 ᾧ
3453 2189 3513 2240 τὸ
3542 2190 3775 2259 πρᾶγμα
3809 2189 4048 2258 πρώτως

2459 2269 2664 2338 ἠρξατο
2685 2289 2696 2302 ·
2726 2274 2786 2326 ὃν
2809 2275 2917 2327 οὐδ’
2940 2275 3120 2345 ὁρίσαι
3157 2281 3339 2349 ῥᾴδιον
3370 2281 3458 2332 διὰ
3493 2283 3554 2332 τὺ
3577 2283 3665 2334 ἐπ’
3695 2285 3929 2355 ἄπειρον
3964 2286 4048 2338 δι·

2458 2364 2728 2432 αιρεῖσθαι
2760 2365 2992 2437 δυνάμει
3017 2374 3122 2429 πᾶν
3157 2375 3323 2441 μέρος
3351 2374 3549 2434 παντὸς
3578 2373 3862 2443 συνεχοῦς.

2529 2554 2585 2599 ε’.
2617 2547 2836 2601 Τούτων
2873 2550 3016 2602 οὕτω
3047 2551 3506 2622 διακεκριμένων,
3535 2554 3796 2623 ζητητέον
3817 2557 3918 2626 ἥδη
3944 2560 4043 2622 τὰς

2459 2640 2632 2708 ἀρχὰς
2673 2644 2765 2693 καὶ
2813 2644 2880 2695 τὰ
2929 2643 3078 2696 uitta
3117 2645 3225 2698 τῶν
3259 2647 3506 2713 φυσικῶν
3541 2651 3836 2718 σωμάτων,
3871 2650 3932 2716 ἐξ
3966 2645 4043 2704 ὧν

2459 2733 2694 2801 πρώτως
2724 2738 3002 2804 γεγόνασι,
3060 2739 3154 2791 καὶ
3205 2743 3283 2802 είς
3314 2739 3348 2793 ἃ
3379 2741 3624 2811 ἐσχάτως
3663 2744 3799 2796 αὐτὰ
3874 2745 4045 2797 πάλιν

2457 2823 2783 2880 διαλύονται.
2836 2829 2991 2880 Ἐπεὶ
3028 2829 3208 2882 τοίνυν
3255 2831 3313 2882 τὸ
3353 2832 3639 2900 γινόμενον
3679 2834 3776 2885 οὐκ
3826 2836 3892 2887 ἐκ
3945 2835 4044 2889 τοῦ

2458 2912 2728 2985 τυχόντος,
2764 2917 2876 2969 αὶϊ
2906 2921 2964 2971 ἐκ
3005 2922 3100 2974 τοῦ
3158 2924 3403 2975 ἐναντίου
3430 2925 3657 2992 γίνεται,
3689 2927 3784 2977 καὶ
3828 2928 3932 2980 οὑκ
3962 2929 4046 2991 εἰς

2457 3009 2516 3058 τὸ
2546 3011 2731 3077 τυχὸν,
2765 3010 2876 3061 ἀλλ’
2912 3014 2991 3073 εἰς
3026 3015 3340 3066 τούναντίον
3374 3015 3660 3085 φθείρεται
3683 3011 3816 3083 (οἷον
3846 3020 3912 3071 ἐκ
3944 3020 4041 3090 τοᾷ

2458 3100 2703 3163 ἀμούσου
2727 3103 2934 3167 γίνεται
2967 3107 3028 3158 τὸ
3055 3111 3337 3174 μουσικὸν,
3364 3110 3455 3160 καὶ
3484 3111 3645 3163 πάλιν
3663 3114 3742 3175 εἰς
3769 3115 3831 3164 τὸ
3864 3115 4046 3181 ἄμου-

2459 3208 2549 3241 σον
2585 3192 2892 3263 φθείρεται)
2919 3211 2931 3224 ⁸
2977 3198 3042 3249 τὰ
3084 3199 3275 3268 πρῶτα
3307 3200 3401 3250 καὶ
3435 3203 3698 3255 ἀνωτάτω
3740 3205 3855 3256 τῶν
3888 3207 4044 3258 ἐναν-

2458 3285 2588 3333 τίων
2609 3287 2979 3356 ἐπινοούμενα
3003 3284 3113 3341 εἷεν
3138 3292 3204 3342 ἂν
3238 3292 3348 3343 τῶν
3383 3293 3484 3345 ὑπὸ
3507 3297 3725 3360 γένεσιν
3760 3299 4041 3366 σωμάτων

2407 3429 2419 3445 η
2459 3375 2671 3439 πρῶται
2711 3380 2913 3445 ἀρχαί·
2965 3380 3162 3445 τρῶτα
3201 3383 3254 3434 δὲ
3297 3383 3394 3436 καὶ
3453 3388 3716 3441 ἀνωτάτω
3772 3391 4044 3445 ἐναντίων

772 3399 996 3436 Fuga..."
1022 3406 1036 3431 ’
1070 3399 1360 3434 υιιγυιιιιιι
1389 3399 1553 3417 una":
1597 3399 1938 3433 διιιῐριαιιυιιι
1972 3399 2346 3435 δυυμῑιιυιιηιι
2407 3429 2419 3445 ‘
2459 3399 2671 3439 πρωται
2711 3399 2913 3447 αρχαι·
2967 3399 3042 3450 τρ

772 3462 942 3530 prima
973 3458 1176 3513 fuerint
1218 3458 1509 3527 principia.
1566 3458 1747 3512 Prima
1792 3472 1975 3513 autem
2013 3470 2069 3514 et
2099 3478 2348 3531 suprema
2382 3431 2421 3480 ι’
2463 3469 2715 3519 ἁπάντων
2748 3474 3042 3525 ἐπινοεῖται

2463 3469 2715 3519 ἁπάντων
2748 3474 3045 3525 ἐπινοεῖται
3097 3477 3154 3526 τὸ
3188 3473 3326 3538 εἶδος
3369 3479 3461 3527 καὶ
3504 3480 3534 3546 ἠ
3587 3481 3866 3548 στέρησις.
3912 3486 4042 3552 ’Δρ-

2459 3561 2549 3627 χαὶ
2593 3562 2706 3628 ἄρα
2752 3563 2969 3632 πρῶται
3011 3565 3183 3619 ταῦτα
3239 3567 3350 3619 τῶν
3409 3571 3672 3634 φυσικῶν.
3710 3573 3858 3625 Ἀλλ’
3916 3577 4042 3629 ἐπεὶ

2457 3653 2715 3706 τάναντία
2760 3656 2870 3708 τῶν
2910 3659 2968 3708 ἐν
3004 3659 3349 3728 ὑποκειμένῳ
3383 3661 3734 3728 γινώσκεται,
3782 3667 3881 3717 καὶ
3915 3667 4042 3720 καθ’

2455 3745 2624 3796 ἑαυτὰ
2682 3745 2781 3812 μὲν
2835 3745 2964 3800 ὄντα
2999 3750 3238 3826 ,πάσχειν
3294 3753 3393 3804 ὑπ’
3421 3753 3670 3822 ἀλλήλων
3712 3756 3776 3808 οὐ
3804 3757 4039 3812 δύναται

2460 3837 2560 3904 (δεῖ
2593 3838 2688 3906 μὲν
2717 3839 2824 3906 γὰρ
2854 3841 2914 3892 τὸ
2931 3842 3137 3910 πάσχον
3169 3843 3438 3913 ὑπομένον
3463 3848 3715 3916 πάσχειν.
3750 3850 4035 3904 Ταναντία

2455 3926 2498 3977 δ’
2523 3928 2618 3994 οὐχ
2651 3925 3018 3995 ὑπομένουσιν
3045 3932 3247 4002 ἄλληλα
3269 3952 3282 3965 ·
3327 3932 3391 3987 ’ἐν
3417 3935 3767 4008 ὑποκειμένῳ
3805 3940 3867 3992 δὲ
3901 3943 4039 4013 δρᾷν

2457 4023 2530 4081 εἰς
2559 4020 2764 4090 ἄλληλα
2780 4022 3026 4077 δύναται.
3050 4026 3124 4078 Ti)
3151 4027 3260 4097 γὰρ
3283 4027 3525 4097 ἄμουσον
3545 4033 3641 4083 καὶ
3678 4033 3739 4083 τὸ
3766 4015 4038 4102 μουσικδν

2455 4112 2514 4162 οὑ
2544 4112 2763 4166 δύναται
2801 4115 3032 4186 πάσχειν
3065 4119 3156 4172 ὑπ’
3197 4121 3443 4190 ἀλλήλων
3472 4123 3602 4175 ὄντα
3629 4125 3753 4176 καθ’
3780 4129 3952 4189 αὑτὰ,
3991 4132 4040 4182 εί

2452 4205 2532 4272 ’μὴ
2560 4205 2618 4255 ἐν
2650 4205 2994 4278 ὑποκειμένῳ
3020 4210 3102 4281 εἴη
3132 4212 3206 4279 τῷ
3232 4213 3511 4281 Σωκράτει
3537 4215 3701 4284 τυχὸν
3729 4218 3763 4287 ἢ
3787 4219 3868 4287 τῷ
3895 4221 4042 4274 Πλά-

2453 4294 2642 4364 τωνι)’
2679 4297 2760 4350 δεῖ
2820 4300 2911 4353 καὶ
2968 4299 3043 4368 τῷ
3086 4302 3214 4354 εῖδει
3269 4303 3358 4356 καὶ
3405 4307 3470 4372 τῇ
3522 4309 3780 4375 στερήσει
3812 4314 4041 4375 πάντως

2455 4389 2820 4458 ὑποκειμένου
2864 4391 3009 4455 τινὸς
3039 4396 3097 4446 ἐν
3127 4387 3172 4462 ᾦ
3206 4398 3297 4447 καὶ
3335 4397 3468 4466 δρᾷν
3514 4400 3592 4460 είς
3623 4398 3830 4466 ἄλληλα
3858 4403 4039 4456 ταῦτα

2451 4483 2715 4536 δύναιντο.
2747 4485 2837 4554 Μὴ
2870 4485 2930 4537 ὃν
2960 4487 3068 4556 γὰρ
3103 4489 3484 4556 ἀντικείμενον
3530 4492 3591 4544 τὸ
3642 4492 4039 4562 ὑποκείμενον,

2450 4575 2710 4642 ἑκάτερον
2744 4577 2851 4629 τῶν
2893 4578 3287 4646 ἀντικειμένων
3346 4583 3628 4650 ὑπομενεῖ.
3665 4583 3842 4636 Τοῦτο
3881 4587 3927 4638 δ’
3967 4588 4039 4641 ἂν

2449 4665 2536 4733 εἴη
2597 4667 2656 4718 τὸ
2715 4667 3100 4736 ὑποκείμενον,
3135 4675 3167 4740 ἡ
3225 4674 3463 4735 ἀνείδεος
3518 4673 3618 4742 ὕλη
3663 4676 3758 4727 καὶ
3808 4677 4034 4743 ἄποιος,

767 4749 821 4798 in
862 4761 919 4797 se
958 4744 1211 4797 invicem.
1282 4743 1602 4812 Subjectum
1659 4746 1805 4799 enim
1834 4744 1855 4775 '
1884 4749 2030 4813 quod
2089 4762 2194 4799 non
2257 4759 2342 4802 est

2456 4756 2666 4824 πρῶτον
2693 4758 3052 4828 ὑποκείμενον
3082 4763 3177 4824 τὰς
3201 4763 3426 4832 πρώτας
3455 4765 3866 4833 ἀντικειμένοις
3895 4784 4038 4821 κατ-

761 4839 1090 4906 npposituui,
1128 4848 1418 4907 utrumque
1451 4849 1629 4891 tamen
1665 4839 2038 4907 oppositorum
2097 4841 2337 4896 sustine-

765 4932 858 4980 bit.
903 4926 1013 4980 lloc
1037 4937 1214 4981 autem
1250 4929 1557 4994 subjectum
1603 4927 1767 4994 fuerit
1797 4927 2050 4984 informis
2079 4939 2133 4984 et
2159 4932 2336 5000 quali-

763 5019 889 5072 tatis
941 5032 1135 5085 expers
1191 5020 1443 5081 materia,
1495 5019 1731 5087 primum
1766 5018 2074 5088 subjectum
2143 5022 2334 5089 primis

760 5109 1052 5162 contrariis
1117 5110 1472 5165 conveniens.
1555 5109 1682 5162 Tria
1761 5109 1925 5180 igitur
1996 5113 2329 5166 naturalium

762 5203 1098 5270 (corporum)
1155 5204 1522 5272 generationis
1577 5203 1755 5272 prima
1821 5211 1950 5257 sunt
2001 5205 2272 5273 principia
2318 5223 2330 5258 :

762 5294 952 5357 forma,
993 5297 1238 5363 privatio,
1265 5305 1318 5349 et
1343 5297 1588 5350 materia.
1627 5295 1825 5350 Verum
1863 5308 2042 5350 tamen
2072 5297 2128 5366 Β
2163 5299 2334 5352 forma

759 5389 974 5455 quidem
1003 5398 1055 5441 et
1083 5390 1305 5442 materia
1335 5405 1428 5458 per
1467 5405 1525 5444 se
1593 5389 1974 5456 intelliguntur
2005 5405 2128 5444 esse
2183 5392 2338 5459 prin-

759 5479 896 5545 cipia
924 5481 981 5542 °;
1015 5480 1138 5549 quia
1171 5483 1390 5534 materia
1425 5480 1612 5536 formae
1657 5480 1981 5550 subjicitur,
2029 5497 2135 5536 non
2169 5498 2339 5551 oppo-

759 5572 904 5622 tiiiul'
932 5572 1016 5639 ci;
1076 5588 1185 5640 quo
1231 5576 1451 5628 nomine
1507 5575 1673 5628 etiam
1744 5575 2119 5630 advenientem
2159 5576 2331 5645 ipsam

760 5665 989 5718 sustinet
1019 5665 1097 5718 vel
1133 5671 1309 5734 potius
1339 5667 1512 5736 ipsam
1570 5665 1811 5735 appetit;
1857 5667 2087 5736 privatio
2151 5676 2329 5721 autem

882 5783 996 5834 Lib.
1037 5781 1203 5844 Cale:
1255 5801 1301 5836 ο.
1337 5785 1387 5840 6.
1421 5799 1466 5834 s.
1496 5783 1550 5836 2.

759 5849 1040 5916 53-UU,63,

1650 5789 1669 5814 '
1698 5783 1857 5854 I'liys.
1897 5800 1944 5836 c.
1986 5785 2053 5845 l,
2086 5795 2194 5838 lex.
2235 5784 2320 5845 15.
2362 5787 2452 5842 23.

1121 5855 1139 5884 ⁹
1176 5858 1191 5906 l
1228 5856 1384 5923 Pbys.
1425 5853 1476 5908 7.
1524 5866 1560 5908 t.
1598 5855 1758 5908 56.57
1783 5853 1806 5919 ές
1838 5855 1859 5907 1
1897 5855 2063 5924 Phys.
2096 5871 2144 5910 ε.
2186 5855 2241 5914 8,
2274 5865 2314 5909 t.
2347 5860 2436 5911 fit.

2446 4848 2696 4914 ἁλληλον,
2724 4853 2873 4919 τρεῖς
2916 4853 3023 4921 ἄρα
3070 4855 3178 4906 τῶν
3213 4856 3460 4922 φυσικῶν
3506 4858 3562 4908 αῖ
3617 4859 3715 4926 τῆς
3757 4861 4035 4925 γενέσεως

2445 4940 2657 5006 πρῶται
2719 4942 2922 5011 ἀρχαί·
2977 4945 3039 4997 τὸ
3088 4943 3252 5010 εἶδος,
3303 4950 3335 5017 η
3392 4950 3651 5017 στέρησις
3683 4950 3777 5002 καὶ
3820 4953 3854 5020 ή
3900 4952 4030 5020 ὕλη.

2456 5033 2616 5086 Ἀλλὰ
2659 5036 2722 5086 τὸ
2761 5038 2860 5104 μὲν
2914 5033 3052 5101 εἶδος
3083 5041 3178 5092 καὶ
3219 5042 3253 5108 ἡ
3296 5040 3397 5111 ὕλη
3435 5041 3558 5095 καθ’
3588 5043 3732 5094 αὑτὰ
3770 5044 4031 5097 νοοῦνται

2441 5128 2633 5195 ἁρχαὶ,
2669 5129 2754 5181 διὰ
2787 5131 2849 5182 τὸ
2879 5131 2976 5199 τὴν
3009 5131 3141 5201 ὓλην
3171 5133 3593 5202 ὑποκεῖσθαιτῷ
3618 5135 3769 5199 εῖδει,
3805 5138 3904 5188 καὶ
3929 5137 4034 5189 ἀνι

2444 5221 2711 5274 τικεῖσοαι
2735 5223 2905 5292 αὐτῷ.
2942 5226 3030 5276 Διὸ
3074 5227 3166 5277 καὶ
3202 5226 3462 5293 ὑπομένει
3484 5228 3712 5294 προσιὸν
3740 5228 3897 5291 αὑτὸ,
3926 5230 4028 5279 καὶ

2446 5312 2656 5379 ἐφίεται
2687 5315 2890 5383 μᾶλλον
2928 5317 3117 5369 αὑτοῦ.
3170 5317 3233 5369 Ἦ
3272 5318 3326 5368 δέ
3353 5319 3627 5388 στέρησις.
3659 5319 4026 5390 ἀντικειμένη

2447 5400 2871 5465 καὶ-ἀσὺνακτος
2905 5404 3035 5457 οὖσα
3076 5406 3212 5474 πρὸς
3256 5408 3315 5458 τὸ
3342 5401 3505 5470 εἶδος,
3536 5407 3815 5472 ἐξίσταται
3839 5410 4026 5463 ἐσιόν-

2443 5507 2530 5551 τος
2561 5493 2744 5547 αὑτοῦ.
2779 5495 2942 5549 Ὅθεν
2966 5498 3058 5548 καί
3086 5500 3225 5550 κατὰ
3256 5499 3604 5570 συμϐεϐηκὸς
3638 5502 3784 5571 ἁρχὴ
3811 5506 4025 5557 νοεῖται

2443 5584 2475 5651 ἡ
2510 5585 2792 5655 στέρησις,
2824 5589 2899 5652 ὼς
2935 5591 3096 5660 μόνον
3131 5594 3565 5662 προϋπάρχουσα
3595 5597 3694 5664 τῆς
3721 5595 4022 5662 γενέσεως.

2443 5676 2517 5727 Οὐ
2545 5677 2653 5746 γὰρ
2677 5679 2740 5732 ἂν
2775 5682 2949 5734 ἔσοιτο
2974 5684 3186 5751 γένεσις
3218 5683 3290 5752 μὴ
3321 5684 3487 5754 οὔσης
3510 5686 3818 5756 στερήσεως
3841 5702 3855 5718 ·
3896 5689 4029 5743 ἐπεὶ

2534 5795 2551 5824 ⁷
2585 5794 2746 5864 Phys.
2782 5813 2830 5852 c.
2871 5798 2922 5863 6,
2957 5809 2995 5852 t.
3026 5800 3116 5864 ιι,
3151 5801 3237 5866 45,
3267 5802 3354 5864 Η,
3380 5802 3467 5857 ΓΙ.
3545 5803 3566 5833 ⁸
3597 5803 3762 5871 Phys.
3799 5816 3854 5856 c.
3887 5801 3946 5866 7,
3977 5813 4024 5856 ι.
