4208 6440
191 432 327 495 1057

1429 421 1768 483 EPITOME
1802 418 1897 479 ῘἸ]
1912 419 2143 480 ι’ςιιῖςι.

3303 425 3439 487 1058

259 556 349 615 ιγ’.
385 547 603 597 Τούτων
630 546 771 597 οὕτω
794 544 1171 611 διωρισμένων
1205 541 1311 611 χρὴ
1338 543 1631 606 γινώσκειν
1666 542 1749 591 ὅτι

1930 537 2018 587 15.
2063 534 2158 588 llis
2212 536 2285 587 ita
2336 535 2719 591 determinatis
2772 538 3053 592 sciendum
3108 549 3188 591 est
3233 555 3438 593 remot

184 636 405 701 λέγεται
434 635 490 683 τὸ
529 634 760 701 πρᾶγμα
795 636 886 683 καὶ
921 634 1060 684 κατὰ
1091 633 1187 700 τὴν
1217 631 1451 695 δύναμιν
1502 632 1757 695 δυνάμει,

187 730 281 780 καὶ
307 728 444 779 κατὰ
472 728 568 793 τὴν
608 725 893 792 ἐνέργειαν
924 725 1198 792 ἐνεργείᾳ.
1230 724 1321 775 Διὸ
1368 724 1459 774 καὶ
1485 725 1541 773 τὸ
1597 724 1761 775 δυνά·

189 817 507 883 μειδιττδν,
543 816 636 867 καὶ
698 814 758 865 τὸ
814 814 1064 883 ἐνεργείᾳ
1131 814 1325 870 διττόν,
1383 815 1613 879 Λέγεται
1652 814 1759 879 γὰρ

183 908 412 975 δυνάμει
468 908 561 959 καὶ
608 908 667 957 1b
701 910 823 957 κατ’
884 906 1305 974 ἐπιτηδειότητι
1364 906 1531 973 μόνην
1588 906 1755 971 ἀτελῆ

188 1003 358 1068 μήπω
425 1000 691 1068 μηδαμῶς
736 1000 1029 1064 γενόμενον
1076 998 1235 1050 τοῦτο
1290 997 1318 1048 ὃ
1373 998 1630 1062 λέγε-ταν
1684 998 1757 1057 ὼς

184 1094 437 1158 είττομεν,
471 1093 542 1143 Τὸ
567 1095 790 1160 σπέρμα
834 1090 1065 1159 δυνάμει
1090 1088 1248 1152 ζῶον,
1273 1090 1365 1140 καὶ
1396 1090 1471 1149 ὡς
1495 1089 1751 1155 λέγομεν,

184 1186 258 1238 Tb
286 1187 497 1239 παιδίον
527 1186 753 1251 δυνάμει
788 1183 1047 1253 μουσικόν
1079 1200 1091 1213 ·
1135 1184 1214 1234 ὅτι
1245 1184 1470 1234 δύναται
1497 1181 1753 1247 γενέσθαι

181 1281 245 1331 τδ
282 1280 382 1348 μὲν
415 1281 634 1346 σπέρμα
665 1277 826 1343 ζῶον,
852 1278 910 1328 τὸ
950 1276 1161 1328 παιδίον
1198 1276 1253 1327 δὲ
1285 1274 1565 1342 μουσικόν.
1596 1272 1756 1326 Ἀλλὰ

184 1374 277 1425 ita“.
334 1372 396 1423 τὸ
451 1372 739 1439 γενόμενον
787 1370 887 1435 μὲν
941 1368 1041 1435 ἥδη
1095 1371 1188 1420 καὶ
1240 1368 1339 1434 τὴν
1382 1368 1497 1431 ἕξιν
1541 1367 1756 1417 τεὶεὶαν

1871 626 2173 679 secundum
2232 629 2551 692 potentiam,
2614 629 2857 695 polentia
2917 645 3037 682 cssc
3071 631 3212 691 dici;
3250 640 3304 684 et
3354 643 3437 685 se-

1865 718 2106 767 cundum
2146 725 2355 777 actum,
2396 726 2542 769 actu.
2578 718 2927 786 Quapropter
2965 721 3129 773 etiam
3169 722 3311 789 quod
3346 738 3439 788 po-

1864 806 2030 857 tcutia
2063 814 2167 863 est,
2218 805 2415 873 duplex
2467 816 2579 870 est;
2623 818 2679 861 et
2713 808 2857 876 quod
2927 818 3052 862 actu
3111 822 3212 869 est.
3242 813 3437 879 duplex

1862 908 1965 950 est.
2005 896 2211 950 Dicitur
2257 898 2400 952 enim
2434 901 2705 967 potentia,
2741 904 2884 969 quod
2920 905 3223 957 secundum
3264 906 3435 957 solum

1863 987 2237 1054 imperfectam
2292 990 2653 1057 aptitudiuem
2711 991 2952 1043 nondum
2999 993 3177 1046 adhuc
3232 995 3434 1048 factum

1861 1088 1944 1129 est
1981 1078 2082 1130 hoc
2116 1082 2258 1146 quod
2293 1080 2535 1145 dicitur;
2568 1081 2844 1149 quomodo
2874 1082 3109 1137 diximus
3135 1101 3317 1137 semen
3346 1102 3439 1154 po-

1862 1170 2029 1221 tcutia
2066 1186 2189 1224 esse
2221 1171 2448 1232 animal,
2482 1180 2536 1225 et
2561 1173 2838 1238 quomodo
2868 1176 3169 1227 asserittzus
3210 1192 3438 1242 puerum

1860 1262 2100 1328 potentia
2143 1276 2267 1315 esse
2305 1262 2619 1325 musicum;
2668 1265 2810 1330 quod
2848 1279 3028 1317 semen
3068 1267 3290 1332 quidem
3325 1268 3441 1317 aui-

1871 1354 2001 1412 mal.
2035 1369 2168 1420 puer
2226 1362 2410 1407 autem
2447 1356 2691 1410 musicus
2738 1356 2852 1410 neri
2902 1368 3097 1426 potest.
3141 1358 3245 1411 Sed
3297 1360 3439 1428 quod

184 1467 331 1531 ἔχον,
362 1463 434 1531 μὴ
467 1458 720 1529 ένεργοῦν
755 1462 810 1513 δὲ
861 1462 978 1514 κατ’
1009 1461 1204 1529 αὐτὴν,
1239 1460 1469 1526 δυνάμει
1532 1458 1752 1524 λέγεται

1862 1445 1965 1511 iam
1995 1446 2197 1499 lactqu
2240 1458 2343 1511 est,
2376 1458 2430 1502 et
2455 1448 2756 1515 perlectum
2786 1450 3036 1502 habitum
3081 1451 3308 1512 obtinet,
3343 1469 3442 1503 nec.

183 1559 279 1608 καὶ
305 1555 466 1607 αὑτό·
507 1554 582 1616 ὡς
634 1555 861 1621 δυνάμει
922 1553 1182 1621 μουσικὸν
1224 1554 1315 1603 τὸν
1382 1553 1754 1621 Ἀριστόξενον

1862 1547 2045 1589 tamen
2098 1543 2401 1594 secundum
2445 1542 2597 1595 illum
2631 1543 2762 1608 agit,
2790 1552 2844 1597 ει
2874 1545 3048 1612 ipsum
3083 1545 3323 1611 potentii
3359 1547 3439 1599 di-

180 1649 437 1715 λὲγομεν,
463 1648 589 1698 ὅταν
619 1646 679 1698 οὐ
704 1644 984 1715 κιθαρίζῃ,
1019 1644 1133 1695 ἀλλ’
1175 1644 1205 1713 ἢ
1242 1645 1477 1713 καθεύδῃ
1536 1645 1567 1712 ἦ
1620 1644 1752 1695 ἄλλο

1862 1628 2040 1692 titur;
2075 1632 2537 1698 quemadmodum
2588 1634 2973 1687 Aristoxenum
3026 1639 3267 1702 potentia
3308 1638 3441 1689 dici-

179 1756 233 1790 τι
263 1740 484 1807 ἐνεργῇ.
515 1736 668 1789 Κατὰ
698 1736 855 1789 τοῦτο
884 1734 943 1787 τὸ
985 1736 1385 1801 σημαινόμενον
1409 1736 1501 1784 καὶ
1550 1734 1610 1784 τὸ
1640 1732 1751 1799 πῦρ

1862 1736 1975 1774 mus
2033 1724 2329 1788 musicum,
2384 1739 2507 1776 cum
2569 1726 2780 1777 cithara
2837 1742 2943 1778 non
3005 1729 3172 1791 canit,
3216 1731 3308 1781 sed
3345 1739 3439 1781 aut

180 1834 417 1900 δυνάμει
480 1832 713 1899 λέγομεν
768 1831 1083 1889 καυστικδν,
1143 1830 1271 1881 ὅταν
1327 1828 1400 1897 μὴ
1466 1828 1619 1899 καίῃ.
1678 1828 1751 1878 Τὸ

1862 1814 2075 1876 dormit,
2108 1823 2201 1867 aut
2226 1816 2368 1868 aliud
2393 1819 2522 1884 quid
2555 1818 2684 1885 agit.
2716 1818 2901 1883 Quoad
2939 1821 3039 1872 hoc
3074 1821 3437 1886 significatum

184 1926 284 1993 μὲν
312 1888 405 1977 οὖν
448 1888 661 1991 πριῖιτον
688 1922 918 1990 δυνάμει
940 1923 1158 1987 λέγεται
1208 1888 1421 1983 mihi,
1452 1921 1511 1972 τδ
1542 1888 1597 1973 δέ
1634 1919 1756 1971 δεύ-

1862 1905 2096 1959 dicimus
2122 1906 2284 1959 etiam
2335 1910 2511 1976 ignem
2567 1911 2811 1977 potentia
2851 1926 3034 1975 urere,
3076 1915 3298 1981 quando
3333 1930 3439 1965 non

180 2037 342 2087 τερον
388 2019 590 2071 τέλειον
614 2032 627 2046 ·
666 2016 761 2069 καὶ
812 2016 873 2067 τὸ
904 2016 1001 2083 μιν
1031 2015 1246 2083 πρῶτον
1278 2013 1401 2066 κατ’
1452 2012 1756 2081 ἐπιτηδειό-

180 2129 344 2181 τητα,
373 2111 433 2161 τδ
466 2108 519 2161 δὲ
552 2107 805 2176 δεύτερον
848 2106 1056 2159 τέλειον
1090 2123 1102 2135 ·
1146 2107 1239 2159 καὶ
1284 2105 1346 2157 τὸ
1406 2106 1505 2174 μὲν
1539 2105 1757 2173 πρῶτον

181 2204 303 2256 κατ’
336 2199 771 2269 έπιτηδειότητα,
800 2198 861 2250 τὸ
888 2197 943 2251 δὲ
964 2198 1214 2267 δεύτερον
1248 2195 1369 2249 καθ’
1398 2197 1532 2260 ἕξιν.
1569 2198 1758 2248 Διττὴν

176 2299 235 2351 bi
281 2297 379 2349 καὶ
412 2296 475 2347 τὸ
530 2291 779 2362 ενεργείᾳ
813 2292 1035 2360 λέγεται
1083 2290 1144 2343 τό
1180 2307 1240 2344 τε
1270 2290 1569 2359 δυνάμενον
1604 2292 1757 2357 ἐνερ-

181 2391 300 2454 γεῖν
336 2384 462 2440 κατ’
498 2387 673 2437 ὲκεῐνο
738 2382 863 2434 καθ’
900 2382 929 2433 ὃ
956 2382 1098 2450 (καὶ)
1130 2380 1375 2447 λέγεται,
1438 2380 1510 2449 μὴ
1562 2379 1747 2447 μέντοι

182 2480 484 2549 ἐνεργοῦν·
513 2479 649 2546 ὅπερ
672 2477 868 2528 ταυτόν
920 2474 1037 2527 ἐστι
1076 2473 1151 2541 τῷ
1201 2474 1438 2541 δευτέρῳ
1492 2488 1755 2541 σημαινο-

184 2575 335 2642 μένῳ
402 2570 498 2625 τοῦ
553 2569 818 2637 δυνάμει⁶
890 2566 985 2620 καὶ
1058 2566 1119 2618 τὸ
1175 2567 1314 2619 κατὰ
1379 2565 1476 2634 τὴν
1534 2564 1757 2633 ἐνεργὸν

181 2670 402 2736 κίνησιν
467 2661 880 2729 θεωρούμενον·
940 2654 1073 2721 οἷον,
1146 2655 1280 2712 ὃτασ
1350 2659 1379 2710 ὁ
1444 2658 1545 2727 μὲν
1614 2659 1757 2726 ’Λρι·

185 2753 434 2817 στύξενος
477 2748 755 2820 κιθαρίζῃ,
796 2748 928 2821 καίῃ
953 2749 1008 2803 δὲ
1041 2750 1104 2802 τδ
1135 2747 1244 2816 πῦρ
1272 2749 1611 2818 πρακτικῶς.

254 2934 337 2986 ιδ’.
379 2931 452 2983 Tb
480 2929 659 2982 τοίνυν
694 2930 949 2997 δεύτερον
990 2928 1221 2996 δυνάμει
1286 2929 1453 2996 μέσον
1491 2930 1609 2980 εστὶ
1651 2928 1758 2979 τῶν

182 3045 238 3079 τε
274 3024 458 3093 πάντη
489 3024 580 3076 καὶ
605 3023 781 3092 μόνως
808 3022 982 3075 ὅντων
1012 3019 1263 3087 δυνάμει,
1295 3022 1389 3072 καὶ
1419 3021 1527 3073 τῶν
1580 3021 1757 3088 πάντη

184 3122 278 3171 καὶ
316 3119 495 3187 μόνως
517 3115 686 3167 ὄντων
700 3114 953 3182 ἐνεργείᾳ.
978 3128 994 3145 ⁶
1028 3111 1124 3165 ἅτε
1148 3112 1479 3180 ἀμφοτέρων
1508 3113 1757 3181 μετέχον,

1864 1998 1990 2049 urit.
2026 1997 2182 2050 Prius
2217 1998 2383 2067 igitur
2412 2001 2556 2067 quod
2602 2002 2848 2068 potentia
2891 2002 2997 2073 47
3032 2014 3138 2066 est,
3176 2005 3436 2072 imperfe-

1863 2099 2009 2142 ctum
2050 2110 2061 2143 :
2102 2092 2401 2158 posterius,
2440 2092 2741 2159 perlectum
2773 2094 2995 2149 dicitur.
3038 2097 3101 2149 Et
3134 2098 3435 2166 prius'qui-

1862 2184 1982 2235 dem
2026 2185 2204 2251 quoad
2248 2185 2645 2252 aptitudinetn,
2706 2190 2984 2255 posterius
3051 2190 3230 2259 quoad
3284 2191 3437 2244 habt.

1864 2285 1975 2327 tum
2010 2276 2239 2329 dicitur.
2276 2277 2378 2331 Sed
2416 2288 2470 2331 et
2498 2280 2647 2347 quod
2678 2288 2799 2333 actu
2835 2290 2939 2343 est,
2972 2283 3166 2351 duplex
3195 2284 3431 2346 dicitur;

1862 2368 2090 2436 etquod
2123 2370 2338 2437 operari
2365 2380 2569 2438 potest.
2613 2374 2912 2426 secumlum
2945 2374 3076 2428 illud
3101 2376 3255 2445 juxta
3289 2378 3435 2445 quod

1863 2462 2026 2513 etiam
2064 2460 2290 2525 dicitur,
2360 2465 2576 2517 tametsi
2619 2479 2724 2518 non
2759 2476 3047 2533 operetur;
3093 2468 3241 2537 quod
3296 2470 3435 2523 idem

1869 2563 1956 2606 est
2011 2570 2134 2606 cum
2179 2556 2419 2609 secundo
2476 2556 2782 2625 significato
2840 2559 2957 2627 ejus
3005 2562 3148 2627 quod
3201 2563 3441 2630 potentia

1864 2646 2104 2713 dicitur;
2138 2658 2189 2701 et
2221 2649 2367 2717 quod
2416 2650 2717 2703 secundum
2748 2650 3018 2705 edicacem
3072 2663 3274 2707 motum
3311 2672 3441 2709 cuu-

1864 2740 2153 2801 sideratur.
2190 2742 2349 2794 veluti
2389 2756 2513 2794 cum
2548 2743 2909 2799 Aristoxenus
2938 2746 3151 2800 cithara
3178 2748 3347 2809 canit,
3386 2758 3441 2801 et

1865 2834 2004 2902 ignis
2037 2849 2225 2888 revera
2252 2837 2381 2889 urit.

1940 2925 2022 2979 l4.
2068 2925 2345 2981 Posterius
2383 2930 2548 2994 igitur
2584 2932 2729 2999 quod
2758 2932 3014 2999 'potentia
3068 2941 3174 2995 est,
3204 2932 3438 2986 medium

1865 3025 1947 3069 est
1982 3018 2121 3069 inter
2153 3033 2214 3070 ea
2252 3033 2373 3087 qum
2397 3024 2624 3073 omnino
2653 3029 2707 3073 et
2741 3029 2951 3074 tantum
2984 3024 3225 3089 potentia
3250 3065 3264 3088 ,
3297 3040 3443 3092 qnze-

1866 3125 1969 3176 que
2002 3111 2225 3163 omuino
2268 3121 2321 3164 et
2363 3122 2569 3164 tantum
2598 3123 2718 3165 actu
2751 3123 2917 3178 Sunt;
2961 3116 3106 3182 quod
3152 3118 3438 3186 utriusque

185 3211 447 3280 καὶπρὸς
478 3210 740 3276 ἑκάτερον
770 3208 1016 3277 ὑπάρχον
1056 3207 1116 3258 τὸ
1165 3207 1383 3270 ἓτερον·
1445 3201 1558 3259 οἷον
1621 3208 1759 3275 πρὸς

1866 3201 1937 3253 sit
1971 3201 2265 3269 particeps.
2303 3212 2356 3255 et
2395 3206 2459 3255 ad
2495 3216 2785 3273 utrumque
2824 3207 3055 3259 alterum
3092 3209 3342 3271 exsistat,
3379 3221 3437 3263 ut

187 3308 287 3375 μὲν
324 3309 388 3358 τὸ
416 3304 631 3372 πρῶτον
660 3302 911 3371 δυνάμει
975 3301 1227 3371 ἐνεργείᾳ
1273 3300 1356 3363 ὃν,
1402 3300 1537 3366 πρὸς
1590 3300 1645 3351 δι
1696 3300 1757 3351 τὸ

181 3398 439 3465 δεύτερον
466 3388 718 3463 ἐνεργείᾳ
766 3393 1019 3462 δυνάμει.
1062 3394 1133 3445 Τὸ
1166 3391 1384 3461 πρῶτον
1411 3389 1504 3444 οὖν
1527 3391 1755 3458 δυνάμει

182 3493 240 3545 τὸ
268 3490 482 3551 ἀτελές,
515 3487 705 3557 ὥσπερ
737 3488 975 3556 εἴρηται,
1003 3487 1090 3541 διά
1116 3488 1214 3555 τῆς
1273 3490 1545 3555 κινήσεως
1580 3490 1659 3548 εἰς
1695 3488 1756 3538 τὸ

183 3584 408 3651 πρῶτον
443 3580 698 3650 δνεργείᾳ
744 3580 1074 3648 προάγεται.
1121 3581 1197 3631 Οὐ
1244 3580 1353 3648 γὰρ
1398 3582 1455 3646 ἐξ
1507 3581 1755 3647 ἀνάγκης

182 3677 278 3729 καὶ
308 3678 394 3733 είς
423 3674 484 3725 τὸ
522 3672 798 3739 δεύτερον.
844 3672 951 3723 Καὶ
977 3672 1179 3725 ὁπόταν
1210 3672 1269 3724 τὸ
1295 3671 1468 3733 οὕτως
1496 3672 1555 3724 ὃν
1596 3672 1755 3725 δυνά-

186 3784 272 3836 μει
305 3764 445 3831 πρὸς
466 3765 527 3816 τὸ
550 3764 801 3833 ἐνεργείᾳ
834 3762 1089 3828 γενέσθαι
1124 3767 1301 3833 χωρῇ,
1340 3764 1414 3831 μὴ
1466 3763 1760 3831 ἐξιστάμε-

183 3876 273 3910 νον
296 3856 396 3910 τοῦ
422 3854 651 3924 δυνάμει
676 3856 755 3915 είς
787 3855 847 3907 τὺ
877 3854 1166 3919 παντελὲς,
1222 3856 1344 3908 τότε
1404 3856 1636 3923 λέγομεν
1676 3874 1760 3907 κι-

182 3950 395 4003 νεῖσθαι
418 3948 573 4000 αὐτό.

253 4038 335 4092 ιε’.
374 4035 655 4090 Κινείσθαι
696 4036 753 4088 δὲ
797 4036 861 4089 τὸ
922 4036 1153 4106 δυνάμει
1230 4036 1505 4104 λέγοντες.
1556 4038 1617 4090 οὐ
1659 4038 1758 4107 τὴν

184 4130 602 4199 ἐπιτηδειότητα
634 4127 903 4181 κινεῖσθαί
936 4145 1141 4197 φαμεν,
1197 4130 1337 4182 ἀλλὰ
1394 4131 1456 4182 τὸ
1496 4130 1596 4200 τὴν
1634 4132 1757 4183 έπι-

181 4223 513 4291 τηδειότητα
581 4221 944 4287 κεκτημένον,
1008 4220 1258 4273 τουτέστι
1331 4222 1392 4273 τὸ
1450 4222 1759 4290 έπιτήδειον

184 4316 315 4366 αὐτὸ
344 4313 485 4366 καθὸ
507 4311 750 4364 τοιοῦτόν
778 4314 929 4364 ἔστιν
972 4312 1111 4379 ὅπερ
1172 4312 1358 4376 πάλιν,
1412 4316 1500 4367 ὅτε
1551 4317 1624 4385 μὴ
1678 4334 1761 4368 κι-

184 4404 348 4452 νεῖται
392 4399 609 4467 καθ’ἢν
632 4400 847 4466 πέφυκε
914 4400 1187 4455 κινεῖσθαι
1234 4403 1469 4471 κίνησιν,
1520 4407 1639 4457 τότε
1676 4406 1762 4457 λέ-

186 4508 357 4557 γομεν
386 4488 520 4540 αὐτὸ
550 4487 672 4539 κατ’
700 4489 916 4558 εκείνην
961 4490 1062 4561 τὴν
1103 4491 1318 4561 κίνησιν
1345 4495 1604 4563 ἠρεμεῖν
1633 4497 1760 4566 ἡρε-

1861 3292 2006 3356 quod
2038 3290 2254 3359 quidem
2290 3294 2355 3345 ad
2389 3298 2538 3361 prius
2569 3297 2831 3361 potentia.
2864 3307 3011 3361 actu,
3053 3300 3231 3366 quoad
3260 3310 3441 3369 postc-

1862 3384 1974 3435 rius
2015 3391 2138 3434 artu
2187 3387 2428 3451 potentia
2471 3388 2561 3438 sit.
2602 3385 2757 3441 Prius
2802 3389 2965 3456 igitur
3005 3391 3248 3457 potentia
3290 3396 3453 3459 quod

1862 3477 2243 3546 imperfectum
2280 3490 2382 3544 est,
2421 3490 2480 3533 ut
2513 3482 2777 3547 diximus,
2810 3499 2907 3553 per
2939 3495 3145 3539 motum
3179 3487 3245 3540 ad
3284 3489 3437 3556 prius

1862 3581 1985 3623 actu
2040 3571 2376 3638 perducitur.
2434 3572 2545 3627 Nec
2602 3575 2746 3627 enim
2806 3580 3119 3630 necessario
3171 3580 3331 3633 etiam
3371 3582 3438 3634 ad

1860 3662 2153 3729 posterius.
2193 3659 2256 3716 Et
2290 3664 2507 3731 quando
2540 3667 2683 3734 quod
2718 3666 2790 3718 ita
2824 3670 3066 3730 potentia
3099 3678 3185 3723 est
3212 3670 3277 3722 ad
3311 3682 3434 3723 actu

1860 3768 1979 3807 esse
2002 3755 2267 3821 procedit,
2305 3758 2373 3809 ita
2408 3766 2587 3809 tamen
2620 3767 2679 3810 ut
2707 3773 2813 3811 non
2850 3762 3075 3813 omnino
3108 3770 3162 3814 et
3191 3762 3433 3829 perfecte

1860 3846 1928 3899 ab
1962 3859 2027 3898 eo
2054 3846 2320 3911 discedat,
2352 3848 2498 3917 quod
2532 3849 2773 3917 potentia
2804 3860 2924 3916 est;
2954 3862 3067 3905 tum
3108 3852 3287 3921 ipsum
3323 3870 3437 3907 mo-

1862 3937 1973 3989 veri
2008 3936 2263 3991 dicimus.

1936 4029 2022 4084 15.
2050 4030 2185 4084 Cum
2231 4039 2411 4085 autem
2448 4032 2653 4085 moveri
2678 4032 2913 4085 dicimus
2945 4032 2997 4086 id
3026 4034 3167 4100 quod
3194 4036 3435 4103 potentia

1862 4132 1965 4186 est,
1994 4138 2101 4176 non
2125 4123 2509 4191 aptitudinem,
2538 4125 2630 4178 sed
2659 4126 2710 4178 id
2739 4127 2882 4193 quod
2904 4128 3262 4194 aptitudiuem
3316 4144 3441 4196 pns-

1864 4215 2023 4277 sidet,
2048 4214 2150 4267 hoc
2190 4225 2292 4277 est,
2332 4216 2509 4284 ipsum
2539 4214 2650 4287 48
2683 4229 2861 4283 aptum
2891 4226 3164 4286 quatenus
3195 4220 3300 4272 tale
3332 4229 3435 4281 est,

1866 4306 2067 4358 moveri
2110 4307 2547 4375 pronuntiamus.
2581 4307 2736 4371 Quod
2789 4324 2980 4362 rursus
3022 4324 3147 4361 cum
3186 4324 3292 4363 nou
3326 4326 3442 4361 mo-

1864 4406 2058 4459 vetur,
2096 4412 2204 4464 quo
2246 4406 2395 4451 motu
2433 4399 2637 4451 moveri
2687 4412 2870 4467 aptum
2927 4408 3041 4462 est;
3093 4412 3205 4452 tum
3259 4401 3437 4468 ipsum

1865 4489 2043 4555 quoad
2094 4488 2256 4541 istum
2314 4500 2519 4541 motum
2567 4490 2842 4558 quiescere
2899 4489 3135 4546 dicimus
3170 4490 3234 4546 “.
3273 4493 3438 4557 Quies

193 4584 286 4651 μία
315 4582 427 4650 γάρ
460 4582 608 4631 ἐστιν
654 4579 917 4647 ἀκινησία
967 4558 1063 4632 τοῦ
1126 4558 1431 4649 πεφυκότος
1456 4558 1467 4563 '
1494 4558 1760 4640 κινεῖσθαι

1867 4579 2013 4632 enim
2043 4594 2125 4632 εει
2178 4580 2531 4634 immobilitas
2562 4581 2682 4648 ejus
2722 4580 2866 4649 quod
2908 4580 2978 4635 ita
3013 4592 3205 4635 natura
3252 4595 3440 4650 aptum

188 4674 270 4724 ὅτε
304 4673 547 4737 πέφυκε,
579 4670 677 4720 καὶ
704 4661 767 4721 οὗ
803 4669 1039 4738 πέφυκε,
1069 4672 1165 4723 καὶ
1194 4672 1269 4734 ὡς
1314 4664 1594 4742 ⁸πέφυκεν.
1631 4680 1758 4731 Ὅτε

194 4762 291 4829 μὲν
322 4762 597 4828 πέφυκεν,
624 4760 856 4828 έπείπερ
879 4761 980 4813 οὐκ
1010 4761 1076 4813 ἂν
1129 4761 1193 4814 τὺ
1249 4766 1530 4832 ἁρτιγενὲς
1561 4770 1758 4821 σκυλά-

188 4869 306 4904 κιον
348 4853 450 4920 ὴρε
461 4852 582 4919 μεῖν
608 4849 821 4931 λέγοιτο
845 4851 985 4903 κατά
1009 4850 1068 4903 τὸ
1090 4853 1220 4922 όρᾷν
1241 4836 1495 4925 (πέφυκε
1523 4860 1623 4928 μέν
1650 4864 1717 4929 γά
1728 4880 1759 4931 ρ

186 4945 339 5013 ὀρᾷν,
366 4942 487 4995 ἀλλ’
518 4942 620 4994 οὐκ
652 4940 815 5003 εὐθὺς
837 4942 897 4993 τὸ
931 4943 1131 5011 τεχθέν
1166 4960 1179 4974 ·
1211 4946 1346 4999 ὅπου
1392 4948 1450 5001 δι
1485 4951 1753 5019 πέφυκεν,

188 5035 425 5102 ἐπείπερ
458 5034 557 5101 τῆς
589 5034 645 5084 ὲν
673 5032 798 5101 άέρι
822 5035 1111 5102 κινήσεως,
1146 5038 1247 5090 οὐκ
1295 5039 1361 5092 ἂν
1390 5041 1442 5093 oi
1478 5043 1661 5111 ἰχθύες
1684 5048 1767 5100 ὶὲα

188 5142 368 5193 γοιντο
394 5126 649 5194 ἠρεμεῖν.
684 5125 819 5177 Οὐδὲ
866 5128 976 5195 γάρ
1009 5129 1041 5197 ή
1104 5128 1266 5195 φύσις
1315 5132 1499 5197 αὐτοῖς
1533 5136 1769 5192 δέδωκεν

192 5219 250 5269 έν
280 5216 488 5285 ἀερίοις
517 5212 680 5269 εἶναι.
718 5216 875 5270 Καθά
902 5216 958 5270 δι
982 5218 1247 5287 πέφυκεν,
1303 5223 1495 5295 ὅτιπερ
1548 5230 1648 5280 οὐκ
1700 5231 1767 5283 ἂν

188 5308 236 5358 οι
261 5307 417 5373 ὄφεις
449 5307 548 5375 τῆς
581 5308 729 5359 κατὰ
758 5308 974 5374 βάδισιν
1017 5313 1288 5379 κινήσεως
1345 5316 1586 5383 λέγοιντο
1636 5323 1765 5389 ἡρε-

196 5399 317 5465 μείν
349 5414 364 5429 ο
399 5398 725 5465 έρπυστικοὶ
751 5399 903 5468 (γάρ)
946 5402 1009 5452 ἐκ
1062 5403 1298 5470 φύσεως,
1358 5409 1451 5459 καὶ
1510 5410 1570 5483 οὐ
1614 5410 1764 5479 βαδι-

190 5486 383 5539 στικοί.
413 5485 486 5537 Τὸ
517 5488 702 5541 τοίνυν
740 5490 985 5556 πεφυκὸς
1013 5494 1280 5546 κινεῖσθαι
1331 5500 1428 5547 καὶ
1463 5498 1537 5568 μὴ
1581 5501 1760 5553 κινού-

191 5592 349 5641 μενον
380 5576 542 5629 ὁπότε
578 5578 810 5644 πέφυκε,
843 5582 934 5632 καὶ
961 5581 1091 5635 ένθα
1120 5584 1354 5652 πέφυκε,
1414 5591 1508 5641 καὶ
1553 5589 1625 5649 ὠς
1659 5593 1757 5642 πέ-

189 5682 327 5731 φυκε
374 5664 475 5733 τῆς
531 5669 802 5733 κινήσεως
834 5671 1037 5742 ταύτης
1070 5675 1479 5745 ⁴ἑστερημένον,
1539 5680 1755 5748 λέγεται

261 5846 304 5876 ⁸³
334 5847 365 5899 3
402 5844 562 5915 Phys.
607 5862 657 5901 ς.
683 5848 739 5913 ό,
771 5857 807 5903 ι.
846 5849 936 5903 ‘20.

1867 4678 2035 4723 estut
2063 4670 2269 4724 moveri
2310 4672 2505 4739 possit,
2539 4672 2779 4740 quando,
2816 4672 2910 4725 ubi
2942 4683 2995 4726 et
3025 4674 3301 4740 quomodo
3344 4688 3475 4727 na-.

1867 4768 1986 4813 tura
2019 4771 2201 4829 aptum
2231 4768 2333 4813 est.
2378 4759 2607 4825 Quando
2654 4760 2872 4828 quidem
2918 4772 3109 4815 natura
3147 4762 3218 4816 ita
3250 4771 3437 4831 aptum

1864 4859 1967 4915 est,
2018 4852 2275 4919 quoniam
2307 4867 2498 4905 recens
2535 4850 2717 4906 editus
2772 4854 2987 4907 catulus
3030 4855 3208 4922 quoad
3262 4855 3438 4911 visunt

1865 4948 2147 5013 quiescere
2191 4959 2296 4998 non
2330 4945 2549 5015 dicitur.
2582 4945 2784 5000 Natura
2817 4950 2963 5000 enim
3003 4961 3163 5016 aptus
3197 4960 3281 5003 est
3313 4951 3439 5020 qui-

1876 5039 2017 5101 dem,
2058 5046 2115 5091 ut
2147 5036 2335 5092 videre
2386 5041 2557 5107 possit
2597 5039 2734 5093 :sed
2775 5048 2949 5095 tamen
2997 5056 3104 5095 non
3158 5043 3339 5095 statim
3384 5052 3443 5095 ut

1873 5140 1956 5184 est
2002 5129 2202 5183 editus.
2236 5128 2339 5185 Ubi
2386 5139 2565 5185 autem
2600 5140 2795 5185 natura
2844 5143 3029 5200 aptum
3081 5144 3185 5194 est,
3222 5134 3443 5203 quando

1871 5221 2088 5290 quidem
2128 5223 2305 5290 quoad
2336 5231 2540 5276 motum
2570 5222 2622 5275 in
2654 5238 2779 5277 aere
2814 5225 2990 5291 pisces
3015 5225 3300 5294 quiescere
3332 5241 3441 5279 non

1870 5315 2149 5365 dicuntur.
2185 5311 2371 5381 Neque
2401 5314 2544 5365 enim
2576 5322 2772 5368 natura
2806 5314 2943 5383 ipsis
2975 5316 3268 5380 concessit,
3302 5327 3358 5367 ut
3388 5319 3441 5370 iu

1869 5418 1993 5457 aere
2023 5405 2288 5460 viverent.
2319 5403 2608 5468 Quomodo
2634 5404 2867 5474 denique
2890 5414 3080 5459 natura
3114 5418 3300 5473 aptum
3336 5417 3441 5469 est,

1865 5497 2307 5565 quandoquidem
2354 5507 2636 5567 serpentes
2660 5499 2839 5569 quoad
2872 5492 3176 5569 'gradieudi
3232 5512 3440 5553 motum

1865 5588 2146 5655 quiescere
2206 5602 2311 5641 nou
2364 5589 2644 5643 dicuntur.
2707 5588 2971 5658 Serpendi
3025 5591 3172 5645 enim
3224 5598 3279 5645 et
3331 5606 3439 5644 non

1870 5679 2149 5747 gradiendi
2189 5678 2498 5735 facultatem
2542 5697 2570 5735 a
2606 5693 2795 5736 natura
2832 5684 3053 5737 habent.
3083 5682 3238 5749 Quod
3281 5681 3442 5751 igitur
