4208 6440
216 409 349 469 ῙΟΠ

1479 409 1759 469 ΕΙῚΤΟΜ
1780 412 1820 467 E
1868 411 1964 468 PII
1980 411 2186 469 i'SlCA
2201 456 2214 469 .

3334 410 3470 469 1078

212 520 590 588 φθειρόμενον,
632 521 688 584 ἐξ
741 521 991 573 ἐναντίου
1027 520 1238 589 γίνεται
1277 521 1369 572 καὶ
1426 524 1504 582 είς
1540 522 1787 577 ἐναντίον

1904 521 2223 578 contrarius.
2262 533 2328 572 ne
2360 519 2497 573 ccelu
2533 520 2749 587 quidem
2787 520 3085 589 quidquam
3118 518 3220 570 erit
3245 526 3469 570 contra-

212 611 519 677 φθείρεται.
556 611 629 663 Τὸ
664 612 917 681 οὐράνιον
941 612 1049 680 ἄρα
1085 611 1266 679 σῶμα,
1297 612 1373 679 μὴ
1398 610 1520 679 ῑχον
1552 611 1793 663 ἐναντίον

214 705 271 767 ἐξ
303 697 366 755 οὗ
394 703 589 771 γένοιτ’
616 704 702 766 ἂν,
726 706 821 757 καὶ
852 706 930 767 είς
956 703 985 756 ὃ
1016 705 1179 757 πάλιν
1209 704 1466 773 φθαρείη,
1494 704 1793 769 ἀγιννητον

215 798 309 847 καὶ
340 796 614 865 ἄφθαρτον
646 797 1057 850 ἀποδείκνυται.
1106 796 1248 849 Ἀλλ’
1270 798 1319 849 οί
1341 795 1568 849 τοιαῦτα
1600 798 1792 861 λέγον-

213 905 329 953 τες,
370 890 499 940 ὅταν
551 891 645 940 καὶ
678 888 1083 956 ἀναμφίλεκτον
1147 886 1247 955 τὴν
1280 886 1547 954 πρότασιν
1575 884 1794 937 λάϐοιεν

214 983 316 1049 τὴν
350 980 600 1033 τεθεῖσαν
629 980 690 1032 τὸ
719 980 994 1048 μηδεμίαν
1027 981 1243 1049 κίνησιν
1282 982 1348 1049 τῇ
1383 980 1624 1048 οὐρανίῳ
1653 979 1795 1048 φορᾷ

222 1074 466 1125 εναντίαν
510 1070 670 1137 εἶναι,
700 1074 823 1124 τότε
868 1073 966 1140 τῆς
1020 1073 1260 1140 φυσικῆς
1298 1072 1569 1138 γενέσεως
1598 1071 1797 1141 ἐξῃρη-

222 1165 383 1230 μένον
415 1166 509 1215 τὸν
542 1164 778 1232 οὐρανὸν
828 1164 1239 1231 συλλογίζονται
1295 1164 1390 1215 καὶ
1451 1154 1551 1227 τῆς
1602 1163 1797 1229 ὁμοίας

224 1256 451 1323 φθορᾶς,
485 1256 607 1308 καθ’
642 1256 708 1317 ἃς
743 1259 836 1309 καὶ
876 1258 942 1309 τὰ
974 1258 1215 1325 στοιχεῖα
1246 1253 1573 1324 μεταϐάλλει
1598 1257 1680 1315 εἰς
1708 1253 1799 1306 ἆλ-

224 1350 379 1417 δ.ηλι,
408 1353 505 1417 τῆς
544 1352 777 1419 θατέρου
814 1350 1022 1419 φθορᾶς
1062 1351 1356 1419 γινομένης
1382 1350 1651 1415 γενέσεως
1703 1346 1799 1399 τοῦ

224 1440 431 1493 λοιποῦ.
471 1442 607 1493 Κατ’
644 1441 813 1508 ἀλλην
850 1443 903 1494 δὲ
944 1443 1164 1511 γένεσιν
1213 1443 1444 1511 γενητὸν
1494 1440 1672 1492 οἴδασι
1706 1440 1801 1492 τὸν

227 1533 452 1601 stipava
489 1538 537 1587 oi
568 1534 891 1604 φρονοῦντες
921 1535 1097 1605 ὀρθῶς
1122 1530 1153 1564 ·’
1190 1535 1312 1588 καθ’
1356 1536 1422 1604 ην
1456 1537 1519 1586 ὲκ
1577 1532 1673 1586 τοῦ
1726 1534 1801 1605 μὴ

229 1625 362 1678 εἶναι
420 1628 577 1691 ὅλως,
638 1628 715 1697 τῷ
770 1629 897 1697 θείῳ
947 1629 1205 1699 παρήχθη
1257 1628 1666 1697 προστάγματι,
1707 1630 1802 1681 καὶ

229 1716 539 1779 ἄκολούθως
597 1719 693 1771 καὶ
740 1719 922 1789 φθορᾷ
970 1720 1233 1772 παντελεῖ
1268 1721 1409 1772 κατὰ
1453 1721 1553 1777 τὴν
1589 1720 1801 1771 οἰκείαν

230 1809 391 1875 φύσιν
430 1810 750 1864 ὑποκεῖσθαι
798 1813 965 1866 αὐτὸν
1008 1812 1425 1881 δογματίζουσι,
1469 1816 1533 1883 τῇ
1571 1811 1662 1864 τοῦ
1712 1812 1806 1879 δη-

1897 613 2059 667 rium.
2094 614 2255 680 Atqui
2296 614 2439 680 quod
2472 624 2765 682 generatur
2791 623 2845 667 et
2892 611 3036 681 quod
3070 611 3468 678 corrumpitur,

1896 721 1959 761 ex
1998 706 2279 761 contrario
2312 716 2603 774 generatur
2635 717 2689 761 et
2734 709 2787 762 in
2837 706 3175 761 contrarium
3222 718 3469 757 corrum-

1897 801 2061 869 pitur.
2093 800 2330 855 Cazleste
2358 800 2527 871 igitur
2558 815 2783 869 corpus,
2816 816 2939 855 cum
2982 815 3087 853 non
3115 798 3311 852 habeat
3344 812 3472 851 con—

1900 892 2123 946 trarium
2152 906 2216 945 ex
2250 907 2357 960 quo
2381 898 2690 961 generetur,
2731 903 2783 945 et
2815 893 2867 945 iu
2902 891 3049 959 quod
3084 906 3303 946 rursum
3340 904 3475 944 cor-

1902 992 2213 1051 rumpatur,
2252 985 2627 1051 generationis
2651 992 2704 1038 et
2732 985 3101 1052 cortuptiouis
3128 999 3322 1054 expers
3354 999 3475 1037 esse

1899 1073 2327 1131 demonstratur.
2411 1075 2609 1132 Verum
2662 1078 2754 1147 qui
2836 1078 3171 1145 ejuscemodi
3228 1080 3476 1131 oratione

1904 1177 2155 1229 utuntur,
2191 1176 2452 1236 tanquam
2489 1170 2883 1224 controversiae
2911 1178 3185 1239 expertem
3228 1169 3478 1236 prt'pusi-

1904 1258 2110 1316 tionem
2142 1265 2461 1331 accipiendo
2483 1280 2601 1318 eam
2629 1281 2749 1333 qua!
2781 1268 2953 1336 ponit,
3011 1266 3218 1319 nullum
3274 1276 3478 1320 motum

1903 1353 2111 1407 caelesti
2154 1355 2322 1407 motui
2353 1371 2473 1409 eSse
2502 1358 2857 1419 contrarium,
2894 1360 2963 1411 ita
3024 1359 3243 1412 demum
3281 1360 3477 1412 caelqu

1904 1459 1934 1498 a
1976 1446 2211 1497 naturali
2246 1448 2598 1513 generatione
2623 1448 2693 1508 ”.
2719 1460 2882 1517 atque
2923 1451 3053 1503 item
3085 1465 3111 1501 a
3142 1450 3308 1503 simili
3361 1464 3482 1502 cor-

1907 1540 2159 1604 ruptione
2189 1539 2412 1606 (quibus
2444 1540 2607 1591 etiam
2634 1540 2900 1595 elementa
2932 1544 3076 1595 inter
3106 1557 3162 1597 se
3182 1550 3480 1596 mutantur.

1908 1630 2034 1682 dum
2069 1630 2231 1684 unius
2288 1634 2568 1700 corruptio
2627 1634 2682 1685 lit
2728 1634 2921 1702 reliqui
2957 1633 3261 1704 generatio)
3304 1649 3482 1687 ('XCIII'

1908 1732 2062 1790 ptum
2092 1738 2215 1777 esse
2240 1727 2599 1779 concludunt.
2631 1726 2733 1790 Qui
2770 1735 2951 1780 autem
2980 1729 3183 1779 rectius
3218 1728 3481 1784 sentiunt,

1912 1816 2141 1868 alterius
2195 1818 2570 1885 generationis
2639 1819 2851 1873 ratione
2923 1820 3117 1871 coelum
3168 1828 3482 1886 generatqu

234 1905 672 1969 μιουργήσαντος
704 1904 1002 1975 ἁγαθότητι
1030 1904 1131 1974 τὴν
1159 1906 1250 1957 ἐπὶ
1290 1905 1351 1957 τὸ
1383 1902 1596 1973 βέλτιον
1642 1901 1793 1955 ἀλλα-

1909 1920 2028 1960 esse
2061 1907 2272 1968 dicunt,
2308 1923 2413 1969 qua
2452 1924 2517 1962 ex
2576 1923 2800 1968 prorsus
2843 1911 3015 1965 nihilo
3048 1911 3367 1979 productum
3405 1918 3487 1963 est

236 1993 333 2061 τὴν
364 1995 585 2065 ἁπάσης
613 1995 877 2067 αίσθητῆς
920 1998 1151 2060 κτίσεως
1178 1995 1660 2067 ἐπιψηφιζὸμενοι.

1912 1998 2101 2051 divino
2132 2004 2392 2055 mandato
2436 2016 2449 2054 :
2500 2000 2607 2073 74
2640 2011 2693 2056 et
2752 2018 2847 2072 per
2904 2017 3250 2071 consequens
3321 2000 3483 2051 etiam

233 2091 564 2147 omnimodae
594 2093 931 2164 corruptioui
953 2094 1131 2162 quoad
1165 2110 1321 2150 suam
1354 2104 1603 2149 naturam
1636 2092 1811 2160 ipsum
1854 2094 2158 2162 subjectum
2189 2111 2312 2151 esse
2367 2104 2613 2153 statuunt
2637 2135 2652 2161 .
2687 2099 2989 2155 conditoris
3040 2096 3266 2154 bonitati
3333 2109 3489 2147 crea-

236 2204 483 2251 turarum
531 2194 882 2251 sensibilium
918 2194 1168 2249 omnium
1205 2196 1258 2249 in
1321 2193 1520 2249 melius
1561 2194 1915 2247 mutationem
1948 2195 2307 2250 ascribentes.

1472 2470 1806 2528 SYNOPS‘S
1843 2469 2111 2527 CAPlTiS
2164 2471 2250 2529 Vi.

1210 2611 1349 2659 QUtlD
1383 2612 1483 2651 EST
1516 2614 1580 2651 υε
1610 2611 1979 2652 GENERATIONE
2014 2614 2078 2649 ET
2120 2612 2309 2650 (ῖοηηυξ
2333 2613 2513 2651 τΙυΝΕ.

243 2723 294 2776 1.
337 2724 568 2790 Afﬁrmat
608 2721 838 2784 primum
883 2721 1268 2790 generationem
1300 2729 1348 2771 et
1385 2718 1770 2785 corruptionem
1820 2734 1921 2770 non
1966 2734 2078 2770 esse
2110 2720 2316 2790 proprie
2368 2730 2560 2775 motus.
2594 2718 2685 2771 sed
2718 2727 2922 2771 tantum
2958 2719 3318 2790 mutationes;
3352 2726 3400 2769 et
3430 2734 3492 2770 ex

315 2788 635 2863 etymologia
665 2788 899 2843 rocabuli
937 2789 1239 2863 μεταϐολῆς
1267 2790 1437 2863 docet.
1461 2793 1586 2855 quid
1619 2791 1695 2863 sit
1722 2790 1963 2863 mut-tio.
1996 2798 2044 2840 et
2071 2790 2122 2838 in
2154 2789 2341 2863 quibus
2375 2792 2687 2855 reperiatur,
2720 2792 2967 2863 nimirum
2998 2793 3047 2840 in
3077 2788 3495 2863 contradictione

314 2859 385 2916 ρι’
414 2866 466 2914 in
507 2862 789 2916 contrariis
828 2860 1113 2917 speciebus.
1167 2876 1282 2911 cum
1333 2860 1440 2910 illis
1484 2876 1601 2925 quin
1649 2859 1979 2925 simpliciter,
2014 2870 2122 2909 tum
2157 2862 2235 2912 Itis
2266 2860 2423 2911 etiam
2462 2876 2578 2927 qum
2600 2860 2987 2922 quodammodo
3024 2872 3143 2913 sunt
3176 2862 3455 2912 contraria:
3480 2900 3491 2914 .

314 2937 556 3001 quodque
587 2933 811 2984 mutatio
841 2932 949 2983 alia
978 2933 1044 2984 sit
1086 2930 1475 2996 quadantenus,
1524 2929 1632 2979 alia
1669 2931 1981 3001 simpliciter
2014 2933 2258 2981 mutatio.
2294 2960 2361 2970 --
2396 2931 2447 2983 2.
2488 2931 2697 2983 [ndicat
2732 2932 2893 2983 latius
2941 2942 3117 2993 patere
3148 2934 3493 2982 mutationem

314 3000 479 3072 quant
525 3013 748 3060 motum.
798 3003 1024 3070 quidque
1070 3002 1280 3065 proprie
1316 3009 1486 3051 motus
1535 3010 1583 3051 et
1630 3000 1754 3067 quid
1786 3002 1995 3067 proprie
2026 3004 2345 3052 mutationes
2375 3002 2725 3065 appellentur.
2759 3002 3070 3054 determinat
3102 3018 3119 3063 ;
3156 3002 3251 3052 hoc
3283 3002 3494 3053 interim

315 3071 507 3127 docens
540 3074 877 3126 mutationem
908 3072 982 3125 vel
1015 3087 1079 3123 ex
1107 3072 1377 3124 contraria
1415 3072 1579 3129 specie
1614 3073 1665 3121 in
1708 3073 2054 3127 contrariam,
2093 3073 2169 3123 υρι
2197 3089 2261 3124 ex
2284 3072 2503 3123 alterius
2531 3074 2867 3139 prolapsione
2892 3083 2940 3125 at
2975 3074 3233 3131 absentia,
3272 3071 3365 3122 hoc
3396 3080 3495 3128 est,

315 3164 381 3199 ex
406 3148 696 3213 privatione
728 3160 841 3207 qua!
874 3145 1060 3206 ubique
1096 3144 1351 3211 reperitur
1386 3141 1525 3207 ﬁeri.
1557 3171 1623 3213 5——
1658 3141 1709 3202 5,
1747 3140 2038 3213 [λὶδιὶηρυίι
2080 3144 2425 3205 privationem
2451 3145 2587 3195 alias
2619 3160 2732 3197 esse
2772 3160 2889 3194 cum
2930 3144 3161 3210 perfecta
3209 3142 3397 3206 specie.
3438 3152 3495 3191 ut

317 3212 668 3277 privationem
699 3215 846 3282 ignis
873 3215 925 3263 in
955 3228 1111 3278 aqua.
1144 3224 1191 3263 et
1225 3222 1331 3263 tum
1364 3213 1526 3262 etiam
1560 3212 1666 3262 dici
1701 3212 1753 3261 id
1782 3213 1919 3278 quod
1955 3224 2255 3279 generatur.
2284 3230 2386 3263 non
2413 3225 2617 3266 tantum
2656 3231 2719 3265 ex
2748 3230 2843 3266 sua
2869 3216 3185 3280 privatione,
3220 3212 3309 3264 sed
3338 3213 3499 3262 etiam

318 3303 385 3339 ex
418 3288 687 3339 contraria
717 3281 886 3351 specie
921 3284 1199 3351 generari;
1243 3282 1379 3333 alias
1414 3296 1529 3332 rero
1557 3284 1902 3350 privationem
1938 3299 2038 3334 non
2068 3300 2175 3335 esse
2208 3299 2327 3335 cum
2362 3286 2587 3349 perfecta
2621 3285 2724 3352 75
2751 3288 2938 3348 specie.
2973 3286 3063 3336 sed
3092 3287 3141 3335 in
3174 3283 3353 3350 aliqua
3386 3281 3497 3333 sal-

323 3369 425 3408 tem
469 3355 735 3407 materiuli
767 3357 835 3406 ad
868 3354 1093 3420 formant
1132 3353 1519 3415 suscipiendam
1553 3364 1695 3413 apto,
1728 3354 1900 3419 qualis
1934 3364 2011 3404 est
2048 3354 2273 3418 privatio
2304 3355 2549 3407 animalis
2582 3355 2635 3406 in
2668 3357 2881 3416 semine,
2913 3366 2961 3407 et
2989 3364 3097 3406 tum
3128 3355 3230 3405 dici
3266 3355 3319 3403 id
3360 3356 3498 3417 quod

322 3438 606 3496 genentnr
636 3441 699 3479 ea:
722 3426 908 3487 steciel
938 3434 1142 3496 tantum
1172 3422 1406 3496 absentia
1438 3423 1547 3496 sive
1576 3425 1868 3482 privatione
1914 3426 2190 3489 generari;
2222 3434 2271 3474 et
2303 3428 2565 3491 quomodo
2591 3427 2687 3478 hoc
2723 3427 3085 3492 accipiendum
3116 3427 3204 3481 sit.
3236 3440 3326 3490 per
3365 3424 3499 3496 duas

320 3493 688 3562 occupationes
724 3496 971 3561 explicat.
1006 3522 1075 3535 --
1104 3493 1154 3545 ι.
1198 3493 1600 3546 Generatiouem
1629 3503 1676 3545 et
1718 3496 2109 3559 corruptionem
2143 3496 2393 3548 describit
2423 3536 2437 3558 ,
2477 3498 2766 3561 probatque
2804 3507 3047 3548 neutram
3085 3496 3158 3548 vel
3192 3506 3391 3544 motum
3422 3494 3499 3546 uel

319 3571 547 3636 quietem
576 3582 706 3628 esse,
734 3576 780 3619 et
814 3568 1035 3633 demque
1073 3564 1297 3616 ostendit
1337 3564 1481 3636 ipsis
1517 3580 1634 3636 cum
1680 3570 1997 3616 mutationes
2031 3575 2233 3616 tantum
2276 3570 2404 3625 sint,
2442 3567 2855 3633 ἁμεταδλησὶαν
2890 3568 3175 3634 analognm
3214 3565 3501 3636 quietiopv

319 3634 468 3704 poni.
505 3666 576 3676 —-
604 3637 654 3689 5.
689 3638 973 3702 Postquam
1027 3637 1278 3685 hactenus
1330 3634 1555 3685 absolvit
1599 3634 1661 3684 de
1696 3636 2077 3704 mutationibus
2120 3636 2585 3693 substantialibus.
2613 3638 2676 3687 de
2707 3638 3038 3703 generatione
3065 3647 3113 3687 et
3164 3635 3504 3701 corruptione

322 3702 688 3763 substantiali.
714 3707 829 3772 jam
859 3706 1039 3772 incipit
1068 3706 1325 3757 disserere
1356 3705 1421 3755 de
1455 3702 1833 3775 mutationibus
1861 3705 2146 3756 secundum
2174 3707 2415 3759 accidens
2444 3723 2460 3759 :
2510 3702 2773 3774 quomodo
2822 3707 3201 3775 augmentatio,
3238 3707 3503 3771 generatio

322 3785 602 3845 qutedam;
632 3777 936 3836 diminutio,
982 3776 1253 3841 corruptio
1289 3776 1560 3845 quadam;
1626 3774 1916 3838 dealbatio,
1964 3777 2231 3839 generatio
2278 3778 2561 3841 qua'dani;
2601 3774 2919 3842 denigratio.
2960 3779 3229 3842 corruptio
3262 3776 3504 3842 qutedam

322 3844 563 3901 dicitur:
592 3847 679 3898 ubi
712 3846 946 3915 regulam
994 3846 1255 3911 proponit,
1284 3844 1421 3909 quod
1456 3845 1511 3917 in
1538 3846 1777 3896 omnibus
1804 3846 2182 3909 pradicament
2209 3864 2231 3899 s
2270 3848 2493 3897 mutatio
2519 3852 2570 3898 in
2600 3848 2807 3907 melius.
2839 3850 3143 3917 generatio,-
3174 3849 3224 3899 in
3254 3846 3503 3917 detertus.

323 3920 596 3984 corruptio
631 3918 875 3977 dicatur;
908 3916 1047 3984 quod
1074 3917 1323 3983 exemplis
1354 3916 1539 3986 probat
1586 3917 1747 3966 trium
1783 3917 2308 3981 pra'dicamentorum
2335 3960 2347 3981 ,
2382 3918 2719 3976 substantite.
2749 3916 3062 3986 quantitatis
3091 3928 3140 3970 et
3170 3916 3443 3985 qualitatis
3485 3930 3504 3965 ,ο

326 3991 640 4054 prtecisioue
674 3991 881 4039 tandem
914 3998 1083 4040 utens.
1111 3987 1249 4051 quod
1285 3985 1453 4057 omnis
1488 3986 1710 4057 secretio
1744 3988 2039 4057 generatio,
2086 3988 2345 4039 concretio
2396 3990 2664 4047 corruptio
2693 3991 2801 4051 sit;
2858 3993 2983 4057 quia
3021 3990 3274 4057 nimii-mn
3322 3987 3508 4037 melior

323 4070 402 4112 est
434 4061 652 4111 secretio
682 4058 1032 4120 concretione,
1056 4071 1174 4108 cum
1206 4056 1417 4124 quidem
1451 4056 1614 4107 etiam
1644 4056 1697 4106 in
1726 4056 1964 4106 omnibus
1996 4057 2197 4108 entibus
2226 4058 2409 4110 melius
2442 4070 2489 4111 et
2526 4059 2753 4110 deterius
2806 4055 3120 4123 reperiatur,
3156 4067 3211 4109 ut
3240 4055 3507 4125 Pythago-

334 4146 550 4183 reorum
578 4131 735 4180 etiam
767 4130 1088 4179 auctoritate
1121 4134 1346 4177 constat.
1380 4155 1445 4167 -——
1474 4125 1526 4177 6.
1575 4126 1732 4196 Docet
1753 4126 1977 4196 quando
2006 4126 2103 4193 ﬁat
2130 4130 2392 4194 generatio
2428 4130 2736 4194 simpliciter
2772 4133 2907 4196 (qu
2935 4130 3220 4181 secimdum
3253 4126 3511 4194 prardicn-

327 4211 508 4252 menta
538 4200 614 4250 sic
640 4200 856 4259 dicitur,
889 4213 991 4249 non
1018 4211 1136 4266 qua
1171 4198 1375 4248 ratione
1409 4195 1645 4267 melioris
1676 4195 1783 4263 76
1815 4195 2271 4267 itarappellatur),
2308 4212 2354 4249 et
2380 4201 2589 4265 quando
2627 4215 2726 4251 non
2762 4195 2879 4264 fiat.
2910 4200 2999 4251 sed
3028 4199 3297 4267 generatio
3322 4197 3505 4248 saltem

328 4270 569 4335 quadam
602 4268 678 4321 vel
718 4274 1077 4336 augmentatio
1112 4268 1189 4319 cel
1224 4267 1493 4318 alteratio.
1517 4291 1589 4305 —
1613 4266 1663 4317 7.
1693 4266 2004 4338 Exemplum
2038 4268 2481 4334 augmentationis
2515 4271 2755 4335 proponit
2790 4272 2840 4321 iu
2874 4271 2985 4338 igni
3019 4266 3171 4337 cujus
3202 4278 3507 4336 augmenta-

329 4356 524 4392 mmem
559 4339 725 4391 obiter
764 4339 1044 4405 distinguit
1078 4354 1108 4388 a
1150 4338 1483 4405 generatione
1514 4344 1563 4387 et
1598 4336 1894 4388 accessione
1916 4337 2074 4403 ignis;
2107 4347 2155 4388 et
2187 4354 2287 4388 non
2324 4346 2530 4389 tantum
2565 4356 2618 4391 in
2644 4339 2767 4392 aliis
2794 4336 3105 4397 inanimatis
3137 4341 3211 4389 ita
3242 4354 3295 4389 se
3320 4338 3511 4387 habere

326 4420 810 4479 augmentationem
849 4408 1097 4469 ostendit,
1130 4408 1217 4459 sed
1244 4406 1403 4479 etiam
1439 4408 1492 4458 in
1525 4405 1888 4479 animatistet
1920 4409 2366 4479 augmentationis
2400 4409 2543 4460 illius
2571 4411 2782 4461 modum
2814 4410 3071 4470 declarat,
3100 4411 3320 4479 itemque
3355 4422 3514 4471 oppo-

328 4476 449 4532 sita:
482 4480 889 4540 diminuttanis;
922 4489 971 4530 et
998 4486 1251 4543 praterea
1278 4476 1451 4536 docet,
1478 4491 1571 4527 nec
1605 4476 1742 4541 quod
1774 4477 1999 4527 discedit
2030 4494 2058 4526 a
2090 4492 2324 4537 corpore,
2350 4478 2517 4535 ipsum
2549 4480 2714 4531 minui
2737 4517 2751 4537 .
2777 4496 2866 4530 nec
2896 4485 3033 4545 quod
3058 4478 3279 4536 accedit.
3306 4479 3512 4543 augeri.

327 4554 517 4618 quippe
553 4550 1016 4615 ἐμπνευμάτωοις
1050 4563 1150 4599 non
1178 4556 1255 4598 est
1281 4545 1382 4598 cibi
1411 4556 1796 4618 augmentatto,
1831 4547 1922 4597 sed
1952 4549 2262 4611 corruptio;
2289 4556 2337 4599 et
2369 4548 2582 4612 insuper
2607 4551 2837 4614 explicat
2868 4551 3122 4618 quomodo
3153 4547 3515 4618 augmentatiu

328 4615 395 4673 ab
421 4615 740 4671 ‘a'tterutione
766 4619 1017 4685 di/ferat};
1060 4633 1122 4669 ac
1155 4619 1377 4681 denique
1406 4615 1718 4668 determinat
1749 4619 2009 4682 quomodo
2045 4633 2145 4668 non
2189 4629 2396 4670 tantum
2430 4623 2671 4675 nutritio.
2707 4621 2798 4672 sed
2829 4615 2887 4671 et'
2908 4615 3267 4687 augmentatt’o
3305 4617 3397 4684 fiat
3422 4655 3436 4677 ,
3466 4626 3512 4665 et

330 4693 544 4757 quando
587 4697 795 4740 tantum
830 4689 1211 4757 augmentatio,
1245 4689 1455 4758 quando
1500 4686 1719 4737 nutritio
1765 4696 1812 4738 et
1848 4689 2207 4753 augmentatio
2240 4688 2422 4742 simul.
2454 4718 2524 4728 —
2547 4692 2600 4742 8.
2633 4689 2873 4742 Breviter
2903 4686 3117 4758 subjicit
3156 4692 3209 4740 in
3260 4690 3517 4753 praedica-

334 4756 507 4814 inento
538 4760 622 4811 ubi
651 4760 705 4810 in
730 4760 1104 4810 mutationibus
1137 4756 1412 4818 localibus,
1443 4771 1559 4824 qua:
1591 4758 1951 4828 generationes
1985 4760 2229 4823 quaedam
2255 4800 2268 4821 ,
2306 4774 2422 4827 qui:
2452 4769 2637 4813 contra
2661 4756 3026 4828 corruptiones
3050 4761 3295 4828 quadam
3326 4760 3519 4810 dican~

333 4844 422 4883 tur
450 4847 469 4884 :
498 4844 634 4883 sicut
674 4832 833 4881 etiam
858 4843 1022 4894 supra
1050 4828 1104 4879 in
1134 4828 1255 4883 aliis
1289 4826 1719 4895 prtedtcamentis
1753 4825 2075 4893 explicatum
2112 4828 2236 4895 fuit.

860 5132 1113 5186 usam.
1161 5128 1253 5201 ς’.

629 5225 765 5293 Περὶ
797 5224 1090 5296 γενέσεως
1115 5225 1211 5276 καὶ
1238 5220 1484 5291 φθορᾶς.

338 5331 407 5379 α’.
450 5324 517 5376 ’Β
546 5322 757 5386 γένεσις
791 5319 885 5371 καὶ
918 5322 951 5389 ὴ
993 5318 1170 5384 φθορὰ
1202 5317 1447 5384 κινήσεις
1477 5316 1578 5368 οὐκ
1611 5317 1718 5369 εἰσὶ
1748 5334 1846 5369 κυ-

2556 5128 2787 5185 CAPUT
2833 5127 2920 5182 Vl.

2268 5224 2345 5279 De
2377 5225 2714 5294 generatione
2759 5230 2809 5275 et
2854 5220 3208 5288 corruptione.

2028 5318 2079 5370 l.
2114 5315 2408 5371 Generatio
2434 5326 2485 5370 et
2527 5316 2814 5383 corruptio
2844 5325 3026 5367 motus
3072 5326 3180 5365 non
3238 5318 3366 5364 sunt
3407 5321 3528 5377 pro-

1872 5198 1916 5254 (Ζ

286 5421 428 5484 -ίως,
461 5417 601 5470 ἀλλὰ
630 5416 789 5484 μόνον
820 5409 1433 5481 μεταϐολαί.Μεταϐολὴ
1457 5410 1512 5463 δι
1539 5412 1654 5463 ἐστι
1681 5427 1747 5478 με
1759 5412 1847 5463 τά-

288 5518 430 5572 ησις
464 5510 560 5562 ἀπ’
590 5508 751 5560 ἄλλου
786 5509 863 5567 εἰς
897 5504 1047 5557 ἄλλο.
1086 5504 1161 5555 Τὸ
1202 5504 1311 5570 γὰρ
1345 5502 1513 5566 ὄνομα
1542 5502 1641 5570 τῆς
1674 5520 1848 5570 μετα-

282 5606 436 5672 ϐολῆς
479 5602 609 5655 ἄλλο
654 5600 770 5669 μετ’
802 5599 927 5651 ἄλλο
959 5597 1131 5665 δηλοῖ,
1161 5596 1255 5647 τοῦ
1291 5596 1440 5663 μετὰ
1468 5597 1848 5663 σημαίνοντος,

282 5697 358 5748 ὃτι
390 5696 448 5747 τὸ
486 5693 587 5762 μὲν
635 5691 901 5760 πρότερόν
938 5690 1087 5740 ἐστιν
1142 5690 1199 5739 ἑν
1247 5690 1311 5756 τῇ
1380 5687 1674 5756 μεταϐολῇ,
1706 5686 1763 5738 τὸ
1806 5688 1849 5739 δ’

353 5865 399 5896 ’⁸
432 5864 450 5917 l
497 5864 568 5917 De
603 5871 728 5916 ortu
757 5872 807 5916 ct
843 5861 1087 5927 interitu,
1128 5877 1175 5917 c.
1204 5861 1255 5913 5.

1956 5412 2091 5478 prie.
2141 5410 2235 5463 sed
2275 5400 2484 5464 tantum
2536 5409 2895 5462 mutationes.
2934 5403 3161 5458 Mutatio
3213 5410 3397 5455 autem
3448 5409 3532 5452 est

1959 5504 2219 5558 transitus
2241 5505 2308 5555 ab
2339 5505 2444 5555 alio
2482 5503 2534 5555 in
2564 5502 2713 5554 aliud
2744 5502 2835 5554 "'.
2872 5498 3077 5554 Nomen
3105 5496 3250 5550 enim
3280 5492 3532 5549 Graecum

1961 5597 1993 5659 ἢ
2033 5596 2307 5666 μιταὸολὴ
2355 5597 2503 5650 aliud
2551 5607 2677 5665 post
2709 5594 2857 5648 aliud
2888 5593 3131 5647 declarat
3160 5608 3175 5645 :
3212 5601 3269 5643 ttt
3303 5588 3364 5639 τὸ
3396 5602 3532 5655 μετα

1962 5688 2252 5758 signiﬁcet,
2290 5705 2456 5742 unum
2494 5689 2545 5743 in
2579 5688 2887 5743 mulatione
2924 5682 3030 5756 77
3083 5682 3255 5753 prius,
3301 5680 3534 5733 alterum

1333 5860 1378 5892 ”
1416 5861 1447 5914 5
1476 5858 1639 5929 Pltys.
1682 5859 1799 5923 ch.
1835 5870 1871 5913 t.
1902 5859 1954 5914 Ἰ.
