4208 6440
199 415 335 477 1C5?

1469 404 1804 467 EPITOME
1835 401 2177 472 Pili’SIC-l.

3317 403 3444 468 1093

193 522 655 589 ἀποφαινόμενος,
704 518 997 588 ὀργανικὸν
1053 520 1148 570 καὶ
1209 517 1306 586 τὴν
1369 518 1533 584 φύσιν
1572 516 1766 578 αἴτιον,

1878 512 2214 582 pronuntiat,
2278 524 2341 561 ex
2408 510 2594 562 eadem
2661 510 3010 577 p20portione
3071 507 3267 563 volenti
3328 528 3450 578 pei-

193 615 373 666 είτουν
401 614 692 678 συναίτιον,
731 615 794 664 ὲκ
829 613 926 680 τῆς
954 611 1126 679 αὐτῆς
1151 608 1446 675 ἀναλογίας
1484 607 1662 672 ἔξεστι
1696 608 1771 675 τῷ

192 705 503 775 βουλομένῳ
531 708 837 761 κατανοεῖν,
867 705 989 756 Ὀτι
1017 703 1114 772 μὲν
1147 697 1240 758 οῦν
1273 701 1332 752 τὸ
1351 701 1580 767 φυσικὸν
1613 701 1771 767 σῶμα

191 800 284 851 καὶ
336 798 471 868 ῦλην
523 799 634 868 ἔχει
671 802 760 852 καὶ
797 795 935 859 εἶδος
971 797 1054 863 (ἐκ
1114 794 1324 847 τούτων
1378 794 1533 862 γάρ),
1569 794 1662 845 καὶ
1691 794 1771 844 ὅτι

190 894 444 960 γενητὶν,
482 894 574 944 καὶ
602 892 691 944 διὰ
724 890 884 943 τοῦτο
909 889 1123 956 κίνησιν
1156 885 1270 956 ἔχει
1296 885 1394 956 τὴν
1426 885 1518 937 ἐπὶ
1537 885 1769 950 γένεσιν,

196 991 286 1037 x1".
320 986 427 1049 πρὸ
460 985 678 1038 πάντων
714 983 774 1036 τὸ
803 984 900 1048 τῆς
945 982 1212 1048 κινήσεως
1247 976 1418 1030 αῐτιον
1479 977 1772 1045 (κινήσεως

194 1081 301 1146 γάρ
338 1078 524 1146 οῦσης,
561 1080 776 1137 πάντως
835 1077 951 1128 ἐστι
983 1091 1036 1126 τι
1083 1074 1143 1125 τὸ
1176 1070 1407 1139 κινοῦν),
1435 1069 1607 1122 ταῦτα
1638 1071 1772 1121 πᾶσι

188 1175 303 1234 τοῖς
335 1173 495 1237 λόγου
525 1171 845 1240 μετέχουσιν
870 1167 1241 1238 ὡμολόγηται.
1285 1165 1480 1218 Τοίνυν
1505 1164 1647 1215 κατὰ
1675 1162 1771 1231 τὴν

193 1266 609 1334 προειρημένην
643 1264 938 1330 ἀναλογίαν
965 1261 1299 1329 άναλογείτω
1343 1259 1440 1327 μὲν
1472 1257 1549 1326 τῷ
1585 1255 1772 1327 χαλκῷ

191 1358 270 1424 τῷ
310 1360 537 1424 δυνάμει
583 1358 868 1425 ἀνδριάντι
927 1356 958 1423 ἠ
997 1353 1196 1421 πρώτη
1237 1351 1334 1404 καὶ
1369 1350 1611 1411 ἁνείδεος
1672 1347 1771 1416 ῦλη

192 1451 289 1499 καὶ
319 1451 587 1514 ἄμορφος,
624 1448 656 1515 ἡ
694 1447 854 1514 μόνον
888 1446 1083 1515 ἔχουσά
1134 1443 1194 1497 τὺ
1243 1443 1494 1510 δυνάμει,
1541 1443 1709 1508 ἤγουν
1739 1438 1772 1507 ὴ

189 1538 248 1594 οἷ
262 1559 326 1593 σα
356 1542 579 1609 δυνάμει
615 1542 790 1593 πάντα
819 1540 886 1592 τά
917 1538 1144 1607 φυσικά,
1177 1536 1371 1589 ταυτὸν
1405 1535 1447 1587 δ’
1490 1535 1684 1597 εἰπεῖν,
1707 1534 1774 1587 τά

192 1635 508 1692 σι·›ματεκά.
563 1631 654 1699 Τῴ
686 1631 815 1684 εῖδει
847 1631 904 1682 δὲ
941 1627 1041 1681 τοῦ
1074 1629 1393 1697 ἀνδριάντος
1420 1627 1482 1680 τὸ
1535 1630 1774 1696 φυσικὸν

189 1722 334 1785 εἶδος
380 1725 440 1776 τὸ
470 1725 567 1791 τῆς
599 1725 732 1790 ῦλης
789 1722 1140 1791 μορφωτικόν
1165 1737 1179 1750 °
1232 1722 1264 1788 ἡ
1294 1719 1352 1773 δὲ
1385 1719 1479 1773 τοῦ
1539 1721 1772 1788 δυνάμει

186 1818 466 1884 ἐνέργεια,
503 1819 672 1885 ἡγουν
720 1817 752 1884 ἡ
802 1815 1018 1880 κίνησις
1065 1813 1188 1867 καθ’
1228 1813 1294 1883 ἠν
1352 1814 1657 1882 ἐνεργεῖται
1710 1810 1771 1863 τὸ

183 1913 418 1975 δυνάμει
459 1909 839 1978 προαγόμενον
875 1910 954 1971 είς
988 1907 1049 1960 τὸ
1080 1907 1355 1976 ἐνεργείᾳ,
1388 1908 1455 1975 τῇ
1491 1905 1584 1958 τοῦ
1640 1905 1772 1973 χαλ.

185 2002 283 2054 κοῦ
313 2004 448 2068 πρὶς
474 2003 529 2053 τδ
554 2001 1144 2071 ἀνδριαντοποιηθῆναι
1172 2001 1388 2069 κινήσει
1417 2000 1773 2067 άναλογείτω,

182 2098 252 2163 τῇ
287 2093 554 2156 διαλύσει,
585 2097 650 2162 τῇ
678 2093 988 2156 διαπλάσει,
1026 2096 1090 2162 τῇ
1126 2091 1387 2156 διαξέσει.
1415 2093 1573 2146 Κατά
1602 2093 1774 2148 ταῦτα

183 2203 294 2252 γάρ
326 2185 352 2234 ο
392 2183 624 2250 δυνάμει
676 2181 923 2251 ἀνδριάς,
954 2183 1123 2250 ἧγουν
1180 2183 1208 2233 ὀ
1263 2179 1484 2250 χαλκὸς,
1540 2181 1772 2234 meam

186 2280 322 2345 πρὸς
355 2278 417 2329 τὸ
445 2275 700 2342 γενέσθαι
729 2278 796 2346 τῇ
833 2275 1088 2344 ἐνεργείᾳ
1123 2273 1368 2342 ἀνδριάς.
1424 2273 1498 2325 Τὸ
1532 2272 1578 2324 δ’
1601 2274 1774 2326 αἴτιον

183 2374 284 2437 τῆς
316 2372 586 2438 κινήσεως
623 2373 688 2440 τῇ
740 2369 864 2439 ῦλῃ,
902 2369 1026 2422 καθ’
1061 2367 1130 2438 ἢν
1189 2367 1405 2436 κίνησιν
1461 2367 1519 2418 τὸ
1545 2366 1775 2435 δυνάμει

184 2465 358 2530 alti;
395 2465 730 2533 ἐνεργεῖται,
763 2462 1012 2516 τουτέστι
1056 2460 1178 2513 καθ’
1207 2461 1272 2530 ὴν
1327 2461 1549 2529 κίνησιν
1581 2460 1643 2511 ὲκ
1677 2457 1774 2512 τοῦ

180 2557 416 2625 δυνάμει
445 2552 581 2608 εἶναι
617 2554 776 2623 σῶμα
803 2554 1036 2622 φυσικὸν
1065 2552 1097 2620 ἡ
1128 2549 1228 2619 ῦλη
1265 2550 1570 2619 προάγεται
1599 2551 1680 2611 εἰς
1714 2547 1776 2599 τὸ

183 2651 446 2717 ἐνεργείᾳ
475 2641 616 2698 εἶναι
649 2646 810 2715 σῶμα
834 2645 1062 2711 φυσικὸν
1095 2644 1273 2710 (τοῦτο
1309 2643 1364 2694 δὲ
1394 2645 1453 2694 τὸ
1480 2643 1654 2694 αἴτιον
1679 2641 1777 2712 τὴν

180 2743 353 2811 φύσιν
384 2739 694 2809 ἐλέγομεν),
727 2738 1067 2804 ἀναλογείτω
1102 2738 1168 2805 τῇ
1215 2735 1774 2805 ἀνδριαντοποιητικῇ

180 2836 371 2905 τέχνῃ.
410 2832 500 2901 Τῷ
534 2831 967 2902 ἀνδριαντοποιῷ
996 2828 1127 2896 γοῦν
1158 2828 1310 2896 αὐτῷ
1340 2828 1417 2896 τῷ
1455 2827 1680 2897 τεχνίτῃ
1723 2825 1776 2877 τί

181 2931 242 2981 τι)
279 2926 604 2996 ἀναλογοῦν,
653 2927 686 2996 ἢ
744 2927 966 2988 πάντως
999 2925 1027 2976 ὁ
1060 2922 1278 2992 πρῶτος
1333 2924 1426 2974 καὶ
1452 2923 1660 2989 ἀληθὴς
1689 2938 1775 2974 τεο

185 3024 379 3092 χνίτης
410 3024 502 3075 καὶ
560 3020 920 3090 δημιουργὸς,
952 3020 1011 3080 ός
1065 3020 1216 3070 ἐστιν
1253 3018 1282 3069 δ
1315 3016 1482 3077 Θεὸςς
1543 3016 1778 3067 Ἀυνατδν

187 3115 279 3168 οὖν
312 3116 412 3180 την
440 3114 638 3183 τέχνην
666 3113 824 3176 ἐκτὸς
864 3106 1004 3164 εἶναι
1039 3110 1134 3163 τοῦ
1180 3110 1430 3179 τεχνίτου
1464 3124 1477 3170 ;
1507 3109 1616 3160 Καὶ
1663 3109 1776 3170 πῶς

1880 606 2086 672 spicere
2137 601 2284 654 licet.
2341 600 2492 664 Quod
2528 601 2692 662 igitur
2729 601 2974 652 naturale
3007 614 3207 666 corpus
3242 612 3294 653 et
3338 619 3452 654 ma-

1877 695 2067 749 teriam
2119 704 2172 748 et
2226 692 2454 746 formam
2511 693 2706 746 habeat
2773 693 2858 759 (ex
2897 692 2979 743 his
3014 693 3160 744 enim
3197 698 3451 760 constat),

1875 787 2129 856 quOdque
2165 795 2482 854 generatum
2533 787 2625 848 sit,
2662 794 2714 837 ct
2773 783 2918 853 quod
2957 794 3154 837 motum
3193 786 3344 854 ιο]
3387 790 3452 840 ad

1876 877 2284 946 generationem
2317 874 2535 937 habeat,
2562 884 2614 926 et
2646 884 2773 928 ante
2801 873 2984 928 omnia
3019 884 3198 927 mOtus
3231 891 3452 928 causam

1881 969 2104 1037 (quippe
2148 969 2191 1022 si
2246 978 2426 1022 motus
2480 967 2592 1031 sit,
2643 968 2867 1020 omnino
2904 967 3181 1035 quippiam
3233 981 3456 1020 movens

1878 1075 2000 1114 esse
2037 1075 2265 1114 necesse
2311 1060 2422 1128 est)
2454 1077 2468 1124 ;
2517 1060 2630 1113 haec
2662 1059 2804 1126 apud
2839 1074 3028 1112 omnes
3067 1059 3276 1114 ratione
3320 1077 3459 1128 prm-

1878 1154 2023 1208 ditos
2051 1153 2105 1206 in
2140 1154 2398 1207 confesso
2429 1164 2580 1208 sunt.
2607 1152 2952 1222 Quapropter
2986 1152 3286 1206 secundum
3320 1169 3460 1222 prae-

1877 1247 2078 1303 dictam
2111 1247 2525 1318 proportionem
2576 1247 2667 1299 aeri
2713 1246 2857 1315 quod
2909 1254 3181 1315 potestate
3227 1256 3309 1301 est
3346 1260 3456 1301 sta-

1880 1346 1992 1402 tua,
2026 1338 2200 1408 prima
2233 1346 2286 1393 et
2320 1337 2524 1407 speciei
2563 1352 2781 1407 expers,
2814 1346 2868 1391 et
2913 1335 3169 1390 informis
3206 1337 3457 1400 materia,

1876 1446 1998 1500 qua:
2032 1431 2136 1487 hoc
2168 1442 2379 1486 tantum
2414 1433 2611 1495 habet,
2650 1441 2709 1484 ut
2740 1438 3010 1499 potestate
3045 1430 3118 1483 sit
3147 1447 3161 1492 ;
3200 1432 3304 1485 hoc
3335 1438 3462 1494 est,

1875 1539 1998 1594 qua
2029 1535 2300 1595 potestate
2335 1533 2420 1580 est
2470 1539 2557 1578 res
2606 1525 2786 1577 omnis
2833 1522 3102 1577 naturalis
3151 1523 3266 1577 sive
3315 1525 3461 1592 quot

1878 1619 2021 1672 idem
2053 1619 2206 1672 dictu
2240 1627 2350 1684 est,
2379 1633 2543 1672 omne
2575 1631 2800 1684 corpus,
2841 1617 3194 1685 proportione
3240 1631 3466 1682 respon-

1878 1713 2004 1767 deat
2037 1730 2052 1766 :
2085 1719 2141 1764 at
2169 1711 2358 1765 forma:
2389 1722 2584 1764 statua
2618 1709 2793 1764 forma
2826 1711 3100 1764 naturalis
3135 1725 3256 1778 quat
3288 1720 3462 1763 mate—

1877 1802 2016 1856 riam
2050 1801 2330 1856 informat.
2357 1801 2478 1856 Jam
2516 1816 2644 1854 vero
2675 1812 2834 1854 actus
2865 1801 2984 1869 ejus
3008 1799 3150 1868 quod
3189 1809 3462 1868 potestate

1877 1905 1960 1952 est
1987 1937 1999 1960 ,
2039 1898 2139 1952 hoc
2169 1905 2293 1962 est,
2329 1909 2511 1949 m0tus
2540 1910 2650 1964 quo
2677 1893 2907 1948 eﬂicitur
2946 1893 2998 1948 id
3029 1893 3175 1962 quod
3213 1909 3279 1947 ex
3314 1901 3464 1962 pote-

1878 1998 2019 2046 state
2051 2005 2175 2044 esse
2213 1989 2282 2042 ad
2314 2000 2440 2043 actu
2474 2004 2595 2043 esse
2629 1990 2951 2058 producitur
2986 2009 2999 2044 :
3033 1988 3161 2042 airis
3191 1987 3365 2041 motui
3396 1989 3461 2038 aut

1878 2085 1984 2139 hoc
2026 2092 2086 2138 ut
2127 2093 2309 2139 statua
2349 2082 2714 2147 conficiatur,
2755 2082 2860 2136 hoc
2893 2090 2978 2138 est
3007 2123 3020 2146 ,
3067 2082 3458 2146 dissolutioni,

1876 2175 2158 2242 eﬂictiOui,
2193 2176 2517 2244 expolitioni
2557 2176 2841 2244 analogice
2861 2176 3212 2244 respondeat.
3255 2175 3450 2228 Securi»

1877 2268 2008 2323 dum
2041 2270 2149 2324 hoc
2197 2269 2343 2324 enim
2387 2267 2439 2322 id
2481 2267 2627 2337 quod
2673 2278 2942 2336 potestate
2979 2275 3062 2320 est
3094 2277 3275 2321 statua
3302 2307 3316 2328 ,
3361 2266 3464 2319 hcc

1878 2371 1963 2416 est
2028 2377 2126 2427 ms,
2165 2362 2229 2416 ad
2270 2363 2320 2416 id
2364 2371 2615 2415 movetur
2679 2371 2738 2413 ut
2783 2371 2904 2413 actu
2939 2362 3031 2412 tiat
3073 2369 3275 2414 statua.
3309 2359 3463 2424 Quod

1879 2457 2116 2527 denique
2151 2457 2392 2511 materiae
2427 2470 2597 2510 causa
2630 2464 2810 2508 motus
2843 2460 2947 2521 est,
2979 2468 3086 2523 quo
3119 2465 3270 2506 m0tu
3302 2452 3369 2504 ab
3400 2468 3464 2502 eo

1879 2553 2026 2622 quod
2059 2560 2329 2620 potestate
2365 2561 2452 2604 est
2485 2565 2685 2619 corpus
2720 2549 2971 2603 naturale
3014 2548 3080 2601 ad
3112 2548 3215 2601 hoc
3247 2556 3301 2599 ut
3337 2557 3460 2600 actu

1879 2649 1950 2702 sit
1973 2661 2173 2715 corpus
2198 2646 2470 2708 naturale,
2495 2646 2722 2699 materia
2757 2643 3081 2712 producitur
3118 2641 3289 2711 (atqui
3323 2642 3464 2695 hanc

1879 2756 2126 2807 causam,
2156 2750 2410 2794 naturam
2435 2739 2800 2806 dicebamus),
2829 2739 3108 2794 statuaries
3137 2738 3238 2791 arti
3272 2739 3461 2790 eadem

1880 2836 2242 2905 prOportione
2279 2832 2629 2902 respondeat.
2657 2830 2933 2886 Statuario
2963 2832 3126 2900 igitur
3161 2831 3262 2899 ipsi
3292 2845 3346 2884 et
3376 2845 3464 2884 ar-

1881 2928 2016 2983 tifici
2055 2931 2183 3000 quid
2217 2938 2302 2984 est
2335 2929 2480 2998 quod
2521 2929 2678 2997 102
2713 2930 3061 2997 pr0portione
3091 2929 3418 2998 respondeat
3447 2970 3462 2993 ,

1881 3038 2045 3091 quam
2085 3023 2317 3076 omnino
2359 3022 2568 3088 primus
2623 3021 2714 3073 ille
2758 3027 2809 3073 et
2863 3035 3027 3074 verus
3065 3022 3258 3074 artifex
3300 3031 3464 3090 atque

1881 3116 2131 3170 Conditor
2162 3115 2254 3184 qui
2291 3122 2375 3170 est
2423 3114 2608 3168 Deus?
2651 3110 2875 3168 Fierine
2943 3114 3110 3183 igitur
3151 3124 3363 3184 potest,
3409 3124 3464 3168 ut

187 3208 345 3260 ἔσται
377 3207 628 3276 τεχνίτης
649 3199 807 3267 οὗτος
828 3204 927 3273 τὴν
950 3205 1147 3273 τέχνην
1172 3203 1274 3255 οὑκ
1311 3202 1450 3270 ἔχων
1477 3203 1533 3252 ὲν
1558 3200 1736 3270 ἑαυτῷ
1762 3219 1773 3265 ;

1884 3221 1976 3260 ars
2013 3206 2084 3258 sit
2118 3216 2274 3259 extra
2311 3205 2621 3259 artiﬁcem?
2659 3205 2722 3258 Et
2753 3219 2861 3273 quo
2910 3204 3129 3258 tandem
3170 3209 3333 3260 modo
3377 3207 3464 3260 hic

195 3300 263 3352 Ἦ
307 3298 440 3366 γοῦν
488 3300 536 3351 οί
565 3301 630 3368 τῇ
665 3299 829 3368 τέχνῃ
868 3297 967 3367 τὴν
1001 3297 1166 3364 φύσιν
1204 3293 1520 3356 εἰκάζοντες
1573 3292 1775 3346 δώσου-

188 3409 272 3446 σιν
312 3387 454 3444 εἷναι
480 3392 576 3461 τὴν
608 3393 770 3459 φύσιν
793 3391 944 3459 παρὰ
982 3389 1105 3459 (τῷ)
1133 3388 1253 3456 Θεῷ
1284 3390 1380 3440 καὶ
1413 3385 1549 3439 Θεοῦ
1584 3387 1777 3454 σοφίαν

183 3488 280 3538 καὶ
341 3485 547 3552 γνῶσιν
577 3485 784 3552 ταύτην
816 3483 1164 3546 καλέσουσιν,
1229 3480 1262 3553 ἢ
1299 3481 1346 3531 οί
1391 3479 1644 3544 λέγοντες
1676 3479 1776 3545 τὴν

184 3578 354 3646 φύσιν
393 3579 726 3646 ἐνυπάρχειν
779 3579 892 3638 τοῖς
924 3576 1176 3642 φυσικοῖς
1207 3574 1324 3635 τὸν,
1360 3572 1492 3625 Θεὸν
1525 3571 1624 3636 τῆς
1653 3572 1775 3623 ἑαυ-

185 3669 283 3722 τοῦ
314 3670 507 3733 σοφίας
533 3670 629 3721 καὶ
679 3667 938 3735 γνώσεως
1001 3664 1451 3734 ἀλλοτριώσουσι.
1515 3664 1606 3732 Μή
1645 3680 1773 3716 ποτε

185 3761 344 3828 γοῦν,
381 3763 616 3829 έπείκερ
671 3762 731 3814 ἑν
770 3762 888 3822 ταῖς
934 3756 1157 3826 τέχναις
1217 3758 1312 3810 καὶ
1366 3755 1577 3824 ὄργανά
1634 3757 1775 3808 εἰσιν

187 3854 520 3922 ὺπουργικά,
555 3853 764 3921 βέλτιον
797 3854 977 3906 εἰπεῖν
1013 3851 1113 3918 τὴν
1159 3852 1322 3917 φύσιν
1360 3849 1582 3918 ὀργάνῳ
1640 3849 1774 3917 μᾶλ-

185 3947 277 4000 λον
323 3949 612 4011 ἀναλογεῖν
665 3947 792 4016 θεία
825 3947 970 4014 ῥοπῇ
1039 3943 1392 4011 κινουμένην,
1460 3942 1552 3993 καὶ
1586 3940 1771 3993 ἄλλοτε

186 4041 367 4101 ἄλλως
397 4043 466 4092 τά
524 4041 733 4107 φυσικά
766 4036 1208 4107 μετατιθεμένην
1245 4038 1341 4087 καὶ
1390 4035 1770 4104 μετατρέπουο

184 4147 308 4196 σιν,
342 4129 421 4194 οἷς
454 4133 482 4184 ὁ
514 4132 851 4200 δημιουργὸς
878 4131 1177 4183 ἐπίσταται
1239 4128 1419 4194 λόγοις
1475 4133 1617 4181 κατὰ
1673 4126 1776 4197 τὴν

181 4224 632 4293 ἐμφυτον-αὺτοῦ
672 4223 870 4289 σοφίαν
908 4225 1002 4276 καὶ
1061 4221 1474 4288 ἀκατάληπτον,
1533 4221 1630 4288 τὴν
1663 4219 1774 4273 τῶν

182 4317 322 4368 ὅλων
357 4316 648 4385 ποιητικὴν
702 4316 798 4368 καὶ
833 4315 1167 4384 συνεκτικὴν
1205 4314 1301 4366 καὶ
1349 4312 1772 4382 διακυδερνητι-

185 4427 310 4476 κην.

1881 3300 1986 3351 erit
2019 3297 2218 3352 artifex
2243 3338 2256 3361 ,
2293 3297 2384 3366 qui
2422 3309 2595 3352 autem
2634 3299 2686 3350 in
2721 3313 2778 3352 se
2813 3313 2921 3351 non
2961 3299 3200 3352 habeat?
3231 3299 3333 3364 Qui
3366 3299 3465 3368 igi-

1884 3402 1971 3442 tur
2012 3389 2113 3443 arti
2166 3400 2416 3443 naturam
2469 3400 2837 3458 comparant,
2890 3401 2985 3445 aut
3025 3400 3278 3444 naturam
3321 3398 3462 3460 apud

1881 3481 2049 3535 Deum
2079 3497 2201 3536 esse
2236 3488 2562 3545 concedent,
2593 3482 2800 3552 Deique
2832 3484 3158 3552 sapientiam
3191 3493 3244 3538 et
3279 3487 3468 3553 cogni-

1881 3575 2082 3626 tionem
2113 3588 2232 3625 eam
2267 3575 2663 3642 appellabunt:
2702 3583 2797 3627 aut
2838 3575 2883 3629 si
2919 3585 3167 3629 naturam
3207 3577 3260 3629 in
3302 3578 3465 3632 rebus

1882 3668 2222 3723 naturalibus
2259 3669 2437 3722 inesse
2469 3669 2671 3732 dicent,
2707 3667 2876 3722 Deum
2912 3686 2941 3723 a
2976 3686 3074 3724 sua
3107 3671 3378 3738 sapientia
3411 3682 3465 3724 et

1878 3760 2192 3828 cognitimie
2226 3761 2612 3813 removebunt.
2645 3760 2902 3830 Nunquid
2934 3763 3100 3832 igitur
3133 3746 3256 3815 cum
3292 3764 3345 3817 in
3377 3780 3464 3818 ar-

1883 3851 2030 3904 tibus
2062 3853 2229 3905 etiam
2267 3852 2634 3907 instrumenta
2691 3855 3020 3908 administra
3069 3856 3221 3919 sint,
3265 3858 3462 3911 melius

1878 3945 1982 3998 erit
2013 3945 2200 4000 dicere
2227 3984 2243 4010 ,
2293 3957 2546 3999 naturam
2589 3962 2715 4000 cum
2750 3950 3118 4004 instrumento
3149 3951 3332 4018 potius
3371 3951 3464 4004 ha-

1881 4037 2007 4091 bere
2041 4039 2478 4106 proportionem,
2515 4054 2637 4107 qua:
2667 4041 2854 4093 divino
2895 4051 3028 4096 nutu
3074 4056 3383 4109 moveatur,
3414 4059 3462 4096 (ιι

1878 4127 2014 4180 alias
2044 4127 2154 4180 alio
2192 4129 2357 4182 modo
2392 4143 2481 4183 res
2510 4131 2797 4183 naturales
2832 4141 3155 4199 transponat
3194 4143 3250 4186 et
3283 4135 3462 4188 inver-

1880 4226 1976 4283 tat,
2013 4221 2321 4275 rationibus
2354 4223 2614 4278 nimirum
2642 4226 2731 4290 iis,
2761 4241 2898 4293 quas
2933 4227 3048 4295 ipse
3077 4227 3333 4282 conditor
3364 4248 3462 4300 pro

1877 4323 1975 4362 sua
2021 4312 2124 4366 sibi
2175 4314 2339 4367 insita
2374 4324 2428 4369 et
2457 4319 2706 4370 omnium
2761 4318 3049 4372 hominum
3096 4325 3460 4389 comprehen-

1877 4402 2089 4458 sionem
2123 4405 2424 4474 eﬂ‘ugicnte
2455 4409 2746 4476 sapientia,
2786 4427 2892 4477 qua
2933 4414 3192 4467 universa
3231 4414 3345 4468 hinc
3381 4415 3461 4468 ef-

1878 4496 2008 4559 ficit,
2048 4505 2234 4551 tuetur
2266 4509 2320 4553 et
2352 4511 2642 4569 gubernat,
2681 4503 2932 4571 cognitas
2973 4506 3179 4560 habet?

250 4588 314 4642 δ’.
355 4586 609 4641 τοσαῦτα
634 4584 730 4638 καὶ
755 4584 885 4654 περὶ
911 4585 1152 4652 φύσεως,
1176 4583 1300 4653 ἥτις
1335 4583 1510 4647 ἐστὶν,
1531 4584 1605 4646 ὡς
1631 4585 1773 4654 εἰρη-

1958 4589 2012 4646 4.
2054 4589 2121 4644 Et
2151 4591 2266 4645 haec
2294 4595 2458 4646 etiam
2490 4594 2558 4648 de
2596 4605 2816 4660 natura,
2841 4611 2983 4664 qua,
3014 4607 3071 4650 ut
3095 4597 3321 4665 dictum,
3357 4601 3460 4654 illis

183 4697 295 4744 ται,
323 4682 436 4741 τοῖς
468 4678 570 4746 μὲν
619 4679 968 4746 κινουμένοις
1023 4677 1208 4746 μόνον,
1269 4676 1414 4744 ἁρχὴ
1471 4678 1768 4745 κινήσεως,

185 4772 297 4834 τοῖς
328 4771 385 4822 δὲ
415 4768 761 4834 κινουμένοις
797 4766 892 4818 καὶ
930 4765 1256 4835 ἠρεμοῦσιν,
1285 4765 1430 4837 ἁρχὴ
1494 4768 1771 4835 κινήσεως

185 4865 275 4918 καὶ
306 4865 576 4932 ἠρεμίας,
621 4863 766 4931 ἁρχὴ
801 4862 898 4914 καὶ
946 4861 1098 4913 αἰτία
1127 4863 1406 4931 προσεχής
1428 4876 1442 4889 ⁸
1507 4861 1568 4914 τὸ
1599 4864 1771 4915 κινεῖν

182 4957 380 5025 ἔχουσα
411 4957 506 5008 καὶ
543 4955 828 5024 ἠρεμίζειν
859 4954 928 5006 τά
961 4953 1066 5006 ὑπὸ
1087 4953 1188 5022 τὴν
1235 4952 1509 5023 αῐσθησιν,
1541 4955 1771 5008 τοιῶσδέ

184 5067 296 5111 ως
337 5049 597 5110 ἕκαστον,
631 5051 771 5101 κατὰ
795 5048 894 5115 τὴν
927 5045 1114 5100 νεῦσιν
1150 5046 1243 5099 τοῦ
1277 5046 1441 5117 μόνον
1468 5047 1636 5116 σοφοῦ
1669 5048 1766 5116 ἁρ-

185 5140 496 5212 χιτέκτονος
537 5141 632 5192 καὶ
655 5138 979 5193 πανταιτίου
1001 5135 1159 5192 Θεοῦ.

1766 5379 1837 5392 .-

1429 5461 1762 5520 SYNOPSIS
1800 5464 2075 5521 CAPlTlS
2117 5463 2186 5517 IX
2218 5507 2230 5530 ,

1327 5603 1465 5652 QUOD
1506 5602 1602 5641 EST
1645 5601 1711 5639 DE
1748 5601 1879 5641 LOCO
1915 5603 1980 5640 ΕΤ
2017 5602 2288 5642 τειροκε.

1877 4697 2000 4754 qua:
2037 4683 2306 4738 duntaxat
2341 4696 2633 4740 moventur
2659 4725 2674 4750 ,
2730 4688 3062 4756 principium
3119 4701 3296 4745 motus
3337 4712 3350 4746 :
3393 4695 3458 4746 iis

1877 4791 1996 4846 qua:
2036 4785 2325 4829 moventur
2355 4785 2408 4829 et
2440 4779 2756 4844 quiescunt,
2787 4790 2968 4835 motus
3000 4789 3054 4834 et
3079 4783 3278 4850 quietis
3310 4784 3459 4849 prin-

1879 4868 2106 4938 cipium,
2138 4867 2470 4936 principium
2508 4869 2732 4936 inquam
2763 4881 2818 4923 et
2841 4885 3008 4925 causa
3035 4874 3281 4938 proxima
3312 4890 3327 4928 :
3357 4877 3458 4928 hoc

1878 4959 2109 5020 habens,
2147 4967 2207 5010 ut
2237 4968 2473 5023 moveat,
2507 4969 2560 5012 et
2593 4961 2660 5012 ad
2695 4960 2935 5029 quietem
2977 4963 3132 5032 103
3174 4966 3455 5031 perducat.

1875 5066 1938 5106 ea
1982 5067 2104 5119 qua
2157 5051 2261 5105 sub
2307 5067 2529 5106 sensum
2563 5051 2809 5120 cadunt,
2847 5063 2997 5109 certo
3037 5058 3250 5125 singula
3295 5063 3456 5113 modo

1874 5158 1972 5212 pro
2004 5143 2164 5197 unius
2193 5144 2340 5198 illius
2368 5145 2632 5212 sapientis
2662 5147 2950 5202 architecti
2983 5152 3338 5221 omniumque
3372 5169 3451 5204 ru-

1873 5252 1993 5290 rum
2027 5237 2270 5294 auctoris
2306 5237 2396 5291 Dei
2429 5247 2566 5291 nutu
2599 5247 2652 5293 et
2687 5240 2936 5294 arbitrio.

181 5703 228 5756 i.
281 5699 361 5753 Εα
391 5715 509 5769 qua
539 5709 686 5762 sunt,
717 5699 1110 5769 quadrifariam
1145 5699 1357 5765 dividit,
1388 5703 1443 5754 in
1481 5711 1674 5763 motus,
1712 5713 1948 5753 motuum
1983 5704 2271 5768 principia,
2306 5719 2365 5758 ea
2397 5721 2514 5772 qua:
2550 5718 2846 5768 moventur,
2880 5718 2927 5760 et
2965 5707 3190 5775 denique
3221 5724 3283 5760 ea
3320 5723 3436 5773 qum

243 5784 363 5823 sunt
394 5779 584 5844 horum
615 5775 826 5844 gratia,-
865 5784 914 5823 et
947 5781 1202 5836 prwtcrea
1239 5776 1497 5840 corporis,
1533 5775 1659 5834 luci,
1697 5785 1890 5831 motus.
1929 5784 1979 5824 et
2013 5785 2264 5841 temporis
2314 5786 2553 5828 mutuam
2593 5780 2776 5844 σχέσιν
2822 5796 2910 5830 seu
2945 5780 3278 5844 affectionem
3314 5793 3438 5840 pro-

243 5844 410 5910 ponit.
434 5873 502 5885 —
524 5843 578 5895 2.
613 5843 806 5894 Locum
833 5845 1078 5895 describit
1113 5852 1164 5894 et
1199 5839 1608 5916 descriptionem
1643 5847 2050 5913 paraphrastice
2086 5839 2339 5914 caulical,
2365 5858 2412 5901 et
2446 5839 2810 5920 primogenita
2842 5839 3004 5916 quare
3025 5839 3328 5917 super/ieies
3357 5849 3435 5903 di-

532 5941 806 6001 Ριτιιοι..
845 5939 960 5999 Gn.
1005 5937 1242 6003 CXLII.

3043 5947 3115 6011 3i:
