4208 6440
716 398 853 457 ἶο99
1907 400 2321 461 ΝΠῚΕΡΙῙΟΙΗ
2360 399 2786 461 ΒΙΕΜΜῘΒᾸΞ
3824 396 3971 458 1100

778 520 933 565 catur
966 514 1188 581 probat,
1222 525 1267 567 et
1304 517 1711 583 participatione
1746 517 1903 569 locati
1934 510 2356 571 dimensio‘it‘ibus
2390 520 2738 585 longitudinis
2766 528 2812 570 et
2848 517 3147 569 latitudinis
3184 517 3475 586 subjectum
3517 531 3625 569 esse
3663 522 3923 586 monstrat
3951 552 3966 571 .

777 585 903 651 quia
939 588 1185 638 nimirum
1214 596 1289 637 est
1318 588 1641 653 superﬁcies.
1664 616 1731 625 —
1759 588 1810 640 ⁸5.
1849 589 2109 655 Exempla
2143 588 2244 639 loci
2278 584 2504 641 recenset
2533 628 2543 647 .
2578 603 2627 641 et
2660 592 2712 642 in
2746 591 2917 653 primo
2950 605 3041 654 per
3077 584 3474 654 occupationem
3506 586 3667 638 diluit
3701 584 3969 652 objectio-

781 670 898 728 nem
939 659 1154 728 tacitam
1181 699 1192 715 ,
1232 667 1277 707 et
1310 661 1361 710 in
1399 659 1565 728 altero
1594 659 1902 711 divisionem
1939 660 2039 711 loci
2077 659 2131 710 in
2164 660 2599 717 universaliorem
2634 670 2684 713 et
2718 659 3177 728 particulariorein
3204 698 3216 718 ,
3250 658 3352 711 sive
3418 660 3660 710 latiorem
3700 668 3760 728 et
3790 670 3971 728 anng-

788 725 1003 778 stiorem
1040 726 1304 780 insinuat.
1348 758 1411 767 ——
1434 728 1483 778 Δ.
1525 726 1719 780 Locum
1761 731 2106 797 prOpinqunm
2140 731 2229 796 qui
2264 732 2420 781 etiam
2454 731 2623 798 magis
2656 723 2895 798 proprius
2928 738 3001 781 est
3039 730 3312 789 declarat,
3347 737 3396 781 et
3420 728 3679 794 geminum
3712 725 3823 798 ejus
3857 723 3971 798 olli-

782 798 916 847 ciuin
951 799 1183 864 exponit,
1219 798 1482 849 continere
1510 809 1557 849 et
1590 801 1853 867 suscipere
1886 795 2228 855 locatum.r—
2256 801 2308 852 5.
2349 795 2560 852 Relicta
2586 795 2683 852 hac
2719 795 2780 853 de
2820 800 2934 852 loco
2966 802 3225 852 sententia
3252 840 3266 859 ,
3316 816 3432 865 qua?
3467 799 3625 849 etiam
3662 795 3969 867 Aristotelis

778 876 874 927 est,
908 868 1174 941 propriam
1210 868 1365 941 affert
1394 870 1733 941 sententiam,
1768 882 1814 921 et
1850 872 2021 922 locum
2060 887 2159 921 non
2196 880 2398 923 tantum
2429 873 2598 936 primo
2628 872 2811 939 deﬁnit
2842 881 2887 923 et
2918 886 3013 935 pro
3044 870 3250 935 duplici
3281 869 3439 941 104
3465 870 3601 921 situs
3637 866 3966 941 di/ferentia,

778 939 1077 990 essentialis
1110 949 1156 988 et
1191 938 1465 991 adventitii
1490 981 1504 1002 ,
1535 941 1589 991 in
1621 943 1919 991 naturalem
1959 951 2005 992 et
2040 942 2415 993 occidentalem
2448 942 2639 993 dividit
2664 937 2801 1003 ,Vsed
2836 943 3000 993 etiam
3032 956 3123 1003 pro
3157 937 3453 991 essentialis
3492 942 3623 989 situs
3670 937 3967 989 variatione

781 1007 951 1058 locum
981 1022 1180 1075 quoque
1214 1004 1511 1060 naturalem
1542 1009 1848 1071 subdividit,
1892 1010 1942 1061 in
1977 1028 2095 1063 eum
2129 1028 2279 1079 quem
2317 1011 2560 1078 qua'libet
2598 1027 2678 1065 res
2727 1011 2877 1063 habet
2914 1020 2967 1062 ut
3004 1021 3172 1062 totum
3213 1025 3303 1076 per
3330 1027 3383 1063 se
3415 1017 3648 1075 accepta,
3684 1016 3734 1079 et
3762 1008 3814 1058 in
3845 1019 3966 1056 eum

779 1092 931 1143 quem
964 1080 1119 1129 habet
1141 1088 1203 1149 ut
1239 1094 1366 1145 pars
1403 1080 2001 1149 universiiconsiderata
2027 1122 2041 1143 ,
2088 1077 2235 1148 quem
2277 1077 2556 1148 utrumque
2599 1084 2836 1149 exemplo
2872 1090 3025 1133 terra!
3056 1081 3294 1133 declarat
3319 1121 3333 1137 .
3380 1092 3428 1133 et
3458 1077 3961 1149 posterioris_etiam

782 1150 883 1197 vim
931 1147 1229 1200 naturalem
1276 1150 1506 1213 exponit.
1533 1174 1601 1188 —
1624 1148 1678 1203 ϐ.
1711 1147 1909 1202 Locum
1956 1145 2108 1203 hunc
2132 1168 2284 1214 quem
2318 1153 2407 1204 ille
2443 1145 2725 1215 intelligit,
2750 1145 2915 1219 'negat
2948 1154 3179 1213 corporis
3214 1145 3525 1203 continentis
3574 1145 3961 1219 extremitatem

782 1232 893 1270 esse
914 1260 931 1283 ,
970 1228 1017 1271 et
1045 1219 1282 1272 eumdem
1313 1232 1343 1268 α
1374 1233 1429 1270 re
1452 1220 1866 1277 inseparabilem
1895 1238 2005 1273 esse
2037 1226 2301 1285 ostendit,
2337 1239 2453 1273 cum
2484 1224 2692 1285 quidem
2724 1217 3092 1273 Ariitotelicus
3128 1223 3271 1272 locus
3303 1222 3364 1273 sit
3404 1217 3726 1288 separabilis
3754 1255 3767 1274 .
3809 1225 3866 1288 ut
3898 1227 3964 1265 ex

786 1289 1077 1340 locatorum
1105 1303 1385 1359 corporum
1422 1290 1771 1342 translatione
1800 1302 1981 1358 patet;
2016 1302 2061 1343 et
2097 1309 2187 1359 per
2216 1293 2458 1359 πόρισμα
2494 1291 2652 1358 infert
2682 1331 2694 1350 ,
2724 1308 2839 1357 qua:
2871 1305 3139 1343 moventur
3171 1291 3412 1344 localiter
3439 1285 3678 1357 {partim
3714 1288 3777 1359 in
3807 1285 3964 1359 loco.

785 1360 978 1431 partim
1012 1374 1119 1431 non
1149 1359 1219 1431 in
1240 1356 1352 1411 loco
1380 1376 1511 1411 esse.
1543 1391 1606 1403 —
1630 1361 1683 1413 7.
1721 1355 1898 1421 Aperit
1934 1378 2078 1426 quem
2098 1355 2491 1427 'supi‘a'nempe
2526 1355 2755 1414 membro
2794 1362 2973 1431 quinto
3001 1377 3090 1426 per
3125 1363 3365 1413 accidens
3401 1355 3571 1413 locum
3607 1356 3821 1414 dixerit,
3858 1355 3964 1405 sci-

783 1429 903 1480 licet
951 1429 1384 1492 Aristotelicum;
1423 1446 1570 1495 quem
1617 1432 1739 1481 item
1788 1431 1858 1482 ibi
1904 1432 2063 1483 situm
2109 1434 2457 1483 adventitium
2507 1429 2987 1500 appellarit—8.
3036 1431 3401 1496 Deﬁnitionem
3444 1432 3544 1483 loci
3582 1431 3809 1481 alteram
3847 1440 3966 1500 quiq

777 1501 1326 1571 est,_mensura‘_sittts
1360 1492 1540 1551 eorum
1576 1502 1891 1564 aute/posita
1922 1511 2064 1563 sunt,
2092 1503 2467 1563 commendat;
2510 1492 2648 1571 quod
2680 1518 2885 1554 omnem
2919 1503 3089 1553 locum
3110 1492 3549 1566 comprehendat,
3584 1515 3702 1551 cum
3731 1512 3849 1547 eum
3878 1492 3968 1559 qui

779 1580 854 1621 est
886 1569 939 1620 in
966 1568 1294 1639 corporibus,
1328 1582 1441 1620 tum
1470 1586 1588 1622 eum
1622 1571 1707 1636 qui
1734 1574 1894 1623 estin
1929 1573 2276 1633 incorporeis,
2308 1582 2364 1623 ut
2394 1568 2549 1624 etiam
2586 1575 2639 1623 in
2674 1575 2901 1625 numeris
2930 1589 2946 1633 ;
2980 1574 3103 1639 quin
3136 1583 3181 1623 et
3215 1587 3544 1637 coiporeum,
3581 1577 3967 1639 συνηνωμένα-

782 1639 913 1710 lem,
953 1648 1062 1690 tum
1097 1638 1515 1703 occidentalem;
1554 1650 1601 1693 et
1638 1642 1936 1693 naturale»:
1972 1644 2162 1694 iterum
2197 1651 2493 1710 utrumque.
2529 1642 2699 1708 Atque
2742 1646 2817 1693 ita
2866 1636 3281 1709 disputationem
3308 1636 3391 1693 de
3431 1642 3542 1693 loco
3573 1636 3865 1710 concludit.
3894 1661 3967 1710 έ-

776 1708 830 1761 9.
875 1708 953 1759 Αά
1000 1710 1409 1775 disputatimiein
1445 1712 1645 1763 accedit
1678 1712 1741 1763 de
1777 1720 2003 1775 tempore
2028 1753 2041 1773 ,
2075 1715 2211 1775 quod
2257 1705 2483 1781 priorum
2526 1705 2845 1779 incomplete
2875 1705 2965 1777 per
2997 1728 3273 1763 numerum
3306 1723 3477 1763 motus
3508 1710 3739 1781 deﬁnit;
3775 1705 3966 1781 deinde

779 1794 1056 1831 numerum
1087 1781 1215 1849 facit
1242 1781 1501 1845 duplicem
1536 1792 1896 1834 numerantem
1930 1794 1975 1834 et
2012 1775 2679 1847 numeratum,‘ipsumque
2708 1775 2891 1851 ’105
2932 1794 3290 1834 numerantem
3326 1783 3609 1833 subdividit
3642 1779 3695 1829 in
3730 1792 3846 1828 eum
3880 1775 3967 1840 qui

781 1860 855 1903 est
891 1855 1172 1903 secundum
1202 1853 1555 1917 quantitatem
1585 1893 1595 1909 ,
1633 1862 1681 1903 et
1710 1854 1761 1904 in
1799 1869 1917 1906 eum
1960 1855 2045 1910 qui
2080 1867 2153 1906 est
2199 1864 2485 1905 secundum
2517 1856 2752 1905 ordinem
2776 1896 2789 1914 ,
2825 1870 2885 1904 ac
2922 1856 3142 1917 denique
3175 1854 3403 1904 ostendit
3445 1866 3647 1913 tempus
3688 1860 3966 1899 numerum

776 1930 968 1993 esseet
1004 1931 1366 1993 numerantem
1401 1932 1447 1973 et
1483 1934 1858 1985 numeratum;
1896 1924 1986 1974 sed
2022 1936 2357 1975 numeratum
2394 1926 2680 1975 secundum
2717 1925 2980 1981 ordinem.
3019 1924 3113 1974 ltoc
3143 1932 3239 1981 est,
3276 1924 3561 1974 secundum
3599 1920 3756 1993 prius
3784 1928 3829 1993 et
3870 1930 3965 1993 pq-

781 1992 993 2052 sterius,
1029 1992 1183 2060 idque
1220 1992 1273 2041 in
1305 2001 1444 2061 motu
1481 1993 1652 2057 primo
1684 2004 1731 2045 et
1762 1993 1991 2056 simplici
2022 1995 2297 2048 circulari.
2336 1995 2508 2061 qualis
2546 2002 2621 2045 est
2655 1995 2872 2046 cmlestis
2906 2005 3079 2045 motus
3110 2010 3127 2045 :
3158 1994 3415 2061 quomodo
3448 1992 3692 2061 temporis
3723 1987 3969 2054 deﬁnitio

784 2062 1093 2130 completur.
1118 2061 1292 2113 ——l0.
1331 2060 1568 2116 Ostendit
1604 2072 1805 2131 tempus
1842 2080 2145 2117 men~urure
2176 2060 2373 2116 molunt
2408 2064 2744 2125 circularem,
2774 2080 2994 2132 eumque
3036 2060 3317 2124 ctelestem,
3359 2066 3448 2115 sed
3483 2080 3573 2129 per
3605 2060 3762 2132 illuni
3787 2071 3968 2109 omnes

783 2129 916 2185 alios
954 2144 1125 2183 motus
1154 2148 1171 2185 :
1201 2142 1247 2183 et
1281 2148 1395 2184 esse
1424 2136 1631 2198 quidem
1668 2129 1845 2186 motus
1878 2135 2157 2187 circuluris
2190 2150 2464 2187 numerum
2509 2144 2617 2187 tum
2650 2129 3014 2186 numerantem
3043 2173 3055 2193 ,
3094 2142 3201 2185 tum
3251 2144 3582 2185 numeratum
3607 2148 3633 2196 ς,
3674 2129 3762 2180 sed
3811 2137 3969 2177 ciete-

785 2220 965 2254 rorunt
1006 2214 1237 2253 motuum
1274 2214 1635 2254 numerantem
1667 2204 1933 2255 duntaxat
1961 2244 1973 2262 ,
2008 2220 2109 2257 non
2150 2206 2308 2258 etiam
2344 2216 2697 2258 numeratum.
2744 2202 2891 2257 Unde
2925 2205 3087 2263 infert
3117 2218 3319 2270 tempus
3356 2204 3542 2272 ubique
3571 2203 3707 2253 idem
3737 2214 3873 2272 esse.
3901 2222 3972 2233 —

785 2273 869 2326 il.
905 2272 1180 2326 Rationem
1210 2277 1444 2340 assignat
1472 2314 1485 2336 ,
1522 2290 1687 2339 quare
1719 2283 1925 2342 tempus
1964 2277 2101 2341 quod
2131 2292 2249 2328 cum
2281 2288 2423 2328 motu
2464 2276 2619 2327 loculi
2658 2285 2732 2327 est
2770 2276 3061 2328 evidentius
3088 2277 3153 2326 sit
3186 2269 3242 2325 eo
3276 2274 3411 2337 quod
3444 2269 3519 2325 est
3550 2289 3666 2325 cum
3699 2269 3821 2321 aliis
3853 2284 3967 2318 mo-

786 2344 959 2407 tibus;
994 2354 1041 2395 et
1076 2345 1231 2411 quasi
1267 2346 1757 2414 peritorreciionem
1796 2347 2003 2412 subjicit
2036 2346 2168 2399 illud
2200 2348 2368 2413 ipsum
2402 2348 2538 2414 quod
2570 2357 2645 2400 est
2682 2363 2799 2399 cum
2833 2347 2993 2399 loculi
3027 2355 3170 2397 motu
3203 2355 3401 2407 tempus
3418 2346 3575 2395 etiam
3612 2343 3743 2414 alios
3785 2349 3962 2389 motus

786 2430 1114 2467 incusurai'e.
1138 2443 1206 2452 -—
1233 2415 1320 2467 12.
1359 2413 1555 2466 Probat
1590 2425 1790 2483 tempus
1823 2434 1926 2467 non
1959 2427 2166 2469 tantum
2199 2412 2456 2477 motuum,
2494 2420 2581 2469 sed
2610 2418 2767 2469 etiam
2794 2420 3027 2486 quietum
3060 2432 3170 2468 esse
3202 2431 3526 2476 mensuram,
3555 2414 3644 2486 ubi
3675 2412 3973 2486 etiamnu-

778 2486 966 2552 plicem
996 2487 1120 2553 facit
1163 2494 1391 2546 motum,
1422 2502 1582 2537 unum
1613 2481 1701 2553 qui
1757 2490 1916 2553 quieti
1952 2490 2227 2553 opponitur
2251 2529 2263 2547 ,
2300 2498 2348 2540 et
2377 2489 2604 2540 alterunt
2641 2481 2911 2556 quietiam
2945 2489 3167 2555 quietem
3200 2484 3589 2553 comprehendit
3616 2522 3627 2540 .
3659 2494 3703 2535 et
3740 2481 3971 2543 denique

780 2556 1131 2624 deﬁnitionem
1169 2556 1424 2628 temporis
1461 2570 1647 2609 novum
1684 2559 1919 2624 subjicit.
1944 2589 2008 2599 —
2040 2559 2120 2611 13.
2162 2558 2369 2611 lndicat
2401 2576 2566 2628 quare
2602 2568 2802 2624 tempus
2837 2560 2971 2627 quod
3013 2571 3087 2611 est
3122 2558 3376 2610 continua
3409 2557 3677 2624 quantitas
3720 2565 3972 2628 nutrieras

780 2630 1012 2685 dicatur,
1036 2628 1126 2679 ubi
1153 2626 1380 2678 ostendit
1410 2627 1576 2691 ipsum
1608 2645 1710 2679 non
1738 2640 1943 2680 tantum
1978 2646 2254 2681 numerum
2285 2630 2374 2682 sed
2402 2625 2444 2681 et
2476 2646 2780 2683 mensuram
2808 2625 2957 2693 esse;
2992 2629 3205 2697 perinde
3234 2637 3288 2678 ut
3316 2638 3365 2679 et
3392 2642 3637 2698 numerus
3666 2625 3754 2690 qui
3787 2630 3975 2698 et‘ipse

781 2709 854 2750 est
885 2714 949 2750 ea:
974 2709 1195 2764 quatuor
1230 2712 1488 2749 mensuris
1527 2698 1687 2765 108
1721 2714 1850 2763 quas
1880 2710 2151 2752 enumerat
2186 2710 2234 2752 et
2266 2701 2712 2766 (πρῆσαι-14.
2751 2698 2971 2763 Tempus
2993 2692 3058 2751 'in
3093 2700 3417 2765 prwteritum
3458 2697 3780 2768 etfuturum
3824 2692 3970 2768 divi-

784 2773 881 2827 dit,
912 2778 960 2819 et
984 2762 1049 2819 τὸ
1085 2784 1221 2840 nunc
1248 2783 1340 2834 per
1374 2770 1512 2835 quod
1529 2762 1738 2820 divisio
1765 2771 1820 2835 ﬁt
1854 2779 2102 2832 temporis
2138 2762 2411 2839 analogice
2440 2770 2699 2831 declarat,
2732 2784 2779 2823 et
2809 2762 3013 2836 tempus
3045 2762 3153 2821 esse
3185 2779 3359 2840 negat.
3385 2796 3449 2807 -—-
3476 2766 3563 2819 15.
3595 2762 3782 2831 Ipsum
3809 2763 3976 2840 etiam

782 2840 841 2891 τό
874 2855 1011 2891 nunc
1044 2830 1319 2891 dividit'in
1352 2830 1405 2890 id
1483 2840 1621 2907 quod
1657 2830 1829 2905 primo
1856 2850 1902 2892 et
1934 2830 2024 2905 per
2052 2858 2105 2892 se
2136 2842 2212 2892 ita
2242 2830 2460 2903 dicitur,
2491 2850 2539 2893 et
2572 2843 2804 2905 partium
2834 2830 2991 2907 atque
3016 2830 3293 2892 divisionis
3339 2853 3527 2905 expers
3575 2830 3693 2912 est;
3733 2843 3780 2912 et
3810 2834 3878 2912 .in
3922 2830 3977 2912 id

791 2911 926 2976 quod
962 2919 1198 2976 respectu
1240 2903 1514 2981 pra-sentis
1562 2903 1809 2971 temporis
1847 2903 2044 2963 dicitur
2067 2951 2081 2977 ,
2134 2926 2195 2963 ac
2239 2914 2490 2979 temporis
2523 2903 2653 2981 pars
2689 2921 2803 2980 est;
2836 2903 2925 2965 ubi
2955 2912 3119 2965 etiam
3153 2925 3385 2977 presens
3411 2903 3621 2973 tempus
3661 2903 3841 2971 deﬁnit
3871 2939 3888 2963 ,
3926 2909 3975 2951 et

785 2984 962 3050 ipsum
992 2996 1197 3051 quoque
1226 2994 1361 3034 nunc
1396 2980 1503 3031 dici
1534 2982 1785 3033 ostendit.

1325 3207 1553 3263 CAPUT
1594 3208 1681 3263 Ix.
2323 3224 2370 3279 Α

1208 3300 1282 3355 De
1317 3302 1429 3354 loco
1461 3314 1506 3354 et
1542 3313 1793 3371 tempore.

787 3397 838 3448 t.
878 3397 1075 3450 Eorum
1110 3409 1234 3464 qua
1264 3407 1391 3481 sunt
1422 3435 1437 3459 ,
1482 3396 1589 3447 alia
1630 3410 1811 3452 monts
1843 3407 2009 3464 sunt,
2044 3412 2099 3454 ut
2131 3416 2295 3472 geno-

716 3490 958 3542 rationcs
998 3496 1053 3542 et
1111 3487 1465 3541 alterationes
1492 3528 1504 3549 ,
1547 3496 1599 3539 et
1651 3490 1874 3558 reliqua:
1914 3494 2243 3549 mutationes
2280 3512 2292 3548 :

716 3584 819 3635 alia
852 3591 1031 3634 autem
1068 3586 1312 3634 motuum
1358 3581 1645 3651 principia,
1680 3592 1738 3637 ut
1772 3586 2036 3653 primario
2068 3590 2292 3657 quidem

718 3675 860 3728 Deus
894 3675 1004 3729 (hic
1037 3674 1180 3728 enim
1219 3688 1435 3727 summa
1481 3685 1533 3727 et
1573 3677 1848 3745 praecipue
1892 3681 2073 3734 omnis
2117 3693 2297 3736 motus

2998 3214 3245 3268 ΚΕΦΛΛ.
3288 3211 3373 3265 Θ’.

2806 3310 2946 3378 Περὶ
2971 3311 3159 3363 τόπου
3192 3311 3286 3363 καὶ
3323 3308 3565 3376 χρόνον.

2470 3412 2537 3457 α’.
2568 3404 2690 3457 Τῶν
2718 3404 2887 3456 όντων
2917 3403 2985 3455 τὰ
3032 3403 3132 3471 μὲν
3162 3403 3429 3471 κινήσεις,
3461 3400 3534 3462 ὡς
3582 3397 3853 3467 γενέσεις,
3885 3392 3983 3444 καὶ

2398 3496 2733 3562 ἀλλοιώσεις,
2768 3500 2863 3549 καὶ
2894 3498 2953 3549 αἱ
2982 3495 3172 3548 λοιπαὶ
3204 3493 3518 3565 μεταϐολαὶ,
3575 3493 3643 3545 τὰ
3692 3489 3753 3541 δὲ
3812 3488 3984 3557 ἁρχαὶ

2400 3595 2672 3662 κινήσεων
2694 3608 2714 3662 ι·
2769 3592 2844 3653 ὡς
2879 3589 3314 3659 προηγουμένως
3372 3588 3473 3655 μὲν
3520 3589 3549 3639 ὁ
3601 3586 3755 3650 Θεὸς,
3818 3583 3979 3645 οὗτος

2401 3654 2657 3754 γάρ-ἐστι
2685 3654 2770 3753 (τὸ
2810 3654 3053 3752 πρᾶιτον)
3088 3654 3181 3733 καὶ
3216 3680 3592 3750 ἀρχικώτατον
3634 3678 3811 3730 αἴτιον
3835 3676 3984 3729 ﬁnd-

714 3781 882 3820 causa
915 3766 1053 3835 05!);
1096 3776 1499 3835 consequenter
1524 3778 1701 3821 autem
1727 3772 1906 3823 anima
1930 3788 2047 3840 qua:
2072 3773 2299 3841 ipsamet

719 3873 745 3909 τι
783 3872 840 3909 se
877 3866 1059 3911 movet
1092 3859 1178 3910 illa
1211 3874 1334 3926 qute
1370 3861 1540 3927 ipsius
1569 3873 1698 3915 sunt
1726 3864 2011 3933 participia
2041 3884 2055 3931 ;
2094 3882 2155 3920 ac
2189 3876 2297 3922 ter-

718 3948 796 4000 tio
828 3948 1047 4000 demum
1080 3948 1199 4001 loco
1235 3956 1454 4013 natura,
1488 3964 1609 4018 qua:
1644 3951 1783 4006 hanc
1821 3956 2179 4022 sptitudinem
2210 3975 2297 4012 rc-

721 4040 824 4092 bus
868 4038 1212 4093 naturalibus
1244 4039 1399 4093 affert
1426 4082 1438 4105 ,
1482 4051 1540 4094 ut
1577 4058 1670 4111 per
1698 4058 1757 4099 se
1792 4059 2151 4111 moveantur,
2185 4066 2293 4105 non

721 4136 850 4188 item
900 4150 964 4189 ex
1017 4150 1094 4190 se.
1147 4135 1279 4189 Nam
1339 4137 1442 4191 hoc
1493 4140 1809 4193 animalium
1862 4155 1945 4197 est
1989 4144 2294 4211 proprium.

723 4226 897 4296 Ergo,
948 4227 1167 4295 inquam
1196 4270 1210 4293 ,
1244 4243 1431 4283 eorum
1462 4245 1579 4297 quae
1609 4242 1737 4286 sunt
1792 4236 1897 4287 alia
1940 4246 2152 4300 motus,
2193 4239 2297 4291 alia

722 4333 966 4376 motuum
1022 4332 1149 4379 sunt
1199 4325 1464 4390 principia
1500 4343 1513 4389 ;
1572 4329 1675 4380 alia
1712 4344 1834 4398 qua:
1875 4343 2164 4387 moventur
2190 4375 2203 4397 ,
2244 4343 2302 4387 ut

720 4431 947 4483 corpora
983 4417 1101 4483 ipsa
1129 4458 1142 4479 ,
1184 4432 1305 4469 cum
1343 4419 1613 4486 simplicia
1652 4429 1762 4473 tum
1798 4426 2101 4493 composita
2132 4442 2146 4494 ;
2196 4428 2299 4480 alia

721 4510 957 4576 denique
996 4523 1184 4561 eorum
1219 4509 1394 4578 gratia
1428 4525 1550 4577 quite
1590 4521 1903 4574 moventur,
1940 4524 1997 4568 ut
2047 4515 2203 4570 locus
2249 4526 2301 4569 et

725 4611 963 4669 tempus.
998 4600 1215 4669 Corpus
1246 4600 1415 4669 igitur
1447 4602 1663 4669 quidem
1700 4606 1751 4658 in
1788 4606 1907 4660 loco
1934 4647 1947 4669 ,
1990 4617 2169 4661 motus
2205 4621 2301 4661 au-
2334 4572 2374 4625 Β

724 4705 830 4747 tem
872 4693 923 4747 in
955 4707 1223 4762 corpore,
1257 4703 1309 4748 et
1343 4694 1498 4764 107
1543 4705 1756 4767 tempus
1792 4699 2027 4768 denique
2059 4701 2111 4752 in
2150 4708 2298 4753 motu

722 4797 825 4841 est.

793 4877 851 4932 2.
889 4875 954 4930 Et
988 4877 1138 4932 locus
1169 4877 1213 4910 "
1240 4877 1460 4942 quidem
1492 4890 1573 4934 est
1603 4881 1938 4936 continentis
1973 4880 2297 4956 [corporis]

723 4969 1038 5022 extremitas
1077 4968 1375 5023 immobilis
1406 4985 1514 5038 qua
1544 4971 1795 5026 continet
1846 4973 1898 5025 id
1939 4974 2084 5041 quod
2121 4976 2300 5026 conti-

733 5071 900 5116 netur
935 5061 979 5093 “
1012 5080 1028 5117 :
1066 5062 1169 5117 hoc
1202 5072 1304 5125 est,
1343 5077 1448 5131 qua
1478 5062 1529 5117 id
1563 5065 1707 5133 quod
1739 5066 2050 5119 continetur
2080 5081 2205 5119 cum
2236 5082 2299 5120 eo

722 5152 867 5224 quod
914 5154 1160 5207 continet
1212 5163 1524 5208 contactum
1586 5156 1769 5209 habet.
1826 5155 2296 5221 Quemadmodum

721 5249 865 5302 enim
898 5263 992 5301 vas
1019 5247 1159 5316 quod
1189 5246 1341 5301 locus
1372 5247 1462 5317 qui
1498 5247 1780 5303 transferri
1814 5256 1992 5316 potest
2056 5249 2262 5303 dicitur
2288 5290 2303 5314 ,

723 5355 830 5393 non
874 5340 1051 5409 ipsum
1105 5350 1275 5393 totout
1306 5338 1424 5408 ejus
1457 5341 1601 5407 quod
1634 5340 1950 5393 continetur
1989 5338 2146 5392 locus
2178 5349 2298 5401 est,

721 5433 815 5486 sed
848 5432 1060 5485 interna
1112 5433 1237 5501 ejus
1270 5448 1510 5487 concava
1561 5431 1879 5497 superﬁcies
1912 5445 2021 5499 qua
2072 5430 2124 5483 id
2156 5427 2299 5497 quod

719 5526 1031 5579 continetur
1068 5526 1286 5591 attingit
1319 5543 1333 5581 :
1360 5526 1552 5579 eodem
1582 5524 1744 5577 modo
1771 5524 1937 5577 etiam
1968 5523 2126 5576 locus
2155 5562 2168 5585 ,
2198 5522 2292 5590 qui

719 5630 812 5669 itus
837 5617 980 5684 quod
1011 5616 1292 5671 transferri
1324 5632 1426 5669 non
1460 5616 1633 5685 possit
1660 5614 1884 5677 dicitur,
1910 5615 2067 5684 juxta
2102 5629 2298 5683 supcr-

720 5707 892 5760 ﬂcietn
932 5722 1037 5775 qua
1082 5717 1339 5761 contenta
1379 5723 1606 5775 corpora
1644 5708 1906 5776 attingit,
1948 5705 2295 5774 intelligitur.

791 5847 885 5898 "i
925 5846 1081 5909 l’bys.
1117 5864 1166 5903 c.
1222 5850 1466 5913 4,ι.14,
1499 5862 1549 5905 et
1586 5865 1631 5904 c.
1663 5849 1717 5912 6,
1753 5856 1788 5901 t.
1821 5848 1907 5902 Η.

2402 3794 2500 3847 σης
2527 3778 2797 3848 κινήσεως
2823 3792 2837 3808 θ
2875 3776 3158 3845 ἑπομένως
3181 3775 3238 3826 δί
3274 3776 3306 3843 ἡ
3334 3772 3504 3843 ψυχὴ,
3534 3773 3670 3839 αὑτὴ
3705 3769 3799 3838 ὑφ’
3852 3770 3985 3821 lau-

2400 3873 2495 3940 τῆς
2527 3868 2755 3923 κινοῦσα
2784 3868 3089 3934 τὰ“ταύτης
3136 3867 3430 3936 μετέχοντα
3457 3882 3471 3896 σ
3536 3866 3676 3917 κατὰ
3706 3864 3893 3932 τρίτον
3926 3864 3983 3915 δὲ

2402 3965 2559 4031 λόγον
2591 3965 2622 4030 ἡ
2654 3961 2814 4029 φύσις
2846 3962 3224 4031 ἐπιτηδειότης
3250 3957 3385 4013 οὖσα
3422 3960 3532 4021 τοῖς
3564 3961 3812 4026 φυσικοῖς
3843 3958 3982 4027 πρὸς

2402 4057 2459 4109 τὸ
2490 4056 2760 4109 κινεῖσθαι
2797 4053 2889 4123 ἀφ’
2922 4052 3152 4116 ἑαυτῶν,
3179 4052 3239 4104 οὐ
3269 4054 3379 4119 μὴν
3408 4052 3496 4119 ὑφ’
3527 4052 3760 4104 ἑαυτῶν.
3806 4051 3985 4103 Τοῦτο

2403 4149 2511 4217 γὰρ
2552 4147 2682 4201 ἴδιον
2709 4146 2818 4199 τῶν
2852 4146 3028 4209 ζώων.
3090 4145 3171 4197 Τὰ
3226 4144 3326 4213 μὲν
3352 4144 3445 4198 οὖν
3476 4144 3586 4196 τῶν
3618 4144 3789 4196 ὄντων
3822 4145 3985 4212 κινή-

2408 4260 2518 4305 σεις
2552 4242 2682 4308 εἰσὶ,
2712 4242 2779 4293 τὰ
2814 4241 2872 4293 δὲ
2909 4239 3077 4308 ἀρχαὶ
3103 4241 3393 4304 κινήσεων,
3443 4240 3509 4291 τὰ
3549 4238 3604 4289 δὲ
3659 4238 3980 4305 κινούμενα,

2404 4338 2478 4398 ὡς
2509 4336 2575 4387 τὰ
2610 4336 2860 4403 σώματα,
2887 4334 2956 4385 τά
2984 4348 3044 4384 τε
3082 4332 3233 4385 ἁπλᾶ
3264 4335 3356 4384 καὶ
3378 4333 3447 4384 τὰ
3478 4332 3713 4385 σύνθετα
3733 4349 3746 4364 ·
3800 4335 3872 4385 τὰ
3902 4333 3981 4395 δὲ,

2404 4429 2489 4481 διὰ
2530 4425 2943 4514 τὰνὶκινούμενα,
2967 4424 3040 4485 ὡς
3091 4425 3260 4487 τόπος
3287 4425 3381 4476 καὶ
3410 4426 3623 4493 χρόνος.
3660 4423 3732 4475 Τὸ
3761 4425 3861 4492 μὲν
3892 4421 3989 4477 οἷον

2406 4521 2570 4590 σῶμα
2598 4522 2654 4571 ὲν
2682 4520 2831 4585 τόπῳ
2855 4518 3026 4579 ἐστὶν,
3063 4516 3096 4582 ἡ
3126 4518 3182 4568 ὀὶ
3215 4516 3429 4583 κίνησις
3456 4518 3513 4567 έν
3542 4516 3619 4584 τῷ
3662 4516 3878 4584 σώματι
3912 4533 3923 4543 ·
3960 4520 3987 4565 ό

2406 4614 2459 4665 δὲ
2493 4614 2683 4682 χρόνος
2710 4615 2767 4664 ὲν
2799 4613 2865 4681 τῇ
2899 4612 3130 4678 κινήσει.

2480 4878 2546 4945 β’.
2577 4878 2687 4930 Καὶ
2716 4877 2877 4940 τόπος
2909 4875 3006 4946 μὶν
3032 4876 3151 4930 ἔστι
3186 4876 3244 4928 τδ
3285 4892 3385 4945 του
3406 4875 3751 4945 περιέχοντος
3808 4876 3987 4944 πέρας

2410 4971 2669 5040 ἀκίνητον
2697 4969 2819 5022 καθ’
2848 4968 2875 5021 ὃ
2910 4970 3155 5040 περιέχει
3192 4969 3255 5021 τδ
3314 4971 3727 5038 περιεχόμενον.
3769 4967 3987 5020 Ταυτδν

2408 5060 2452 5112 δ’
2515 5062 2693 5114 εἰπεῖν
2768 5059 2890 5113 καθ’
2947 5060 2975 5113 ὃ
3066 5061 3276 5129 συναφὴ
3366 5061 3484 5113 ἔστι
3584 5059 3983 5130 περιεχομένου

2426 5152 2522 5202 καὶ
2606 5151 2974 5220 περιέχοντος.
3018 5148 3106 5210 Ὠς
3162 5150 3271 5219 γὰρ
3325 5150 3387 5202 τδ
3441 5152 3666 5217 ἀγγεῖον
3724 5151 3752 5202 ὃ
3813 5151 3984 5210 τόπος

2417 5244 2634 5309 λέγεται
2694 5241 3093 5313 μεταφορητδς,
3169 5242 3269 5293 οὐκ
3327 5240 3442 5294 εστι
3503 5242 3726 5311 σύμπαν
3814 5242 3985 5307 τόπος

2411 5333 2504 5385 τοῦ
2531 5334 2944 5403 περιεχομένου,
2976 5323 3091 5385 ἀλλ⁴
3118 5334 3150 5401 ἡ
3178 5332 3330 5395 ἐντὸς
3372 5332 3538 5385 αὐτοῦ
3572 5334 3724 5402 κοίλη
3777 5332 3983 5401 {utqui-

2409 5443 2545 5488 νεια,
2582 5425 2704 5479 καθ’
2737 5426 2805 5495 ἡν
2835 5426 2912 5495 τῷ
2942 5425 3319 5495 περιεχομένῳ
3363 5426 3722 5477 συνάπτεται’
3758 5426 3854 5477 τὸν
3891 5428 3986 5479 αὺ-

2406 5520 2495 5575 τὸν
2520 5520 2721 5587 τρόπον
2753 5521 2845 5573 καὶ
2878 5520 2905 5570 ὁ
2935 5519 3120 5582 τόπος,
3175 5519 3232 5581 ὃς
3282 5520 3504 5586 ἀγγεῖον
3556 5518 3985 5589 ἀμεταφόρητον

2405 5614 2641 5679 λέγεται,
2695 5614 2836 5665 κατὰ
2890 5613 2989 5682 τὴν
3040 5612 3355 5680 ἁπτομένην
3408 5612 3516 5662 τῶν
3573 5613 3986 5682 περιεχομένων

2407 5722 2676 5774 σωματων
2700 5705 3028 5773 ἐπιφάνειαν
3063 5707 3286 5758 νοεῖται.
3339 5706 3531 5760 Τοίνυν
3563 5706 3655 5758 καὶ
3684 5706 3985 5774 ἀσώματος

1992 5847 2032 5877 ⁸⁸
2068 5849 2100 5901 4
2142 5845 2304 5914 Pliys.
2343 5862 2390 5903 c.
2420 5847 2472 5911 Α,
2520 5857 2556 5899 ι.
2600 5847 2683 5910 t7,
2717 5857 2767 5899 et
2799 5862 2848 5899 ι·.
2880 5850 2931 5908 ti,
2969 5845 3123 5907 1.“,
3149 5846 3237 5900 ﬂ.
