4208 6440
270 443 397 507 1101

1494 435 1827 502 EPITOME
1871 437 1967 496 PH
1981 438 2216 503 YSICA.

3360 442 3494 505 “0?.

236 562 458 622 ότόπος
491 558 606 611 εστὶ
662 557 751 611 καὶ
805 558 1093 622 hastato;
1146 558 1285 612 κατὰ
1319 558 1535 628 μέθεξιν
1591 556 1685 610 τοῦ
1749 556 1796 607 ti

1862 557 1883 613 ι
1913 554 2146 608 Proinde
2178 556 2219 585 "
2253 555 2410 609 locus
2441 555 2688 623 corporis
2733 569 2929 623 expers
2964 564 3046 610 est
3099 567 3151 611 et
3186 564 3488 614 secundum

235 650 389 716 τόπῳ
413 662 429 679 ο
466 650 756 715 ἐπιφάνεια
797 650 904 718 γάρ
936 650 1085 700 ἐστιν
1114 665 1125 677 ο
1176 652 1206 718 ὴ
1244 650 1288 702 δ’
1354 650 1648 717 ὶπιφάνεια
1709 649 1803 700 καὶ

233 740 527 807 ἀσώματος
554 740 787 810 ὑπάρχει
824 742 919 794 καὶ
946 741 1081 795 κατὰ
1110 742 1282 811 μῆκος
1315 743 1408 794 καὶ
1458 740 1657 803 πλάτος
1682 741 1803 792 ὅια·

236 832 431 899 στατή.

305 1080 378 1142 γ’.
410 1074 530 1127 Τῶν
572 1075 669 1143 μὶν
718 1072 812 1128 οὖν
871 1076 1023 1139 δντδς
1076 1075 1172 1129 τοῦ
1236 1076 1469 1146 οὐρανοῦ
1532 1080 1803 1145 σωμάτων

234 1165 496 1218 ἁπάντων
544 1168 709 1227 τόπος
737 1167 885 1219 ἐστὶν
938 1169 971 1238 ή
1006 1169 1159 1233 κοίλη
1193 1168 1286 1221 τοῦ
1340 1168 1572 1237 οὐρανοῦ
1606 1172 1805 1237 ἐπιφά-

230 1275 373 1310 νεια.
413 1258 474 1309 Εί
510 1259 620 1328 γὰρ
649 1260 744 1311 καὶ
773 1262 1000 1311 κινεῖται
1030 1264 1059 1313 6
1091 1260 1323 1330 οὐρανὸς
1373 1261 1516 1315 κατὰ
1544 1262 1640 1333 τὴν
1693 1264 1801 1316 τῶν

237 1351 446 1416 μορίων
502 1352 696 1419 φορὰν,
729 1351 845 1404 ἀλλ’
892 1353 1080 1423 ἕτερον
1136 1355 1337 1422 τρόπον
1378 1355 1635 1423 ἀκίνητός
1660 1358 1801 1419 ἐστι,

234 1443 373 1494 καθὸ
402 1445 477 1511 μὴ
511 1434 868 1510 μεταλλάσσει
923 1446 1089 1499 τόπον
1128 1447 1265 1509 ὅλως
1296 1445 1453 1514 ὁμοῦ.
1502 1448 1639 1500 Καθ’
1680 1448 1802 1501 ὅλον

236 1533 337 1599 μὲν
368 1528 463 1584 οὖν
497 1535 748 1601 ἀκίνητός
776 1536 916 1586 ἐστι’
946 1537 1085 1589 κατὰ
1120 1538 1259 1606 μέρη
1278 1536 1335 1587 δὲ
1366 1537 1580 1605 κινητός
1620 1554 1678 1589 τε
1711 1540 1802 1590 καὶ

229 1625 491 1691 ἀκίνητος
524 1626 616 1676 καὶ
649 1627 1023 1695 ὅμαλεστάτην
1076 1627 1174 1695 τὴν
1228 1632 1443 1696 κίνησιν
1474 1631 1568 1682 καὶ
1616 1629 1801 1697 ἄκρως

226 1719 572 1787 τεταγμένην
602 1719 946 1789 ποιούμενος.
978 1721 1149 1773 Πάλιν
1185 1726 1214 1791 ἡ
1247 1723 1387 1776 κατὰ
1418 1725 1516 1792 τὴν
1550 1723 1685 1793 πρὸς
1712 1723 1803 1775 τὸν

227 1809 369 1876 ἀέρα
404 1810 639 1881 συναφὴν
673 1814 963 1879 ἐπιφάνεια
986 1814 1077 1867 τοῦ
1106 1816 1322 1884 αίθέρος
1353 1816 1517 1877 τόπος
1549 1815 1665 1868 ἐστὶ
1692 1815 1803 1868 τῶν

1908 648 2373 727 participationem
2411 650 2528 717 ejus
2555 648 2702 720 quod
2735 649 2786 701 iu
2820 649 2941 702 loco
3004 662 3109 715 est,
3157 652 3484 706 dimensioui

1906 740 2230 809 subjicitur;
2258 740 2458 811 quippe
2485 743 2800 811 superﬁcies
2824 753 2927 804 est,
2953 744 3270 809 superficies
3300 756 3481 799 autem

1904 843 1957 887 et
1984 848 2214 901 corpore,
2240 844 2417 896 vacat,
2458 844 2512 886 et
2543 836 2842 887 secundum
2885 835 3279 905 longitudinem
3322 848 3377 892 et
3409 838 3482 889 la-

1906 926 2190 980 titudinem
2219 927 2550 981 dimensioni
2580 937 2662 981 est
2695 928 2961 981 obnoxia.

1976 1064 2031 1117 3.
2071 1062 2269 1117 Eorum
2302 1065 2465 1134 igitur
2495 1066 2741 1118 omnium
2786 1082 2908 1134 quae
2952 1068 3091 1121 intra
3122 1070 3320 1123 etelum
3353 1080 3482 1124 sunt

1904 1168 2194 1221 corporum
2219 1158 2367 1209 locus
2391 1168 2472 1210 est
2497 1171 2736 1210 concava
2762 1158 2884 1211 ςαξιί
2912 1160 3248 1227 superﬁcies.
3277 1161 3409 1215 Nam
3437 1166 3478 1195 ⁸⁸

1904 1248 2007 1300 etsi
2038 1247 2215 1316 quoad
2253 1252 2484 1315 partium
2526 1250 2784 1302 lationem
2818 1263 3067 1307 movetur
3093 1254 3289 1305 caelum
3312 1292 3327 1317 ,
3370 1255 3476 1307 alio

1907 1349 2084 1391 tamen
2117 1339 2275 1391 modo
2313 1348 2396 1393 est
2442 1340 2718 1393 immobile
2746 1360 2759 1407 ;
2797 1352 3066 1410 quatenus
3102 1343 3278 1397 locum
3312 1344 3363 1396 in
3395 1355 3477 1397 to-

1908 1438 2018 1482 tum
2060 1430 2221 1482 simul
2264 1445 2376 1484 non
2409 1430 2684 1487 immutat.
2718 1431 2907 1502 Itaque
2936 1436 3111 1504 quoad
3144 1444 3315 1488 totum
3341 1478 3354 1500 ,
3390 1448 3472 1490 est

1907 1522 2218 1589 immobile;
2248 1522 2428 1590 quoad
2476 1534 2658 1590 partes
2695 1538 2875 1579 autem
2900 1565 2914 1590 ,
2951 1528 3182 1594 mobile;
3218 1537 3479 1595 motuque

1904 1614 2331 1679 aquabilissimo
2376 1624 2430 1667 et
2472 1616 2887 1670 ordiuatissimo
2934 1619 3130 1672 cietur.
3170 1620 3381 1673 Rursus
3412 1637 3474 1673 ea

1904 1703 2123 1757 mlieris
2168 1702 2327 1772 108
2353 1705 2702 1773 superﬁcies,
2734 1722 2838 1774 qua
2874 1724 2995 1761 cum
3028 1724 3155 1763 aere
3190 1711 3479 1782 conjungi-

1904 1796 2049 1861 gitur
2074 1834 2087 1857 ,
2121 1795 2516 1848 elementorum
2552 1795 2698 1849 infra
2734 1798 2915 1851 lunam
2946 1810 2998 1853 et
3025 1802 3360 1869 reliquorum
3398 1806 3477 1856 in-

228 1900 335 1951 ὐπὸ
360 1904 589 1971 σελήνην
625 1906 904 1974 στοιχείων
960 1908 1054 1958 καὶ
1107 1906 1215 1959 τῶν
1270 1907 1476 1961 λοιπῶν
1528 1908 1796 1977 σωμάτων

1862 1896 1871 1943 ι
1904 1888 2166 1942 feriorum
2188 1902 2481 1955 corporum
2511 1888 2661 1943 locus
2688 1898 2791 1943 est.
2819 1888 2885 1942 Et
2909 1892 2990 1946 sic
3018 1894 3277 1963 deinceps
3306 1910 3478 1960 usque

223 1993 337 2045 τῶν
365 1997 680 2063 κατωτέρω,
713 1999 804 2049 καὶ
846 1998 972 2068 ἑξῆς
1002 2000 1161 2069 μέχρι
1198 2001 1293 2053 καὶ
1321 2001 1428 2053 τῶν
1474 2001 1567 2053 ἐπὶ
1630 2000 1797 2069 μέρος

226 2088 501 2156 σωμάτων
536 2091 960 2164 καθολικώτεροι
992 2094 1146 2146 τόποι
1182 2096 1276 2147 καὶ
1308 2093 1672 2163 μερικώτεροι
1702 2094 1797 2146 εὑ-

223 2180 574 2249 ρεθήσονται.

295 2318 358 2371 δ’.
397 2320 503 2373 Καὶ
534 2321 561 2373 6
588 2322 860 2393 προσεχὴς
888 2324 1074 2389 τόπος,
1117 2325 1321 2387 ἐκεῖνος
1349 2325 1445 2378 καὶ
1478 2324 1794 2395 ίδιαίτερος,

222 2410 281 2472 ὅς
324 2411 476 2464 ἐστιν
515 2415 545 2481 ἠ
588 2417 727 2467 κατὰ
751 2416 849 2485 τὴν
880 2418 1015 2484 πρὸς
1071 2416 1133 2470 τὸ
1173 2418 1429 2487 περιέχον
1454 2420 1615 2487 σῶμα
1671 2436 1797 2471 συν·

220 2505 367 2572 αφὴν
393 2505 684 2571 ἐπιφάνεια
715 2507 808 2560 τοῦ
840 2509 1020 2578 ἀέρος,
1066 2510 1097 2578 ἢ
1128 2509 1221 2562 τοῦ
1251 2510 1442 2573 ὕδατος
1468 2511 1500 2580 ἢ
1538 2514 1637 2579 τῆς
1667 2512 1796 2580 γῆς.

222 2592 300 2663 μὴ
345 2597 740 2665 μεταρρὲοντος
771 2598 1011 2667 δηλονότι
1039 2600 1132 2653 τοῦ
1170 2600 1382 2669 ὕδατος,
1412 2602 1497 2654 ίνα
1531 2603 1607 2671 μὴ
1632 2602 1705 2665 ὡς
1739 2605 1795 2654 ιν

148 2696 151 2699 ‘
219 2686 430 2755 ἀγγείῳ
472 2690 732 2760 μᾶλλονῆ
775 2692 847 2755 ὼς
878 2694 935 2745 ὲν
983 2694 1133 2762 τόπῳ
1179 2694 1239 2746 τὸ
1284 2695 1342 2745 ἐν
1393 2694 1586 2763 ἐκείνῳ
1636 2696 1796 2764 σῶμα

222 2778 573 2850 ὑποληφθείη,
620 2783 711 2835 διὰ
771 2784 830 2836 τὸ
884 2787 1259 2855 μεταφορητὸν
1320 2786 1417 2839 τοῦ
1470 2789 1635 2840 τόπου
1697 2786 1793 2841 τοῦ

219 2872 277 2921 ἐν
334 2872 411 2939 τῷ
444 2870 597 2925 ὕδατι
622 2889 636 2905 ·
670 2874 761 2926 καὶ
804 2876 1043 2942 μάλιστα
1083 2880 1130 2930 εί
1191 2880 1283 2931 καὶ
1335 2879 1400 2931 τὸ
1438 2880 1599 2948 σῶμα
1657 2896 1793 2949 συμ-

223 2965 605 3033 μεταφέροιτο.
653 2965 711 3019 Ὀ
747 2968 847 3036 μὲν
894 2964 985 3022 οὖν
1041 2970 1331 3039 εἰρημένος
1378 2973 1591 3035 τόποςὸ
1652 2976 1795 3028 κατὰ

218 3053 320 3122 τὴν
350 3059 611 3125 περιοχὴν
640 3059 757 3110 ἐστι
789 3060 882 3112 καὶ
912 3060 1197 3130 ὑποδοχήν.
1238 3062 1348 3114 Καὶ
1400 3064 1510 3130 γὰρ
1560 3063 1793 3118 ἕκαστον

216 3146 328 3198 τῶν
355 3149 718 3217 περιεχόντων
734 3152 944 3218 γίνεται
972 3154 1135 3214 τόπος
1164 3154 1241 3220 τῷ
1272 3156 1675 3225 περιεχομένῳ,
1700 3158 1793 3209 καὶ

214 3238 290 3303 ὣς
328 3243 670 3312 περιεκτικός
694 3244 878 3311 αὐτοῦ,
903 3248 997 3299 καὶ
1032 3246 1107 3309 ὡς
1133 3247 1508 3311 ὑποδεκτικός.

287 3465 351 3525 ι’,
386 3468 496 3520 Καὶ
524 3461 677 3532 οὗτός
710 3471 854 3523 ἐστιν
884 3473 911 3523 6
952 3471 1244 3534 πλατυκῶς
1294 3472 1586 3542 λεγόμενος
1620 3475 1787 3537 τόπος

219 3563 277 3625 ὅς
308 3563 402 3615 καὶ
432 3563 686 3631 ἀκίνητό;
710 3567 825 3616 ἐστι
870 3564 963 3616 καὶ
990 3567 1257 3635 χωριστὸς
1288 3566 1477 3618 ἄλλοτε
1498 3567 1671 3625 ἄλλως
1702 3584 1788 3635 γι-

218 3653 446 3720 νόμενος
480 3652 622 3704 κατὰ
650 3654 747 3722 τὴν
768 3655 877 3706 τῶν
905 3655 1178 3724 σωμάτων
1210 3658 1562 3724 μετάστασιν.
1596 3659 1785 3711 Ἐοικε

216 3742 272 3795 ὅὶ
298 3744 438 3795 κατὰ
464 3742 622 3809 λόγον
648 3744 1046 3815 ἀκριϐέστερον
1073 3747 1102 3799 6
1145 3749 1328 3811 τόπος,
1394 3749 1593 3818 μέτρον
1646 3748 1786 3803 εἶναι

215 3835 317 3903 τῆς
353 3836 462 3887 τῶν
483 3837 751 3905 κειμένων
789 3838 993 3900 θέσεως
1020 3856 1033 3870 ·
1066 3839 1259 3911 ὥσπερ
1296 3844 1389 3894 καὶ
1419 3844 1652 3912 όχρόνος
1688 3846 1785 3913 μέ.

215 3942 345 3996 τρον
379 3927 495 3978 ἐστὶ
525 3927 622 3994 τῆς
654 3928 767 3979 τῶν
814 3931 1151 3996 κινουμένων
1208 3936 1499 4001 κινήσεως.
1538 3938 1700 3997 Διττὴ
1727 3937 1784 3991 δὲ

215 4017 249 4082 ἡ
278 4016 509 4086 atomi)
568 4018 664 4087 μὲν
721 4020 1005 4089 οὐσιὼὅης,
1038 4024 1071 4093 ή
1102 4023 1146 4076 δ’
1190 4026 1535 4090 ἐπείσακτος.
1597 4030 1785 4092 Διττὸς

214 4104 308 4161 οὖν
334 4110 426 4160 καὶ
461 4111 487 4162 6
516 4109 703 4175 τόπος,
726 4112 755 4163 6
785 4112 884 4179 μιν
929 4116 1071 4167 κατὰ
1106 4114 1287 4181 φύσιν,
1313 4118 1340 4169 6
1362 4118 1417 4170 δὶ
1441 4121 1582 4172 κατὰ
1642 4139 1784 4191 συμ-

214 4200 473 4267 ϐεϐηκός.
517 4201 677 4255 Ἀ).λὰ
702 4206 795 4257 καὶ
833 4207 865 4276 ἡ
900 4207 1167 4275 οὑσιώδης
1196 4211 1342 4273 θέσις
1365 4212 1541 4283 διττὴ,
1572 4202 1635 4283 (ἡ
1683 4216 1784 4281 μὲν

210 4294 357 4345 κατὰ
385 4294 478 4345 τὸν
502 4294 826 4366 εὐθετισμὸν
861 4300 956 4352 καὶ
986 4300 1084 4369 τὴν
1115 4303 1377 4368 εὐταξίαν
1422 4304 1530 4357 τῶν
1564 4307 1785 4368 οἰκείων

214 4383 420 4451 μορίων
454 4384 683 4439 ἑκάστου
725 4388 1070 4456 πράγματος,
1101 4390 1176 4453 ὡς
1222 4393 1343 4445 ὅλου
1376 4375 1783 4463 θεωρουμένου,

209 4474 333 4525 καθ’
361 4474 428 4543 ἢν
455 4476 665 4547 κεφαλὴ
726 4478 825 4547 μὲν
857 4482 947 4535 καὶ
982 4482 1164 4551 χεῖρες
1223 4487 1317 4537 καὶ
1362 4487 1521 4549 πόδας
1571 4490 1664 4540 καὶ
1708 4490 1776 4541 τὰ

1902 1983 1967 2035 ad
1995 1981 2341 2049 particularia
2367 1994 2617 2049 corpora,
2642 1983 2911 2052 ampliora
2935 1996 2989 2039 et
3014 1989 3330 2058 angustiora
3356 1991 3474 2045 loca

1899 2074 2255 2145 reperientur.

1971 2303 2025 2359 ὅ.
2067 2303 2131 2357 Et
2161 2305 2500 2374 propinquus
2540 2305 2627 2357 ille
2680 2304 2832 2360 locus
2900 2305 3042 2360 idem
3082 2307 3246 2361 etiam
3292 2309 3468 2379 magis

1899 2404 1981 2451 est
2011 2397 2291 2467 proprius,
2315 2396 2409 2465 qui
2442 2397 2742 2450 secundum
2771 2397 3173 2464 copulationem
3197 2414 3319 2453 cum
3346 2417 3475 2455 con-

1900 2488 2109 2543 tinente
2136 2504 2366 2558 corpore
2394 2490 2706 2557 superficies
2738 2498 2819 2543 est
2853 2490 3018 2556 aeris,
3046 2500 3141 2544 aut
3169 2507 3347 2560 aquae,
3381 2504 3475 2548 aut

1900 2590 2083 2645 terrae,
2131 2597 2236 2635 non
2285 2580 2640 2637 transfluente
2683 2582 2934 2637 videlicet
2986 2598 3146 2653 aqua,
3192 2601 3260 2639 ne
3310 2597 3367 2641 ut
3411 2587 3465 2641 in

1899 2690 2025 2730 vase
2057 2676 2233 2745 potius
2264 2689 2427 2743 quam
2461 2682 2519 2727 ut
2552 2675 2603 2726 in
2639 2674 2758 2728 loco
2794 2688 2993 2743 corpus
3021 2677 3166 2758 quod
3200 2678 3251 2730 in
3286 2692 3353 2731 eo
3386 2688 3469 2732 est

1898 2767 2216 2836 accipiatur,
2252 2765 2376 2833 quia
2408 2764 2697 2817 transferri
2735 2773 2913 2834 potest
2940 2765 3093 2819 locus
3121 2766 3212 2835 qui
3243 2766 3299 2821 in
3327 2760 3467 2836 aqua

1896 2868 2022 2924 est,
2068 2874 2129 2912 ac
2161 2867 2275 2911 tum
2307 2858 2606 2927 praesertim
2637 2896 2651 2919 ,
2694 2872 2816 2911 cum
2852 2857 3014 2911 etiam
3058 2872 3257 2927 corpus
3300 2860 3466 2916 simul

1900 2950 2247 3005 transfertur.
2299 2952 2475 3020 Atque
2521 2949 2609 3002 hic
2652 2949 2876 3018 quidem
2923 2952 3074 3005 locus
3105 2954 3468 3024 comprehen.

1898 3044 2067 3097 sionis
2089 3054 2140 3097 et
2163 3043 2531 3112 sttsceptionis
2560 3042 2774 3097 ratione
2799 3043 3037 3098 exsistit.
3057 3042 3296 3109 Quodvis
3312 3048 3456 3100 enim

1896 3150 2085 3188 eorum
2122 3149 2244 3203 quae
2273 3134 2558 3188 continent
2594 3136 2746 3188 locus
2783 3135 2839 3189 fit
2869 3136 2916 3189 ei
2958 3137 3102 3205 quod
3130 3137 3458 3200 continetur,

1820 3249 1861 3305 ε
1896 3244 2017 3282 cum
2050 3231 2191 3297 quod
2233 3230 2408 3297 ipsum
2449 3230 2911 3298 comprehendat,
2946 3240 3063 3283 tum
3094 3232 3237 3300 quod
3288 3232 3464 3287 susci-

1896 3320 2029 3388 piat.

1962 3472 2019 3525 5.
2060 3471 2235 3541 Atque
2280 3472 2368 3527 bic
2414 3474 2602 3528 latiore
2652 3475 3050 3546 stgniﬁcatione
3084 3477 3262 3533 dictus
3303 3480 3459 3535 locus

1890 3574 1994 3623 est,
2021 3564 2112 3632 qui
2143 3565 2302 3617 etiam
2337 3573 2421 3617 est
2458 3567 2753 3621 immobilis
2782 3579 2834 3620 et
2866 3570 3211 3637 separabilis,
3241 3582 3294 3626 et
3323 3574 3458 3628 alias

1891 3654 2031 3707 alius
2080 3670 2178 3722 pro
2222 3669 2511 3722 corporum
2568 3659 2889 3726 migratione
2936 3661 3184 3715 efficitur.
3223 3666 3289 3717 At
3329 3681 3459 3719 vero

1890 3747 2077 3809 locus,
2112 3747 2157 3799 si
2194 3748 2501 3803 atcuratius
2535 3749 2846 3817 loquamur,
2880 3751 3019 3805 situs
3048 3767 3226 3806 rerum
3263 3770 3451 3809 earum

1889 3853 2009 3906 qua
2040 3840 2231 3905 positae
2264 3850 2391 3892 sunt
2442 3856 2697 3895 mensura
2735 3858 2861 3898 esse
2894 3844 3160 3931 videtur,
3185 3850 3451 3915 quemad-

1892 3935 2107 3984 modum
2139 3933 2303 3984 etiam
2340 3942 2553 4001 tempus
2588 3937 2851 3989 motionis
2882 3952 3071 3991 earum
3110 3955 3289 3993 rerum
3336 3956 3455 4008 quia

1890 4032 2178 4076 moventur
2211 4039 2468 4077 mensura
2503 4034 2607 4079 est.
2664 4028 2868 4096 Duplex
2912 4038 3095 4083 autem
3148 4032 3287 4087 situs
3320 4040 3408 4086 est
3440 4051 3455 4089 ι

1889 4131 2029 4170 unus
2059 4117 2407 4181 essentialis,
2449 4119 2588 4170 alter
2629 4119 2787 4188 109
2820 4122 3176 4177 atlventitius.
3220 4123 3454 4179 Proinde

1885 4212 2047 4259 etiam
2106 4208 2259 4262 locus
2304 4210 2501 4278 duplex
2552 4220 2635 4263 est
2673 4229 2687 4265 :
2729 4227 2872 4266 unus
2920 4216 2986 4268 ad
3033 4225 3281 4269 naturam
3328 4232 3458 4285 per--

1886 4298 2090 4363 tinens,
2126 4300 2262 4361 alter
2291 4315 2355 4354 ex
2390 4302 2688 4356 accidente.
2728 4303 2833 4357 Sed
2865 4314 2920 4358 et
2956 4308 3285 4361 essentialis
3305 4309 3448 4365 situs

1882 4390 2081 4459 duplex
2127 4366 2230 4445 es‘t.
2276 4390 2423 4446 Unus
2472 4394 2685 4446 ratione
2734 4396 3017 4450 concinna:
3073 4409 3127 4451 et
3182 4398 3449 4453 ordinata:

1883 4483 2257 4537 collocationis
2308 4486 2892 4552 partiumvcujuslibet
2945 4488 3019 4542 rei
3070 4500 3341 4558 quatenus
3388 4500 3447 4545 ut

207 4567 375 4618 λοιπὰ
412 4566 520 4618 τῶν
562 4571 770 4637 μορίων
800 4573 894 4625 ἐπὶ
943 4572 1084 4635 ζώου
1135 4576 1357 4630 τοιῶσὸε
1408 4581 1583 4632 κεῖται
1642 4581 1775 4650 πρὸς

1887 4586 2058 4629 totum
2097 4576 2509 4642 consideratur,
2548 4577 2702 4647 juxta
2734 4595 2897 4648 quam
2930 4590 3091 4649 caput
3135 4583 3353 4651 quidem
3392 4596 3449 4638 et

209 4658 419 4727 ἄλληλά
444 4676 504 4711 τε
525 4663 617 4712 καὶ
646 4662 783 4741 προς
806 4664 866 4716 τὸ
894 4664 1013 4717 ὅλον
1069 4666 1208 4729 ζῶον
1247 4669 1340 4721 καὶ
1374 4670 1435 4721 τὸ
1471 4670 1591 4723 ὅλον
1644 4674 1781 4741 πρὸς

204 4751 275 4801 τε
310 4752 454 4819 μέρη
483 4765 498 4781 ο
525 4752 671 4819 ῥίζαι
710 4737 767 4806 tit
803 4753 897 4806 καὶ
946 4756 1169 4825 στελέχη
1206 4760 1299 4810 και
1345 4761 1530 4816 κλάδοι
1558 4737 1780 4831 tuteu-

202 4840 315 4892 τῶν
347 4841 549 4907 ὁμοίως
574 4854 588 4870 '
642 4844 676 4912 ἡ
702 4843 757 4897 δὲ
816 4845 961 4899 κατά
1006 4849 1098 4900 τὸν
1131 4849 1223 4902 τοῦ
1278 4851 1401 4905 ὅλου
1436 4853 1511 4916 ὡς
1573 4858 1776 4925 μέρους

201 4934 339 5002 πρὸς
372 4934 433 4985 τὺ
473 4933 799 5002 ὅλικώτερον
831 4939 1131 5009 ἀναφοράν.
1172 4942 1261 5004 ὀς
1310 4946 1416 5013 γὰρ
1450 4945 1557 5000 τῶν
1591 4951 1775 5019 μερῶν

198 5025 437 5079 tum
474 5027 595 5079 καθ’
626 5028 785 5080 ἑαυτὸ
816 5032 915 5098 μὲν
942 5032 1060 5084 ὅλον
1080 5034 1131 5085 τί
1160 5036 1295 5101 ιστι,
1333 5040 1467 5119 πεςὸς
1489 5038 1545 5092 δὲ
1575 5042 1634 5093 τὸ
1651 5044 1770 5095 ὅλον

197 5116 420 5183 λόγεται
452 5117 650 5185 μέρος·
695 5114 809 5170 οἷον
838 5122 1117 5204 ὴ-κεῴαλὴ
1148 5125 1272 5177 καθ’
1308 5112 1509 5199 ἑαυτὴν
1548 5132 1646 5198 μὲν
1670 5136 1764 5204 ὅλη

196 5206 481 5274 τυγχάνει,
516 5207 683 5273 μέρος
710 5208 767 5260 δὲ
798 5201 893 5261 τοῦ
929 5211 1181 5279 σώματος
1211 5215 1448 5283 λέγεται⁹
1479 5220 1570 5273 τὸν
1600 5201 1764 5277 αὑτὸν

196 5300 403 5364 τρόπον
457 5298 551 5347 καὶ
593 5296 655 5348 τὸ
696 5297 817 5350 ὅλον
868 5300 1002 5369 πρὸς
1039 5303 1368 5373 όὶικώτερον
1414 5309 1562 5376 ἄλλο,
1603 5315 1769 5383 μέρος

196 5389 378 5477 totius
414 5384 530 5440 οἷον
558 5391 590 5459 ή
618 5390 687 5459 γῆ
716 5391 839 5443 καθ’
876 5392 1077 5463 ἑαυτὴν
1117 5398 1214 5466 μὲν
1236 5400 1329 5470 ὅλη
1376 5404 1512 5468 εστὶ,
1545 5410 1680 5477 πρὸς
1712 5410 1768 5462 δὲ

193 5480 255 5530 τὸ
307 5476 534 5545 σύμπαν
562 5479 657 5532 τοῦ
708 5482 914 5551 κόσμου
943 5484 1160 5551 λέγεται
1211 5491 1401 5559 μέρος.
1443 5476 1627 5561 eme;
1679 5499 1770 5553 οὖν

193 5571 313 5619 εστι
342 5571 437 5619 καὶ
461 5570 489 5619 6
516 5570 656 5622 κατὰ
688 5570 848 5638 φύσιν
878 5575 1060 5638 τόπος·
1089 5580 1118 5630 6
1158 5581 1258 5647 μὲν
1284 5582 1392 5633 τῶν
1418 5587 1635 5639 οίκείων
1670 5609 1768 5659 μο-

193 5664 329 5729 ρίων
362 5663 599 5716 ἑκάστου
628 5666 970 5737 εὑθετισμδς,
1013 5674 1041 5723 6
1066 5671 1123 5724 δὲ
1168 5675 1475 5746 ἀφορισμὸς
1508 5684 1599 5733 καὶ
1631 5685 1763 5753 κλῆ-

262 5865 301 5893 "
346 5866 371 5917 ί
401 5866 560 5936 l'liys.
591 5883 641 5923 c.
673 5871 724 5937 ὅ,
767 5879 808 5926 t.
854 5872 909 5939 8,
951 5874 1035 5930 10.
1118 5876 1160 5909 ³⁸
1192 5877 1223 5931 ι
1262 5880 1425 5953 Phys.
1451 5902 1499 5943 c.
1536 5889 1586 5956 7,
1616 5901 1652 5944 t.
1696 5892 1786 5947 τί.

1884 4686 2077 4723 manus
2116 4676 2168 4724 et
2217 4670 2382 4737 pedes
2420 4682 2473 4724 et
2521 4682 2729 4725 caetera:
2781 4681 2962 4741 partes
3010 4676 3263 4731 animalis
3299 4688 3449 4731 certo

1880 4764 2137 4833 quopiam
2207 4763 2369 4816 modo
2410 4764 2525 4818 sita:
2559 4776 2690 4817 sunt
2723 4780 2848 4819 cum
2892 4768 2955 4819 ad
3000 4782 3061 4822 se
3095 4769 3362 4833 invicem,
3395 4783 3451 4823 et

1879 4857 1944 4908 ad
1982 4866 2153 4909 totum
2195 4855 2437 4921 animal,
2485 4865 2596 4909 tum
2641 4858 2820 4926 ipsum
2868 4866 3037 4913 totum
3087 4857 3340 4933 [animal]
3378 4863 3445 4915 ad

1877 4958 2093 5019 partes;
2134 4949 2346 5004 radici-5
2384 4950 2508 5003 item
2536 4959 2591 5003 et
2621 4951 2832 5019 stipites
2867 4960 2921 5005 et
2968 4954 3103 5005 rami
3154 4952 3208 5006 in
3247 4955 3447 5023 plantis

1881 5040 2112 5094 similem
2161 5039 2212 5091 in
2264 5042 2506 5095 modum.
2553 5042 2702 5094 Alter
2750 5053 2929 5096 autem
2984 5044 3193 5099 ratione
3239 5060 3300 5098 ea
3338 5062 3445 5115 qua

1881 5143 2052 5185 totum
2089 5140 2146 5183 ut
2190 5147 2317 5200 pars
2358 5132 2423 5185 ad
2476 5134 2525 5186 id
2573 5132 2719 5201 quod
2764 5134 2928 5188 latius
2960 5144 3141 5203 patet,
3182 5138 3440 5194 refertur.

1879 5224 2345 5288 Quemadmodum
2382 5225 2524 5277 enim
2559 5224 2793 5293 partium
2824 5227 3081 5294 quaelibet
3110 5242 3205 5295 per
3236 5244 3296 5283 se
3317 5234 3441 5298 qui-

1875 5318 1995 5367 dem
2027 5323 2200 5367 totum
2228 5323 2309 5368 est
2340 5314 2567 5385 aliquid,
2600 5316 2665 5370 ad
2701 5326 2872 5369 totum
2900 5327 3083 5372 autent
3120 5320 3285 5372 relata
3316 5336 3443 5388 pars

1870 5408 2071 5462 dicitur
2106 5408 2309 5461 :teluti
2344 5416 2508 5475 caput
2542 5422 2635 5476 per
2668 5424 2727 5463 se
2760 5410 2975 5478 quidem
3015 5423 3185 5465 totum
3205 5415 3441 5478 exsistit,

1873 5516 1995 5569 pars
2030 5510 2209 5554 autem
2276 5502 2518 5569 corporis
2550 5502 2753 5555 dicitur
2783 5520 2797 5557 :
2831 5504 3085 5556 eumdem
3119 5506 3185 5559 ad
3219 5507 3438 5559 modum

1873 5604 2047 5649 totum
2098 5597 2258 5649 etiam
2293 5595 2359 5649 ad
2390 5596 2594 5665 aliquid
2640 5598 2802 5651 latius
2832 5606 3023 5668 patens
3054 5600 3097 5653 si
3137 5599 3441 5665 referatur,

1875 5706 2002 5759 pars
2018 5699 2101 5745 est
2132 5708 2143 5745 :
2169 5689 2399 5759 exempli
2435 5692 2625 5761 gratia,
2683 5700 2825 5746 terra
2884 5707 2979 5762 per
3008 5707 3071 5748 se
3101 5693 3320 5762 quidem
3359 5697 3442 5747 toi-
