4208 6440
717 401 853 464 1103

1905 387 2325 450 NICEPHORI
2365 380 2791 446 BLEMMIDHZ

3812 363 3961 433 1104

698 523 814 566 ιιιιη
851 524 932 567 cst
957 530 972 579 ;
1008 513 1216 567 ratione
1237 521 1417 567 autem
1437 507 1605 566 totius
1631 504 1844 570 mundi,
1902 519 2030 574 pars
2062 503 2260 558 dicitur

2392 519 2480 570 ρος
2512 504 2592 564 εἱς
2629 497 2867 567 κατοχὴν
2897 494 2980 550 ἑνὶ
3029 493 3243 562 ἑκάστῳ
3291 489 3402 543 τῶν
3440 485 3534 541 τοῦ
3567 485 3690 540 ὅλου
3746 484 3962 579 κόσμου

699 605 899 675 Duplex
937 616 1016 660 est
1049 607 1210 673 igitur
1238 605 1402 659 etiam
1437 601 1707 659 naturalis
1741 600 1895 652 locus
1925 615 1939 650 :
1977 611 2122 649 unus
2151 610 2275 664 pro-

695 702 937 770 priarum
966 699 1236 767 cujusque
1264 698 1339 751 rei
1372 696 1606 764 partium
1643 699 1767 762 apta
1801 699 1853 745 et
1880 689 2146 744 concinna
2172 687 2278 740 col-

697 795 928 856 locatio;
963 792 1098 845 alter
1118 790 1463 861 εερτιτδῑὶοιει
1480 801 1601 842 sors
1619 785 1684 838 ad
1715 781 2070 838 continendas
2097 781 2281 849 singuo

697 887 773 938 las
806 887 972 938 totius
1007 885 1193 937 mundi
1234 891 1434 951 partes.
1461 879 1579 944 Quo
1597 878 1756 947 110
1777 873 2083 944 signiﬁcatu
2127 872 2278 924 locus

688 985 854 1030 terra:
898 977 1102 1030 dicitur
1138 973 1378 1027 universi
1419 971 1682 1025 medium.
1721 973 1796 1022 Ac
1838 967 1882 1021 si
1916 965 2038 1033 quis
2077 974 2276 1038 terram

695 1083 724 1120 e
755 1068 862 1119 situ
896 1080 1062 1135 quem
1098 1065 1258 1117 habet
1295 1063 1348 1115 in
1380 1059 1570 1114 mundi
1605 1060 1782 1112 medio
1811 1055 2079 1110 emoverit
2101 1092 2115 1117 ,
2152 1066 2277 1120 pro-

698 1136 956 1224 priarum'
985 1155 1240 1225 equidem
1274 1153 1510 1222 partium
1549 1158 1730 1218 aptam
1765 1145 2186 1199 collocationem
2224 1141 2278 1194 in

713 1251 1030 1318 integritate
1061 1263 1160 1303 sua
1200 1243 1456 1302 retinebit
1492 1260 1504 1291 :
1542 1241 1634 1295 sed
1668 1249 1780 1294 tum
1815 1247 1873 1291 ut
1909 1234 2279 1290 universitatis

701 1356 829 1409 pars
871 1340 1042 1392 situm
1097 1353 1256 1393 suum
1294 1350 1402 1388 non
1438 1332 1687 1387 habebit.
1727 1331 2076 1397 Quapropter
2115 1327 2278 1379 etiam

699 1439 812 1504 ipsa
847 1443 958 1488 tota
992 1433 1226 1488 demissa
1247 1430 1311 1483 ad
1344 1428 1582 1481 medium
1642 1424 1871 1485 feretur,
1903 1418 2120 1474 tametsi
2154 1431 2279 1485 par-

699 1539 778 1582 tes
811 1527 985 1595 ipsius
1022 1522 1444 1576 collocationem
1488 1515 1974 1588 {conjunctionem
2023 1507 2279 1578 localem]

699 1631 944 1673 mutuam
991 1618 1301 1678 retineant,
1331 1623 1454 1668 cu‘m
1493 1613 1609 1680 ipsa
1648 1610 1816 1664 etiam
1851 1618 2002 1661 extra
2041 1602 2279 1657 medium

699 1715 964 1768 exsistere
1011 1709 1339 1779 cogitatione
1377 1708 1757 1772 concipiatur.
1796 1699 1970 1768 Hujus
2014 1696 2118 1750 loci
2161 1710 2283 1763 gra-

710 1808 785 1859 tia
816 1849 830 1870 ,
869 1815 921 1859 et
970 1819 1032 1859 ea
1076 1816 1196 1870 qua:
1248 1805 1534 1853 moventur
1583 1791 1910 1848 naturaliter
1949 1790 1989 1819 ¹⁹
2015 1828 2030 1851 ,
2071 1794 2126 1840 et
2162 1798 2282 1854 qua:

2389 592 2573 662 μερῶν
2597 610 2610 622 ·
2643 591 2776 643 καθὸ
2825 588 3046 656 λέγεται
3075 587 3240 649 τόπος
3280 583 3383 649 τῆς
3412 584 3516 650 γῆς
3566 581 3624 632 τὸ
3658 578 3824 646 μέσον
3857 573 3961 626 τοῦ

2386 684 2607 744 παντός.
2643 682 2759 735 Κάν
2778 699 2863 742 τις
2890 680 3174 749 ὲκστήσειε
3203 676 3300 746 τὴν
3338 675 3444 742 γῆν
3474 675 3573 741 τῆς
3598 672 3729 739 περὶ
3757 669 3819 720 τὸ
3863 667 3963 735 μέ·

2386 791 2477 826 σον
2506 772 2829 836 τοῦπαντὸς
2853 772 3078 835 θέσεως,
3111 771 3218 823 τῶν
3255 768 3355 838 μὲν
3397 763 3614 819 οἰκείων
3651 760 3832 831 μερῶν
3863 760 3962 810 τὸν

2384 861 2707 935 εὐθετισμὸν
2737 867 2793 918 ἑν
2826 868 2891 935 τῇ
2923 865 3101 934 οἰκείᾳ.
3131 860 3356 926 καθέξει
3394 858 3626 928 όλότητι’
3656 855 3759 922 τὴν
3785 851 3830 904 δ’
3879 850 3958 912 ὡς

2387 959 2552 1027 μέρος
2579 957 2675 1010 τοῦ
2711 957 2912 1018 παντὸς
2947 955 3044 1024 οὑχ
3079 954 3190 1018 ἕξει
3221 953 3338 1006 τότε
3371 952 3541 1002 θέσιν.
3574 947 3664 1000 Διὸ
3691 945 3786 998 καὶ
3815 943 3960 1010 αῷτη

2383 1051 2479 1119 ὅλη
2507 1050 2770 1116 ἀφεθεῖσα
2801 1051 2893 1103 ἐπὶ
2922 1049 2980 1100 τὸ
3021 1050 3182 1116 μέσον
3212 1046 3420 1114 οἰσθείη
3447 1043 3530 1097 ἄν·
3563 1039 3742 1093 καίτοι
3763 1036 3878 1090 τῶν
3900 1037 3964 1087 ὲν

2386 1142 2523 1211 αὐτῇ
2561 1141 2744 1210 μερῶν
2783 1143 2883 1211 τὴν
2917 1141 3053 1210 πρὸς
3100 1139 3305 1208 ἄλληλα
3337 1132 3721 1204 φυλαττόντων
3763 1127 3961 1180 συντό-

2386 1249 2586 1296 πωσιν,
2614 1233 2705 1285 καὶ
2744 1235 2874 1285 ὅταν
2905 1233 3048 1300 αὕτη
3080 1231 3251 1283 νοοῖτο
3299 1227 3403 1292 ἔξω
3428 1225 3522 1280 τοῦ
3557 1227 3723 1295 μέσου
3749 1221 3960 1288 τυγχά-

2387 1343 2574 1379 νουσα.
2610 1326 2706 1379 Διά
2735 1326 2826 1378 τὸν
2855 1325 3022 1377 τόπον
3050 1323 3259 1387 τοῦτον,
3296 1322 3389 1374 καὶ
3420 1321 3490 1372 τὰ
3519 1319 3815 1386 κινούμενα
3855 1330 3960 1379 φυ-

2389 1417 2557 1478 σικῶς
2611 1416 2706 1468 καὶ
2754 1417 2821 1468 τά
2852 1415 3141 1482 ἱστάμενα,
3191 1412 3261 1465 τά
3327 1411 3426 1478 μὲν
3487 1409 3741 1466 κινεῖται,
3803 1403 3874 1453 τὰ
3916 1399 3963 1451 δ’

2387 1512 2639 1577 ἕστηκεν·
2673 1511 2759 1562 ἵνα
2816 1510 2914 1578 τῆς
2967 1509 3040 1569 ὡς
3097 1507 3239 1576 μέρη
3299 1505 3503 1563 θέσεως
3533 1504 3591 1554 ὲν
3649 1494 3962 1563 καταλήψει

2389 1603 2656 1669 γένωνται
2685 1601 2753 1652 τὰ.
2786 1601 3104 1670 κινούμενα·
3147 1599 3215 1650 τὰ
3240 1598 3284 1650 δ’
3333 1595 3602 1664 ίστάμενα
3629 1591 3707 1658 τῷ
3764 1591 3965 1656 ἀφορι-

2391 1693 2569 1745 σθέντι
2608 1691 2758 1761 τόπῳ
2779 1689 2991 1754 τούτοις
3041 1691 3115 1753 ὼς
3158 1689 3382 1758 μέρεσιν
3425 1677 3960 1754 ὲμφιλοχωροῦνται.

2395 1786 2731 1850 consistunt,
2773 1784 2974 1854 partim
3013 1792 3324 1841 moventur,
3361 1779 3557 1847 partim
3599 1774 3913 1829 consismnt
3949 1799 3964 1835 ;

704 1907 762 1950 ut
799 1867 921 1966 quae
959 1867 1247 1949 moventur
1273 1929 1288 1955 ,
1337 1900 1594 1957 tanquam
1633 1895 1850 1954 partes,
1886 1884 2046 1936 situm
2083 1876 2533 1948 appre’hendant;
2579 1894 2699 1949 quae
2729 1878 3080 1942 consistunt,
3115 1877 3171 1929 in
3240 1875 3359 1928 loco
3431 1870 3534 1926 sibi
3607 1879 3664 1921 ut
3716 1867 3970 1936 partibus

705 1988 990 2049 attribute,
1027 1985 1266 2039 suaviter
1298 1985 1724 2035 commorentur.

782 2083 837 2136 6.
877 2079 988 2133 llac
1028 2078 1193 2146 igitur
1236 2076 1450 2129 ratione
1482 2072 1634 2125 locus
1679 2084 1786 2122 non
1824 2069 1930 2122 erit
1964 2064 2286 2122 extremitas
2321 2066 2360 2119 Β

701 2170 1037 2229 continentis
1075 2164 1398 2238 [corporis].
1445 2161 1733 2228 Quomodo
1769 2160 1912 2213 enim
1953 2156 2282 2212 continentis

702 2264 956 2335 corporis
998 2260 1316 2315 extremitas
1367 2255 1535 2309 fuerit
1581 2253 1793 2307 ordinis
1826 2261 1879 2304 et
1914 2248 2280 2318 separationis

703 2375 870 2414 causa
899 2397 914 2422 ,
955 2370 1080 2410 cum
1113 2355 1229 2425 ipsa
1266 2351 1450 2420 potius
1493 2346 1813 2403 extremitas
1849 2345 1916 2398 ab
1947 2344 2027 2398 eis
2067 2358 2189 2413 qum
2225 2342 2280 2394 in

706 2452 824 2519 ipsa
861 2457 988 2504 sunt
1020 2454 1075 2500 et
1112 2445 1178 2498 ab
1210 2445 1323 2512 ipsa
1358 2441 1711 2498 continentur
1738 2477 1751 2499 ,
1788 2437 2103 2489 deﬁniatur.
2146 2433 2283 2486 Pro-

709 2540 949 2610 priarum
984 2550 1112 2605 ergo
1146 2537 1414 2604 cujusque
1447 2531 1522 2584 rei
1561 2531 1796 2599 partium
1828 2535 1951 2595 apta
1984 2534 2043 2580 et
2085 2538 2284 2578 conve-

704 2634 865 2688 niens
903 2627 1190 2683 collocatio
1230 2635 1316 2678 est
1356 2625 1511 2676 locus
1547 2619 1962 2690 inseparabilis,
2006 2619 2122 2671 sive
2166 2632 2284 2669 mo-

703 2733 896 2775 veatur
927 2719 1041 2772 sive
1071 2717 1320 2786 quiescat
1349 2729 1457 2767 res.
1484 2711 1619 2765 Nam
1656 2711 1798 2764 idem
1833 2722 2049 2777 semper
2079 2715 2280 2771 manet,

710 2813 865 2882 ιιι
903 2813 1072 2880 donec
1108 2823 1196 2862 res
1259 2806 1554 2861 exstiterit.
1593 2801 1855 2868 Reliquus
1905 2810 2084 2854 autem
2130 2800 2284 2853 locus

709 2895 1036 2973 separatur.
1063 2899 1294 2965 Quando
1327 2898 1470 2952 enim
1518 2905 1805 2950 moventur
1849 2907 2078 2961 corpora
2106 2932 2120 2956 ,
2157 2907 2280 2946 cum

707 2997 846 3066 ipsis
875 2996 1027 3062 juxta
1063 3008 1168 3045 non
1214 2999 1484 3044 movetur.
1516 2988 1630 3054 Qua
1664 2987 1730 3041 de
1763 3001 1927 3040 causa
1969 2987 2130 3038 etiam
2164 2999 2285 3052 quae

706 3085 1010 3141 secundum
1051 3082 1228 3136 locum
1266 3087 1586 3141 moventur,
1619 3074 2024 3145 quodammodo
2062 3074 2115 3127 in
2165 3073 2285 3127 loco

707 3193 830 3231 esse
853 3214 871 3239 ,
901 3173 1306 3245 quodammodo
1347 3172 1399 3224 in
1466 3171 1588 3224 loco
1624 3184 1730 3222 non
1758 3182 1879 3223 esse
1907 3168 2182 3220 dicuntur.
2228 3165 2285 3219 ln

710 3268 832 3321 loco
885 3266 1029 3319 enim
1082 3264 1166 3317 bis
1220 3272 1279 3316 ut
1333 3263 1578 3331 partibus
1627 3261 1913 3329 designato
1964 3274 2071 3312 non
2132 3265 2280 3311 sunt.

712 3357 858 3409 Alias
903 3355 1046 3408 enim
1084 3353 1471 3422 quiescerent,
1510 3351 1556 3405 si
1602 3352 1740 3403 hunc
1786 3350 1965 3402 locum
2011 3356 2282 3402 tenerent.

2463 2067 2535 2123 ς’.
2573 2057 2733 2113 Κατὰ
2758 2058 2946 2111 τοῦτον
2977 2056 3069 2110 οὖν
3102 2055 3193 2106 τὸν
3228 2053 3382 2120 λόγον
3412 2049 3440 2102 ό
3471 2048 3634 2110 τόπος
3675 2046 3776 2097 οὐκ
3809 2043 3968 2096 ἔσται

2384 2150 2445 2203 τὺ
2475 2150 2648 2217 πέρας
2670 2147 2762 2200 τοῦ
2795 2149 3166 2216 περιέχοντος.
3222 2141 3346 2203 Πῶς
3378 2139 3484 2208 γὰρ
3513 2138 3580 2190 ἂν
3635 2136 3719 2204 εἰη
3752 2139 3811 2186 τὸ
3871 2133 3968 2185 τοῦ

2385 2240 2732 2310 περιέχοντος
2753 2239 2928 2307 πέρας
2961 2235 3164 2298 τάξεως
3197 2234 3370 2286 αἴτιον
3405 2232 3438 2302 ἢ
3465 2227 3797 2300 ἀφορισμοῦ,
3830 2227 3968 2278 αὐτὸ

2388 2333 2589 2403 μᾶλλον
2617 2332 2678 2384 τὸ
2700 2331 2874 2401 πέρας
2913 2328 3227 2398 ὁριζόμενον
3259 2325 3366 2378 ὑπὸ
3410 2324 3522 2377 τῶν
3548 2325 3606 2374 ἐν
3638 2319 3789 2390 αὐτῷ
3821 2337 3972 2387 γινο-

2389 2427 2566 2496 μένων
2626 2425 2722 2477 καὶ
2774 2425 2864 2476 ὑπ’
2913 2422 3078 2477 αὑτοῦ
3142 2419 3592 2492 περιεχομένων;
3638 2417 3698 2470 '0
3737 2415 3840 2484 μὲν
3876 2413 3971 2466 οὖν

2386 2519 2494 2571 τῶν
2521 2519 2736 2570 οἰκείων
2760 2517 2967 2587 μορίων
2991 2518 3223 2568 ἑκάστου
3283 2512 3604 2583 εὐθετισμδς
3659 2508 3973 2578 ἀχώριστός

2387 2609 2504 2660 ἐστι
2526 2610 2686 2668 τόπος
2716 2647 2730 2671 ,
2771 2607 2870 2660 κᾶν
2901 2608 3119 2676 κινῆται
3165 2605 3227 2658 τὸ
3256 2605 3510 2674 πρᾶγμα,
3567 2601 3671 2654 κᾶν
3737 2602 3930 2668 ἠρεμῇ
3956 2613 3972 2629 ⁶

2391 2700 2543 2769 μένει
2570 2701 2676 2769 γὰρ
2708 2699 2965 2769 διηνεκὴς
2991 2700 3018 2750 ὁ
3051 2698 3236 2760 αὐτὸς,
3268 2695 3380 2748 ἔστ’
3427 2696 3491 2748 ἀν
3585 2693 3647 2745 rb
3680 2694 3921 2762 πρᾶγμα
3956 2705 3972 2720 ⁶

2388 2794 2492 2847 όδὲ
2522 2793 2708 2855 λοιπὸς
2740 2793 2905 2856 τόπος
2943 2792 3261 2862 χωρίζεται.
3315 2790 3667 2856 Κινουμένων
3713 2786 3822 2854 γὰρ
3859 2784 3973 2836 τῶν

2389 2883 2661 2952 σωμάτων
2714 2883 2776 2936 οὐ
2816 2868 3177 2950 συγκινεῖται
3211 2882 3415 2943 αὐτοῖς’
3471 2880 3550 2932 διδ
3596 2878 3785 2931 καὶτὰ
3824 2877 3975 2930 κατὰ

2387 2977 2553 3028 τόπον
2579 2975 2876 3043 κινούμενα
2918 2975 3036 3038 πῶς
3095 2975 3193 3045 μὲν
3237 2976 3295 3026 ὲν
3329 2975 3480 3043 τόπῳ
3507 2968 3643 3024 εἶναι
3692 2970 3972 3037 λέγονται,

2388 3069 2504 3132 πῶς
2544 3069 2588 3121 δ’
2613 3069 2712 3120 οὐκ
2739 3070 2796 3120 ὲν
2837 3067 3007 3136 τόπῳ.
3049 3067 3139 3120 Ἐν
3197 3066 3295 3136 μὲν
3325 3065 3432 3134 γὰρ
3479 3063 3557 3131 τῷ
3592 3061 3974 3130 ἁφωρισμένῳ

2387 3161 2539 3229 τόπῳ
2569 3159 2779 3221 τούτοις
2804 3159 2879 3220 ὡς
2913 3161 3134 3228 μέρεσιν
3161 3159 3262 3211 οὐκ
3294 3157 3455 3210 εἰσίνο
3487 3157 3520 3227 ἢ
3556 3156 3664 3223 γὰρ
3719 3153 3974 3222 ἠρέμουν

2388 3256 2478 3306 τὸν
2501 3254 2742 3305 τοιοῦτον
2759 3253 2923 3305 τόπον
2945 3252 3253 3320 κατέχοντα
3279 3251 3369 3302 Ἐν
3392 3251 3446 3302 δὲ
3475 3251 3625 3318 τόπῳ
3655 3249 3796 3300 εἰσὶν
3819 3250 3973 3314 ἀφω-

2394 3346 2634 3416 ρισμένῳ
2710 3345 2958 3414 σώμασιν
3004 3326 3207 3412 ἄλλοις,
3260 3343 3339 3396 τῶ
3401 3344 3524 3413 ἀέρι
3583 3342 3743 3412 τυχὸν
3807 3340 3836 3410 ἢ
3893 3339 3974 3408 τῷ

712 3451 778 3500 At
821 3449 873 3499 in
924 3447 1044 3499 loco
1087 3445 1412 3512 corporibus
1457 3444 1580 3497 aliis
1630 3452 1882 3511 separato
1926 3449 2094 3503 sunt,
2139 3449 2195 3494 ut
2231 3441 2284 3493 in
2315 3419 2357 3477 (ί
2397 3439 2570 3493 ὕδατι.

712 3557 835 3592 avre
871 3537 1014 3590 verbi
1049 3523 1221 3607 gratia
1259 3544 1351 3587 aut
1383 3550 1541 3600 aqua.

782 3633 834 3682 7.
871 3632 1040 3698 Atque
1064 3629 1148 3680 hic
1173 3634 1257 3679 est
1289 3628 1331 3678 is
1363 3626 1514 3681 locus
1551 3624 1641 3694 qui
1679 3626 1871 3679 latiore
1893 3625 2296 3693 signiﬁcatione

714 3724 793 3775 sic
828 3722 1045 3783 dicitur,
1105 3717 1224 3771 aliis
1257 3718 1476 3784 quidem
1534 3717 1862 3784 assignatus,
1893 3732 1957 3770 ex
2020 3717 2299 3770 accidente

716 3819 897 3862 autem
959 3821 1152 3859 eorum
1199 3820 1322 3873 quae
1351 3807 1810 3859 moventurlocus
1868 3806 2111 3860 eﬂ'ectus.
2164 3805 2297 3859 Nam

719 3908 896 3949 imitus
955 3910 1060 3963 quo
1127 3893 1332 3961 aliquid
1421 3894 1718 3946 secundum
1779 3895 1953 3947 locum
2026 3905 2295 3961 movetur,

716 3988 764 4038 al
793 4002 851 4038 as
876 3985 1011 4050 alios
1048 3983 1184 4037 situs
1238 3984 1490 4045 assumit,
1541 3985 1866 4038 intermedio
1896 4001 2021 4040 aere
2043 3997 2136 4040 aut
2158 4002 2298 4056 aqua

717 4079 906 4133 uivisis
969 4079 1143 4130 donec
1189 4077 1508 4147 przeterierit
1561 4077 1612 4131 id
1647 4081 1793 4147 quod
1855 4080 2127 4137 valentius
2193 4090 2296 4135 est.

716 4171 890 4236 Atque
953 4167 1087 4220 situs
1117 4183 1277 4235 quem
1329 4167 1527 4235 accipit
1590 4167 1640 4222 id
1685 4170 1828 4238 quod
1859 4179 2130 4234 movetur,
2179 4187 2301 4239 par-

718 4261 851 4311 tium
893 4259 1035 4312 aeris
1067 4269 1157 4312 aut
1190 4274 1345 4326 aquae
1381 4256 1531 4313 Situs
1560 4269 1642 4315 est
1673 4276 1686 4321 ;
1720 4263 1982 4316 titantem
2037 4271 2200 4316 etiam
2249 4265 2297 4316 ei

717 4353 860 4418 quod
897 4359 1165 4410 nlOVt'llll',
1199 4351 1338 4403 situs
1365 4349 1711 4406 adventitius.
1746 4352 1898 4418 Quod
1930 4355 2089 4422 igitur
2121 4354 2295 4424 ipsum

720 4449 778 4489 ut
836 4442 912 4492 rei
981 4448 1181 4490 motum
1256 4439 1540 4493 subeuntis
1568 4443 1728 4494 situm
1781 4445 2023 4508 metitur,
2056 4445 2105 4498 ei
2155 4446 2298 4513 quod

717 4541 966 4585 movetur
1020 4531 1171 4585 locus
1225 4532 1282 4582 tit
1348 4546 1446 4597 per
1515 4534 1795 4588 accidens.
1862 4534 2200 4604 Quapropter
2250 4539 2296 4590 ei

717 4624 860 4689 quod
895 4624 1100 4674 ratione
1124 4622 1221 4675 loci
1257 4631 1527 4687 movetur,
1556 4635 1752 4692 praeter
1802 4636 1980 4693 aptam
2007 4639 2058 4679 et
2102 4642 2300 4681 conve-

721 4715 964 4764 nientem
999 4726 1223 4763 suarum
1259 4713 1490 4779 partium
1544 4715 1956 4784 collocationem
2016 4717 2166 4770 locus
2189 4735 2295 4772 non

720 4812 803 4856 est
830 4802 1100 4871 proprius.
1169 4803 1338 4867 Quem
1383 4805 1525 4858 enim
1567 4817 1842 4875 permutat
1888 4809 2070 4863 locum
2104 4826 2207 4863 non
2250 4812 2297 4865 is

727 4894 885 4961 112
937 4894 1009 4946 illi
1054 4903 1297 4948 secretus
1336 4903 1436 4958 est,
1494 4898 1586 4950 sed
1641 4899 1970 4952 continentis
2019 4901 2159 4953 aeris
2206 4910 2299 4955 aut

725 4998 878 5049 aqua:
914 5000 927 5034 :
962 4982 1118 5047 cujus
1155 4988 1314 5037 etiam
1348 4986 1481 5039 alias
1518 4987 1569 5039 in
1597 4988 1881 5059 aliaparte
1916 4992 2174 5045 constitui
2205 5008 2298 5047 so-

728 5074 800 5124 let
840 5076 886 5124 i.l
929 5074 1072 5140 quod
1099 5087 1363 5129 movetur.

794 5165 849 5218 8.
888 5166 1151 5220 [’rteclare
1189 5169 1352 5237 igitur
1407 5170 1585 5224 locum
1637 5169 1926 5236 deﬁniunt,
1994 5175 2083 5243 qui
2120 5176 2294 5243 ipsum

725 5258 860 5310 situs
888 5271 1074 5310 eorum
1111 5276 1229 5326 qua:
1251 5262 1423 5329 posita
1452 5275 1578 5316 sunt
1620 5279 1933 5318 mensuram
1967 5283 2089 5326 esse
2122 5270 2293 5322 aiunt.

724 5349 857 5401 Nam
889 5348 1000 5402 haec
1026 5350 1268 5404 deﬁnitio
1302 5369 1517 5406 onmem
1547 5354 1720 5408 locum
1745 5361 2179 5426 comprehendit,
2205 5363 2298 5424 qui

726 5457 848 5494 cum
885 5442 936 5494 in
967 5443 1307 5510 corporibus,
1345 5453 1457 5497 tum
1505 5446 1557 5498 in
1592 5447 1925 5516 incorporeis
1989 5451 2302 5503 considera-

729 5544 848 5585 tur.
881 5532 1090 5602 Quippe
1129 5544 1183 5586 et
1208 5533 1259 5586 in
1297 5536 1635 5605 incorporeis
1661 5537 1799 5592 situs
1854 5542 2062 5595 ratione
2089 5543 2296 5596 ordinis

730 5627 1093 5695 intelligitur;
1139 5630 1598 5698 quemadmodum
1653 5633 1901 5689 binarius
1945 5644 2067 5691 ante
2120 5646 2302 5690 terna-

809 5812 850 5841 "
883 5811 914 5864 6
945 5809 1109 5878 Pbys.
1154 5828 1204 5874 c.
1234 5812 1288 5878 ι,
1331 5820 1369 5866 ι.
1402 5811 1488 5878 48,
1528 5813 1615 5869 49.

2468 3619 2536 3684 ζ’.
2572 3621 2684 3674 Kal
2711 3618 2864 3681 οὗτός
2895 3619 3043 3672 ἐστιν
3069 3619 3096 3670 ὀ
3133 3619 3191 3670 έν
3225 3617 3415 3670 πλάτει
3443 3615 3736 3685 λεγόμενος
3777 3615 3973 3680 τόπος,

2399 3714 2578 3776 ἄλλοις
2605 3713 2702 3782 μὶν
2724 3710 3048 3781 κληρωθεὶς,
3079 3709 3219 3762 κατά
3245 3709 3596 3778 συμὸεῦηκὺς
3643 3708 3697 3760 δὲ
3733 3711 3829 3761 καὶ
3860 3709 3978 3760 τῶν

2401 3805 2742 3874 κινουμένων
2774 3804 2937 3865 τόπος
2969 3802 3275 3871 γινόμενος.
3332 3801 3398 3855 Ἦ
3449 3804 3560 3870 γὰρ
3606 3802 3743 3856 κατά
3807 3804 3978 3854 τόπον

2399 3897 2615 3964 κίνησις
2648 3896 2851 3948 θέσεων
2896 3893 3085 3948 ἄλλοτε
3116 3894 3291 3947 ἀλλων
3348 3895 3466 3946 ἐστὶ
3517 3894 3826 3964 μετάληψις
3877 3895 3975 3946 τοῦ

2405 3990 2610 4060 μεταξὺ
2639 3990 2797 4058 ἀέρος
2827 3989 2856 4056 ἢ
2883 3987 2976 4039 τοῦ
2998 3986 3192 4049 ὕδατος
3207 3987 3592 4057 διαιρουμένου
3615 3989 3718 4049 ἕως
3742 3988 3808 4040 ἂν
3832 4006 3978 4058 παρ-

2403 4081 2629 4133 έλθοιτὸ
2666 4079 3034 4148 ἰσχυρότερον.
3068 4079 3177 4131 Καὶ
3238 4080 3271 4148 ὴ
3311 4079 3460 4140 θέσις
3499 4079 3567 4148 ἦν
3614 4079 3978 4148 μεταλαμϐά-

2401 4190 2482 4226 νει
2511 4174 2572 4225 τδ
2605 4175 2922 4240 κινούμενον
2948 4172 3056 4223 τῶν
3081 4170 3175 4224 τοῦ
3216 4173 3376 4240 ἀέρος
3403 4174 3520 4224 ἐστὶ
3563 4173 3767 4239 μορίων
3798 4175 3973 4238 θέσις,

2401 4266 2433 4336 ἥ
2460 4267 2567 4319 τῶν
2597 4265 2688 4319 τοῦ
2714 4264 2922 4327 ὕδατος.
2957 4264 3170 4318 Γίνεται
3201 4265 3258 4317 δὲ
3291 4266 3387 4318 καὶ
3408 4264 3485 4334 τῷ
3522 4265 3831 4333 κινουμένῳ
3881 4267 3979 4318 θέ-

2403 4373 2488 4418 σις
2509 4353 2850 4415 ἐπείσακτος.
2877 4352 2948 4405 Tb
2979 4353 3108 4421 γοῦν
3139 4353 3370 4423 μετροῦν
3391 4355 3561 4425 αὐτὴν
3579 4355 3654 4419 ὡς
3675 4355 3768 4408 τοῦ
3795 4375 3982 4409 κινου-

2407 4449 2567 4516 μένου
2602 4447 2748 4500 θέσιν
2786 4446 2950 4508 τόπος
2981 4447 3099 4498 έστὶ
3125 4447 3203 4516 τῷ
3238 4449 3545 4517 κινουμένῳ
3602 4450 3744 4502 κατὰ
3772 4452 3983 4519 συμϐε-

2403 4542 2590 4610 ϐηκός.
2622 4541 2785 4592 Ὥστε
2822 4539 2898 4608 τῷ
2934 4543 3244 4609 κινουμένῳ
3278 4541 3418 4593 κατά
3444 4542 3608 4594 τόπον
3640 4542 3771 4603 ἴδιος
3810 4544 3980 4604 τόπος

2402 4633 2501 4685 οὐκ
2534 4633 2650 4685 ἔστι
2680 4632 2832 4702 παρὰ
2877 4631 2968 4684 τὸν
3003 4630 3325 4702 εὐθετισμδν
3363 4632 3472 4684 τῶν
3503 4633 3722 4685 οἰκείων
3767 4636 3979 4703 μερῶν.

2409 4728 2505 4778 Ὃν
2555 4727 2663 4793 γὰρ
2689 4723 2960 4792 διαμείϐει
3002 4724 3185 4790 τόπον,
3217 4725 3317 4776 οὐκ
3347 4723 3514 4777 αὑτοῦ
3570 4725 3807 4793 ὑπάρχει
3843 4729 3987 4793 ἀφ’).

2409 4817 2624 4888 ρισμὸς,
2653 4816 2788 4870 ἀλλά
2817 4815 2914 4868 τοῦ
2944 4817 3292 4885 περιέχοντος
3316 4815 3532 4884 ἀέροςῆ
3564 4816 3752 4877 ὓδατος
3787 4811 3850 4868 οὗ
3885 4821 3984 4870 καὶ

2405 4907 2464 4958 τὸ
2493 4906 2806 4976 κινούμενον
2835 4905 3024 4958 άλλοτε
3059 4908 3116 4959 ἐν
3164 4905 3311 4976 ἄλλῳ
3346 4907 3504 4976 μέρει
3561 4905 3774 4974 πέφυκε
3835 4906 3984 4974 γίνε-

2405 4996 2555 5050 σθαι.

2469 5181 2544 5246 η’.
2575 5176 2773 5241 Καλῶς
2818 5173 2911 5231 οὖν
2956 5178 3229 5248 ὁρίζονται
3267 5177 3358 5230 τὸν
3389 5178 3557 5231 τόπον
3608 5179 3654 5230 οἰ
3726 5179 3980 5244 λέγοντε;

2396 5272 2556 5323 αὑτὸν
2584 5271 2782 5339 μέτρον
2804 5266 2944 5323 εἶναι
2975 5273 3072 5340 τῆς
3102 5271 3212 5322 τῶν
3246 5272 3585 5339 κινουμένων
3644 5272 3871 5333 θέσεως.
3918 5273 3980 5324 ὐ

2395 5361 2500 5430 γὰρ
2531 5362 2759 5430 ὁρισμὸς
2786 5361 2942 5424 οὗτος
2970 5363 3371 5432 περιλαμϐάνει
3409 5364 3588 5416 πάντα
3632 5364 3795 5415 τόπον
3823 5363 3880 5414 ἐν
3913 5381 3979 5418 τι

2396 5452 2643 5521 σώμασιν
2677 5453 2731 5504 ἐν
2753 5470 2810 5504 τε
2842 5454 3150 5516 ἀσωμάτοις
3179 5454 3571 5525 θεωρούμενον.
3608 5456 3716 5508 Καὶ
3750 5458 3806 5507 έν
3836 5457 3983 5508 ἀσω-

2398 5546 2589 5613 μάτοις
2612 5545 2720 5611 γὰρ
2763 5544 2911 5606 θέσις
2950 5551 3150 5598 νοεῖται
3178 5548 3321 5600 κατὰ
3357 5548 3458 5617 τὴν
3496 5546 3668 5610 τάξιν·
3714 5548 3790 5610 ῶς
3825 5548 3984 5615 λέγει

2407 5651 2498 5690 ται
2534 5635 2749 5691 κεῖσθαι
2792 5636 2888 5708 τὴν
2939 5638 3105 5692 δυάδα
3134 5639 3240 5709 πρὸ
3279 5639 3377 5710 τῆς
3432 5639 3672 5708 τριάδος,
3729 5642 3825 5694 καὶ
3879 5643 3987 5712 τὴν
