4208 6440
194 403 332 462 1105

1496 413 1832 477 EPITOME
1876 415 2214 502 PIﬁSICA.

3315 407 3451 471 1105

190 509 386 576 τριάδα
421 524 526 577 προ
581 512 681 580 τῆς
716 514 988 584 τετράδος
1012 531 1029 550 ο
1074 519 1170 572 καὶ
1200 521 1340 574 κατά
1373 525 1471 593 τὴν
1523 526 1781 594 τοιαύτην

1888 527 2052 592 rium,
2077 536 2132 582 et
2163 525 2436 578 ternarius
2463 531 2588 579 ante
2630 520 3043 593 qualernarium
3072 519 3279 589 positus
3331 536 3451 571 cast:

191 599 343 650 θέσιν
379 601 579 664 τόπους
642 604 867 673 οἴδαμεν
903 609 1172 680 ἀριθμῶν.
1223 613 1382 667 Ἐστι
1415 616 1471 668 δὲ
1517 616 1620 669 κάν
1651 621 1763 681 τοῖς

196 693 416 760 σώμασι
448 695 616 760 θέσις.
642 697 718 759 ὡς
748 698 987 770 εἴρηται,
1015 705 1048 773 ἡ
1080 705 1340 776 ούσιώδης
1390 711 1537 778 καὶὴ
1585 712 1770 764 ἐπείσ-

191 801 360 848 ακτος
391 787 485 840 καὶ
521 789 552 856 ἡ
581 788 844 859 ούσιὼδης
867 792 1043 864 διττή.
1078 797 1240 851 Ὥστε
1271 804 1412 853 κατά
1445 800 1504 854 τδ
1551 803 1648 871 τῆς
1681 801 1767 857 θέ-

196 897 339 942 σεως
390 881 650 950 διάφορον
716 885 744 936 6
799 885 1192 958 ἀποδεδομένος
1245 893 1412 946 τόπου
1449 894 1607 961 λόγος
1656 899 1768 958 τοῖς

191 972 475 1041 διαφόροις
495 975 798 1046 ἐφαρμόζει
831 980 1040 1045 τόποις.
1075 983 1140 1036 Τί
1196 986 1297 1055 μὲν
1329 986 1423 1040 οὖν
1465 989 1580 1041 ἐστι
1606 989 1769 1054 τύπος

194 1062 222 1114 ὑ
234 1065 633 1122 τοτετύπωται.

266 1253 332 1304 θ’.
370 1249 578 1321 Χρόνος
611 1254 669 1310 δέ
698 1255 846 1310 ἐστιν
885 1257 1119 1328 ἀριθμὸς
1163 1264 1452 1332 κινήσεως.
1505 1266 1766 1320 Καλεῐται

193 1341 240 1393 δ’
277 1343 511 1412 ἀριθμὸς
571 1347 665 1399 καὶ
718 1349 747 1400 6
798 1349 1050 1417 ἀριθμῶν
1114 1353 1209 1402 καὶ
1269 1354 1298 1404 ό
1340 1355 1768 1426 ἀριθμούμενος,

193 1433 387 1505 ὥσπερ
415 1433 634 1500 λέγεται
668 1439 870 1508 μέτρον
896 1443 957 1494 τὸ
983 1443 1222 1510 μετροῦν
1243 1461 1303 1498 τε
1334 1449 1426 1499 καὶ
1454 1449 1513 1500 τὸ
1543 1451 1771 1518 μετρού-

199 1542 384 1589 μενον*
410 1524 524 1580 οἷον
555 1529 583 1580 6
613 1531 902 1598 μοναδικός
941 1534 1196 1604 ἀριθμὸς,
1241 1538 1410 1607 ἦγουν
1435 1541 1464 1592 6
1498 1541 1562 1592 ἐκ
1610 1542 1772 1609 μονά-

194 1619 302 1670 δων
331 1621 764 1688 συντεθειμένος,
792 1628 884 1679 καὶ
929 1628 1161 1698 ἀριθμὸς
1192 1631 1376 1683 ἵππων
1404 1632 1434 1702 ἢ
1469 1632 1628 1701 βοῶν.
1661 1636 1771 1688 Καὶ

198 1715 363 1767 πάλιν
403 1717 574 1784 χοῖνιξ
611 1721 643 1789 ἡ
675 1720 860 1791 ξυλίνη
893 1725 990 1777 καὶ
1024 1727 1056 1793 ἡ
1102 1726 1198 1778 τοῦ
1235 1729 1410 1780 σίτου⁹
1465 1731 1557 1782 καὶ
1594 1731 1773 1798 ἀμφο·

1868 622 2088 677 dicitur.
2155 620 2330 688 Atque
2385 619 2548 686 huius
2599 619 2740 673 situs
2805 615 3018 670 ratione
3093 627 3446 666 numerorum

1870 713 2022 768 locos
2060 713 2333 766 novimus.
2405 706 2504 765 Est
2561 720 2742 764 autem
2799 707 2964 763 etiam
3020 707 3073 760 in
3118 706 3442 773 corporibus

1869 805 2010 860 situs
2047 802 2504 875 quemadmodum
2552 801 2756 857 dictum
2801 808 2906 864 est,
2937 798 3244 854 essentialis
3275 807 3327 850 et
3355 798 3451 848 ad-

1871 898 2152 953 ventitius.
2213 895 2278 949 Et
2307 895 2616 951 essentialis
2641 893 2866 963 duplex.
2898 891 3003 946 Pro
3039 889 3343 944 diﬂ‘erentia
3367 905 3454 942 er-

1872 1005 1940 1060 go
1974 991 2112 1044 situs
2147 990 2422 1058 assignata
2454 987 2563 1042 loci
2600 983 2847 1041 deﬁnitio
2878 982 3117 1038 diversis
3171 982 3305 1035 locis
3365 997 3458 1034 ac-

1873 1083 2273 1138 commodatur.
2331 1081 2472 1149 Quid
2500 1095 2631 1151 ergo
2669 1078 2826 1134 locus
2857 1079 2951 1144 sit,
2983 1077 3058 1131 ita
3117 1076 3462 1142 designatum

1877 1187 1984 1232 est.

1943 1269 1997 1324 9.
2035 1269 2276 1339 Tempus
2307 1276 2488 1322 autem
2518 1268 2563 1299 ¹⁰
2587 1275 2674 1322 est
2731 1281 2995 1321 numerus
3028 1271 3231 1318 motus.
3294 1260 3466 1315 Voca-

1877 1369 1967 1416 tur
1998 1371 2184 1416 autem
2215 1376 2480 1415 numerus
2511 1375 2637 1414 cum
2671 1360 2716 1413 is
2742 1359 2836 1428 qui
2898 1358 3171 1419 numerat,
3229 1365 3341 1410 tum
3376 1357 3468 1422 qui

1877 1462 2236 1518 numeratur;
2261 1451 2718 1522 quemadmodum
2748 1464 3002 1504 mensura
3027 1449 3227 1502 dicitur
3251 1449 3320 1512 ",
3358 1458 3465 1498 tam

1877 1558 1999 1613 qua:
2027 1553 2325 1607 mensurat,
2359 1559 2519 1611 quam
2549 1556 2670 1612 quae
2696 1550 3044 1594 mensuratur
3071 1580 3084 1593 .
3113 1537 3314 1608 _Veluti
3347 1555 3434 1589 mo
3454 1565 3470 1576 -

1880 1637 2107 1690 uadicua
2129 1650 2408 1697 numerus,
2432 1635 2534 1688 hoc
2556 1642 2662 1698 est,
2694 1648 2756 1686 ex
2786 1632 3082 1684 unitatibus
3101 1631 3463 1698 compositus;

1879 1737 1934 1784 et
1968 1743 2230 1784 numerus
2257 1741 2525 1796 equorum
2551 1733 2644 1780 aut
2671 1725 2858 1779 boum.
2893 1723 2961 1778 Et
3013 1738 3204 1778 rursus
3253 1723 3472 1776 cltmnix

198 1810 378 1873 pel-c6
410 1812 702 1880 κεράμειος
729 1816 822 1867 καὶ
876 1816 904 1866 6
949 1815 1043 1870 τοῦ
1095 1818 1306 1880 ὓδατος.
1351 1820 1511 1875 Ἀλλά
1569 1825 1663 1875 καὶ
1713 1823 1774 1876 τὸ

1882 1823 2076 1889 lignea,
2094 1831 2147 1875 et
2171 1822 2296 1875 item
2312 1820 2475 1874 tritici
2497 1838 2510 1883 ;
2529 1827 2583 1873 et
2599 1819 2858 1888 amphora
2888 1817 3154 1884 tigliua,et
3171 1825 3297 1869 item
3319 1830 3473 1882 aqum

195 1901 610 1971 ἀριθμούμενον
643 1906 822 1960 διττόν
847 1910 985 1973 έστι,
1020 1910 1082 1963 τὸ
1121 1913 1219 1978 μὶν
1263 1917 1403 1968 κατά
1451 1917 1638 1978 ποσὸν,
1696 1918 1770 1980 ὡς

1882 1915 2035 1985 113
2054 1915 2341 1984 amphora.
2391 1912 2499 1966 Sed
2527 1913 2579 1965 id
2599 1913 2742 1980 quod
2767 1918 3115 1971 numeratur,
3147 1907 3345 1976 duplex
3366 1918 3472 1960 cst:

197 1996 434 2062 λέγομεν
456 1997 549 2049 δύο
576 2001 822 2068 κινήσεις
859 2002 891 2071 ἢ
923 2006 1096 2071 spei,"
1133 2006 1193 2057 τὸ
1235 2005 1294 2057 δὲ
1320 2009 1460 2059 κατὰ
1489 2008 1660 2071 τάξιν,
1697 2011 1772 2070 ῶς

194 2088 434 2157 λέγομεν
463 2094 736 2160 προτέραν
771 2095 985 2164 κίνησιν
1013 2098 1103 2149 καὶ
1126 2098 1374 2165 ὑστέραν.
1413 2100 1598 2152 Ἔστιν
1631 2101 1724 2154 οὖν
1747 2103 1774 2154 6

197 2181 394 2250 χρόνος
429 2182 664 2253 ἀριθμὸς
705 2189 976 2253 κινήσεως
999 2188 1093 2241 καὶ
1142 2188 1218 2250 ὡς
1273 2191 1520 2259 ἀριθμῶν
1553 2194 1648 2244 καὶ
1701 2192 1775 2255 ὥς

197 2276 1080 2350 ἀριθμούμενοςοάριθμούμενος
1108 2282 1162 2334 δὲ
1220 2283 1360 2336 κατά
1419 2285 1516 2354 τὴν
1582 2285 1770 2348 τάξιν·

197 2371 320 2436 ἢτοι
373 2372 518 2424 κατά
566 2373 628 2424 τδ
654 2373 917 2442 πρότερόν
949 2391 1008 2426 τε
1038 2378 1131 2428 καὶ
1157 2376 1384 2446 ὕστερον
1409 2393 1423 2407 ο
1456 2377 1549 2429 τοῦ
1583 2377 1777 2445 πρότε-

203 2480 298 2531 ρον
333 2464 426 2516 καὶ
457 2463 690 2534 ὕστερον
717 2468 1152 2538 λαμϐανομένων
1210 2471 1349 2523 κατὰ
1384 2472 1485 2538 τὴν
1515 2469 1610 2523 τοῦ
1638 2467 1777 2523 εἶναι

201 2557 546 2624 παράτασιν.
572 2559 916 2628 Ἀριθμεῖται
953 2562 1064 2629 μὲν
1089 2559 1184 2614 οὖν
1212 2565 1238 2615 ό
1293 2564 1485 2634 χρόνος
1532 2564 1637 2616 ὑπὸ
1681 2564 1780 2634 τῆς

205 2643 439 2714 πρώτης
491 2648 578 2732 καί
639 2649 816 2718 ἁπλῆς
871 2651 1142 2718 κινήσεως
1173 2655 1272 2721 τῆς
1323 2654 1732 2725 κυκλοφορικῆς
1762 2672 1778 2688 ⁸

202 2738 621 2806 ἀνταριθμεῖται
645 2740 702 2794 δὲ
735 2742 898 2795 πάλιν
925 2745 1115 2814 αὑτήν.
1153 2746 1212 2797 Et
1242 2746 1320 2814 μὴ
1363 2748 1472 2816 γὰρ
1505 2748 1609 2801 ὑπὸ
1653 2746 1782 2817 χρό-

201 2846 296 2883 νου
323 2833 354 2900 ἡ
382 2833 603 2903 τοιαύτη
641 2832 874 2903 κίνησις,
902 2835 1007 2888 ὑπὸ
1030 2836 1174 2895 τίνος
1207 2836 1542 2909 ἀριθμηθείη
1565 2839 1630 2893 ἀν
1654 2853 1672 2906 ;

275 3023 332 3068 ι’.
368 3013 483 3083 Τὴν
507 3015 731 3087 πρώτην
758 3012 852 3071 οὖν
884 3019 976 3072 καὶ
1007 3024 1354 3093 κυριωτάτην
1378 3023 1488 3076 τῶν
1514 3025 1785 3093 κινήσεων

199 3108 300 3176 τὴν
326 3108 695 3178 κυκλοφορίαν
725 3112 752 3162 6
783 3113 974 3180 χρόνος
1003 3111 1240 3182 μετρῶν,
1273 3114 1401 3167 κατ’
1445 3115 1660 3184 ἐκείνην
1693 3117 1786 3169 καὶ

1875 2024 2045 2062 unum
2075 2006 2286 2059 ratione
2319 2004 2669 2074 quantitatis,
2746 2002 3027 2072 quomodo
3061 2001 3202 2055 duos
3236 2009 3327 2052 aut
3365 2008 3473 2050 Irt's

1877 2108 2066 2154 nmtus
2097 2099 2373 2161 dicimus;
2402 2097 2632 2149 alterum
2678 2096 2892 2149 ratione
2923 2093 3157 2159 ordinis,
3201 2091 3476 2160 quomodo

1879 2194 2114 2263 priorem
2153 2203 2206 2247 et
2241 2190 2596 2260 posteriorem
2635 2197 2846 2244 motum
2896 2188 3155 2244 dicimus.
3236 2184 3474 2251 Tempus

1879 2286 2041 2356 igitur
2084 2295 2265 2340 motus
2291 2300 2417 2339 cum
2448 2292 2507 2336 ιιι
2530 2296 2847 2345 numerans,
2901 2291 3013 2335 tum
3049 2289 3107 2334 nt
3153 2286 3471 2332 numeratus

1881 2393 2146 2432 numerus
2176 2387 2259 2430 est
2288 2395 2305 2441 ;
2335 2389 2630 2429 numerans
2664 2383 2844 2428 autem
2862 2375 3160 2428 secundum
3201 2372 3471 2425 Ol'tlillell"

1879 2475 1995 2528 sive
2028 2470 2329 2526 secundum
2382 2470 2533 2538 prius
2563 2476 2618 2523 et
2654 2468 2946 2537 posterius,
2971 2467 3140 2534 priori
3179 2474 3235 2520 et
3292 2472 3472 2532 postu-

1883 2565 2013 2618 riori
2039 2561 2525 2629 secundnmipsius
2552 2575 2675 2614 esse
2703 2561 3080 2614 estensionem
3109 2556 3348 2622 acceptis
3397 2556 3466 2607 ".

1881 2654 2209 2711 Numeratur
2266 2668 2397 2721 ergo
2447 2659 2667 2720 tempus
2729 2665 2756 2702 a
2792 2652 2967 2717 primo
2998 2663 3050 2702 et
3077 2649 3306 2716 simplici
3327 2657 3476 2699 motu

1881 2748 2159 2810 circulari,
2216 2745 2568 2811 vicissimque
2615 2758 2740 2797 eum
2773 2751 3043 2796 numerat.
3085 2739 3198 2795 Nisi
3247 2742 3393 2794 enim
3441 2754 3471 2792 a

1883 2846 2134 2908 tempore
2153 2836 2423 2906 ejusmodi
2451 2843 2631 2888 motus
2659 2830 3112 2904 [uumeraretur],
3149 2847 3177 2884 a
3213 2845 3324 2901 quo
3357 2838 3476 2883 tau-

1884 2933 2007 2988 dem
2041 2929 2422 2986 numerabitur
2448 2929 2473 2982 ?

1959 3023 2045 3078 10.
2082 3023 2220 3078 Dum
2289 3037 2418 3090 ergo
2442 3023 2678 3091 primum
2709 3029 2765 3076 et
2822 3018 3060 3074 maxime
3113 3014 3470 3086 principalem

1887 3121 2120 3177 motum,
2177 3113 2594 3167 conversionem
2631 3113 2918 3174 nimirum,
2974 3120 3191 3178 tempus
3222 3110 3478 3167 metitur,

200 3201 301 3262 τάς
330 3201 496 3264 ἄλλας
525 3202 768 3272 κινήσεις
824 3206 1034 3272 μετρεῖ.
1105 3206 1244 3258 Ωστε
1282 3205 1384 3274 τῆς
1446 3208 1546 3277 μὶν
1581 3207 1778 3261 κυκλοο

1886 3203 2188 3259 secundum
2242 3203 2388 3257 illam
2423 3203 2764 3258 etiamalios
2803 3211 2992 3256 motus
3021 3202 3264 3255 metitur.
3323 3198 3479 3264 Qua-

199 3291 444 3360 φορικῆς
484 3294 754 3356 κινήσεως
807 3294 1045 3362 ἀριθμὸς
1093 3296 1249 3348 Ισται
1282 3297 1310 3347 6
1341 3298 1532 3364 χρόνος
1579 3299 1674 3350 καὶ
1706 3297 1779 3361 ὡς

200 3379 462 3448 ἀριθμῶν
485 3383 579 3434 καὶ
603 3380 679 3444 ὡς
710 3381 836 3451 ἀριθ
847 3381 1142 3451 μούμενοςο
1170 3384 1280 3436 τῶν
1307 3384 1367 3438 δδ
1396 3387 1602 3438 λοιπῶν
1631 3390 1785 3455 κινή-

201 3487 346 3525 σεων
368 3473 445 3534 ὡς
470 3473 720 3542 ἀριθμῶν
745 3473 926 3542 μόνον,
967 3475 1030 3527 ού
1065 3475 1174 3543 μὴν
1199 3476 1292 3528 καὶ
1330 3477 1403 3539 ὼς
1437 3473 1781 3548 ἀριθμούμε-

201 3580 314 3626 νος.
346 3564 420 3617 οὐ
446 3563 555 3634 γὰρ
590 3564 728 3633 (καὶ)
763 3565 862 3632 τῆς
890 3564 1032 3634 ἐμῆς
1081 3566 1366 3635 βαδίσεως,
1405 3571 1500 3623 καὶ.
1530 3571 1631 3638 τῆς
1683 3574 1782 3640 σῆς

202 3655 554 3718 λευκάνσεως
580 3655 812 3725 ἀριθμὸς
836 3658 991 3709 ἔσται
1013 3659 1042 3710 6
1065 3659 1254 3728 χρόνος
1280 3660 1357 3722 ὼς
1379 3661 1782 3730 ἀριθμούμενος

203 3748 353 3816 (ἐπεὶ
379 3749 428 3799 εἱ
468 3747 626 3801 τοῦτό
651 3766 734 3816 γε,
793 3751 896 3802 οὐκ
931 3749 998 3802 ἂν
1052 3746 1122 3820 ἦν
1154 3751 1471 3822 ἀδιάφορος,
1522 3754 1630 3807 οὐδ’
1666 3755 1784 3824 ἅμα

199 3840 325 3893 καθ’
374 3839 432 3892 ἓν
473 3839 569 3892 νῦν
625 3839 1067 3911 ἀφοριζόμενος),
1093 3843 1230 3896 ἀλλά
1277 3844 1377 3913 τῆς
1421 3846 1644 3917 πρώτης
1693 3848 1786 3901 καὶ

201 3934 387 4002 ἀπλῆς
423 3933 520 3986 τοῦ
545 3933 778 4004 ούρανοῦ
810 3936 1085 4003 κινήσεως
1131 3935 1300 4005 μόνης
1326 3937 1632 4006 ἀριθμητὸν
1662 3940 1738 3993 ὢν
1757 3941 1786 3992 6

200 4028 399 4095 χρόνος
434 4024 576 4077 κατά
605 4026 666 4077 τὸ
707 4024 925 4093 ἐκείνης
959 4024 1228 4096 πρότερόν
1279 4043 1340 4079 τε
1404 4027 1502 4080 καὶ
1555 4027 1786 4099 ὕστερον

200 4119 288 4189 (τὸ
315 4118 432 4189 γὰρ
469 4118 738 4187 πρότερόν
768 4134 828 4170 τε
861 4121 957 4173 καὶ
991 4118 1218 4189 ὕστερον
1268 4119 1367 4189 τῆς
1414 4122 1673 4192 τοιαύτης
1703 4141 1788 4177 κιδ

200 4213 416 4282 νήσεως
446 4211 854 4280 ἀριθμούμενον
895 4213 922 4264 6
959 4211 1151 4282 χρόνος
1180 4211 1376 4281 ἐστίν).
1443 4213 1643 4278 Οὕτως
1665 4215 1788 4285 ἀριι

202 4305 334 4374 Ope!
359 4305 430 4357 τά
461 4305 522 4355 εν
554 4306 668 4365 τοῖς
689 4303 976 4374 διαφόροις
1011 4305 1266 4374 κινήσεσι
1326 4306 1576 4375 πρότερά
1605 4324 1666 4360 τε
1691 4311 1785 4362 καὶ

199 4397 415 4466 ὕστερα
444 4394 569 4448 καθ’
603 4385 662 4446 ἓν
682 4395 743 4447 τὺ
773 4395 974 4447 οἰκεῖον
999 4392 1117 4449 νῦν.
1169 4395 1258 4448 Διὸ
1317 4398 1408 4450 καὶ
1441 4395 1561 4464 ἅμα
1584 4415 1788 4452 παντα-

203 4492 298 4558 χοῦ
322 4491 351 4541 ό
382 4488 545 4549 αὑτός
573 4489 686 4540 ἐστι
720 4487 912 4557 χρόνος
946 4487 1146 4558 μέτρον
1186 4488 1450 4558 ὑπάρχων
1481 4491 1662 4561 πάσης
1705 4509 1787 4544 κι.

1883 3305 2109 3363 propter
2157 3304 2374 3362 tempus
2405 3295 2509 3347 erit
2535 3295 2826 3348 circularis
2879 3295 3098 3360 quidem
3142 3302 3324 3346 motus
3380 3307 3478 3344 nu-

1885 3400 2072 3439 merus
2153 3399 2278 3438 Clllll
2345 3394 2403 3436 ιιι
2477 3401 2811 3448 numerans,
2895 3393 3011 3437 tum
3090 3392 3149 3435 ιιι
3224 3397 3480 3436 nurui-ta-

1884 3486 2014 3541 tus;
2076 3485 2406 3530 caeterortttn
2485 3487 2670 3531 autem
2756 3487 3002 3531 mutuum
3067 3483 3126 3528 ut
3189 3490 3484 3528 numerans

1884 3568 2166 3626 duntaxat,
2217 3580 2326 3620 non
2393 3567 2524 3620 item
2564 3579 2622 3620 ut
2678 3574 3022 3621 numeratus.
3080 3564 3266 3634 Neque
3328 3567 3474 3616 enim

1884 3657 2272 3712 ambulationis
2348 3673 2504 3719 mem,
2576 3667 2629 3713 et
2695 3669 2805 3712 tuae
2880 3658 3247 3712 dealbationis
3339 3667 3477 3709 tem-

1885 3765 1987 3820 pus
2015 3757 2096 3805 eat
2131 3764 2394 3805 numerus
2427 3760 2485 3802 ιιι
2508 3759 2828 3804 numeratus
2888 3752 2904 3815 (
2932 3746 3372 3816 quandoquidem
3435 3746 3481 3799 si

1887 3844 1992 3898 hoc
2025 3843 2095 3896 ita
2131 3852 2301 3906 esset,
2346 3858 2454 3896 nou
2489 3850 2634 3897 esset
2662 3840 3000 3906 indiﬂ‘erens,
3032 3853 3207 3908 neque
3240 3839 3400 3893 simul
3434 3839 3484 3887 in

1893 3951 2002 3990 uno
2033 3946 2238 4006 puncto
2289 3934 2691 4001 secerneretur)
2721 3950 2735 3998 ;
2774 3933 2869 3987 sed
2901 3948 3026 3986 cum
3079 3932 3236 3998 primi
3267 3938 3321 3983 et
3353 3931 3486 3982 sitn-

1889 4028 2046 4098 plicis
2094 4035 2277 4084 motus
2304 4027 2466 4100 114
2510 4027 2756 4083 cmlestis
2818 4026 2989 4080 solius
3042 4026 3114 4078 sit
3161 4034 3377 4092 tempus
3437 4023 3485 4073 ill

1888 4121 2034 4191 quod
2067 4130 2396 4175 numeratur
2451 4121 2752 4176 secundum
2809 4119 2958 4172 illius
3010 4120 3162 4185 prius
3191 4127 3243 4168 et
3310 4126 3485 4183 postv-

1889 4213 2030 4268 rius.
2085 4212 2259 4284 (,Nam
2317 4213 2471 4282 prius
2495 4222 2549 4267 et
2599 4215 2875 4283 posterius
2934 4211 3096 4275 hujus
3145 4222 3328 4262 motus
3361 4225 3484 4261 cum

1889 4319 2210 4363 numeratur
2256 4317 2473 4377 tempus
2495 4306 2650 4375 est.)
2701 4305 2794 4359 Sic
2853 4306 3090 4372 denique
3155 4319 3219 4355 ea
3280 4305 3485 4368 quaein

1890 4400 2266 4456 differentibus
2308 4400 2548 4454 motibus
2603 4399 2785 4467 priora
2874 4407 2925 4449 et
2976 4395 3280 4463 posteriora
3337 4403 3486 4452 sunt,

1892 4493 2187 4548 secundum
2224 4507 2391 4547 unttm
2425 4507 2583 4544 suum
2611 4506 2755 4544 nunc
2779 4499 3031 4544 numerat
3058 4487 3125 4541 ”.
3150 4487 3490 4553 Quapropter

202 4581 439 4649 νήσεως.
498 4579 695 4649 Χρόνῳ
767 4580 878 4649 γὰρ
936 4581 1221 4652 μετρεῖται
1289 4579 1557 4649 σύμπασα
1631 4583 1782 4654 κίνη-

1899 4588 2067 4642 etiam
2099 4586 2265 4640 simul
2302 4585 2506 4651 ubique
2540 4583 2681 4636 idem
2745 4591 2965 4650 tempus
2996 4590 3079 4635 est
3119 4580 3261 4648 quod
3313 4583 3491 4630 man

203 4691 306 4738 σις.

277 4865 367 4912 ια’.
415 4856 631 4923 Ὠσπερ
658 4854 714 4907 δὲ
746 4853 857 4906 τῶν
883 4852 1061 4908 ἀλλων
1093 4853 1364 4922 κινήσεων
1411 4855 1786 4926 ὲναργεστέρα

199 4951 351 5002 εστὶν
379 4949 414 5016 ἡ
445 4947 586 5000 κατά
618 4945 751 5014 (τόν)
777 4945 963 4998 τόπον·
990 4943 1135 4997 οὕτω
1154 4947 1249 4998 καὶ
1273 4946 1302 4997 6
1329 4945 1593 5020 ταύτῃῖτῇ
1627 4947 1786 5016 κινήο

1899 4689 2079 4735 motus
2105 4693 2358 4733 mensura
2390 4677 2631 4732 exsistit.
2656 4676 2926 4745 Tempore
2960 4673 3105 4727 enim
3157 4673 3338 4727 omnis
3377 4689 3495 4724 mn—

1899 4779 1991 4824 tus
2015 4776 2390 4823 mensuratur.

1970 4861 2059 4915 11.
2098 4858 2564 4925 Quemadmodum
2594 4866 2775 4910 autem
2808 4858 3065 4910 omnibus
3096 4854 3493 4909 aliismotilins

1896 4955 2198 5011 evidentior
2251 4963 2337 5009 est
2383 4954 2430 5007 is
2472 4952 2566 5021 qui
2624 4953 2835 5005 ratione
2886 4950 2991 5002 lot-i
3025 4949 3121 5012 tit;
3186 4947 3264 5000 sic
3326 4947 3490 4998 t'tiam

203 5059 284 5095 σει
319 5039 504 5095 συνὼν
533 5038 724 5108 χρόνος
757 5037 1152 5108 ἐναργέστερός
1173 5039 1291 5091 ἔστι
1323 5037 1420 5118 ἰρῦ
1449 5039 1571 5101 ταῖς
1597 5039 1782 5104 ἀλλαις

1896 5056 2112 5116 tempus
2139 5047 2286 5115 quod
2322 5059 2444 5099 cum
2488 5047 2606 5110 ipso
2637 5052 2721 5097 est
2758 5042 3065 5097 evidentius
3093 5049 3180 5094 est
3221 5053 3290 5092 eo
3338 5039 3486 5107 quod

202 5134 460 5195 συνόντος
489 5133 761 5202 κινήσεσι.
785 5130 1011 5200 Μήποτε
1030 5131 1074 5184 6‘
1094 5130 1490 5202 ἀκριϐέστερον
1504 5131 1782 5186 σκοποῦντι

1892 5155 2016 5195 cum
2047 5139 2168 5192 aliis
2215 5137 2450 5192 molibus
2475 5135 2710 5189 exsistit.
2744 5135 2918 5202 Atque
2949 5133 3114 5187 etiam
3161 5131 3304 5184 haud
3346 5131 3488 5182 scio.

202 5227 296 5280 καὶ
330 5228 390 5281 al
430 5224 592 5279 ἄλλαι
615 5225 786 5277 πᾶσαι
816 5223 1064 5292 κινήσεις
1087 5220 1200 5276 οἷον
1222 5228 1491 5290 γενέσεις,
1513 5225 1782 5292 αὐξήσεις,

1891 5248 1959 5286 an
1993 5243 2117 5286 "non
2156 5233 2200 5284 si
2232 5246 2341 5285 rem
2383 5230 2710 5285 accuratius
2755 5228 3321 5288 consideraverimus,
3383 5226 3489 5276 hoc

203 5320 531 5382 ἀλλοιώσεις
559 5317 665 5370 ὕτιδ
696 5315 790 5370 τοῦ
819 5316 1018 5385 χρόνου
1054 5315 1383 5384 μετροῦνται
1427 5315 1669 5385 (τούτου)
1695 5316 1782 5370 τοῦ

1893 5334 2104 5391 tempus
2152 5322 2293 5393 quod
2336 5338 2459 5375 cum
2533 5322 2712 5376 localit
2756 5330 2906 5372 motu
2960 5320 3312 5388 coniunctum
3378 5327 3485 5374 est,

207 5419 270 5488 τῇ
303 5414 511 5483 τοπικῇ
546 5413 798 5473 συνόντος
820 5411 1054 5481 κινήσει.
1086 5409 1281 5477 Ὥραις
1305 5410 1413 5479 γὰρ
1437 5411 1530 5464 καὶ
1549 5410 1782 5480 ἡμέραις

1899 5424 2127 5467 exteros
2155 5413 2317 5466 etiam
2341 5423 2544 5477 motus,
2579 5413 2725 5466 velut
2774 5408 3186 5479 generationes,
3220 5421 3488 5473 augmen-

208 5511 300 5566 καὶ
355 5508 498 5577 μησὶ⁵
528 5506 630 5558 καὶ
669 5506 939 5566 ἐνιαυτοῖς
980 5504 1076 5556 καὶ
1122 5502 1233 5557 τῶν
1283 5503 1463 5557 ἀλλων
1521 5505 1782 5571 κινήσεων

1903 5507 2159 5571 taliones,
2187 5506 2535 5560 alterationes
2571 5504 2820 5557 metiatur
2850 5503 2872 5554 ?
2906 5501 3006 5553 Per
3042 5501 3205 5551 horas
3246 5497 3390 5550 enim
3433 5503 3486 5544 ‹·ι

211 5602 470 5672 ὁρίζομεν
508 5597 610 5668 τὴν
643 5595 976 5666 παράτασιν.

1902 5599 2021 5653 dies
2047 5608 2102 5652 et
2138 5612 2349 5652 menses
2383 5605 2438 5650 et
2468 5610 2642 5650 annos
2716 5593 2949 5647 aliorum
3015 5591 3179 5644 etiam
3239 5599 3484 5640 nmmum

1905 5688 2282 5743 extensionem
2337 5686 2698 5742 deﬁnimus".

280 5813 326 5842 aa
358 5810 394 5864 ι
425 5807 592 5877 νειμ,
622 5822 672 5858 η,
695 5803 781 5866 16,
815 5811 854 5877 ι,
877 5801 1010 5877 ιρι,
1088 5800 1130 5831 ’ί
1171 5798 1599 5877 6_?hys.‘c_.‘l6,
1627 5810 1663 5856 t.
1713 5803 1782 5858 l0‘

1915 5806 1957 5835 "
1983 5803 2014 5857 4
2049 5803 2209 5874 Phys.
2249 5819 2298 5859 c.
2333 5801 2418 5869 16,
2449 5811 2487 5856 ι.
2521 5801 2607 5856 99.

216 5893 334 5938 etc.
386 5880 475 5948 18,
512 5869 554 5933 ἱ.
587 5877 709 5933 110.
789 5875 834 5904 ⁸⁸
861 5874 894 5929 4
927 5874 1090 5942 Pltys.
1119 5887 1168 5927 c.
1203 5872 1290 5936 l9,
1333 5879 1370 5922 t.
1414 5869 1534 5924 118.

2752 5806 2757 5814 ’
2816 5800 3030 5866 ίΡιιγξ.
3071 5820 3093 5840 ι’
3156 5795 3231 5854 1⁸7,
3275 5806 3310 5847 l.
3350 5793 3482 5857 :03,
