4208 6440
712 409 843 469 11οἹ

1894 392 2316 454 NlCEPIlOHl
2364 390 2783 456 BLEMMIDE

3811 394 3835 456 1
3849 390 3958 455 108

785 530 870 584 12.
902 528 1017 580 Non
1060 533 1236 577 autem
1271 522 1563 575 motionum
1620 526 1850 576 tantum.
1886 510 1980 568 sed
2012 521 2066 565 et
2117 511 2272 579 quie—

2451 514 2538 583 ιβ’.
2583 515 2659 569 Οὐ
2696 514 2853 581 μόνον
2900 513 2956 567 δὲ
3001 514 3110 566 τῶν
3162 513 3436 584 κινήσεων
3491 515 3687 583 μέτρον
3741 513 3888 565 ἐστὶν
3927 512 3957 564 ἐ

711 636 823 678 tum
858 632 1116 675 mensura
1178 626 1392 682 tempus
1428 619 1531 666 est.
1586 608 1722 663 Nam
1757 617 1811 662 ct
1841 609 1921 662 ha:
1968 622 1998 659 a
2034 613 2276 674 tempore

712 732 808 787 per
848 711 1105 767 accidens
1137 716 1541 761 mensurantur.
1574 700 1759 770 Neque
1810 700 1953 754 enim
2008 705 2277 766 quatenus

710 813 945 879 quietes,
971 808 1073 860 hoc
1118 812 1221 862 est.
1268 809 1513 855 motuum
1573 797 1832 852 absentiae
1861 804 2011 858 sunt,
2055 803 2280 848 eatenus

713 912 1144 965 mettsurantur;
1186 896 1279 950 sed
1319 906 1589 963 quatenus
1623 900 1675 944 et
1716 892 1834 957 ipsa
1877 885 2279 958 quodammodo

714 994 871 1065 115
903 1002 1081 1047 motus
1113 990 1221 1045 dici
1270 995 1494 1058 queunt.
1550 986 1751 1051 Duplex
1784 982 1926 1035 enim
1961 990 2139 1033 motus
2175 987 2280 1045 est,

712 1105 855 1142 ttuus
880 1086 1045 1156 quieti
1063 1084 1344 1155 oppositus
1370 1081 1527 1143 ,alter
1558 1077 1726 1130 ﬂuxio
1745 1073 2069 1143 simpliciter
2102 1080 2158 1126 et
2184 1087 2282 1125 ex-

712 1182 909 1245 tensio,
952 1180 1045 1247 qui
1093 1178 1257 1232 etiam
1304 1175 1544 1243 quietem
1632 1167 2066 1238 comprehendit.
2122 1165 2285 1219 Tem-

714 1292 815 1337 pus
851 1275 1017 1343 igitur
1044 1287 1165 1326 cum
1201 1269 1251 1321 id
1284 1266 1428 1338 quod
1455 1274 1724 1327 movetur,
1787 1272 1897 1314 tum
1941 1260 2082 1327 quod
2134 1257 2288 1326 quie-

712 1367 838 1429 scit,
874 1364 1119 1418 metitur.
1151 1360 1282 1413 Nam
1313 1370 1365 1413 et
1396 1367 1602 1411 motum
1636 1356 1751 1424 ejus
1783 1355 2115 1416 metietur,et
2136 1351 2291 1419 quie-

713 1470 821 1514 tem
852 1466 1049 1527 quanta
1082 1456 1174 1517 sit,
1206 1454 1307 1507 hoc
1330 1461 1411 1506 cst
1467 1451 1750 1517 utriusque
1785 1461 1973 1500 eorum
2028 1452 2291 1513 quantum

714 1556 780 1607 ad
810 1551 1104 1606 essentiam
1140 1548 1355 1607 attinet,
1420 1543 1811 1598 extensiouem.
1855 1537 2033 1604 Quare
2086 1545 2146 1589 ut
2180 1549 2293 1587 rem

728 1644 916 1712 paucis
973 1639 1159 1694 verbis
1187 1638 1389 1699 dicam,
1427 1645 1643 1702 tempus
1693 1632 1811 1700 ejus
1850 1629 2108 1685 ﬂuxionis
2174 1642 2296 1695 qua:

716 1734 773 1786 in
805 1730 1154 1801 generatione
1188 1735 1273 1781 est
1296 1740 1550 1780 mensura
1578 1733 1693 1786 est;
1728 1738 1848 1790 qua:
1877 1721 2093 1790 quidem
2144 1734 2296 1773 com-

718 1823 899 1878 munis
930 1831 1013 1875 est
1045 1831 1095 1874 et
1130 1828 1313 1873 motus
1339 1826 1391 1872 et
1416 1816 1614 1885 quietis
1645 1825 1699 1869 et
1735 1816 1986 1870 essentia
2035 1812 2087 1865 in
2123 1809 2297 1864 omni-

720 1919 818 1970 bus
850 1914 1010 1968 rebus
1042 1928 1160 1982 quze
1206 1922 1557 1981 generantur.

790 2008 877 2061 15.
931 2006 1168 2075 Tempus
1196 2016 1375 2059 autem
1433 2004 1637 2057 dictum
1696 2001 1799 2054 fuit
1851 2011 2128 2061 numerus,
2182 2010 2288 2049 non

720 2099 862 2165 quod
905 2099 1227 2167 simpliciter
1288 2110 1546 2149 numerus
1577 2095 1647 2147 sit
1701 2089 2173 2162 (quandoquidem
2238 2094 2292 2140 et

724 2194 902 2262 ipsum
952 2199 1035 2245 est
1066 2188 1387 2245 continuum
1419 2226 1433 2249 ,
1504 2184 1960 2251 quemadmodum
2022 2190 2202 2233 motus
2240 2186 2293 2231 et

721 2282 1094 2354 magnitudo).
1163 2282 1257 2337 sed
1309 2278 1454 2350 quod
1488 2294 1582 2347 per
1635 2276 2039 2330 distinctionem
2097 2269 2293 2341 prioris

720 2391 774 2434 et
807 2378 1126 2449 posterioris
1172 2377 1312 2445 ejus,
1367 2374 1510 2443 quod
1555 2374 1607 2426 in
1641 2369 2043 2425 continuatione
2096 2377 2196 2425 est.
2228 2364 2295 2417 ab

725 2460 1138 2541 iisagnoscitur,
1169 2470 1259 2538 qui
1289 2477 1503 2536 tempus
1536 2466 1740 2519 sentire
1772 2474 2021 2531 possunt,
2052 2471 2296 2528 propter-

723 2581 786 2621 ea
828 2580 1089 2619 numerus
1144 2561 1413 2617 dicitur".
1477 2557 1587 2612 Nec
1650 2571 1780 2609 vero
1842 2554 2159 2622 simpliciter
2195 2570 2298 2607 nu-

728 2675 911 2713 merus
958 2667 1064 2720 eSt,
1095 2655 1189 2709 sed
1219 2665 1270 2709 et
1302 2655 1418 2722 ipsa
1482 2665 1739 2704 mensura
1792 2659 1898 2710 est,
1948 2646 2300 2715 quemadmo-

725 2752 854 2805 dum
902 2765 1186 2804 numerus.
1251 2747 1497 2812 Quatuor
1530 2743 1672 2796 enim
1710 2754 1978 2793 mensurzc
2015 2748 2160 2801 sunt,
2199 2752 2299 2790 nu-

727 2860 934 2906 merus,
998 2840 1334 2911 magnitudo,
1389 2840 1538 2892 locus
1588 2846 1640 2887 et
1674 2844 1903 2900 tempus.
1938 2831 2004 2885 Et
2037 2844 2299 2883 numerus

727 2936 943 3007 quidem
975 2932 1374 2993 discretionem;
1400 2925 1735 2996 magnitudo,
1752 2924 2099 2984 distantiam;
2122 2920 2301 2985 locus,

733 3030 909 3085 Omnis
937 3026 1149 3096 generis
1176 3026 1375 3085 situm;
1410 3028 1642 3086 tempus,
1679 3014 2047 3086 generationis
2097 3010 2300 3065 ﬂuxum

743 3122 902 3191 116
943 3130 995 3173 et
1023 3116 1395 3172 extensionem
1432 3112 1673 3166 metitur.

2315 1872 2364 1931 B

2380 605 2597 679 χρόνος,
2646 608 2782 661 ἀλλὰ
2821 607 2885 677 δὴ
2929 608 3026 660 καὶ
3058 606 3167 658 τῶν
3194 606 3465 674 ἡρεμιῶν.
3504 606 3610 657 Καὶ
3650 603 3809 657 αὗται
3843 605 3960 671 γὰρ

2380 703 2486 756 ὑπὸ
2538 702 2731 770 χρόνου
2770 698 3099 770 μετροῦνται
3145 698 3284 753 κατὰ
3318 698 3686 767 συμϐεϐηκός.
3736 696 3810 750 Οὐ
3844 697 3961 765 γὰρ

2381 797 2517 851 καθὸ
2554 795 2803 866 ἡρεμίαι,
2843 794 3148 857 τουτέστιν,
3178 793 3438 845 ἀπουσίαι
3488 791 3779 860 κινήσεων,
3813 791 3959 842 κατὰ

2381 892 2543 945 τοῦτο
2581 887 2910 959 μετροῦνται
2939 906 2952 918 ·
2987 886 3128 940 ἀλλὰ
3160 886 3298 938 καθὸ
3326 888 3422 939 καὶ
3453 879 3764 947 αὗταίοπως
3796 884 3960 951 κινή-

2386 1003 2498 1047 σεις
2536 983 2780 1053 λεχθεῖεν
2814 982 2901 1035 ἄν.
2933 982 3098 1050 Διττὴ
3128 981 3239 1048 γὰρ
3268 981 3300 1047 ἠ
3338 980 3573 1047 κίνησις,
3604 980 3637 1047 ἡ
3678 979 3775 1046 μὲν
3809 978 3959 1030 ἀντι·

2386 1082 2615 1146 κειμένη
2662 1082 2727 1148 τῇ
2784 1076 3016 1146 ἠρεμίᾳ,
3065 1077 3099 1141 ἡ
3136 1075 3193 1127 δὲ
3226 1074 3321 1142 ῥοὴ
3347 1072 3533 1132 ἁπλῶς
3562 1072 3656 1123 καὶ
3706 1070 3955 1135 παράταο

2389 1189 2494 1235 σις,
2522 1173 2644 1241 ἦτις
2676 1170 2796 1222 ἐστί
2844 1170 2943 1237 τῆς
2965 1168 3205 1237 ἠρεμίας
3240 1162 3635 1233 περιληπτικὴ.
3667 1161 3833 1213 Ὥστε
3866 1176 3959 1227 με-

2390 1263 2577 1329 τρήσει
2610 1263 2638 1313 6
2663 1261 2855 1330 χρόνος
2891 1259 2987 1312 καὶ
3016 1257 3077 1310 τὸ
3114 1255 3432 1323 κινούμενον
3470 1250 3567 1304 καὶ
3598 1250 3660 1301 τδ
3690 1248 3959 1317 ἠρεμοῦν,

2390 1357 2501 1425 Τὴν
2529 1354 2637 1422 γὰρ
2694 1353 2911 1421 κίνησιν
2945 1349 3110 1404 αὐτοῦ
3150 1348 3413 1419 μετρήσει
3461 1346 3555 1397 καὶ
3591 1344 3691 1410 τὴν
3721 1341 3961 1410 ἠρεμίαν

2392 1452 2565 1519 ὁπόση
2614 1463 2723 1510 τις,
2756 1448 2928 1517 ἠγουν
2962 1446 3231 1513 ἑκατέρας
3276 1440 3452 1494 αὐτῶν
3485 1440 3585 1508 τὴν
3624 1436 3768 1489 κατὰ
3796 1433 3858 1485 τδ
3886 1425 3962 1484 εῐ-

2396 1563 2485 1599 ναι
2545 1544 2879 1613 παράτασιν.
2949 1540 3117 1591 Ὠστε
3178 1534 3466 1586 συνελόντα
3528 1530 3715 1597 φάναι,
3768 1526 3965 1595 μέτρον

2396 1638 2544 1691 ἐστὶν
2576 1637 2604 1687 6
2628 1635 2818 1704 χρόνος
2840 1631 2937 1700 τῆς
2976 1632 3034 1682 ἐν
3065 1626 3271 1695 γενέσει
3321 1626 3471 1693 ῥοῆς,
3511 1623 3633 1692 ἣτις
3664 1621 3777 1671 ἐστὶ
3808 1617 3965 1683 κοινὴ

2401 1730 2492 1781 καὶ
2540 1728 2810 1795 κινήσεως
2846 1724 2939 1776 καὶ
2984 1719 3225 1789 ἠρεμίας
3276 1715 3370 1767 καί
3421 1712 3517 1765 τοῦ
3559 1714 3616 1763 ἐν
3666 1710 3800 1761 πᾶσι
3852 1707 3964 1764 τοῖς

2402 1819 2707 1890 γινομένοις
2737 1812 2897 1868 εἶναι.

2468 2001 2560 2070 ιγ’.
2621 2000 2885 2054 Λέλεκται
2938 1994 2997 2047 δὲ
3075 1989 3308 2062 ἀριθμὸς
3363 1988 3393 2039 6
3446 1985 3659 2054 χρόνος,
3721 1982 3822 2049 οὐχ
3883 1979 3967 2030 ὅτι

2396 2069 2584 2156 ἁπλῶς
2620 2095 2770 2144 ἐστιν
2796 2085 3029 2159 ἀριθμὸς
3064 2083 3208 2152 (επεὶ
3238 2077 3469 2145 συνεχὴς
3516 2075 3608 2126 καὶ
3644 2072 3830 2133 αὐτὸς,
3856 2069 3969 2121 ὧσ-

2398 2206 2503 2253 περ
2538 2187 2800 2257 ὴκίνησις
2831 2180 2924 2233 καὶ
2950 2179 3011 2230 τὸ
3035 2174 3318 2244 μέγεθος),
3349 2169 3465 2224 ἀλλ’
3494 2167 3569 2229 ὡς
3595 2166 3672 2233 τῷ
3698 2160 3970 2231 διορισμῷ

2395 2282 2489 2335 τοῦ
2521 2255 2578 2333 ὲν
2614 2281 2680 2347 τῇ
2732 2272 2986 2341 συνεχείᾳ
3019 2267 3313 2337 (προτέρου
3360 2264 3453 2316 καὶ
3484 2255 3737 2328 ὑστέρου)
3771 2272 3972 2322 γνωρι-

2396 2376 2621 2439 ζόμενος
2654 2343 2757 2423 θπδ
2787 2367 2895 2419 τῶν
2928 2360 3212 2417 αἰσθέσθαι
3256 2356 3450 2425 χρόνου
3508 2350 3853 2417 δυναμένων,
3884 2343 3974 2396 διὰ

2397 2436 2555 2521 eet-310
2586 2466 2802 2530 λέγεται
2837 2455 3090 2527 ἀριθμός.
3116 2450 3232 2506 Οὐκ
3262 2449 3375 2501 ἔστι
3406 2446 3449 2499 δ’
3479 2442 3673 2501 ἁπλῶς
3710 2436 3972 2508 ἀριθμὸς,

2398 2561 2535 2618 ἀλλὰ
2576 2559 2778 2629 μέτρον
2807 2554 2902 2606 καὶ
2926 2549 3106 2608 αὐτὸς,
3143 2545 3335 2609 ὥσπερ
3358 2543 3385 2592 6
3418 2535 3675 2606 ἀριθμός.
3712 2531 3972 2629 τέσσαρα

2398 2656 2513 2723 γὰρ
2555 2618 2894 2717 εἰσι-μέτρα,
2927 2639 3182 2709 ἀριθμὸς,
3219 2632 3467 2705 μέγεθος,
3511 2628 3673 2682 τόπος
3720 2622 3817 2674 καὶ

2400 2711 2512 2807 ᾆοέ.
2542 2743 2651 2796 Καὶ
2739 2711 2837 2809 μὲν
2868 2732 3103 2803 ἀριθμὸς
3133 2730 3231 2798 τὴν
3252 2727 3521 2792 διάκρισιν
3558 2717 3770 2787 μετρεῖ,
3819 2711 3976 2809 τδῌδδ

2407 2804 2635 2909 μέχεθος
2680 2804 2782 2901 την
2825 2827 3131 2886 διαστὰσιν,
3184 2824 3213 2873 6
3266 2818 3325 2870 δὲ
3377 2818 3537 2875 τόπος
3583 2811 3683 2877 τὴν
3711 2804 3978 2858 παντοίαν

2404 2895 2573 2993 θέσιν,
2610 2895 2712 2982 όδὲ
2736 2895 2933 2993 χρόνος
2962 2919 3059 2988 τὴν
3091 2915 3191 2983 τῆς
3220 2910 3483 2977 γενέσεως
3516 2904 3645 2974 ῥοὴν
3667 2900 3763 2952 καὶ
3799 2895 3979 2963 παρά-

2405 3042 2581 3079 τασιν.

927 3210 1093 3265 Porro
1353 3203 1567 3274 proprie
1596 3201 1857 3256 dividitur
1887 3200 1938 3252 in
1967 3198 2293 3269 praeteritum

2481 3203 2568 3256 t6'.
2606 3196 2914 3266 Διαιρεῖται
2946 3190 3001 3243 δὲ
3034 3189 3061 3240 6
3092 3184 3284 3256 χρόνος
3315 3176 3518 3247 κυρίως
3552 3172 3632 3232 εἰς

731 3315 785 3361 et
832 3305 1075 3357 mturum
1107 3318 1120 3355 :
1158 3312 1207 3355 et
1244 3315 1339 3368 per
1399 3311 1533 3351 nunc
1586 3295 1864 3349 dividitur.
1922 3292 2123 3362 Estque
2171 3304 2293 3345 nunc

2408 3296 2537 3351 θότα
2572 3291 2664 3345 καὶ
2717 3256 2997 3359 μέλλοντα,
3045 3280 3142 3332 καὶ
3190 3276 3479 3343 διαιρεῖται
3519 3265 3659 3318 κατὰ
3697 3260 3760 3368 τδ
3802 3256 3979 3368 FTN.

737 3397 992 3468 praeteriti
1053 3395 1273 3463 quidem
1310 3392 1452 3453 linis,
1507 3390 1674 3444 futuri
1716 3397 1896 3441 autem
1960 3387 2304 3456 principium:

739 3491 996 3561 temporis
1025 3503 1151 3542 vero
1191 3502 1313 3555 pars
1345 3499 1410 3538 ne
1436 3483 1659 3535 minima
1682 3480 1897 3549 quidem
1922 3479 1990 3534 ".
2028 3478 2133 3533 Sed
2162 3477 2306 3545 quod

738 3594 819 3640 est
878 3586 932 3637 iu
992 3583 1131 3635 linea
1176 3588 1433 3647 punctum
1498 3584 1549 3629 et
1589 3576 1640 3626 in
1708 3581 1855 3626 motu
1918 3570 2310 3639 κίνηματιιοο

736 3677 897 3729 etiam
938 3682 1023 3727 est
1044 3686 1176 3726 nunc
1206 3671 1257 3722 in
1288 3679 1545 3735 tempore.
1578 3664 1908 3729 Quantitatis
1956 3664 2100 3716 enim
2136 3671 2190 3715 et
2221 3661 2311 3715 di-

738 3765 964 3820 visionis
992 3761 1235 3832 expertia
1267 3771 1392 3813 sunt
1418 3759 1459 3789 "
1503 3767 1787 3825 punctum,
1823 3755 2029 3822 κίνημα
2062 3761 2116 3805 et
2158 3765 2311 3817 nunc,

740 3858 804 3910 Et
834 3858 906 3909 ita
939 3853 1156 3924 quidem
1182 3866 1241 3907 se
1275 3850 1436 3904 habet
1475 3847 1618 3917 quod
1656 3847 1835 3915 primo
1870 3857 1925 3899 et
1958 3858 2055 3913 per
2090 3858 2149 3897 se
2176 3855 2313 3895 nunc

739 3949 958 4002 dicitur.

812 4040 900 4093 i5.
938 4032 1403 4102 Quemadmodum
1460 4040 1641 4084 autem
1668 4030 1820 4082 locus
1850 4027 2067 4089 dicitur,
2103 4033 2315 4079 et'con-

744 4132 968 4186 tiuentis
992 4127 1331 4187 extremitas,
1386 4133 1439 4177 et
1500 4132 1615 4175 tota
1670 4122 1867 4175 domus
1913 4120 2068 4172 locus
2117 4117 2316 4170 dicitur

745 4224 865 4294 t-jus
896 4222 989 4291 qui
1023 4222 1077 4274 in
1107 4223 1268 4272 domo
1296 4223 1671 4280 est,quatenus
1701 4211 2033 4266 continentis
2056 4211 2316 4264 extremi-

748 4315 995 4370 tatem.iu
1023 4327 1080 4367 se
1111 4310 1453 4364 continenter
1484 4306 1679 4359 habet:
1713 4304 1795 4359 sic
1821 4304 1984 4357 etiam
2021 4318 2154 4356 nunc
2179 4300 2318 4354 dici-

752 4408 910 4471 tur",
949 4420 1072 4459 cum
1108 4403 1157 4456 id
1192 4401 1335 4471 quod
1367 4400 1541 4466 primo
1571 4409 1622 4451 et
1673 4412 1765 4465 per
1796 4412 1876 4459 se,
1909 4395 2011 4447 hoc
2043 4403 2146 4455 est,
2178 4393 2318 4462 quod

750 4500 985 4570 partium
1015 4504 1068 4549 et
1106 4492 1385 4548 divisionis
1414 4495 1638 4557 expersﬁ:
1672 4498 1783 4541 tum
1835 4487 1887 4541 id
1940 4488 2118 4554 ipsum
2171 4483 2316 4551 quod

2407 3350 2518 3444 Καὶ
2551 3386 2667 3438 ἐστι
2714 3350 2775 3434 τὸ
2821 3376 2967 3430 ΝΥΝ
3012 3375 3184 3442 πέρας
3235 3366 3333 3436 μὶν
3378 3359 3472 3414 τοῦ
3513 3350 3983 3444 παρεληλυθότος..

2409 3440 2552 3553 ἔρχὴ
2597 3479 2653 3531 δὲ
2687 3475 2781 3528 καὶ
2825 3468 2919 3524 τοῦ
2954 3440 3260 3537 μέλλοντος,
3312 3454 3508 3527 χρόνου
3540 3451 3596 3501 δὲ
3659 3447 3826 3551 μέρρς
3858 3440 3983 3553 οὐδε

2409 3531 2783 3642 ἔθελόχιστον,
2804 3562 2920 3619 ἀλλ’
2943 3531 3079 3626 όπερ
3105 3554 3251 3607 ιστίν
3277 3553 3333 3602 ὲν
3360 3544 3594 3642 γραμμῗξ
3618 3531 3985 3642 aqua}???

2412 3623 2618 3733 Qui};
2669 3664 2727 3713 ιν
2769 3623 3015 3721 κινήσειο
3052 3623 3225 3700 ’τοῦτο
3268 3642 3326 3693 δι
3384 3640 3441 3689 ιν
3500 3635 3677 3733 χρόνῳ
3704 3629 3783 3733 ,τὸ
3812 3623 3983 3733 NTN:

2418 3718 2631 3811 ;A1t:oaa
2665 3753 2775 3821 γὰρ
2822 3718 2912 3802 καὶ
2948 3745 3127 3811 ἄτομα
3181 3738 3240 3789 τὸ
3276 3732 3522 3800 σημεῖον.
3558 3725 3619 3821 τὺ
3664 3720 3868 3821 κίνηιξα

2413 3810 2475 3903 τό
2505 3810 2807 3901 PUR-Kal.
2860 3837 3031 3895 οὕτως
3056 3810 3065 3811 7
3083 3831 3182 3901 μὶν
3231 3828 3343 3896 Εχει
3372 3823 3434 3875 τὸ
3476 3816 3709 3888 πρώτως
3736 3813 3833 3865 καὶ
3863 3810 3988 3865 καθ’

2417 3942 2552 3998 αὐτὸ
2583 3936 2877 4004 λεγόμενον
2908 3926 3072 3983 ΝΥΝ.

2490 4031 2571 4085 ιε’.
2608 4029 2819 4093 Ὥσπερ
2873 4022 2931 4074 δι
2984 4019 3149 4076 τόπος
3188 4012 3410 4078 λέγεται
3446 4008 3546 4075 μιν
3578 4006 3674 4059 καὶ
3716 4004 3779 4057 τδ
3812 4005 3992 4071 πέρας

2417 4127 2511 4181 τοῦ
2565 4120 2915 4192 περιέχοντος
2950 4130 2965 4144 ·
3022 4110 3236 4175 λέγεται
3296 4104 3351 4156 δὲ
3404 4102 3561 4169 καὶὴ
3618 4099 3767 4151 οἰκία
3813 4098 3992 4158 πᾶσα,

2418 4220 2584 4279 τόπος
2630 4190 2723 4266 τοῦ
2756 4213 2812 4261 ὲν
2859 4208 2925 4275 τῇ
2952 4202 3106 4271 οἰκίᾳ
3152 4199 3326 4257 ὕντος,
3373 4192 3602 4245 καθόσον
3632 4190 3745 4257 ἔχει
3786 4202 3996 4255 προσε-

2421 4311 2531 4382 χῶς
2562 4311 2621 4360 ὲν
2656 4305 2824 4371 ἑαυτῇ
2862 4300 2923 4351 τὸ
2954 4296 3048 4348 τοῦ
3083 4292 3443 4361 περιέχοντος
3475 4285 3648 4352 πέρας
3669 4298 3682 4310 ·
3714 4280 3861 4332 οὕτω
3904 4279 3998 4328 λέ-

2422 4370 2579 4470 ξεται
2624 4396 2718 4448 καὶ
2748 4370 2890 4445 ΝΥΝ
2918 4386 2979 4439 τό
3012 4402 3070 4437 τε
3120 4383 3354 4451 πρώτως
3400 4375 3495 4428 καὶ
3524 4373 3645 4425 καθ’
3679 4370 3833 4430 αὐτὸ,
3867 4385 3998 4424 του-

2426 4458 2603 4563 τέστι,
2653 4486 2716 4536 τὸ
2762 4479 2967 4549 ἀμερὲς
3013 4473 3105 4526 καὶ
3138 4469 3466 4537 ἀδιαίρετον,
3522 4466 3618 4515 καὶ
3655 4459 3878 4526 aia-£6611
3935 4458 4000 4508 τὸ

756 4549 914 4569 τ--τη
1486 4549 1499 4557 .
1612 4549 1621 4556 .
1963 4549 1977 4554 -
2191 4549 2201 4551 _

756 4593 961 4646 ratione
985 4587 1266 4657 praesentis
1306 4582 1563 4651 temporis
1589 4580 1806 4641 dicitur,
1836 4578 1980 4648 quod
2013 4590 2143 4631 sane
2175 4586 2293 4630 temt

2389 4569 2391 4586 ’
2428 4549 2595 4633 κατα
2630 4575 2824 4645 χρόνον
2871 4569 2961 4621 τὸν
3006 4562 3276 4617 ἐνεστῶτα
3324 4558 3616 4624 λεγόμενον
3644 4569 3659 4584 °
3694 4553 3833 4617 ὅπερ
3878 4549 4003 4600 lett

755 4684 907 4751 poris
938 4695 1064 4748 pars
1093 4687 1199 4743 est,
1233 4686 1285 4731 et
1323 4672 1614 4729 secundum
1644 4672 1885 4725 latiorem
1914 4668 2235 4723 divisionem
2288 4681 2319 4720 a

762 4772 1031 4839 pl‘Blet'iIO
1055 4780 1109 4823 et
1139 4769 1321 4822 futuro
1342 4776 1529 4821 contra
1566 4765 1945 4833 distinguitur.
2003 4761 2321 4826 Diciturque

2434 4670 2599 4741 μέρος
2634 4642 2873 4734 χρόνου,
2923 4652 3425 4723 ἁντιδιαιρούμενον
3482 4646 3621 4699 κατὰ
3650 4644 3746 4710 τὴν
3788 4642 3999 4692 πλατυ-

2430 4739 2534 4831 κὴν
2594 4758 2863 4825 διαίρεσιν
2914 4751 3047 4820 πρὸς
3090 4743 3502 4815 παρεληλυθότα
3530 4740 3625 4792 καὶ
3684 4739 3994 4807 μέλλοντα·

768 4867 869 4918 hoc
898 4878 1054 4923 nunc.
1106 4861 1364 4930 tempOris
1433 4875 1594 4927 pars;
1650 4830 1919 4927 quatenus
1954 4856 2007 4906 in
2070 4866 2128 4906 se
2152 4851 2293 4906 conti

2430 4830 2527 4907 καὶ
2579 4851 2795 4917 λέγεται
2852 4842 2992 4897 ΝΥΝ
3027 4843 3088 4893 τὸ
3109 4839 3351 4892 τοιοῦτον
3398 4833 3493 4887 τοῦ
3548 4831 3739 4901 χρόνου
3806 4830 3998 4897 μέρος,

763 4964 953 5009 uenter
986 4954 1164 5017 habet,
1190 4952 1335 5021 quod
1369 4950 1541 5021 primo
1567 4961 1620 5003 et
1649 4964 1743 5015 per
1792 4961 1850 5001 se
1908 4959 2043 4999 nunc
2100 4943 2322 4997 dicitur.

766 5049 1009 5101 l'rmsens
1035 5045 1197 5114 igitur
1225 5054 1434 5112 tempus
1464 5055 1565 5106 εει,
1597 5041 1743 5109 quod
1775 5040 1828 5093 in
1861 5047 2146 5104 utramque
2203 5048 2325 5104 par-

767 5152 874 5192 tem
925 5137 1130 5206 adjaeet
1176 5135 1391 5204 proprie
1413 5133 1539 5188 dicti
1590 5145 1766 5191 nunc;
1820 5127 2148 5197 particulare
2193 5134 2327 5178 lem-

2432 4944 2669 4997 καθόσον
2710 4940 2823 5009 έχει
2864 4939 2923 4989 ὲν
2965 4933 3146 5001 ἑαυτῷ
3192 4927 3478 5000 προσεχῶς
3520 4925 3582 4976 τὸ
3638 4922 3877 4991 πρώτως
3906 4922 4001 4972 καὶ

2437 5034 2559 5091 καθ’
2606 5030 2738 5087 αὑτό
2784 5030 3078 5096 λεγόμενον
3122 5022 3287 5077 ΝΥΝ.
3335 5016 3598 5077 Ἐνεστὼς
3655 5010 3748 5066 οὖν
3805 5013 4003 5081 χρόνος

2435 5128 2585 5181 ἰστὶν
2604 5126 2633 5177 6
2662 5122 2745 5191 ἐφ’
2777 5122 3013 5191 ἑκάτερα
3042 5113 3449 5183 παρακείμενος
3475 5107 3552 5176 τῷ
3576 5106 3780 5175 κυρίως
3826 5102 3998 5155 ΝΥΝ·

769 5247 891 5298 pus.
921 5245 983 5282 ex
1009 5229 1354 5293 praeteritoet
1408 5225 1561 5294 117
1600 5224 1779 5277 futuro
1836 5232 2134 5283 constans;
2178 5232 2293 5287 quo

2436 5223 2627 5292 χρόνος
2689 5215 2913 5287 μερικδς
2963 5216 3025 5264 ὲκ
3073 5203 3511 5275 παρεληλυθότος
3568 5198 3663 5251 καὶ
3712 5196 4004 5262 μέλλοντος

771 5326 840 5373 ob
872 5322 1350 5389 propinquitatem,
1381 5333 1542 5387 quam
1578 5331 1700 5370 cum
1756 5314 1970 5384 proprie
1998 5313 2142 5366 dicto
2195 5324 2325 5364 nuxc

774 5416 1248 5484 babel,ipsummet
1276 5415 1433 5468 etiam
1456 5426 1590 5467 NUNC
1621 5410 1842 5465 dicitur.

2438 5287 2731 5373 συνεστὼς,
2781 5308 2876 5361 καὶ
2924 5303 3012 5357 διὰ
3041 5303 3137 5368 τὴν
3185 5299 3320 5367 πρὸς
3351 5295 3411 5346 τδ
3440 5290 3643 5360 κυρίως
3672 5287 3819 5341 ΝΥΝ
3849 5302 4004 5339 γει--

2438 5405 2637 5467 νίασιν,
2668 5399 2817 5453 ΝΥΝ
2850 5396 3137 5463 λεγόμενος
3166 5389 3261 5441 καὶ
3289 5384 3473 5446 αὐτός.

845 5594 937 5645 ³³4
965 5594 1121 5663 Pltyt.
1144 5609 1190 5648 c.
1214 5592 1301 5659 19,
1326 5601 1365 5645 t.
1399 5592 1515 5645 ιιι.
1590 5588 1634 5621 ’⁸
1658 5587 1691 5641 4
1716 5586 1877 5657 Phys.
1908 5602 1956 5640 c.
1981 5583 2065 5649 I9,
2098 5592 2136 5637 t.
2168 5582 2286 5646 ΙΞΙ,

2389 5581 2438 5633 5.
2514 5578 2556 5610 ν
2583 5578 2613 5631 ι
2646 5577 2809 5645 Phys.
2847 5589 2898 5628 c.
2939 5571 3027 5637 Η,
3064 5579 3101 5623 ι.
3130 5565 3219 5621 89.
3298 5562 3343 5596 "
3370 5563 3404 5617 ι
3431 5558 3595 5631 Phys.
3618 5573 3668 5620 c.
3698 5554 3787 5621 19,
3808 5567 3852 5609 ι.
3876 5554 4004 5609 122.
