4208 6440
215 430 351 495 1113

1453 428 1793 488 EPITOME
1832 426 2175 487 PHYSICA.

3317 411 3455 477 illi

208 546 479 614 ρασμένου
534 542 910 609 τυγχάνοντος,
932 543 1141 611 πλῆθος
1188 543 1420 612 ἄπειρον
1448 544 1567 603 πῶς
1590 546 1657 597 ἂν
1692 546 1778 610 εἴη

1889 545 2173 605 continet,
2209 539 2557 592 terminatum
2588 536 2679 599 sit.
2722 536 2814 604 qui
2852 535 2993 588 intra
3035 532 3210 601 ipsum
3249 530 3460 584 inﬁnita

204 638 399 688 τούτου
418 633 604 698 lin-6;;
633 633 840 695 ’Δλλως
878 636 932 687 δι
963 635 1127 689 πάλιν
1150 637 1272 687 ἐπεὶ
1302 635 1602 703 μεῖζονοὺκ
1634 637 1781 687 ἐστιν

206 727 438 796 ἀπείρου
491 726 676 779 λαϐεῖν
708 728 776 795 (si
822 728 929 795 γάρ
962 727 1129 789 ἐστιν,
1190 727 1289 778 οὐκ
1324 725 1389 778 ἂν
1415 726 1497 795 εἴη
1540 728 1601 777 τὸ
1624 727 1783 779 ἄπει-

210 837 304 887 ρον
350 821 607 889 ᾶπειρον·
644 819 765 887 ἔχον
819 818 1002 885 μεῖζόν
1060 837 1113 871 τι
1145 817 1339 871 ἑαυτοῦ
1385 820 1479 871 καὶ
1512 818 1598 870 διὰ
1630 817 1785 869 τοῦτο

210 914 641 979 πεπερασμένον
689 912 792 976 ὃν).
857 911 1269 981 ’Υποκείσθωὴ
1320 912 1504 979 ἄμμος
1560 912 1785 979 ἄπειρος

206 998 347 1052 εἶναι
407 1000 485 1067 τῷ
539 1000 755 1067 πλήθει.
806 1000 1257 1069 Προστιθεμένων
1312 994 1407 1053 οὖν
1472 998 1609 1066 αὐτῇ
1679 997 1785 1048 τῶν

207 1091 431 1159 ἀτόμων
469 1090 644 1154 ζώων,
695 1089 803 1142 τῶν
857 1090 1063 1155 φυτῶν,
1096 1089 1205 1142 τῶν
1237 1090 1507 1157 ἀστέρων,
1557 1086 1787 1139 καὶτῶν

208 1184 389 1236 ἄλλων
441 1183 697 1235 ἁπάντων
734 1182 1030 1249 σωμάτων,
1086 1181 1269 1249 μεῖζον
1304 1183 1523 1240 πάντως
1580 1179 1787 1247 πλῆθος

210 1277 549 1343 εὑρίσκεται.
588 1278 751 1329 Ὥστε
806 1277 896 1328 καὶ
950 1278 982 1344 ἡ
1045 1276 1229 1343 ἄμμος
1266 1275 1629 1341 πεπέρασται,
1672 1273 1786 1337 εῐγε

215 1370 423 1437 πλῆθος
481 1370 800 1437 εὑρίσκεται
854 1370 1041 1436 μεῖζον
1074 1370 1264 1437 αὐτῆς.
1321 1369 1555 1436 Ὁμοίως
1587 1368 1643 1419 δὲ
1694 1366 1789 1419 καὶ

209 1465 280 1512 τὰ
316 1462 483 1512 λοιπὰ
510 1461 620 1513 τῶν
651 1463 923 1530 σωμάτων
960 1460 1067 1530 ἰδίᾳ
1094 1460 1448 1529 θεωρούμενα
1480 1461 1650 1527 χωρὶς
1678 1458 1788 1509 πά-

218 1568 321 1619 σης
359 1552 693 1616 ἀμφιϐολίας
744 1555 1139 1621 πεπερασμένα
1196 1553 1631 1620 γνωσθήσονται.
1683 1551 1791 1603 Καὶ

216 1645 279 1694 τὸ
318 1644 545 1710 σύμπαν
580 1643 689 1709 ἄρα
738 1646 940 1712 πλῆθος
991 1647 1099 1697 τῶν
1150 1646 1289 1699 ὅλων
1321 1646 1589 1713 σωμάτων
1619 1644 1791 1695 πεπέ-

1892 637 2189 689 multitudo
2223 632 2382 686 fuerit
2418 634 2437 683 τ
2479 632 2539 684 Ει
2572 645 2767 685 rursus
2791 668 2806 691 .
2846 629 2953 680 alio
2984 627 3146 681 modo
3170 666 3183 687 .
3216 624 3465 691 quando-

1890 728 2117 796 quidem
2155 724 2369 778 inﬁnito
2406 725 2539 775 nihil
2574 724 2751 792 majus
2811 721 2939 773 licet
2994 732 3209 773 sumere
3245 715 3465 785 (quippe

1888 822 1933 875 si
1968 828 2171 889 posset,
2207 819 2316 886 jam
2378 816 2649 870 infinitum
2712 830 2818 867 non
2874 820 3023 866 esset
3057 811 3353 870 inlinitum,
3408 816 3466 858 ut

1889 912 2031 979 quod
2099 910 2306 976 aliquid
2346 910 2531 977 seipsu
2572 907 2747 974 majus
2798 907 3040 969 haberet,
3075 913 3127 955 et
3177 911 3465 970 propterea

1891 1004 2102 1055 ﬁnitum
2139 1003 2330 1067 esset);
2368 1016 2531 1055 arena
2562 1008 2906 1067 supponatur
2939 997 3147 1051 infinita
3176 1009 3301 1047 esse
3334 992 3467 1042 inul-

1894 1095 2151 1148 titudine.
2211 1094 2364 1159 Quod
2399 1094 2441 1145 si
2501 1094 2683 1158 itaque
2740 1091 2788 1144 ei
2832 1090 3126 1155 singularia
3174 1085 3464 1148 animalia,

1892 1186 2095 1253 planta:
2126 1224 2139 1241 .
2205 1183 2398 1245 stellze,
2430 1194 2482 1233 ιιι
2536 1183 2637 1233 alia
2677 1184 2729 1234 in
2766 1182 3081 1233 universum
3116 1192 3340 1243 corpora
3378 1174 3469 1226 ad-

1890 1277 2217 1343 jungantur,
2266 1273 2442 1340 major
2477 1272 2724 1340 profecto
2766 1269 3059 1323 multitudo
3106 1263 3469 1333 deprellendi-

1896 1376 2003 1419 tur.
2042 1367 2200 1435 123
2234 1365 2414 1429 Quare
2441 1366 2609 1419 etiam
2638 1378 2801 1416 arena
2836 1362 3119 1413 terminata
3144 1359 3269 1415 erit.
3302 1356 3474 1423 siqui-

1894 1459 2014 1513 dem
2052 1460 2239 1526 major,
2273 1473 2435 1526 quam
2466 1465 2547 1511 est
2592 1456 2765 1523 ipsius
2804 1452 3122 1511 multitudo,
3180 1450 3471 1513 reperitur.

1896 1551 2071 1604 Simili
2108 1562 2287 1601 autem
2328 1550 2539 1601 ratione
2570 1557 2622 1600 et
2653 1548 2857 1613 reliqua
2897 1558 3127 1612 corpora
3172 1543 3216 1596 si
3248 1542 3471 1593 seorsim

1896 1639 2345 1700 considerenlur,
2386 1639 2595 1696 absque
2646 1638 2793 1687 omni
2850 1636 3015 1687 dubio
3050 1634 3197 1686 (inita
3232 1647 3353 1683 esse
3382 1631 3477 1681 de-

214 1825 673 1896 ὀμολογουμένως
743 1830 1186 1896 πεπερασμένον.
1249 1830 1414 1882 Ὠστε
1480 1829 1579 1882 οὐκ
1649 1828 1795 1881 ἐστιν

210 1916 447 1988 ἄπειρον
484 1920 542 1971 ὲν
572 1920 648 1989 τῷ
682 1921 874 1991 κόσμῳ
902 1921 1076 1975 οὐδέν.

1898 1728 2331 1798 prehendentur.
2395 1728 2662 1783 Universa
2719 1728 2948 1796 proinde
3001 1728 3162 1778 etiam
3232 1724 3473 1775 omnium

1900 1837 2191 1887 corporum
2228 1823 2523 1875 multitudo
2576 1822 2867 1873 terminata
2904 1826 3007 1871 est.
3045 1817 3198 1881 Quod
3235 1816 3375 1865 enim
3410 1830 3475 1866 ex

1824 1910 1872 1969 Β
1905 1914 2215 1967 terminatis
2247 1924 2330 1967 est
2357 1915 2748 1983 compositum.
2775 1912 2825 1964 id
2854 1910 3097 1964 omnium
3131 1907 3478 1961 confessione

1899 2006 2250 2057 terminatum
2310 2014 2415 2058 est.
2462 2004 2805 2073 QuaprOpIer
2871 2004 2923 2055 in
2997 2001 3203 2053 mundo
3269 2000 3475 2052 nullum

1895 2094 2061 2164 (actu)
2098 2096 2368 2150 inlinilum
2395 2105 2475 2149 est
2505 2098 2569 2149 ³⁸.

222 1751 445 1801 pausat.
500 1735 574 1788 Τὸ
622 1737 732 1805 γὰρ
818 1739 880 1788 ἐκ
944 1738 1381 1807 πεπερασμένων
1435 1737 1794 1803 συγκείμενον

1455 2330 1791 2387 SYNOPSIS
1826 2328 2094 2387 CAPITIS
2133 2329 2217 2395 XI,

1458 2476 1596 2522 QUOD
1632 2476 1724 2514 EST
1757 2476 1820 2513 υε
1857 2475 2179 2514 ειειιεκτιε.

222 2569 277 2625 1.
319 2569 658 2626 TransitiOne
677 2572 941 2637 proponit,
968 2571 1032 2626 de
1061 2573 1249 2642 quibus
1282 2573 1377 2625 hoc
1409 2574 1578 2639 capite
1614 2576 1787 2625 dicere
1814 2574 1955 2638 velit,
2007 2575 2070 2625 de
2106 2572 2437 2625 secundariis
2493 2572 2743 2623 nimirum
2775 2580 2823 2625 et
2864 2573 3122 2635 corporeis
3155 2572 3427 2639 principiis
3467 2593 3479 2613 ι

299 2659 418 2711 quit
440 2659 503 2695 ex
528 2644 709 2707 primis
743 2643 849 2694 illis
880 2644 1102 2695 materia
1139 2653 1186 2696 et
1230 2644 1398 2706 forma
1428 2644 1661 2708 con/lata
1695 2655 1849 2701 sunt.
1882 2661 2094 2710 qua'que
2127 2644 2337 2711 proprie
2372 2643 2626 2694 elementa
2668 2655 2713 2693 et
2747 2644 3005 2707 simplicia
3031 2660 3251 2705 corpora
3279 2644 3483 2693 diverso

303 2725 537 2775 respectu
564 2725 833 2765 vocantur.
870 2742 938 2752 ——
964 2712 1019 2764 2.
1050 2711 1180 2767 Cum
1214 2714 1397 2778 [armis
1435 2730 1605 2764 rerum
1638 2715 1961 2765 naturalium
1987 2717 2110 2765 insit
2144 2716 2505 2764 contrarietas
2546 2723 2593 2765 et
2626 2714 2887 2777 principia
2925 2715 2976 2764 in
3028 2716 3249 2764 materia
3281 2721 3328 2763 et
3363 2728 3483 2762 cnn-

309 2786 585 2834 trurietate
617 2786 930 2843 consistant,
961 2780 1436 2847 inquiritqumtam
1473 2783 1647 2835 sitilla
1682 2786 2055 2842 contrarietas.
2087 2800 2265 2847 nempe
2290 2782 2552 2833 sensibilis
2587 2784 2816 2846 quidem,
2844 2784 2933 2834 sed
2965 2794 3136 2833 tamen
3172 2800 3271 2834 non
3292 2784 3483 2845 qumvis

309 2854 597 2912 sensibilis.
630 2868 803 2904 verum
836 2853 931 2903 illa
959 2856 1219 2905 duntaxat
1245 2869 1359 2919 qua:
1389 2865 1529 2904 tactu
1564 2856 1877 2920 percipitur,
1916 2872 2031 2919 qua:
2069 2856 2301 2905 omnium
2336 2853 2712 2904 estlatissima.
2752 2852 2898 2904 Sicut
2927 2866 2970 2905 et
3005 2856 3114 2917 ipse
3153 2863 3342 2905 tactus.
3369 2868 3485 2901 cum

311 2933 623 2975 ctrterarum
651 2937 703 2974 ut
744 2924 1206 2981 contrarietatum,
1247 2926 1323 2973 ita
1368 2934 1415 2975 et
1449 2927 1765 2990 qualitatum
1803 2926 1945 2975 nulla
1971 2941 2061 2989 per
2095 2922 2254 2991 124
2288 2926 2464 2973 omnia
2499 2923 2769 2974 seitsiliilia
2827 2939 3044 2987 corpora
3082 2939 3320 2985 rogetur,
3348 2920 3484 2981 quod

315 2995 619 3043 inductione
648 2993 834 3059 probat
871 2991 1129 3053 colorum.
1176 3008 1446 3052 sonorum,
1501 2994 1741 3054 odorum,
1784 3011 2053 3059 saporum.
2097 3024 2161 3031 -—
2194 2994 2243 3044 3.
2281 2992 2523 3055 Explicat
2564 2995 2684 3044 illas
2730 2996 3129 3044 contrarietates
3159 2992 3251 3043 sub
3288 3000 3485 3041 tactum

316 3066 560 3114 Cadentes
584 3073 631 3115 et
656 3079 836 3114 eorum
866 3072 981 3115 octo
1013 3064 1255 3130 syzygias
1292 3074 1541 3125 recenset,
1575 3080 1637 3114 ex
1670 3066 1854 3127 quibus
1884 3076 2056 3117 tamen
2086 3065 2202 3115 dum
2236 3074 2439 3114 tantum
2468 3064 2726 3128 principes
2764 3076 2906 3126 sunt,
2944 3081 3065 3128 qum
3094 3080 3209 3113 cum
3239 3071 3402 3127 agunt
3431 3061 3484 3111 in

312 3149 369 3185 se
394 3136 630 3192 invi-eat,
672 3144 781 3183 tum
814 3150 844 3184 a
884 3150 935 3183 se
968 3134 1186 3184 inuicem
1219 3150 1319 3185 non
1356 3136 1711 3195 continentur,
1743 3151 1861 3197 qua
1884 3137 2090 3195 quidem
2117 3136 2221 3183 duo
2266 3135 2517 3199 requisita
2552 3135 2753 3184 casteris
2787 3149 2876 3183 sex
2915 3152 3013 3184 non
3048 3134 3383 3184 conveniunt.
3420 3159 3487 3169 --

316 3204 371 3254 4.
396 3202 591 3255 Probat
617 3212 850 3271 graveiet
887 3202 1016 3262 lere,
1055 3220 1298 3270 asperum
1324 3214 1371 3254 et
1397 3202 1521 3255 lwve
1554 3245 1566 3264 .
1599 3220 1687 3255 seu
1720 3208 1961 3256 scabrum
1997 3214 2044 3256 et
2096 3205 2330 3271 glabrum
2368 3220 2470 3254 non
2502 3219 2653 3269 agere
2686 3207 2804 3254 inse
2841 3206 3077 3261 invicem.
3108 3220 3200 3254 nec
3227 3204 3336 3265 pati
3368 3218 3399 3251 a
3435 3216 3489 3251 se

317 3274 562 3325 invicem.
596 3270 658 3314 -ὲ-
762 3270 1089 3325 theraruin
1126 3276 1561 3325 contrarietatum
1596 3278 1880 3340 qualitates
1909 3277 1975 3325 ad
2005 3270 2275 3325 hamulum
2298 3284 2345 3324 et
2381 3276 2578 3324 siccum
2626 3280 2796 3325 reduci
2831 3275 3083 3332 ostendit.
3135 3275 3269 3337 quod
3303 3273 3485 3322 liorunt

317 3346 596 3409 utriusque
652 3343 1044 3409 deﬁnitionibus
1075 3344 1281 3408 probat.
1312 3373 1377 3381 —-
1420 3344 1470 3395 6.
1508 3343 1683 3395 Tenue
1748 3348 1841 3395 sub
1884 3348 2115 3403 humido.
2166 3355 2210 3393 et
2264 3360 2498 3394 crassum
2544 3347 2636 3394 sub
2699 3346 2834 3395 sicco
2884 3345 3139 3394 contineri
3192 3345 3488 3409 probat.—

312 3413 368 3466 7.
406 3412 635 3465 Densum
662 3414 755 3464 sub
784 3414 943 3474 sicco.
977 3429 1157 3463 rarum
1197 3416 1290 3464 sub
1322 3414 1537 3465 humido
1560 3417 1926 3481 comprehendi
1959 3417 2279 3465 ostendit.—-
2316 3414 2364 3465 8.
2390 3415 2832 3464 0ccuuatio.——‘I.
2867 3413 3131 3465 l'iscosunt
3164 3429 3253 3463 seu
3282 3414 3481 3463 lemun:

314 3485 413 3535 sub
443 3486 677 3545 humido,
712 3484 923 3534 aridum
956 3498 1047 3534 seu
1080 3484 1291 3547 friabile
1335 3486 1427 3535 sub
1474 3502 1611 3536 sicco
1652 3487 1891 3535 includit.
1925 3515 1989 3526 —
2021 3486 2107 3538 10.
2150 3484 2309 3536 Molle
2367 3485 2615 3543 humido.
2658 3488 2847 3535 durum
2908 3488 3046 3535 sicco
3111 3484 3325 3534 adducit
3365 3524 3375 3533 .
3412 3512 3478 3519 —

316 3554 403 3605 Η.
433 3552 725 3620 Epiphora,
759 3556 896 3619 quod
928 3555 1047 3605 duce
1083 3555 1267 3605 saltem
1306 3555 1413 3605 sint
1442 3557 1849 3607 contrarietates
1875 3556 2099 3617 tactiles,
2136 3572 2248 3622 quw
2281 3570 2396 3605 cum
2419 3564 2579 3618 agunt
2623 3555 2675 3605 in
2700 3570 2753 3606 se
2782 3558 3148 3613 inviceni.tum
3184 3572 3214 3604 a
3256 3570 3306 3604 se
3356 3554 3489 3603 iuvi-

312 3640 428 3675 cem
456 3627 753 3688 patiuntur,
789 3639 1005 3689 quoque
1034 3624 1096 3674 ab
1126 3625 1247 3676 aliis
1269 3635 1312 3675 et
1347 3626 1443 3675 sub
1476 3625 1597 3675 aliis
1629 3642 1729 3676 non
1776 3627 2130 3676 continentur.
2166 3654 2233 3663 —
2264 3626 2347 3677 12.
2399 3625 2718 3691 Simpliciter
2748 3625 2949 3675 humidi
2984 3636 3083 3675 tres
3110 3625 3257 3689 quasi
3288 3626 3484 3689 species

314 3704 569 3755 recenset,
610 3693 848 3750 madens,
918 3694 1236 3754 ltuntectum,
1298 3696 1509 3760 proprie
1562 3696 1953 3745 ltuntidunt.—
1996 3696 2080 3747 13.
2116 3693 2439 3759 Simpliciter
2509 3698 2657 3762 quasi
2717 3697 2911 3760 species
2980 3703 3221 3750 recenset.
3279 3710 3487 3755 proprie

314 3766 540 3821 siccum,
576 3764 985 3815 liumectationt's
1028 3779 1231 3830 expers,
1264 3776 1309 3815 et
1341 3774 1664 3816 concretum.
1692 3794 1760 3803 —
1797 3765 1884 3817 H.
1911 3764 2237 3831 Simpliciter
2266 3766 2541 3816 humidum
2568 3775 2617 3817 et
2658 3766 2969 3830 simpliciter
2996 3767 3191 3817 siccum
3219 3762 3485 3815 describit.

313 3862 381 3872 —
412 3834 496 3887 15.
524 3832 796 3886 Conclusio
820 3842 916 3896 est,
944 3848 1047 3899 qua
1072 3835 1227 3899 infert
1252 3850 1367 3885 cum
1396 3836 1463 3886 ad
1494 3836 1626 3886 duas
1657 3838 1898 3903 sgzygias
1928 3835 2083 3903 125
2106 3837 2263 3887 calidi
2285 3847 2329 3886 et
2352 3837 2553 3902 frigidi,
2585 3838 2779 3886 humidi
2809 3844 2857 3885 et
2888 3837 3009 3886 sicci
3037 3838 3202 3885 omnis
3227 3835 3335 3885 alia
3368 3848 3488 3903 con-

317 3907 569 3956 trarietas
603 3906 910 3961 reducatur,
943 3902 1048 3953 illis
1088 3906 1248 3955 etiam
1289 3905 1545 3956 elementa
1588 3901 1703 3971 quce
1738 3901 1979 3968 proxima
2018 3901 2134 3956 sunt
2182 3901 2459 3972 corporum
2495 3906 2823 3956 naturalium
2858 3906 3113 3970 principia
3155 3901 3405 3954 constitui
3438 3912 3486 3953 ct

315 3975 625 4039 informari.
658 3976 833 4027 —16.
875 3973 1030 4025 Docet
1056 3974 1243 4040 quibus
1272 3976 1618 4041 qualitatibus
1650 3978 1879 4027 duarum
1912 3976 2251 4043 syzygiarum
2283 3976 2539 4028 elementa
2580 3977 2857 4041 sigilluttm
2886 3976 3240 4040 informeutur
3276 3985 3325 4024 et
3369 3988 3491 4024 con-

317 4048 634 4097 stituantur.
662 4074 731 4085 ——
765 4044 854 4095 i7.
886 4044 1163 4106 Quatenus
1217 4046 1473 4096 elementa
1503 4061 1567 4095 ex
1603 4062 1655 4097 se
1684 4047 1899 4097 inuicem
1936 4058 2246 4112 generentur
2277 4059 2325 4098 et
2381 4048 2433 4097 in
2470 4062 2525 4097 se
2553 4048 2769 4096 invicem
2810 4056 3241 4109 corrumpantur.
3288 4054 3335 4095 et
3369 4059 3485 4106 qui:

318 4115 540 4181 facilius
574 4115 655 4167 vel
680 4116 965 4181 difﬁcilius.
1002 4143 1071 4153 —
1113 4114 1199 4168 18.
1236 4114 1591 4180 Occupatione
1645 4115 1981 4182 objectionem
2023 4117 2178 4168 diluit
2225 4120 2443 4169 tacitam
2479 4118 2615 4183 quod
2651 4132 2838 4181 aquam
2873 4126 2918 4165 et
2952 4117 3143 4182 ignem,
3189 4123 3384 4165 terram
3428 4125 3475 4164 et

318 4201 495 4237 aerem
531 4187 802 4236 contraria
836 4185 993 4235 dixit.
1016 4214 1083 4222 —
1122 4185 1207 4237 l9.
1247 4184 1493 4235 Declarat
1517 4184 1887 4237 substantiales
1912 4185 2285 4238 elementorum
2316 4186 2625 4255 qualitates.
2647 4197 2905 4255 quatenus
2944 4188 3127 4250 {unum
3158 4196 3204 4237 et
3228 4193 3486 4251 quatenus

319 4256 619 4307 accidentia
654 4257 782 4316 sint,
817 4264 1077 4322 quatenus
1137 4255 1259 4306 item
1317 4256 1501 4317 {ornta’
1529 4265 1576 4307 et
1612 4255 1960 4319 informantes
1996 4259 2279 4323 qualitates
2314 4266 2582 4309 dicantur.
2621 4286 2683 4295 —
2714 4257 2800 4308 20.
2844 4254 3156 4320 Occupatio,
3186 4270 3347 4321 quare
3379 4254 3488 4303 lure

319 4327 495 4392 {arma
527 4341 906 4393 nonnunquam
937 4326 1236 4376 substantia
1266 4327 1501 4377 dieutur.
1533 4356 1598 4366 —
1630 4324 1721 4378 21.
1782 4327 1912 4387 Quae
1940 4326 2111 4393 {arma
2166 4330 2480 4379 secundari’o
2528 4339 2573 4379 et
2608 4326 2777 4376 minus
2827 4329 3140 4381 substantia,
3174 4340 3288 4391 (μιαν
3320 4325 3487 4389 [arma

315 4398 491 4462 prima
522 4407 570 4448 et
607 4398 969 4461 propriissime
1012 4405 1060 4445 et
1096 4398 1327 4446 maxime
1376 4397 1672 4446 substantia
1703 4397 1931 4456 dicatur.
1973 4406 2020 4447 et
2056 4400 2228 4461 qualis
2264 4399 2371 4449 ha'c
2410 4400 2499 4451 sit.
2535 4427 2604 4435 —
2630 4397 2717 4449 22.
2754 4396 3028 4459 Quomodo
3060 4395 3322 4446 elementis
3360 4394 3489 4443 insit

322 4470 676 4518 contrarietas
708 4477 755 4517 et
790 4465 1054 4529 cognatio.
1086 4480 1117 4515 α
1150 4482 1254 4531 qua
1290 4476 1397 4515 tum
1420 4470 1686 4531 generatio
1712 4476 1758 4516 et
1797 4466 2087 4531 corruptio,
2120 4477 2228 4517 tum
2262 4470 2487 4518 universi
2524 4466 2849 4519 conservatio
2891 4467 3115 4515 exsistit.
3149 4462 3324 4514 -23,
3367 4462 3491 4513 Ele-

322 4547 499 4587 menta
532 4553 632 4586 non
666 4546 872 4586 tantum
928 4536 1137 4584 ratione
1167 4535 1509 4601 qualitatum,
1548 4536 1635 4585 sed
1681 4546 1727 4587 et
1763 4537 2051 4599 ponderum
2105 4538 2308 4588 ratione
2360 4540 2599 4602 copulari
2651 4536 2949 4601 dirimique.
2986 4562 3053 4572 —
3078 4533 3168 4586 24.
3205 4532 3490 4598 Occupatio

358 4622 427 4657 ua
462 4608 622 4657 etiam
649 4607 863 4657 docetur
892 4619 992 4671 quo
1026 4614 1261 4669 respectu
1294 4605 1429 4671 ignis
1459 4614 1505 4655 et
1539 4621 1675 4670 aqua
1702 4645 1716 4666 ,
1748 4622 1849 4672 quo
1882 4610 2002 4656 item
2033 4618 2263 4671 respectu
2294 4609 2427 4673 ignis
2462 4617 2509 4658 et
2542 4617 2682 4657 terra
2738 4606 2907 4671 magis
2958 4605 3064 4655 sint
3102 4606 3392 4673 contraria.
3422 4632 3491 4644 -

363 4678 413 4727 5.
454 4674 734 4742 Occupatio
767 4676 1034 4744 alia,_qua
1070 4675 1228 4724 etiam
1255 4675 1499 4744 docetur,
1530 4692 1630 4741 quo
1665 4675 1727 4725 de
1757 4678 1863 4741 igni
1895 4677 1978 4727 hic
2009 4692 2179 4728 sermo
2215 4672 2520 4744 sit.7nempe
2552 4678 2614 4727 de
2644 4675 2973 4735 elementari,
3004 4690 3104 4725 non
3138 4675 3202 4723 de
3228 4672 3411 4744 usuali
3432 4680 3492 4744 et

322 4748 610 4797 culinaria.
644 4773 713 4783 -—-
742 4744 831 4797 26.
872 4742 1147 4795 Elementa
1183 4743 1341 4811 126
1387 4746 1598 4811 quando
1630 4748 1781 4805 plane
1832 4761 1862 4795 a
1900 4760 1953 4796 se
2001 4747 2219 4799 invicem
2254 4742 2540 4806 mutentur,
2592 4754 2640 4797 et
2676 4746 2886 4813 quando
2918 4759 2979 4794 ac
3010 4742 3269 4809 quomodo
3296 4757 3357 4792 ex
3392 4742 3495 4792 ele-

322 4818 513 4867 mentis
543 4818 836 4881 complures
864 4822 913 4865 et
946 4813 1245 4879 ili/ferentes
1278 4816 1687 4877 compositorum
1714 4816 1904 4881 species
1941 4816 2253 4883 efﬁciantur.
2284 4848 2350 4857 —
2383 4818 2469 4868 27.
2507 4816 2637 4879 Qute
2664 4816 2889 4882 physicis
2916 4816 3017 4864 sint
3050 4814 3325 4872 elementa,
3351 4826 3491 4877 quae-

318 4902 417 4952 que
446 4894 650 4936 tantum
684 4885 964 4950 principia.
1000 4892 1048 4934 et
1080 4884 1205 4949 quid
1237 4885 1374 4935 inter
1406 4893 1625 4951 utraque
1660 4886 1727 4936 sit
1755 4886 2107 4939 discriminis.
2139 4916 2207 4925 —
2238 4887 2326 4939 28.
2361 4886 2506 4939 Pura
2558 4897 2605 4937 et
2659 4886 2924 4950 simplicia
2956 4884 3231 4943 elementa.
3288 4892 3493 4932 tantum

320 4969 494 5007 mente
522 4955 739 5022 percipi,
765 4964 811 5007 et
846 4955 1223 5005 elementorum
1258 4964 1313 5004 ut
1341 4954 1393 5003 in
1420 4970 1601 5005 sensus
1634 4957 1909 5006 incurrunt
1948 4956 2149 5007 nullum
2176 4958 2559 5022 intperntistum
2592 4972 2703 5009 esse
2731 4970 2847 5006 cum
2884 4956 3134 5020 reliquis;
3165 4952 3373 5018 singula
3410 4960 3485 5001 ta-

322 5042 441 5076 men
472 5043 501 5076 a
538 5024 956 5092 pradominante
984 5032 1175 5073 natura
1212 5025 1285 5074 sic
1320 5023 1676 5092 dena-minari.
1708 5055 1776 5065 —
1806 5024 1893 5077 29.
1930 5024 2181 5077 Probatio
2208 5043 2238 5076 α
2275 5042 2428 5079 sensu
2476 5029 2527 5078 in
2582 5026 2816 5089 exemplo
2851 5034 3004 5075 terra
3038 5039 3155 5074 cum
3185 5022 3495 5092 prajcisione

322 5089 634 5147 ceterorum
658 5099 1057 5146 elementorum.
1086 5121 1155 5133 —
1186 5092 1277 5145 30.
1317 5090 1569 5144 Probatio
1604 5110 1635 5145 a
1672 5107 1863 5144 natura
1900 5096 2206 5146 elementari
2239 5108 2284 5147 et
2318 5097 2606 5148 declaratio
2638 5112 2667 5145 a
2696 5094 2856 5145 simili
2901 5094 3153 5157 partiunt.
3184 5119 3251 5130 -
3279 5090 3365 5143 3|.
3393 5089 3497 5140 0c-

320 5167 541 5230 cupatio
572 5180 677 5231 qua
706 5166 1004 5217 ostenditur
1032 5164 1192 5234 etiam
1226 5167 1432 5228 plantas
1460 5172 1509 5215 et
1537 5164 1795 5215 animalia
1824 5164 1942 5234 plus
1974 5176 2122 5217 teme
2157 5168 2474 5234 participare
2502 5169 2624 5232 quia
2655 5174 2773 5215 sunt
2806 5180 2857 5214 tu
2894 5168 3005 5216 loco
3036 5174 3191 5216 terra
3223 5177 3240 5224 ,'
3282 5170 3499 5213 cwtero-

318 5253 439 5288 runt
471 5252 590 5289 vero
619 5234 993 5287 elementorum
1019 5232 1139 5300 plus
1173 5235 1406 5287 minusve
1440 5249 1533 5301 pro
1557 5234 1759 5301 majore
1792 5233 1872 5287 vel
1906 5236 2103 5287 minore
2120 5252 2299 5289 eorum
2332 5232 2363 5288 α
2396 5237 2547 5289 terris
2578 5236 2861 5289 distantia.

840 5474 1091 5529 KEOAA.
1126 5476 1225 5532 IA'.
1852 5484 1895 5539 C

763 5570 898 5636 Περὶ
950 5574 1288 5638 στοιχείων.

327 5666 396 5714 α’.
430 5658 662 5728 Εἴρηται
708 5661 809 5729 μὲν
855 5669 1123 5735 πρότερον
1169 5668 1297 5738 περὶ
1336 5666 1443 5721 τῶν
1466 5672 1698 5738 πρώτων
1728 5666 1818 5721 καὶ

257 5754 574 5823 temporum
627 5754 721 5805 καὶ
775 5754 1169 5812 ἁπλουστατων
1232 5761 1589 5830 στοιχειωδῶν
1637 5760 1822 5829 ἀρχῶν

330 5870 377 5901 ³⁸
416 5871 448 5924 3
477 5867 637 5939 Phys.
685 5887 730 5925 ρ.
770 5870 822 5935 5,
857 5881 893 5925 ι.
938 5873 1027 5926 56.

2524 5472 2754 5530 CAPUT
2792 5474 2882 5529 XI.

2485 5566 2563 5621 De
2617 5567 2907 5620 elementis.

2002 5666 2054 5719 l.
2099 5664 2174 5719 De
2205 5663 2393 5733 primis
2432 5671 2485 5716 et
2529 5675 2759 5727 corpore
2790 5658 3116 5712 vacantibus
3158 5652 3497 5722 simplicissi-

1936 5760 2147 5825 misque
2177 5754 2443 5811 naturalis
2475 5768 2721 5823 corporis
2758 5752 3025 5820 cujusque
3074 5745 3496 5805 elementaribus
