4208 6440
189 386 330 449 iii?

1448 389 1793 452 EPITOME
1831 390 2172 460 PHYSICA.

3288 405 3426 469 tus

162 497 498 565 βαρύτητος,
539 496 664 551 οὗτε
704 500 765 553 sb
795 500 998 565 κοῦφον
1040 506 1411 574 κουφότητος·
1460 507 1575 561 οὒτ’
1608 509 1743 563 αὑτὸ

1874 513 2048 568 >et‘tire
2078 522 2247 583 queat
2278 531 2415 581 ;nec
2470 532 2667 575 rursus
2715 533 2997 588 asperum,
3068 522 3446 591 asperitatem,

160 593 340 659 τραχῦ
360 592 719 663 τραχύτητος,
744 593 870 649 οὔτε
896 597 959 650 sb
990 597 1131 651 λεῖον
1155 598 1431 669 λειότητος

231 686 293 740 ε’.
340 686 415 739 Tb
448 688 692 757 μαλακὸν
724 689 783 743 δι
824 692 919 744 καὶ
962 692 1026 745 sb
1061 692 1321 763 σκληρὸν,
1366 696 1426 747 sb
1478 694 1739 765 γλίσχρον

165 780 260 831 καὶ
284 780 355 832 sb
389 780 655 851 κραῦρον,
686 782 747 835 τὸ
785 782 985 837 λεπτὸν
1020 791 1115 839 και
1161 788 1219 840 sb
1246 790 1413 857 παχὺ.
1446 790 1510 841 τὸ
1571 789 1743 857 μανὸν

163 875 259 925 καὶ
308 876 373 927 τὸ
418 876 648 939 πυκνὸν,
697 876 875 931 ταῦτα
924 872 1105 933 πάντα
1167 881 1247 949 τῷ
1304 882 1459 953 ὑγρῷ
1513 883 1609 935 καὶ
1662 882 1741 951 τῷ

164 967 317 1037 ξηρῷ
346 972 745 1037 συνυπάγεται.
784 974 858 1026 Tb
904 973 1005 1041 ph
1058 976 1169 1041 γὰρ
1218 975 1387 1045 ὑγρὸν
1438 977 1551 1043 δρῳ
1584 975 1739 1028 ἀλλο-

163 1063 305 1134 τρίῳ
331 1064 611 1134 εὑόριοτόν
643 1070 766 1120 test
808 1072 904 1121 καὶ
937 1068 1049 1121 τῶν
1082 1071 1266 1139 πόρων
1311 1070 1743 1138 ἀναπληστικόν.

239 1156 317 1223 ς’.
368 1158 625 1213 Τοιοῦτον
673 1162 768 1213 καὶ
814 1163 877 1215 τὸ
916 1164 1279 1232 λεπτομερὲς,
1329 1164 1746 1233 εὑπεριόριστον

166 1254 279 1321 ³όριρ
315 1255 481 1307 παντὶ
510 1255 603 1305 καὶ
629 1252 739 1306 τῶν
768 1256 1079 1324 κενοτήτων
1116 1255 1611 1323 ἀναπληρωτικόν.
1654 1254 1749 1314 Et;

169 1349 435 1416 μέδιμνον
470 1349 581 1419 γὰρ
623 1350 849 1419 καρύων
886 1348 1275 1418 ιμδαλλομίνη
1329 1348 1631 1416 σεμίδαλις,
1654 1348 1748 1400 δὺ-

167 1457 331 1493 ναται
358 1442 680 1496 διεισδύνειν
716 1444 854 1513 (καὶ)
900 1446 978 1507 εἰς
1019 1444 1118 1506 τὰς
1153 1443 1358 1513 μεταξὺ
1388 1443 1497 1496 τῶν
1525 1441 1749 1511 καρύων

170 1532 335 1594 κενὰς
396 1534 493 1586 τοῦ
552 1536 775 1605 στερεοῦ
840 1535 1093 1606 σώματος
1153 1534 1337 1605 χώρας
1385 1535 1478 1588 καὶ
1543 1533 1750 1595 ταύτας

169 1625 550 1694 ἀναπληροῦν.
585 1628 660 1679 Τὸ
690 1628 823 1681 αὐτὸ
851 1628 906 1680 δι
934 1632 1030 1682 καὶ
1055 1630 1117 1683 sb
1145 1631 1316 1699 ὑγρὸν
1342 1631 1506 1682 ποιεῖ.
1537 1628 1612 1681 Τὸ
1636 1629 1749 1697 γὰρ

173 1715 321 1785 ὕδωρ
362 1720 527 1770 παντὶ
559 1718 847 1772 ἀκολουθεῖ
876 1723 986 1791 ὅρῳ
1020 1722 1094 1791 τῷ
1122 1722 1421 1790 ἁπτομένῳ
1442 1721 1537 1771 καὶ
1566 1719 1751 1785 περιί-

171 1830 344 1881 χοντι.
384 1815 481 1865 Διὰ
512 1812 686 1866 ταῦτα
717 1815 899 1867 τοίνυν
939 1815 1044 1868 ὑπὸ
1094 1815 1155 1868 sb
1188 1815 1357 1885 ὑγρὸν
1403 1816 1661 1869 τάττουσι
1692 1813 1752 1866 sb

1854 614 1947 659 aut
1976 607 2127 669 leve,
2176 608 2485 664 levitatem.

1926 701 1977 755 5.
2016 702 2083 755 At
2114 702 2276 757 molle
2301 718 2431 758 vero
2498 705 2793 770 etdurum,
2829 706 3104 760 viscosum
3130 716 3185 761 et
3208 709 3447 772 aridum,

1857 802 2023 849 tenue
2059 804 2113 849 et
2148 810 2422 861 crassum,
2454 812 2639 852 rarum
2665 808 2717 853 et
2746 800 3001 860 densum,
3027 802 3208 853 omnia
3239 802 3353 854 haec
3382 804 3447 853 ad

1859 887 2145 942 humidum
2168 896 2221 943 et
2276 890 2485 944 siccum
2520 892 2880 945 reducuntur.
2913 890 3208 945 Humidum
3240 894 3384 947 enim
3403 893 3449 925 ⁸⁸

1861 980 2041 1034 alieno
2071 982 2305 1036 termino
2352 982 2513 1037 facile
2550 982 2736 1037 finitur
2778 992 2833 1038 et
2895 994 3173 1039 meatuum
3231 983 3450 1054 replen-

1861 1074 2055 1128 dorum
2100 1075 2355 1131 facultate
2393 1087 2475 1132 est
2512 1078 2827 1147 praeditum.

1934 1166 1989 1221 6.
2016 1167 2335 1238 Cujusmodi
2358 1171 2520 1224 etiam
2539 1180 2624 1225 cst
2647 1171 2791 1239 quod
2822 1182 3001 1238 partes
3022 1170 3186 1225 habet
3224 1181 3448 1232 tenues;

1864 1268 1921 1313 ut
1955 1264 2098 1329 quod
2123 1262 2273 1314 omni
2308 1261 2548 1315 termino
2584 1262 2743 1315 facile
2773 1264 3145 1326 contineatur,
3174 1272 3229 1315 et
3266 1261 3450 1314 inania

1865 1353 2047 1420 spatia
2082 1354 2320 1422 expleat.
2382 1352 2439 1406 Si
2466 1353 2611 1407 enim
2678 1353 2958 1406 inuucum
3018 1352 3262 1405 modium
3294 1352 3454 1420 siligo
3560 1410 3561 1413 η

1863 1444 2168 1511 injiciatur,
2192 1447 2244 1499 in
2270 1446 2626 1499 intermedias
2659 1444 2819 1499 solidi
2847 1444 3097 1512 corporis
3147 1460 3346 1497 nucum
3371 1459 3455 1497 re-

1866 1538 2059 1607 giones
2110 1552 2318 1592 vacuas
2376 1548 2670 1605 penetrare
2725 1553 2930 1605 easque
2993 1537 3204 1605 replere
3254 1545 3449 1605 potest.

1873 1631 2032 1697 Quod
2060 1632 2203 1685 idem
2234 1646 2367 1686 sane
2401 1631 2567 1685 etiam
2600 1631 2885 1684 humidum
2908 1632 3072 1684 eflicit
3097 1670 3110 1685 .
3133 1632 3283 1696 Aqua
3307 1632 3455 1685 enim

1870 1738 2092 1778 omnem
2123 1724 2418 1776 terminum
2453 1722 2749 1777 comitatur
2784 1721 2874 1789 qui
2910 1722 3068 1790 130
3092 1720 3311 1787 qnidem
3369 1730 3452 1771 at-

1866 1818 2094 1885 tingitet
2116 1816 2394 1870 continet.
2425 1813 2723 1881 EaprOpter
2741 1815 2906 1882 igitur
2920 1816 3019 1867 sub
3040 1812 3269 1865 humido
3295 1824 3457 1865 tenue

173 1908 394 1961 λεπτόν.
461 1906 694 1977 Ὁμοίως
740 1908 798 1961 δδ
846 1910 941 1963 καὶ
990 1909 1094 1963 ὑπὸ
1147 1909 1207 1962 τὸ
1262 1908 1427 1978 ξηρὸν
1474 1908 1535 1959 sb
1584 1906 1752 1975 παχύ.

1874 1908 2176 1967 collocant;
2216 1913 2274 1958 et
2332 1903 2499 1957 simili
2563 1904 2775 1957 ratione
2836 1916 3083 1955 crassum
3131 1900 3235 1953 sub
3286 1898 3454 1953 sicco.

178 2000 449 2069 Καθάπερ
477 2002 589 2071 γὰρ
618 2002 680 2055 sb
704 2002 869 2072 ξηρὴν
918 2001 996 2072 τῷ
1040 2003 1140 2072 μὶν
1188 2002 1380 2071 οἰκείῳ
1413 2002 1525 2070 ὅρῳ
1578 2000 1754 2069 εὑόρι-

176 2108 327 2155 στον,
378 2093 459 2160 τῷ
494 2094 540 2147 δ’
580 2094 849 2164 ἀλλοτρίῳ
882 2095 1201 2165 δυσόριστον
1246 2094 1617 2162 (ἀντιϐατικδν
1646 2094 1755 2162 γάρ

175 2189 314 2241 ἐστι.
372 2190 463 2239 καὶ
537 2190 652 2250 τοῖς
708 2188 1081 2258 περιέχουσιν,
1113 2189 1212 2242 οὑκ
1263 2188 1603 2255 ἀκολουθεῖ)ο
1668 2187 1759 2239 τὸν

174 2282 344 2334 αὑτὸν
385 2282 589 2350 τρόπον
629 2284 721 2335 καὶ
748 2284 808 2334 sb
840 2284 987 2353 παχὺ
1028 2281 1412 2352 μεγαλομερὶς
1442 2280 1503 2333 δν
1534 2283 1636 2333 οὑκ
1678 2283 1760 2343 είς

179 2374 371 2443 χώραν
408 2374 604 2428 δίεισιν
632 2376 873 2430 ἃπασαν.

250 2472 320 2535 ξ’.
370 2472 649 2535 Ὡσαύτως
699 2473 796 2525 καὶ
842 2473 905 2525 sb
948 2472 1157 2527 πυκνὸν
1199 2473 1293 2525 καὶ
1347 2472 1408 2524 sb
1453 2468 1667 2537 ἀραιὸν,
1700 2467 1760 2519 sb

182 2566 284 2635 μὲν
316 2565 424 2618 ὑπὸ
454 2566 516 2618 sb
551 2566 714 2635 ξηρὸν
743 2565 979 2629 τιθέασι,
1015 2566 1078 2620 sb
1103 2565 1148 2618 δ’
1181 2566 1287 2618 ὑπὸ
1310 2564 1369 2617 sb
1394 2564 1582 2631 ὑγρόν.

248 2657 325 2727 η’.
370 2660 597 2727 Μήποτε
642 2660 700 2712 δὲ
752 2663 847 2713 καὶ
899 2661 961 2713 sb
997 2660 1194 2713 λεπτὸν
1242 2657 1427 2711 καὶτὸ
1476 2658 1644 2726 παχὺ,
1701 2654 1763 2706 sb

186 2753 360 2822 μανόν
400 2770 457 2806 τε
498 2754 684 2807 καὶτὸ
724 2753 931 2805 πυκνὸν
964 2752 1079 2804 τῶν
1112 2750 1415 2820 ποιητικῶν
1446 2751 1542 2802 καὶ
1585 2748 1761 2813 παθη⁹

179 2846 356 2898 τικῶν
395 2845 888 2912 ἀποδοκιμασθεὴν
936 2844 1334 2896 ἐναντιώσεων.
1378 2844 1464 2895 διὰ
1515 2840 1577 2893 sb
1640 2840 1766 2909 μηδ’

183 2935 325 2987 αὑτὰ
352 2935 615 2987 δύνασθαι
637 2934 769 3005 δρᾷν
791 2935 888 2987 ὅλα
913 2935 980 2987 δι’
1000 2934 1140 2987 ὅλων
1168 2935 1251 2994 είς
1273 2931 1481 2999 ἄλληλα
1502 2948 1517 2961 ·
1543 2932 1639 2983 καὶ
1666 2931 1766 2981 οὑκ

185 3032 251 3080 ἂν
286 3027 389 3097 τὴν
433 3026 617 3096 ἄμμον
658 3027 691 3097 ἢ
732 3028 829 3095 τὴν
867 3026 1073 3095 τέφραν
1107 3024 1480 3094 ἀναγκασθείη
1507 3041 1591 3086 τις
1624 3023 1765 3090 ὑγρὰ

184 3122 423 3172 καλέσαι
449 3120 533 3172 διὰ
561 3122 662 3187 τὴν
688 3118 915 3171 ἐνοῦσαν
947 3118 1132 3180 αὐτοῖς
1170 3118 1594 3186 λεπτομέρειαν,
1626 3116 1767 3187 ξηρὰ

186 3211 472 3280 προδήλως
492 3211 831 3279 ὑπάρχοντα.

257 3304 327 3356 θ’.
375 3303 450 3357 Tb
510 3304 771 3371 γλίσχρον
820 3303 879 3356 δὲ
930 3303 1185 3377 φανερῶς
1242 3303 1411 3373 ὑγρόν
1458 3305 1573 3357 test
1632 3304 1767 3372 μετὰ

188 3398 400 3458 πάθους
444 3396 609 3459 τινός.
648 3394 711 3448 Et
755 3395 811 3449 δὲ
840 3397 902 3449 sb
951 3397 1213 3465 γλίσχρον
1242 3397 1431 3464 ὑγρὸν,
1462 3395 1773 3449 τούναντίον

188 3489 362 3557 αὑτῷ,
398 3492 647 3541 τουτέστι
678 3486 739 3539 sb
786 3484 1065 3557 κραῦρον,’
1108 3487 1262 3540 ισται
1304 3487 1492 3557 ξηρόν.
1542 3486 1621 3538 Τὰ
1662 3486 1771 3555 γὰρ

190 3580 414 3632 ἐναντία
442 3580 555 3639 τοῖς
589 3579 855 3639 ἐναντίοις
887 3579 1247 3646 ὑπάρχουσιν.

264 3680 318 3726 ι’.
358 3672 610 3724 Ὑπείκει
643 3670 701 3723 δὶ
729 3672 789 3723 sb
844 3669 1088 3739 μαλακὸν
1115 3674 1183 3740 τῇ
1230 3672 1342 3742 ἀφῇ
1379 3671 1516 3724 καθὸ
1556 3670 1773 3739 μετέχει

193 3765 518 3834 ὑγρότητος.
566 3763 639 3815 Tb
683 3763 793 3831 γὰρ
821 3760 1072 3814 ὑπείκειν
1104 3763 1243 3815 ῐδιόν
1283 3765 1403 3815 ἔστι
1434 3760 1529 3814 τοῦ
1577 3757 1773 3829 ὑγροῦ.

191 3860 282 3909 Διὸ
315 3859 414 3911 καὶ
445 3856 502 3908 sb
531 3854 777 3925 μαλακὸν
811 3853 1292 3923 περιληφθήσεται
1315 3853 1393 3923 τῷ
1421 3851 1596 3922 ὑγρῷ.

264 4041 359 4097 ια’.
388 4041 559 4111 Δῆλον
589 4039 633 4090 δ’
657 4040 740 4093 δτι
763 4039 860 4091 καὶ
879 4038 940 4090 sb
972 4037 1211 4106 σκληρὸν
1233 4037 1309 4107 τῷ
1337 4036 1397 4106 ξη
1410 4036 1507 4105 ρῷ.
1539 4036 1779 4105 Φανερδν

195 4134 289 4191 οὖν
301 4133 573 4197 ιντεῦθεν,
586 4132 660 4193 ὡς
676 4130 769 4184 δύο
782 4130 1158 4198 ἐναντιότητες
1178 4130 1346 4182 ἁπταὶ
1362 4146 1431 4181 πε
1438 4128 1777 4197 ριλείπονται

198 4232 502 4299 πεφυκυῖαι
536 4230 712 4280 ποιεῖν
741 4242 797 4279 τε
840 4227 934 4277 καὶ
964 4226 1196 4295 πάσχειν
1223 4226 1343 4279 ὅλαι
1377 4224 1445 4278 δι’
1473 4225 1633 4289 δλων,
1684 4224 1779 4279 καὶ

202 4324 474 4394 μηδαμῶς
493 4338 639 4373 τισιν
670 4318 1145 4389 ιμπεριεχόμεναι
1168 4333 1183 4348 ο
1213 4320 1489 4389 θερμότης
1516 4313 1679 4371 αὗται
1712 4316 1778 4388 δὴ

199 4420 290 4468 καὶ
316 4414 618 4482 ψυχρότης,
674 4412 913 4481 ὑγρότης
963 4427 1022 4463 τε
1058 4413 1152 4464 καὶ
1182 4411 1442 4481 ξηρότης,
1496 4411 1552 4464 αἶ
1601 4412 1780 4464 κοιναὶ

199 4512 423 4569 πάντως
455 4503 565 4559 εἷεν
617 4505 683 4559 ἂν
735 4506 995 4558 είδοποιοὶ
1029 4507 1202 4575 ἁρχαὶ
1236 4506 1455 4561 πάντων
1507 4506 1778 4575 σωμάτων

198 4603 309 4655 τῶν
344 4600 644 4665 αἰσθητῶν.

275 4693 368 4764 ιβ’.
403 4696 518 4749 Καὶ
563 4696 657 4748 τοῦ
692 4696 870 4766 διεροῦ
903 4695 958 4748 δὲ
1010 4695 1103 4747 καὶ
1132 4692 1228 4746 τοῦ
1264 4691 1635 4762 βεδρεγμένου
1683 4694 1780 4743 καὶ

200 4788 294 4840 τοῦ
352 4788 500 4850 ἰδίως
547 4790 743 4858 ὑγροῦ,
780 4790 918 4842 καθὸ
957 4786 1208 4850 τοιαῦτα,
1264 4787 1327 4839 sb
1379 4785 1567 4847 ἁπλῶς
1613 4784 1782 4855 ὑγρὸν

204 4880 562 4948 περιεκτικόν
595 4883 737 4936 ἔστι.
769 4882 957 4951 Διερδν
994 4881 1095 4949 μὶν
1110 4878 1204 4932 οῦν
1234 4878 1452 4945 λέγεται
1483 4878 1544 4929 sb
1588 4878 1783 4929 tumo-

201 4972 301 5040 λῆς
342 4971 468 5040 ἔχον
519 4972 811 5041 ἀλλοτρίαν
867 4972 1181 5041 ὑγρότητα’
1238 4968 1315 5033 ὡς
1371 4968 1427 5021 εῐ
1482 4987 1567 5032 τις
1636 4968 1783 5036 ὕδωρ

203 5065 417 5133 ιπιχέοι
449 5064 581 5132 λίθῳ
612 5065 825 5134 τυχδνῆ
853 5064 1053 5136 ξύλῳῆ
1088 5064 1236 5127 ζώου
1266 5049 1483 5128 adibam
1514 5064 1546 5129 ἢ
1580 5060 1785 5131 ίματίῳ

208 5157 473 5227 μετρίως.
505 5157 577 5210 Tb
607 5158 717 5227 γὰρ
752 5158 808 5210 ιν
838 5156 993 5226 βάθει
1027 5156 1126 5227 τὴν
1146 5156 1437 5224 ἀλλοτρίαν
1471 5155 1596 5224 ἕχον
1626 5157 1791 5225 ὑγρό-

204 5264 347 5316 τητα
377 5247 748 5319 βεϐρεγμένον
786 5246 1247 5315 κατονομάζεται,
1280 5241 1389 5308 οἷος
1423 5246 1661 5317 ὑπάρχει
1693 5248 1786 5299 καὶ

203 5339 234 5389 δ
261 5337 460 5405 ⁴ιιι-ηλὸς.
526 5335 692 5398 Ίδίως
725 5336 781 5387 δὲ
841 5335 1089 5389 καλεῖται
1115 5334 1283 5404 ὑγρδν
1325 5336 1386 5387 sb
1421 5333 1543 5403 εχον
1572 5335 1787 5387 οἰκείαν

208 5434 268 5480 ὲν
303 5430 385 5496 τῷ
438 5430 594 5498 βάθει
646 5430 1045 5501 κεκρυμμένην
1097 5428 1374 5499 ὑγρότητα
1413 5430 1508 5479 καλ⁸
1539 5426 1789 5479 δεικνύον

207 5520 423 5590 αὑτήν·
490 5519 746 5590 καθάπερ
788 5522 817 5573 ό
854 5520 1024 5588 κηρὸς
1081 5521 1173 5571 καὶ
1211 5521 1239 5572 ό
1275 5519 1549 5589 μόλιϐδος,
1594 5518 1690 5571 καὶ
1723 5518 1790 5569 τὰ

209 5613 379 5665 λοιπὰ
406 5613 519 5665 τῶν
542 5614 758 5682 τηκτῶν
784 5614 872 5667 ὅτε
898 5614 1181 5683 τήκονται.

284 5900 331 5930 ⁸⁹
372 5896 404 5951 2
438 5897 511 5951 De
537 5906 660 5953 ortu
694 5906 750 5954 et
786 5896 1011 5954 interitu
1038 5911 1157 5956 cao.
1183 5897 1241 5953 Ξ.
1331 5895 1373 5926 ⁸ο
1409 5892 1545 5949 Ibid.

1861 1998 2334 2067 Quemadmodum
2389 1998 2533 2051 enim
2572 1997 2779 2050 siccum
2809 2009 2911 2048 suo
2944 1993 3163 2061 quidem
3220 1990 3456 2045 termino

1864 2096 2045 2157 facile,
2071 2094 2250 2147 alieno
2279 2102 2461 2145 autem
2494 2090 2785 2144 difﬁculter
2812 2097 3099 2141 coercetur
3132 2088 3346 2153 (contra
3375 2084 3456 2137 ni-

1862 2188 2008 2241 tendi
2040 2187 2185 2241 enim
2218 2185 2327 2237 vim
2364 2184 2549 2246 habet,
2582 2197 2683 2235 nec
2716 2181 2785 2235 iis
2814 2194 2937 2249 qua
2967 2178 3251 2233 continent
3298 2178 3457 2230 obse-

1862 2274 2070 2345 quitur)
2104 2290 2118 2328 :
2150 2272 2347 2327 eodem
2381 2272 2545 2325 modo
2568 2272 2733 2324 etiam
2767 2284 3019 2324 crassum
3058 2282 3183 2321 cum
3218 2267 3455 2332 grandes

1866 2379 2048 2439 partes
2086 2367 2306 2427 habeat,
2341 2364 2396 2418 in
2428 2378 2647 2418 omnem
2682 2364 2958 2432 regionem
3013 2375 3123 2414 non
3182 2367 3450 2426 penetrat.

1933 2462 1984 2515 7.
2018 2458 2172 2512 Haud
2203 2474 2363 2513 secus
2395 2458 2560 2509 etiam
2615 2455 2842 2510 densum
2872 2464 2927 2508 et
2956 2468 3172 2516 rarum,
3217 2453 3451 2505 alterum

1864 2556 1969 2610 sub
1990 2555 2157 2615 sicco,
2193 2552 2422 2605 alterum
2456 2551 2561 2603 sub
2590 2547 2816 2601 humido
2867 2547 3232 2599 constituunt.

1937 2648 1990 2702 8.
2024 2646 2316 2713 Nunquam
2350 2658 2480 2696 vero
2510 2642 2673 2695 etiam
2701 2651 2858 2693 tenue
2875 2651 2931 2692 et
2968 2653 3239 2693 crassum.
3268 2649 3453 2688 rarum

1865 2752 1919 2795 et
1944 2738 2275 2796 densnm'ab
2300 2735 2676 2791 efficientibus
2704 2743 2764 2787 et
2798 2731 3129 2801 patientibus
3153 2728 3459 2783 contrarie-

1868 2833 2071 2887 tatibus
2128 2830 2252 2883 ideo
2308 2826 2767 2894 repudiabuntur,
2812 2832 3100 2890 propterea
3131 2818 3278 2886 quod
3344 2832 3450 2871 nec

1868 2926 1984 2995 ipsa
2011 2931 2119 2978 tota
2148 2938 2245 2992 per
2278 2929 2391 2973 tota
2418 2920 2471 2972 in
2499 2932 2557 2973 se
2585 2917 2816 2971 invicem
2853 2929 3015 2981 agere
3044 2919 3296 2981 possunt.
3338 2910 3451 2964 Nec

1871 3030 2090 3069 arenam
2143 3020 2237 3065 aut
2284 3012 2524 3063 cinerem
2554 3008 2624 3062 ob
2646 3022 2767 3060 eam
2822 3005 3056 3073 partium
3112 3002 3441 3057 tenuitatem

1871 3123 1991 3177 qua:
2030 3107 2174 3160 inest
2207 3105 2362 3167 ipsis,
2408 3102 2631 3155 humida
2685 3114 2881 3154 vocare
2928 3106 3157 3168 cogetur
3198 3096 3401 3161 aliquis
3436 3132 3456 3163 ,

1877 3214 2003 3253 cum
2039 3197 2327 3250 manifesto
2355 3196 2496 3249 sicca
2531 3196 2660 3248 sint.

1946 3293 1999 3347 9.
2030 3289 2197 3344 Porro
2230 3288 2523 3351 \‘iSCOSIIm,
2580 3284 2871 3337 manifesto
2923 3280 3209 3335 humidum
3226 3288 3311 3333 est
3333 3293 3458 3333 cum

1874 3385 2162 3441 affectione
2186 3382 2467 3451 quapiam.
2550 3378 2706 3443 Quod
2750 3378 2796 3431 si
2836 3376 3112 3429 viscosum
3144 3380 3230 3426 est
3278 3371 3461 3424 humi-

1874 3480 2028 3543 dum,
2050 3475 2390 3530 contrarium
2418 3472 2560 3540 ejus,
2589 3472 2693 3524 hoc
2720 3477 2809 3524 est
2831 3468 3070 3534 aridum,
3099 3465 3306 3522 siccum
3330 3464 3460 3530 erit;

1875 3570 2149 3626 contraria
2180 3567 2380 3635 quippe
2415 3564 2596 3616 insunt
2626 3560 2942 3616 contrariis.

1958 3662 2049 3716 10.
2090 3660 2251 3714 Molle
2286 3658 2521 3723 denique
2549 3656 2722 3709 tactui
2764 3654 2929 3713 cedit,
2970 3659 3248 3720 quatenus
3277 3646 3463 3702 humi-

1879 3756 2063 3810 ditatis
2085 3762 2168 3807 est
2216 3751 2509 3820 particeps.
2569 3750 2776 3802 Cedere
2836 3760 3068 3813 namque
3110 3743 3325 3797 humidi
3379 3747 3465 3794 est

1878 3847 2179 3918 preprinm.
2222 3834 2566 3911 Quapropter
2594 3841 2760 3895 etiam
2789 3838 2940 3907 131
2968 3837 3130 3889 molle
3152 3835 3254 3894 sub
3286 3833 3467 3888 humi-

1878 3940 1950 3995 do
1980 3937 2483 4004 comprehendetur
2516 3943 2605 3997 ;et
2640 3942 2697 3985 ut
2722 3931 2887 3998 liquet
2913 3930 3110 3981 durum
3139 3925 3241 3979 sub
3262 3926 3432 3979 sicco.

1952 4032 2043 4085 Η.
2063 4032 2139 4085 Ex
2170 4030 2253 4083 his
2273 4029 2439 4096 igitur
2474 4034 2641 4092 patet,
2668 4026 2805 4076 duas
2835 4019 3072 4087 relinqui
3095 4015 3465 4073 contrarieta-

1880 4132 1963 4178 tes
1996 4121 2233 4182 tactiles,
2270 4133 2390 4187 quae
2423 4118 2495 4169 ita
2524 4126 2714 4169 natura
2736 4117 3063 4179 comparate
3091 4109 3219 4170 sint,
3254 4112 3311 4157 ut
3343 4113 3469 4158 totae

1879 4230 1978 4285 per
2007 4223 2149 4267 totas
2189 4218 2353 4278 agant
2386 4218 2440 4261 et
2470 4209 2834 4276 patiantur,et
2866 4200 3188 4267 neutiquam
3214 4196 3319 4250 sub
3346 4196 3467 4249 aliis

1882 4306 2158 4376 aliquibus
2188 4302 2589 4357 contineantur
2626 4312 2638 4348 :
2677 4311 2798 4365 qum
2824 4301 2949 4347 sunt
2987 4290 3239 4346 caliditas
3283 4297 3337 4343 et
3373 4286 3469 4341 fri-

1882 4401 2097 4468 giditas,
2119 4394 2417 4449 humiditas
2452 4390 2764 4451 etsicritas,
2798 4384 3131 4455 quantique
3153 4380 3467 4436 communia

1883 4501 2011 4543 sunt
2032 4488 2279 4543 omnium
2305 4482 2589 4538 seusilium
2611 4492 2907 4548 corporum
2939 4473 3292 4529 informantia
3319 4472 3471 4541 prin-

1812 4605 1856 4661 υ
1887 4581 2052 4650 cipia.

1962 4668 2048 4724 ιε.
2084 4668 2354 4722 Caeterum
2389 4668 2443 4717 et
2468 4660 2667 4727 διερὸν,
2695 4658 2801 4713 hoc
2831 4666 2935 4720 est,
2998 4656 3225 4711 madens
3276 4663 3330 4710 et
3373 4658 3471 4709 hu-

1893 4774 2153 4823 mectum,
2181 4769 2237 4813 et
2283 4755 2426 4826 quod
2462 4754 2678 4820 proprie
2713 4752 2993 4804 humidum
3050 4760 3153 4813 est,
3203 4758 3472 4817 quatenus

1892 4850 2158 4923 ejusmodi
2183 4855 2334 4909 sunt,
2368 4844 2437 4897 ab
2456 4858 2524 4898 eo
2539 4842 2684 4909 quod
2704 4840 3028 4908 simpliciter
3055 4839 3342 4893 humidum
3362 4846 3469 4899 est,

1898 4939 2384 5010 comprehenditur
2418 4936 2488 4988 ⁸⁸.
2526 4932 2981 4999 Madensquidem
3018 4930 3246 4994 proinde
3273 4928 3475 4983 dicitur

1895 5038 2039 5109 quod
2068 5031 2357 5102 superficie
2392 5039 2550 5083 tenus
2575 5027 2811 5079 alienam
2841 5024 3005 5077 habet
3043 5022 3425 5077 humiditatetn
3456 5037 3472 5085 ;

1888 5142 1948 5186 ut
1979 5130 2023 5183 si
2057 5130 2183 5196 quis
2222 5126 2276 5179 in
2308 5122 2538 5189 lapidem
2572 5118 2806 5185 exempli
2862 5119 3062 5186 gratia,
3092 5124 3187 5169 aut
3235 5116 3474 5183 lignum,

1887 5233 1981 5277 aut
2011 5236 2212 5287 corpus
2230 5216 2484 5272 animalis
2509 5222 2607 5269 aut
2641 5226 2864 5275 vestem,
2896 5226 3058 5280 parce
3083 5224 3281 5279 aquam
3302 5207 3448 5263 efl'un

1888 5318 2001 5369 dat.
2069 5313 2125 5367 Id
2155 5314 2301 5365 enim
2338 5310 2484 5379 quod
2529 5312 2582 5364 in
2649 5307 3007 5363 interioribus
3036 5305 3283 5373 partibus
3346 5302 3475 5355 alie-

1892 5424 2017 5463 nam
2054 5406 2439 5461 humiditatem
2499 5402 2687 5468 habet,
2724 5401 3041 5455 humectum
3076 5405 3421 5465 nuncupatur
3458 5408 3474 5457 ;

1892 5501 2055 5569 quale
2084 5500 2257 5553 lutum
2316 5505 2417 5551 est.
2449 5494 2675 5563 Proprie
2706 5503 2890 5547 autem
2922 5488 3202 5544 humidum
3230 5495 3476 5549 vocatur,

1900 5593 2043 5661 quod
2078 5591 2405 5662 peculiarem
2429 5590 2481 5641 in
2514 5589 2621 5658 imo
2650 5584 3028 5641 absconditam
3055 5583 3211 5638 habet
3239 5579 3482 5634 butniuli-

1902 5696 2067 5741 tatem
2097 5698 2327 5752 eamque
2352 5681 2614 5744 ostendit,
2654 5689 2711 5733 ut
2735 5692 2881 5737 cera.
2903 5684 2958 5731 et
2990 5673 3355 5744 plumbum,et
3380 5685 3483 5726 ea-

1904 5793 2017 5834 tera
2050 5793 2169 5849 quae
2204 5779 2507 5847 liquescere
2543 5782 2792 5843 possunt,
2829 5784 2952 5827 cum
2983 5769 3309 5838 liquescunt.
