4208 6440
749 340 921 429 1119⁷

1875 377 2002 436 NIC
2015 376 2303 438 EPHORI
2350 383 2438 444 BL
2451 387 2549 447 EM
2562 390 2611 448 Μ
2627 388 2776 448 ιΜι

3841 397 3976 460 mo

815 479 901 535 15.
939 483 1093 546 Quod
1119 484 1162 536 si
1227 479 1548 550 simpliciter
1585 482 1866 538 humidum
1903 500 1966 539 ea
1997 501 2117 554 quae
2163 487 2308 540 dicta

2487 503 2573 563 ιγ’.
2629 487 2700 549 Εῖ
2741 499 2796 550 δὲ
2845 497 2952 548 τῶν
2989 499 3264 567 ῥηθέντων
3319 501 3715 573 περιληπτικόν
3762 507 3878 558 ἐστι
3930 511 3990 560 τὸ

740 582 888 635 sunt,
919 576 1349 642 comprehendit,
1387 576 1540 645 132
1578 577 1745 640 liquet
1793 576 1843 629 id
1879 577 2020 645 quod
2056 576 2319 645 simplici-

741 674 825 717 ter
859 666 1066 718 siccum
1094 677 1198 730 est,
1240 679 1510 720 contraria
1547 669 1709 722 etiam
1736 669 2042 722 continere.
2077 666 2316 738 Opponi-

741 764 830 806 tur
857 764 1037 808 autem
1074 757 1313 811 mademi
1346 758 1566 826 quidem
1603 760 1655 813 id
1680 759 1825 828 quod
1867 761 2079 828 proprie
2106 760 2312 814 siccum

737 854 844 905 εει.
879 847 1020 911 quod
1047 863 1113 899 ne
1133 848 1419 915 superficie
1444 831 1602 903 tenus
1623 852 1840 918 quidem
1872 850 2103 902 alienam
2133 849 2314 903 humi-

738 917 960 988 ditatum
989 940 1214 1006 recipit;
1260 942 1510 995 humecto
1533 943 1727 997 deinde
1767 945 1817 995 id
1849 945 1994 1009 quod
2029 941 2312 994 humecta-

738 1029 903 1080 tionis
933 1045 1127 1098 expers
1149 1043 1250 1098 est;
1271 1035 1319 1086 ei
1338 1035 1574 1103 denique
1593 1036 1737 1104 quod
1762 1035 1977 1103 proprie
2003 1036 2312 1088 humectum

734 1130 839 1180 cst,
875 1122 1020 1187 quod
1075 1106 1390 1179 concretum
1427 1134 1510 1180 est
1544 1138 1599 1182 ct
1651 1127 1904 1196 rigidum,
1963 1135 2021 1178 ut
2053 1137 2233 1180 ostrea
2263 1134 2316 1179 et

739 1214 977 1277 metalla,
1015 1231 1138 1268 cum
1185 1233 1307 1285 qua:
1353 1219 1656 1288 liqucswrc
1717 1237 1825 1274 non
1888 1226 2142 1289 possum.
2192 1227 2304 1270 ιιιιη

2420 579 2607 642 ἁπλῶς
2637 583 2822 651 ὑγρὸν,
2857 583 3017 650 δῆλον
3049 587 3147 638 ὅτι
3178 589 3273 641 καὶ
3321 589 3431 642 τῶν
3483 592 3878 662 ἀντικειμένων
3933 600 3992 649 τὸ

2422 669 2608 735 ἁπλῶς
2634 673 2818 743 ξηρόν.
2872 666 3199 731 Ἀντίκειται
3233 680 3289 732 δὲ
3320 681 3399 752 τῷ
3430 683 3530 752 μὲν
3556 683 3719 754 διερῷ
3750 689 3808 740 τὸ
3843 689 3990 751 ίδίως

2422 760 2609 826 ξηρὸν,
2673 766 2809 834 ὅπερ
2867 767 2978 821 οὐδ’
3033 770 3312 840 ἐπιπολῆς
3357 773 3649 845 ἀλλοτρίαν
3711 779 3990 847 ὑγρότητα

2420 850 2665 906 δέδεκται
2688 870 2701 884 ·
2754 857 2832 926 τῷ
2862 853 2918 910 δὲ
2962 859 3319 934 βεϐρεγμένῳ
3348 865 3407 923 τὸ
3434 867 3702 938 ἄϐροχον·
3734 871 3813 939 τῷ
3847 870 3992 934 ἰδίως

2420 943 2573 1012 ὑγρῷ
2611 948 2662 999 δὲ
2693 949 2751 1001 τὸ
2787 955 3076 1021 πεπηγόςο
3138 951 3227 1009 οἷά
3283 960 3392 1010 εἰσι
3444 961 3503 1012 τὸ
3555 961 3845 1030 ὄστρακον,
3875 949 3994 1016 ’καὶ

2424 1034 2532 1090 τῶν
2564 1040 2842 1102 μετάλλων
2881 1045 2948 1098 τά
2987 1061 3046 1097 τε
3085 1047 3161 1117 μὴ
3197 1051 3374 1119 τηκτὰ
3406 1055 3500 1105 κα)⁸
3537 1053 3607 1105 τὰ
3639 1054 3814 1122 τηκτὰ
3863 1057 3995 1124 πρὶν

2421 1130 2585 1196 τακῇ.
2648 1132 2772 1187 Τῶν
2821 1136 2929 1208 γὰρ
2987 1142 3321 1210 πεπηγότων
3355 1145 3422 1197 τά
3472 1146 3571 1215 μὲν
3601 1147 3798 1216 τηκτὰ,
3836 1149 3906 1201 τὰ
3952 1149 3996 1201 δ’

2419 1215 2652 1286 άτηκτα.

736 1319 856 1371 quae
905 1320 1133 1374 possunt
1190 1313 1513 1379 liquescere,
1553 1317 1645 1370 sed
1684 1326 1970 1381 antequam
2025 1313 2346 1379 liquescant.
2373 1305 2764 1371 Concretorum
2804 1321 2952 1377 enim
2987 1332 3042 1379 et
3074 1325 3377 1395 rigidorum
3408 1331 3655 1400 quadam
3681 1334 3992 1402 liquescere

740 1416 1005 1471 possunt;
1041 1410 1288 1475 quzedam
1328 1427 1435 1465 non
1471 1422 1699 1480 possunt
1729 1413 2060 1480 liquescere.

809 1504 1034 1558 “Jun
1069 1506 1535 1572 vrrosimplicitcr
1589 1513 1868 1562 hinni-lum
1892 1520 1995 1571 est,
2020 1505 2162 1574 quod
2229 1511 2315 1557 to-

738 1601 852 1645 tum
887 1609 984 1661 per
1016 1598 1197 1647 omnia
1231 1599 1572 1652 manifestam
1617 1600 1998 1652 humidilalem
2035 1597 2311 1665 propriam

739 1698 956 1750 semper
987 1685 1196 1740 obtinet
1230 1704 1244 1742 :
1274 1698 1327 1741 et
1358 1691 1560 1742 siccum
1595 1692 1941 1759 simpliciter,
1977 1692 2118 1760 quod
2146 1687 2310 1745 simili

739 1777 953 1829 ratione
997 1789 1168 1832 totum
1196 1797 1289 1848 per
1318 1785 1498 1836 omnia
1549 1786 1845 1839 sici-itatem
1875 1786 2037 1838 habet
2062 1787 2303 1840 insitam.

814 1867 898 1918 l5.
923 1870 1052 1932 Quae
1083 1885 1204 1922 cum
1234 1874 1305 1924 ita
1329 1887 1445 1927 sesc
1465 1875 1718 1939 habeant,
1738 1877 1993 1943 quoniam
2019 1878 2070 1931 in
2096 1877 2313 1930 univer-

739 1974 856 2009 sum
887 1961 1066 2012 omnis
1099 1965 1464 2019 contrarietas
1497 1983 1616 2034 qua:
1651 1970 1818 2021 tactui
1859 1968 2151 2032 subjicitur
2187 1983 2308 2022 cum

737 2051 931 2117 agendi
970 2063 1082 2105 tum
1144 2059 1377 2122 patiendi
1444 2060 1752 2114 facultatem
1813 2062 2020 2115 habens
2047 2063 2112 2113 ad
2174 2062 2310 2116 duas

739 2141 859 2193 illas
919 2157 1378 2202 commemoratas
1445 2151 1693 2220 syzygias
1744 2153 2040 2220 colligitur,
2117 2163 2311 2207 neutra

740 2242 915 2285 autem
971 2235 1161 2288 harum
1234 2240 1335 2292 sub
1387 2239 1555 2293 altera
1618 2245 1892 2298 invenitur
1924 2247 2121 2315 (neque
2166 2236 2311 2300 enim

736 2326 906 2378 ullum
959 2330 1198 2383 calidum
1235 2344 1341 2385 'aut
1375 2335 1579 2388 siccum
1611 2339 1713 2390 sub
1747 2340 1918 2390 altero
1964 2341 2262 2394 Colloczitur
2295 2359 2309 2406 ;

735 2419 935 2486 quippe
976 2421 1108 2474 alias
1137 2439 1301 2479 omne
1334 2429 1569 2482 calidum
1601 2431 1762 2484 etiam
1807 2433 2035 2498 siccum,
2065 2444 2119 2487 et
2150 2451 2314 2492 omne

736 2513 940 2565 siccum
975 2517 1139 2570 etiam
1193 2521 1426 2574 calidum
1460 2523 1648 2592 I‘orct;
1706 2542 1879 2596 neque
1937 2527 2091 2598 133
2156 2528 2312 2598 frigi-

735 2604 863 2656 dum
895 2616 948 2658 et
973 2608 1253 2666 humidum
1276 2615 1446 2667 ullum
1482 2619 1585 2669 sub
1608 2621 1783 2672 altero
1807 2621 1993 2673 eadem
2027 2623 2308 2687 decausa;

738 2697 908 2750 multo
931 2709 1110 2753 autem
1155 2703 1334 2759 minus
1373 2710 1644 2762 contraria
1696 2711 1798 2763 sub
1851 2712 2184 2779 contrariis;
2220 2716 2311 2782 qui

734 2789 878 2842 enim
923 2798 1344 2863 repugnantium
1383 2801 1486 2851 alia
1543 2802 1647 2855 sub
1681 2803 1804 2855 aliis
1826 2818 1948 2857 esse
1983 2805 2224 2873 possint?
2248 2806 2305 2874 );

736 2881 867 2934 satis
899 2885 1146 2950 profecto
1181 2900 1393 2943 constat
1428 2908 1488 2945 ea
1538 2908 1770 2962 corpora
1807 2912 1929 2964 qua:
1965 2912 1994 2950 a
2037 2899 2314 2965 praedictis

738 2976 1224 3032 contrarietatibus
1292 2982 1470 3047 primo
1528 2983 1916 3050 informantur,
1987 2991 2312 3043 naturalium

735 3079 1026 3132 corporum
1054 3071 1300 3123 omnium
1337 3076 1584 3140 proxima
1619 3077 1884 3132 elementa
1915 3095 2058 3135 esse.

2496 1500 2576 1554 ιδ’.
2649 1504 2849 1576 ’Υγρδν
2914 1509 2960 1562 δ’
3020 1512 3230 1581 ἁπλῶς,
3268 1517 3405 1587 ὅπερ
3457 1519 3579 1572 ὅλον
3627 1521 3695 1574 δι’
3740 1523 3863 1575 ὅλου
3905 1525 3991 1578 ἀεὶ

2421 1597 2662 1662 φανερὰν
2712 1599 2926 1654 οίκείαν
2981 1603 3259 1676 ὑγρότητα
3316 1611 3610 1680 κόκτηται’
3665 1617 3760 1668 καὶ
3825 1617 3990 1686 ξηρὸν

2420 1685 2631 1750 ἁπλῶς,
2693 1687 2828 1760 ὅπερ
2884 1691 3004 1745 ὅλον
3042 1692 3110 1746 δι’
3157 1696 3279 1749 ὅλου
3341 1699 3546 1769 ὁμοίως
3584 1703 3823 1772 ἔμφυτον
3873 1706 3989 1776 ἔχει

2341 1832 2384 1887 Β
2414 1776 2709 1887 twenty.

2487 1871 2567 1925 ιε’.
2623 1873 2839 1928 Τούτων
2890 1878 3064 1942 οὑτως
3104 1883 3356 1951 ἐχόντων,
3401 1885 3528 1940 ἐπεὶ
3561 1889 3790 1942 καθόλου
3836 1893 3990 1946 πᾶσα

2414 1957 2725 2030 ἐναντιότης
2758 1964 2909 2035 dmi)
2933 1972 3191 2041 ποιητικὴ
3229 1975 3322 2027 καὶ
3355 1976 3652 2049 παθητικὴ,
3686 1981 3806 2044 ταῖς
3833 1984 3988 2052 είρη-

2419 2053 2610 2116 μέναις
2641 2053 2737 2107 δύο
2765 2055 3058 2126 συζυγίαις
3085 2063 3404 2132 συνάγεται,
3431 2068 3657 2139 οὐδεμία
3686 2071 3742 2124 δὲ
3778 2077 3990 2126 τούτων

2416 2142 2523 2195 ὑπὸ
2554 2144 2652 2214 τὴν
2682 2148 2880 2218 ἑτέραν
2904 2152 3222 2221 εὑρίσκεται
3247 2157 3388 2226 (οὑδὲ
3418 2159 3523 2229 γὰρ
3555 2162 3613 2214 τὸ
3647 2162 3851 2236 θερμὸν
3891 2169 3987 2218 καὶ

2415 2235 2477 2286 τὸ
2540 2237 2705 2306 ξηρὸν
2757 2241 2910 2294 οὑδέν
2966 2245 3071 2297 ὑπὸ
3127 2247 3358 2318 θάτερον
3408 2252 3685 2309 τάττεται.
3733 2258 3844 2310 Καὶ
3880 2261 3988 2330 γὰρ

2414 2324 2585 2389 οὑτως
2617 2328 2683 2382 ἂν
2706 2325 2774 2398 ἦν
2805 2333 2914 2387 πᾶν
2944 2332 3148 2404 θερμὸν
3175 2340 3264 2390 καὶ
3290 2339 3476 2407 ξηρὸν,
3501 2342 3531 2404 ἢ
3557 2345 3664 2396 πᾶν
3691 2345 3860 2415 ξηρὸν

2415 2420 2618 2490 θερμόν
2638 2437 2652 2452 °
2679 2421 2803 2477 οὔτε
2833 2425 2895 2478 τὸ
2942 2426 3153 2499 ψυχρὸν
3184 2431 3276 2484 καὶ
3306 2432 3367 2485 τὸ
3403 2435 3570 2504 ὑγρὸν
3609 2438 3759 2491 οὐδὲν
3793 2441 3900 2493 ὑπὸ
3930 2442 3989 2493 τὸ

2414 2511 2600 2566 λοιπὸν
2628 2515 2720 2570 διὰ
2751 2518 2928 2572 ταυτά
2953 2535 2968 2551 ·
3019 2522 3198 2592 πολλῷ
3229 2542 3290 2593 γε
3320 2528 3524 2595 μᾶλλον
3555 2529 3677 2583 οὑδέ
3723 2533 3994 2586 τάναντία

2415 2606 2519 2659 ὑπὸ
2561 2609 2817 2664 τάναντία
2842 2629 2856 2644 ·
2888 2614 3007 2678 πῶς
3063 2617 3172 2687 γὰρ
3209 2619 3411 2673 ἑσοιντ⁹
3477 2623 3544 2675 ἂν
3601 2624 3888 2695 ὑπάλληλα
3922 2631 3992 2682 τά

2418 2698 2702 2768 μαχόμενα
2719 2702 2783 2772 ;),
2802 2703 3019 2768 πάντως
3043 2705 3286 2778 εὔδηλον,
3307 2712 3388 2764 ὄτι
3410 2711 3477 2764 τά
3500 2717 3729 2783 πρώτως
3755 2718 3861 2769 ὑπὸ
3883 2721 3994 2771 τῶν

2417 2790 2723 2858 εἰρημένων
2802 2795 3176 2852 ἐναντιώσεων
3237 2801 3648 2869 είδοποιούμενα
3731 2807 3990 2876 σώματα,

2413 2881 2566 2933 ταῦτ’
2597 2883 2664 2937 ἂν
2697 2879 2808 2939 εῐεν
2845 2893 3086 2962 στοιχεῖα
3145 2895 3396 2965 προσεχῆ
3432 2898 3651 2953 πάντων
3713 2907 3992 2971 σωμάτων

2413 2974 2525 3027 τῶν
2546 2979 2815 3045 φυσικῶν.

808 3155 893 3209 16.
941 3157 1272 3215 lnformatur
1304 3163 1487 3232 itaque
1524 3167 1704 3233 primo
1728 3168 1870 3236 ignis
1903 3171 2118 3237 quidem
2172 3173 2304 3226 cali-

2481 3160 2577 3223 ις’.
2614 3161 2978 3220 Είδοποιεϊται
3031 3169 3130 3236 μὲν
3159 3164 3253 3223 οὖν
3290 3172 3521 3239 πρώτως
3550 3175 3610 3226 τδ
3645 3176 3750 3244 πῦρ
3787 3177 3993 3248 θερμό-

735 3244 904 3298 «litate
932 3256 987 3300 et
1017 3251 1263 3306 siccitate
1309 3255 1374 3318 “,
1435 3266 1489 3310 et
1521 3273 1650 3312 vero
1703 3261 1983 3316 caliditate
2036 3266 2310 3320 maxime:

741 3353 837 3393 aer
872 3341 1152 3400 caliditate
1184 3357 1237 3400 et
1267 3348 1610 3418 humiditate,
1643 3357 1812 3425 magis
1861 3367 2041 3413 tamen
2078 3359 2314 3415 humidi-

738 3441 888 3498 tate;
944 3450 1082 3504 aqua
1153 3439 1480 3497 humiditate
1526 3455 1581 3498 et
1636 3445 1950 3516 frigiditate,
1998 3452 2092 3506 sed
2141 3454 2313 3524 magis

739 3521 1079 3592 frigidiiate;
1141 3537 1282 3582 terra
1337 3532 1636 3600 frigidilate
1690 3547 1744 3591 et
1797 3540 2062 3605 siccitate,
2113 3545 2206 3598 sed
2238 3521 2312 3599 -ιιι

737 3615 1030 3681 plurimum
1086 3620 1329 3675 siccitate
1381 3623 1467 3678 “.
1515 3625 1659 3696 lgnis
1717 3631 1942 3698 proinde
1999 3643 2053 3687 et
2117 3650 2212 3690 aer
2259 3646 2312 3690 et

737 3714 883 3757 terra
913 3710 1341 3777 compositorum
1378 3720 1715 3773 naturalium
1744 3735 2034 3792 corporum
2066 3726 2310 3794 proxima

735 3795 1002 3852 elementa
1032 3811 1180 3856 sunt.

810 3889 900 3943 l7.
943 3890 1074 3956 Quae
1123 3896 1384 3951 nimirum
1418 3900 1706 3968 elementa,
1758 3920 1864 3959 non
1898 3917 2168 3976 quatenus
2196 3911 2311 3967 ele-

736 3992 915 4034 menta
946 3996 1092 4049 sunt,
1119 3989 1212 4040 sed
1237 3999 1506 4056 quatenus
1527 4009 1758 4064 corpora
1781 3999 2040 4067 qualitate
2062 4003 2307 4071 prmdita,

735 4087 858 4125 cum
897 4091 960 4127 ex
997 4091 1054 4129 se
1088 4080 1320 4134 invicem
1353 4098 1704 4152 generantur,
1739 4098 1851 4143 tum
1893 4092 1945 4145 in
1978 4108 2037 4148 se
2072 4096 2304 4151 invicem

735 4179 1182 4233 conumpuntur.
1226 4173 1305 4226 Ac
1340 4190 1530 4230 eorum
1565 4181 1785 4247 quidem
1817 4199 1938 4251 quae
1965 4200 2306 4243 communem

736 4256 1058 4323 qualitatem
1092 4261 1344 4317 obtinent
1381 4265 1448 4330 “,
1483 4279 1541 4321 ut
1573 4270 1711 4338 ignis
1742 4282 1796 4325 et
1826 4287 1921 4326 aer
1951 4276 2305 4344 caliditatem,

737 4348 973 4414 itemque
1005 4365 1147 4419 aqua
1179 4363 1234 4407 et
1284 4363 1430 4409 terra
1480 4358 1855 4428 frigiditatem,
1893 4363 2051 4420 facile
2094 4369 2199 4421 alia
2251 4370 2305 4423 in

734 4439 836 4491 alia
900 4451 1196 4508 mutantur,
1250 4454 1306 4499 ut
1360 4462 1479 4515 quas
1516 4452 1676 4505 unius
1726 4453 1990 4509 duntaxat
2027 4459 2306 4527 qualitatis

735 4530 950 4585 ratione
992 4544 1290 4590 mutentur.
1325 4535 1455 4603 Quae
1487 4551 1664 4595 autem
1703 4544 1991 4614 utriusque
2023 4549 2303 4616 qualitatis

735 4623 943 4677 ratione
974 4638 1343 4694 opponuntur,
1379 4631 1587 4686 tardius
1640 4634 1798 4707 134
1831 4639 1883 4691 in
1933 4654 1990 4693 se
2023 4651 2305 4697 mutantur

656 4713 657 4716 “
737 4715 995 4781 invicem,
1033 4727 1088 4770 ut
1137 4734 1277 4788 aqua
1333 4731 1387 4775 et
1446 4724 1606 4793 ignis,
1658 4729 1898 4796 itemque
1925 4740 2069 4785 terra
2102 4742 2155 4786 et
2187 4748 2301 4798 aer,

734 4821 854 4872 quae
877 4823 1003 4861 sane
1031 4812 1194 4864 etiam
1218 4814 1463 4868 absolute
1492 4827 1617 4869 sunt
1651 4822 1948 4874 contraria.

807 4901 896 4954 l8.
960 4903 1079 4956 Etsi
1133 4919 1261 4959 vero
1310 4904 1356 4936 “
1406 4907 1523 4962 haec
1574 4911 1900 4965 substantiae
1960 4923 2106 4980 sunt,
2165 4916 2302 4970 nihil

733 5000 917 5046 autem
938 4995 1259 5056 substantiae
1293 5008 1375 5054 est
1407 5001 1785 5068 contrarium;
1821 5019 1927 5057 non
1965 5015 2143 5060 tamen
2172 5024 2304 5077 qua-

738 5093 896 5140 tenus
927 5089 1248 5143 substantiae
1271 5101 1320 5144 et
1351 5091 1598 5160 subjecta
1634 5103 1787 5156 sunt,
1817 5106 2044 5150 eatenus
2078 5099 2219 5152 inter
2245 5114 2304 5154 se

735 5179 1012 5233 contraria
1051 5191 1179 5233 sunt
1211 5182 1350 5250 ignis
1383 5191 1436 5236 et
1459 5199 1620 5251 aqua,
1654 5185 1893 5255 itemque
1921 5202 2016 5241 aer
2045 5198 2101 5242 et
2134 5200 2301 5253 terra,

737 5270 831 5322 sed
884 5272 1062 5338 qand
1114 5274 1404 5341 qualitates
1453 5278 1654 5345 quibus
1713 5279 2098 5335 informantur.
2167 5282 2301 5338 Nam

736 5360 878 5428 ignis
917 5361 1166 5419 caliditas
1193 5365 1471 5435 frigiditati
1505 5383 1658 5437 aqua:
1693 5381 1988 5439 repugnat,
2028 5372 2301 5427 vicissim-

2416 3269 2540 3320 τητι
2583 3257 2676 3308 καὶ
2699 3257 2959 3328 ξηρότητι
2983 3276 2997 3292 ο
3029 3262 3124 3314 καὶ
3158 3263 3395 3330 μάλιστά
3424 3283 3486 3333 γε
3517 3267 3850 3338 θερμότητι·
3884 3275 3914 3324 ό
3945 3274 3993 3326 δ’

2417 3342 2526 3413 ἀὴρ
2557 3344 2853 3418 θερμότητι
2886 3350 2982 3402 καὶ
3034 3351 3322 3421 ὑγρότητι,
3358 3357 3453 3407 καὶ
3491 3357 3654 3411 πλέον
3684 3359 3953 3431 ὑγρότητι
3975 3382 3989 3394 ·

2415 3436 2475 3488 τὸ
2523 3436 2570 3489 δ’
2625 3436 2772 3509 ὕδωρ
2827 3440 3086 3512 ὑγρότητι
3144 3447 3238 3498 καὶ
3273 3446 3598 3518 ψυχρότητι,
3649 3451 3742 3503 καὶ
3783 3453 3992 3520 μᾶλλον

2414 3528 2718 3600 ψυχρότητι
2746 3548 2760 3563 ⁸
2794 3533 2827 3602 ἡ
2865 3533 2923 3586 δὲ
2962 3534 3031 3603 γῆ
3058 3535 3364 3606 ψυχρότητι
3413 3541 3509 3593 καὶ
3563 3541 3842 3612 ξηρότητι,
3887 3549 3988 3598 καὶ

2414 3621 2687 3675 τοὺπίπαν
2718 3622 3002 3695 ξηρότητι.
3031 3627 3149 3697 Πῦρ
3177 3628 3284 3696 ἄρα
3308 3631 3399 3682 καὶ
3438 3631 3546 3700 ἀὴρ
3579 3634 3672 3686 καὶ
3707 3634 3851 3704 ὕδωρ
3889 3638 3991 3689 καὶ

2413 3712 2483 3781 γῆ
2519 3717 2757 3784 στοιχεῖα
2803 3719 3044 3789 προσεχῆ
3079 3719 3187 3773 τῶν
3224 3721 3496 3774 συνθέτων
3551 3726 3823 3794 σωμάτων
3872 3729 3990 3783 τῶν

2413 3806 2682 3872 φυσικῶν.

2490 3897 2576 3959 ιζ’.
2633 3898 2700 3951 Ἀ
2731 3901 2793 3970 δὴ
2826 3904 3087 3972 στοιχεῖα,
3121 3905 3183 3957 οὐ
3243 3906 3377 3959 καθὸ
3432 3911 3690 3978 στοιχεῖα,
3726 3912 3863 3964 καθὸ
3891 3915 3989 3965 καὶ

2414 3985 2648 4054 σώματα
2686 3994 3068 4060 πεποιωμένα,
3095 3995 3154 4060 ἐξ
3178 3996 3429 4065 ἀλλήλων
3451 4016 3507 4051 τε
3535 3999 3747 4068 γίνεται
3779 4005 3872 4054 καὶ
3905 4007 3989 4065 εἰς

2413 4076 2622 4146 ἄλληλα
2651 4080 2960 4151 φθείρεται.
3011 4085 3122 4137 Καὶ
3157 4087 3225 4138 τὰ
3273 4089 3373 4154 μὲν
3429 4092 3614 4159 κοινὴν
3668 4096 3988 4162 κεκτημένα

2415 4169 2692 4241 ποιότητα,
2724 4173 2974 4243 καθάπερ
2998 4177 3058 4229 τὸ
3085 4177 3194 4246 πῦρ
3215 4180 3309 4231 καὶ
3331 4179 3359 4230 ό
3388 4181 3496 4248 άὴρ
3523 4184 3621 4251 την
3646 4183 3986 4252 θερμότητα,

2412 4260 2508 4313 καὶ
2542 4261 2601 4312 τὸ
2634 4260 2778 4332 ὕδωρ
2803 4265 2897 4316 καὶ
2925 4266 2957 4334 ἡ
2988 4266 3057 4335 γῆ
3086 4265 3184 4335 τὴν
3207 4267 3551 4336 ψυχρότητα,
3586 4270 3784 4338 ῥᾳδίως
3809 4272 3991 4326 ταῦτα

2417 4352 2747 4420 μεταϐάλλει
2774 4357 2852 4418 είς
2877 4356 3104 4426 ἄλληλα,
3138 4362 3280 4412 κατὰ
3314 4360 3442 4428 μίαν
3469 4364 3731 4432 ποιότητα
3752 4365 3991 4432 πάμπαν

2411 4444 2476 4514 δὴ
2515 4447 2925 4514 μεταϐάλλοντα
2949 4466 2962 4478 ·
3001 4452 3068 4503 τὰ
3095 4451 3150 4503 δέ
3195 4454 3288 4503 καὶ
3322 4453 3442 4505 κατ’
3475 4453 3641 4521 ἄμφω
3689 4456 3788 4517 τὰς
3838 4460 3989 4508 ποιό-

2411 4552 2582 4603 τητας
2650 4538 3030 4607 ἀντικείμενα,
3106 4541 3448 4610 βραδυτέραν
3527 4547 3766 4596 ποιεῖται
3848 4549 3990 4615 πρὸς

2411 4628 2616 4697 ἄλληλα
2647 4631 2744 4700 τὴν
2789 4631 3117 4702 μεταϐολήν·
3169 4636 3244 4696 ώς
3277 4635 3338 4687 τὸ
3372 4636 3518 4705 ὕδωρ
3567 4637 3662 4689 καὶ
3691 4640 3748 4689 τὸ
3783 4638 3920 4706 πῦρ,
3955 4642 3988 4708 η

2410 4723 2482 4792 γῆ
2517 4739 2575 4775 τε
2617 4725 2712 4775 καὶ
2741 4725 2768 4775 ό
2804 4724 2934 4793 ἀὴρ,
2965 4723 2999 4777 ἃ.
3022 4725 3086 4793 δὴ
3119 4725 3211 4776 καὶ
3243 4726 3432 4788 ἁπλῶς
3463 4728 3683 4779 ἐναντία
3713 4728 3872 4781 εἰσίν.

2484 4907 2577 4978 ιη’.
2608 4908 2668 4959 El
2693 4906 2736 4959 δ’
2761 4906 2942 4960 οὐσίαι
2967 4906 3160 4970 ταῦτα,
3189 4908 3255 4976 τῇ
3277 4907 3437 4978 οὐσίᾳ
3458 4909 3505 4960 δ’
3531 4909 3776 4963 ἐναντίον
3804 4911 3987 4977 οὐδὲν,

2401 4997 2528 5051 ³άλλ⁹
2561 4999 2620 5050 οὑ
2658 4996 2828 5053 καθ’ὃ
2854 4995 3037 5050 οὐσίαι
3091 4997 3185 5049 καὶ
3237 4998 3605 5067 ὑποκείμενα,
3639 5001 3782 5054 κατὰ
3827 5003 3992 5056 τοῦτο

2414 5091 2783 5145 ἐναντιοῦνται
2812 5091 2949 5160 πρδς
2967 5090 3184 5157 ’ἄλληλα
3219 5083 3326 5159 πῦρ
3369 5092 3462 5143 καὶ
3499 5081 3664 5160 ὕδωρ,
3694 5093 3787 5144 καὶ
3824 5097 3989 5148 πάλιν

2413 5186 2520 5254 ἀὴρ
2557 5185 2651 5238 καὶ
2680 5187 2772 5254 γῆ,
2808 5184 2945 5236 ἀλλὰ
2978 5183 3104 5237 καθ’
3131 5183 3197 5246 ἃς
3232 5183 3625 5238 είδοποιοῦνται
3660 5186 3981 5255 ποιότητας.

2409 5286 2476 5340 Ἦ
2521 5281 2628 5350 γὰρ
2658 5280 2715 5331 ἐν
2762 5279 2898 5346 πυρὶ
2948 5275 3219 5345 θερμότης
3263 5278 3329 5345 τῇ
3380 5278 3437 5328 ἐν
3479 5275 3632 5328 ὕδατι
3679 5278 3987 5348 ψυχρότητι

2406 5381 2663 5452 μάχεται.
2690 5370 2786 5425 καὶ
2815 5373 2848 5438 ὴ
2879 5368 3112 5438 ξηρότης
3156 5367 3223 5420 αὖ
3254 5371 3319 5438 τῇ
3354 5368 3633 5438 ὑγρότητι.
3669 5371 3780 5422 Καὶ
3818 5374 3986 5425 πάλιν

735 5465 844 5519 que
877 5451 1096 5507 siccitas
1135 5457 1466 5512 humiditati.
1505 5458 1570 5513 Et
1608 5477 1800 5517 rursus
1833 5466 1976 5518 aeris
2007 5463 2306 5522 humiditas

2409 5451 2436 5542 η
2470 5474 2528 5523 ἐν
2559 5466 2684 5534 ἀέρι
2719 5463 2953 5531 ὑγρότης
2982 5462 3051 5529 τῇ
3085 5463 3143 5510 ἐν
3189 5461 3260 5527 γῇ
3309 5459 3599 5528 ξηρότητιο
3647 5461 3741 5513 καὶ
3783 5463 3814 5530 ἡ
3849 5463 3952 5528 θερ

737 5543 969 5598 siccitati
995 5552 1174 5610 terrae.
1200 5556 1255 5602 et
1277 5549 1529 5606 caliditas
1551 5551 1858 5623 frigiditati.
1884 5553 1960 5608 Ac
1985 5555 2307 5627 simpliciter

737 5631 792 5684 in
821 5633 1073 5690 omnibus
1104 5636 1391 5707 elementis
1436 5645 1721 5696 contrarize
1755 5644 2050 5712 qualitates
2079 5657 2306 5701 contra.

738 5721 835 5777 riis
855 5735 1224 5794 opponuntur.

2409 5563 2580 5632 μὸτης
2641 5557 2706 5624 τῇ
2757 5547 3081 5621 ψυχρότητι.
3128 5550 3239 5604 Καὶ
3276 5551 3466 5614 ἁπλῶς
3491 5552 3587 5603 ἐπὶ
3626 5553 3844 5604 πάντων
3873 5555 3987 5605 τῶν

2408 5649 2690 5718 στοιχείων
2752 5645 2809 5696 αι
2872 5643 3111 5696 ἐναντίαι
3177 5643 3462 5713 ποιότητες
3529 5644 3650 5706 ταῖς
3705 5645 3986 5707 ἐναντίαις

2414 5743 2773 5796 άντίκεινται.

805 5837 848 5869 ⁵⁸
877 5836 910 5888 2
933 5837 1004 5894 Dc
1033 5853 1155 5901 ortu
1188 5843 1483 5901 etintcritu
1512 5861 1561 5903 c.
1585 5851 1634 5903 4.
1717 5850 1757 5879 ⁴⁸¹
1795 5850 1932 5906 Ibid.
1952 5865 2001 5907 c.
2035 5851 2086 5906 3.
2168 5853 2214 5885 ”
2239 5853 2312 5908 lbi

2409 5871 2452 5911 c.
2481 5856 2533 5916 4.
2560 5855 2609 5907 ii.
2694 5851 2735 5882 ”
2769 5850 2902 5907 Ibid.
2936 5869 2984 5904 t'.
3019 5850 3050 5904 ὅ
3087 5860 3138 5905 et
3171 5850 3226 5905 8.
