  <div class='ocr_page' id='page_1' title='image "/cluster/home/n/w/nwhite01/storage/ocr_20150623/142/nnc1.0046980024/650.png"; bbox 0 0 4208 6440; ppageno 0'>
   <div class='ocr_carea' id='block_1_1' title="bbox 178 398 313 463">
    <p class='ocr_par' dir='ltr' id='par_1_1' title="bbox 178 398 313 463">
     <span class='ocr_line' id='line_1_1' title="bbox 178 398 313 463; baseline 0 -5"><span class='ocrx_word' id='word_1_1' title='bbox 178 398 313 463; x_wconf 80' lang='lat'><strong>1121</strong></span> 
     </span>
    </p>
   </div>
   <div class='ocr_carea' id='block_1_2' title="bbox 1470 343 2192 454">
    <p class='ocr_par' dir='ltr' id='par_1_2' title="bbox 1470 343 2192 454">
     <span class='ocr_line' id='line_1_2' title="bbox 1470 343 2192 454; baseline -0.003 0"><span class='ocrx_word' id='word_1_2' title='bbox 1470 390 1808 454; x_wconf 79' lang='lat' dir='ltr'><strong>EPITOME</strong></span> <span class='ocrx_word' id='word_1_3' title='bbox 1850 343 2192 452; x_wconf 78' lang='lat' dir='ltr'><strong>PlIYSlCA.</strong></span> 
     </span>
    </p>
   </div>
   <div class='ocr_carea' id='block_1_3' title="bbox 3276 401 3416 480">
    <p class='ocr_par' dir='ltr' id='par_1_3' title="bbox 3276 401 3416 480">
     <span class='ocr_line' id='line_1_3' title="bbox 3276 401 3416 480; baseline 0.007 -17"><span class='ocrx_word' id='word_1_4' title='bbox 3276 401 3416 480; x_wconf 73' lang='lat'><strong>1122</strong></span> 
     </span>
    </p>
   </div>
   <div class='ocr_carea' id='block_1_4' title="bbox 245 498 1761 578">
    <p class='ocr_par' dir='ltr' id='par_1_4' title="bbox 245 498 1750 575">
     <span class='ocr_line' id='line_1_4' title="bbox 245 498 1750 575; baseline -0.007 -11"><span class='ocrx_word' id='word_1_5' title='bbox 245 510 333 564; x_wconf 77' lang='grc' dir='ltr'><strong>ιϐ’.</strong></span> <span class='ocrx_word' id='word_1_6' title='bbox 384 508 560 561; x_wconf 77' lang='grc' dir='ltr'>Πᾶσαι</span> <span class='ocrx_word' id='word_1_7' title='bbox 588 505 632 560; x_wconf 82' lang='grc' dir='ltr'>δ’</span> <span class='ocrx_word' id='word_1_8' title='bbox 665 504 942 567; x_wconf 76' lang='grc' dir='ltr'>οὖσιώδεις</span> <span class='ocrx_word' id='word_1_9' title='bbox 973 505 1284 575; x_wconf 84' lang='grc' dir='ltr'>ποιότητες,</span> <span class='ocrx_word' id='word_1_10' title='bbox 1317 503 1424 557; x_wconf 69' lang='grc' dir='ltr'>κᾶν</span> <span class='ocrx_word' id='word_1_11' title='bbox 1464 498 1600 558; x_wconf 77' lang='grc' dir='ltr'>ὦσιν</span> <span class='ocrx_word' id='word_1_12' title='bbox 1637 503 1750 572; x_wconf 83' lang='grc' dir='ltr'>εῐδη</span> 
     </span>
    </p>
   </div>
   <div class='ocr_carea' id='block_1_5' title="bbox 1847 498 3422 578">
    <p class='ocr_par' dir='ltr' id='par_1_5' title="bbox 1928 503 3422 578">
     <span class='ocr_line' id='line_1_5' title="bbox 1928 503 3422 578; baseline 0.006 -23"><span class='ocrx_word' id='word_1_13' title='bbox 1928 503 2016 558; x_wconf 75' lang='grc'><strong>19.</strong></span> <span class='ocrx_word' id='word_1_14' title='bbox 2059 503 2226 556; x_wconf 81' lang='lat' dir='ltr'><strong>Porro</strong></span> <span class='ocrx_word' id='word_1_15' title='bbox 2260 516 2566 571; x_wconf 81' lang='lat' dir='ltr'><strong>quanquam</strong></span> <span class='ocrx_word' id='word_1_16' title='bbox 2600 516 2791 558; x_wconf 89' lang='lat' dir='ltr'><strong>omnes</strong></span> <span class='ocrx_word' id='word_1_17' title='bbox 2825 503 3214 558; x_wconf 63' lang='lat' dir='ltr'><strong>substantiales</strong></span> <span class='ocrx_word' id='word_1_18' title='bbox 3243 513 3422 578; x_wconf 84' lang='lat' dir='ltr'><strong>quali-</strong></span> 
     </span>
    </p>
   </div>
   <div class='ocr_carea' id='block_1_6' title="bbox 170 585 1744 679">
    <p class='ocr_par' dir='ltr' id='par_1_6' title="bbox 170 585 1744 679">
     <span class='ocr_line' id='line_1_6' title="bbox 170 585 1744 679; baseline -0.004 -26"><span class='ocrx_word' id='word_1_19' title='bbox 170 603 294 653; x_wconf 77' lang='grc' dir='ltr'>τινὰ</span> <span class='ocrx_word' id='word_1_20' title='bbox 334 601 496 668; x_wconf 82' lang='grc' dir='ltr'>(μετὰ</span> <span class='ocrx_word' id='word_1_21' title='bbox 527 599 634 670; x_wconf 83' lang='grc' dir='ltr'><strong>γὰρ</strong></span> <span class='ocrx_word' id='word_1_22' title='bbox 686 599 780 652; x_wconf 82' lang='grc' dir='ltr'><strong>τοῦ</strong></span> <span class='ocrx_word' id='word_1_23' title='bbox 823 596 1042 666; x_wconf 89' lang='grc' dir='ltr'>πρώτου</span> <span class='ocrx_word' id='word_1_24' title='bbox 1098 585 1463 665; x_wconf 72' lang='grc' dir='ltr'>ὑποκειμένου</span> <span class='ocrx_word' id='word_1_25' title='bbox 1501 595 1744 679; x_wconf 68' lang='grc' dir='ltr'>δηλονότι</span> 
     </span>
    </p>
   </div>
   <div class='ocr_carea' id='block_1_7' title="bbox 1852 593 3425 664">
    <p class='ocr_par' dir='ltr' id='par_1_7' title="bbox 1852 593 3425 664">
     <span class='ocr_line' id='line_1_7' title="bbox 1852 593 3425 664; baseline 0.006 -17"><span class='ocrx_word' id='word_1_26' title='bbox 1852 603 1991 649; x_wconf 79' lang='lat' dir='ltr'><strong>tates</strong></span> <span class='ocrx_word' id='word_1_27' title='bbox 2053 603 2179 648; x_wconf 87' lang='lat' dir='ltr'><strong>sunt</strong></span> <span class='ocrx_word' id='word_1_28' title='bbox 2211 593 2400 647; x_wconf 76' lang='lat' dir='ltr'><strong>forma:</strong></span> <span class='ocrx_word' id='word_1_29' title='bbox 2438 596 2686 662; x_wconf 68' lang='lat' dir='ltr'><strong>qumdam</strong></span> <span class='ocrx_word' id='word_1_30' title='bbox 2723 596 2871 663; x_wconf 90' lang='lat' dir='ltr'><strong>(cum</strong></span> <span class='ocrx_word' id='word_1_31' title='bbox 2909 597 3086 664; x_wconf 90' lang='lat' dir='ltr'><strong>primo</strong></span> <span class='ocrx_word' id='word_1_32' title='bbox 3120 601 3266 652; x_wconf 90' lang='lat' dir='ltr'><strong>enim</strong></span> <span class='ocrx_word' id='word_1_33' title='bbox 3296 605 3425 656; x_wconf 87' lang='lat' dir='ltr'><strong>sub-</strong></span> 
     </span>
    </p>
   </div>
   <div class='ocr_carea' id='block_1_8' title="bbox 171 685 1761 761">
    <p class='ocr_par' dir='ltr' id='par_1_8' title="bbox 171 685 1746 761">
     <span class='ocr_line' id='line_1_8' title="bbox 171 685 1746 761; baseline -0.006 -17"><span class='ocrx_word' id='word_1_34' title='bbox 171 693 271 761; x_wconf 80' lang='grc' dir='ltr'><strong>τῆς</strong></span> <span class='ocrx_word' id='word_1_35' title='bbox 320 691 453 760; x_wconf 80' lang='grc' dir='ltr'><strong>ὕλης</strong></span> <span class='ocrx_word' id='word_1_36' title='bbox 479 689 806 744; x_wconf 76' lang='grc' dir='ltr'><strong>ἀποτελοῦσι</strong></span> <span class='ocrx_word' id='word_1_37' title='bbox 835 690 895 740; x_wconf 70' lang='grc' dir='ltr'>τὸ</span> <span class='ocrx_word' id='word_1_38' title='bbox 925 687 1181 759; x_wconf 82' lang='grc' dir='ltr'>δεύτερον</span> <span class='ocrx_word' id='word_1_39' title='bbox 1236 688 1599 755; x_wconf 76' lang='grc' dir='ltr'>ὑποκεὲμενον</span> <span class='ocrx_word' id='word_1_40' title='bbox 1629 685 1746 754; x_wconf 68' lang='grc' dir='ltr'>ἢτοι</span> 
     </span>
    </p>
   </div>
   <div class='ocr_carea' id='block_1_9' title="bbox 1847 685 3421 761">
    <p class='ocr_par' dir='ltr' id='par_1_9' title="bbox 1847 687 3421 759">
     <span class='ocr_line' id='line_1_9' title="bbox 1847 687 3421 759; baseline 0.003 -19"><span class='ocrx_word' id='word_1_41' title='bbox 1847 687 2013 755; x_wconf 81' lang='lat' dir='ltr'><strong>jecto,</strong></span> <span class='ocrx_word' id='word_1_42' title='bbox 2048 687 2275 740; x_wconf 84' lang='lat' dir='ltr'><strong>materia</strong></span> <span class='ocrx_word' id='word_1_43' title='bbox 2326 687 2605 752; x_wconf 87' lang='lat' dir='ltr'><strong>nimirum,</strong></span> <span class='ocrx_word' id='word_1_44' title='bbox 2658 689 3043 742; x_wconf 75' lang='lat' dir='ltr'><strong>secundarium</strong></span> <span class='ocrx_word' id='word_1_45' title='bbox 3097 692 3421 759; x_wconf 76' lang='lat' dir='ltr'><strong>subjectum,</strong></span> 
     </span>
    </p>
   </div>
   <div class='ocr_carea' id='block_1_10' title="bbox 169 774 1743 852">
    <p class='ocr_par' dir='ltr' id='par_1_10' title="bbox 169 774 1743 852">
     <span class='ocr_line' id='line_1_10' title="bbox 169 774 1743 852; baseline -0.004 -18"><span class='ocrx_word' id='word_1_46' title='bbox 169 785 232 834; x_wconf 81' lang='grc' dir='ltr'>τὸ</span> <span class='ocrx_word' id='word_1_47' title='bbox 264 782 468 850; x_wconf 83' lang='grc' dir='ltr'>σῶμα)·</span> <span class='ocrx_word' id='word_1_48' title='bbox 504 782 644 852; x_wconf 75' lang='grc' dir='ltr'>πλὴν</span> <span class='ocrx_word' id='word_1_49' title='bbox 679 779 803 833; x_wconf 82' lang='grc' dir='ltr'>καθ’</span> <span class='ocrx_word' id='word_1_50' title='bbox 827 781 998 842; x_wconf 82' lang='grc' dir='ltr'>αὑτὰς</span> <span class='ocrx_word' id='word_1_51' title='bbox 1039 779 1409 849; x_wconf 83' lang='grc' dir='ltr'>θεωρούμεναι</span> <span class='ocrx_word' id='word_1_52' title='bbox 1451 776 1616 844; x_wconf 67' lang='grc' dir='ltr'>χωρὶς</span> <span class='ocrx_word' id='word_1_53' title='bbox 1650 774 1743 828; x_wconf 82' lang='grc' dir='ltr'>τοῦ</span> 
     </span>
    </p>
   </div>
   <div class='ocr_carea' id='block_1_11' title="bbox 173 871 1740 944">
    <p class='ocr_par' dir='ltr' id='par_1_11' title="bbox 173 871 1740 944">
     <span class='ocr_line' id='line_1_11' title="bbox 173 871 1740 944; baseline -0.003 -18"><span class='ocrx_word' id='word_1_54' title='bbox 173 875 565 944; x_wconf 79' lang='grc' dir='ltr'>ὑποκειμένου,</span> <span class='ocrx_word' id='word_1_55' title='bbox 612 874 997 944; x_wconf 75' lang='grc' dir='ltr'>συμϐεϐηκότα</span> <span class='ocrx_word' id='word_1_56' title='bbox 1054 874 1182 927; x_wconf 77' lang='grc' dir='ltr'>εἰσί.</span> <span class='ocrx_word' id='word_1_57' title='bbox 1218 874 1310 925; x_wconf 81' lang='grc' dir='ltr'><strong>Διὸ</strong></span> <span class='ocrx_word' id='word_1_58' title='bbox 1363 875 1455 926; x_wconf 75' lang='grc' dir='ltr'>καὶ</span> <span class='ocrx_word' id='word_1_59' title='bbox 1492 871 1605 940; x_wconf 85' lang='grc' dir='ltr'>είδη</span> <span class='ocrx_word' id='word_1_60' title='bbox 1647 871 1740 923; x_wconf 68' lang='grc' dir='ltr'>καὶ</span> 
     </span>
    </p>
   </div>
   <div class='ocr_carea' id='block_1_12' title="bbox 173 966 1740 1037">
    <p class='ocr_par' dir='ltr' id='par_1_12' title="bbox 173 966 1740 1037">
     <span class='ocr_line' id='line_1_12' title="bbox 173 966 1740 1037; baseline -0.002 -18"><span class='ocrx_word' id='word_1_61' title='bbox 173 969 434 1019; x_wconf 75' lang='grc' dir='ltr'>είδοποιοὶ</span> <span class='ocrx_word' id='word_1_62' title='bbox 464 966 754 1019; x_wconf 82' lang='grc' dir='ltr'>καλοῦνται</span> <span class='ocrx_word' id='word_1_63' title='bbox 807 968 1090 1034; x_wconf 81' lang='grc' dir='ltr'><strong>ποιότητες</strong></span> <span class='ocrx_word' id='word_1_64' title='bbox 1120 967 1192 1029; x_wconf 91' lang='grc' dir='ltr'><strong>ώς</strong></span> <span class='ocrx_word' id='word_1_65' title='bbox 1240 969 1428 1037; x_wconf 80' lang='grc' dir='ltr'>ἐτέρου</span> <span class='ocrx_word' id='word_1_66' title='bbox 1460 966 1613 1027; x_wconf 73' lang='grc' dir='ltr'>ὄντος</span> <span class='ocrx_word' id='word_1_67' title='bbox 1649 966 1740 1018; x_wconf 78' lang='grc' dir='ltr'>τοῦ</span> 
     </span>
    </p>
   </div>
   <div class='ocr_carea' id='block_1_13' title="bbox 172 1054 1744 1129">
    <p class='ocr_par' dir='ltr' id='par_1_13' title="bbox 172 1054 1744 1129">
     <span class='ocr_line' id='line_1_13' title="bbox 172 1054 1744 1129; baseline -0.003 -19"><span class='ocrx_word' id='word_1_68' title='bbox 172 1059 348 1122; x_wconf 80' lang='grc' dir='ltr'>εἴδους</span> <span class='ocrx_word' id='word_1_69' title='bbox 374 1059 402 1111; x_wconf 82' lang='grc' dir='ltr'><em>ὃ</em></span> <span class='ocrx_word' id='word_1_70' title='bbox 439 1059 651 1112; x_wconf 79' lang='grc' dir='ltr'>ποιοῦσι</span> <span class='ocrx_word' id='word_1_71' title='bbox 683 1060 833 1129; x_wconf 81' lang='grc' dir='ltr'>παρὰ</span> <span class='ocrx_word' id='word_1_72' title='bbox 861 1060 921 1112; x_wconf 83' lang='grc' dir='ltr'>τὸ</span> <span class='ocrx_word' id='word_1_73' title='bbox 957 1054 1094 1118; x_wconf 77' lang='grc' dir='ltr'>εἶδος</span> <span class='ocrx_word' id='word_1_74' title='bbox 1129 1057 1253 1112; x_wconf 84' lang='grc' dir='ltr'>καθ’</span> <span class='ocrx_word' id='word_1_75' title='bbox 1285 1058 1313 1110; x_wconf 84' lang='grc' dir='ltr'><strong>ὂ</strong></span> <span class='ocrx_word' id='word_1_76' title='bbox 1353 1057 1515 1109; x_wconf 78' lang='grc' dir='ltr'>αὗται</span> <span class='ocrx_word' id='word_1_77' title='bbox 1557 1057 1744 1123; x_wconf 75' lang='grc' dir='ltr'>λέγον-</span> 
     </span>
    </p>
   </div>
   <div class='ocr_carea' id='block_1_14' title="bbox 174 1145 1748 1222">
    <p class='ocr_par' dir='ltr' id='par_1_14' title="bbox 174 1145 1748 1222">
     <span class='ocr_line' id='line_1_14' title="bbox 174 1145 1748 1222; baseline -0.002 -21"><span class='ocrx_word' id='word_1_78' title='bbox 174 1168 267 1202; x_wconf 86' lang='grc' dir='ltr'><strong>ται</strong></span> <span class='ocrx_word' id='word_1_79' title='bbox 317 1152 457 1221; x_wconf 74' lang='grc' dir='ltr'>εἴδη.</span> <span class='ocrx_word' id='word_1_80' title='bbox 498 1151 570 1204; x_wconf 86' lang='grc' dir='ltr'><strong>Τὸ</strong></span> <span class='ocrx_word' id='word_1_81' title='bbox 607 1152 706 1222; x_wconf 85' lang='grc' dir='ltr'>μὲν</span> <span class='ocrx_word' id='word_1_82' title='bbox 758 1153 866 1221; x_wconf 85' lang='grc' dir='ltr'><strong>γὰρ</strong></span> <span class='ocrx_word' id='word_1_83' title='bbox 921 1150 1058 1220; x_wconf 86' lang='grc' dir='ltr'>μετά</span> <span class='ocrx_word' id='word_1_84' title='bbox 1097 1150 1196 1218; x_wconf 80' lang='grc' dir='ltr'><strong>τῆς</strong></span> <span class='ocrx_word' id='word_1_85' title='bbox 1248 1149 1380 1218; x_wconf 92' lang='grc' dir='ltr'><strong>ὕλης</strong></span> <span class='ocrx_word' id='word_1_86' title='bbox 1419 1145 1622 1200; x_wconf 77' lang='grc' dir='ltr'>νοεῖται</span> <span class='ocrx_word' id='word_1_87' title='bbox 1653 1148 1748 1200; x_wconf 72' lang='grc' dir='ltr'>καὶ</span> 
     </span>
    </p>
   </div>
   <div class='ocr_carea' id='block_1_15' title="bbox 175 1239 1746 1312">
    <p class='ocr_par' dir='ltr' id='par_1_15' title="bbox 175 1239 1746 1312">
     <span class='ocr_line' id='line_1_15' title="bbox 175 1239 1746 1312; baseline -0.003 -18"><span class='ocrx_word' id='word_1_88' title='bbox 175 1246 335 1297; x_wconf 71' lang='grc' dir='ltr'>οὐσία</span> <span class='ocrx_word' id='word_1_89' title='bbox 365 1247 454 1296; x_wconf 68' lang='grc' dir='ltr'>καὶ</span> <span class='ocrx_word' id='word_1_90' title='bbox 480 1245 840 1312; x_wconf 77' lang='grc' dir='ltr'>ὑποκείμενόν</span> <span class='ocrx_word' id='word_1_91' title='bbox 873 1246 1024 1294; x_wconf 90' lang='grc' dir='ltr'>ἐστιν</span> <span class='ocrx_word' id='word_1_92' title='bbox 1047 1259 1061 1274; x_wconf 77' lang='grc' dir='ltr'><strong>ο</strong></span> <span class='ocrx_word' id='word_1_93' title='bbox 1095 1242 1169 1303; x_wconf 86' lang='grc' dir='ltr'><strong>ὼς</strong></span> <span class='ocrx_word' id='word_1_94' title='bbox 1199 1241 1260 1293; x_wconf 67' lang='grc' dir='ltr'><strong>τὸ</strong></span> <span class='ocrx_word' id='word_1_95' title='bbox 1290 1239 1403 1310; x_wconf 83' lang='grc' dir='ltr'>πῦρ</span> <span class='ocrx_word' id='word_1_96' title='bbox 1436 1239 1568 1293; x_wconf 76' lang='grc' dir='ltr'>καθὸ</span> <span class='ocrx_word' id='word_1_97' title='bbox 1613 1239 1746 1308; x_wconf 77' lang='grc' dir='ltr'>πῦρ,</span> 
     </span>
    </p>
   </div>
   <div class='ocr_carea' id='block_1_16' title="bbox 175 1331 1749 1406">
    <p class='ocr_par' dir='ltr' id='par_1_16' title="bbox 175 1331 1749 1406">
     <span class='ocr_line' id='line_1_16' title="bbox 175 1331 1749 1406; baseline -0.004 -18"><span class='ocrx_word' id='word_1_98' title='bbox 175 1337 325 1406; x_wconf 78' lang='grc' dir='ltr'>καὶὴ</span> <span class='ocrx_word' id='word_1_99' title='bbox 352 1337 424 1405; x_wconf 81' lang='grc' dir='ltr'><strong>γῆ</strong></span> <span class='ocrx_word' id='word_1_100' title='bbox 458 1337 592 1389; x_wconf 81' lang='grc' dir='ltr'>καθὸ</span> <span class='ocrx_word' id='word_1_101' title='bbox 622 1337 713 1404; x_wconf 79' lang='grc' dir='ltr'><strong>γῆ,</strong></span> <span class='ocrx_word' id='word_1_102' title='bbox 742 1335 836 1387; x_wconf 78' lang='grc' dir='ltr'>καὶ</span> <span class='ocrx_word' id='word_1_103' title='bbox 870 1337 938 1388; x_wconf 75' lang='grc' dir='ltr'><strong>τά</strong></span> <span class='ocrx_word' id='word_1_104' title='bbox 961 1336 1127 1387; x_wconf 77' lang='grc' dir='ltr'>λοιπὰ</span> <span class='ocrx_word' id='word_1_105' title='bbox 1155 1333 1265 1385; x_wconf 84' lang='grc' dir='ltr'>τῶν</span> <span class='ocrx_word' id='word_1_106' title='bbox 1298 1331 1749 1400; x_wconf 72' lang='grc' dir='ltr'><strong>ἀποτελουμένων</strong></span> 
     </span>
    </p>
   </div>
   <div class='ocr_carea' id='block_1_17' title="bbox 178 1421 1750 1490">
    <p class='ocr_par' dir='ltr' id='par_1_17' title="bbox 178 1421 1750 1490">
     <span class='ocr_line' id='line_1_17' title="bbox 178 1421 1750 1490; baseline -0.001 -15"><span class='ocrx_word' id='word_1_107' title='bbox 178 1425 359 1478; x_wconf 77' lang='grc' dir='ltr'>είδῶν.</span> <span class='ocrx_word' id='word_1_108' title='bbox 400 1427 607 1479; x_wconf 85' lang='grc' dir='ltr'>Ἐκεῖνο</span> <span class='ocrx_word' id='word_1_109' title='bbox 625 1426 680 1478; x_wconf 83' lang='grc' dir='ltr'>δὲ</span> <span class='ocrx_word' id='word_1_110' title='bbox 700 1426 761 1477; x_wconf 82' lang='grc' dir='ltr'><strong>τὸ</strong></span> <span class='ocrx_word' id='word_1_111' title='bbox 794 1421 931 1488; x_wconf 74' lang='grc' dir='ltr'>εἶδος</span> <span class='ocrx_word' id='word_1_112' title='bbox 954 1426 1089 1478; x_wconf 82' lang='grc' dir='ltr'>καθὸ</span> <span class='ocrx_word' id='word_1_113' title='bbox 1113 1427 1166 1476; x_wconf 77' lang='lat' dir='ltr'><strong>at</strong></span> <span class='ocrx_word' id='word_1_114' title='bbox 1195 1423 1477 1490; x_wconf 80' lang='grc' dir='ltr'><strong>ποιότητες</strong></span> <span class='ocrx_word' id='word_1_115' title='bbox 1504 1423 1750 1490; x_wconf 78' lang='grc' dir='ltr'>λέγονται</span> 
     </span>
    </p>
   </div>
   <div class='ocr_carea' id='block_1_18' title="bbox 176 1516 1752 1590">
    <p class='ocr_par' dir='ltr' id='par_1_18' title="bbox 176 1516 1752 1590">
     <span class='ocr_line' id='line_1_18' title="bbox 176 1516 1752 1590; baseline -0.002 -19"><span class='ocrx_word' id='word_1_116' title='bbox 176 1522 296 1588; x_wconf 80' lang='grc' dir='ltr'>είδη</span> <span class='ocrx_word' id='word_1_117' title='bbox 329 1520 496 1589; x_wconf 87' lang='grc' dir='ltr'>χωρίς</span> <span class='ocrx_word' id='word_1_118' title='bbox 543 1537 603 1573; x_wconf 86' lang='grc' dir='ltr'><strong>τε</strong></span> <span class='ocrx_word' id='word_1_119' title='bbox 666 1521 766 1590; x_wconf 82' lang='grc' dir='ltr'>τῆς</span> <span class='ocrx_word' id='word_1_120' title='bbox 809 1520 941 1587; x_wconf 88' lang='grc' dir='ltr'><strong>ὕλης</strong></span> <span class='ocrx_word' id='word_1_121' title='bbox 989 1520 1281 1572; x_wconf 82' lang='grc' dir='ltr'>ἐπινοεῖται</span> <span class='ocrx_word' id='word_1_122' title='bbox 1322 1519 1462 1588; x_wconf 82' lang='grc' dir='ltr'>(πῶς</span> <span class='ocrx_word' id='word_1_123' title='bbox 1520 1518 1629 1586; x_wconf 70' lang='grc' dir='ltr'>γὰρ</span> <span class='ocrx_word' id='word_1_124' title='bbox 1683 1516 1752 1569; x_wconf 79' lang='grc' dir='ltr'>ἂν</span> 
     </span>
    </p>
   </div>
   <div class='ocr_carea' id='block_1_19' title="bbox 175 1605 1750 1678">
    <p class='ocr_par' dir='ltr' id='par_1_19' title="bbox 175 1605 1750 1678">
     <span class='ocr_line' id='line_1_19' title="bbox 175 1605 1750 1678; baseline -0.004 -14"><span class='ocrx_word' id='word_1_125' title='bbox 175 1611 352 1672; x_wconf 80' lang='grc' dir='ltr'>άλλως</span> <span class='ocrx_word' id='word_1_126' title='bbox 381 1612 437 1676; x_wconf 78' lang='grc' dir='ltr'>ἐξ</span> <span class='ocrx_word' id='word_1_127' title='bbox 473 1609 604 1678; x_wconf 82' lang='grc' dir='ltr'><strong>ὕλης</strong></span> <span class='ocrx_word' id='word_1_128' title='bbox 627 1612 719 1662; x_wconf 80' lang='grc' dir='ltr'>καὶ</span> <span class='ocrx_word' id='word_1_129' title='bbox 751 1609 923 1670; x_wconf 75' lang='grc' dir='ltr'>εἴδους</span> <span class='ocrx_word' id='word_1_130' title='bbox 962 1607 1205 1676; x_wconf 83' lang='grc' dir='ltr'><strong>λεχθεῖεν</strong></span> <span class='ocrx_word' id='word_1_131' title='bbox 1238 1607 1304 1660; x_wconf 80' lang='grc' dir='ltr'><strong>τά</strong></span> <span class='ocrx_word' id='word_1_132' title='bbox 1332 1607 1560 1674; x_wconf 89' lang='grc' dir='ltr'>σώματα</span> <span class='ocrx_word' id='word_1_133' title='bbox 1586 1605 1626 1671; x_wconf 84' lang='lat'><strong>;)</strong></span> <span class='ocrx_word' id='word_1_134' title='bbox 1658 1605 1750 1658; x_wconf 79' lang='grc' dir='ltr'>καὶ</span> 
     </span>
    </p>
   </div>
   <div class='ocr_carea' id='block_1_20' title="bbox 173 1699 1750 1769">
    <p class='ocr_par' dir='ltr' id='par_1_20' title="bbox 173 1699 1750 1769">
     <span class='ocr_line' id='line_1_20' title="bbox 173 1699 1750 1769; baseline -0.004 -14"><span class='ocrx_word' id='word_1_135' title='bbox 173 1705 277 1756; x_wconf 83' lang='grc' dir='ltr'>οὐκ</span> <span class='ocrx_word' id='word_1_136' title='bbox 323 1702 474 1756; x_wconf 75' lang='grc' dir='ltr'>ἐστιν</span> <span class='ocrx_word' id='word_1_137' title='bbox 520 1703 627 1756; x_wconf 84' lang='grc' dir='ltr'>οὐδ’</span> <span class='ocrx_word' id='word_1_138' title='bbox 670 1702 828 1755; x_wconf 80' lang='grc' dir='ltr'>οὐσία</span> <span class='ocrx_word' id='word_1_139' title='bbox 861 1699 970 1754; x_wconf 85' lang='grc' dir='ltr'>οὐδ’</span> <span class='ocrx_word' id='word_1_140' title='bbox 1008 1700 1390 1769; x_wconf 87' lang='grc' dir='ltr'>ὑποκείμενον,</span> <span class='ocrx_word' id='word_1_141' title='bbox 1427 1700 1483 1752; x_wconf 88' lang='grc' dir='ltr'><strong>ἐν</strong></span> <span class='ocrx_word' id='word_1_142' title='bbox 1532 1699 1750 1751; x_wconf 83' lang='grc' dir='ltr'>ὑποκει-</span> 
     </span>
    </p>
   </div>
   <div class='ocr_carea' id='block_1_21' title="bbox 176 1795 689 1865">
    <p class='ocr_par' dir='ltr' id='par_1_21' title="bbox 176 1795 689 1865">
     <span class='ocr_line' id='line_1_21' title="bbox 176 1795 689 1865; baseline 0.006 -19"><span class='ocrx_word' id='word_1_143' title='bbox 176 1796 327 1865; x_wconf 83' lang='grc' dir='ltr'><strong>μένῳ</strong></span> <span class='ocrx_word' id='word_1_144' title='bbox 347 1795 405 1849; x_wconf 87' lang='grc' dir='ltr'><strong>δέ</strong></span> <span class='ocrx_word' id='word_1_145' title='bbox 435 1796 689 1865; x_wconf 81' lang='grc' dir='ltr'>μάλιστα.</span> 
     </span>
    </p>
   </div>
   <div class='ocr_carea' id='block_1_22' title="bbox 249 1881 1748 1955">
    <p class='ocr_par' dir='ltr' id='par_1_22' title="bbox 249 1881 1748 1955">
     <span class='ocr_line' id='line_1_22' title="bbox 249 1881 1748 1955; baseline -0.001 -18"><span class='ocrx_word' id='word_1_146' title='bbox 249 1887 320 1939; x_wconf 88' lang='grc' dir='ltr'><strong>κ’.</strong></span> <span class='ocrx_word' id='word_1_147' title='bbox 380 1887 494 1940; x_wconf 79' lang='grc' dir='ltr'>Κάν</span> <span class='ocrx_word' id='word_1_148' title='bbox 531 1904 660 1940; x_wconf 88' lang='grc' dir='ltr'>ποτε</span> <span class='ocrx_word' id='word_1_149' title='bbox 706 1887 864 1940; x_wconf 82' lang='grc' dir='ltr'>οὐσία</span> <span class='ocrx_word' id='word_1_150' title='bbox 913 1885 1155 1955; x_wconf 87' lang='grc' dir='ltr'>λεχθείη,</span> <span class='ocrx_word' id='word_1_151' title='bbox 1205 1883 1293 1937; x_wconf 81' lang='grc' dir='ltr'><strong>διὰ</strong></span> <span class='ocrx_word' id='word_1_152' title='bbox 1321 1881 1480 1937; x_wconf 81' lang='grc' dir='ltr'>τοῦτο</span> <span class='ocrx_word' id='word_1_153' title='bbox 1527 1883 1748 1950; x_wconf 66' lang='grc' dir='ltr'>λέγεται</span> 
     </span>
    </p>
   </div>
   <div class='ocr_carea' id='block_1_23' title="bbox 173 1961 1749 2050">
    <p class='ocr_par' dir='ltr' id='par_1_23' title="bbox 173 1961 1749 2050">
     <span class='ocr_line' id='line_1_23' title="bbox 173 1961 1749 2050; baseline -0.003 -18"><span class='ocrx_word' id='word_1_154' title='bbox 173 1980 357 2041; x_wconf 77' lang='grc' dir='ltr'>οὐσία,</span> <span class='ocrx_word' id='word_1_155' title='bbox 390 1979 478 2032; x_wconf 81' lang='grc' dir='ltr'>διὰ</span> <span class='ocrx_word' id='word_1_156' title='bbox 509 1980 568 2032; x_wconf 77' lang='grc' dir='ltr'><strong>τὸ</strong></span> <span class='ocrx_word' id='word_1_157' title='bbox 605 1981 743 2050; x_wconf 79' lang='grc' dir='ltr'>μετὰ</span> <span class='ocrx_word' id='word_1_158' title='bbox 785 1979 878 2032; x_wconf 83' lang='grc' dir='ltr'>τοῦ</span> <span class='ocrx_word' id='word_1_159' title='bbox 923 1977 1292 2041; x_wconf 71' lang='grc' dir='ltr'>ὑποκειμένου</span> <span class='ocrx_word' id='word_1_160' title='bbox 1323 1961 1584 2028; x_wconf 73' lang='grc' dir='ltr'>δόνασθαι</span> <span class='ocrx_word' id='word_1_161' title='bbox 1619 1975 1749 2044; x_wconf 84' lang='grc' dir='ltr'>μίαν</span> 
     </span>
    </p>
   </div>
   <div class='ocr_carea' id='block_1_24' title="bbox 173 2066 1748 2140">
    <p class='ocr_par' dir='ltr' id='par_1_24' title="bbox 173 2066 1748 2140">
     <span class='ocr_line' id='line_1_24' title="bbox 173 2066 1748 2140; baseline -0.004 -14"><span class='ocrx_word' id='word_1_162' title='bbox 173 2076 366 2128; x_wconf 78' lang='grc' dir='ltr'>οὐσίαν</span> <span class='ocrx_word' id='word_1_163' title='bbox 399 2072 719 2137; x_wconf 55' lang='grc' dir='ltr'>ἀποτελεῖν,</span> <span class='ocrx_word' id='word_1_164' title='bbox 756 2072 850 2123; x_wconf 77' lang='grc' dir='ltr'>καὶ</span> <span class='ocrx_word' id='word_1_165' title='bbox 886 2069 960 2140; x_wconf 78' lang='grc' dir='ltr'>μὴ</span> <span class='ocrx_word' id='word_1_166' title='bbox 993 2067 1351 2138; x_wconf 77' lang='grc' dir='ltr'>ἀπογίνεσθαι</span> <span class='ocrx_word' id='word_1_167' title='bbox 1398 2066 1492 2119; x_wconf 79' lang='grc' dir='ltr'>τοῦ</span> <span class='ocrx_word' id='word_1_168' title='bbox 1549 2066 1748 2119; x_wconf 84' lang='grc' dir='ltr'>άποτε-</span> 
     </span>
    </p>
   </div>
   <div class='ocr_carea' id='block_1_25' title="bbox 174 2157 1747 2234">
    <p class='ocr_par' dir='ltr' id='par_1_25' title="bbox 174 2157 1747 2234">
     <span class='ocr_line' id='line_1_25' title="bbox 174 2157 1747 2234; baseline -0.003 -19"><span class='ocrx_word' id='word_1_169' title='bbox 174 2167 458 2227; x_wconf 83' lang='grc' dir='ltr'>λεσθέντος</span> <span class='ocrx_word' id='word_1_170' title='bbox 514 2165 687 2234; x_wconf 53' lang='grc' dir='ltr'>χωρὶς</span> <span class='ocrx_word' id='word_1_171' title='bbox 749 2162 844 2230; x_wconf 82' lang='grc' dir='ltr'><strong>τῆς</strong></span> <span class='ocrx_word' id='word_1_172' title='bbox 899 2160 1087 2214; x_wconf 87' lang='grc' dir='ltr'>τούτου</span> <span class='ocrx_word' id='word_1_173' title='bbox 1149 2159 1381 2228; x_wconf 80' lang='grc' dir='ltr'>φθοράς,</span> <span class='ocrx_word' id='word_1_174' title='bbox 1444 2159 1642 2212; x_wconf 84' lang='grc' dir='ltr'>ταυτὸν</span> <span class='ocrx_word' id='word_1_175' title='bbox 1701 2157 1747 2211; x_wconf 84' lang='grc' dir='ltr'>δ’</span> 
     </span>
    </p>
   </div>
   <div class='ocr_carea' id='block_1_26' title="bbox 175 2239 1315 2319">
    <p class='ocr_par' dir='ltr' id='par_1_26' title="bbox 175 2247 1315 2319">
     <span class='ocr_line' id='line_1_26' title="bbox 175 2247 1315 2319; baseline 0.004 -10"><span class='ocrx_word' id='word_1_176' title='bbox 175 2261 360 2310; x_wconf 76' lang='grc' dir='ltr'>εἰπεῖν</span> <span class='ocrx_word' id='word_1_177' title='bbox 385 2257 705 2319; x_wconf 83' lang='grc' dir='ltr'>διαλύσεως.</span> <span class='ocrx_word' id='word_1_178' title='bbox 1307 2247 1315 2251; x_wconf 44' lang='grc'><strong>’</strong></span> 
     </span>
    </p>
   </div>
   <div class='ocr_carea' id='block_1_27' title="bbox 249 2343 1748 2416">
    <p class='ocr_par' dir='ltr' id='par_1_27' title="bbox 249 2343 1748 2416">
     <span class='ocr_line' id='line_1_27' title="bbox 249 2343 1748 2416; baseline -0.004 -14"><span class='ocrx_word' id='word_1_179' title='bbox 249 2351 362 2404; x_wconf 68' lang='grc' dir='ltr'><strong>ια’.</strong></span> <span class='ocrx_word' id='word_1_180' title='bbox 391 2351 490 2403; x_wconf 85' lang='grc' dir='ltr'><strong>Διὰ</strong></span> <span class='ocrx_word' id='word_1_181' title='bbox 521 2349 696 2403; x_wconf 81' lang='grc' dir='ltr'>ταῦτά</span> <span class='ocrx_word' id='word_1_182' title='bbox 734 2365 816 2401; x_wconf 86' lang='grc' dir='ltr'><strong>τοι</strong></span> <span class='ocrx_word' id='word_1_183' title='bbox 857 2348 919 2401; x_wconf 78' lang='grc' dir='ltr'>τὸ</span> <span class='ocrx_word' id='word_1_184' title='bbox 947 2343 1087 2410; x_wconf 80' lang='grc' dir='ltr'>εἶδος</span> <span class='ocrx_word' id='word_1_185' title='bbox 1135 2346 1228 2400; x_wconf 80' lang='grc' dir='ltr'>καὶ</span> <span class='ocrx_word' id='word_1_186' title='bbox 1255 2345 1482 2416; x_wconf 79' lang='grc' dir='ltr'>δευτέρα</span> <span class='ocrx_word' id='word_1_187' title='bbox 1527 2345 1748 2412; x_wconf 80' lang='grc' dir='ltr'>λέγεται</span> 
     </span>
    </p>
   </div>
   <div class='ocr_carea' id='block_1_28' title="bbox 175 2438 1743 2514">
    <p class='ocr_par' dir='ltr' id='par_1_28' title="bbox 175 2438 1743 2514">
     <span class='ocr_line' id='line_1_28' title="bbox 175 2438 1743 2514; baseline -0.004 -17"><span class='ocrx_word' id='word_1_188' title='bbox 175 2446 269 2498; x_wconf 76' lang='grc' dir='ltr'>καὶ</span> <span class='ocrx_word' id='word_1_189' title='bbox 300 2446 477 2514; x_wconf 77' lang='grc' dir='ltr'>ἥττων</span> <span class='ocrx_word' id='word_1_190' title='bbox 500 2443 686 2505; x_wconf 83' lang='grc' dir='ltr'>οὐσία,</span> <span class='ocrx_word' id='word_1_191' title='bbox 717 2441 912 2511; x_wconf 68' lang='grc' dir='ltr'>μᾶλλον</span> <span class='ocrx_word' id='word_1_192' title='bbox 941 2440 995 2493; x_wconf 83' lang='grc' dir='ltr'><strong>δέ</strong></span> <span class='ocrx_word' id='word_1_193' title='bbox 1019 2440 1274 2502; x_wconf 74' lang='grc' dir='ltr'><strong>οὐσιῶδες</strong></span> <span class='ocrx_word' id='word_1_194' title='bbox 1312 2441 1405 2493; x_wconf 74' lang='grc' dir='ltr'>καὶ</span> <span class='ocrx_word' id='word_1_195' title='bbox 1438 2439 1537 2492; x_wconf 78' lang='grc' dir='ltr'>οὐκ</span> <span class='ocrx_word' id='word_1_196' title='bbox 1565 2438 1743 2490; x_wconf 81' lang='grc' dir='ltr'>οὐσία.</span> 
     </span>
    </p>
   </div>
   <div class='ocr_carea' id='block_1_29' title="bbox 175 2529 1749 2604">
    <p class='ocr_par' dir='ltr' id='par_1_29' title="bbox 175 2529 1749 2604">
     <span class='ocr_line' id='line_1_29' title="bbox 175 2529 1749 2604; baseline -0.004 -16"><span class='ocrx_word' id='word_1_197' title='bbox 175 2539 289 2589; x_wconf 75' lang='grc' dir='ltr'><strong>Καὶ</strong></span> <span class='ocrx_word' id='word_1_198' title='bbox 322 2531 390 2588; x_wconf 79' lang='grc' dir='ltr'>αὖ</span> <span class='ocrx_word' id='word_1_199' title='bbox 424 2535 585 2588; x_wconf 80' lang='grc' dir='ltr'>πάλιν</span> <span class='ocrx_word' id='word_1_200' title='bbox 637 2534 948 2604; x_wconf 81' lang='grc' dir='ltr'>κυριώτατα</span> <span class='ocrx_word' id='word_1_201' title='bbox 974 2533 1067 2586; x_wconf 83' lang='grc' dir='ltr'>καὶ</span> <span class='ocrx_word' id='word_1_202' title='bbox 1121 2531 1352 2602; x_wconf 82' lang='grc' dir='ltr'><strong>πρώτως</strong></span> <span class='ocrx_word' id='word_1_203' title='bbox 1387 2531 1479 2583; x_wconf 74' lang='grc' dir='ltr'>καὶ</span> <span class='ocrx_word' id='word_1_204' title='bbox 1514 2529 1749 2597; x_wconf 85' lang='grc' dir='ltr'>μάλιστα</span> 
     </span>
    </p>
   </div>
   <div class='ocr_carea' id='block_1_30' title="bbox 171 2624 1749 2698">
    <p class='ocr_par' dir='ltr' id='par_1_30' title="bbox 171 2624 1749 2698">
     <span class='ocr_line' id='line_1_30' title="bbox 171 2624 1749 2698; baseline -0.004 -17"><span class='ocrx_word' id='word_1_205' title='bbox 171 2631 337 2681; x_wconf 79' lang='grc' dir='ltr'>οὐσία</span> <span class='ocrx_word' id='word_1_206' title='bbox 366 2629 735 2698; x_wconf 74' lang='grc' dir='ltr'><strong>φιλοσοφεῖται</strong></span> <span class='ocrx_word' id='word_1_207' title='bbox 774 2627 922 2695; x_wconf 79' lang='grc' dir='ltr'>παρὰ</span> <span class='ocrx_word' id='word_1_208' title='bbox 968 2625 1074 2678; x_wconf 82' lang='grc' dir='ltr'>τῶν</span> <span class='ocrx_word' id='word_1_209' title='bbox 1110 2624 1281 2686; x_wconf 77' lang='grc' dir='ltr'>ὅντως</span> <span class='ocrx_word' id='word_1_210' title='bbox 1317 2624 1625 2692; x_wconf 62' lang='grc' dir='ltr'>φιλοσόφων</span> <span class='ocrx_word' id='word_1_211' title='bbox 1655 2625 1749 2675; x_wconf 75' lang='grc' dir='ltr'>καὶ</span> 
     </span>
    </p>
   </div>
   <div class='ocr_carea' id='block_1_31' title="bbox 175 2713 1748 2790">
    <p class='ocr_par' dir='ltr' id='par_1_31' title="bbox 175 2713 1748 2790">
     <span class='ocr_line' id='line_1_31' title="bbox 175 2713 1748 2790; baseline -0.006 -15"><span class='ocrx_word' id='word_1_212' title='bbox 175 2721 585 2790; x_wconf 78' lang='grc' dir='ltr'>δογματίζεται.</span> <span class='ocrx_word' id='word_1_213' title='bbox 616 2719 688 2771; x_wconf 83' lang='grc' dir='ltr'>Τὸ</span> <span class='ocrx_word' id='word_1_214' title='bbox 721 2717 820 2788; x_wconf 73' lang='grc' dir='ltr'>μὲν</span> <span class='ocrx_word' id='word_1_215' title='bbox 872 2718 978 2786; x_wconf 81' lang='grc' dir='ltr'><strong>γὰρ</strong></span> <span class='ocrx_word' id='word_1_216' title='bbox 1012 2717 1140 2770; x_wconf 76' lang='grc' dir='ltr'>ἄνευ</span> <span class='ocrx_word' id='word_1_217' title='bbox 1170 2716 1266 2781; x_wconf 77' lang='grc' dir='ltr'>τῆς</span> <span class='ocrx_word' id='word_1_218' title='bbox 1327 2714 1456 2784; x_wconf 87' lang='grc' dir='ltr'><strong>ὕλης</strong></span> <span class='ocrx_word' id='word_1_219' title='bbox 1505 2713 1748 2768; x_wconf 72' lang='grc' dir='ltr'>ἐπινοούι</span> 
     </span>
    </p>
   </div>
   <div class='ocr_carea' id='block_1_32' title="bbox 177 2807 1749 2883">
    <p class='ocr_par' dir='ltr' id='par_1_32' title="bbox 177 2807 1749 2883">
     <span class='ocr_line' id='line_1_32' title="bbox 177 2807 1749 2883; baseline -0.005 -16"><span class='ocrx_word' id='word_1_220' title='bbox 177 2831 345 2883; x_wconf 89' lang='grc' dir='ltr'>μενον</span> <span class='ocrx_word' id='word_1_221' title='bbox 369 2814 444 2876; x_wconf 82' lang='grc' dir='ltr'><strong>ὡς</strong></span> <span class='ocrx_word' id='word_1_222' title='bbox 467 2817 524 2865; x_wconf 87' lang='grc' dir='ltr'><strong>ἐν</strong></span> <span class='ocrx_word' id='word_1_223' title='bbox 559 2811 904 2879; x_wconf 70' lang='grc' dir='ltr'><strong>ὑποκειμένῳ</strong></span> <span class='ocrx_word' id='word_1_224' title='bbox 929 2812 994 2878; x_wconf 80' lang='grc' dir='ltr'>τῇ</span> <span class='ocrx_word' id='word_1_225' title='bbox 1023 2807 1123 2878; x_wconf 81' lang='grc' dir='ltr'><strong>ὕλῃ</strong></span> <span class='ocrx_word' id='word_1_226' title='bbox 1163 2808 1465 2876; x_wconf 78' lang='grc' dir='ltr'>δυνάμενον</span> <span class='ocrx_word' id='word_1_227' title='bbox 1485 2807 1627 2876; x_wconf 74' lang='grc' dir='ltr'>ἔχειν</span> <span class='ocrx_word' id='word_1_228' title='bbox 1649 2807 1749 2876; x_wconf 83' lang='grc' dir='ltr'>τὴν</span> 
     </span>
    </p>
   </div>
   <div class='ocr_carea' id='block_1_33' title="bbox 172 2899 1748 2974">
    <p class='ocr_par' dir='ltr' id='par_1_33' title="bbox 172 2899 1748 2974">
     <span class='ocr_line' id='line_1_33' title="bbox 172 2899 1748 2974; baseline -0.004 -15"><span class='ocrx_word' id='word_1_229' title='bbox 172 2907 419 2974; x_wconf 77' lang='grc' dir='ltr'>ὓπαρξιν</span> <span class='ocrx_word' id='word_1_230' title='bbox 454 2907 680 2966; x_wconf 77' lang='grc' dir='ltr'><strong>εἰκότως</strong></span> <span class='ocrx_word' id='word_1_231' title='bbox 715 2903 871 2956; x_wconf 82' lang='grc' dir='ltr'>οὐσία</span> <span class='ocrx_word' id='word_1_232' title='bbox 921 2903 982 2954; x_wconf 85' lang='grc' dir='ltr'>οὑ</span> <span class='ocrx_word' id='word_1_233' title='bbox 1036 2901 1239 2970; x_wconf 84' lang='grc' dir='ltr'><strong>κυρίως</strong></span> <span class='ocrx_word' id='word_1_234' title='bbox 1293 2901 1546 2968; x_wconf 78' lang='grc' dir='ltr'>λέγεται·</span> <span class='ocrx_word' id='word_1_235' title='bbox 1602 2899 1748 2953; x_wconf 82' lang='grc' dir='ltr'>τὸδέ</span> 
     </span>
    </p>
   </div>
   <div class='ocr_carea' id='block_1_34' title="bbox 178 2994 1748 3068">
    <p class='ocr_par' dir='ltr' id='par_1_34' title="bbox 178 2994 1748 3068">
     <span class='ocr_line' id='line_1_34' title="bbox 178 2994 1748 3068; baseline -0.004 -17"><span class='ocrx_word' id='word_1_236' title='bbox 178 3000 324 3068; x_wconf 76' lang='grc' dir='ltr'>μετὰ</span> <span class='ocrx_word' id='word_1_237' title='bbox 355 2999 454 3068; x_wconf 82' lang='grc' dir='ltr'>τῆς</span> <span class='ocrx_word' id='word_1_238' title='bbox 489 2998 618 3067; x_wconf 82' lang='grc' dir='ltr'><strong>ὕλης</strong></span> <span class='ocrx_word' id='word_1_239' title='bbox 653 2996 711 3049; x_wconf 78' lang='grc' dir='ltr'>ὃν</span> <span class='ocrx_word' id='word_1_240' title='bbox 745 2994 996 3065; x_wconf 77' lang='grc' dir='ltr'>ἐνεργείᾳ</span> <span class='ocrx_word' id='word_1_241' title='bbox 1028 2995 1122 3046; x_wconf 78' lang='grc' dir='ltr'>καὶ</span> <span class='ocrx_word' id='word_1_242' title='bbox 1158 2995 1277 3063; x_wconf 83' lang='grc' dir='ltr'>μετ’</span> <span class='ocrx_word' id='word_1_243' title='bbox 1331 2994 1501 3061; x_wconf 81' lang='grc' dir='ltr'>αὐτῆς</span> <span class='ocrx_word' id='word_1_244' title='bbox 1529 3010 1748 3063; x_wconf 76' lang='grc' dir='ltr'>χρημα-</span> 
     </span>
    </p>
   </div>
   <div class='ocr_carea' id='block_1_35' title="bbox 178 3086 1751 3159">
    <p class='ocr_par' dir='ltr' id='par_1_35' title="bbox 178 3086 1751 3159">
     <span class='ocr_line' id='line_1_35' title="bbox 178 3086 1751 3159; baseline -0.004 -14"><span class='ocrx_word' id='word_1_245' title='bbox 178 3095 328 3156; x_wconf 76' lang='grc' dir='ltr'>τίζον</span> <span class='ocrx_word' id='word_1_246' title='bbox 369 3091 428 3144; x_wconf 82' lang='grc' dir='ltr'>ἒν</span> <span class='ocrx_word' id='word_1_247' title='bbox 465 3091 842 3159; x_wconf 83' lang='grc' dir='ltr'>ὑποκείμενον,</span> <span class='ocrx_word' id='word_1_248' title='bbox 863 3088 937 3152; x_wconf 87' lang='grc' dir='ltr'><strong>ώς</strong></span> <span class='ocrx_word' id='word_1_249' title='bbox 964 3089 1105 3141; x_wconf 82' lang='grc' dir='ltr'>κατὰ</span> <span class='ocrx_word' id='word_1_250' title='bbox 1135 3086 1460 3155; x_wconf 84' lang='grc' dir='ltr'>συνεκδοχὴν</span> <span class='ocrx_word' id='word_1_251' title='bbox 1490 3088 1554 3139; x_wconf 88' lang='grc' dir='ltr'><strong>ἐκ</strong></span> <span class='ocrx_word' id='word_1_252' title='bbox 1592 3087 1751 3139; x_wconf 84' lang='grc' dir='ltr'>θατέ-</span> 
     </span>
    </p>
   </div>
   <div class='ocr_carea' id='block_1_36' title="bbox 1849 779 3425 853">
    <p class='ocr_par' dir='ltr' id='par_1_36' title="bbox 1849 779 3425 853">
     <span class='ocr_line' id='line_1_36' title="bbox 1849 779 3425 853; baseline 0.001 -19"><span class='ocrx_word' id='word_1_253' title='bbox 1849 781 1964 834; x_wconf 79' lang='lat' dir='ltr'><strong>sive</strong></span> <span class='ocrx_word' id='word_1_254' title='bbox 1994 795 2190 848; x_wconf 88' lang='lat' dir='ltr'><strong>corpus</strong></span> <span class='ocrx_word' id='word_1_255' title='bbox 2222 779 2568 844; x_wconf 83' lang='lat' dir='ltr'><strong>absolvunt);</strong></span> <span class='ocrx_word' id='word_1_256' title='bbox 2608 796 2703 849; x_wconf 82' lang='lat' dir='ltr'><strong>per</strong></span> <span class='ocrx_word' id='word_1_257' title='bbox 2724 797 2781 835; x_wconf 84' lang='lat' dir='ltr'><strong>se</strong></span> <span class='ocrx_word' id='word_1_258' title='bbox 2816 792 2993 843; x_wconf 84' lang='lat' dir='ltr'><strong>tamen</strong></span> <span class='ocrx_word' id='word_1_259' title='bbox 3024 786 3145 837; x_wconf 83' lang='lat' dir='ltr'><strong>sine</strong></span> <span class='ocrx_word' id='word_1_260' title='bbox 3176 787 3425 853; x_wconf 89' lang='lat' dir='ltr'><strong>subjecto</strong></span> 
     </span>
    </p>
   </div>
   <div class='ocr_carea' id='block_1_37' title="bbox 1850 872 3422 944">
    <p class='ocr_par' dir='ltr' id='par_1_37' title="bbox 1850 872 3422 944">
     <span class='ocr_line' id='line_1_37' title="bbox 1850 872 3422 944; baseline 0.003 -18"><span class='ocrx_word' id='word_1_261' title='bbox 1850 872 2226 938; x_wconf 65' lang='lat' dir='ltr'><strong>considerate,</strong></span> <span class='ocrx_word' id='word_1_262' title='bbox 2256 874 2556 926; x_wconf 76' lang='lat' dir='ltr'><strong>accidentia</strong></span> <span class='ocrx_word' id='word_1_263' title='bbox 2590 883 2734 928; x_wconf 89' lang='lat' dir='ltr'><strong>sunt.</strong></span> <span class='ocrx_word' id='word_1_264' title='bbox 2768 874 3105 944; x_wconf 79' lang='lat' dir='ltr'><strong>Quapropter</strong></span> <span class='ocrx_word' id='word_1_265' title='bbox 3133 887 3186 930; x_wconf 87' lang='lat' dir='ltr'><strong>et</strong></span> <span class='ocrx_word' id='word_1_266' title='bbox 3237 877 3422 930; x_wconf 74' lang='lat' dir='ltr'><strong>forma!</strong></span> 
     </span>
    </p>
   </div>
   <div class='ocr_carea' id='block_1_38' title="bbox 1850 961 3422 1036">
    <p class='ocr_par' dir='ltr' id='par_1_38' title="bbox 1850 961 3422 1036">
     <span class='ocr_line' id='line_1_38' title="bbox 1850 961 3422 1036; baseline 0.003 -18"><span class='ocrx_word' id='word_1_267' title='bbox 1850 975 1908 1018; x_wconf 88' lang='lat' dir='ltr'><strong>et</strong></span> <span class='ocrx_word' id='word_1_268' title='bbox 1956 961 2312 1018; x_wconf 81' lang='lat' dir='ltr'><strong>informantes</strong></span> <span class='ocrx_word' id='word_1_269' title='bbox 2371 966 2662 1033; x_wconf 76' lang='lat' dir='ltr'><strong>qualitates</strong></span> <span class='ocrx_word' id='word_1_270' title='bbox 2700 975 2981 1028; x_wconf 84' lang='lat' dir='ltr'><strong>vocantur,</strong></span> <span class='ocrx_word' id='word_1_271' title='bbox 3028 969 3170 1036; x_wconf 85' lang='lat' dir='ltr'><strong>quod</strong></span> <span class='ocrx_word' id='word_1_272' title='bbox 3207 970 3422 1023; x_wconf 73' lang='lat' dir='ltr'><strong>diversa</strong></span> 
     </span>
    </p>
   </div>
   <div class='ocr_carea' id='block_1_39' title="bbox 1851 1056 3420 1131">
    <p class='ocr_par' dir='ltr' id='par_1_39' title="bbox 1851 1056 3420 1131">
     <span class='ocr_line' id='line_1_39' title="bbox 1851 1056 3420 1131; baseline 0.003 -21"><span class='ocrx_word' id='word_1_273' title='bbox 1851 1056 1923 1110; x_wconf 86' lang='lat' dir='ltr'><strong>sit</strong></span> <span class='ocrx_word' id='word_1_274' title='bbox 1969 1057 2142 1109; x_wconf 81' lang='lat' dir='ltr'><strong>forma</strong></span> <span class='ocrx_word' id='word_1_275' title='bbox 2189 1073 2352 1125; x_wconf 88' lang='lat' dir='ltr'><strong>quam</strong></span> <span class='ocrx_word' id='word_1_276' title='bbox 2402 1059 2646 1112; x_wconf 79' lang='lat' dir='ltr'><strong>efﬁciunt</strong></span> <span class='ocrx_word' id='word_1_277' title='bbox 2689 1059 2759 1112; x_wconf 85' lang='lat' dir='ltr'><strong>ab</strong></span> <span class='ocrx_word' id='word_1_278' title='bbox 2814 1074 2877 1113; x_wconf 89' lang='lat' dir='ltr'><strong>ea</strong></span> <span class='ocrx_word' id='word_1_279' title='bbox 2926 1061 3226 1114; x_wconf 84' lang='lat' dir='ltr'><strong>secundum</strong></span> <span class='ocrx_word' id='word_1_280' title='bbox 3261 1080 3420 1131; x_wconf 87' lang='lat' dir='ltr'><strong>quam</strong></span> 
     </span>
    </p>
   </div>
   <div class='ocr_carea' id='block_1_40' title="bbox 1853 1138 3422 1217">
    <p class='ocr_par' dir='ltr' id='par_1_40' title="bbox 1853 1138 3422 1217">
     <span class='ocr_line' id='line_1_40' title="bbox 1853 1138 3422 1217; baseline 0.003 -15"><span class='ocrx_word' id='word_1_281' title='bbox 1853 1148 1982 1217; x_wconf 82' lang='lat' dir='ltr'><strong>ipsae</strong></span> <span class='ocrx_word' id='word_1_282' title='bbox 2035 1148 2220 1203; x_wconf 77' lang='lat' dir='ltr'><strong>forma:</strong></span> <span class='ocrx_word' id='word_1_283' title='bbox 2273 1161 2560 1204; x_wconf 82' lang='lat' dir='ltr'><strong>vocantur.</strong></span> <span class='ocrx_word' id='word_1_284' title='bbox 2612 1151 2795 1205; x_wconf 71' lang='lat' dir='ltr'><strong>Altera</strong></span> <span class='ocrx_word' id='word_1_285' title='bbox 2836 1152 2981 1207; x_wconf 89' lang='lat' dir='ltr'><strong>enim</strong></span> <span class='ocrx_word' id='word_1_286' title='bbox 3029 1138 3151 1206; x_wconf 90' lang='lat' dir='ltr'><strong>cum</strong></span> <span class='ocrx_word' id='word_1_287' title='bbox 3199 1156 3422 1208; x_wconf 80' lang='lat' dir='ltr'><strong>materia</strong></span> 
     </span>
    </p>
   </div>
   <div class='ocr_carea' id='block_1_41' title="bbox 1856 1242 3424 1315">
    <p class='ocr_par' dir='ltr' id='par_1_41' title="bbox 1856 1242 3424 1315">
     <span class='ocr_line' id='line_1_41' title="bbox 1856 1242 3424 1315; baseline 0.003 -21"><span class='ocrx_word' id='word_1_288' title='bbox 1856 1242 2191 1311; x_wconf 74' lang='lat' dir='ltr'><strong>intelligitur,</strong></span> <span class='ocrx_word' id='word_1_289' title='bbox 2209 1251 2262 1296; x_wconf 90' lang='lat' dir='ltr'><strong>et</strong></span> <span class='ocrx_word' id='word_1_290' title='bbox 2283 1243 2522 1296; x_wconf 83' lang='lat' dir='ltr'><strong>essentia</strong></span> <span class='ocrx_word' id='word_1_291' title='bbox 2543 1255 2704 1312; x_wconf 89' lang='lat' dir='ltr'><strong>atque</strong></span> <span class='ocrx_word' id='word_1_292' title='bbox 2725 1245 3026 1312; x_wconf 82' lang='lat' dir='ltr'><strong>subjectum</strong></span> <span class='ocrx_word' id='word_1_293' title='bbox 3051 1255 3132 1299; x_wconf 89' lang='lat' dir='ltr'><strong>est</strong></span> <span class='ocrx_word' id='word_1_294' title='bbox 3161 1262 3175 1309; x_wconf 86' lang='lat'><strong>;</strong></span> <span class='ocrx_word' id='word_1_295' title='bbox 3201 1255 3260 1299; x_wconf 90' lang='lat' dir='ltr'><strong>ut</strong></span> <span class='ocrx_word' id='word_1_296' title='bbox 3287 1247 3424 1315; x_wconf 82' lang='lat' dir='ltr'><strong>ignis</strong></span> 
     </span>
    </p>
   </div>
   <div class='ocr_carea' id='block_1_42' title="bbox 1852 1335 3426 1406">
    <p class='ocr_par' dir='ltr' id='par_1_42' title="bbox 1852 1335 3426 1406">
     <span class='ocr_line' id='line_1_42' title="bbox 1852 1335 3426 1406; baseline 0.004 -20"><span class='ocrx_word' id='word_1_297' title='bbox 1852 1343 2120 1404; x_wconf 88' lang='lat' dir='ltr'><strong>quatenus</strong></span> <span class='ocrx_word' id='word_1_298' title='bbox 2149 1335 2316 1403; x_wconf 88' lang='lat' dir='ltr'><strong>ignis,</strong></span> <span class='ocrx_word' id='word_1_299' title='bbox 2346 1345 2400 1388; x_wconf 89' lang='lat' dir='ltr'><strong>et</strong></span> <span class='ocrx_word' id='word_1_300' title='bbox 2432 1345 2574 1388; x_wconf 82' lang='lat' dir='ltr'><strong>terra</strong></span> <span class='ocrx_word' id='word_1_301' title='bbox 2609 1346 2880 1404; x_wconf 78' lang='lat' dir='ltr'><strong>quatenus</strong></span> <span class='ocrx_word' id='word_1_302' title='bbox 2913 1345 3081 1401; x_wconf 90' lang='lat' dir='ltr'><strong>terra,</strong></span> <span class='ocrx_word' id='word_1_303' title='bbox 3112 1350 3166 1390; x_wconf 86' lang='lat' dir='ltr'><strong>et</strong></span> <span class='ocrx_word' id='word_1_304' title='bbox 3203 1340 3426 1406; x_wconf 76' lang='lat' dir='ltr'><strong>reliqua:</strong></span> 
     </span>
    </p>
   </div>
   <div class='ocr_carea' id='block_1_43' title="bbox 1854 1426 3422 1498">
    <p class='ocr_par' dir='ltr' id='par_1_43' title="bbox 1854 1426 3422 1498">
     <span class='ocr_line' id='line_1_43' title="bbox 1854 1426 3422 1498; baseline 0.005 -19"><span class='ocrx_word' id='word_1_305' title='bbox 1854 1426 2041 1482; x_wconf 76' lang='lat' dir='ltr'><strong>forma:</strong></span> <span class='ocrx_word' id='word_1_306' title='bbox 2092 1442 2214 1496; x_wconf 62' lang='lat' dir='ltr'><strong>qua</strong></span> <span class='ocrx_word' id='word_1_307' title='bbox 2264 1428 2637 1482; x_wconf 85' lang='lat' dir='ltr'><strong>absolvuntur.</strong></span> <span class='ocrx_word' id='word_1_308' title='bbox 2674 1427 2768 1481; x_wconf 81' lang='lat' dir='ltr'><strong>Illa</strong></span> <span class='ocrx_word' id='word_1_309' title='bbox 2797 1438 2978 1482; x_wconf 87' lang='lat' dir='ltr'><strong>autem</strong></span> <span class='ocrx_word' id='word_1_310' title='bbox 3015 1429 3173 1498; x_wconf 85' lang='lat'><strong>135</strong></span> <span class='ocrx_word' id='word_1_311' title='bbox 3221 1429 3422 1487; x_wconf 78' lang='lat' dir='ltr'><strong>forma.</strong></span> 
     </span>
    </p>
   </div>
   <div class='ocr_carea' id='block_1_44' title="bbox 1849 1520 3422 1590">
    <p class='ocr_par' dir='ltr' id='par_1_44' title="bbox 1849 1520 3422 1590">
     <span class='ocr_line' id='line_1_44' title="bbox 1849 1520 3422 1590; baseline 0.004 -18"><span class='ocrx_word' id='word_1_312' title='bbox 1849 1520 2000 1588; x_wconf 79' lang='lat' dir='ltr'><strong>juxta</strong></span> <span class='ocrx_word' id='word_1_313' title='bbox 2047 1534 2210 1589; x_wconf 87' lang='lat' dir='ltr'><strong>quam</strong></span> <span class='ocrx_word' id='word_1_314' title='bbox 2261 1522 2552 1590; x_wconf 84' lang='lat' dir='ltr'><strong>qualitates</strong></span> <span class='ocrx_word' id='word_1_315' title='bbox 2579 1522 2835 1575; x_wconf 87' lang='lat' dir='ltr'><strong>dicuntur</strong></span> <span class='ocrx_word' id='word_1_316' title='bbox 2869 1521 3076 1586; x_wconf 74' lang='lat' dir='ltr'><strong>formae,</strong></span> <span class='ocrx_word' id='word_1_317' title='bbox 3121 1538 3244 1577; x_wconf 91' lang='lat' dir='ltr'><strong>cum</strong></span> <span class='ocrx_word' id='word_1_318' title='bbox 3302 1526 3422 1578; x_wconf 89' lang='lat' dir='ltr'><strong>sine</strong></span> 
     </span>
    </p>
   </div>
   <div class='ocr_carea' id='block_1_45' title="bbox 1855 1611 3428 1680">
    <p class='ocr_par' dir='ltr' id='par_1_45' title="bbox 1855 1611 3428 1680">
     <span class='ocr_line' id='line_1_45' title="bbox 1855 1611 3428 1680; baseline 0.002 -16"><span class='ocrx_word' id='word_1_319' title='bbox 1855 1611 2080 1664; x_wconf 80' lang='lat' dir='ltr'><strong>materia</strong></span> <span class='ocrx_word' id='word_1_320' title='bbox 2103 1611 2374 1675; x_wconf 74' lang='lat' dir='ltr'><strong>cogitatur</strong></span> <span class='ocrx_word' id='word_1_321' title='bbox 2409 1613 2668 1678; x_wconf 88' lang='lat' dir='ltr'><strong>(quonam</strong></span> <span class='ocrx_word' id='word_1_322' title='bbox 2699 1611 2843 1668; x_wconf 88' lang='lat' dir='ltr'><strong>enim</strong></span> <span class='ocrx_word' id='word_1_323' title='bbox 2879 1611 3011 1665; x_wconf 79' lang='lat' dir='ltr'><strong>alias</strong></span> <span class='ocrx_word' id='word_1_324' title='bbox 3035 1621 3194 1680; x_wconf 89' lang='lat' dir='ltr'><strong>pacto</strong></span> <span class='ocrx_word' id='word_1_325' title='bbox 3219 1628 3284 1667; x_wconf 91' lang='lat' dir='ltr'><strong>ex</strong></span> <span class='ocrx_word' id='word_1_326' title='bbox 3312 1629 3428 1666; x_wconf 88' lang='lat' dir='ltr'><strong>ma-</strong></span> 
     </span>
    </p>
   </div>
   <div class='ocr_carea' id='block_1_46' title="bbox 1855 1702 3504 1770">
    <p class='ocr_par' dir='ltr' id='par_1_46' title="bbox 1855 1702 3504 1770">
     <span class='ocr_line' id='line_1_46' title="bbox 1855 1702 3504 1770; baseline 0.001 -15"><span class='ocrx_word' id='word_1_327' title='bbox 1855 1703 1989 1755; x_wconf 87' lang='lat' dir='ltr'><strong>teria</strong></span> <span class='ocrx_word' id='word_1_328' title='bbox 2010 1713 2062 1754; x_wconf 89' lang='lat' dir='ltr'><strong>et</strong></span> <span class='ocrx_word' id='word_1_329' title='bbox 2080 1703 2252 1755; x_wconf 78' lang='lat' dir='ltr'><strong>forma</strong></span> <span class='ocrx_word' id='word_1_330' title='bbox 2271 1702 2378 1756; x_wconf 91' lang='lat' dir='ltr'><strong>dici</strong></span> <span class='ocrx_word' id='word_1_331' title='bbox 2398 1716 2627 1770; x_wconf 88' lang='lat' dir='ltr'><strong>corpora</strong></span> <span class='ocrx_word' id='word_1_332' title='bbox 2651 1702 3036 1770; x_wconf 83' lang='lat' dir='ltr'><strong>possent?)tum</strong></span> <span class='ocrx_word' id='word_1_333' title='bbox 3055 1719 3157 1758; x_wconf 89' lang='lat' dir='ltr'><strong>nec</strong></span> <span class='ocrx_word' id='word_1_334' title='bbox 3175 1708 3428 1758; x_wconf 76' lang='lat' dir='ltr'><strong>substan-</strong></span> <span class='ocrx_word' id='word_1_335' title='bbox 3501 1721 3504 1723; x_wconf 52' lang='grc' dir='ltr'><strong>λ</strong></span> 
     </span>
    </p>
   </div>
   <div class='ocr_carea' id='block_1_47' title="bbox 1855 1794 3427 1863">
    <p class='ocr_par' dir='ltr' id='par_1_47' title="bbox 1855 1794 3427 1863">
     <span class='ocr_line' id='line_1_47' title="bbox 1855 1794 3427 1863; baseline 0.003 -15"><span class='ocrx_word' id='word_1_336' title='bbox 1855 1796 1951 1859; x_wconf 89' lang='lat' dir='ltr'><strong>tia,</strong></span> <span class='ocrx_word' id='word_1_337' title='bbox 2020 1809 2121 1848; x_wconf 84' lang='lat' dir='ltr'><strong>nec</strong></span> <span class='ocrx_word' id='word_1_338' title='bbox 2170 1794 2478 1863; x_wconf 87' lang='lat' dir='ltr'><strong>subjectum</strong></span> <span class='ocrx_word' id='word_1_339' title='bbox 2510 1805 2636 1861; x_wconf 87' lang='lat' dir='ltr'><strong>est;</strong></span> <span class='ocrx_word' id='word_1_340' title='bbox 2686 1796 2779 1849; x_wconf 85' lang='lat' dir='ltr'><strong>sed</strong></span> <span class='ocrx_word' id='word_1_341' title='bbox 2825 1795 2878 1848; x_wconf 92' lang='lat' dir='ltr'><strong>in</strong></span> <span class='ocrx_word' id='word_1_342' title='bbox 2897 1795 3142 1862; x_wconf 84' lang='lat' dir='ltr'><strong>subjecto</strong></span> <span class='ocrx_word' id='word_1_343' title='bbox 3172 1800 3427 1853; x_wconf 80' lang='lat' dir='ltr'><strong>maxime.</strong></span> 
     </span>
    </p>
   </div>
   <div class='ocr_carea' id='block_1_48' title="bbox 1923 1885 3425 1956">
    <p class='ocr_par' dir='ltr' id='par_1_48' title="bbox 1923 1885 3425 1956">
     <span class='ocr_line' id='line_1_48' title="bbox 1923 1885 3425 1956; baseline 0.003 -16"><span class='ocrx_word' id='word_1_344' title='bbox 1923 1885 2014 1940; x_wconf 75' lang='grc'><strong>20.</strong></span> <span class='ocrx_word' id='word_1_345' title='bbox 2071 1886 2134 1940; x_wconf 84' lang='lat' dir='ltr'><strong>Et</strong></span> <span class='ocrx_word' id='word_1_346' title='bbox 2197 1901 2508 1955; x_wconf 86' lang='lat' dir='ltr'><strong>quanquam</strong></span> <span class='ocrx_word' id='word_1_347' title='bbox 2564 1887 2858 1956; x_wconf 82' lang='lat' dir='ltr'><strong>aliquando</strong></span> <span class='ocrx_word' id='word_1_348' title='bbox 2922 1889 3230 1943; x_wconf 84' lang='lat' dir='ltr'><strong>substantia</strong></span> <span class='ocrx_word' id='word_1_349' title='bbox 3282 1893 3425 1944; x_wconf 88' lang='lat' dir='ltr'><strong>dicta</strong></span> 
     </span>
    </p>
   </div>
   <div class='ocr_carea' id='block_1_49' title="bbox 1851 1979 3428 2051">
    <p class='ocr_par' dir='ltr' id='par_1_49' title="bbox 1851 1979 3428 2051">
     <span class='ocr_line' id='line_1_49' title="bbox 1851 1979 3428 2051; baseline 0.001 -17"><span class='ocrx_word' id='word_1_350' title='bbox 1851 1979 2035 2042; x_wconf 79' lang='lat' dir='ltr'><strong>fuerit,</strong></span> <span class='ocrx_word' id='word_1_351' title='bbox 2091 1988 2377 2048; x_wconf 78' lang='lat' dir='ltr'><strong>propterea</strong></span> <span class='ocrx_word' id='word_1_352' title='bbox 2432 1987 2610 2032; x_wconf 78' lang='lat' dir='ltr'><strong>tamen</strong></span> <span class='ocrx_word' id='word_1_353' title='bbox 2663 1979 2966 2033; x_wconf 80' lang='lat' dir='ltr'><strong>substantia</strong></span> <span class='ocrx_word' id='word_1_354' title='bbox 3024 1983 3247 2045; x_wconf 88' lang='lat' dir='ltr'><strong>dicitur,</strong></span> <span class='ocrx_word' id='word_1_355' title='bbox 3301 1985 3428 2051; x_wconf 88' lang='lat' dir='ltr'><strong>quia</strong></span> 
     </span>
    </p>
   </div>
   <div class='ocr_carea' id='block_1_50' title="bbox 1850 2070 3422 2139">
    <p class='ocr_par' dir='ltr' id='par_1_50' title="bbox 1850 2070 3422 2139">
     <span class='ocr_line' id='line_1_50' title="bbox 1850 2070 3422 2139; baseline 0.003 -16"><span class='ocrx_word' id='word_1_356' title='bbox 1850 2085 1974 2124; x_wconf 89' lang='lat' dir='ltr'><strong>cum</strong></span> <span class='ocrx_word' id='word_1_357' title='bbox 2007 2070 2251 2138; x_wconf 82' lang='lat' dir='ltr'><strong>subjecto</strong></span> <span class='ocrx_word' id='word_1_358' title='bbox 2283 2085 2444 2122; x_wconf 90' lang='lat' dir='ltr'><strong>unam</strong></span> <span class='ocrx_word' id='word_1_359' title='bbox 2497 2071 2864 2123; x_wconf 80' lang='lat' dir='ltr'><strong>substantiam</strong></span> <span class='ocrx_word' id='word_1_360' title='bbox 2915 2073 3193 2127; x_wconf 84' lang='lat' dir='ltr'><strong>absolvere</strong></span> <span class='ocrx_word' id='word_1_361' title='bbox 3229 2084 3422 2139; x_wconf 76' lang='lat' dir='ltr'><strong>potest,</strong></span> 
     </span>
    </p>
   </div>
   <div class='ocr_carea' id='block_1_51' title="bbox 1852 2161 3425 2234">
    <p class='ocr_par' dir='ltr' id='par_1_51' title="bbox 1852 2161 3425 2234">
     <span class='ocr_line' id='line_1_51' title="bbox 1852 2161 3425 2234; baseline 0.001 -16"><span class='ocrx_word' id='word_1_362' title='bbox 1852 2179 1951 2218; x_wconf 90' lang='lat' dir='ltr'><strong>nec</strong></span> <span class='ocrx_word' id='word_1_363' title='bbox 1994 2165 2064 2217; x_wconf 89' lang='lat' dir='ltr'><strong>ab</strong></span> <span class='ocrx_word' id='word_1_364' title='bbox 2094 2177 2159 2216; x_wconf 93' lang='lat' dir='ltr'><strong>eo</strong></span> <span class='ocrx_word' id='word_1_365' title='bbox 2192 2161 2333 2230; x_wconf 89' lang='lat' dir='ltr'><strong>quod</strong></span> <span class='ocrx_word' id='word_1_366' title='bbox 2388 2162 2705 2216; x_wconf 89' lang='lat' dir='ltr'><strong>absolutum</strong></span> <span class='ocrx_word' id='word_1_367' title='bbox 2742 2172 2826 2216; x_wconf 85' lang='lat' dir='ltr'><strong>est</strong></span> <span class='ocrx_word' id='word_1_368' title='bbox 2857 2163 2994 2218; x_wconf 81' lang='lat' dir='ltr'><strong>citra</strong></span> <span class='ocrx_word' id='word_1_369' title='bbox 3034 2165 3207 2234; x_wconf 88' lang='lat' dir='ltr'><strong>ipsius</strong></span> <span class='ocrx_word' id='word_1_370' title='bbox 3238 2167 3425 2222; x_wconf 87' lang='lat' dir='ltr'><strong>interi-</strong></span> 
     </span>
    </p>
   </div>
   <div class='ocr_carea' id='block_1_52' title="bbox 1851 2240 3342 2325">
    <p class='ocr_par' dir='ltr' id='par_1_52' title="bbox 1851 2240 3342 2325">
     <span class='ocr_line' id='line_1_52' title="bbox 1851 2240 3342 2325; baseline -0.001 -13"><span class='ocrx_word' id='word_1_371' title='bbox 1851 2267 1990 2318; x_wconf 87' lang='lat' dir='ltr'><strong>tum,</strong></span> <span class='ocrx_word' id='word_1_372' title='bbox 2034 2257 2148 2310; x_wconf 75' lang='lat' dir='ltr'><strong>sive</strong></span> <span class='ocrx_word' id='word_1_373' title='bbox 2181 2255 2326 2325; x_wconf 89' lang='lat' dir='ltr'><strong>quod</strong></span> <span class='ocrx_word' id='word_1_374' title='bbox 2353 2256 2493 2309; x_wconf 90' lang='lat' dir='ltr'><strong>idem</strong></span> <span class='ocrx_word' id='word_1_375' title='bbox 2528 2265 2637 2317; x_wconf 89' lang='lat' dir='ltr'><strong>est,</strong></span> <span class='ocrx_word' id='word_1_376' title='bbox 2671 2240 3092 2310; x_wconf 77' lang='lat' dir='ltr'><strong>dissolutionem</strong></span> <span class='ocrx_word' id='word_1_377' title='bbox 3126 2258 3301 2312; x_wconf 88' lang='lat' dir='ltr'><strong>abest.</strong></span> <span class='ocrx_word' id='word_1_378' title='bbox 3338 2297 3342 2302; x_wconf 87' lang='grc'><strong>-</strong></span> 
     </span>
    </p>
   </div>
   <div class='ocr_carea' id='block_1_53' title="bbox 1919 2347 3428 2414">
    <p class='ocr_par' dir='ltr' id='par_1_53' title="bbox 1919 2347 3428 2414">
     <span class='ocr_line' id='line_1_53' title="bbox 1919 2347 3428 2414; baseline 0.001 -12"><span class='ocrx_word' id='word_1_379' title='bbox 1919 2347 2010 2403; x_wconf 74' lang='grc'><strong>21.</strong></span> <span class='ocrx_word' id='word_1_380' title='bbox 2054 2349 2226 2414; x_wconf 83' lang='lat' dir='ltr'><strong>Quam</strong></span> <span class='ocrx_word' id='word_1_381' title='bbox 2268 2364 2400 2402; x_wconf 88' lang='lat' dir='ltr'><strong>sane</strong></span> <span class='ocrx_word' id='word_1_382' title='bbox 2433 2348 2502 2402; x_wconf 89' lang='lat' dir='ltr'><strong>ob</strong></span> <span class='ocrx_word' id='word_1_383' title='bbox 2534 2363 2758 2400; x_wconf 74' lang='lat' dir='ltr'><strong>causam</strong></span> <span class='ocrx_word' id='word_1_384' title='bbox 2797 2347 2966 2401; x_wconf 78' lang='lat' dir='ltr'><strong>forma</strong></span> <span class='ocrx_word' id='word_1_385' title='bbox 3010 2359 3064 2403; x_wconf 89' lang='lat' dir='ltr'><strong>et</strong></span> <span class='ocrx_word' id='word_1_386' title='bbox 3104 2352 3342 2404; x_wconf 83' lang='lat' dir='ltr'><strong>secunda</strong></span> <span class='ocrx_word' id='word_1_387' title='bbox 3375 2363 3428 2404; x_wconf 90' lang='lat' dir='ltr'><strong>et</strong></span> 
     </span>
    </p>
   </div>
   <div class='ocr_carea' id='block_1_54' title="bbox 1851 2438 3428 2508">
    <p class='ocr_par' dir='ltr' id='par_1_54' title="bbox 1851 2438 3428 2508">
     <span class='ocr_line' id='line_1_54' title="bbox 1851 2438 3428 2508; baseline 0.001 -15"><span class='ocrx_word' id='word_1_388' title='bbox 1851 2440 2032 2495; x_wconf 87' lang='lat' dir='ltr'><strong>minus</strong></span> <span class='ocrx_word' id='word_1_389' title='bbox 2078 2441 2382 2495; x_wconf 85' lang='lat' dir='ltr'><strong>substantia</strong></span> <span class='ocrx_word' id='word_1_390' title='bbox 2437 2439 2662 2502; x_wconf 86' lang='lat' dir='ltr'><strong>dicitur,</strong></span> <span class='ocrx_word' id='word_1_391' title='bbox 2707 2438 2836 2508; x_wconf 89' lang='lat' dir='ltr'><strong>quin</strong></span> <span class='ocrx_word' id='word_1_392' title='bbox 2891 2439 3000 2492; x_wconf 91' lang='lat' dir='ltr'><strong>imo</strong></span> <span class='ocrx_word' id='word_1_393' title='bbox 3060 2442 3238 2508; x_wconf 84' lang='lat' dir='ltr'><strong>potius</strong></span> <span class='ocrx_word' id='word_1_394' title='bbox 3293 2445 3428 2496; x_wconf 84' lang='lat' dir='ltr'><strong>sub-</strong></span> 
     </span>
    </p>
   </div>
   <div class='ocr_carea' id='block_1_55' title="bbox 1853 2528 3428 2599">
    <p class='ocr_par' dir='ltr' id='par_1_55' title="bbox 1853 2528 3428 2599">
     <span class='ocr_line' id='line_1_55' title="bbox 1853 2528 3428 2599; baseline -0.002 -12"><span class='ocrx_word' id='word_1_395' title='bbox 1853 2531 2115 2588; x_wconf 84' lang='lat' dir='ltr'><strong>stantiale</strong></span> <span class='ocrx_word' id='word_1_396' title='bbox 2167 2530 2394 2598; x_wconf 91' lang='lat' dir='ltr'><strong>aliquid,</strong></span> <span class='ocrx_word' id='word_1_397' title='bbox 2436 2537 2490 2582; x_wconf 91' lang='lat' dir='ltr'><strong>et</strong></span> <span class='ocrx_word' id='word_1_398' title='bbox 2539 2543 2644 2581; x_wconf 89' lang='lat' dir='ltr'><strong>non</strong></span> <span class='ocrx_word' id='word_1_399' title='bbox 2695 2528 3025 2582; x_wconf 83' lang='lat' dir='ltr'><strong>substantia.</strong></span> <span class='ocrx_word' id='word_1_400' title='bbox 3078 2529 3428 2599; x_wconf 78' lang='lat' dir='ltr'><strong>Rursumque</strong></span> 
     </span>
    </p>
   </div>
   <div class='ocr_carea' id='block_1_56' title="bbox 1851 2624 3426 2696">
    <p class='ocr_par' dir='ltr' id='par_1_56' title="bbox 1851 2624 3426 2696">
     <span class='ocr_line' id='line_1_56' title="bbox 1851 2624 3426 2696; baseline -0.005 -13"><span class='ocrx_word' id='word_1_401' title='bbox 1851 2630 2013 2683; x_wconf 84' lang='lat' dir='ltr'><strong>etiam</strong></span> <span class='ocrx_word' id='word_1_402' title='bbox 2047 2625 2422 2696; x_wconf 88' lang='lat' dir='ltr'><strong>propriissime</strong></span> <span class='ocrx_word' id='word_1_403' title='bbox 2467 2633 2520 2678; x_wconf 89' lang='lat' dir='ltr'><strong>et</strong></span> <span class='ocrx_word' id='word_1_404' title='bbox 2555 2624 2732 2692; x_wconf 87' lang='lat' dir='ltr'><strong>primo</strong></span> <span class='ocrx_word' id='word_1_405' title='bbox 2764 2632 2817 2676; x_wconf 92' lang='lat' dir='ltr'><strong>et</strong></span> <span class='ocrx_word' id='word_1_406' title='bbox 2852 2624 3088 2676; x_wconf 81' lang='lat' dir='ltr'><strong>maxime</strong></span> <span class='ocrx_word' id='word_1_407' title='bbox 3122 2624 3426 2678; x_wconf 81' lang='lat' dir='ltr'><strong>substantia</strong></span> 
     </span>
    </p>
   </div>
   <div class='ocr_carea' id='block_1_57' title="bbox 1853 2716 3433 2787">
    <p class='ocr_par' dir='ltr' id='par_1_57' title="bbox 1853 2716 3433 2787">
     <span class='ocr_line' id='line_1_57' title="bbox 1853 2716 3433 2787; baseline -0.003 -14"><span class='ocrx_word' id='word_1_408' title='bbox 1853 2735 1882 2773; x_wconf 91' lang='lat' dir='ltr'><strong>a</strong></span> <span class='ocrx_word' id='word_1_409' title='bbox 1949 2720 2094 2774; x_wconf 83' lang='lat' dir='ltr'><strong>veris</strong></span> <span class='ocrx_word' id='word_1_410' title='bbox 2152 2716 2490 2787; x_wconf 90' lang='lat' dir='ltr'><strong>philosophis</strong></span> <span class='ocrx_word' id='word_1_411' title='bbox 2545 2716 2781 2770; x_wconf 85' lang='lat' dir='ltr'><strong>traditur</strong></span> <span class='ocrx_word' id='word_1_412' title='bbox 2849 2725 2902 2768; x_wconf 86' lang='lat' dir='ltr'><strong>et</strong></span> <span class='ocrx_word' id='word_1_413' title='bbox 2967 2716 3247 2768; x_wconf 86' lang='lat' dir='ltr'><strong>statuitur.</strong></span> <span class='ocrx_word' id='word_1_414' title='bbox 3303 2716 3433 2780; x_wconf 76' lang='lat' dir='ltr'><strong>Quae</strong></span> 
     </span>
    </p>
   </div>
   <div class='ocr_carea' id='block_1_58' title="bbox 1852 2810 3431 2881">
    <p class='ocr_par' dir='ltr' id='par_1_58' title="bbox 1852 2810 3431 2881">
     <span class='ocr_line' id='line_1_58' title="bbox 1852 2810 3431 2881; baseline -0.004 -12"><span class='ocrx_word' id='word_1_415' title='bbox 1852 2815 1994 2869; x_wconf 91' lang='lat' dir='ltr'><strong>enim</strong></span> <span class='ocrx_word' id='word_1_416' title='bbox 2025 2812 2245 2881; x_wconf 88' lang='lat' dir='ltr'><strong>quidem</strong></span> <span class='ocrx_word' id='word_1_417' title='bbox 2288 2813 2405 2865; x_wconf 90' lang='lat' dir='ltr'><strong>sine</strong></span> <span class='ocrx_word' id='word_1_418' title='bbox 2444 2810 2670 2863; x_wconf 88' lang='lat' dir='ltr'><strong>materia</strong></span> <span class='ocrx_word' id='word_1_419' title='bbox 2719 2810 3049 2875; x_wconf 83' lang='lat' dir='ltr'><strong>concipitur,</strong></span> <span class='ocrx_word' id='word_1_420' title='bbox 3089 2821 3346 2877; x_wconf 88' lang='lat' dir='ltr'><strong>tanquam</strong></span> <span class='ocrx_word' id='word_1_421' title='bbox 3381 2813 3431 2863; x_wconf 91' lang='lat' dir='ltr'><strong>in</strong></span> 
     </span>
    </p>
   </div>
   <div class='ocr_carea' id='block_1_59' title="bbox 1853 2902 3436 2973">
    <p class='ocr_par' dir='ltr' id='par_1_59' title="bbox 1853 2902 3436 2973">
     <span class='ocr_line' id='line_1_59' title="bbox 1853 2902 3436 2973; baseline -0.004 -12"><span class='ocrx_word' id='word_1_422' title='bbox 1853 2905 2119 2973; x_wconf 80' lang='lat' dir='ltr'><strong>subjecto,</strong></span> <span class='ocrx_word' id='word_1_423' title='bbox 2165 2903 2390 2958; x_wconf 86' lang='lat' dir='ltr'><strong>materia</strong></span> <span class='ocrx_word' id='word_1_424' title='bbox 2435 2904 2640 2955; x_wconf 85' lang='lat' dir='ltr'><strong>scilicet</strong></span> <span class='ocrx_word' id='word_1_425' title='bbox 2676 2902 3046 2956; x_wconf 81' lang='lat' dir='ltr'><strong>exsistentiam</strong></span> <span class='ocrx_word' id='word_1_426' title='bbox 3079 2903 3276 2956; x_wconf 81' lang='lat' dir='ltr'><strong>habere</strong></span> <span class='ocrx_word' id='word_1_427' title='bbox 3317 2918 3436 2970; x_wconf 91' lang='lat' dir='ltr'><strong>pos-</strong></span> 
     </span>
    </p>
   </div>
   <div class='ocr_carea' id='block_1_60' title="bbox 1853 2994 3435 3062">
    <p class='ocr_par' dir='ltr' id='par_1_60' title="bbox 1853 2994 3435 3062">
     <span class='ocr_line' id='line_1_60' title="bbox 1853 2994 3435 3062; baseline -0.003 -10"><span class='ocrx_word' id='word_1_428' title='bbox 1853 2999 1946 3062; x_wconf 87' lang='lat' dir='ltr'><strong>sit,</strong></span> <span class='ocrx_word' id='word_1_429' title='bbox 2003 2996 2200 3051; x_wconf 89' lang='lat' dir='ltr'><strong>merito</strong></span> <span class='ocrx_word' id='word_1_430' title='bbox 2253 2994 2554 3048; x_wconf 84' lang='lat' dir='ltr'><strong>substantia</strong></span> <span class='ocrx_word' id='word_1_431' title='bbox 2616 2994 2828 3061; x_wconf 84' lang='lat' dir='ltr'><strong>proprie</strong></span> <span class='ocrx_word' id='word_1_432' title='bbox 2876 3009 2984 3047; x_wconf 89' lang='lat' dir='ltr'><strong>non</strong></span> <span class='ocrx_word' id='word_1_433' title='bbox 3037 2994 3251 3047; x_wconf 89' lang='lat' dir='ltr'><strong>dicitur.</strong></span> <span class='ocrx_word' id='word_1_434' title='bbox 3307 2995 3435 3058; x_wconf 66' lang='lat' dir='ltr'><strong>Quae</strong></span> 
     </span>
    </p>
   </div>
   <div class='ocr_carea' id='block_1_61' title="bbox 1854 3087 3436 3148">
    <p class='ocr_par' dir='ltr' id='par_1_61' title="bbox 1854 3087 3436 3148">
     <span class='ocr_line' id='line_1_61' title="bbox 1854 3087 3436 3148; baseline -0.003 -4"><span class='ocrx_word' id='word_1_435' title='bbox 1854 3101 2035 3144; x_wconf 90' lang='lat' dir='ltr'><strong>autem</strong></span> <span class='ocrx_word' id='word_1_436' title='bbox 2065 3105 2190 3144; x_wconf 89' lang='lat' dir='ltr'><strong>cum</strong></span> <span class='ocrx_word' id='word_1_437' title='bbox 2232 3087 2458 3140; x_wconf 88' lang='lat' dir='ltr'><strong>materia</strong></span> <span class='ocrx_word' id='word_1_438' title='bbox 2491 3098 2610 3138; x_wconf 89' lang='lat' dir='ltr'><strong>actu</strong></span> <span class='ocrx_word' id='word_1_439' title='bbox 2641 3094 2742 3148; x_wconf 83' lang='lat' dir='ltr'><strong>est,</strong></span> <span class='ocrx_word' id='word_1_440' title='bbox 2775 3097 2828 3139; x_wconf 89' lang='lat' dir='ltr'><strong>et</strong></span> <span class='ocrx_word' id='word_1_441' title='bbox 2863 3101 2987 3139; x_wconf 91' lang='lat' dir='ltr'><strong>cum</strong></span> <span class='ocrx_word' id='word_1_442' title='bbox 3012 3101 3074 3139; x_wconf 87' lang='lat' dir='ltr'><strong>ea</strong></span> <span class='ocrx_word' id='word_1_443' title='bbox 3105 3102 3271 3140; x_wconf 93' lang='lat' dir='ltr'><strong>unum</strong></span> <span class='ocrx_word' id='word_1_444' title='bbox 3310 3088 3436 3140; x_wconf 90' lang='lat' dir='ltr'><strong>sub-</strong></span> 
     </span>
    </p>
   </div>
   <div class='ocr_carea' id='block_1_62' title="bbox 184 3177 1761 3256">
    <p class='ocr_par' dir='ltr' id='par_1_62' title="bbox 184 3180 1750 3256">
     <span class='ocr_line' id='line_1_62' title="bbox 184 3180 1750 3256; baseline -0.004 -17"><span class='ocrx_word' id='word_1_445' title='bbox 184 3204 281 3256; x_wconf 91' lang='grc' dir='ltr'><strong>ρου</strong></span> <span class='ocrx_word' id='word_1_446' title='bbox 316 3185 425 3238; x_wconf 83' lang='grc' dir='ltr'><strong>τῶν</strong></span> <span class='ocrx_word' id='word_1_447' title='bbox 463 3184 822 3236; x_wconf 80' lang='grc' dir='ltr'>συνελθόντων</span> <span class='ocrx_word' id='word_1_448' title='bbox 849 3183 928 3244; x_wconf 86' lang='grc' dir='ltr'><strong>είς</strong></span> <span class='ocrx_word' id='word_1_449' title='bbox 975 3182 1067 3234; x_wconf 79' lang='grc' dir='ltr'>τὸν</span> <span class='ocrx_word' id='word_1_450' title='bbox 1112 3181 1204 3233; x_wconf 82' lang='grc' dir='ltr'>τοῦ</span> <span class='ocrx_word' id='word_1_451' title='bbox 1249 3180 1508 3232; x_wconf 83' lang='grc' dir='ltr'>συνθέτου</span> <span class='ocrx_word' id='word_1_452' title='bbox 1571 3182 1750 3249; x_wconf 79' lang='grc' dir='ltr'>ἀπαρ-</span> 
     </span>
    </p>
   </div>
   <div class='ocr_carea' id='block_1_63' title="bbox 1847 3177 3422 3256">
    <p class='ocr_par' dir='ltr' id='par_1_63' title="bbox 1852 3177 3422 3251">
     <span class='ocr_line' id='line_1_63' title="bbox 1852 3177 3422 3251; baseline -0.006 -16"><span class='ocrx_word' id='word_1_453' title='bbox 1852 3182 2056 3251; x_wconf 86' lang='lat' dir='ltr'><strong>jectum</strong></span> <span class='ocrx_word' id='word_1_454' title='bbox 2095 3179 2430 3234; x_wconf 90' lang='lat' dir='ltr'><strong>nominatur.</strong></span> <span class='ocrx_word' id='word_1_455' title='bbox 2466 3185 2726 3244; x_wconf 88' lang='lat' dir='ltr'><strong>tanquam</strong></span> <span class='ocrx_word' id='word_1_456' title='bbox 2784 3194 2877 3244; x_wconf 89' lang='lat' dir='ltr'><strong>per</strong></span> <span class='ocrx_word' id='word_1_457' title='bbox 2914 3177 3295 3246; x_wconf 77' lang='lat' dir='ltr'><strong>synecdochen</strong></span> <span class='ocrx_word' id='word_1_458' title='bbox 3355 3181 3422 3231; x_wconf 77' lang='lat' dir='ltr'><strong>ab</strong></span> 
     </span>
    </p>
   </div>
   <div class='ocr_carea' id='block_1_64' title="bbox 173 3271 1757 3345">
    <p class='ocr_par' dir='ltr' id='par_1_64' title="bbox 173 3271 1757 3345">
     <span class='ocr_line' id='line_1_64' title="bbox 173 3271 1757 3345; baseline -0.004 -17"><span class='ocrx_word' id='word_1_459' title='bbox 173 3277 379 3345; x_wconf 73' lang='grc' dir='ltr'>τισμὸν</span> <span class='ocrx_word' id='word_1_460' title='bbox 396 3275 940 3345; x_wconf 79' lang='grc' dir='ltr'>προσαγορευομένου</span> <span class='ocrx_word' id='word_1_461' title='bbox 961 3273 1054 3325; x_wconf 84' lang='grc' dir='ltr'>τοῦ</span> <span class='ocrx_word' id='word_1_462' title='bbox 1079 3273 1412 3340; x_wconf 82' lang='grc' dir='ltr'>σύμπαντος,</span> <span class='ocrx_word' id='word_1_463' title='bbox 1435 3272 1496 3324; x_wconf 82' lang='grc' dir='ltr'>τὸ</span> <span class='ocrx_word' id='word_1_464' title='bbox 1517 3271 1757 3323; x_wconf 79' lang='grc' dir='ltr'>τοιοῦτον</span> 
     </span>
    </p>
   </div>
   <div class='ocr_carea' id='block_1_65' title="bbox 182 3363 1758 3433">
    <p class='ocr_par' dir='ltr' id='par_1_65' title="bbox 182 3363 1758 3433">
     <span class='ocr_line' id='line_1_65' title="bbox 182 3363 1758 3433; baseline -0.004 -11"><span class='ocrx_word' id='word_1_465' title='bbox 182 3366 324 3430; x_wconf 70' lang='grc' dir='ltr'>εἶδος</span> <span class='ocrx_word' id='word_1_466' title='bbox 359 3368 580 3428; x_wconf 79' lang='grc' dir='ltr'><strong>δικαίως</strong></span> <span class='ocrx_word' id='word_1_467' title='bbox 614 3366 680 3419; x_wconf 82' lang='grc' dir='ltr'>ἂν</span> <span class='ocrx_word' id='word_1_468' title='bbox 713 3366 870 3418; x_wconf 84' lang='grc' dir='ltr'>οὐσία</span> <span class='ocrx_word' id='word_1_469' title='bbox 922 3363 1240 3433; x_wconf 84' lang='grc' dir='ltr'>κυριώτατά</span> <span class='ocrx_word' id='word_1_470' title='bbox 1288 3381 1348 3416; x_wconf 81' lang='grc' dir='ltr'><strong>τε</strong></span> <span class='ocrx_word' id='word_1_471' title='bbox 1392 3364 1486 3416; x_wconf 79' lang='grc' dir='ltr'>καὶ</span> <span class='ocrx_word' id='word_1_472' title='bbox 1526 3363 1758 3432; x_wconf 82' lang='grc' dir='ltr'>πρώτως</span> 
     </span>
    </p>
   </div>
   <div class='ocr_carea' id='block_1_66' title="bbox 185 3453 1758 3524">
    <p class='ocr_par' dir='ltr' id='par_1_66' title="bbox 185 3453 1758 3524">
     <span class='ocr_line' id='line_1_66' title="bbox 185 3453 1758 3524; baseline -0.003 -14"><span class='ocrx_word' id='word_1_473' title='bbox 185 3460 281 3511; x_wconf 77' lang='grc' dir='ltr'>καὶ</span> <span class='ocrx_word' id='word_1_474' title='bbox 317 3455 555 3524; x_wconf 83' lang='grc' dir='ltr'>μάλιστα</span> <span class='ocrx_word' id='word_1_475' title='bbox 607 3455 841 3522; x_wconf 82' lang='grc' dir='ltr'>λέγοιτο.</span> <span class='ocrx_word' id='word_1_476' title='bbox 876 3453 1046 3506; x_wconf 83' lang='grc' dir='ltr'>Τοῦτο</span> <span class='ocrx_word' id='word_1_477' title='bbox 1079 3454 1136 3506; x_wconf 73' lang='grc' dir='ltr'><strong>δέ</strong></span> <span class='ocrx_word' id='word_1_478' title='bbox 1165 3455 1282 3506; x_wconf 82' lang='grc' dir='ltr'>ἐστι</span> <span class='ocrx_word' id='word_1_479' title='bbox 1319 3454 1379 3507; x_wconf 76' lang='grc' dir='ltr'><strong>τὸ</strong></span> <span class='ocrx_word' id='word_1_480' title='bbox 1408 3454 1758 3507; x_wconf 80' lang='grc' dir='ltr'>εἰδικώτατον</span> 
     </span>
    </p>
   </div>
   <div class='ocr_carea' id='block_1_67' title="bbox 185 3547 1757 3617">
    <p class='ocr_par' dir='ltr' id='par_1_67' title="bbox 185 3547 1757 3617">
     <span class='ocr_line' id='line_1_67' title="bbox 185 3547 1757 3617; baseline -0.003 -14"><span class='ocrx_word' id='word_1_481' title='bbox 185 3550 377 3603; x_wconf 80' lang='grc' dir='ltr'>πασῶν</span> <span class='ocrx_word' id='word_1_482' title='bbox 405 3549 513 3601; x_wconf 86' lang='grc' dir='ltr'>τῶν</span> <span class='ocrx_word' id='word_1_483' title='bbox 567 3550 661 3600; x_wconf 78' lang='grc' dir='ltr'>ἐπὶ</span> <span class='ocrx_word' id='word_1_484' title='bbox 720 3547 920 3617; x_wconf 72' lang='grc' dir='ltr'>μέρους</span> <span class='ocrx_word' id='word_1_485' title='bbox 975 3547 1174 3600; x_wconf 80' lang='grc' dir='ltr'>οὐσιῶν</span> <span class='ocrx_word' id='word_1_486' title='bbox 1222 3548 1622 3617; x_wconf 66' lang='grc' dir='ltr'>περιληπτικόν</span> <span class='ocrx_word' id='word_1_487' title='bbox 1661 3547 1757 3600; x_wconf 69' lang='grc' dir='ltr'>καὶ</span> 
     </span>
    </p>
   </div>
   <div class='ocr_carea' id='block_1_68' title="bbox 187 3639 1756 3713">
    <p class='ocr_par' dir='ltr' id='par_1_68' title="bbox 187 3639 1756 3713">
     <span class='ocr_line' id='line_1_68' title="bbox 187 3639 1756 3713; baseline -0.003 -16"><span class='ocrx_word' id='word_1_488' title='bbox 187 3641 558 3713; x_wconf 76' lang='grc' dir='ltr'>συλληπτικὸν</span> <span class='ocrx_word' id='word_1_489' title='bbox 620 3643 712 3696; x_wconf 77' lang='grc' dir='ltr'>καὶ</span> <span class='ocrx_word' id='word_1_490' title='bbox 770 3641 929 3709; x_wconf 83' lang='grc' dir='ltr'>λόγον</span> <span class='ocrx_word' id='word_1_491' title='bbox 980 3641 1103 3710; x_wconf 77' lang='grc' dir='ltr'>ἔχον</span> <span class='ocrx_word' id='word_1_492' title='bbox 1149 3639 1284 3706; x_wconf 77' lang='grc' dir='ltr'>πρὸς</span> <span class='ocrx_word' id='word_1_493' title='bbox 1337 3639 1546 3705; x_wconf 84' lang='grc' dir='ltr'>αὐτὰς,</span> <span class='ocrx_word' id='word_1_494' title='bbox 1605 3639 1665 3692; x_wconf 86' lang='grc' dir='ltr'><strong>δν</strong></span> <span class='ocrx_word' id='word_1_495' title='bbox 1723 3640 1756 3709; x_wconf 78' lang='grc' dir='ltr'>ἡ</span> 
     </span>
    </p>
   </div>
   <div class='ocr_carea' id='block_1_69' title="bbox 176 3727 1761 3804">
    <p class='ocr_par' dir='ltr' id='par_1_69' title="bbox 176 3727 1761 3804">
     <span class='ocr_line' id='line_1_69' title="bbox 176 3727 1761 3804; baseline -0.004 -18"><span class='ocrx_word' id='word_1_496' title='bbox 176 3735 377 3803; x_wconf 61' lang='grc' dir='ltr'>ὀλότης</span> <span class='ocrx_word' id='word_1_497' title='bbox 417 3733 552 3804; x_wconf 86' lang='grc' dir='ltr'>πρὸς</span> <span class='ocrx_word' id='word_1_498' title='bbox 598 3733 697 3794; x_wconf 79' lang='grc' dir='ltr'><strong>τάς</strong></span> <span class='ocrx_word' id='word_1_499' title='bbox 730 3730 1110 3800; x_wconf 82' lang='grc' dir='ltr'>ὁμοιομερείας</span> <span class='ocrx_word' id='word_1_500' title='bbox 1143 3729 1331 3797; x_wconf 85' lang='grc' dir='ltr'>αὐτῆς.</span> <span class='ocrx_word' id='word_1_501' title='bbox 1365 3729 1524 3782; x_wconf 83' lang='grc' dir='ltr'>Οὕτω</span> <span class='ocrx_word' id='word_1_502' title='bbox 1572 3728 1636 3798; x_wconf 82' lang='grc' dir='ltr'>δὴ</span> <span class='ocrx_word' id='word_1_503' title='bbox 1666 3727 1761 3781; x_wconf 78' lang='grc' dir='ltr'>καὶ</span> 
     </span>
    </p>
   </div>
   <div class='ocr_carea' id='block_1_70' title="bbox 189 3822 1771 3892">
    <p class='ocr_par' dir='ltr' id='par_1_70' title="bbox 189 3822 1771 3892">
     <span class='ocr_line' id='line_1_70' title="bbox 189 3822 1771 3892; baseline -0.003 -10"><span class='ocrx_word' id='word_1_504' title='bbox 189 3829 421 3884; x_wconf 83' lang='grc' dir='ltr'>Πλάτων</span> <span class='ocrx_word' id='word_1_505' title='bbox 477 3827 598 3889; x_wconf 79' lang='grc' dir='ltr'>τοὺς</span> <span class='ocrx_word' id='word_1_506' title='bbox 651 3825 792 3876; x_wconf 78' lang='grc' dir='ltr'>κατὰ</span> <span class='ocrx_word' id='word_1_507' title='bbox 846 3825 1012 3892; x_wconf 79' lang='grc' dir='ltr'>μέρος</span> <span class='ocrx_word' id='word_1_508' title='bbox 1070 3823 1392 3892; x_wconf 81' lang='grc' dir='ltr'>ἀνθρώπους</span> <span class='ocrx_word' id='word_1_509' title='bbox 1461 3822 1771 3892; x_wconf 83' lang='grc' dir='ltr'>ἀνθρώπου·</span> 
     </span>
    </p>
   </div>
   <div class='ocr_carea' id='block_1_71' title="bbox 179 3919 946 3991">
    <p class='ocr_par' dir='ltr' id='par_1_71' title="bbox 179 3919 946 3991">
     <span class='ocr_line' id='line_1_71' title="bbox 179 3919 946 3991; baseline -0.004 -17"><span class='ocrx_word' id='word_1_510' title='bbox 179 3922 446 3991; x_wconf 65' lang='grc' dir='ltr'>κέρματα</span> <span class='ocrx_word' id='word_1_511' title='bbox 478 3919 946 3989; x_wconf 82' lang='grc' dir='ltr'>προσηγόρευσεν.</span> 
     </span>
    </p>
   </div>
   <div class='ocr_carea' id='block_1_72' title="bbox 251 4101 1760 4174">
    <p class='ocr_par' dir='ltr' id='par_1_72' title="bbox 251 4101 1760 4174">
     <span class='ocr_line' id='line_1_72' title="bbox 251 4101 1760 4174; baseline 0 -17"><span class='ocrx_word' id='word_1_512' title='bbox 251 4103 368 4174; x_wconf 65' lang='grc' dir='ltr'><strong>ιβ’.</strong></span> <span class='ocrx_word' id='word_1_513' title='bbox 427 4103 619 4157; x_wconf 83' lang='grc' dir='ltr'>Οὺσῶν</span> <span class='ocrx_word' id='word_1_514' title='bbox 666 4103 721 4157; x_wconf 86' lang='grc' dir='ltr'><strong>δέ</strong></span> <span class='ocrx_word' id='word_1_515' title='bbox 743 4101 1026 4174; x_wconf 79' lang='grc' dir='ltr'>τεσσάρων</span> <span class='ocrx_word' id='word_1_516' title='bbox 1074 4103 1372 4173; x_wconf 82' lang='grc' dir='ltr'>ποιοτήτων</span> <span class='ocrx_word' id='word_1_517' title='bbox 1430 4103 1760 4170; x_wconf 84' lang='grc' dir='ltr'>καθολικῶν,</span> 
     </span>
    </p>
   </div>
   <div class='ocr_carea' id='block_1_73' title="bbox 189 4196 1764 4266">
    <p class='ocr_par' dir='ltr' id='par_1_73' title="bbox 189 4196 1764 4266">
     <span class='ocr_line' id='line_1_73' title="bbox 189 4196 1764 4266; baseline -0.001 -14"><span class='ocrx_word' id='word_1_518' title='bbox 189 4200 418 4261; x_wconf 64' lang='grc' dir='ltr'>εἰκότως</span> <span class='ocrx_word' id='word_1_519' title='bbox 448 4199 543 4251; x_wconf 75' lang='grc' dir='ltr'>καὶ</span> <span class='ocrx_word' id='word_1_520' title='bbox 585 4196 656 4249; x_wconf 79' lang='grc' dir='ltr'>τὰ</span> <span class='ocrx_word' id='word_1_521' title='bbox 687 4198 926 4266; x_wconf 82' lang='grc' dir='ltr'>στοιχεῖα</span> <span class='ocrx_word' id='word_1_522' title='bbox 947 4196 1190 4266; x_wconf 81' lang='grc' dir='ltr'>τέσσαρα</span> <span class='ocrx_word' id='word_1_523' title='bbox 1210 4198 1425 4265; x_wconf 80' lang='grc' dir='ltr'>γέγονε,</span> <span class='ocrx_word' id='word_1_524' title='bbox 1452 4198 1546 4250; x_wconf 74' lang='grc' dir='ltr'>καὶ</span> <span class='ocrx_word' id='word_1_525' title='bbox 1578 4197 1764 4262; x_wconf 82' lang='grc' dir='ltr'>διττὰς</span> 
     </span>
    </p>
   </div>
   <div class='ocr_carea' id='block_1_74' title="bbox 189 4290 1764 4361">
    <p class='ocr_par' dir='ltr' id='par_1_74' title="bbox 189 4290 1764 4361">
     <span class='ocr_line' id='line_1_74' title="bbox 189 4290 1764 4361; baseline -0.001 -16"><span class='ocrx_word' id='word_1_526' title='bbox 189 4292 248 4345; x_wconf 75' lang='grc' dir='ltr'><strong>ἐν</strong></span> <span class='ocrx_word' id='word_1_527' title='bbox 298 4293 534 4346; x_wconf 71' lang='grc' dir='ltr'>ἕκαστον</span> <span class='ocrx_word' id='word_1_528' title='bbox 583 4291 765 4344; x_wconf 83' lang='grc' dir='ltr'>αὐτῶν</span> <span class='ocrx_word' id='word_1_529' title='bbox 814 4291 1106 4358; x_wconf 86' lang='grc' dir='ltr'>ποιότητας</span> <span class='ocrx_word' id='word_1_530' title='bbox 1150 4290 1524 4361; x_wconf 69' lang='grc' dir='ltr'>ἐκληρώσατο.</span> <span class='ocrx_word' id='word_1_531' title='bbox 1570 4292 1764 4355; x_wconf 89' lang='grc' dir='ltr'>Μόνως</span> 
     </span>
    </p>
   </div>
   <div class='ocr_carea' id='block_1_75' title="bbox 191 4380 1756 4452">
    <p class='ocr_par' dir='ltr' id='par_1_75' title="bbox 191 4380 1756 4452">
     <span class='ocr_line' id='line_1_75' title="bbox 191 4380 1756 4452; baseline -0.003 -15"><span class='ocrx_word' id='word_1_532' title='bbox 191 4385 300 4452; x_wconf 74' lang='grc' dir='ltr'><strong>γὰρ</strong></span> <span class='ocrx_word' id='word_1_533' title='bbox 329 4382 501 4445; x_wconf 86' lang='grc' dir='ltr'>οὕτως</span> <span class='ocrx_word' id='word_1_534' title='bbox 522 4385 634 4445; x_wconf 87' lang='grc' dir='ltr'>τοῖς</span> <span class='ocrx_word' id='word_1_535' title='bbox 666 4381 951 4449; x_wconf 82' lang='grc' dir='ltr'>στοιχείοις</span> <span class='ocrx_word' id='word_1_536' title='bbox 984 4380 1298 4450; x_wconf 72' lang='grc' dir='ltr'>ἐναντιότης</span> <span class='ocrx_word' id='word_1_537' title='bbox 1345 4398 1404 4433; x_wconf 88' lang='grc' dir='ltr'><strong>τε</strong></span> <span class='ocrx_word' id='word_1_538' title='bbox 1434 4382 1527 4434; x_wconf 76' lang='grc' dir='ltr'>καὶ</span> <span class='ocrx_word' id='word_1_539' title='bbox 1560 4383 1756 4449; x_wconf 79' lang='grc' dir='ltr'><strong>συγγέ-</strong></span> 
     </span>
    </p>
   </div>
   <div class='ocr_carea' id='block_1_76' title="bbox 191 4471 1762 4543">
    <p class='ocr_par' dir='ltr' id='par_1_76' title="bbox 191 4471 1762 4543">
     <span class='ocr_line' id='line_1_76' title="bbox 191 4471 1762 4543; baseline -0.003 -16"><span class='ocrx_word' id='word_1_540' title='bbox 191 4492 308 4527; x_wconf 80' lang='grc' dir='ltr'>νεια</span> <span class='ocrx_word' id='word_1_541' title='bbox 357 4475 658 4543; x_wconf 84' lang='grc' dir='ltr'>πρόσεστι·</span> <span class='ocrx_word' id='word_1_542' title='bbox 715 4471 781 4525; x_wconf 87' lang='grc' dir='ltr'><strong>δι’</strong></span> <span class='ocrx_word' id='word_1_543' title='bbox 831 4473 898 4535; x_wconf 78' lang='grc' dir='ltr'><strong>ἃς</strong></span> <span class='ocrx_word' id='word_1_544' title='bbox 946 4472 1161 4539; x_wconf 80' lang='grc' dir='ltr'>γένεσις</span> <span class='ocrx_word' id='word_1_545' title='bbox 1206 4473 1299 4525; x_wconf 79' lang='grc' dir='ltr'>καὶ</span> <span class='ocrx_word' id='word_1_546' title='bbox 1354 4471 1532 4540; x_wconf 79' lang='grc' dir='ltr'>φθορά</span> <span class='ocrx_word' id='word_1_547' title='bbox 1586 4474 1676 4524; x_wconf 82' lang='grc' dir='ltr'>καὶ</span> <span class='ocrx_word' id='word_1_548' title='bbox 1730 4471 1762 4538; x_wconf 80' lang='grc' dir='ltr'><strong>ἡ</strong></span> 
     </span>
    </p>
   </div>
   <div class='ocr_carea' id='block_1_77' title="bbox 190 4564 1764 4638">
    <p class='ocr_par' dir='ltr' id='par_1_77' title="bbox 190 4564 1764 4638">
     <span class='ocr_line' id='line_1_77' title="bbox 190 4564 1764 4638; baseline -0.003 -16"><span class='ocrx_word' id='word_1_549' title='bbox 190 4567 425 4638; x_wconf 75' lang='grc' dir='ltr'>διαμονὴ</span> <span class='ocrx_word' id='word_1_550' title='bbox 459 4567 552 4620; x_wconf 83' lang='grc' dir='ltr'>τοῦ</span> <span class='ocrx_word' id='word_1_551' title='bbox 610 4566 831 4629; x_wconf 89' lang='grc' dir='ltr'>παντός.</span> <span class='ocrx_word' id='word_1_552' title='bbox 868 4567 966 4618; x_wconf 81' lang='grc' dir='ltr'>Διὰ</span> <span class='ocrx_word' id='word_1_553' title='bbox 1001 4567 1100 4636; x_wconf 80' lang='grc' dir='ltr'>μὲν</span> <span class='ocrx_word' id='word_1_554' title='bbox 1139 4565 1249 4634; x_wconf 82' lang='grc' dir='ltr'>γὰρ</span> <span class='ocrx_word' id='word_1_555' title='bbox 1292 4567 1390 4635; x_wconf 80' lang='grc' dir='ltr'><strong>τὴν</strong></span> <span class='ocrx_word' id='word_1_556' title='bbox 1447 4564 1764 4619; x_wconf 87' lang='grc' dir='ltr'>ἐναντίωσιν</span> 
     </span>
    </p>
   </div>
   <div class='ocr_carea' id='block_1_78' title="bbox 193 4655 1764 4726">
    <p class='ocr_par' dir='ltr' id='par_1_78' title="bbox 193 4655 1764 4726">
     <span class='ocr_line' id='line_1_78' title="bbox 193 4655 1764 4726; baseline -0.001 -16"><span class='ocrx_word' id='word_1_557' title='bbox 193 4659 525 4713; x_wconf 77' lang='grc' dir='ltr'>ἐπιτελεῖται</span> <span class='ocrx_word' id='word_1_558' title='bbox 551 4657 764 4724; x_wconf 81' lang='grc' dir='ltr'>γένεσις</span> <span class='ocrx_word' id='word_1_559' title='bbox 802 4659 898 4709; x_wconf 77' lang='grc' dir='ltr'>καὶ</span> <span class='ocrx_word' id='word_1_560' title='bbox 932 4655 1144 4724; x_wconf 81' lang='grc' dir='ltr'>φθορά·</span> <span class='ocrx_word' id='word_1_561' title='bbox 1193 4657 1342 4710; x_wconf 80' lang='grc' dir='ltr'>πᾶσα</span> <span class='ocrx_word' id='word_1_562' title='bbox 1400 4658 1507 4726; x_wconf 80' lang='grc' dir='ltr'><strong>γάρ</strong></span> <span class='ocrx_word' id='word_1_563' title='bbox 1554 4657 1764 4723; x_wconf 83' lang='grc' dir='ltr'>γένεσις</span> 
     </span>
    </p>
   </div>
   <div class='ocr_carea' id='block_1_79' title="bbox 194 4748 1768 4819">
    <p class='ocr_par' dir='ltr' id='par_1_79' title="bbox 194 4748 1768 4819">
     <span class='ocr_line' id='line_1_79' title="bbox 194 4748 1768 4819; baseline -0.001 -15"><span class='ocrx_word' id='word_1_564' title='bbox 194 4754 258 4806; x_wconf 80' lang='grc' dir='ltr'><strong>ἐκ</strong></span> <span class='ocrx_word' id='word_1_565' title='bbox 291 4751 386 4805; x_wconf 79' lang='grc' dir='ltr'><strong>τοῦ</strong></span> <span class='ocrx_word' id='word_1_566' title='bbox 419 4752 665 4805; x_wconf 78' lang='grc' dir='ltr'>ἐναντίου</span> <span class='ocrx_word' id='word_1_567' title='bbox 705 4750 809 4803; x_wconf 81' lang='grc' dir='ltr'><strong>ὑπὸ</strong></span> <span class='ocrx_word' id='word_1_568' title='bbox 842 4751 937 4802; x_wconf 82' lang='grc' dir='ltr'>τοῦ</span> <span class='ocrx_word' id='word_1_569' title='bbox 965 4748 1207 4801; x_wconf 89' lang='grc' dir='ltr'>ἐναντίου</span> <span class='ocrx_word' id='word_1_570' title='bbox 1230 4765 1244 4779; x_wconf 87' lang='grc'><strong>·</strong></span> <span class='ocrx_word' id='word_1_571' title='bbox 1286 4751 1381 4802; x_wconf 74' lang='grc' dir='ltr'>καὶ</span> <span class='ocrx_word' id='word_1_572' title='bbox 1409 4750 1558 4802; x_wconf 73' lang='grc' dir='ltr'>πᾶσα</span> <span class='ocrx_word' id='word_1_573' title='bbox 1591 4750 1768 4819; x_wconf 85' lang='grc' dir='ltr'>φθορὰ</span> 
     </span>
    </p>
   </div>
   <div class='ocr_carea' id='block_1_80' title="bbox 193 4840 1766 4910">
    <p class='ocr_par' dir='ltr' id='par_1_80' title="bbox 193 4840 1766 4910">
     <span class='ocr_line' id='line_1_80' title="bbox 193 4840 1766 4910; baseline -0.002 -14"><span class='ocrx_word' id='word_1_574' title='bbox 193 4848 268 4910; x_wconf 88' lang='grc' dir='ltr'><strong>είς</strong></span> <span class='ocrx_word' id='word_1_575' title='bbox 297 4845 612 4897; x_wconf 81' lang='grc' dir='ltr'>τούναντίον</span> <span class='ocrx_word' id='word_1_576' title='bbox 635 4841 739 4895; x_wconf 81' lang='grc' dir='ltr'><strong>ὑπὸ</strong></span> <span class='ocrx_word' id='word_1_577' title='bbox 770 4840 863 4894; x_wconf 84' lang='grc' dir='ltr'>τοῦ</span> <span class='ocrx_word' id='word_1_578' title='bbox 892 4841 1132 4897; x_wconf 87' lang='grc' dir='ltr'>ἐναντίου</span> <span class='ocrx_word' id='word_1_579' title='bbox 1181 4841 1359 4894; x_wconf 81' lang='grc' dir='ltr'>πάλιν.</span> <span class='ocrx_word' id='word_1_580' title='bbox 1384 4842 1496 4910; x_wconf 83' lang='grc' dir='ltr'><strong>Οὐχ</strong></span> <span class='ocrx_word' id='word_1_581' title='bbox 1541 4843 1643 4895; x_wconf 81' lang='grc' dir='ltr'><strong>ὑπὸ</strong></span> <span class='ocrx_word' id='word_1_582' title='bbox 1675 4841 1766 4895; x_wconf 77' lang='grc' dir='ltr'><strong>τοῦ</strong></span> 
     </span>
    </p>
   </div>
   <div class='ocr_carea' id='block_1_81' title="bbox 191 4930 1770 5006">
    <p class='ocr_par' dir='ltr' id='par_1_81' title="bbox 191 4930 1770 5006">
     <span class='ocr_line' id='line_1_81' title="bbox 191 4930 1770 5006; baseline -0.003 -17"><span class='ocrx_word' id='word_1_583' title='bbox 191 4938 449 5006; x_wconf 82' lang='grc' dir='ltr'>τυχόντος</span> <span class='ocrx_word' id='word_1_584' title='bbox 484 4936 591 5004; x_wconf 82' lang='grc' dir='ltr'><strong>γὰρ</strong></span> <span class='ocrx_word' id='word_1_585' title='bbox 623 4935 821 5003; x_wconf 81' lang='grc' dir='ltr'>πάσχει</span> <span class='ocrx_word' id='word_1_586' title='bbox 853 4933 912 4986; x_wconf 82' lang='grc' dir='ltr'>τὸ</span> <span class='ocrx_word' id='word_1_587' title='bbox 943 4933 1173 5003; x_wconf 83' lang='grc' dir='ltr'>πάσχον,</span> <span class='ocrx_word' id='word_1_588' title='bbox 1207 4930 1320 4984; x_wconf 77' lang='grc' dir='ltr'>ἀλλ’</span> <span class='ocrx_word' id='word_1_589' title='bbox 1368 4931 1473 4982; x_wconf 73' lang='grc' dir='ltr'><strong>ὑπὸ</strong></span> <span class='ocrx_word' id='word_1_590' title='bbox 1500 4932 1593 4984; x_wconf 83' lang='grc' dir='ltr'>τοῦ</span> <span class='ocrx_word' id='word_1_591' title='bbox 1620 4934 1770 4985; x_wconf 74' lang='grc' dir='ltr'>ἐναν-</span> 
     </span>
    </p>
   </div>
   <div class='ocr_carea' id='block_1_82' title="bbox 191 5025 1767 5097">
    <p class='ocr_par' dir='ltr' id='par_1_82' title="bbox 191 5025 1767 5097">
     <span class='ocr_line' id='line_1_82' title="bbox 191 5025 1767 5097; baseline -0.001 -16"><span class='ocrx_word' id='word_1_592' title='bbox 191 5031 307 5084; x_wconf 80' lang='grc' dir='ltr'>τίου</span> <span class='ocrx_word' id='word_1_593' title='bbox 335 5045 350 5059; x_wconf 84' lang='lat'><strong><em>°</em></strong></span> <span class='ocrx_word' id='word_1_594' title='bbox 385 5025 506 5082; x_wconf 57' lang='grc' dir='ltr'>οἷον</span> <span class='ocrx_word' id='word_1_595' title='bbox 538 5027 599 5080; x_wconf 79' lang='grc' dir='ltr'>τὸ</span> <span class='ocrx_word' id='word_1_596' title='bbox 627 5027 836 5096; x_wconf 78' lang='grc' dir='ltr'>ψυχρὸν</span> <span class='ocrx_word' id='word_1_597' title='bbox 885 5027 993 5078; x_wconf 81' lang='grc' dir='ltr'><strong>ὑπὸ</strong></span> <span class='ocrx_word' id='word_1_598' title='bbox 1028 5025 1122 5080; x_wconf 82' lang='grc' dir='ltr'>τοῦ</span> <span class='ocrx_word' id='word_1_599' title='bbox 1169 5026 1376 5097; x_wconf 82' lang='grc' dir='ltr'>θερμοῦ</span> <span class='ocrx_word' id='word_1_600' title='bbox 1427 5027 1623 5096; x_wconf 85' lang='grc' dir='ltr'>πάσχει</span> <span class='ocrx_word' id='word_1_601' title='bbox 1669 5029 1767 5094; x_wconf 81' lang='grc' dir='ltr'>τὴν</span> 
     </span>
    </p>
   </div>
   <div class='ocr_carea' id='block_1_83' title="bbox 195 5118 1769 5192">
    <p class='ocr_par' dir='ltr' id='par_1_83' title="bbox 195 5118 1769 5192">
     <span class='ocr_line' id='line_1_83' title="bbox 195 5118 1769 5192; baseline -0.004 -17"><span class='ocrx_word' id='word_1_602' title='bbox 195 5123 492 5192; x_wconf 81' lang='grc' dir='ltr'>θέρμανσιν</span> <span class='ocrx_word' id='word_1_603' title='bbox 511 5159 529 5175; x_wconf 93' lang='grc'><strong>.</strong></span> <span class='ocrx_word' id='word_1_604' title='bbox 559 5121 674 5172; x_wconf 72' lang='grc' dir='ltr'>Κᾶν</span> <span class='ocrx_word' id='word_1_605' title='bbox 694 5123 721 5171; x_wconf 87' lang='grc' dir='ltr'>ό</span> <span class='ocrx_word' id='word_1_606' title='bbox 748 5119 938 5190; x_wconf 77' lang='grc' dir='ltr'>λύχνος</span> <span class='ocrx_word' id='word_1_607' title='bbox 973 5121 1052 5182; x_wconf 87' lang='grc' dir='ltr'><strong>είς</strong></span> <span class='ocrx_word' id='word_1_608' title='bbox 1088 5121 1362 5188; x_wconf 81' lang='grc' dir='ltr'>πυρκαϊάν</span> <span class='ocrx_word' id='word_1_609' title='bbox 1388 5118 1769 5189; x_wconf 74' lang='grc' dir='ltr'>προσενεχθεὶς</span> 
     </span>
    </p>
   </div>
   <div class='ocr_carea' id='block_1_84' title="bbox 194 5209 1768 5284">
    <p class='ocr_par' dir='ltr' id='par_1_84' title="bbox 194 5209 1768 5284">
     <span class='ocr_line' id='line_1_84' title="bbox 194 5209 1768 5284; baseline -0.002 -17"><span class='ocrx_word' id='word_1_610' title='bbox 194 5216 376 5284; x_wconf 77' lang='grc' dir='ltr'>πάσχῃ</span> <span class='ocrx_word' id='word_1_611' title='bbox 436 5213 534 5283; x_wconf 76' lang='grc' dir='ltr'>τὴν</span> <span class='ocrx_word' id='word_1_612' title='bbox 585 5213 788 5276; x_wconf 78' lang='grc' dir='ltr'>σϐέσιν,</span> <span class='ocrx_word' id='word_1_613' title='bbox 819 5209 936 5263; x_wconf 82' lang='grc' dir='ltr'><strong>ἀλλ’</strong></span> <span class='ocrx_word' id='word_1_614' title='bbox 987 5212 1085 5280; x_wconf 83' lang='grc' dir='ltr'>οὐχ</span> <span class='ocrx_word' id='word_1_615' title='bbox 1132 5211 1222 5279; x_wconf 80' lang='grc' dir='ltr'><strong>ὑφ’</strong></span> <span class='ocrx_word' id='word_1_616' title='bbox 1257 5213 1442 5278; x_wconf 85' lang='grc' dir='ltr'>ὁμοίου</span> <span class='ocrx_word' id='word_1_617' title='bbox 1500 5213 1695 5279; x_wconf 69' lang='grc' dir='ltr'>πάσχει</span> <span class='ocrx_word' id='word_1_618' title='bbox 1741 5213 1768 5264; x_wconf 86' lang='grc' dir='ltr'>ό</span> 
     </span>
    </p>
   </div>
   <div class='ocr_carea' id='block_1_85' title="bbox 192 5303 1766 5374">
    <p class='ocr_par' dir='ltr' id='par_1_85' title="bbox 192 5303 1766 5374">
     <span class='ocr_line' id='line_1_85' title="bbox 192 5303 1766 5374; baseline -0.002 -16"><span class='ocrx_word' id='word_1_619' title='bbox 192 5308 406 5374; x_wconf 80' lang='grc' dir='ltr'>λύχνος,</span> <span class='ocrx_word' id='word_1_620' title='bbox 440 5305 544 5358; x_wconf 76' lang='grc' dir='ltr'><strong>ὑπὸ</strong></span> <span class='ocrx_word' id='word_1_621' title='bbox 594 5305 639 5357; x_wconf 86' lang='grc' dir='ltr'>δ’</span> <span class='ocrx_word' id='word_1_622' title='bbox 674 5306 938 5358; x_wconf 88' lang='grc' dir='ltr'>ἐναντίου.</span> <span class='ocrx_word' id='word_1_623' title='bbox 967 5304 1079 5356; x_wconf 80' lang='grc' dir='ltr'>Καὶ</span> <span class='ocrx_word' id='word_1_624' title='bbox 1132 5304 1241 5370; x_wconf 82' lang='grc' dir='ltr'>γάρ</span> <span class='ocrx_word' id='word_1_625' title='bbox 1284 5306 1316 5374; x_wconf 78' lang='grc' dir='ltr'>η</span> <span class='ocrx_word' id='word_1_626' title='bbox 1351 5303 1587 5356; x_wconf 85' lang='grc' dir='ltr'>ἐλάττων</span> <span class='ocrx_word' id='word_1_627' title='bbox 1637 5305 1766 5371; x_wconf 72' lang='grc' dir='ltr'>φλὸξ</span> 
     </span>
    </p>
   </div>
   <div class='ocr_carea' id='block_1_86' title="bbox 194 5395 1768 5466">
    <p class='ocr_par' dir='ltr' id='par_1_86' title="bbox 194 5395 1768 5466">
     <span class='ocr_line' id='line_1_86' title="bbox 194 5395 1768 5466; baseline -0.002 -17"><span class='ocrx_word' id='word_1_628' title='bbox 194 5399 569 5452; x_wconf 62' lang='grc' dir='ltr'>ἐώαπανᾶται</span> <span class='ocrx_word' id='word_1_629' title='bbox 619 5398 726 5450; x_wconf 74' lang='grc' dir='ltr'><strong>ὑπὸ</strong></span> <span class='ocrx_word' id='word_1_630' title='bbox 760 5398 855 5464; x_wconf 83' lang='grc' dir='ltr'>τῆς</span> <span class='ocrx_word' id='word_1_631' title='bbox 904 5397 1173 5466; x_wconf 71' lang='grc' dir='ltr'>μείζονος*</span> <span class='ocrx_word' id='word_1_632' title='bbox 1229 5395 1572 5450; x_wconf 81' lang='grc' dir='ltr'>ἐναντιοῦται</span> <span class='ocrx_word' id='word_1_633' title='bbox 1621 5397 1678 5448; x_wconf 90' lang='grc' dir='ltr'><strong>δέ</strong></span> <span class='ocrx_word' id='word_1_634' title='bbox 1708 5397 1768 5448; x_wconf 73' lang='grc' dir='ltr'><strong>τὸ</strong></span> 
     </span>
    </p>
   </div>
   <div class='ocr_carea' id='block_1_87' title="bbox 197 5485 1769 5560">
    <p class='ocr_par' dir='ltr' id='par_1_87' title="bbox 197 5485 1769 5560">
     <span class='ocr_line' id='line_1_87' title="bbox 197 5485 1769 5560; baseline -0.001 -18"><span class='ocrx_word' id='word_1_635' title='bbox 197 5492 382 5560; x_wconf 76' lang='grc' dir='ltr'>μεῖζον</span> <span class='ocrx_word' id='word_1_636' title='bbox 410 5491 488 5558; x_wconf 83' lang='grc' dir='ltr'>τῷ</span> <span class='ocrx_word' id='word_1_637' title='bbox 523 5491 727 5559; x_wconf 72' lang='grc' dir='ltr'>ἥττονι.</span> <span class='ocrx_word' id='word_1_638' title='bbox 763 5490 864 5541; x_wconf 81' lang='grc' dir='ltr'><strong>Διά</strong></span> <span class='ocrx_word' id='word_1_639' title='bbox 918 5491 1014 5558; x_wconf 86' lang='grc' dir='ltr'>μὲν</span> <span class='ocrx_word' id='word_1_640' title='bbox 1042 5485 1135 5541; x_wconf 79' lang='grc' dir='ltr'>οὖν</span> <span class='ocrx_word' id='word_1_641' title='bbox 1166 5489 1265 5557; x_wconf 83' lang='grc' dir='ltr'>τὴν</span> <span class='ocrx_word' id='word_1_642' title='bbox 1294 5489 1613 5541; x_wconf 84' lang='grc' dir='ltr'>ἐναντίωσιν</span> <span class='ocrx_word' id='word_1_643' title='bbox 1649 5492 1769 5541; x_wconf 85' lang='grc' dir='ltr'>ἐπι-</span> 
     </span>
    </p>
   </div>
   <div class='ocr_carea' id='block_1_88' title="bbox 193 5581 1766 5652">
    <p class='ocr_par' dir='ltr' id='par_1_88' title="bbox 193 5581 1766 5652">
     <span class='ocr_line' id='line_1_88' title="bbox 193 5581 1766 5652; baseline -0.001 -19"><span class='ocrx_word' id='word_1_644' title='bbox 193 5582 431 5636; x_wconf 79' lang='grc' dir='ltr'>τελεῖται</span> <span class='ocrx_word' id='word_1_645' title='bbox 461 5583 676 5648; x_wconf 79' lang='grc' dir='ltr'>γένεσις</span> <span class='ocrx_word' id='word_1_646' title='bbox 705 5584 796 5634; x_wconf 78' lang='grc' dir='ltr'><strong>κιὶ</strong></span> <span class='ocrx_word' id='word_1_647' title='bbox 826 5583 1005 5652; x_wconf 84' lang='grc' dir='ltr'>φθορά</span> <span class='ocrx_word' id='word_1_648' title='bbox 1031 5598 1044 5612; x_wconf 71' lang='grc'><strong><em>⁸</em></strong></span> <span class='ocrx_word' id='word_1_649' title='bbox 1080 5583 1167 5635; x_wconf 74' lang='grc' dir='ltr'><strong>διά</strong></span> <span class='ocrx_word' id='word_1_650' title='bbox 1198 5581 1254 5634; x_wconf 89' lang='grc' dir='ltr'><strong>δέ</strong></span> <span class='ocrx_word' id='word_1_651' title='bbox 1286 5583 1382 5652; x_wconf 81' lang='grc' dir='ltr'>τὴν</span> <span class='ocrx_word' id='word_1_652' title='bbox 1421 5583 1766 5649; x_wconf 81' lang='grc' dir='ltr'>συγγένειαν,</span> 
     </span>
    </p>
   </div>
   <div class='ocr_carea' id='block_1_89' title="bbox 193 5673 1766 5746">
    <p class='ocr_par' dir='ltr' id='par_1_89' title="bbox 193 5673 1766 5746">
     <span class='ocr_line' id='line_1_89' title="bbox 193 5673 1766 5746; baseline 0 -20"><span class='ocrx_word' id='word_1_653' title='bbox 193 5673 445 5743; x_wconf 69' lang='grc' dir='ltr'>διαμένει</span> <span class='ocrx_word' id='word_1_654' title='bbox 483 5673 543 5726; x_wconf 77' lang='grc' dir='ltr'>τὸ</span> <span class='ocrx_word' id='word_1_655' title='bbox 579 5675 711 5728; x_wconf 79' lang='grc' dir='ltr'>πᾶν.</span> <span class='ocrx_word' id='word_1_656' title='bbox 744 5674 1079 5728; x_wconf 85' lang='grc' dir='ltr'>Συνάπτεται</span> <span class='ocrx_word' id='word_1_657' title='bbox 1127 5677 1236 5746; x_wconf 71' lang='grc' dir='ltr'>γὰρ</span> <span class='ocrx_word' id='word_1_658' title='bbox 1279 5676 1310 5746; x_wconf 82' lang='grc' dir='ltr'>ἡ</span> <span class='ocrx_word' id='word_1_659' title='bbox 1356 5675 1428 5745; x_wconf 84' lang='grc' dir='ltr'><strong>γῆ</strong></span> <span class='ocrx_word' id='word_1_660' title='bbox 1477 5676 1555 5746; x_wconf 82' lang='grc' dir='ltr'>τῷ</span> <span class='ocrx_word' id='word_1_661' title='bbox 1611 5675 1766 5727; x_wconf 70' lang='grc' dir='ltr'>ὕδατι</span> 
     </span>
    </p>
   </div>
   <div class='ocr_carea' id='block_1_90' title="bbox 195 5765 1770 5839">
    <p class='ocr_par' dir='ltr' id='par_1_90' title="bbox 195 5765 1770 5839">
     <span class='ocr_line' id='line_1_90' title="bbox 195 5765 1770 5839; baseline -0.001 -19"><span class='ocrx_word' id='word_1_662' title='bbox 195 5769 332 5820; x_wconf 77' lang='grc' dir='ltr'>κατὰ</span> <span class='ocrx_word' id='word_1_663' title='bbox 359 5768 420 5819; x_wconf 72' lang='grc' dir='ltr'>τὸ</span> <span class='ocrx_word' id='word_1_664' title='bbox 439 5765 668 5836; x_wconf 72' lang='grc' dir='ltr'>ψυχρὸν,</span> <span class='ocrx_word' id='word_1_665' title='bbox 705 5768 796 5818; x_wconf 78' lang='grc' dir='ltr'>καὶ</span> <span class='ocrx_word' id='word_1_666' title='bbox 825 5765 882 5818; x_wconf 79' lang='grc' dir='ltr'>τὸ</span> <span class='ocrx_word' id='word_1_667' title='bbox 928 5765 1073 5835; x_wconf 82' lang='grc' dir='ltr'>ὕδωρ</span> <span class='ocrx_word' id='word_1_668' title='bbox 1101 5767 1177 5836; x_wconf 84' lang='grc' dir='ltr'>τῷ</span> <span class='ocrx_word' id='word_1_669' title='bbox 1216 5769 1364 5839; x_wconf 77' lang='grc' dir='ltr'>άέρι,</span> <span class='ocrx_word' id='word_1_670' title='bbox 1389 5767 1447 5820; x_wconf 74' lang='grc' dir='ltr'><strong>τὸ</strong></span> <span class='ocrx_word' id='word_1_671' title='bbox 1478 5767 1643 5837; x_wconf 77' lang='grc' dir='ltr'>ὑγρὸν</span> <span class='ocrx_word' id='word_1_672' title='bbox 1676 5767 1770 5821; x_wconf 76' lang='grc' dir='ltr'>καὶ</span> 
     </span>
    </p>
   </div>
   <div class='ocr_carea' id='block_1_91' title="bbox 262 5880 1170 5937">
    <p class='ocr_par' dir='ltr' id='par_1_91' title="bbox 262 5880 1170 5937">
     <span class='ocr_line' id='line_1_91' title="bbox 262 5880 1170 5937; baseline 0.003 -4"><span class='ocrx_word' id='word_1_673' title='bbox 262 5882 311 5916; x_wconf 74' lang='grc' dir='ltr'><strong>δ’</strong></span> <span class='ocrx_word' id='word_1_674' title='bbox 357 5880 394 5933; x_wconf 76' lang='lat'><strong>2</strong></span> <span class='ocrx_word' id='word_1_675' title='bbox 455 5880 532 5936; x_wconf 84' lang='lat' dir='ltr'><strong>De</strong></span> <span class='ocrx_word' id='word_1_676' title='bbox 554 5890 678 5937; x_wconf 87' lang='lat' dir='ltr'><strong>ortu</strong></span> <span class='ocrx_word' id='word_1_677' title='bbox 704 5889 757 5936; x_wconf 89' lang='lat' dir='ltr'><strong>et</strong></span> <span class='ocrx_word' id='word_1_678' title='bbox 785 5881 1008 5937; x_wconf 77' lang='lat' dir='ltr'><strong>interitu</strong></span> <span class='ocrx_word' id='word_1_679' title='bbox 1036 5895 1084 5936; x_wconf 93' lang='lat' dir='ltr'><strong>c.</strong></span> <span class='ocrx_word' id='word_1_680' title='bbox 1117 5880 1170 5936; x_wconf 85' lang='lat'><strong>5.</strong></span> 
     </span>
    </p>
   </div>
   <div class='ocr_carea' id='block_1_92' title="bbox 1861 3269 3431 3340">
    <p class='ocr_par' dir='ltr' id='par_1_92' title="bbox 1861 3269 3431 3340">
     <span class='ocr_line' id='line_1_92' title="bbox 1861 3269 3431 3340; baseline -0.003 -13"><span class='ocrx_word' id='word_1_681' title='bbox 1861 3275 2032 3328; x_wconf 86' lang='lat' dir='ltr'><strong>altero</strong></span> <span class='ocrx_word' id='word_1_682' title='bbox 2052 3287 2239 3326; x_wconf 90' lang='lat' dir='ltr'><strong>eorum</strong></span> <span class='ocrx_word' id='word_1_683' title='bbox 2268 3285 2389 3340; x_wconf 67' lang='lat' dir='ltr'><strong>quae</strong></span> <span class='ocrx_word' id='word_1_684' title='bbox 2423 3270 2490 3323; x_wconf 88' lang='lat' dir='ltr'><strong>ad</strong></span> <span class='ocrx_word' id='word_1_685' title='bbox 2521 3269 2879 3336; x_wconf 85' lang='lat' dir='ltr'><strong>compositum</strong></span> <span class='ocrx_word' id='word_1_686' title='bbox 2906 3270 3161 3340; x_wconf 87' lang='lat' dir='ltr'><strong>omnibus</strong></span> <span class='ocrx_word' id='word_1_687' title='bbox 3193 3271 3431 3323; x_wconf 85' lang='lat' dir='ltr'><strong>numeris</strong></span> 
     </span>
    </p>
   </div>
   <div class='ocr_carea' id='block_1_93' title="bbox 1861 3364 3434 3429">
    <p class='ocr_par' dir='ltr' id='par_1_93' title="bbox 1861 3364 3434 3429">
     <span class='ocr_line' id='line_1_93' title="bbox 1861 3364 3434 3429; baseline -0.004 -9"><span class='ocrx_word' id='word_1_688' title='bbox 1861 3367 2254 3421; x_wconf 84' lang='lat' dir='ltr'><strong>absolvendum</strong></span> <span class='ocrx_word' id='word_1_689' title='bbox 2332 3373 2675 3423; x_wconf 85' lang='lat' dir='ltr'><strong>concurrunt</strong></span> <span class='ocrx_word' id='word_1_690' title='bbox 2743 3364 2999 3416; x_wconf 85' lang='lat' dir='ltr'><strong>universo</strong></span> <span class='ocrx_word' id='word_1_691' title='bbox 3080 3372 3434 3429; x_wconf 83' lang='lat' dir='ltr'><strong>nuncupato;</strong></span> 
     </span>
    </p>
   </div>
   <div class='ocr_carea' id='block_1_94' title="bbox 1861 3453 3430 3527">
    <p class='ocr_par' dir='ltr' id='par_1_94' title="bbox 1861 3453 3430 3527">
     <span class='ocr_line' id='line_1_94' title="bbox 1861 3453 3430 3527; baseline -0.003 -15"><span class='ocrx_word' id='word_1_692' title='bbox 1861 3457 2178 3527; x_wconf 75' lang='lat' dir='ltr'><strong>huiusmodi</strong></span> <span class='ocrx_word' id='word_1_693' title='bbox 2216 3455 2531 3524; x_wconf 79' lang='lat' dir='ltr'><strong>fortnajure</strong></span> <span class='ocrx_word' id='word_1_694' title='bbox 2583 3456 2791 3523; x_wconf 89' lang='lat' dir='ltr'><strong>optimo</strong></span> <span class='ocrx_word' id='word_1_695' title='bbox 2835 3454 3138 3508; x_wconf 84' lang='lat' dir='ltr'><strong>substantia</strong></span> <span class='ocrx_word' id='word_1_696' title='bbox 3167 3453 3430 3522; x_wconf 80' lang='lat' dir='ltr'><strong>propriis-</strong></span> 
     </span>
    </p>
   </div>
   <div class='ocr_carea' id='block_1_95' title="bbox 1861 3544 3432 3618">
    <p class='ocr_par' dir='ltr' id='par_1_95' title="bbox 1861 3544 3432 3618">
     <span class='ocr_line' id='line_1_95' title="bbox 1861 3544 3432 3618; baseline -0.004 -13"><span class='ocrx_word' id='word_1_697' title='bbox 1861 3550 1998 3605; x_wconf 88' lang='lat' dir='ltr'><strong>sitne</strong></span> <span class='ocrx_word' id='word_1_698' title='bbox 2028 3558 2081 3604; x_wconf 88' lang='lat' dir='ltr'><strong>et</strong></span> <span class='ocrx_word' id='word_1_699' title='bbox 2104 3549 2337 3618; x_wconf 88' lang='lat' dir='ltr'><strong>primum</strong></span> <span class='ocrx_word' id='word_1_700' title='bbox 2373 3557 2426 3601; x_wconf 88' lang='lat' dir='ltr'><strong>et</strong></span> <span class='ocrx_word' id='word_1_701' title='bbox 2454 3546 2691 3609; x_wconf 72' lang='lat' dir='ltr'><strong>maxime</strong></span> <span class='ocrx_word' id='word_1_702' title='bbox 2732 3546 2890 3615; x_wconf 76' lang='lat'><strong>136</strong></span> <span class='ocrx_word' id='word_1_703' title='bbox 2932 3545 3036 3598; x_wconf 91' lang='lat' dir='ltr'><strong>dici</strong></span> <span class='ocrx_word' id='word_1_704' title='bbox 3071 3557 3254 3614; x_wconf 86' lang='lat' dir='ltr'><strong>queat.</strong></span> <span class='ocrx_word' id='word_1_705' title='bbox 3309 3544 3432 3599; x_wconf 79' lang='lat' dir='ltr'><strong>ilu-c</strong></span> 
     </span>
    </p>
   </div>
   <div class='ocr_carea' id='block_1_96' title="bbox 1862 3638 3430 3709">
    <p class='ocr_par' dir='ltr' id='par_1_96' title="bbox 1862 3638 3430 3709">
     <span class='ocr_line' id='line_1_96' title="bbox 1862 3638 3430 3709; baseline -0.004 -12"><span class='ocrx_word' id='word_1_706' title='bbox 1862 3651 2041 3697; x_wconf 88' lang='lat' dir='ltr'><strong>autem</strong></span> <span class='ocrx_word' id='word_1_707' title='bbox 2064 3641 2297 3695; x_wconf 79' lang='lat' dir='ltr'><strong>maxime</strong></span> <span class='ocrx_word' id='word_1_708' title='bbox 2328 3640 2581 3709; x_wconf 85' lang='lat' dir='ltr'><strong>specialis</strong></span> <span class='ocrx_word' id='word_1_709' title='bbox 2609 3649 2693 3692; x_wconf 88' lang='lat' dir='ltr'><strong>est</strong></span> <span class='ocrx_word' id='word_1_710' title='bbox 2715 3679 2727 3699; x_wconf 85' lang='lat'><strong>,</strong></span> <span class='ocrx_word' id='word_1_711' title='bbox 2781 3653 2902 3707; x_wconf 68' lang='lat' dir='ltr'><strong>qua:</strong></span> <span class='ocrx_word' id='word_1_712' title='bbox 2937 3638 3292 3707; x_wconf 86' lang='lat' dir='ltr'><strong>particulares</strong></span> <span class='ocrx_word' id='word_1_713' title='bbox 3311 3653 3430 3691; x_wconf 87' lang='lat' dir='ltr'><strong>om-</strong></span> 
     </span>
    </p>
   </div>
   <div class='ocr_carea' id='block_1_97' title="bbox 1863 3729 3435 3798">
    <p class='ocr_par' dir='ltr' id='par_1_97' title="bbox 1863 3729 3435 3798">
     <span class='ocr_line' id='line_1_97' title="bbox 1863 3729 3435 3798; baseline -0.002 -11"><span class='ocrx_word' id='word_1_714' title='bbox 1863 3748 1961 3787; x_wconf 87' lang='lat' dir='ltr'><strong>nes</strong></span> <span class='ocrx_word' id='word_1_715' title='bbox 1988 3729 2324 3786; x_wconf 86' lang='lat' dir='ltr'><strong>substantias</strong></span> <span class='ocrx_word' id='word_1_716' title='bbox 2362 3729 2826 3798; x_wconf 87' lang='lat' dir='ltr'><strong>circumplectitur</strong></span> <span class='ocrx_word' id='word_1_717' title='bbox 2853 3737 2907 3784; x_wconf 86' lang='lat' dir='ltr'><strong>et</strong></span> <span class='ocrx_word' id='word_1_718' title='bbox 2927 3730 3354 3798; x_wconf 85' lang='lat' dir='ltr'><strong>comprehendit,</strong></span> <span class='ocrx_word' id='word_1_719' title='bbox 3381 3741 3435 3784; x_wconf 90' lang='lat' dir='ltr'><strong>et</strong></span> 
     </span>
    </p>
   </div>
   <div class='ocr_carea' id='block_1_98' title="bbox 1864 3821 3434 3894">
    <p class='ocr_par' dir='ltr' id='par_1_98' title="bbox 1864 3821 3434 3894">
     <span class='ocr_line' id='line_1_98' title="bbox 1864 3821 3434 3894; baseline -0.002 -15"><span class='ocrx_word' id='word_1_720' title='bbox 1864 3825 2109 3879; x_wconf 88' lang='lat' dir='ltr'><strong>eamdem</strong></span> <span class='ocrx_word' id='word_1_721' title='bbox 2142 3825 2208 3878; x_wconf 87' lang='lat' dir='ltr'><strong>ad</strong></span> <span class='ocrx_word' id='word_1_722' title='bbox 2234 3825 2400 3893; x_wconf 84' lang='lat' dir='ltr'><strong>ipsas,</strong></span> <span class='ocrx_word' id='word_1_723' title='bbox 2430 3839 2595 3894; x_wconf 89' lang='lat' dir='ltr'><strong>quam</strong></span> <span class='ocrx_word' id='word_1_724' title='bbox 2636 3823 2904 3890; x_wconf 86' lang='lat' dir='ltr'><strong>integrum</strong></span> <span class='ocrx_word' id='word_1_725' title='bbox 2928 3821 3147 3890; x_wconf 53' lang='lat' dir='ltr'><strong>aliquod</strong></span> <span class='ocrx_word' id='word_1_726' title='bbox 3183 3823 3248 3875; x_wconf 89' lang='lat' dir='ltr'><strong>ad</strong></span> <span class='ocrx_word' id='word_1_727' title='bbox 3285 3825 3434 3877; x_wconf 84' lang='lat' dir='ltr'><strong>simi-</strong></span> 
     </span>
    </p>
   </div>
   <div class='ocr_carea' id='block_1_99' title="bbox 1863 3911 3440 3984">
    <p class='ocr_par' dir='ltr' id='par_1_99' title="bbox 1863 3911 3440 3984">
     <span class='ocr_line' id='line_1_99' title="bbox 1863 3911 3440 3984; baseline -0.001 -15"><span class='ocrx_word' id='word_1_728' title='bbox 1863 3915 2005 3969; x_wconf 88' lang='lat' dir='ltr'><strong>lares</strong></span> <span class='ocrx_word' id='word_1_729' title='bbox 2027 3927 2155 3969; x_wconf 82' lang='lat' dir='ltr'><strong>suas</strong></span> <span class='ocrx_word' id='word_1_730' title='bbox 2191 3923 2374 3984; x_wconf 84' lang='lat' dir='ltr'><strong>partes</strong></span> <span class='ocrx_word' id='word_1_731' title='bbox 2416 3913 2684 3966; x_wconf 89' lang='lat' dir='ltr'><strong>rationem</strong></span> <span class='ocrx_word' id='word_1_732' title='bbox 2723 3913 2886 3967; x_wconf 83' lang='lat' dir='ltr'><strong>habet</strong></span> <span class='ocrx_word' id='word_1_733' title='bbox 2913 3913 2977 3969; x_wconf 79' lang='lat'><strong>&quot;.</strong></span> <span class='ocrx_word' id='word_1_734' title='bbox 3017 3912 3105 3967; x_wconf 92' lang='lat' dir='ltr'><strong>Sic</strong></span> <span class='ocrx_word' id='word_1_735' title='bbox 3131 3911 3286 3968; x_wconf 87' lang='lat' dir='ltr'><strong>Plato</strong></span> <span class='ocrx_word' id='word_1_736' title='bbox 3325 3916 3440 3970; x_wconf 83' lang='lat' dir='ltr'><strong>sin-</strong></span> 
     </span>
    </p>
   </div>
   <div class='ocr_carea' id='block_1_100' title="bbox 1864 4004 3325 4077">
    <p class='ocr_par' dir='ltr' id='par_1_100' title="bbox 1864 4004 3325 4077">
     <span class='ocr_line' id='line_1_100' title="bbox 1864 4004 3325 4077; baseline 0 -17"><span class='ocrx_word' id='word_1_737' title='bbox 1864 4007 2021 4077; x_wconf 89' lang='lat' dir='ltr'><strong>gulos</strong></span> <span class='ocrx_word' id='word_1_738' title='bbox 2050 4005 2325 4072; x_wconf 89' lang='lat' dir='ltr'><strong>homines,</strong></span> <span class='ocrx_word' id='word_1_739' title='bbox 2360 4005 2599 4060; x_wconf 86' lang='lat' dir='ltr'><strong>hominis</strong></span> <span class='ocrx_word' id='word_1_740' title='bbox 2635 4004 2934 4072; x_wconf 73' lang='lat' dir='ltr'><strong>fragmenta</strong></span> <span class='ocrx_word' id='word_1_741' title='bbox 2976 4006 3325 4073; x_wconf 80' lang='lat' dir='ltr'><strong>nuncupavit.</strong></span> 
     </span>
    </p>
   </div>
   <div class='ocr_carea' id='block_1_101' title="bbox 1937 4097 3436 4168">
    <p class='ocr_par' dir='ltr' id='par_1_101' title="bbox 1937 4097 3436 4168">
     <span class='ocr_line' id='line_1_101' title="bbox 1937 4097 3436 4168; baseline 0 -16"><span class='ocrx_word' id='word_1_742' title='bbox 1937 4100 2030 4154; x_wconf 75' lang='lat'><strong>22.</strong></span> <span class='ocrx_word' id='word_1_743' title='bbox 2069 4099 2243 4156; x_wconf 87' lang='lat' dir='ltr'><strong>Porro</strong></span> <span class='ocrx_word' id='word_1_744' title='bbox 2279 4112 2402 4153; x_wconf 90' lang='lat' dir='ltr'><strong>cum</strong></span> <span class='ocrx_word' id='word_1_745' title='bbox 2438 4097 2778 4152; x_wconf 78' lang='lat' dir='ltr'><strong>universales</strong></span> <span class='ocrx_word' id='word_1_746' title='bbox 2808 4098 3102 4166; x_wconf 89' lang='lat' dir='ltr'><strong>qualitates</strong></span> <span class='ocrx_word' id='word_1_747' title='bbox 3145 4099 3254 4152; x_wconf 87' lang='lat' dir='ltr'><strong>sint</strong></span> <span class='ocrx_word' id='word_1_748' title='bbox 3304 4115 3436 4168; x_wconf 82' lang='lat' dir='ltr'><strong>qua—</strong></span> 
     </span>
    </p>
   </div>
   <div class='ocr_carea' id='block_1_102' title="bbox 1867 4192 3439 4262">
    <p class='ocr_par' dir='ltr' id='par_1_102' title="bbox 1867 4192 3439 4262">
     <span class='ocr_line' id='line_1_102' title="bbox 1867 4192 3439 4262; baseline -0.004 -13"><span class='ocrx_word' id='word_1_749' title='bbox 1867 4204 2014 4259; x_wconf 89' lang='lat' dir='ltr'><strong>tuor,</strong></span> <span class='ocrx_word' id='word_1_750' title='bbox 2048 4209 2155 4248; x_wconf 92' lang='lat' dir='ltr'><strong>non</strong></span> <span class='ocrx_word' id='word_1_751' title='bbox 2184 4193 2457 4247; x_wconf 89' lang='lat' dir='ltr'><strong>immerito</strong></span> <span class='ocrx_word' id='word_1_752' title='bbox 2486 4192 2650 4245; x_wconf 91' lang='lat' dir='ltr'><strong>etiam</strong></span> <span class='ocrx_word' id='word_1_753' title='bbox 2695 4199 2934 4262; x_wconf 86' lang='lat' dir='ltr'><strong>quatuor</strong></span> <span class='ocrx_word' id='word_1_754' title='bbox 2982 4192 3249 4245; x_wconf 86' lang='lat' dir='ltr'><strong>elementa</strong></span> <span class='ocrx_word' id='word_1_755' title='bbox 3287 4203 3439 4254; x_wconf 88' lang='lat' dir='ltr'><strong>sunt,</strong></span> 
     </span>
    </p>
   </div>
   <div class='ocr_carea' id='block_1_103' title="bbox 1866 4282 3438 4354">
    <p class='ocr_par' dir='ltr' id='par_1_103' title="bbox 1866 4282 3438 4354">
     <span class='ocr_line' id='line_1_103' title="bbox 1866 4282 3438 4354; baseline -0.001 -14"><span class='ocrx_word' id='word_1_756' title='bbox 1866 4294 1921 4340; x_wconf 90' lang='lat' dir='ltr'><strong>et</strong></span> <span class='ocrx_word' id='word_1_757' title='bbox 1948 4285 2220 4354; x_wconf 90' lang='lat' dir='ltr'><strong>duplicem</strong></span> <span class='ocrx_word' id='word_1_758' title='bbox 2251 4283 2569 4352; x_wconf 88' lang='lat' dir='ltr'><strong>qualitatem</strong></span> <span class='ocrx_word' id='word_1_759' title='bbox 2598 4296 2790 4336; x_wconf 90' lang='lat' dir='ltr'><strong>eorum</strong></span> <span class='ocrx_word' id='word_1_760' title='bbox 2824 4282 3040 4351; x_wconf 90' lang='lat' dir='ltr'><strong>singula</strong></span> <span class='ocrx_word' id='word_1_761' title='bbox 3084 4295 3438 4351; x_wconf 86' lang='lat' dir='ltr'><strong>acceperunt.</strong></span> 
     </span>
    </p>
   </div>
   <div class='ocr_carea' id='block_1_104' title="bbox 1871 4376 3438 4434">
    <p class='ocr_par' dir='ltr' id='par_1_104' title="bbox 1871 4376 3438 4434">
     <span class='ocr_line' id='line_1_104' title="bbox 1871 4376 3438 4434; baseline -0.002 -1"><span class='ocrx_word' id='word_1_762' title='bbox 1871 4378 1962 4434; x_wconf 89' lang='lat' dir='ltr'><strong>Sic</strong></span> <span class='ocrx_word' id='word_1_763' title='bbox 1994 4378 2139 4432; x_wconf 89' lang='lat' dir='ltr'><strong>enim</strong></span> <span class='ocrx_word' id='word_1_764' title='bbox 2180 4376 2446 4431; x_wconf 82' lang='lat' dir='ltr'><strong>duntaxat</strong></span> <span class='ocrx_word' id='word_1_765' title='bbox 2473 4376 2760 4430; x_wconf 88' lang='lat' dir='ltr'><strong>elementis</strong></span> <span class='ocrx_word' id='word_1_766' title='bbox 2793 4385 2900 4428; x_wconf 88' lang='lat' dir='ltr'><strong>tum</strong></span> <span class='ocrx_word' id='word_1_767' title='bbox 2935 4377 3296 4431; x_wconf 87' lang='lat' dir='ltr'><strong>contrarietas</strong></span> <span class='ocrx_word' id='word_1_768' title='bbox 3326 4387 3438 4430; x_wconf 91' lang='lat' dir='ltr'><strong>tum</strong></span> 
     </span>
    </p>
   </div>
   <div class='ocr_carea' id='block_1_105' title="bbox 1871 4467 3438 4540">
    <p class='ocr_par' dir='ltr' id='par_1_105' title="bbox 1871 4467 3438 4540">
     <span class='ocr_line' id='line_1_105' title="bbox 1871 4467 3438 4540; baseline -0.004 -15"><span class='ocrx_word' id='word_1_769' title='bbox 1871 4470 2119 4540; x_wconf 78' lang='lat' dir='ltr'><strong>cognatio</strong></span> <span class='ocrx_word' id='word_1_770' title='bbox 2162 4469 2325 4531; x_wconf 90' lang='lat' dir='ltr'><strong>inest,</strong></span> <span class='ocrx_word' id='word_1_771' title='bbox 2365 4483 2594 4536; x_wconf 90' lang='lat' dir='ltr'><strong>quarum</strong></span> <span class='ocrx_word' id='word_1_772' title='bbox 2636 4481 2796 4520; x_wconf 87' lang='lat' dir='ltr'><strong>causa</strong></span> <span class='ocrx_word' id='word_1_773' title='bbox 2835 4467 3120 4535; x_wconf 78' lang='lat' dir='ltr'><strong>generatio</strong></span> <span class='ocrx_word' id='word_1_774' title='bbox 3155 4479 3209 4521; x_wconf 88' lang='lat' dir='ltr'><strong>et</strong></span> <span class='ocrx_word' id='word_1_775' title='bbox 3241 4483 3438 4520; x_wconf 67' lang='lat' dir='ltr'><strong>corruo</strong></span> 
     </span>
    </p>
   </div>
   <div class='ocr_carea' id='block_1_106' title="bbox 1795 4540 3443 4632">
    <p class='ocr_par' dir='ltr' id='par_1_106' title="bbox 1795 4540 3443 4632">
     <span class='ocr_line' id='line_1_106' title="bbox 1795 4540 3443 4632; baseline -0.004 -17"><span class='ocrx_word' id='word_1_776' title='bbox 1795 4540 1844 4598; x_wconf 78' lang='lat' dir='ltr'><strong>D</strong></span> <span class='ocrx_word' id='word_1_777' title='bbox 1872 4562 1981 4632; x_wconf 92' lang='lat' dir='ltr'><strong>ptio</strong></span> <span class='ocrx_word' id='word_1_778' title='bbox 2013 4571 2065 4615; x_wconf 89' lang='lat' dir='ltr'><strong>et</strong></span> <span class='ocrx_word' id='word_1_779' title='bbox 2089 4562 2260 4613; x_wconf 86' lang='lat' dir='ltr'><strong>totius</strong></span> <span class='ocrx_word' id='word_1_780' title='bbox 2288 4558 2529 4612; x_wconf 83' lang='lat' dir='ltr'><strong>universi</strong></span> <span class='ocrx_word' id='word_1_781' title='bbox 2566 4558 2910 4612; x_wconf 80' lang='lat' dir='ltr'><strong>conservatio</strong></span> <span class='ocrx_word' id='word_1_782' title='bbox 2939 4557 3176 4612; x_wconf 78' lang='lat' dir='ltr'><strong>exsistit.</strong></span> <span class='ocrx_word' id='word_1_783' title='bbox 3211 4556 3443 4610; x_wconf 82' lang='lat' dir='ltr'><strong>Contra-</strong></span> 
     </span>
    </p>
   </div>
   <div class='ocr_carea' id='block_1_107' title="bbox 1866 4648 3442 4720">
    <p class='ocr_par' dir='ltr' id='par_1_107' title="bbox 1866 4648 3442 4720">
     <span class='ocr_line' id='line_1_107' title="bbox 1866 4648 3442 4720; baseline -0.004 -14"><span class='ocrx_word' id='word_1_784' title='bbox 1866 4653 2075 4708; x_wconf 89' lang='lat' dir='ltr'><strong>rietatis</strong></span> <span class='ocrx_word' id='word_1_785' title='bbox 2111 4652 2256 4706; x_wconf 86' lang='lat' dir='ltr'><strong>enim</strong></span> <span class='ocrx_word' id='word_1_786' title='bbox 2291 4664 2453 4704; x_wconf 88' lang='lat' dir='ltr'><strong>causa</strong></span> <span class='ocrx_word' id='word_1_787' title='bbox 2480 4649 2760 4719; x_wconf 75' lang='lat' dir='ltr'><strong>generatio</strong></span> <span class='ocrx_word' id='word_1_788' title='bbox 2792 4661 2845 4704; x_wconf 90' lang='lat' dir='ltr'><strong>et</strong></span> <span class='ocrx_word' id='word_1_789' title='bbox 2899 4649 3173 4720; x_wconf 81' lang='lat' dir='ltr'><strong>corruptio</strong></span> <span class='ocrx_word' id='word_1_790' title='bbox 3208 4648 3442 4702; x_wconf 75' lang='lat' dir='ltr'><strong>absolvi-</strong></span> 
     </span>
    </p>
   </div>
   <div class='ocr_carea' id='block_1_108' title="bbox 1868 4739 3439 4814">
    <p class='ocr_par' dir='ltr' id='par_1_108' title="bbox 1868 4739 3439 4814">
     <span class='ocr_line' id='line_1_108' title="bbox 1868 4739 3439 4814; baseline -0.004 -17"><span class='ocrx_word' id='word_1_791' title='bbox 1868 4754 1988 4811; x_wconf 89' lang='lat' dir='ltr'><strong>tur;</strong></span> <span class='ocrx_word' id='word_1_792' title='bbox 2029 4745 2229 4814; x_wconf 86' lang='lat' dir='ltr'><strong>quippe</strong></span> <span class='ocrx_word' id='word_1_793' title='bbox 2263 4745 2443 4798; x_wconf 90' lang='lat' dir='ltr'><strong>omnis</strong></span> <span class='ocrx_word' id='word_1_794' title='bbox 2500 4744 2779 4811; x_wconf 78' lang='lat' dir='ltr'><strong>generatio</strong></span> <span class='ocrx_word' id='word_1_795' title='bbox 2837 4757 2901 4794; x_wconf 87' lang='lat' dir='ltr'><strong>ex</strong></span> <span class='ocrx_word' id='word_1_796' title='bbox 2957 4739 3240 4793; x_wconf 90' lang='lat' dir='ltr'><strong>contrario</strong></span> <span class='ocrx_word' id='word_1_797' title='bbox 3297 4749 3376 4793; x_wconf 84' lang='lat' dir='ltr'><strong>est</strong></span> <span class='ocrx_word' id='word_1_798' title='bbox 3412 4755 3439 4791; x_wconf 91' lang='lat' dir='ltr'><strong>a</strong></span> 
     </span>
    </p>
   </div>
   <div class='ocr_carea' id='block_1_109' title="bbox 1866 4831 3444 4901">
    <p class='ocr_par' dir='ltr' id='par_1_109' title="bbox 1866 4831 3444 4901">
     <span class='ocr_line' id='line_1_109' title="bbox 1866 4831 3444 4901; baseline -0.006 -10"><span class='ocrx_word' id='word_1_799' title='bbox 1866 4835 2159 4901; x_wconf 87' lang='lat' dir='ltr'><strong>contrario;</strong></span> <span class='ocrx_word' id='word_1_800' title='bbox 2185 4845 2238 4888; x_wconf 89' lang='lat' dir='ltr'><strong>et</strong></span> <span class='ocrx_word' id='word_1_801' title='bbox 2264 4843 2453 4889; x_wconf 89' lang='lat' dir='ltr'><strong>contra</strong></span> <span class='ocrx_word' id='word_1_802' title='bbox 2474 4836 2649 4888; x_wconf 88' lang='lat' dir='ltr'><strong>omnis</strong></span> <span class='ocrx_word' id='word_1_803' title='bbox 2671 4833 2950 4900; x_wconf 88' lang='lat' dir='ltr'><strong>corruptio</strong></span> <span class='ocrx_word' id='word_1_804' title='bbox 2970 4831 3023 4885; x_wconf 90' lang='lat' dir='ltr'><strong>in</strong></span> <span class='ocrx_word' id='word_1_805' title='bbox 3047 4831 3382 4885; x_wconf 90' lang='lat' dir='ltr'><strong>contrarium</strong></span> <span class='ocrx_word' id='word_1_806' title='bbox 3414 4843 3444 4881; x_wconf 84' lang='lat' dir='ltr'><strong>a</strong></span> 
     </span>
    </p>
   </div>
   <div class='ocr_carea' id='block_1_110' title="bbox 1867 4918 3444 4994">
    <p class='ocr_par' dir='ltr' id='par_1_110' title="bbox 1867 4918 3444 4994">
     <span class='ocr_line' id='line_1_110' title="bbox 1867 4918 3444 4994; baseline -0.006 -10"><span class='ocrx_word' id='word_1_807' title='bbox 1867 4931 2180 4984; x_wconf 88' lang='lat' dir='ltr'><strong>contrario.</strong></span> <span class='ocrx_word' id='word_1_808' title='bbox 2249 4918 2366 4982; x_wconf 78' lang='lat' dir='ltr'><strong>Non</strong></span> <span class='ocrx_word' id='word_1_809' title='bbox 2423 4928 2566 4980; x_wconf 80' lang='lat' dir='ltr'><strong>enim</strong></span> <span class='ocrx_word' id='word_1_810' title='bbox 2624 4941 2654 4979; x_wconf 88' lang='lat' dir='ltr'><strong>a</strong></span> <span class='ocrx_word' id='word_1_811' title='bbox 2710 4927 2905 4994; x_wconf 81' lang='lat' dir='ltr'><strong>quovis</strong></span> <span class='ocrx_word' id='word_1_812' title='bbox 2957 4925 3166 4993; x_wconf 87' lang='lat' dir='ltr'><strong>patitur</strong></span> <span class='ocrx_word' id='word_1_813' title='bbox 3217 4925 3268 4977; x_wconf 88' lang='lat' dir='ltr'><strong>id</strong></span> <span class='ocrx_word' id='word_1_814' title='bbox 3299 4924 3444 4992; x_wconf 89' lang='lat' dir='ltr'><strong>quod</strong></span> 
     </span>
    </p>
   </div>
   <div class='ocr_carea' id='block_1_111' title="bbox 1876 5016 3447 5091">
    <p class='ocr_par' dir='ltr' id='par_1_111' title="bbox 1876 5016 3447 5091">
     <span class='ocr_line' id='line_1_111' title="bbox 1876 5016 3447 5091; baseline -0.003 -19"><span class='ocrx_word' id='word_1_815' title='bbox 1876 5023 2098 5091; x_wconf 87' lang='lat' dir='ltr'><strong>patitur,</strong></span> <span class='ocrx_word' id='word_1_816' title='bbox 2136 5021 2230 5075; x_wconf 89' lang='lat' dir='ltr'><strong>sed</strong></span> <span class='ocrx_word' id='word_1_817' title='bbox 2261 5035 2291 5073; x_wconf 93' lang='lat' dir='ltr'><strong>a</strong></span> <span class='ocrx_word' id='word_1_818' title='bbox 2339 5020 2658 5084; x_wconf 86' lang='lat' dir='ltr'><strong>contrario;</strong></span> <span class='ocrx_word' id='word_1_819' title='bbox 2694 5019 2859 5071; x_wconf 84' lang='lat' dir='ltr'><strong>veluti</strong></span> <span class='ocrx_word' id='word_1_820' title='bbox 2910 5017 3165 5084; x_wconf 80' lang='lat' dir='ltr'><strong>frigidum</strong></span> <span class='ocrx_word' id='word_1_821' title='bbox 3201 5030 3229 5068; x_wconf 93' lang='lat' dir='ltr'><strong>a</strong></span> <span class='ocrx_word' id='word_1_822' title='bbox 3264 5016 3447 5069; x_wconf 88' lang='lat' dir='ltr'><strong>calido</strong></span> 
     </span>
    </p>
   </div>
   <div class='ocr_carea' id='block_1_112' title="bbox 1877 5108 3444 5177">
    <p class='ocr_par' dir='ltr' id='par_1_112' title="bbox 1877 5108 3444 5177">
     <span class='ocr_line' id='line_1_112' title="bbox 1877 5108 3444 5177; baseline -0.006 -10"><span class='ocrx_word' id='word_1_823' title='bbox 1877 5111 2290 5167; x_wconf 79' lang='lat' dir='ltr'><strong>calefactionem</strong></span> <span class='ocrx_word' id='word_1_824' title='bbox 2335 5111 2588 5166; x_wconf 86' lang='lat' dir='ltr'><strong>sustinet.</strong></span> <span class='ocrx_word' id='word_1_825' title='bbox 2624 5113 2700 5164; x_wconf 82' lang='lat' dir='ltr'><strong>Ac</strong></span> <span class='ocrx_word' id='word_1_826' title='bbox 2747 5124 3057 5177; x_wconf 88' lang='lat' dir='ltr'><strong>quanquam</strong></span> <span class='ocrx_word' id='word_1_827' title='bbox 3124 5108 3341 5160; x_wconf 87' lang='lat' dir='ltr'><strong>lucerna</strong></span> <span class='ocrx_word' id='word_1_828' title='bbox 3395 5111 3444 5158; x_wconf 88' lang='lat' dir='ltr'><strong>in</strong></span> 
     </span>
    </p>
   </div>
   <div class='ocr_carea' id='block_1_113' title="bbox 1878 5199 3444 5275">
    <p class='ocr_par' dir='ltr' id='par_1_113' title="bbox 1878 5199 3444 5275">
     <span class='ocr_line' id='line_1_113' title="bbox 1878 5199 3444 5275; baseline -0.006 -16"><span class='ocrx_word' id='word_1_829' title='bbox 1878 5209 2150 5274; x_wconf 80' lang='lat' dir='ltr'><strong>ingentem</strong></span> <span class='ocrx_word' id='word_1_830' title='bbox 2183 5220 2368 5275; x_wconf 89' lang='lat' dir='ltr'><strong>rogum</strong></span> <span class='ocrx_word' id='word_1_831' title='bbox 2404 5205 2649 5270; x_wconf 79' lang='lat' dir='ltr'><strong>conjecta</strong></span> <span class='ocrx_word' id='word_1_832' title='bbox 2682 5201 3098 5256; x_wconf 79' lang='lat' dir='ltr'><strong>exstinctiouetn</strong></span> <span class='ocrx_word' id='word_1_833' title='bbox 3138 5199 3304 5262; x_wconf 84' lang='lat' dir='ltr'><strong>subit,</strong></span> <span class='ocrx_word' id='word_1_834' title='bbox 3340 5213 3444 5250; x_wconf 92' lang='lat' dir='ltr'><strong>nou</strong></span> 
     </span>
    </p>
   </div>
   <div class='ocr_carea' id='block_1_114' title="bbox 1878 5290 3448 5362">
    <p class='ocr_par' dir='ltr' id='par_1_114' title="bbox 1878 5290 3448 5362">
     <span class='ocr_line' id='line_1_114' title="bbox 1878 5290 3448 5362; baseline -0.005 -14"><span class='ocrx_word' id='word_1_835' title='bbox 1878 5304 2056 5349; x_wconf 89' lang='lat' dir='ltr'><strong>tamen</strong></span> <span class='ocrx_word' id='word_1_836' title='bbox 2101 5311 2129 5348; x_wconf 88' lang='lat' dir='ltr'><strong>a</strong></span> <span class='ocrx_word' id='word_1_837' title='bbox 2163 5298 2324 5350; x_wconf 79' lang='lat' dir='ltr'><strong>simili</strong></span> <span class='ocrx_word' id='word_1_838' title='bbox 2375 5295 2578 5362; x_wconf 87' lang='lat' dir='ltr'><strong>patitur</strong></span> <span class='ocrx_word' id='word_1_839' title='bbox 2635 5294 2878 5355; x_wconf 89' lang='lat' dir='ltr'><strong>lucerna,</strong></span> <span class='ocrx_word' id='word_1_840' title='bbox 2932 5291 3025 5345; x_wconf 91' lang='lat' dir='ltr'><strong>sed</strong></span> <span class='ocrx_word' id='word_1_841' title='bbox 3079 5304 3119 5341; x_wconf 12' lang='lat' dir='ltr'><strong>at</strong></span> <span class='ocrx_word' id='word_1_842' title='bbox 3149 5290 3448 5342; x_wconf 86' lang='lat' dir='ltr'><strong>contrario.</strong></span> 
     </span>
    </p>
   </div>
   <div class='ocr_carea' id='block_1_115' title="bbox 1876 5381 3446 5458">
    <p class='ocr_par' dir='ltr' id='par_1_115' title="bbox 1876 5381 3446 5458">
     <span class='ocr_line' id='line_1_115' title="bbox 1876 5381 3446 5458; baseline -0.007 -18"><span class='ocrx_word' id='word_1_843' title='bbox 1876 5389 2084 5458; x_wconf 86' lang='lat' dir='ltr'><strong>Quippe</strong></span> <span class='ocrx_word' id='word_1_844' title='bbox 2118 5390 2296 5442; x_wconf 84' lang='lat' dir='ltr'><strong>minor</strong></span> <span class='ocrx_word' id='word_1_845' title='bbox 2321 5388 2533 5440; x_wconf 84' lang='lat' dir='ltr'><strong>ﬂamma</strong></span> <span class='ocrx_word' id='word_1_846' title='bbox 2561 5402 2590 5439; x_wconf 87' lang='lat' dir='ltr'><strong>a</strong></span> <span class='ocrx_word' id='word_1_847' title='bbox 2630 5386 2836 5454; x_wconf 87' lang='lat' dir='ltr'><strong>majore</strong></span> <span class='ocrx_word' id='word_1_848' title='bbox 2874 5382 3237 5444; x_wconf 86' lang='lat' dir='ltr'><strong>consumitur,</strong></span> <span class='ocrx_word' id='word_1_849' title='bbox 3275 5381 3446 5448; x_wconf 62' lang='lat' dir='ltr'><strong>majus</strong></span> 
     </span>
    </p>
   </div>
   <div class='ocr_carea' id='block_1_116' title="bbox 1877 5473 3446 5542">
    <p class='ocr_par' dir='ltr' id='par_1_116' title="bbox 1877 5473 3446 5542">
     <span class='ocr_line' id='line_1_116' title="bbox 1877 5473 3446 5542; baseline -0.009 -7"><span class='ocrx_word' id='word_1_850' title='bbox 1877 5489 2059 5536; x_wconf 84' lang='lat' dir='ltr'><strong>autem</strong></span> <span class='ocrx_word' id='word_1_851' title='bbox 2091 5482 2285 5535; x_wconf 92' lang='lat' dir='ltr'><strong>minori</strong></span> <span class='ocrx_word' id='word_1_852' title='bbox 2317 5489 2401 5533; x_wconf 87' lang='lat' dir='ltr'><strong>est</strong></span> <span class='ocrx_word' id='word_1_853' title='bbox 2431 5477 2787 5534; x_wconf 88' lang='lat' dir='ltr'><strong>contrarium.</strong></span> <span class='ocrx_word' id='word_1_854' title='bbox 2827 5476 3007 5542; x_wconf 85' lang='lat' dir='ltr'><strong>Quare</strong></span> <span class='ocrx_word' id='word_1_855' title='bbox 3041 5473 3446 5529; x_wconf 67' lang='lat' dir='ltr'><strong>contrarietatis</strong></span> 
     </span>
    </p>
   </div>
   <div class='ocr_carea' id='block_1_117' title="bbox 1876 5567 3440 5644">
    <p class='ocr_par' dir='ltr' id='par_1_117' title="bbox 1876 5567 3440 5644">
     <span class='ocr_line' id='line_1_117' title="bbox 1876 5567 3440 5644; baseline -0.007 -16"><span class='ocrx_word' id='word_1_856' title='bbox 1876 5590 2041 5630; x_wconf 85' lang='lat' dir='ltr'><strong>causa</strong></span> <span class='ocrx_word' id='word_1_857' title='bbox 2072 5574 2353 5644; x_wconf 86' lang='lat' dir='ltr'><strong>generatio</strong></span> <span class='ocrx_word' id='word_1_858' title='bbox 2376 5582 2431 5626; x_wconf 92' lang='lat' dir='ltr'><strong>et</strong></span> <span class='ocrx_word' id='word_1_859' title='bbox 2472 5573 2756 5640; x_wconf 86' lang='lat' dir='ltr'><strong>corruptio</strong></span> <span class='ocrx_word' id='word_1_860' title='bbox 2808 5568 3110 5639; x_wconf 76' lang='lat' dir='ltr'><strong>perﬁcitur.</strong></span> <span class='ocrx_word' id='word_1_861' title='bbox 3159 5567 3440 5632; x_wconf 83' lang='lat' dir='ltr'><strong>Atcogua-</strong></span> 
     </span>
    </p>
   </div>
   <div class='ocr_carea' id='block_1_118' title="bbox 1878 5659 3449 5739">
    <p class='ocr_par' dir='ltr' id='par_1_118' title="bbox 1878 5659 3449 5739">
     <span class='ocr_line' id='line_1_118' title="bbox 1878 5659 3449 5739; baseline -0.012 -13"><span class='ocrx_word' id='word_1_862' title='bbox 1878 5672 2042 5726; x_wconf 88' lang='lat' dir='ltr'><strong>tionis</strong></span> <span class='ocrx_word' id='word_1_863' title='bbox 2107 5669 2279 5739; x_wconf 87' lang='lat' dir='ltr'><strong>gratia</strong></span> <span class='ocrx_word' id='word_1_864' title='bbox 2342 5666 2674 5721; x_wconf 79' lang='lat' dir='ltr'><strong>universitas</strong></span> <span class='ocrx_word' id='word_1_865' title='bbox 2749 5670 3046 5731; x_wconf 90' lang='lat' dir='ltr'><strong>permanet.</strong></span> <span class='ocrx_word' id='word_1_866' title='bbox 3106 5659 3242 5711; x_wconf 85' lang='lat' dir='ltr'><strong>Nam</strong></span> <span class='ocrx_word' id='word_1_867' title='bbox 3311 5666 3449 5709; x_wconf 77' lang='lat' dir='ltr'><strong>terra</strong></span> 
     </span>
    </p>
   </div>
   <div class='ocr_carea' id='block_1_119' title="bbox 1879 5753 3451 5833">
    <p class='ocr_par' dir='ltr' id='par_1_119' title="bbox 1879 5753 3451 5833">
     <span class='ocr_line' id='line_1_119' title="bbox 1879 5753 3451 5833; baseline -0.01 -16"><span class='ocrx_word' id='word_1_868' title='bbox 1879 5780 2029 5833; x_wconf 60' lang='lat' dir='ltr'><strong>aqua!</strong></span> <span class='ocrx_word' id='word_1_869' title='bbox 2065 5762 2219 5832; x_wconf 82' lang='lat'><strong>137</strong></span> <span class='ocrx_word' id='word_1_870' title='bbox 2258 5761 2437 5830; x_wconf 88' lang='lat' dir='ltr'><strong>quoad</strong></span> <span class='ocrx_word' id='word_1_871' title='bbox 2473 5759 2846 5828; x_wconf 80' lang='lat' dir='ltr'><strong>frigiditatem.</strong></span> <span class='ocrx_word' id='word_1_872' title='bbox 2883 5764 2935 5809; x_wconf 91' lang='lat' dir='ltr'><strong>et</strong></span> <span class='ocrx_word' id='word_1_873' title='bbox 2966 5770 3106 5821; x_wconf 74' lang='lat' dir='ltr'><strong>aqua</strong></span> <span class='ocrx_word' id='word_1_874' title='bbox 3138 5753 3247 5805; x_wconf 88' lang='lat' dir='ltr'><strong>aeri</strong></span> <span class='ocrx_word' id='word_1_875' title='bbox 3274 5755 3451 5820; x_wconf 63' lang='lat' dir='ltr'><strong>quoad</strong></span> 
     </span>
    </p>
   </div>
  </div>
