4208 6440
794 384 926 446 im

1976 374 2399 445 NICEPHORI
2448 380 2865 441 BLEMMIDE

3901 385 4029 448 ιιξι

772 493 1169 556 humiditatem,
1196 503 1248 547 et
1278 507 1370 546 aer
1401 491 1508 561 igni
1533 492 1709 563 quoad
1732 492 2095 560 caliditatem,
2127 505 2180 550 et
2210 494 2342 564 ignis

2454 494 2481 543 ό
2508 493 2616 560 ἀὴρ
2640 492 2719 560 τῷ
2754 491 2888 561 πυρὶ
2918 490 3058 541 κατὰ
3091 497 3149 542 τὴ
3178 491 3402 559 θερμὸν,
3450 494 3544 544 καὶ
3587 493 3648 545 τὸ
3686 495 3799 564 πῦρ
3844 500 3912 565 τῇ
3967 502 4031 562 γῇ

770 597 928 642 terra!
953 588 1124 657 quoad
1152 586 1451 639 siccitatem
1481 587 1851 655 coniungitur.
1886 588 2064 651 Atque
2100 588 2174 640 ita
2209 601 2342 639 con-

769 683 964 737 cinnns
1016 680 1233 747 quidam
1270 680 1510 734 circulus
1572 681 1791 736 unionis
1857 696 2041 734 rerum
2100 694 2350 749 pugnan-

770 772 902 825 tium
944 785 1006 822 ac
1034 771 1235 824 chorus
1266 785 1330 823 ex
1364 770 1851 825 contrarietatibus
1883 779 1934 825 ct
1972 772 2350 825 communita-

769 865 912 915 tilnis
949 860 1048 914 sibi
1084 861 1588 918 mutuo'devinctus
1645 863 1900 918 omnibus
1935 862 2054 917 suis
2092 864 2348 931 partibus

767 953 1096 1006 absolvitur.

832 1044 923 1097 23.
988 1043 1133 1109 Quin
1187 1054 1239 1098 et
1290 1044 1591 1112 ponderum
1659 1058 1889 1113 quoque.
1941 1046 2157 1099 ratione
2230 1044 2349 1098 ele-

764 1148 947 1191 menta
996 1147 1051 1191 et
1098 1136 1426 1203 copulantur
1484 1145 1538 1189 et
1593 1138 1950 1191 dirimuntur.
2002 1135 2137 1190 Nam
2200 1145 2346 1190 terra

764 1236 972 1279 tantum
1006 1227 1187 1294 gravis
1222 1238 1327 1290 est,
1361 1240 1468 1294 qua
1504 1227 1572 1281 de
1601 1241 1767 1281 causa
1812 1228 2027 1281 substat
2060 1226 2341 1279 omnibus.

764 1321 909 1389 Ignis
963 1330 1171 1373 tantum
1239 1321 1407 1385 levis,
1472 1330 1801 1390 quapropter
1865 1320 2031 1371 etiam
2092 1318 2347 1372 omnibus

764 1390 1209 1481 immineannaa
1268 1423 1459 1465 natura
1518 1412 1818 1465 secundum
1877 1422 2085 1465 rectam
2145 1410 2344 1463 lineam

762 1518 1087 1570 moventur;
1124 1521 1262 1574 aqua
1300 1520 1465 1574 quam
1530 1514 1673 1558 terra
1736 1505 1950 1573 quidem
2023 1504 2211 1565 levior,
2267 1505 2346 1555 ei-

762 1615 869 1668 que
930 1599 1255 1657 imminens;
1331 1598 1426 1652 sed
1483 1606 1664 1651 tamen
1728 1597 1946 1664 gravior
2007 1612 2172 1665 quam
2227 1611 2341 1659 aer,

763 1689 974 1757 ipsique
1024 1690 1319 1741 substans:
1360 1704 1452 1741 aer
1507 1687 1745 1756 denique
1793 1702 1935 1752 aqua
1987 1675 2180 1748 levior,
2242 1682 2339 1737 sed

761 1783 870 1849 igni
899 1784 1137 1851 gravior.
1161 1782 1504 1849 Quapropter
1536 1795 1628 1847 por
1656 1794 1713 1833 se
1743 1786 1797 1831 et
1824 1778 2168 1845 simpliciter,
2197 1787 2337 1830 terra

758 1874 979 1940 quidem
1015 1887 1179 1941 grave
1229 1872 1596 1935 elementum;
1649 1871 1815 1939 ignis,
1852 1870 2004 1934 leve;
2039 1885 2133 1923 aer
2176 1884 2341 1936 porro

757 1976 809 2019 et
842 1980 983 2034 aqua
1024 1964 1089 2016 ad
1124 1965 1327 2033 aliquid
1372 1973 1425 2018 et
1458 1963 1838 2033 quadantenus
1874 1977 1997 2015 cum
2046 1962 2183 2016 levia
2216 1972 2345 2016 sunt

758 2072 871 2114 tum
908 2058 1121 2129 gravia,
1156 2070 1211 2113 et
1241 2069 1343 2112 suo
1379 2059 1691 2113 interventu
1722 2055 2018 2123 plurimum
2050 2070 2080 2109 a
2110 2070 2169 2108 se
2205 2056 2345 2109 invi-

756 2167 875 2205 cem
910 2152 1128 2214 dissita,
1173 2151 1353 2219 ignem
1396 2150 1655 2205 videlicet
1702 2156 1757 2203 et
1806 2157 2031 2212 terram,
2095 2148 2239 2202 inter
2287 2162 2345 2203 se

758 2254 946 2298 mutuo
976 2244 1315 2298 devinciunt.

825 2334 916 2389 ει.
959 2334 1204 2399 Quodam
1239 2334 1384 2386 enim
1429 2331 1591 2386 modo
1639 2333 1813 2403 magis
1855 2332 2131 2387 contraria
2193 2340 2324 2387 sunt

754 2429 899 2498 ignis
932 2436 986 2482 et
1012 2424 1189 2496 aqua:
1231 2427 1465 2497 quodam
1521 2424 1685 2479 modo
1716 2427 1862 2496 ignis
1912 2435 1967 2479 et
2000 2436 2165 2485 terra.
2204 2423 2340 2478 Nam

755 2521 970 2574 ratione
1021 2520 1239 2588 quidem
1292 2519 1569 2587 agentium
1630 2528 1684 2572 et
1752 2517 2084 2589 patientium
2177 2518 2345 2588 138

754 2613 1099 2681 qualitatem,
1127 2611 1265 2682 ignis
1291 2621 1343 2665 et
1363 2624 1504 2679 aqua
1552 2611 1723 2679 magis
1758 2620 1887 2664 sunt
1918 2612 2215 2671 contraria,
2249 2610 2343 2663 sed

758 2709 970 2761 ratione
1002 2709 1306 2775 ponderum
1342 2718 1487 2761 terra
1525 2714 1579 2759 et
1608 2706 1753 2773 ignis
1790 2706 1896 2760 sibi
1944 2707 2186 2759 invicem
2217 2714 2346 2759 sunt

756 2800 1038 2853 contraria
1056 2800 1311 2853 maxime.
1348 2797 1459 2852 llac
1477 2800 1620 2853 enim
1646 2815 1710 2853 ex
1729 2812 1895 2851 causa
1917 2800 2078 2852 etiam
2102 2799 2343 2851 maxima

756 2893 887 2959 ipsis
918 2893 1126 2947 ratione
1154 2892 1258 2945 loci
1286 2893 1551 2945 distantia
1583 2891 1822 2959 contigit
1850 2907 1865 2952 ;
1892 2892 2039 2959 quod
2081 2889 2336 2959 superior

759 2988 1016 3039 nimirum
1053 2996 1195 3039 terra
1255 2986 1511 3039 omnibus
1566 2984 1898 3051 corporibus
1942 2989 2028 3037 est
2079 2969 2340 3045 inferior;

757 3080 1010 3147 superior
1027 3087 1245 3143 contra,
1276 3078 1378 3131 hoc
1404 3087 1509 3143 est,
1537 3075 1783 3144 proxime
1816 3076 1959 3130 infra
1994 3076 2177 3131 lunam
2200 3074 2341 3145 ignis

757 3174 982 3228 exstitit.

834 3265 921 3317 25.
963 3263 1235 3317 Caeterum
1261 3262 1351 3317 hic
1376 3264 1442 3317 de
1469 3262 1785 3317 elcmentari
1823 3262 1946 3331 igne
1974 3262 2252 3330 loquimur
2269 3261 2337 3326 “,

758 3356 853 3424 qui
886 3356 1172 3409 succensio
1220 3357 1439 3423 proprie
1496 3365 1744 3416 vocatur,
1786 3354 1914 3421 quia
1947 3369 2072 3406 rum
2127 3363 2338 3406 motum

755 3451 992 3517 aliquem
1056 3446 1413 3509 nanciscitur,
1456 3445 1776 3513 plerumque
1835 3443 2229 3507 inﬂammatur,
2288 3453 2342 3497 et

753 3536 1023 3605 eiusmodi
1075 3536 1133 3589 ﬁt
1179 3537 1322 3604 ignis
1369 3537 1464 3604 qui
1502 3536 1664 3589 nobis
1696 3535 1818 3588 usui
1867 3544 1949 3588 est
1991 3544 2046 3588 et
2088 3535 2339 3589 inservit.

758 3628 946 3682 Dilfcrt
981 3628 1127 3681 enim
1172 3629 1313 3696 ignis
1363 3626 1716 3682 elementaris
1748 3627 1815 3679 ab
1846 3641 1913 3680 eo
1951 3626 2049 3695 qui
2108 3626 2342 3680 inservit

758 3719 915 3772 nobis
957 3718 1024 3783 ⁵⁷,
1054 3718 1207 3786 quod
1247 3718 1292 3771 is
1317 3720 1409 3786 qui
1456 3718 1613 3772 nobis
1645 3718 1892 3783 inservit,
1928 3730 2090 3786 supra
2122 3716 2339 3792 modum

756 3812 999 3866 fervidus
1022 3824 1138 3877 est;
1168 3810 1632 3879 quemadmodum
1684 3809 1897 3873 glacies
1930 3825 2094 3875 supra
2116 3808 2339 3862 modum

759 3903 975 3973 frigida.
1032 3903 1189 3957 Unde
1245 3918 1424 3971 neque
1478 3917 1507 3956 a
1571 3902 1764 3969 glacie,
1817 3916 1995 3970 neque
2044 3904 2113 3954 ab
2149 3915 2215 3955 eo
2245 3900 2338 3969 qui

759 3997 917 4050 nobis
958 3995 1009 4046 in
1044 4010 1141 4046 usu
1173 4002 1257 4047 est
1300 3993 1425 4061 igne
1450 3994 1749 4062 quidquam
1791 3993 2051 4063 gignitur.
2088 3993 2338 4047 Elemen-

757 4089 892 4141 taris
926 4102 1052 4139 vero
1086 4086 1227 4155 ignis
1275 4094 1329 4137 et
1368 4100 1505 4154 aqua
1535 4086 1887 4139 elementaris
1935 4085 2191 4154 gignendi
2228 4088 2336 4139 vim

759 4181 984 4240 habent,
1018 4187 1070 4229 et
1102 4176 1169 4230 ad
1192 4176 1624 4243 compositorum
1660 4190 1956 4244 corporum
1984 4174 2337 4229 constitutio-

760 4287 882 4324 nem
930 4278 1332 4333 assumuntur;
1374 4268 1595 4335 quando
1644 4274 1825 4320 autem
1883 4266 1947 4320 ad
2005 4266 2338 4320 immodera-

758 4363 961 4417 tionem
1006 4359 1317 4423 discedunt,
1369 4360 1483 4413 haec
1527 4359 1746 4426 quidem
1784 4359 2048 4427 glaciem,
2087 4358 2176 4413 ille
2208 4370 2358 4413 vero‘

757 4456 934 4523 ignem
970 4450 1385 4504 ministerialem
1419 4448 1605 4502 eﬂicit.

2454 585 2595 636 κατὰ
2615 586 2674 637 τὸ
2716 584 2901 652 ξηρόν.
2947 585 3053 636 Καὶ
3086 583 3226 635 οὕτω
3251 601 3333 645 τις
3359 584 3558 646 κύκλος
3582 588 3907 656 ἐναρμόνιος
3938 594 4032 655 τῆξ

2451 678 2561 728 τῶν
2612 676 2941 745 μαχομένων
2988 676 3235 734 ὲνώσεως
3271 677 3662 745 ἀπαρτίζεται,
3713 680 3810 730 καὶ
3870 680 4031 749 χορὸς

2450 766 2830 835 ἀλληλένὸετος
2868 768 2927 831 ἐξ
2966 768 3358 837 ἐναντιοτήτων
3406 770 3501 822 καὶ
3544 771 3841 824 κοινωνιῶν
3887 788 4028 842 συμ-

2452 861 2858 930 πληρούμενος.
3422 846 3432 871 ¹

2518 1038 2623 1105 κγ’.
2686 1040 2793 1092 Καὶ
2838 1040 2980 1092 κατὰ
3040 1041 3140 1102 τὰς
3196 1041 3368 1110 ῥοπὰς
3408 1042 3466 1095 δὲ
3506 1042 3574 1095 τὰ
3627 1043 3868 1111 στοιχεϊᾶ
3936 1049 4031 1098 καὶ

2454 1133 2823 1184 συνάπτονται
2856 1131 2952 1184 atavi
2982 1131 3311 1186 διίστανται.
3338 1131 3542 1203 Βαρεῐα
3578 1134 3676 1204 μὲν
3707 1136 3815 1204 γὰρ
3849 1136 4027 1204 μόνως

2447 1225 2480 1293 ή
2513 1224 2616 1291 γῆ·
2672 1223 2753 1276 διὸ
2800 1223 2896 1277 καὶ
2934 1225 3101 1276 πᾶσιν
3138 1226 3453 1292 ὑφίσταται.
3493 1215 3713 1298 Κοῦξὶον
3760 1229 3817 1282 δὲ
3848 1230 4027 1297 μόνως

2448 1315 2509 1365 τὸ
2542 1314 2686 1381 πῦρο
2720 1316 2801 1367 διδ
2840 1317 2933 1369 καὶ
2961 1318 3127 1369 πᾶσιν
3146 1316 3466 1379 ἐπιπολάζει
3497 1319 3641 1378 ὅσοις
3684 1319 3771 1371 ἐπ’
3807 1319 4027 1374 εὐθείας

2450 1406 2509 1459 τὸ
2559 1408 2826 1473 φέρεσθαι
2875 1408 3142 1476 φυσικῶς.
3175 1408 3246 1461 Τὸ
3285 1410 3329 1461 δ’
3381 1410 3524 1480 ὕδωρ
3560 1414 3894 1480 κουφότερον
3928 1412 4027 1479 μὲν

2446 1501 2546 1567 τῆς
2587 1500 2688 1567 γῆς
2739 1502 3037 1572 καὶταύτῃ
3076 1486 3429 1569 ἐπιπολάζον,
3472 1503 3776 1573 βαρύτερον
3818 1504 3873 1555 δὲ
3928 1504 4023 1555 τοῦ

2448 1591 2608 1660 ἀέρος
2657 1594 2749 1643 καὶ
2816 1594 2993 1662 τούτῳ
3036 1594 3429 1663 ὑφιστάμενον.
3496 1598 3631 1664 Ἀήρ
3676 1597 3731 1648 δλ
3779 1596 3877 1648 τοῦ
3924 1597 4024 1660 μὲν

2449 1682 2643 1755 ὓδατος
2675 1686 3028 1755 κουφότερος,
3060 1686 3153 1739 τοῦ
3198 1688 3371 1757 πυρὸς
3404 1687 3461 1740 δὲ
3494 1688 3823 1757 βαρύτερος.
3853 1689 4020 1741 Ὥστε

2448 1778 2571 1831 καθ’
2606 1780 2739 1831 αὐτὸ
2772 1782 2865 1833 καὶ
2926 1781 3112 1844 ἁπλῶς
3159 1781 3295 1851 βαρὺ
3348 1782 3445 1851 μὲν
3496 1784 3761 1849 στοιχεῖον
3812 1787 3844 1852 ὴ
3907 1784 4021 1849 γῆ,

2449 1871 2651 1939 κοῦφον
2701 1872 2757 1924 δὲ
2792 1873 2853 1923 τὸ
2903 1874 3043 1943 πύρ’
3075 1878 3101 1926 ὁ
3144 1872 3189 1925 δ’
3232 1876 3341 1943 ἀὴρ
3373 1874 3469 1927 καὶ
3496 1876 3557 1927 τὸ
3596 1875 3741 1943 ὕδωρ
3793 1877 3931 1945 πρὸς
3970 1894 4022 1926 τι

2449 1966 2540 2017 καί
2574 1983 2649 2034 πη
2689 1966 2867 2033 κοῦφά
2893 1984 2947 2017 τε
2982 1968 3078 2019 καὶ
3110 1968 3285 2037 βαρέα
3322 1968 3452 2031 εἰσὶ,
3486 1971 3582 2023 καὶ
3614 1970 3683 2021 δι’
3714 1971 3927 2023 ἑαυτῶν
3956 1971 4024 2021 τὰ

2449 2056 2704 2109 πλεῖστον
2728 2058 3019 2123 διεστῶτα,
3047 2059 3106 2111 τδ
3126 2058 3236 2130 πῦρ
3257 2060 3460 2132 δηλαδὴ
3485 2063 3578 2114 καὶ
3604 2063 3703 2131 τὴν
3732 2064 3837 2133 γῆν
3858 2064 4022 2133 ἀλλή-

2447 2147 2562 2209 λοις
2604 2150 2957 2205 συνάπτουσι.

2520 2336 2616 2388 κδ’.
2652 2335 2774 2399 Πῶς
2804 2336 2904 2405 μὲν
2934 2335 3044 2406 γὰρ
3075 2338 3298 2390 ἐναντία
3353 2338 3554 2407 μᾶλλον
3580 2340 3640 2391 τὸ
3669 2338 3781 2409 πῦρ
3811 2341 3909 2393 καὶ
3964 2342 4022 2393 ab

2450 2428 2613 2500 ὕδωρ,
2640 2432 2759 2496 πῶς
2789 2431 2845 2483 δὲ
2878 2430 2938 2483 τό
2963 2430 3076 2499 πῦρ
3107 2432 3198 2483 καὶ
3241 2433 3275 2502 ἡ
3306 2433 3407 2501 γῆ;
3468 2434 3623 2487 Κατὰ
3658 2436 3757 2503 μὲν
3782 2436 3895 2504 γὰρ
3926 2436 4022 2498 τὰς

2450 2524 2754 2589 ποιητικὰς*
2774 2525 2869 2575 καὶ
2902 2524 3215 2591 παθητικὰς
3255 2525 3557 2595 ποιότητας
3586 2528 3647 2579 τὸ
3682 2527 3794 2599 πῦρ
3828 2531 3927 2583 καὶ
3965 2531 4023 2583 τὺ

2448 2615 2593 2686 ὕδωρ
2617 2617 2833 2669 ἐναντία
2869 2616 3074 2683 μᾶλλόν
3103 2620 3230 2679 εισι,
3264 2619 3406 2670 κατὰ
3433 2619 3489 2671 δὲ
3536 2621 3634 2682 τὰς
3684 2622 3855 2689 ῥοπὰς
3885 2624 3918 2691 ἠ
3953 2623 4025 2691 γῆ

2451 2710 2542 2761 καὶ
2567 2711 2627 2761 τὸ
2652 2710 2765 2777 πῦρ
2788 2708 3039 2775 ἀλλήλοις
3075 2709 3468 2765 ἐναντιώτατα.
3498 2713 3609 2764 Καὶ
3626 2713 3735 2781 γὰρ
3768 2714 4025 2768 ἐντεῦθεν

2448 2804 2481 2872 ἡ
2504 2804 2646 2855 κατὰ
2675 2805 2841 2854 τόπον
2858 2804 2951 2855 ἀπ’
2979 2802 3224 2872 ἀλλήλων
3245 2806 3529 2867 διάστασις
3556 2806 3787 2877 πλείστη
3809 2808 4025 2870 τούτοις

2449 2896 2807 2963 συμϐέϐηκε·
2872 2895 3169 2966 κατωτέρω
3236 2896 3335 2963 μὲν
3389 2897 3498 2950 τῶν
3546 2900 3685 2951 ὅλων
3748 2902 4025 2966 σωμάτων

2447 2988 2615 3060 οὔσης
2638 2992 2738 3059 τῆς
2783 2990 2910 3060 γῆς,
2939 2992 3203 3061 ἀνωτέρω
3230 2993 3287 3045 δὲ
3326 2993 3511 3056 πάλιν,
3562 2994 3734 3063 ἧγσυν
3777 2994 3887 3049 ὑπὸ
3925 2996 4026 3063 τὴν

2450 3083 2677 3152 σελήνην
2706 3082 2864 3144 εὐθὺς
2903 3083 3239 3151 ὑπάρχοντος
3274 3081 3369 3135 τοῦ
3396 3081 3588 3151 πυρός.

2522 3260 2620 3317 κε’.
2662 3259 2927 3313 Ἐνταῦθα
2960 3260 3015 3311 δὶ
3062 3261 3122 3313 τὸ
3153 3260 3492 3329 στοιχειῶδες
3542 3258 3773 3328 λέγομεῦ
3825 3262 3965 3333 πῦρ,
4000 3265 4029 3318 δ

2450 3356 2696 3407 καλεῖται
2734 3354 2880 3415 ἰδίως
2909 3356 3261 3421 ὑπέκκαυμα,
3295 3354 3383 3406 διὰ
3413 3355 3473 3405 τὸ
3503 3356 3772 3424 κινήσεως
3798 3357 4027 3421 ἐπιτυγ-

2449 3450 2613 3515 χάνον
2645 3446 2793 3507 τινὸς
2822 3447 3081 3507 πολλάκις
3122 3445 3442 3498 ἐκκαιεσθαι
3493 3449 3587 3498 καὶ
3622 3446 3871 3513 γίνεσθαι
3916 3450 4027 3517 πῦρ

2448 3540 2630 3589 ὁποῖον
2659 3537 2719 3587 τὸ
2745 3538 2801 3588 ὲν
2826 3539 2893 3605 τῇ
2926 3538 3119 3608 λοήσει
3150 3538 3243 3589 καὶ
3274 3538 3601 3591 διακονικόν.
3630 3538 3703 3591 Τὸ
3734 3540 3845 3607 γὰρ
3880 3556 4024 3591 στοι-

2449 3628 2669 3697 χειῶδες
2700 3627 2811 3694 πῦρ
2842 3626 2968 3679 ἄλλο
3002 3628 3054 3677 τί
3088 3629 3203 3678 ἐστι
3243 3629 3391 3695 παρὰ
3419 3627 3480 3678 τὸ
3507 3627 3816 3680 διακονικὸν
3843 3644 3860 3660 ⁶
3889 3629 4029 3682 διότι

2448 3720 2510 3771 τὸ
2534 3718 2839 3772 διακονικὸν
2879 3717 3185 3787 ὑπερὸολὴν
3229 3718 3346 3785 ἔχει
3377 3716 3581 3781 ζέσεως
3605 3734 3617 3749 ⁸
3652 3718 3845 3786 ὥσπερ
3876 3720 3973 3771 καὶ
4001 3722 4029 3772 ὸ

2450 3811 2787 3881 κρύσταλλος
2851 3808 3085 3878 ψύξεως.
3143 3810 3308 3862 Ὅθεν
3352 3810 3466 3862 οὗθ’
3522 3811 3626 3864 ὑπὸ
3678 3812 4024 3880 κρυστάλλου

2448 3901 2803 3967 ζωογονεῖται
2824 3917 2895 3965 τι,
2918 3900 3033 3952 οὗθ’
3061 3900 3165 3952 ὑπὸ
3192 3901 3283 3953 τοῦ
3310 3904 3365 3956 ἑν
3396 3903 3590 3971 χρήσει
3618 3904 3809 3971 πυρός.
3844 3905 3920 3955 Τὸ
3968 3904 4030 3957 δὲ

2449 3993 2789 4062 στοιχειῶδες
2842 3992 2951 4061 πῦρ
3004 3995 3095 4044 καὶ
3129 3994 3190 4045 τὸ
3221 3996 3560 4063 στοιχειῶδες
3593 3994 3737 4065 ὓδωρ
3775 3997 4028 4063 ζωογόνα

2446 4089 2573 4149 εἰσὶ,
2629 4089 2724 4138 καὶ
2780 4086 2915 4156 πρὸς
2959 4084 3226 4140 σύστασιν
3266 4087 3373 4139 τῶν
3414 4086 3685 4139 συνθέτων
3741 4090 4029 4155 σωμάτων

2444 4177 3001 4247 παραλαμβάνονται·
3063 4177 3275 4248 ἐξιόντα
3296 4177 3341 4229 δ’
3370 4177 3458 4229 tn’
3498 4177 3791 4247 ἀμετρίαν,
3824 4179 3886 4231 τὸ
3921 4180 4030 4247 μὲν

2443 4270 2537 4321 τὸν
2568 4267 2927 4337 κρύσταλλον,
2956 4268 3016 4319 τὸ
3041 4268 3098 4320 δὲ
3132 4267 3289 4321 τοῦτο
3313 4268 3373 4320 τὸ
3398 4268 3707 4322 διακονικὸν
3723 4268 4028 4338 ἐργάζεται

2426 4362 2578 4432 ρπῦρ.

827 4539 919 4593 26.
975 4539 1109 4591 Cum
1176 4538 1344 4607 igitur
1411 4538 1645 4592 alterum
1704 4538 2030 4593 eienientum
2092 4537 2334 4606 pluribus

2512 4530 2617 4588 κςό
2659 4521 2855 4575 Ἦνικα
2890 4522 2987 4591 μὲν
3017 4524 3108 4574 ou'v
3159 4521 3382 4591 θάτερον
3433 4520 3542 4573 τῶν
3592 4524 3878 4590 στοιχείων
3924 4524 4024 4575 ἰπὶ

756 4632 1007 4703 partibus
1036 4631 1252 4686 excedit
1304 4631 1531 4685 alterum
1564 4649 1578 4697 ;
1631 4642 1743 4685 tum
1783 4632 1925 4703 quod
1979 4634 2159 4684 minus
2191 4641 2273 4685 est
2302 4647 2334 4686 a

754 4696 949 4791 inajori
1003 4730 1316 4789 superatum
1372 4696 1739 4784 immutatur,
2014 4729 2065 4773 et
2112 4718 2221 4772 tale
2276 4718 2330 4772 ﬁt

752 4824 930 4866 totum
964 4813 1123 4881 quale
1159 4813 1211 4864 id
1244 4812 1385 4879 quod
1418 4821 1732 4879 superatur.
1783 4810 1920 4863 Cum
1971 4819 2150 4863 autem
2198 4823 2333 4863 con-

756 4906 925 4959 traria
970 4905 1150 4958 Omnia
1181 4903 1420 4968 equales
1464 4901 1871 4970 quodammodo
1918 4900 2059 4954 vires
2107 4900 2331 4964 habent,

756 4998 1075 5064 nullumque
1106 4996 1374 5064 reliquum
1426 5008 1754 5063 magnopere
1786 5000 2004 5059 superat
2032 5007 2047 5057 ;
2081 5003 2194 5045 tum
2234 4992 2329 5044 de-

756 5106 901 5142 mum
940 5088 1299 5156 compositum
1338 5086 1595 5150 eﬂicitur,
1646 5086 1775 5139 dum
1828 5086 2059 5137 alterum
2115 5085 2225 5152 agit
2274 5084 2327 5135 in

756 5182 984 5233 alterum
1014 5190 1067 5232 et
1104 5196 1298 5233 rursus
1337 5180 1570 5233 alterum
1602 5178 1806 5247 patitur
1838 5180 1908 5231 ab
1948 5178 2149 5237 altero;
2190 5190 2326 5229 neu-

756 5282 1012 5339 trumque
1030 5272 1095 5323 al)
1117 5272 1289 5323 altero
1313 5280 1533 5338 propter
1557 5271 1751 5323 virium
1776 5271 1932 5338 quasi
1959 5267 2327 5336 mqualitatem

754 5363 1134 5424 viticitttrrsed
1162 5363 1449 5431 utriusque
1470 5361 1785 5414 extremitas
1811 5360 2147 5420 retunditur,
2169 5368 2331 5426 atque

757 5455 1139 5508 intermedium
1178 5454 1392 5522 aliquod
1425 5454 1620 5517 oritur.
1672 5452 1808 5515 Quia
1850 5459 2032 5503 autem
2072 5450 2326 5503 interme-

754 5546 905 5597 dium
947 5547 1088 5598 istud
1147 5544 1374 5613 simplex
1428 5554 1483 5598 et
1536 5542 1879 5595 individuum
1943 5555 2049 5593 non
2104 5548 2197 5592 est‘
2244 5536 2323 5603 (in

2445 4614 2628 4667 πλεῖον
2649 4610 2907 4680 ὑπερέχει
2939 4610 3193 4679 θατέρου,
3221 4611 3345 4662 τότε
3369 4609 3695 4679 μεταϐάλλει
3718 4610 3777 4661 τὸ
3798 4609 4029 4661 ἔλαττον

2444 4706 2547 4759 ὑπὸ
2581 4706 2672 4757 τοῦ
2715 4704 2959 4764 πλείονος
2994 4700 3385 4769 κρατούμενον,
3419 4703 3511 4753 καὶ
3548 4702 3757 4768 γίνεται
3786 4702 3843 4752 τὸ
3878 4700 4030 4769 σύμο

2441 4814 2549 4849 παν
2574 4796 2757 4847 ὁποῖον
2790 4795 2851 4844 τὸ
2883 4790 3434 4859 ὑπερδάλλον.”οταν
3467 4789 3523 4843 δέ
3557 4808 3671 4851 πως
3701 4790 3861 4861 ἰσάζῃ
3886 4793 4027 4843 τάν·

2440 4888 2596 4940 αντία
2639 4886 2815 4939 πάντα
2844 4884 2940 4935 καὶ
2972 4880 3139 4950 μηδὲν
3165 4877 3680 4953 ἐπικρατέστερονῄ
3706 4882 3845 4933 κατὰ
3874 4882 4020 4933 πολὺ

2440 4980 2532 5033 τοῦ
2567 4977 2777 5041 λοιποῦ,
2826 4978 2936 5029 τότ’
2969 4975 3313 5027 ἀποτελεῖται
3348 4976 3410 5026 τὸ
3450 4972 3729 5040 σύνθετον,
3751 4975 4022 5042 ἑκατέρου

2437 5072 2673 5141 δρῶντος
2724 5072 2804 5132 εἰς
2837 5070 3097 5135 ἑκάτερον
3132 5067 3238 5120 διαὶ
3296 5049 3399 5120 ὑἺτὺ
3434 5067 3666 5141 θατέρου
3715 5068 4024 5136 π’ἀσχοντος

2440 5138 2692 5234 θατέρον,
2726 5164 2817 5214 καὶ
2850 5160 3148 5231 μηδετέρου
3193 5138 3662 5226 κατακρατοῦντος
3694 5158 3881 5226 ἑτέρου
3929 5161 4023 5210 διὰ.

2436 5258 2535 5328 τὴν
2566 5252 2679 5310 οἷον
2717 5255 2941 5324 ἰσότητα
2967 5254 3077 5328 ξῶν
3122 5252 3428 5314 δυνάμεων,
3468 5250 3605 5302 ἀλλὰ
3639 5248 4020 5317 κολαζομένης

2444 5353 2543 5419 μὲν
2598 5350 2693 5416 τῆς
2755 5340 3031 5419 {statipr
3095 5345 3393 5414 ἀκρότητας
3448 5342 3735 5409 γινομένου
3782 5340 3837 5394 δέ
3867 5358 4019 5400 τινος

2444 5444 2669 5515 μεταξύ.
2710 5442 2855 5494 Διότι
2889 5442 2931 5493 δ’
2966 5440 3065 5492 οῦκ
3100 5439 3247 5490 ἐστιν
3280 5437 3478 5488 ἑνιαῖον
3505 5434 3599 5488 καὶ
3630 5431 3830 5503 ἄτομον
3855 5432 4022 5485 τοῦτο

2440 5539 2499 5590 τὸ
2530 5535 2732 5607 μεταξὺ
2772 5535 2888 5605 (καὶ
2917 5534 3026 5601 γὰρ
3075 5535 3133 5585 ὲν
3178 5532 3371 5584 πλάτει
3418 5530 3705 5598 θεωρεῖται
3746 5529 3840 5580 καὶ
3873 5528 4017 5579 πολὺ

755 5638 1039 5692 latitudine
1069 5640 1210 5691 enim
1268 5638 1683 5699 consideratur,
1736 5645 1789 5689 et
1840 5638 2070 5687 multuin
2107 5632 2324 5685 diﬂ’erre

2444 5630 2691 5697 Sticpopdv
2718 5631 2859 5691 ἐστι,
2893 5626 3037 5679 καθὰ
3076 5626 3171 5680 καὶ
3198 5624 3258 5676 τὸ
3290 5621 3495 5693 μεταξὺ
3543 5620 3637 5673 τοῦ
3680 5618 3874 5671 λευκοῦ
3920 5619 4021 5671 καὶ

755 5731 1398 5798 solet,quemadmoduln
1452 5731 1559 5782 albi
1611 5739 1663 5783 et
1708 5729 1845 5797 nigri
1897 5728 2323 5789 intermedium;

830 5934 873 5961 ⁸⁸
907 5933 923 5983 1
965 5931 1180 5987 Mttecr.
1214 5954 1255 5987 t2
1304 5934 1321 5984 ὃ
1424 5934 1437 5959 ⁸
1504 5937 1533 5983 2.
1571 5933 1641 5985 Dc
1678 5942 1796 5985 ortu
1822 5943 1874 5987 cl
1904 5933 2125 5984 interitu
2155 5943 2205 5983 c.
2234 5929 2286 5981 ὅ.

2433 5723 2528 5777 τοῦ
2557 5723 2805 5793 μέλανος.
2853 5719 3042 5789 Ὤχρδν
3066 5719 3171 5811 γὰρ
3204 5720 3295 5773 καὶ
3344 5716 3550 5785 πυρρὸν
3599 5714 3693 5765 καὶ
3725 5714 3885 5778 φαιὸν
3918 5711 4020 5764 καὶ
