4208 6440
123 412 267 475 1125

1352 407 1688 471 ΕΡΙΤΟΜΕ
1732 408 2085 474 PHYSICA.

3254 408 3393 471 1126

97 533 243 586 ἄλλα
274 529 491 601 πολλᾶ),
523 531 612 585 διὰ
650 531 809 584 τοῦτο
866 530 959 583 καὶ
1011 529 1080 583 τὰ
1124 528 1240 599 εἴδη
1279 529 1386 583 τῶν
1420 529 1696 584 συνθέτων

1811 530 2014 601 quippe
2068 528 2337 598 pallidum
2382 536 2436 585 et
2487 526 2673 585 rufum
2731 535 2787 583 et
2841 527 3062 583 fuscum
3120 537 3175 582 et
3226 530 3393 585 multa

100 624 341 677 πλειονὰ
373 625 431 677 τέ
478 626 584 677 εισι
642 625 734 676 καὶ
765 623 1011 692 ἀλλήλων
1057 622 1354 685 διοίσοντα,
1382 622 1479 686 τὰς
1512 622 1701 690 διαφό-

107 732 245 785 ρους
277 716 555 778 οὑσιώδεις
594 732 654 769 τε
700 718 795 769 καὶ
825 714 1182 777 επουσιὼόεις
1222 714 1526 783 ποιότητας
1558 713 1699 767 κτώ-

109 825 253 877 μενα
278 823 294 835 ⁶
324 808 464 861 κατὰ
494 808 593 879 τὴν
628 810 792 861 ποιὰν
825 808 934 861 τῶν
968 810 1252 878 στοιχείων
1286 809 1485 876 κρᾶσίν
1516 824 1576 860 τε
1606 808 1702 861 καὶ

106 898 405 953 ἀλλοίωσιν
431 900 523 953 τοῦ
551 899 861 970 πνρὸς,,τοῦ
894 901 1080 964 ἀέρος,
1113 897 1209 951 τοῦ
1242 898 1455 965 ὓδατος,
1476 899 1570 951 καὶ
1601 899 1699 970 τῆς

108 992 235 1061 γῆς·

180 1173 286 1239 κζ’.
315 1176 503 1230 ταῦτα
540 1178 650 1247 γὰρ
684 1176 822 1247 μόνα
858 1177 1103 1247 στοιχεῖα
1134 1177 1246 1230 τῶν
1282 1176 1553 1244 σωμάτων
1601 1192 1703 1228 κα-

110 1269 223 1319 λεῖν
258 1268 507 1332 ἀξιοῦσιν
544 1270 594 1321 οι
626 1271 868 1323 πλεῖστοι
898 1270 1007 1323 τῶν
1042 1268 1292 1339 φυσικῶν
1312 1283 1324 1298 ·
1355 1260 1431 1321 ὧν
1467 1269 1585 1321 εστι
1612 1267 1705 1319 καὶ

110 1362 136 1411 ὁ
168 1362 225 1409 ἑν
259 1361 468 1429 ἰατροῖς
500 1362 721 1430 δόκιμος
751 1360 992 1430 Γαληνός
1019 1376 1033 1389 ”
1084 1358 1185 1429 τὴν
1228 1358 1362 1427 ῦλην
1393 1357 1449 1410 δὲ
1480 1357 1577 1409 καὶ
1604 1354 1704 1425 τὴν

117 1450 405 1519 ποιότητα,
439 1454 559 1521 ἦτοι
586 1453 647 1504 τὸ
674 1447 838 1517 εἶδος,
870 1452 1050 1522 μόνως
1077 1449 1276 1520 ἀρχὰς,
1295 1448 1482 1519 ἀρχῶν
1510 1448 1701 1517 διαιρο-

112 1543 211 1610 ρὰν
243 1547 335 1596 καὶ
371 1546 655 1613 στοιχείων
678 1545 998 1614 τιθέμενοι·
1033 1544 1092 1596 τὺ
1121 1549 1219 1605 τὰς
1256 1544 1356 1611 μὲν
1381 1542 1559 1611 ἀρχὰς
1601 1542 1703 1595 οὐκ

110 1634 169 1697 ἐξ
197 1635 450 1704 ἀνάγκης
481 1637 768 1705 ὁμογενεῖς
790 1634 929 1688 εἶναι
959 1638 1074 1701 τοῖς
1104 1635 1428 1706 πράγμασιν
1454 1629 1529 1687 ὦν
1563 1637 1705 1688 εἰσιν

110 1726 306 1793 ἁρχαὶ,
336 1725 406 1777 τὰ
440 1725 495 1778 δὲ
525 1728 765 1795 στοιχεῖα
798 1725 1018 1787 πάντως
1054 1727 1312 1794 ὁμογενῆ.
1343 1727 1439 1779 Διὸ
1473 1726 1573 1795 τὴν
1604 1727 1704 1791 μιν

108 1817 292 1885 ἁπλῆν
324 1819 609 1885 ποιότητα,
662 1813 777 1871 οἷον
822 1819 924 1889 τὴν
970 1818 1284 1887 Θερμότητα
1330 1818 1363 1886 ἢ
1412 1818 1511 1888 τὴν
1540 1817 1704 1887 ξηρό-

1804 622 1937 690 alia)
1970 659 1985 683 ,
2040 630 2327 688 propterea
2387 622 2549 674 etiam
2589 618 3024 689 compositorum
3078 619 3290 687 species
3342 629 3397 675 et

1801 713 1989 783 plures
2018 720 2147 767 sunt
2174 722 2339 781 atque
2366 710 2683 766 differentes
2708 726 2740 765 a
2770 726 2829 766 se
2860 711 3117 776 invicem,
3153 711 3397 767 diversis

1802 818 1926 859 cum
1983 802 2447 860 substantialibus
2480 811 2595 856 tum
2625 804 2995 859 substantiam
3048 816 3398 870 consequen-

1818 898 1965 950 tibus
2022 896 2266 965 praedita:
2318 896 2722 966 qualitatibus;
2780 911 2878 964 pro
2953 896 3393 957 elementorum,

1810 987 1981 1057 ignis,
2011 989 2177 1053 aeris,
2208 1004 2365 1059 aqua:
2417 999 2471 1045 et
2527 1000 2687 1045 terra:
2721 987 2998 1043 mistionis
3029 988 3398 1043 alterationis—

1805 1095 1914 1150 que
1946 1084 2187 1135 ratione.

1876 1172 1968 1226 27.
2012 1172 2139 1227 Sola
2186 1174 2333 1228 enim
2378 1173 2491 1228 hac
2539 1172 2761 1241 plurimi
2795 1187 2861 1228 ex
2896 1171 3141 1243 physicis
3195 1186 3395 1240 corpo-

1806 1277 1927 1318 rum
1947 1266 2218 1319 elementa
2241 1280 2438 1319 vocare
2469 1265 2796 1333 dignantur;
2828 1279 3063 1331 quorum
3096 1279 3128 1318 ο
3156 1278 3391 1317 numero

1808 1375 2017 1429 magna:
2069 1358 2211 1414 inter
2264 1360 2509 1415 medii-os
2564 1363 2918 1412 auctoritatis
2974 1355 3217 1412 Galenus
3274 1368 3394 1421 est;

1806 1456 2098 1507 materiam
2134 1461 2318 1506 autem
2349 1462 2403 1505 et
2429 1453 2758 1521 qualitatem
2794 1450 2911 1505 sive
2954 1448 3213 1510 formam,
3250 1448 3399 1515 prin-

1806 1542 1949 1611 cipia
1983 1542 2271 1603 duntaxat.
2327 1540 2693 1595 diderentiam
2750 1540 2892 1592 inter
2930 1538 3200 1609 principia
3238 1536 3399 1608 1&0

1807 1644 1862 1687 et
1892 1634 2161 1687 elementa
2196 1634 2625 1695 constituentes,
2663 1632 2808 1701 quod
2840 1632 3111 1699 principia
3141 1631 3395 1699 ejusdem

1808 1737 1932 1777 cum
1971 1723 2055 1778 bis
2088 1724 2253 1778 rebus
2281 1737 2516 1792 quarum
2548 1730 2677 1776 sunt
2710 1721 2980 1790 principia
3016 1720 3233 1787 generis
3280 1734 3401 1772 esse

1808 1816 2034 1870 minime
2080 1830 2301 1871 necesse
2350 1816 2455 1882 sit;
2494 1830 2617 1869 cunt
2654 1816 2929 1867 elementa
2991 1811 3239 1878 ejusdem
3286 1826 3404 1865 om:

110 1923 270 1975 τητα,
306 1907 339 1976 ἢ
374 1908 471 1979 τὴν
500 1909 838 1978 ψυχρότητα,
874 1909 906 1978 ῆ
955 1910 1053 1980 τὴν
1085 1911 1387 1980 ὑγρότητα,
1437 1910 1703 1979 στοιχεῖόν

1812 1908 1941 1961 nino
1977 1910 2089 1961 sint
2118 1908 2359 1977 generis.
2410 1906 2530 1973 Qua
2572 1908 2639 1961 de
2691 1921 2855 1960 causa
2899 1905 3219 1974 qualitatem
3270 1904 3402 1956 sitn-

110 2018 245 2069 φεισι
277 2002 376 2069 τῆς
407 2000 665 2054 συνθέτου
696 2002 979 2071 ποιότητος
1007 2001 1105 2070 τῆς
1134 2001 1467 2071 θερμότητος
1494 2001 1611 2072 ἃμα
1635 2001 1702 2071 δὴ

111 2096 204 2145 καὶ
245 2092 566 2163 ξηρότητος,
604 2096 700 2146 καὶ
754 2095 920 2149 πάλιν
971 2096 1072 2165 τῆς
1116 2094 1457 2166 ψυχρότητος
1494 2096 1612 2165 ἅμα
1641 2096 1706 2165 δὴ

112 2186 206 2237 καὶ
244 2186 581 2256 ὑγρότητος*
628 2186 687 2237 τὸ
728 2184 773 2238 δ’
808 2185 1017 2239 ἁπλοῦν
1053 2186 1214 2256 σῶμα
1252 2184 1510 2253 σώματος
1560 2201 1706 2239 στοι-

112 2279 258 2345 χεῑον
315 2279 410 2328 τοὺ
444 2277 521 2347 μὴ
551 2276 749 2344 ἁπλοῦ,
781 2272 891 2330 οἷον
933 2277 995 2330 τὸ
1046 2277 1158 2348 πῦρ
1200 2277 1231 2347 ἢ
1267 2277 1357 2331 τὸν
1404 2278 1543 2346 ἀέρα
1589 2279 1707 2349 me

114 2370 259 2439 ὕδωρ
318 2370 353 2440 ἢ
412 2371 511 2439 τὴν
574 2370 721 2439 γῆν,
781 2374 1049 2440 στοιχεῖον
1103 2371 1356 2441 σώματος
1414 2370 1512 2423 τοῦ
1578 2386 1708 2425 συν-

114 2462 299 2517 θέτου.
335 2462 504 2531 Σῶμα
534 2462 644 2533 γὰρ
674 2463 882 2516 ἁπλοῦν
921 2462 1021 2535 ὕλη
1061 2466 1202 2534 μετὰ
1230 2465 1549 2533 ποιότητος·
1581 2463 1706 2534 θερ-

115 2555 354 2623 μότητος
407 2555 569 2627 τυχδν
605 2556 637 2630 ἢ
673 2556 1011 2628 ψυχρότητος
1071 2556 1424 2629 ῆξηρόττιτος
1471 2556 1505 2627 ἢ
1547 2558 1708 2628 ὑγρό-

116 2663 305 2718 τητος.

187 2927 303 2990 κη’.
369 2920 451 2974 Τὰ
522 2920 623 2991 μὲν
694 2918 787 2972 οὖν
849 2919 1118 2989 εἰρημένα
1168 2919 1412 2989 τέσσαρα
1466 2923 1710 2991 στοιχεῖα

120 3015 343 3083 καθαρὰ
391 3013 487 3065 καὶ
518 3012 793 3082 εἰλικρινῆ
852 3011 979 3073 νοῦς
1032 3015 1192 3081 μόνος
1249 3007 1359 3064 οῐδε
1411 3012 1710 3081 διακρίνων

121 3107 275 3175 όρᾷν.
311 3103 445 3157 Οὑδὶ
477 3106 582 3174 γάρ
614 3107 765 3156 ἐστιν
809 3104 961 3156 οὑδὶν
994 3104 1176 3156 αὑτῶν
1215 3104 1417 3172 ἀμιγὲς
1464 3106 1574 3157 τῶν
1604 3104 1710 3158 λοι-

1809 2004 2031 2072 plicem,
2085 2003 2237 2056 verbi
2275 2002 2472 2071 gratia.
2529 2002 2893 2066 caliditatem,
2928 2007 3024 2052 aut
3076 2000 3401 2060 siccitatem,

1810 2107 1902 2149 aut
1933 2095 2314 2165 (rigiditatem.
2348 2101 2444 2148 aut
2493 2092 2875 2147 humiditatem
2910 2092 3232 2161 compositae
3260 2105 3404 2159 qua-

1809 2188 1977 2243 litatis
2014 2188 2348 2243 elementum
2382 2202 2502 2242 esse
2549 2187 2727 2250 aiunt,
2787 2186 3084 2240 caliditatis
3136 2185 3401 2239 nimirum

1809 2290 1864 2337 et
1903 2282 2174 2337 siccitatis
2228 2282 2416 2347 simul,
2454 2296 2761 2348 rursusque
2793 2277 3109 2347 frigiditatis
3150 2278 3314 2333 simul
3346 2286 3402 2331 et

1812 2376 2201 2441 humiditatis;
2234 2374 2464 2443 simplex
2517 2374 2644 2426 item
2697 2386 2923 2438 corpus,
2970 2371 3221 2439 corporis
3278 2384 3391 2422 non

1824 2467 2097 2538 simplicis
2154 2468 2485 2522 elementum
2517 2484 2531 2523 :
2564 2467 2796 2533 exempli
2832 2465 3027 2535 gratia,
3054 2464 3232 2533 ignem
3258 2503 3273 2527 ,
3309 2470 3405 2516 aut

1813 2576 2028 2622 aerem,
2060 2570 2154 2614 aut
2184 2573 2406 2626 aquam,
2446 2565 2541 2610 aut
2575 2568 2797 2619 terram,
2836 2556 3121 2624 cntitpositi
3149 2556 3399 2624 corporis

1814 2657 2176 2711 elementum.
2246 2653 2491 2718 Simplex
2542 2651 2691 2705 enim
2748 2666 2943 2718 corpus
3002 2657 3109 2712 est,
3170 2649 3402 2703 materia

1812 2764 1939 2803 eum
1991 2749 2262 2817 qualitate
2314 2746 2632 2815 conjuncta,
2668 2759 2795 2799 cum
2848 2742 3136 2797 caliditare
3189 2741 3404 2798 scilicet

1812 2850 1907 2895 aut
1940 2840 2271 2909 frigiditate,
2306 2848 2398 2893 aut
2428 2840 2703 2901 siccitate,
2734 2849 2827 2891 aut
2857 2838 3201 2890 Inumiditate.

1882 2935 1977 2988 28.
2014 2932 2249 2987 Proinde
2299 2932 2445 2985 dicta
2504 2932 2621 2985 haec
2666 2941 2905 2999 quatuor
2964 2929 3235 2983 elementa
3287 2928 3403 2983 sola

1815 3048 1971 3087 mens
2030 3033 2353 3085 discernens
2407 3028 2611 3082 intueri
2664 3035 2843 3095 potest
2894 3026 2963 3081 ⁸⁸.
3021 3027 3208 3093 Neque
3257 3027 3403 3079 enim

1816 3123 1987 3177 ullum
2016 3138 2206 3177 eorum
2262 3138 2288 3173 a
2339 3116 2663 3174 caat'erornm
2717 3118 3099 3173 commistione
3160 3118 3408 3172 immune

123 3195 277 3247 πῶνο
337 3194 472 3247 διότι
535 3195 714 3246 πάντα
770 3194 1081 3246 νενόϐευται
1148 3197 1259 3255 τοῖς
1308 3196 1705 3264 ἑτερογενέσιν,

1811 3224 1899 3271 est
1928 3232 1943 3281 ;
1977 3226 2266 3283 propterea
2299 3215 2443 3283 quod
2471 3215 2656 3268 omnia
2690 3215 2758 3266 ab
2779 3212 2863 3266 eis
2894 3227 3015 3279 qua:
3047 3212 3193 3265 aliud
3233 3228 3408 3281 genus

122 3288 303 3339 εἵτουν
338 3286 664 3355 ὲτεροειδέσι
714 3286 810 3337 καὶ
848 3284 1244 3354 ἀναμέμικται,
1292 3288 1382 3338 καὶ
1420 3286 1624 3356 μᾶλλον
1675 3287 1706 3356 ἢ

122 3373 287 3449 ἦττον
316 3377 563 3446 αλλήλων
614 3377 975 3447 μετείληφεν·
1029 3376 1168 3429 ὥστε
1201 3378 1343 3429 κατὰ
1391 3379 1451 3430 τὺ
1478 3380 1710 3450 ἐπικρα-

124 3473 248 3523 τοῦν
290 3470 353 3523 τὸ
389 3473 490 3541 μὲν
543 3470 653 3541 πῦρ
700 3471 1087 3543 ὀνομάζεσθαι,
1112 3472 1172 3525 τὸ
1205 3472 1250 3523 δ’
1275 3470 1420 3542 ὕδωρ
1445 3489 1461 3505 '
1510 3479 1604 3527 καὶ
1646 3474 1709 3526 τὸ

129 3566 225 3634 μὲν
264 3566 429 3633 ἀέρα,
458 3564 519 3616 τὸ
550 3564 604 3617 δὲ
630 3564 761 3633 γῆν.

195 3749 304 3803 κθ¹.
336 3747 506 3802 Τοῦτο
532 3748 576 3802 δ’
606 3750 940 3821 ὑπαγορεύει
967 3751 1060 3804 καὶ
1087 3750 1226 3823 αῦτη
1262 3755 1293 3821 ἡ
1323 3752 1601 3827 αἴσθησις.
1646 3755 1711 3812 Ἦ

129 3846 234 3912 γὰρ
271 3841 347 3911 γῆ
376 3844 661 3911 συνέχεται
722 3842 822 3910 μὲν
861 3845 957 3897 καὶ
1003 3845 1064 3897 οὑ
1121 3845 1594 3915 κατατέθραυσται
1640 3852 1707 3920 τῇ

133 3937 433 4007 συμπλοκῇ
456 3936 547 3988 τοῦ
583 3936 776 3998 ὓδατος
803 3937 971 3989 οἱονεί
995 3953 1102 3990 τινι
1132 3938 1298 4009 κόλλῃ
1328 3940 1708 4013 συνδεδεμένη.

131 4028 457 4099 Κέχρωσται
491 4028 547 4080 δὲ
610 4032 702 4080 καὶ
769 4028 1199 4099 ἀνεζωπύρηται
1259 4031 1336 4102 τῷ
1363 4032 1494 4102 πυρί
1520 4048 1537 4066 ο
1569 4033 1712 4104 πλήο

134 4139 227 4189 ρης
289 4123 349 4175 δέ
404 4124 552 4174 ἐστιν
600 4122 690 4174 ἀεὶ
736 4121 815 4190 τῷ
846 4121 988 4190 κενῷ
1020 4123 1209 4192 χώραν
1245 4125 1320 4195 μὴ
1341 4125 1578 4192 διδοῦσα,
1605 4128 1711 4181 κᾶν

129 4214 383 4285 ἀπορρέῃ
437 4214 525 4265 διὰ
581 4214 679 4283 τὴν
731 4213 826 4266 τοῦ
874 4215 1038 4285 ἀέρος
1081 4216 1457 4286 παρείσδυσιν.
1492 4217 1584 4270 Διὸ
1618 4220 1712 4271 καὶ

129 4306 362 4376 ἱστηκεν
385 4307 564 4375 ὄρθιος
591 4309 683 4359 καὶ
708 4306 959 4376 ἀνέχεται
991 4309 1067 4383 μὴ
1097 4312 1441 4365 πεπτωκυῖα.
1466 4310 1624 4365 Οὕτω
1650 4311 1711 4366 δὲ

130 4402 267 4453 κάπὶ
294 4400 406 4453 τῶν
447 4399 623 4451 ἄλλων
656 4400 937 4468 στοιχείων
970 4399 1117 4452 ἐστιν
1150 4400 1351 4469 εὑρεῖν.

202 4493 268 4548 λ’.
311 4493 475 4545 Ἀλλὰ
510 4494 603 4545 καὶ
653 4492 748 4544 ἀπ’
781 4492 951 4561 αὐτῆς
1011 4495 1108 4563 τῆς
1172 4492 1551 4563 στοιχειώδους
1605 4498 1709 4566 φὺ-

1809 3322 1905 3362 seu
1935 3308 2098 3359 aliam
2152 3308 2388 3372 speciem
2455 3306 2680 3369 habent,
2721 3306 3031 3357 adulterata
3080 3313 3133 3358 et
3166 3320 3288 3357 cum
3322 3307 3405 3359 eis

1810 3401 2070 3470 permista
2121 3409 2271 3462 sunt,
2311 3408 2364 3453 et
2398 3414 2455 3454 se
2495 3399 2631 3467 ipsis
2664 3398 2895 3452 invicem
2962 3399 3137 3466 magis
3186 3410 3281 3452 aut
3306 3401 3407 3453 mi-

1810 3508 1915 3547 nus
1974 3493 2404 3555 communicant,
2465 3502 2522 3545 ut
2567 3492 2689 3557 ejus
2732 3491 2908 3559 gratia
2965 3492 3115 3560 quod
3196 3494 3405 3560 praedo-

1810 3584 2060 3638 minatnr
2090 3584 2237 3638 aliud
2292 3583 2457 3654 ignis,
2499 3582 2645 3636 aliud
2690 3597 2855 3650 aqua,
2922 3583 3074 3637 aliud
3108 3598 3221 3650 aer,
3256 3585 3406 3639 aliud

1810 3684 1955 3731 terra
1992 3686 2366 3747 nuncupetur.

1878 3766 1970 3822 29.
2008 3768 2061 3820 ld
2081 3770 2223 3836 quod
2260 3767 2413 3838 14],
2447 3769 2611 3823 etiam
2646 3769 2761 3837 ipse
2820 3782 3017 3824 sensus
3065 3770 3400 3825 subindicat.

1826 3858 1999 3915 Terra
2028 3862 2171 3916 enim
2203 3876 2298 3931 per
2322 3876 2479 3931 aqua
2495 3862 2836 3931 complexum
2853 3863 3017 3917 veluti
3039 3864 3245 3933 glutine
3268 3882 3405 3934 quo—

1811 3954 1936 4007 dam
1972 3954 2225 4009 devineta
2256 3956 2579 4010 continetur
2612 3964 2665 4009 et
2705 3970 2811 4010 non
2846 3956 3123 4011 confracta
3146 3967 3266 4025 est;
3314 3975 3407 4025 per

1810 4048 1988 4119 ignem
2016 4049 2197 4101 colore
2216 4047 2411 4103 infecta
2433 4059 2485 4103 et
2508 4050 2767 4103 suscitata
2792 4058 2896 4113 est;
2928 4050 3084 4118 plena
3110 4052 3234 4103 item
3261 4066 3407 4106 sem-

1811 4153 1906 4207 per
1932 4148 2018 4193 est
2041 4138 2216 4194 locum
2241 4153 2415 4192 vacuo
2442 4154 2547 4192 non
2574 4140 2905 4205 concedens,
2925 4142 3139 4198 tametsi
3174 4154 3403 4213 prapter

1812 4232 1956 4285 aeris
1988 4231 2490 4300 subingressionem
2518 4231 2747 4286 tliﬂluat.
2777 4232 2890 4299 Qua
2908 4233 2977 4287 de
3032 4248 3195 4288 causa
3237 4238 3401 4291 etiam

1812 4334 1995 4379 erecta
2039 4334 2143 4377 stat
2164 4324 2230 4389 δ’,
2272 4331 2329 4377 et
2377 4324 2551 4378 ruina
2592 4339 2791 4392 expers
2838 4333 3197 4383 sustentatur.
3249 4325 3402 4394 Quod

1814 4412 1958 4469 idem
1990 4413 2155 4467 etiam
2191 4412 2245 4465 in
2278 4413 2495 4467 caeteris
2528 4412 2815 4466 elementis
2853 4411 3074 4481 perinde
3111 4415 3403 4482 reperitur.

1884 4503 1976 4558 50.
2012 4504 2116 4557 Sed
2162 4512 2217 4558 et
2250 4505 2318 4558 ab
2368 4504 2485 4572 ipsa
2536 4504 2862 4558 elementari
2899 4513 3095 4557 natura
3140 4505 3194 4558 id
3255 4510 3401 4575 quod

133 4604 273 4648 σεως
320 4586 438 4638 ἐστι
485 4585 547 4638 τὸ
589 4585 883 4654 λεγόμενον
930 4586 1278 4653 κατανοῆσαι.
1323 4586 1403 4641 Τὰ
1436 4590 1543 4660 γὰρ
1568 4606 1708 4644 στοι-

1820 4599 2019 4654 dicitur
2050 4596 2454 4652 animadvertas
2489 4596 2636 4651 licet.
2678 4597 2957 4651 Elementa
2990 4598 3136 4652 enim
3193 4608 3251 4651 ut
3284 4600 3401 4653 elc-

132 4682 277 4749 χεία,
308 4678 447 4730 καθὸ
478 4681 741 4747 στοιχεῖα,
784 4678 906 4730 καθ’
940 4679 1081 4731 αὐτά
1113 4678 1211 4745 μὲν
1245 4678 1482 4749 οὐδαμοῦ
1529 4684 1713 4736 ἐστιν’

134 4772 327 4837 ὥσπερ
375 4770 500 4822 οὑδὶ
537 4769 605 4823 τὰ
662 4770 759 4822 τοῦ
808 4770 968 4837 λόγου
1004 4774 1245 4841 στοιχεῖα
1290 4773 1363 4827 τὰ
1392 4775 1566 4827 εῐκοσι
1598 4776 1718 4829 τόσ-

135 4878 278 4929 σιρα
304 4877 317 4891 ⁸
358 4861 425 4913 δι’
466 4861 713 4929 ἀλλήλων
754 4860 799 4913 δ’
832 4862 918 4913 ἀεὶ
965 4863 1325 4932 κεχωρηκότα
1365 4864 1427 4917 τὸ
1461 4864 1717 4921 σύνθετον

134 4951 475 5006 ἀποδιδόασι.
504 4953 609 5005 Καὶ
643 4953 753 5022 γὰρ
796 4952 985 5021 ὥσπερ
1013 4954 1083 5006 τὰ
1125 4956 1269 5025 μέρη
1304 4957 1399 5009 τοῦ
1427 4957 1551 5011 ὅλου
1585 4978 1717 5029 τυγ-

134 5045 288 5111 χάνει
339 5044 509 5113 μέρη,
547 5047 640 5098 καὶ
696 5046 818 5096 καθ’
856 5046 999 5098 αὐτὰ
1030 5043 1174 5100 εἶναι
1213 5050 1272 5101 οὑ
1303 5044 1528 5104 δύναται
1573 5054 1714 5124 μέρη

133 5138 265 5188 οντα
287 5151 303 5165 ο
334 5135 484 5187 οὕτω
512 5137 605 5187 καὶ
638 5135 708 5188 τὰ
739 5140 981 5207 στοιχεῖα
1008 5138 1102 5192 τοῦ
1135 5140 1396 5194 συνθέτου
1426 5144 1542 5195 ἐστὶ
1574 5160 1714 5198 στοι-

135 5230 280 5298 χεῖα,
306 5230 404 5281 καὶ
450 5226 518 5279 δι’
544 5228 791 5297 ἀλλήλων
846 5232 935 5283 ἀεὶ
978 5232 1287 5303 κεχώρηκε,
1334 5237 1429 5290 καὶ
1458 5236 1716 5291 οὐδέποτε

135 5318 256 5369 καίν
284 5317 430 5369 αὐτὰ
464 5317 773 5387 ὑφέστηκεν
801 5334 815 5351 ο
855 5319 1109 5390 ἀλλήλοις
1139 5323 1197 5376 δὲ
1235 5324 1455 5394 πρῶτον
1483 5343 1717 5382 συνανα-

135 5412 416 5481 κραθιντα
445 5411 541 5463 καὶ
570 5409 693 5463 κατ’
728 5413 1089 5482 ἐπικράτειαν
1115 5415 1236 5481 ἑνὸς
1265 5418 1676 5491 εἰδοποιηθέντα
1698 5437 1714 5453 ⁶

135 5506 310 5569 οὕτως
347 5504 423 5566 ὡς
452 5504 512 5568 ἐξ
546 5506 729 5559 ἁπλῶν
752 5507 860 5560 τῶν
889 5509 1009 5560 κατ’
1032 5511 1397 5581 ἐπικράτειαν
1426 5516 1569 5568 κατὰ
1596 5515 1713 5569 δευ-

133 5596 303 5661 τέραν
339 5592 594 5646 σύνθεσιν
643 5596 715 5649 τά
752 5613 810 5649 τε
854 5596 973 5661 ζῶα
1013 5600 1313 5656 συνιστῶσι
1343 5605 1440 5658 καὶ
1470 5606 1543 5660 ’τὰ
1571 5608 1714 5677 φυτὰ

137 5690 228 5738 καὶ
254 5686 324 5739 τὰ
360 5688 507 5757 μέρη
537 5688 741 5743 αὑτῶν.

1817 4702 1999 4747 menta
2032 4708 2126 4763 per
2154 4708 2213 4745 se
2249 4706 2521 4760 nusquam
2555 4699 2723 4755 sunt;
2788 4690 3256 4759 quemadmodum
3302 4708 3403 4746 nec

1814 4786 2078 4840 orationis
2109 4784 2376 4839 elementa
2424 4783 2612 4853 viginti
2658 4793 2929 4852 quatuor;
2994 4782 3087 4836 sed
3145 4784 3285 4837 inter
3341 4801 3402 4838 se

1815 4888 2007 4931 mutuo
2031 4877 2392 4932 commeantia
2444 4877 2808 4944 compositmn
2872 4890 3077 4943 corpus
3130 4877 3396 4930 eﬂiciunt.

1815 4969 2291 5037 Quemadmodum
2350 4970 2496 5023 enim
2549 4978 2734 5038 partes
2792 4968 2963 5022 totius
3016 4978 3143 5021 sunt
3195 4980 3399 5037 partes,

1820 5076 1918 5116 nec
1949 5063 2238 5129 separatim
2280 5071 2332 5117 et
2359 5077 2453 5131 per
2488 5077 2547 5116 se
2578 5076 2701 5116 esse
2734 5070 2988 5129 possunt,
3024 5075 3149 5114 cum
3211 5075 3398 5131 partes

1819 5152 1950 5218 sint,
2012 5154 2093 5206 sic
2121 5154 2289 5208 etiam
2324 5156 2593 5209 elementa
2633 5154 2921 5222 compositi
2956 5153 3399 5219 suntelementa,

1819 5253 1873 5300 et
1906 5260 2003 5314 per
2033 5261 2092 5301 se
2120 5247 2353 5301 invicem
2383 5259 2713 5311 commeant,
2746 5261 2844 5299 nec
2877 5262 3119 5315 unquam
3170 5263 3400 5319 separa-

1815 5335 1914 5389 tim
1950 5337 2261 5392 subsistunt
2294 5356 2308 5404 ;
2346 5352 2532 5393 verum
2566 5340 2707 5392 inter
2752 5354 2811 5394 se
2868 5340 3099 5394 invicem
3157 5342 3395 5407 primum

1819 5430 2112 5483 commista
2166 5440 2222 5484 et
2263 5447 2358 5503 per
2391 5432 2558 5487 unius
2609 5432 3026 5502 praepmentiam
3075 5429 3398 5497 informata,

1824 5520 1899 5574 ita
1964 5519 2186 5575 demum
2244 5538 2309 5576 ex
2364 5524 2447 5579 his
2489 5540 2609 5594 qua:
2663 5525 2960 5594 praevalent
3031 5532 3091 5577 ut
3147 5540 3212 5578 ex
3268 5527 3400 5577 sim-

1822 5612 2078 5681 plicibus,
2142 5615 2473 5671 secundaria
2520 5616 2921 5686 compositione
2965 5631 3089 5669 cum
3139 5617 3394 5672 animalia

1823 5713 1937 5759 tum
1978 5707 2193 5776 plantas
2211 5710 2647 5780 earumdemque
2674 5720 2853 5779 partes
2885 5707 3147 5764 eﬂiciunt.

288 5801 326 5854 Ξ
456 5811 600 5890 ortu_
639 5805 934 5890 etainteritu
962 5820 1007 5860 ο.
1070 5807 1124 5861 5.
1150 5806 1361 5890 Fernel.
1390 5815 1483 5871 lib.
1518 5817 1551 5871 2
1587 5817 1660 5873 De
1679 5818 1986 5877 elementis.
2028 5821 2149 5879 Jov.
2173 5822 2453 5881 Pontanus
2486 5826 2579 5881 lib.
2626 5826 2681 5890 ε,
2731 5827 2803 5881 De
2838 5822 3000 5879 rebus
3060 5824 3394 5879 cmlestibus.

136 5871 286 5925 vl's.
346 5887 541 5945 civ,_v.
570 5873 637 5941 5;
674 5874 1019 5933 Ecclesiaste
1045 5892 1085 5942 t,
1118 5893 1170 5932 v.
1199 5879 1254 5944 4,
