4208 6440
664 386 798 449 1139

733 503 998 568 H.0und
1038 511 1217 555 autem
1250 517 1360 554 non
1385 501 1460 553 ita
1528 500 1684 552 mul.i
1719 510 1967 565 cometa,
2015 513 2113 553 nec
2153 500 2225 552 ita
2258 501 2306 557 Α

658 595 854 650 crebro
886 606 943 649 ut
967 594 1135 647 stellze
1168 591 1540 660 prosilit-mes,
1598 591 1870 645 exsistunt
1904 608 1919 657 ;
1979 591 2236 660 quodque

658 690 821 743 etiam
852 685 1255 752 quiexsistunt,
1298 694 1450 737 extra
1494 685 1676 753 potius
1702 700 1862 753 quam
1892 685 2029 738 intra
2066 684 2237 754 tropi-

660 794 756 835 cos
782 780 1094 833 exsistunt:
1136 791 1357 829 causam
1388 790 1512 830 esse
1541 789 1766 830 censent
1801 776 1933 831 solis
1975 778 2237 831 aliorum-

660 888 767 941 que
797 872 1135 940 planetarum
1171 879 1378 921 motum
1415 885 1427 922 :
1469 870 1557 936 qui
1598 884 1723 922 cum
1795 870 1937 923 intra
1996 872 2236 939 tropicos

659 968 982 1014 moveantur
1018 960 1129 1030 (hic
1162 960 1306 1013 enim
1350 958 1595 1027 signiferi
1648 960 1851 1014 circuli
1877 961 1928 1014 in
1973 977 2087 1029 quo
2117 978 2235 1017 mo-

661 1064 749 1107 tus
794 1053 1135 1123 planetarum
1195 1052 1495 1120 pcrlicitur,
1562 1053 1703 1107 situs
1778 1055 1905 1121 est),
1950 1054 2237 1110 densiores

657 1156 712 1198 ct
789 1146 1140 1211 conglobatus
1209 1144 1609 1206 exbalationes,
1690 1161 1810 1210 qua:
1892 1155 2230 1206 cometarum

660 1248 788 1292 sunt
839 1239 1087 1302 materia,
1138 1240 1456 1307 disgregant
1495 1250 1552 1294 ut
1598 1240 1886 1308 plttrimum
1962 1256 2015 1293 et
2086 1256 2236 1297 exte-

655 1341 827 1385 nuant
852 1332 915 1387 ".

731 1424 815 1477 1:2.
850 1424 1083 1478 Maxime
1109 1433 1291 1477 autem
1318 1423 1368 1477 iu
1400 1438 1567 1477 causa
1620 1439 1741 1479 esse
1801 1427 2037 1489 videtur,
2090 1431 2235 1495 qqu

657 1518 711 1570 in
750 1516 872 1572 istis
922 1518 1166 1585 partibus
1210 1526 1442 1570 cometze
1482 1532 1588 1570 non
1628 1519 1907 1584 oriuntur,
1950 1522 2073 1589 quia
2126 1520 2237 1575 fere

660 1614 711 1665 in
765 1612 921 1664 lactis
976 1611 1279 1675 regionem,
1330 1608 1491 1677 158
1554 1609 1654 1664 hoc
1716 1621 1823 1672 cst,
1867 1629 1917 1663 In
1969 1614 2235 1667 circulum

660 1704 938 1756 Gala\iam
1009 1702 1244 1755 maxima
1316 1702 1584 1770 (‘justttodi
1643 1704 2050 1759 exlialatinnum
2111 1723 2238 1776 pars

660 1799 1000 1862 cXCt'l'llilIll‘,
1061 1800 1372 1870 ibidemque
1430 1801 1657 1855 collecta
1710 1801 1882 1856 lucem
1932 1820 2051 1857 eam
2114 1820 2235 1874 quae

662 1892 1001 1955 conspicitur
1020 1893 1203 1946 eﬂicit.

741 1986 826 2039 i5.
864 1985 1338 2050 Quemadmodum
1382 1987 1526 2039 enim
1587 1988 1757 2042 Stellae
1813 1988 2060 2057 quadam
2106 2004 2228 2043 cum

662 2089 907 2133 errantes
938 2080 1002 2144 ⁷⁸,
1037 2090 1148 2132 ιιιιη
1174 2080 1502 2145 inerrantes,
1536 2081 1766 2146 crinitae,
1808 2091 1864 2133 ut
1899 2084 2103 2135 dictum
2122 2093 2227 2149 est,

665 2176 714 2226 vi
743 2179 951 2237 tentur,
975 2190 1095 2225 cum
1127 2171 1265 2224 inlra
1294 2173 1441 2240 ipsas
1499 2172 1718 2226 densior
1768 2174 2044 2229 exhalatio
2100 2192 2231 2229 con-

664 2265 862 2318 crescit
900 2274 952 2317 et
987 2252 1359 2316 inﬂammatur
1400 2274 1454 2318 et
1483 2279 1608 2318 cum
1646 2265 1779 2335 ipsis
1810 2267 1971 2321 simul
2002 2283 2233 2322 conver-

664 2360 832 2410 titur:
893 2358 973 2411 sic
1024 2357 1493 2424 etiam'inlactco
1522 2358 1728 2413 circulo
1788 2376 1872 2415 res
1911 2375 1969 2415 se
2028 2361 2233 2417 habere

662 2454 898 2506 videtur.
926 2452 1077 2517 Quod
1118 2452 1264 2505 enim
1292 2452 1567 2505 exhalatio
1601 2467 1683 2515 ea,
1720 2468 1841 2521 qum
1894 2454 2037 2507 circa
2069 2470 2230 2507 unam

663 2547 973 2615 quampiam
1009 2546 1221 2597 stellam
1254 2544 1491 2609 exsistit,
1524 2544 1693 2598 crinis
1740 2546 1965 2615 ﬁguram
2008 2547 2178 2602 efﬁcit
2214 2564 2229 2615 ;

663 2642 805 2694 idem
841 2642 1003 2695 etiam
1046 2640 1171 2693 dum
1202 2642 1253 2693 in
1286 2640 1354 2694 iis
1384 2642 1557 2695 Stellis
1591 2641 1642 2694 in
1679 2642 1875 2709 quibus
1906 2644 1989 2698 lac
2007 2654 2233 2712 apparet

668 2733 828 2787 simul
861 2736 937 2796 lit,
977 2732 1244 2786 ciiculum
1303 2734 1447 2786 hunc
1505 2736 1595 2798 qui
1652 2734 1856 2790 lacti-us
1904 2738 2231 2805 appellatur,

668 2826 881 2880 eﬂiceie
915 2827 1148 2880 videtur.
1182 2826 1331 2891 Quod
1356 2827 1515 2895 igitur
1540 2829 1680 2882 circa
1741 2845 1900 2881 uuutn
1952 2832 2231 2885 stellarum

670 2919 787 2973 ﬁeri
811 2929 1013 2988 potest,
1049 2918 1100 2972 id
1127 2919 1368 2972 etiamin
1399 2920 1655 2973 univchu
1680 2924 1818 2973 caelo
1851 2922 1964 2974 lieri
2005 2938 2110 2975 non
2152 2932 2235 2977 est

663 3014 1173 3070 inconscntaueum.
1210 3011 1267 3064 Si
1299 3011 1443 3064 enim
1484 3012 1651 3065 unius
1694 3015 1861 3066 stella:
1903 3025 2083 3067 motus
2108 3015 2174 3068 lat
2197 3018 2235 3069 it

671 3105 775 3157 tale
808 3103 1035 3169 aliquid,
1067 3117 1174 3155 non
1210 3101 1507 3155 absurdum
1560 3112 1644 3157 est
1693 3104 2033 3167 existimare,
2088 3106 2232 3175 quod

1850 382 2270 442 NlCEPliOlil
2318 384 2608 443 BLEMMI
2627 384 2740 444 DA!

3784 374 3921 437 111‘.)

2406 502 2497 556 ια’.
2531 502 2637 552 Τοῦ
2674 500 2729 552 ὁὶ
2787 499 2862 568 μὴ
2918 497 3164 565 γίνεσθαι
3210 493 3437 555 πολλοὺς
3488 492 3734 561 κομήτας
3783 493 3921 559 μηδὲ

2339 593 2658 654 πλειστάκις
2689 592 2765 654 ὡς
2790 593 2838 644 oi
2887 590 3213 659 διᾴττοντες,
3243 587 3380 638 ἀλλά
3426 586 3521 639 καὶ
3547 585 3672 645 τοὺς
3700 587 3922 651 γινομέ-

2339 704 2463 749 νους
2518 685 2672 745 ἐκτὸς
2720 686 2828 737 τῶν
2887 680 3165 751 τροπικῶν
3210 678 3459 745 γίνεσθαι
3513 677 3713 744 μᾶλλον
3770 676 3921 742 ᾗπερ

2340 785 2511 843 ἐντὸς,
2549 781 2731 834 αἰτίαν
2775 778 2992 831 τιθέασι
3026 775 3124 845 τὴν
3156 773 3250 827 τοῦ
3282 773 3435 841 ἡλίου
3473 771 3565 822 καὶ
3592 768 3703 820 τῶν
3743 767 3923 820 ἄλλων

2341 874 2631 945 πλανητῶν
2667 873 2902 940 κίνησιν,
2945 869 2995 922 οἶ
3045 868 3249 938 μεταξὺ
3284 866 3393 920 τῶν
3427 863 3707 931 τροπικῶν
3739 861 3920 912 κινού-

2344 983 2494 1037 μενοι
2556 964 2804 1034 (τοιαύτη
2844 963 2955 1032 γὰρ
3003 964 3035 1032 ἡ
3086 961 3181 1013 τοῦ
3215 958 3487 1023 ζωδιακοῦ
3518 958 3667 1017 θέσις
3699 953 3820 1006 καθ’
3859 953 3919 1003 ὃν

2338 1065 2447 1116 τῶν
2480 1059 2769 1126 πλανητῶν
2803 1060 2835 1124 ἠ
2874 1058 3110 1125 κίνησις)
3140 1055 3481 1123 διακρίνουσι
3514 1052 3583 1103 τὰ
3610 1049 3781 1100 πολλά
3827 1049 3921 1099 καὶ

2340 1153 2662 1207 λεπτύνουσι
2686 1154 2783 1212 τὰς
2825 1149 3165 1217 πυκνοτέρας
3196 1147 3288 1200 καὶ
3316 1143 3698 1211 πεπιλημένας
3720 1140 3921 1194 ἀναθυ-

2346 1249 2559 1309 ιιάσεις,
2595 1246 2819 1308 αἵτινές
2862 1246 3001 1297 είσιν
3036 1243 3134 1312 ὕλη
3171 1240 3280 1294 τῶν
3315 1238 3594 1307 κομητῶν.

2414 1434 2502 1503 ιβ’.
2540 1432 2792 1487 Μάλιστα
2821 1429 2865 1482 δ’
2895 1428 3045 1482 αίτίσ.
3079 1428 3226 1480 δοκεῖ
3265 1424 3361 1478 τοῦ
3393 1424 3466 1492 μὴ
3498 1422 3743 1488 γίνεσθαι
3774 1418 3919 1470 κατὰ

2340 1531 2511 1585 ταῦτα
2534 1527 2598 1579 τὰ
2637 1524 2777 1593 μέρη
2817 1522 3087 1588 κομήτας,
3116 1520 3192 1582 ὠς
3243 1520 3446 1571 ἐπίπαν
3477 1518 3539 1569 τὸ
3570 1518 3649 1575 εἰς
3692 1515 3794 1580 τὴν
3819 1511 3919 1564 τοῦ

2342 1624 2615 1691 γάλακτος
2648 1621 2855 1691 χώραν.
2885 1619 3053 1687 ἤγουν
3090 1618 3167 1675 είς
3196 1615 3286 1666 τὸν
3320 1611 3580 1679 γαλαξίαν
3607 1607 3828 1670 κύκλον,
3860 1604 3922 1655 τὸ

2343 1717 2595 1768 πλεῖστον
2651 1714 2758 1765 τῶν
2823 1710 3081 1762 τοιούτων
3131 1704 3553 1771 ἀναθυμιάσεων
3617 1696 3918 1763 ἀποκρίνε-

2346 1807 2502 1860 σθαι·
2544 1806 2766 1859 κάκεῖσε
2813 1800 3226 1872 ἀθροιζόμενον,
3252 1795 3427 1847 ποιεῖν
3457 1791 3563 1861 (τὸ)
3592 1788 3920 1856 φαινόμενον

2340 1899 2475 1966 φῶς.

2412 1989 2504 2056 ιγ’.
2540 1990 2705 2041 Ὥστε
2740 1987 2849 2055 γάρ
2878 2001 3029 2046 τινες
3062 1982 3173 2035 τῶν
3226 1978 3471 2045 ἀστέρων
3501 1975 3533 2044 ῆ
3564 1973 3673 2025 τῶν
3699 1973 3911 2035 πλανη-

2341 2082 2450 2135 τῶν
2478 2082 2508 2151 ἢ
2541 2083 2635 2134 καὶ
2674 2080 2786 2132 τῶν
2834 2076 3092 2129 ἀπλανῶν
3132 2074 3417 2141 φαίνονται
3446 2066 3708 2134 κομῆται.
3742 2060 3914 2113 καθά-

2340 2194 2447 2246 περ
2466 2176 2700 2244 είρηται,
2726 2172 3125 2236 συνισταμένης
3150 2166 3241 2217 ὑπ’
3269 2162 3465 2222 αὐτοὺς
3499 2156 3915 2221 ἀναθυμιάσεως

2340 2268 2680 2336 πυκνοτέρας
2711 2268 2805 2317 καὶ
2835 2261 3208 2328 ἐξαπτομένης
3230 2257 3321 2308 καὶ
3358 2247 3913 2320 συμπεριιρερομὲνης

2341 2362 2527 2423 αὐτοῖς
2550 2374 2564 2389 ·
2602 2358 2745 2411 οὕτω
2774 2358 2921 2409 δοκεῖ
2951 2355 3088 2407 κάπί
3116 2351 3211 2404 τοῦ
3250 2348 3511 2417 γαλαξίου
3540 2340 3790 2410 γίνεσθαι
3822 2340 3913 2391 κὺ-

2341 2455 2493 2509 κλου.
2529 2456 2595 2506 Ὀ
2624 2453 2733 2520 γὰρ
2763 2453 2794 2518 ἡ
2841 2450 2967 2518 περὶ
3000 2448 3097 2500 ἕνα
3131 2445 3241 2496 τῶν
3275 2442 3526 2510 ἀστέρων
3552 2434 3916 2502 ἀναθυμίασις

2339 2544 2565 2614 τοιαύτη
2602 2543 2867 2613 γενομένη
2918 2540 3167 2607 κομήτην
3201 2536 3363 2596 ποιεῖ,
3414 2530 3575 2583 τοῦτο
3615 2526 3745 2587 περὶ
3789 2521 3915 2579 τοὶς

2341 2642 2576 2709 ἀστέρας
2618 2638 2732 2705 ἅμα
2768 2635 3049 2702 γινόμενον
3082 2629 3202 2684 καθ’
3232 2626 3323 2687 οὓς
3362 2624 3421 2676 τὸ
3450 2623 3591 2688 γάλα
3642 2620 3916 2685 φαίνεται,

2340 2736 2433 2790 τδν
2464 2731 2800 2799 καλούμενον
2852 2723 3118 2792 γαλαξίαν
3154 2719 3355 2771 κύκλον
3398 2716 3578 2769 ἔοικεν
3608 2709 3917 2763 ἀποτελεῖν.

2341 2829 2414 2882 Τδ
2443 2828 2621 2878 τοίνυν
2652 2828 2780 2890 περὶ
2829 2820 2925 2871 ἕνα
2986 2818 3094 2869 τῶν
3149 2814 3397 2880 ἀστέρων
3454 2805 3699 2876 γίνεσθαι
3738 2820 3919 2867 πεῖνα

2343 2920 2439 2979 κὸς
2461 2918 2559 2970 οὑκ
2583 2912 2804 2973 ἀπεικὸς
2839 2909 3085 2978 γίνεσθαι
3119 2907 3211 2958 καὶ
3241 2921 3306 2955 πε
3319 2904 3371 2972 pi
3397 2902 3487 2952 τὸν
3514 2900 3632 2949 ὅλον
3662 2892 3915 2964 οὐρανόν.

2344 3012 2409 3066 Εἰ
2442 3011 2550 3078 γὰρ
2594 3007 2710 3067 ἐνὸς
2757 3005 2988 3071 ἀστέρος
3020 3000 3237 3066 κίνησις
3276 2996 3421 3047 ποιεῖ
3450 3010 3501 3043 τι
3528 2988 3787 3047 τοιοῦτον,
3820 2984 3920 3035 οὑκ

2344 3106 2545 3159 ἄτοπον
2598 3096 2890 3150 ὑπολαϐεῖν
2944 3095 3037 3146 καὶ
3073 3093 3171 3158 τὴν
3223 3089 3332 3140 τῶν
3364 3086 3581 3138 πάντων
3612 3083 3830 3146 κίνησιν
3862 3078 3920 3128 τι

664 3199 909 3250 omnium
937 3196 1094 3248 ctiam
1120 3195 1311 3265 [stillat
1332 3194 1443 3263 una]
1474 3205 1649 3247 Inolus
1673 3198 1807 3249 idem
1837 3208 2092 3261 prae-tare
2114 3215 2237 3267 pus-

2346 3198 2476 3249 αὑτὸ
2503 3193 2766 3247 δύνασθαι
2800 3192 2975 3242 ποιεῖν
3004 3189 3077 3248 ὡς
3119 3183 3425 3248 ἐκριπίζειν
3457 3197 3511 3231 τε
3539 3178 3631 3229 καὶ
3663 3176 3922 3239 ἐξαπτειν

668 3290 759 3347 sit.
813 3300 871 3346 ut
915 3289 1311 3342 exlialatiouem
1351 3289 1453 3341 sibi
1502 3289 1777 3343 subditam
1818 3296 2157 3345 exsuscitcnl
2184 3301 2237 3343 ct

667 3389 1003 3444 iulizuvmcnt
1028 3399 1074 3438 et
1099 3401 1285 3439 secum
1320 3385 1561 3438 trahant.

745 3483 834 3536 Η.
866 3481 1133 3535 Caterum
1159 3479 1259 3531 hoc
1290 3478 1465 3546 potius
1506 3477 1619 3530 ﬁeri
1675 3487 2104 3532 consentaneum
2156 3485 2236 3530 est

668 3575 723 3628 in
748 3590 807 3628 ea
829 3573 1161 3639 cmlimarte,
1206 3571 1258 3622 in
1287 3585 1392 3636 qua
1452 3570 1636 3636 plures
1676 3569 1853 3622 densa:
1922 3577 1975 3621 et
2030 3584 2237 3634 magme

666 3667 837 3721 stella
884 3674 1031 3717 sunt.
1063 3663 1247 3728 Itaque
1302 3664 1355 3714 in
1391 3662 1627 3714 Zodiaco
1654 3662 1929 3713 exhalatio
1971 3661 2234 3728 ejusmodi

666 3768 719 3813 et
746 3757 1023 3812 concretio
1050 3770 1155 3808 nnn
1183 3762 1384 3815 manet,
1423 3763 1705 3819 prapterea
1741 3750 1902 3819 159
1964 3753 2108 3817 quod
2154 3749 2235 3803 sol

665 3861 721 3905 et
750 3850 927 3903 ceteri
956 3849 1183 3916 planetae
1236 3846 1328 3914 qui
1395 3862 1491 3913 per
1527 3844 1675 3897 hunc
1733 3851 2042 3906 morentur,
2088 3841 2238 3911 ejus-

666 3943 812 3997 modi
841 3942 1247 3996 concretionem
1279 3940 1664 4007 disgrcganti-t
1698 3946 2018 3990 extenuant.

750 4125 839 4179 £5,
863 4122 1013 4188 Quod
1048 4131 1225 4175 autem
1259 4120 1462 4174 lacteus
1493 4118 1733 4171 circolus
1768 4118 1858 4186 qui
1886 4127 1937 4172 et
1975 4117 2090 4186 ipse
2117 4132 2234 4170 ma-

670 4219 852 4273 ximus
881 4226 962 4270 est
989 4224 1042 4270 et
1073 4215 1331 4283 obliquus
1377 4224 1437 4266 ut
1484 4212 1776 4273 Zodiacus,
1826 4212 2067 4280 tropicos
2127 4212 2234 4265 situ

669 4310 907 4372 excedit,
942 4310 1188 4377 aliosque
1221 4308 1453 4361 circulos
1484 4322 1590 4359 non
1620 4306 1804 4374 procul
1837 4321 1866 4357 a
1898 4306 2034 4370 polis
2068 4306 2232 4357 attin-

671 4407 769 4472 git,
800 4413 855 4458 et
880 4419 946 4456 ex
978 4402 1196 4469 obliqua
1234 4408 1385 4468 parte
1414 4397 1629 4450 Zodiaci
1658 4397 1976 4462 collocatur,
2004 4406 2059 4450 ut
2087 4413 2151 4451 ne
2181 4396 2232 4450 in

670 4497 788 4565 ipso
829 4495 1054 4562 planetae
1082 4501 1423 4551 moveantur,
1447 4491 1701 4558 quodque
1736 4499 1991 4557 praeterea
2023 4490 2235 4558 magnis

2342 3290 2441 3357 τὴν
2476 3287 2569 3339 ὑπ’
2602 3286 2800 3345 αὑτοὺς
2840 3278 3205 3347 ἀναθυμίασιν
3237 3275 3332 3326 καὶ
3363 3268 3811 3338 συνεφέλκεσθαι.

2418 3470 2503 3522 ιδ’.
2551 3467 2625 3518 Τὸ
2657 3464 2900 3517 τοιοῦτον
2937 3460 2993 3514 δὲ
3024 3455 3271 3525 γίνεσθαι
3300 3454 3500 3523 μᾶλλον
3542 3452 3708 3513 είκξς,
3739 3446 3864 3502 καθ’
3894 3446 3923 3499 ὃ

2345 3562 2510 3631 μέρος
2536 3557 2628 3611 τοῦ
2664 3552 2905 3625 ούρανοῦ
2936 3550 3181 3602 πλεῖστοι
3221 3547 3314 3598 καὶ
3342 3544 3537 3596 πυκνοὶ
3570 3543 3663 3593 καὶ
3694 3539 3922 3608 μεγάλοι

2341 3627 2574 3720 ἀστέρες
2604 3648 2732 3704 είσί.
2766 3645 2923 3697 Κατὰ
2957 3644 3055 3710 μὶν
3081 3637 3175 3693 οὖν
3201 3638 3292 3690 τὸν
3318 3633 3581 3699 ζωδιακὸν
3613 3632 3645 3698 ἡ
3690 3627 3919 3694 τοιαύτη

2344 3719 2707 3809 ἀναθυμίασις
2741 3740 2835 3792 καὶ
2865 3738 3124 3795 σύστασις
3154 3732 3213 3785 οὑ
3245 3732 3391 3801 μένει
3416 3745 3429 3759 ·
3465 3726 3599 3779 διότι
3630 3721 3774 3776 κατά
3796 3719 3921 3773 τοῦ-

2340 3856 2433 3891 τον
2459 3838 2486 3888 ό
2516 3837 2665 3906 ἥλιος
2696 3832 2792 3886 καὶ
2843 3832 2893 3883 oi.
2927 3828 3103 3880 λοιποὶ
3154 3823 3464 3890 κινούμενοι
3495 3816 3767 3883 πλανῆτες
3799 3814 3922 3866 διας

2342 3932 2593 3999 κρίνουσι
2658 3927 2758 3996 τὴν
2817 3921 3076 3991 τοιαύτην
3140 3918 3401 3970 σύστασιν
3452 3913 3549 3965 καὶ
3612 3908 3918 3961 λεπτύνου-

2342 4039 2448 4075 σιν.

2417 4119 2505 4168 ιε’.
2536 4112 2659 4165 Ὅτι
2703 4110 2748 4163 δ’
2779 4109 2807 4161 ό
2842 4106 3109 4175 γαλαξίας
3145 4102 3342 4163 κύκλος
3399 4097 3655 4163 μέγιστος
3699 4094 3780 4148 ῶν
3824 4095 3923 4147 καί¹

2340 4203 2504 4265 αὑτὸς
2534 4204 2631 4269 καλ,
2677 4200 2827 4263 λοξὸς
2876 4197 3065 4266 ὥσπερ
3093 4197 3120 4247 ό
3150 4194 3434 4257 ζωδιακὸς,
3482 4188 3812 4258 ὑπερϐάλλει
3849 4188 3919 4253 τῇ

2342 4296 2487 4347 θέσει
2521 4292 2647 4351 τοὺς
2676 4290 2993 4361 τροπικοὺτ,
3043 4287 3139 4340 καί
3169 4303 3331 4339 τινων
3362 4284 3567 4353 ἑτέρων
3609 4282 3916 4349 ἐφάπτεται

2342 4388 2560 4441 κύκλων
2595 4387 2652 4438 οὑ
2684 4384 2874 4452 πόρρω
2907 4381 3017 4432 τῶν
3054 4378 3232 4430 πόλων
3254 4379 3446 4438 όντων,
3490 4377 3583 4426 καὶ
3613 4376 3791 4426 κεῖται
3820 4371 3919 4422 τοῦ

2340 4478 2609 4546 ζωδιακοῦ
2656 4479 2721 4528 ἐκ
2778 4474 3023 4539 πλαγίων
3055 4471 3130 4530 ὡς
3183 4469 3259 4538 μὴ
3291 4468 3412 4520 κατ’
3444 4468 3604 4517 αὑτὶν
3648 4465 3917 4518 κινεῖσθαι

668 4598 722 4643 et
759 4587 1058 4657 splendidis
1091 4586 1261 4640 stellis
1293 4592 1375 4638 est
1410 4556 1666 4645 refertus,
1712 4556 1907 4637 rationi
1941 4556 2231 4636 consenta-

2340 4575 2462 4635 τοὺς
2489 4570 2786 4636 πλάνητας,
2816 4568 2897 4619 ὅτι
2943 4581 2999 4616 τε
3037 4562 3249 4630 πλήρης
3287 4562 3315 4613 ό
3337 4560 3503 4619 τόπος
3552 4557 3799 4624 μεγάλων
3824 4556 3920 4605 καί

667 4696 831 4734 neum
862 4688 946 4733 est
980 4678 1256 4740 arbitrari,
1293 4693 1415 4730 cmn
1462 4676 1532 4729 ob
1564 4675 1767 4738 situm,
1803 4684 1915 4727 tum
1950 4674 2018 4726 ob
2045 4674 2231 4726 Stella-

664 4786 785 4824 rum
818 4785 938 4838 quae
966 4772 1016 4822 in
1053 4768 1172 4837 ipso
1204 4774 1335 4822 sunt
1369 4764 1777 4820 multitudinem
1813 4772 1867 4818 et
1903 4762 2234 4834 magnitudi—

670 4878 816 4925 nem,
864 4877 985 4915 eam
1030 4860 1433 4914 exlialatiouem
1465 4874 1586 4928 qua:
1617 4869 1981 4928 congregatur
2011 4867 2060 4909 ct
2097 4872 2232 4910 con-

665 4948 862 5005 crescit
887 4956 942 5002 et
970 4946 1357 5012 inﬂammatur,
1395 4949 1476 5002 lac
1503 4950 1553 5001 in
1586 4949 1707 5017 ipso
1735 4946 1961 5000 elﬁcerc.

741 5128 827 5182 16.
866 5126 1037 5197 Hujus
1083 5138 1262 5182 autem
1310 5127 1385 5182 rei
1418 5127 1554 5180 illud
1598 5127 1812 5195 signum
1858 5136 1959 5187 est,
1992 5128 2133 5195 quod
2187 5138 2239 5180 et

667 5223 838 5290 ipsius
870 5222 1057 5276 circuli
1093 5223 1372 5275 concretio
1407 5221 1638 5287 amplior
1671 5230 1774 5280 est.
1824 5230 1876 5274 et
1913 5221 2091 5273 qutcn
2142 5236 2239 5274 co-

669 5317 876 5383 piosius
932 5315 985 5367 in
1038 5314 1209 5368 altero
1260 5314 1633 5375 semicirculo,
1679 5328 1786 5381 qua
1822 5322 1975 5381 parte
2012 5312 2232 5381 duplam

669 5406 1095 5473 magnitudinem
1128 5406 1326 5459 habere
1358 5408 1568 5459 lacteus
1600 5405 1845 5459 circulus
1871 5406 2231 5474 conspicitur,

669 5498 761 5553 ubi
790 5499 1021 5563 majores
1051 5507 1106 5551 et
1129 5497 1414 5552 densiores
1445 5498 1614 5551 stella:
1646 5507 1790 5551 sunt.

739 5590 829 5644 17.
868 5590 925 5643 Si
957 5592 1121 5659 igitur
1170 5593 1275 5645 hoc
1324 5592 1375 5642 in
1429 5592 1637 5644 circulo
1689 5592 1868 5645 lumen
1903 5600 2145 5659 apparet,
2181 5591 2232 5644 in

669 5698 779 5751 quo
817 5683 997 5736 multa:
1027 5694 1077 5737 et
1122 5700 1331 5755 magna:
1363 5686 1531 5738 stellae
1564 5693 1713 5748 sunt,
1745 5694 1800 5738 et
1846 5699 2035 5739 rursus
2064 5686 2236 5755 ipsius

738 5864 781 5895 ”
821 5863 835 5915 I
878 5864 1097 5919 Meleor.
1138 5878 1185 5917 ι’.
1214 5863 1266 5925 7,
1310 5863 1362 5919 8.
1439 5864 1481 5895 ⁷⁸⁸
1507 5862 1641 5917 Ibid.
1680 5865 1801 5918 c.8.

2343 4662 2614 4730 λαμπρῶν
2670 4660 2934 4726 ἀστέρων,
2978 4654 3200 4721 εὑλογον
3250 4649 3691 4717 ὑπολαμϐάνεται
3745 4646 3830 4698 δια
3858 4662 3918 4696 τε

2344 4756 2443 4826 τὴν
2468 4755 2617 4807 θέσιν
2644 4752 2739 4805 καὶ
2770 4752 2828 4802 τὸ
2858 4751 2965 4802 τῶν
2995 4748 3115 4800 κατ’
3147 4746 3307 4799 αὑτὸν
3326 4744 3570 4809 ἀστέρων
3596 4740 3797 4807 πλῆθος
3822 4743 3923 4793 καὶ

2349 4846 2577 4918 μέγεθος
2632 4842 3029 4912 ἀθροιζομένην
3081 4839 3178 4907 τὴν
3228 4838 3594 4904 ἀναθυμίασιν
3637 4839 3729 4886 καὶ
3764 4852 3915 4886 συνι-

2347 4941 2625 5011 σταμένην
2683 4939 2775 4990 καὶ
2842 4935 3216 5003 ὲξαπτομένην
3275 4934 3449 4985 ποιεῖν
3507 4934 3567 4983 ιν
3628 4929 3801 4998 τούτῳ
3858 4932 3921 4981 τὸ

2340 5034 2507 5101 γάλα.

2420 5135 2518 5193 ις’.
2554 5128 2758 5179 Τούτου
2793 5126 2838 5178 δ’
2871 5126 2937 5178 ἂν
2982 5126 3067 5195 εἴη
3111 5126 3333 5193 σημεῖον
3380 5122 3440 5174 τὸ
3474 5122 3566 5173 καὶ
3617 5120 3781 5173 αὑτοῦ
3820 5121 3916 5172 to:

2347 5223 2547 5275 κύκλου
2576 5224 2675 5286 τὴν
2715 5220 2975 5271 σύστασιν
3011 5216 3180 5267 πλείω
3211 5211 3350 5266 εἶναι
3386 5216 3477 5264 καὶ
3507 5213 3691 5262 πλεῖον
3717 5212 3777 5262 τὸ
3800 5213 3919 5275 gis:

2344 5314 2407 5365 ἐν
2437 5313 2514 5380 τῷ
2547 5313 2720 5379 ἑτέρῳ
2755 5308 3064 5378 ἡμικυκλίῳ
3101 5306 3222 5357 καθ’
3247 5307 3273 5356 ὃ
3304 5305 3526 5370 διπλόην
3552 5303 3673 5354 τινὰ
3709 5303 3847 5369 ἔχων
3892 5307 3920 5352 ὁ

2346 5403 2604 5471 γαλαξίας
2634 5402 2847 5470 ὁρᾶται,
2883 5400 2939 5449 ἐν
2959 5391 3002 5464 ᾧ
3040 5396 3255 5465 μείζους
3287 5398 3377 5447 καί⁸
3408 5395 3728 5461 πυκνότεροι
3756 5395 3920 5444 ἀστέ-

2350 5516 2440 5569 ρες
2469 5500 2627 5549 είσίν.

2423 5592 2506 5655 ιζ’.
2540 5591 2603 5644 El
2631 5590 2806 5642 τοίνυν
2842 5589 2900 5641 ὲν
2926 5587 3001 5657 τῷ
3020 5586 3204 5654 κύκλῳ
3235 5587 3408 5652 τούτῳ
3432 5582 3682 5649 φαίνεται
3712 5577 3773 5629 τό
3800 5577 3917 5641 ’φῶς

2345 5686 2402 5737 έν
2439 5677 2482 5754 ᾧ
2516 5682 2697 5736 πολλοὶ
2742 5682 2834 5735 καὶ
2872 5680 3094 5751 μεγάλοι
3116 5678 3362 5745 ἀστέρες,
3401 5678 3492 5727 καὶ
3522 5671 3685 5726 αὑτοῦ
3722 5670 3778 5723 δὲ
3819 5668 3921 5720 τοῦ
