4208 6440
733 382 861 445 1143

1932 376 2359 439 NICEPIIORI
2400 378 2825 445 BLEMMIDﬁ

3832 378 3966 442 1124

722 494 862 547 infra
887 490 1209 545 remanserit
1230 496 1283 543 et
1309 489 1659 559 refrigeratus
1682 486 1866 550 fuerit,
1892 502 1981 542 ros
2005 498 2058 543 et
2085 488 2277 556 pruina
2311 490 2356 546 Α

2402 494 2481 545 (αἱ
2514 497 2803 563 ψυχθεῖσα,
2837 497 3050 565 γίνεται
3090 496 3280 567 δρόσος
3313 498 3407 549 καὶ
3436 496 3639 567 πάχνη.
3664 497 3838 551 Ὅταν
3865 501 3967 568 μὲν

723 595 1031 654 generatur.
1075 582 1305 648 Quando
1336 578 1479 637 enim
1533 596 1561 633 a
1616 588 1756 633 terra
1789 579 1845 634 fit
1902 580 2184 643 remotior,
2232 589 2288 631 ut

722 685 1004 745 separetur
1040 688 1161 741 qua:
1202 672 1379 741 ipsum
1405 670 1590 725 evexit
1633 670 1807 724 calida
1854 679 1907 723 et
1952 670 2163 723 fumosa
2201 686 2290 722 ex-

725 769 948 828 halatio,
987 767 1190 837 quique
1230 765 1355 818 huic
1390 764 1541 818 adest
1573 763 1756 827 eaior;
1795 762 1920 815 dum
1947 761 2032 814 illa
2070 763 2286 830 quidem

724 860 1034 915 t'xcernitur
1062 868 1112 911 el
1141 858 1467 912 subvehitur
1488 856 1555 910 ad
1585 856 1855 919 fomitem,
1889 855 1976 909 hic
2001 866 2181 910 autem
2217 856 2288 908 ob

725 953 825 1006 loci
862 951 1210 1021 frigiditatem
1245 950 1651 1017 exstinguitur;
1689 959 1822 1003 tunc
1856 965 2026 1018 vapor
2070 959 2290 1003 contra-

725 1052 813 1097 cto
854 1043 1056 1109 frigore
1101 1058 1131 1097 a
1170 1041 1448 1097 caliditate
1498 1042 1753 1097 desertus
1794 1042 2096 1105 densatur,
2135 1050 2189 1095 ct
2236 1042 2288 1094 iu

724 1134 924 1189 nubem
958 1150 1024 1189 ex
1060 1150 1185 1188 aere
1218 1134 1548 1200 concrescit,
1593 1135 1755 1202 inque
1802 1148 1999 1202 aquam
2050 1143 2292 1187 mutatur

724 1236 779 1280 et
813 1227 991 1295 pluvia
1032 1224 1289 1280 efticitur.
1322 1225 1417 1281 Est
1446 1241 1573 1280 vero
1600 1240 1772 1294 vapor
1804 1222 2021 1293 quidem
2047 1242 2109 1278 ex
2151 1241 2289 1294 aqua

723 1334 845 1387 qua:
882 1326 1211 1373 extenuatur
1242 1328 1295 1373 et
1327 1317 1549 1381 rarefit;
1579 1316 1718 1370 idem
1750 1326 1932 1371 autem
1965 1325 2292 1370 extenuatus

722 1418 778 1463 et
806 1400 1126 1474 rarefactus,
1158 1424 1251 1461 aer
1284 1407 1377 1470 fit;
1411 1422 1504 1460 aer
1538 1423 1700 1477 porro
1724 1409 2058 1461 incrassalus
2088 1416 2140 1459 ct
2161 1420 2291 1459 con-

724 1500 1002 1561 densatus.
1057 1500 1233 1554 nubes
1274 1498 1549 1565 efﬁcitur;
1584 1501 1755 1554 nubes
1793 1499 2027 1566 denique
2068 1513 2191 1552 cum
2236 1498 2290 1551 in

726 1610 920 1664 aquam
954 1601 1217 1656 mutatur,
1252 1593 1487 1663 pluviam
1520 1606 1800 1648 causatur.

793 1773 848 1828 Δ.
882 1771 1174 1827 Humidum
1207 1788 1335 1841 ergo
1375 1771 1518 1841 quod
1572 1770 1649 1825 sol
1702 1770 1942 1837 quotidie
1977 1771 2197 1825 adducit
2236 1779 2293 1824 et

726 1864 921 1928 elevat,
951 1866 1078 1919 dttm
1120 1866 1171 1919 id
1218 1866 1402 1919 calore
1435 1879 1535 1919 suo
1580 1866 1636 1918 in
1688 1879 1941 1931 vaporem
1979 1866 2290 1926 convertit,
2328 1834 2364 1887 Β

727 1964 987 2011 extenuat
1022 1964 1077 2010 et
1104 1956 1407 2021 discernit;
1436 1958 1539 2010 hoc
1564 1965 1913 2024 posteaquam
1952 1956 2005 2009 in
2043 1956 2295 2024 superio-

727 2064 839 2103 rem
879 2049 1059 2103 locum
1094 2049 1380 2103 collectum
1412 2058 1576 2102 estet
1604 2058 1825 2116 promer
1856 2048 2021 2115 frigus
2053 2048 2297 2103 constitit

729 2152 892 2212 atque
914 2142 1213 2204 concrevit,
1246 2140 1405 2211 164
1428 2156 1618 2196 rursus
1655 2143 1705 2194 in
1740 2157 1940 2203 aquam
1972 2157 2295 2196 conversum

731 2236 797 2294 ad
839 2246 1039 2292 terram
1068 2236 1331 2291 defertur.
1365 2235 1430 2291 Et
1455 2249 1766 2304 quanquam
1801 2248 1905 2287 non
1941 2233 2172 2301 singulis
2204 2249 2299 2285 an-

730 2330 815 2386 nis
847 2331 1180 2385 tantumdem
1208 2338 1472 2400 quantum
1502 2337 1749 2383 evectum
1785 2336 1871 2381 est
1910 2328 2157 2390 decidat;
2187 2336 2299 2381 sta-

730 2424 799 2476 tis
840 2434 1019 2477 tamen
1055 2422 1397 2492 temporibus
1443 2420 1693 2477 defertur
1738 2429 1794 2474 et
1844 2420 2092 2474 redditur
2139 2434 2301 2474 omne

732 2515 1013 2570 humidum
1046 2515 1188 2585 quod
1221 2525 1468 2569 evectum
1493 2522 1597 2575 est,
1624 2514 1675 2567 id
1701 2513 1866 2567 etiam
1904 2512 2049 2582 quod
2078 2518 2300 2579 propter

733 2606 1024 2660 tardiorem
1072 2606 1430 2660 mutationem
1466 2605 1539 2660 ibi
1576 2620 1785 2658 moram
1831 2605 1976 2658 fecit.
2012 2603 2300 2673 Propterea

729 2699 893 2752 etiam
930 2708 1052 2765 post
1086 2714 1259 2753 annos
1296 2699 1497 2769 quibus
1530 2707 1699 2752 azstus
1737 2697 1911 2767 major
1950 2697 2075 2759 fuit,
2106 2700 2299 2749 iterum

731 2792 892 2858 pluvii
920 2792 1122 2847 exoriri
1154 2792 1333 2846 solent
1359 2808 1374 2857 ;
1400 2792 1748 2845 exhalatione
1769 2792 2022 2842 nimirum
2054 2788 2301 2849 humida,

731 2899 851 2950 quze
890 2883 1131 2937 nondum
1186 2883 1455 2937 hactenus
1489 2891 1695 2936 mutata
1748 2882 1871 2945 fuit,
1904 2882 2025 2949 ipsa
2078 2894 2301 2949 quoque

735 2976 1085 3029 mutationem
1114 2990 1238 3029 eutn
1280 2976 1371 3030 illa
1406 2990 1528 3045 quin
1556 2974 1829 3037 evehitur,
1869 2974 2160 3027 subeunte.

799 3068 855 3123 5.
892 3068 1116 3124 Mutatio
1149 3070 1313 3139 igitur
1339 3085 1403 3125 ex
1436 3085 1576 3139 aqua
1604 3070 1658 3123 in
1696 3083 1876 3124 aerem
1906 3070 2179 3123 mediante
2212 3082 2304 3121 va-

2392 584 2528 653 (οὖν)
2582 593 2689 657 γὰρ
2748 590 3112 655 ἁπογειοτέρα
3177 590 3405 657 γένηται
3463 590 3811 659 χωριζομένη
3867 591 3966 656 τῆς

2390 680 2697 750 ἀναγούσης
2728 684 2931 749 ταύτην
2959 682 3169 751 Θέρμης
3192 682 3288 735 καὶ
3312 683 3632 743 καπνώδους
3663 681 3968 747 ἀναθυμιά-

2393 786 2529 830 σεως
2561 771 2650 821 καὶ
2678 770 2773 839 τῆς
2809 771 3077 840 συνούσης
3102 773 3277 843 ταύτῃ
3328 772 3687 840 θερμότητος.
3717 772 3818 839 τῆς
3865 771 3967 838 μιν

2390 860 2784 928 ἑκκρινομένης
2843 862 2938 913 καὶ
2972 864 3387 930 ἀναφερομένης
3422 865 3560 932 πρὸς
3584 864 3965 930 τὸρκὲκκαιμ

2396 967 2491 1017 μσ,
2531 950 2627 1018 τῆς
2657 950 2712 1003 δὲ
2757 950 3123 1020 σϐεννυμένης
3150 952 3243 1006 διὰ
3270 953 3371 1018 τὴν
3418 952 3513 1004 τοῦ
3544 954 3712 1005 τόπου
3759 953 3968 1020 ψυχρὸ-

2390 1060 2531 1111 τητα
2552 1060 2568 1074 ο
2608 1044 2731 1096 τότε
2766 1045 2831 1113 δὴ
2866 1045 3144 1113 ψυχομένη
3176 1046 3209 1113 ἠ
3240 1045 3407 1113 ἀτμὶς
3428 1046 3517 1098 διὰ
3548 1045 3646 1114 τὴν
3676 1046 3967 1114 ἀπόλειψιν

2391 1133 2483 1186 τοῦ
2516 1134 2740 1203 Θερμοῦ,
2767 1137 3067 1191 πυκνοῦται
3092 1138 3186 1190 καὶ
3215 1140 3295 1199 είς
3326 1137 3487 1206 νέφος
3529 1138 3589 1203 ἐξ
3621 1138 3780 1206 ἀέρος
3814 1138 3968 1189 συνί-

2396 1243 2605 1291 σταται,
2646 1229 2737 1280 καὶ
2770 1230 2849 1290 εἰς
2887 1228 3029 1299 ὕδωρ
3068 1229 3420 1298 μεταεάλλει,
3443 1229 3541 1281 καὶ
3569 1228 3775 1297 δμδρος
3815 1230 3966 1297 γίνε-

2392 1334 2502 1371 ται.
2544 1319 2703 1372 Ἐστι
2724 1321 2778 1373 δὲ
2809 1322 2841 1389 ἡ
2874 1321 2971 1388 μὲν
3001 1320 3162 1389 ἀτμὶς
3189 1323 3253 1374 ἐκ
3282 1320 3376 1374 τοῦ
3409 1321 3599 1384 ὓδατος
3629 1322 3965 1389 λεπτυνομέ-

2394 1426 2483 1459 νου
2536 1409 2633 1460 καὶ
2682 1410 3082 1480 ἀραιουμένου·
3135 1411 3276 1479 αὕτη
3344 1413 3402 1465 δὲ
3453 1412 3813 1465 λεπυνθεῖσα
3872 1414 3968 1466 καὶ

2394 1498 2747 1567 ἀραιωθεῖσα.
2785 1501 2993 1566 γίνεται
3055 1502 3203 1572 ἀξρο
3253 1505 3282 1555 ὁ
3312 1503 3357 1555 δ’
3409 1504 3517 1571 ἀὴρ
3571 1504 3871 1571 παχυνθείς
3907 1521 3965 1557 τε

2395 1586 2494 1639 καὶ
2526 1588 2855 1654 πυκνωθεὶς,
2907 1592 3115 1657 γίνεται
3167 1594 3325 1659 νέφος
3350 1608 3367 1625 ο
3405 1593 3467 1644 τὸ
3508 1592 3564 1645 δὲ
3608 1593 3767 1659 νέφος
3794 1610 3966 1661 μετα-

2398 1682 2590 1736 ϐάλλον
2625 1682 2703 1744 είς
2738 1683 2903 1753 ὓδωρ,
2933 1684 3024 1736 τὸν
3054 1684 3260 1754 ὄμϐρον
3289 1688 3451 1737 ποιεῖ.

2468 1775 2532 1829 δ’.
2578 1778 2643 1829 Ὀ
2690 1776 2873 1828 τοίνυν
2908 1778 3097 1843 ἀνάγει
3142 1779 3237 1830 καὶ
3268 1777 3588 1846 μετεωρίζει
3619 1778 3711 1831 τοῦ
3742 1776 3909 1847 ὑγροῦ
3942 1780 3968 1830 ὁ

2396 1870 2549 1940 ἦλιος
2589 1868 2959 1937 καθεκάστην,
2988 1870 3235 1938 ἀτμίζων
3278 1873 3341 1939 τῇ
3377 1872 3668 1937 θερμότητι
3712 1870 3809 1922 καὶ
3880 1870 3969 1921 1s-

2398 1964 2615 2018 πτύνων
2646 1964 2741 2016 καὶ
2770 1964 3082 2031 διακρίνων,
3118 1963 3280 2015 τοῦτο
3330 1964 3715 2033 συναθροισθὲν
3749 1962 3829 2025 είς
3879 1962 3970 2014 τὸν

2399 2058 2513 2112 ἄνω
2542 2057 2707 2109 τόπον
2727 2057 2820 2109 καὶ⁵
2844 2056 2930 2108 διὰ
2952 2056 3268 2125 ψυχρότητα
3299 2056 3499 2108 συστὰν
3522 2056 3615 2107 καὶ
3646 2054 3965 2123 συγκριϐὲν.

2400 2151 2565 2205 πάλιν
2594 2150 2737 2219 ὕδωρ
2762 2152 3073 2219 γενόμενον,
3108 2150 3244 2218 πρὸς
3289 2152 3389 2218 τὴν
3437 2150 3541 2217 γῆν
3572 2148 3966 2217 καταφέρεται.

2400 2243 2521 2296 Κᾶν
2551 2242 2623 2310 μὴ
2661 2244 2780 2295 κατ’
2808 2243 3052 2295 ἐνιαυτὸν
3081 2242 3137 2295 δὲ
3172 2244 3285 2293 ἴσον
3315 2240 3392 2309 τῷ
3433 2240 3716 2310 ἀναχθέντι
3745 2256 3970 2292 κατενε-

2401 2338 2524 2407 χθῇ,
2551 2335 2665 2391 ἀλλ’
2694 2338 2752 2389 ἐν
2802 2354 2911 2389 τισι
2958 2337 3311 2405 τεταγμένοις
3342 2334 3554 2405 χρόνοις
3595 2333 3970 2402 καταφέρεται

2403 2434 2498 2485 καὶ
2530 2430 2837 2485 ἀποδίδοται
2871 2430 2981 2481 πᾶν
3009 2429 3071 2481 τὸ
3101 2427 3336 2497 ἀναχθέν
3384 2414 3565 2495 ὑγρὸν,
3600 2424 3693 2478 καὶ
3743 2424 3973 2493 631191”;-

2404 2543 2502 2578 σαν
2554 2523 2631 2593 τῷ
2686 2524 2759 2592 μὴ
2810 2523 3017 2590 ταχέως
3062 2519 3407 2588 μεταϐαλεῖν.
3441 2518 3533 2570 Διὸ
3584 2518 3679 2569 καὶ
3733 2516 3872 2583 μιτά
3904 2514 3975 2565 τὰ

2404 2612 2666 2683 αὐχμηρά
2725 2612 2820 2679 ετη
2857 2611 3002 2678 φιλεῖ
3046 2609 3208 2663 πάλιν
3272 2606 3524 2676 έπομόρα
3568 2603 3838 2671 γίνεσθαι,
3874 2605 3975 2668 τῆξ

2404 2706 2781 2777 ἀμεταϐλήτου
2840 2703 3105 2771 μεινάσης
3140 2703 3313 2770 ὑγρᾶς
3370 2698 3791 2768 ἀναθυμιάσεως
3835 2711 3976 2761 συμ-

2410 2795 2855 2866 μεταὸαλλούσης
2880 2796 2945 2863 τῇ
2983 2792 3385 2863 ἀναφερομένη.

2481 3075 2541 3123 ε’.
2579 3068 2642 3120 Ἠ
2676 3065 2776 3135 μὲν
2822 3063 2914 3117 οὖν
2941 3061 3002 3127 EE
3038 3062 3232 3122 ὓδατος
3281 3059 3361 3122 εἰς
3402 3059 3536 3128 ἀέρα
3581 3054 3855 3126 μεταϐολὴ
3888 3055 3979 3107 διὰ

733 3178 864 3228 pore
904 3161 981 3215 fit.
1015 3159 1193 3230 Vapor
1223 3163 1366 3216 enim
1408 3173 1493 3217 est
1540 3178 1636 3217 aer
1673 3164 1933 3225 crassior,
1965 3164 2057 3231 qui
2096 3164 2299 3231 aliquid
2331 3182 2364 3231 (τ

2409 3164 2584 3232 μέσης
2637 3158 2857 3227 ἀτμίδος
2900 3158 3124 3224 γίνεται.
3163 3154 3225 3205 'H
3277 3154 3383 3219 γὰρ
3443 3150 3606 3217 ἀτμὶς
3668 3148 3979 3216 παχύτερός

730 3258 894 3308 etiam
926 3270 1079 3322 aqute
1109 3257 1295 3319 habet,
1350 3263 1404 3308 et
1448 3264 1732 3324 propterea
1767 3256 1907 3309 aeris
1940 3266 1992 3309 et
2033 3270 2186 3324 aqua:
2220 3264 2302 3309 est

733 3345 1140 3400 intermedium.
1178 3346 1246 3398 At
1292 3360 1421 3399 vero
1458 3363 1521 3399 ex
1574 3361 1701 3400 aere
1750 3347 1802 3399 in
1841 3362 2036 3416 aquam
2072 3351 2302 3402 mutatio

734 3436 1009 3491 mediante
1050 3437 1192 3491 nube
1243 3440 1323 3491 fit.
1376 3439 1454 3491 Ac
1501 3438 1643 3507 quod
1674 3454 1845 3508 vapor
1876 3440 2159 3504 deorsum,
2192 3440 2297 3493 hoc.

736 3529 908 3580 nubes
958 3543 1173 3580 sursum
1203 3536 1306 3583 est.
1340 3527 1516 3582 Ambo
1551 3529 1694 3582 enim
1724 3531 1869 3585 aeris
1902 3541 1954 3583 et
1986 3546 2140 3599 aquae
2175 3538 2302 3584 sunt

737 3618 1081 3671 intertnedia.

807 3707 857 3761 6.
889 3708 1097 3763 Nebula
1128 3718 1308 3764 autem
1342 3710 1390 3742 "
1421 3717 1505 3764 est
1532 3710 1691 3764 nubis
1723 3714 1775 3765 in
1808 3726 2002 3780 aquam
2037 3721 2306 3767 concreta:

736 3812 792 3855 et
826 3808 1046 3855 mutatae
1075 3801 1448 3871 superﬂuitas.
1480 3801 1637 3867 Quod
1670 3803 1819 3856 enim
1852 3806 1906 3856 in
1939 3804 2097 3857 nubis
2130 3815 2308 3857 muta-

740 3892 885 3944 tione
917 3892 968 3945 in
1004 3906 1201 3959 aquam
1237 3894 1526 3958 relictum,
1577 3895 1678 3946 hoc
1708 3902 1817 3959 est,
1864 3895 2008 3963 quod
2058 3898 2110 3950 in
2162 3897 2307 3961 nube

736 3984 922 4036 sterile
951 3992 1223 4051 repertum
1257 3985 1418 4039 fuerit
1441 4023 1455 4045 ,
1496 3985 1546 4037 id
1579 3985 1814 4053 denique
1846 3987 2041 4040 nebula
2089 3997 2193 4041 est.
2226 3988 2309 4042 Fit

738 4088 921 4131 autem
953 4078 1118 4131 etiam
1153 4094 1215 4131 ex
1250 4080 1393 4132 nube
1428 4080 1643 4143 nebula,
1690 4081 1909 4149 quando
1966 4082 2039 4134 ita
2085 4083 2307 4149 conglo-

742 4170 857 4221 t-ari
898 4186 1002 4223 non
1041 4170 1238 4238 potuit.
1270 4182 1328 4223 ιιι
1356 4173 1407 4224 in
1440 4187 1635 4239 aquam
1673 4183 1877 4226 mutata
1905 4174 2119 4227 fuisset.
2156 4173 2310 4228 Unde

739 4263 903 4315 etiam
946 4264 1142 4316 nebula
1175 4265 1490 4318 serenitatis
1535 4265 1690 4335 165
1724 4268 1904 4333 potius
1952 4282 2115 4335 quam
2152 4283 2310 4335 aqua!

743 4354 958 4420 signum
986 4361 1072 4407 est
1109 4354 1173 4407 ⁷⁸.
1216 4355 1311 4409 Est
1339 4357 1480 4410 enim
1515 4361 1670 4425 quasi
1716 4359 1918 4412 sterilis
1953 4359 2149 4422 nubes,
2190 4373 2312 4427 quae

748 4461 855 4497 non
885 4446 1101 4512 quidem
1135 4447 1191 4500 in
1224 4462 1420 4516 aquam
1446 4459 1705 4512 mutatur,
1728 4452 1855 4518 quia
1888 4452 2087 4504 siccior
2115 4490 2129 4515 ,
2156 4452 2312 4503 deor—

745 4552 866 4592 sum
906 4547 1084 4592 tamen
1117 4538 1284 4606 cadit,
1316 4540 1443 4609 quia
1478 4539 1745 4610 frigidior.

818 4720 872 4773 7.
906 4720 1135 4785 Quando
1166 4720 1335 4789 igitur
1363 4722 1415 4775 in
1470 4722 1592 4777 loco
1624 4738 1653 4777 a
1693 4735 1833 4778 terra
1868 4735 2161 4780 remotiore
2190 4742 2313 4781 coa-

748 4822 1003 4866 cenatus
1047 4826 1211 4881 vapor
1259 4812 1429 4881 frigus
1479 4817 1816 4870 contraxerit
1843 4858 1857 4882 ,
1901 4827 1958 4870 ut
2008 4819 2247 4872 diximus
2290 4864 2303 4885 ,

750 4917 877 4955 tunc
909 4902 1087 4968 pluvia
1112 4913 1434 4971 generatur;
1458 4920 1578 4972 qua:
1599 4905 1818 4974 quidem
1849 4906 1891 4959 si
1922 4906 2308 4963 minutioribus

749 4992 996 5059 partibus
1013 5002 1066 5046 et
1101 5008 1207 5048 non
1238 4994 1553 5060 confertim,
1587 4998 1679 5051 sed
1713 4997 1972 5065 paulatim
1998 4998 2263 5052 deciderit
2295 5038 2310 5061 ,

748 5084 906 5151 quasi
948 5101 1014 5138 ex
1057 5086 1199 5140 nube
1244 5098 1602 5156 generaretur
1638 5091 1823 5149 modo.
1860 5104 2049 5157 psecas
2089 5105 2180 5143 seu
2218 5092 2316 5143 mi-

750 5189 881 5231 nuta
926 5178 1107 5246 pluvia
1146 5190 1397 5235 vocatur.
1437 5179 1532 5234 Sin
1564 5193 1746 5235 autem
1786 5183 2035 5249 partibus
2099 5182 2314 5250 majori-

748 5271 849 5323 hus
877 5282 933 5323 et
958 5271 1286 5336 confertius,
1347 5274 1504 5342 quasi
1534 5274 1755 5343 jamjam
1786 5275 1948 5327 nubis
1990 5278 2223 5329 mutatio
2266 5276 2317 5329 in

748 5377 942 5430 aquam
982 5364 1052 5417 sit
1081 5363 1243 5429 facta,
1276 5365 1449 5419 imher
1480 5366 1818 5419 nominatur.

820 5454 874 5505 8.
904 5454 1091 5509 Solent
1122 5464 1303 5511 autem
1336 5460 1451 5511 hac
1505 5457 1671 5511 certis
1706 5458 1833 5510 anni
1887 5458 1931 5489 "
1974 5458 2314 5527 temporibus

751 5546 892 5602 fieri.
932 5546 1206 5615 Ejusmodi
1250 5551 1394 5604 enim
1442 5551 1815 5604 exhalatione:
1874 5560 1928 5605 et
1980 5552 2308 5606 mutationes

749 5640 1044 5697 secundum
1091 5629 1339 5712 proprios
1372 5642 1504 5697 solis
1534 5652 1713 5697 motus
1745 5643 1881 5697 ﬁunt
1914 5646 2148 5699 maxime
2174 5684 2189 5709 ,
2224 5660 2310 5700 se-

821 5823 870 5857 "
906 5825 927 5879 ι
964 5825 1183 5885 Mcleor.
1211 5844 1259 5882 c.
1284 5830 1351 5896 9;
1394 5830 1466 5884 Dr
1511 5828 1713 5886 mundo
1738 5845 1787 5884 c.
1817 5828 1868 5884 ὁ.

2408 3260 2559 3310 ἔστιν
2591 3255 2722 3324 ἀὴρ,
2762 3253 2898 3320 ἔχων
2926 3267 2980 3302 τι
3007 3251 3098 3301 γα).
3131 3248 3343 3306 ὓδατος,
3371 3244 3467 3296 καὶ
3497 3244 3583 3295 διὰ
3616 3241 3774 3294 τοῦτο
3817 3243 3982 3304 ἀέρος

2405 3350 2665 3417 τυγχάνει
2692 3347 2784 3399 καὶ
2810 3345 2999 3404 ὓδατος
3024 3340 3253 3412 μεταξύ.
3280 3340 3364 3391 σἮ
3392 3338 3435 3390 δ’
3459 3337 3516 3401 ἐξ
3539 3336 3694 3403 ἀέρος
3728 3335 3806 3393 είς
3834 3333 3984 3401 ὕδωρ

2410 3439 2680 3512 μεταϐολὴ
2726 3438 2815 3490 διὰ
2874 3438 3039 3505 μέσον
3099 3434 3308 3500 γίνεται
3345 3432 3559 3498 νέφους.
3612 3426 3723 3478 Καὶ
3775 3426 3916 3491 ὅπερ
3946 3426 3980 3491 ἡ

2408 3532 2571 3599 ἀτμὶς
2610 3531 2781 3590 κάτω,
2829 3527 2974 3579 τοῦτ’
3016 3527 3128 3580 ἀνω
3165 3525 3223 3576 τὸ
3256 3522 3438 3589 νέφος.
3501 3519 3609 3571 Καὶ
3656 3518 3824 3585 ἄμφω
3874 3518 3986 3582 γὰρ

2410 3626 2574 3691 ἀέρος
2603 3621 2698 3673 καὶ
2724 3619 2916 3678 ὕδατος
2956 3615 3180 3686 μεταξύ.

2482 3721 2558 3781 ς’.
2592 3715 2657 3767 Ἦ
2691 3714 2733 3767 δ’
2768 3710 2967 3781 ὁμίχλη
3032 3707 3353 3777 περίττωμα
3406 3704 3504 3773 τῆς
3567 3704 3645 3760 είς
3700 3700 3849 3769 ὖεωρ
3888 3698 3985 3749 τοῦ

2410 3810 2605 3877 νέφους
2667 3803 3006 3873 συγκρίσεως
3040 3802 3163 3851 ἐστι
3203 3798 3300 3851 καὶ
3358 3793 3684 3862 μεταϐολῆς.
3737 3790 3812 3841 Τὸ
3874 3788 3987 3857 γὰρ

2412 3897 2739 3965 ὑποὶειφοὲν
2774 3896 2882 3947 ἀπ’)
2912 3892 3010 3959 τῆς
3037 3889 3269 3958 νεφέλης
3304 3889 3361 3940 έν
3396 3888 3461 3956 τῇ
3501 3887 3580 3947 εἰς
3629 3884 3774 3951 ὕδωρ
3812 3897 3988 3948 μετει-

2411 3992 2564 4060 6ολῇ,
2604 3988 2905 4049 τουτέστιν,
2943 3986 3080 4053 ὅπερ
3126 3985 3183 4034 ιν
3213 3983 3278 4049 τῇ
3298 3978 3499 4048 νεφέλῃ
3533 3979 3723 4043 ἄγονον
3755 3972 3982 4042 εὑρεθῇ.

2414 4083 2492 4152 μὴ
2524 4080 2920 4148 δυνάμενον-είς
2947 4075 3089 4145 ὕδωρ
3122 4071 3469 4143 μεταϐαλεῖν,
3502 4067 3698 4135 ὁμίχλη
3732 4064 3989 4116 τοὶοιπόν

2414 4181 2550 4229 ἐστι.
2583 4174 2797 4225 Γίνεται
2820 4170 2864 4224 δ’
2881 4169 3076 4237 ὀμίχλη
3100 4167 3192 4218 καὶ
3218 4166 3277 4215 τὸ
3298 4164 3478 4229 νέφος,
3509 4161 3638 4211 ὅταν
3665 4158 3739 4224 μὴ
3777 4156 3986 4223 δυνηθῇ

2416 4267 2719 4335 πιληθῆναι
2744 4262 2939 4324 οὕτως.
2981 4260 3056 4321 ὡς
3080 4260 3159 4320 εἰς
3188 4255 3332 4320 ὕδωρ
3372 4252 3720 4321 μετασαὶεῖν,
3748 4248 3917 4302 ὈΟεν
3954 4249 3989 4314 ἡ

2416 4360 2613 4429 ὁμίχλη
2647 4356 2741 4409 καὶ
2779 4357 3004 4424 σημεῖον
3051 4351 3252 4419 μᾶλλον
3286 4348 3467 4405 εὐδίας
3496 4346 3643 4396 ἐστὶν
3688 4344 3835 4411 ἥπερ
3861 4340 3994 4391 ὕδει-

2418 4468 2531 4513 τος.
2568 4449 2787 4515 Νεφέλη
2840 4445 2951 4513 γὰρ
2975 4443 3161 4511 ὥσπερ
3196 4440 3391 4506 ἀγονος
3420 4436 3654 4505 ὑπάρχει
3708 4434 3784 4499 μὴ
3818 4448 3993 4498 μετα-

2343 4507 2387 4563 D
2419 4507 2688 4596 ϐάλλουσα
2722 4507 2819 4607 μέν
2967 4534 3108 4603 ὕδωρ
3133 4507 3228 4593 *ὡς
3280 4529 3573 4607 ξηροτέρα,
3613 4525 3767 4577 κάτω
3801 4523 3860 4574 δὲ
3898 4523 3992 4572 xi-

2421 4649 2631 4689 πτουσα
2654 4630 2814 4683 πάλιν
2848 4628 2922 4690 ὠς
2949 4623 3283 4695 ψυχροτέρα.

2489 4724 2556 4786 ζ’.
2593 4724 2762 4775 Ὅταν
2797 4721 2895 4788 μὲν
2928 4717 3019 4771 οὖν
3049 4719 3107 4768 έν
3141 4715 3218 4783 τῷ
3250 4710 3623 4778 ἀπογειοτέρῳ
3643 4707 3798 4775 τόπῳ
3825 4720 3996 4756 συνα-

2420 4814 2733 4886 οροιτθείσα
2801 4813 2834 4881 ἡ
2893 4806 3286 4878 amico-4163.
3343 4802 3524 4864 καθὼς
3586 4801 3825 4867 είρηται.
3865 4796 3995 4847 τότε

2417 4911 2628 4977 γίνεται
2656 4906 2858 4975 ὖμσρος
2881 4920 2896 4934 ο
2937 4901 2995 4962 ὃς
3025 4902 3071 4952 εἱ
3126 4900 3226 4967 μέν
3256 4898 3398 4951 κατά
3462 4892 3636 4963 μικρά
3689 4892 3855 4959 μόρια
3889 4888 3996 4955 φέ-

2419 5017 2565 5070 ροιτο
2592 5002 2683 5051 καὶ
2718 4998 2791 5065 μὴ
2837 4993 3078 5064 ἀθρόως,
3103 4991 3239 5042 ἀλλά
3275 4988 3415 5041 κατά
3455 4986 3637 5054 μέρος,
3672 4983 3746 5042 ὡς
3774 4978 3997 5033 κατοὶί-

2419 5106 2514 5150 γον
2542 5092 2605 5140 ὲκ
2642 5086 2731 5138 τοῦ
2769 5086 2964 5151 νέφους
3011 5081 3368 5149 γεννώμενος,
3406 5078 3655 5129 καλεῖται
3691 5071 3864 5139 ψεκάς
3890 5086 3904 5098 ·
3942 5072 3997 5119 εἰ

2418 5179 2474 5230 δὲ
2510 5179 2652 5229 κατά
2685 5175 2857 5244 μείζω
2913 5174 3005 5225 καὶ
3046 5166 3506 5239 ἀθροὼτερον,ὦς
3536 5165 3638 5233 ἢδη
3684 5159 3995 5231 γενομένης

2420 5272 2520 5340 τῆς
2572 5273 2650 5330 εἰς
2698 5268 2842 5334 ὕδωρ
2888 5263 2982 5317 τοῦ
3036 5263 3235 5329 νέφους
3302 5256 3627 5329 μεταὸολῆς,
3660 5250 3996 5321 ὀνομάζεται

2422 5363 2596 5423 ὑιτός.

2494 5462 2566 5526 η’.
2594 5452 2812 5506 Φιλοῦσι
2834 5452 2890 5504 δὲ
2921 5451 3095 5503 ταῦτα
3125 5448 3371 5515 γίνεσοαι
3412 5443 3552 5496 κατά
3578 5440 3678 5500 τὰς
3708 5433 3995 5526 ἐνιαυσίας

2425 5524 2595 5620 ὥρας.
2627 5547 2693 5599 Δί
2723 5546 2828 5614 γὰρ
2882 5544 3128 5597 τοιαῦται
3147 5540 3534 5607 ἀναθυμιάτεις
3572 5533 3662 5584 καὶ
3695 5524 4000 5597 μεταϐολαὶ

2424 5639 2564 5695 κατά
2592 5637 2692 5699 τὰς
2719 5636 2854 5699 ἰδίας
2897 5622 3139 5706 κινήσεις
3168 5632 3261 5685 τοῦ
3282 5633 3431 5702 ἡλίου
3466 5626 3701 5696 μάλιστα
3728 5620 4001 5690 γίνονται,

1945 5827 2033 5879 ’⁸1
2067 5824 2288 5879 Metcor.
2341 5839 2387 5880 c.
2415 5823 2468 5880 9.
2539 5821 2750 5877 "Ibid.
