4208 6440
231 462 366 526 1145

1465 463 1807 527 ΕΡΙΤΟΜΕ
1846 467 2191 530 PllYSICA.

3347 484 3480 545 1H6

218 580 345 633 καθ’
371 580 438 643 ἃς
464 580 708 651 κινήσεις
743 583 834 636 καὶ
858 584 911 636 ai
962 573 1103 652 ὧραι
1132 580 1225 634 τοῦ
1256 581 1413 643 ἔτους
1446 581 1806 648 διαιροῦνται.

1916 590 2157 638 «tu-idum
2187 604 2325 654 quos
2357 592 2523 641 etiam
2557 593 2682 643 anni
2713 603 2951 661 tempora
2985 594 3317 649 dividuntur.
3348 598 3479 654 Cum

219 673 324 723 τὸν
370 674 481 744 γὰρ
528 675 732 727 οἰκεῖον
766 675 965 728 κύκλον
1017 674 1271 741 ἀμείϐων
1322 676 1349 726 ό
1387 674 1563 743 ἥλιος,
1606 674 1670 725 τὰ
1705 675 1805 741 μὲν

216 764 489 835 διακρίνει
512 766 621 818 τῶν
641 768 1021 835 ὑποκειμένων
1053 784 1083 819 σ
1104 766 1347 835 -›μάτων,
1379 764 1605 830 πλησίον
1626 764 1806 815 αὐτῶν

221 860 517 929 γενόμενος
547 861 637 931 (τά
670 878 728 912 τε
762 860 871 930 γὰρ
899 860 1071 913 ὕδατα
1096 857 1351 910 λεπτύνει
1376 860 1467 909 καὶ
1499 858 1669 925 αὐτὴν
1704 858 1805 926 τὴν

219 949 347 1021 τῆν)
382 952 474 1004 καὶ
509 952 605 1013 τὰς
638 952 1037 1020 ἀναθυμιάσεις
1070 952 1219 1002 ποιεῖ
1244 967 1256 979 ·
1300 951 1366 1002 τὰ
1398 950 1454 1001 δι
1521 951 1805 1015 συγκρίνει

218 1042 407 1106 πάλιν,
435 1045 813 1111 ἀφιστάμενος
846 1044 1059 1115 πόρρω.
1112 1044 1248 1096 Τότε
1284 1044 1395 1111 γὰρ
1444 1044 1801 1109 συγκρίνεται

217 1136 253 1203 ἢ
288 1136 434 1203 ύγρά
462 1135 825 1204 ἀναθυμίασις
865 1138 947 1198 είς
978 1135 1115 1203 νέφη
1162 1137 1257 1187 καὶ
1304 1134 1498 1188 ὕδατα.
1539 1135 1706 1186 Ὅθεν
1734 1136 1801 1204 τῇ

218 1228 471 1298 προσόδῳ
501 1244 559 1280 τε
596 1228 687 1281 καὶ
729 1228 913 1297 ἀφόδῳ
944 1228 1051 1279 τῶν
1076 1228 1339 1279 έναντίων
1373 1225 1562 1279 παθῶν
1592 1227 1620 1279 ό
1654 1226 1806 1297 ἣλιος

216 1321 396 1382 αἴτιος
434 1320 669 1388 γίνεται,
698 1321 1020 1390 κινούμενος
1051 1320 1146 1373 τὸν
1181 1320 1467 1384 ζωδιακόν.

289 1412 359 1467 θ’.
394 1414 606 1467 Γίνεται
637 1414 694 1466 δὲ
744 1414 837 1467 καὶ
873 1412 1221 1483 καθημερινή
1268 1430 1351 1475 τις
1386 1414 1498 1465 ἀπὸ
1536 1412 1639 1481 τῆς
1676 1414 1806 1484 περὶ

218 1505 329 1574 γῆν
366 1504 666 1575 ὑγρότητος
716 1507 796 1566 είς
835 1506 1038 1575 ἀτμίδα
1086 1504 1395 1574 μεταϐολή·
1446 1504 1807 1573 λαμῦάνουσα

219 1600 316 1651 καὶ
338 1596 482 1666 αὕτη
512 1598 611 1665 τὴν
644 1599 822 1669 ἀρχὴν
849 1600 912 1650 hc
950 1598 1054 1666 τῆς
1107 1596 1493 1666 καθημερινῆς
1524 1598 1667 1665 ὑπιρ
1701 1597 1808 1667 γῆν

218 1706 278 1744 τε
307 1692 403 1744 καὶ
437 1690 542 1744 ύτιδ
572 1690 677 1759 γῆν
709 1689 804 1744 τοῦ
834 1690 990 1760 ἡλίου
1043 1691 1313 1755 κινήσεως
1344 1692 1485 1743 κατά
1528 1690 1627 1761 τὴν
1666 1690 1806 1758 μετά

217 1784 315 1838 τοῦ
347 1784 549 1849 παντὸς
575 1783 1025 1855 συμπεριφοράν.
1066 1781 1164 1835 Ἐκ
1189 1784 1253 1851 δὴ
1280 1784 1485 1853 ταύτης
1508 1784 1605 1849 τῆς
1636 1783 1806 1852 καθη-

223 1880 457 1949 μερινῆς
487 1878 733 1947 ἀτμίδος,
759 1878 859 1946 ὅση
892 1877 960 1929 ἀν
992 1878 1066 1945 μὴ
1105 1876 1379 1945 ίσχύσειεν
1406 1876 1637 1928 ιπιπολὺ
1672 1894 1803 1945 μετ-

218 1970 577 2040 εωρισθῆναι,
611 1970 699 2023 διὰ
729 1971 830 2041 τὴν
885 1970 1175 2023 ἀσθένειαν
1205 1968 1301 2022 τοῦ
1335 1968 1637 2036 ἀνάγοντος
1663 1969 1801 2023 ταύ-

218 2080 321 2131 την
375 2062 603 2132 θερμοῦ,
654 2062 819 2130 ἔγγὺς
852 2063 950 2132 τῆς
986 2063 1091 2130 γῆς
1122 2061 1397 2132 ψυχθεῐσα
1438 2062 1655 2132 νύκτωρ
1681 2063 1803 2130 (ψυ-

220 2156 483 2227 χρότεραι
526 2155 638 2225 γὰρ
676 2156 734 2210 al
782 2154 1000 2223 νύκτες)
1050 2155 1243 2224 δρόσον
1274 2157 1371 2209 καὶ
1411 2156 1627 2226 πάχνην
1662 2156 1801 2211 ἀπο-

217 2248 403 2303 τελεῐσ
440 2250 659 2319 πάχνην
695 2250 816 2316 μιν,
848 2251 980 2303 ὅταν
1023 2249 1112 2302 διὰ
1147 2249 1286 2303 πολὺ
1344 2248 1518 2320 ψύχος
1564 2252 1599 2320 ἡ
1636 2250 1802 2319 ἀτμὶς

217 2344 361 2415 αὕτη
392 2348 539 2415 παγῇ
576 2342 681 2413 πρὸ
706 2342 802 2397 τοῦ
833 2346 913 2408 είς
935 2344 1080 2413 ὕδωρ
1108 2343 1435 2414 μεταϐαλεῖν
1456 2361 1470 2373 ο
1499 2345 1695 2411 δρόσον
1719 2344 1799 2407 δι.

216 2438 350 2491 ὅταν
378 2437 455 2507 τῷ
484 2438 558 2508 μὴ
590 2437 733 2491 πάνυ
766 2437 976 2507 ψυχρᾶν
1003 2433 1145 2491 εἴναι
1185 2438 1246 2490 τὸ
1279 2438 1540 2507 περιέχον
1569 2439 1601 2505 ἡ
1633 2437 1801 2505 ἀτμὶς

220 2533 304 2594 είς
336 2529 492 2598 ὕδωρ
545 2531 814 2602 ἀλλοιωθῇ
847 2548 861 2563 ·
896 2532 1024 2599 μήθ’
1062 2530 1208 2584 οὕτω
1260 2529 1631 2599 θερμανθεῑσα
1660 2529 1801 2582 ὥστε

221 2624 598 2696 ξηρανθῆναι,
661 2626 789 2694 μήθ’
824 2624 970 2679 οὕτω
1016 2625 1290 2695 ψυχθεῖσα
1324 2626 1463 2678 ὥστε
1528 2626 1799 2692 παγῆναι.

222 2719 447 2788 Ὅθενὴ
481 2719 582 2786 μὶν
617 2719 799 2786 πάχνη
852 2717 1121 2788 χειμῶνος
1154 2719 1245 2770 καὶ
1277 2719 1334 2769 έν
1363 2719 1477 2779 τοῖς
1507 2734 1804 2787 χειμεριω-

218 2809 403 2878 τέροις
436 2809 643 2876 γίνεται
683 2809 868 2871 τόποις
892 2825 906 2839 ο
938 2811 969 2879 ὴ
1024 2810 1077 2860 δι
1121 2809 1332 2877 δρόσος,
1379 2808 1539 2875 ἔαρος
1570 2809 1804 2875 μάλιστα

221 2903 319 2953 καὶ
352 2901 721 2970 φθινοπώρου,
778 2902 873 2953 καὶ
927 2903 985 2952 ἰν
1017 2902 1203 2962 τόποις
1234 2900 1540 2967 εὐκράτοις.
1578 2897 1803 2967 Αίθρίας

220 2995 279 3047 δὲ
313 2995 408 3048 καὶ
460 2994 725 3063 νηνεμίας
768 2993 905 3063 (καὶ)
956 2993 1125 3061 ἄμφω
1176 2992 1445 3060 γίνονται.
1498 2992 1588 3061 Μὴ
1638 2991 1803 3063 οῦσης

218 3088 331 3155 γὰρ
361 3087 582 3156 αἰθρίας
612 3087 711 3140 οὐκ
732 3087 797 3139 ἀν
844 3088 877 3153 ὴ
912 3087 1079 3154 ἀτμὶς
1111 3087 1473 3153 ἀναφέροιτο·
1507 3086 1803 3155 ξηρότητος

226 3181 333 3247 γὰρ
359 3180 444 3231 δεῖ
502 3180 633 3248 πρὸς
684 3179 782 3248 τὴν
813 3181 1105 3249 ἀναγωγὴν
1136 3181 1310 3247 αὐτῆς
1354 3181 1445 3232 καὶ
1475 3180 1805 3247 λεπτότητος

1909 682 2055 731 cnim
2097 682 2377 747 prnpvium
2414 685 2681 737 circulum
2713 687 2789 738 sol
2820 692 3109 751 pt‘t't'urt‘il.
3139 690 3239 741 alia
3266 706 3328 742 ex
3359 696 3482 745 sub-

1906 770 2071 837 jectis
2100 773 2428 839 corporibus
2452 778 2656 843 quibus
2686 780 2910 847 prOpior
2935 783 3039 832 cuit
3064 782 3195 845 itur,
3222 784 3484 838 discernit

1910 862 2132 930 (quippe
2187 880 2382 932 aquam
2466 880 2727 922 extenuat
2794 874 3079 941 ipsamque
3131 877 3383 943 terram),
3430 886 3484 930 ct

1908 956 2283 1011 exltalationes
2312 958 2480 1013 efflrit
2513 980 2526 1024 ;
2571 961 2674 1013 alia
2713 974 2892 1016 autent
2939 980 2967 1016 a
3018 965 3222 1033 quibus
3254 968 3484 1021 discedit

1909 1046 2147 1118 longius.
2176 1055 2525 1123 constringit.
2556 1053 2710 1109 Tunc
2745 1060 2891 1109 enim
2937 1060 3161 1112 humida
3204 1062 3479 1113 exhalatio

1910 1142 1963 1195 in
1997 1142 2171 1197 nubes
2222 1154 2275 1198 et
2329 1162 2501 1215 aquas
2553 1150 2786 1217 cogitur.
2841 1149 2990 1206 Unde
3026 1168 3125 1203 suo
3164 1168 3389 1207 accessu
3429 1164 3479 1208 et

1911 1248 2130 1290 recessu
2184 1236 2264 1290 sol
2318 1240 2724 1292 contrariarum
2782 1242 3100 1306 passionum
3142 1256 3305 1297 causa
3355 1255 3478 1309 est.

1908 1327 2037 1380 dum
2070 1338 2319 1383 movetur
2354 1332 2597 1402 ιθθὶίιι
2629 1331 2883 1389 Zodiaco.

1978 1422 2034 1476 9.
2069 1420 2156 1477 Fit
2185 1434 2365 1477 autem
2413 1427 2578 1479 etiam
2612 1428 2932 1495 quotidiana
2974 1427 3219 1497 quaedam
3268 1445 3330 1483 ex
3382 1430 3480 1484 ltu-

1910 1530 2058 1568 more
2084 1516 2228 1569 circa
2266 1526 2464 1571 terram
2521 1519 2574 1571 in
2610 1534 2864 1586 vaporem
2903 1522 3169 1583 mutatio;
3203 1537 3321 1589 quae
3356 1522 3473 1590 ipsa

1908 1600 2071 1654 etiam
2113 1616 2141 1654 a
2186 1603 2505 1671 quotidiana
2550 1606 2681 1659 solis
2730 1621 2895 1674 super
2939 1616 2990 1661 et
3044 1610 3235 1661 subter
3281 1617 3478 1661 terram

1910 1702 2058 1746 motu
2093 1708 2252 1761 quem
2284 1709 2636 1750 communem
2673 1698 2832 1751 habet
2868 1714 2991 1751 curn
3030 1699 3198 1753 totius
3234 1699 3473 1753 universi

1909 1787 2290 1849 conversione.
2330 1790 2497 1842 sumit
2538 1788 2777 1843 initium.
2820 1789 2993 1859 Hujus
3041 1792 3294 1845 nimirum
3341 1808 3476 1860 quo.

1912 1878 2102 1933 tidiani
2144 1883 2359 1949 vaporis
2394 1898 2513 1951 qua-
2544 1898 2671 1952 pars
2705 1884 2869 1939 altius
2898 1885 3100 1939 elevari
3134 1896 3354 1952 propter
3388 1902 3481 1940 ca-

1911 1969 2000 2021 lidi
2034 1971 2215 2040 ipsum
2275 1970 2598 2028 adducentis
2651 1975 3024 2029 infirmitatem
3060 1990 3168 2029 non
3211 1977 3479 2041 valuerit,

1904 2077 1967 2115 ea
2002 2078 2129 2118 cum
2160 2080 2325 2132 prope
2360 2076 2559 2119 terram
2609 2067 2926 2135 refrigerata
2962 2076 3126 2121 noctu
3176 2067 3329 2121 fuerit
3361 2069 3483 2137 (no-

1904 2164 2024 2209 ctes
2051 2156 2197 2209 enim
2219 2156 2531 2226 frigidiores
2565 2158 2737 2227 Slllll),
2766 2173 2945 2212 rorem
2977 2168 3032 2211 et
3082 2158 3331 2225 pruinam
3367 2160 3484 2213 effi-

1906 2247 2001 2301 cit.
2040 2244 2299 2300 Pruinatn
2338 2246 2556 2315 quidem
2582 2286 2597 2310 ,
2636 2264 2761 2302 emn
2812 2256 3035 2316 propter
3069 2248 3265 2316 ingens
3302 2248 3476 2318 frigus

1905 2354 2079 2409 vapor
2112 2340 2202 2395 ille
2232 2340 2661 2410 conglaciaverit
2695 2342 2736 2371 7°
2765 2358 2778 2405 ;
2823 2357 3002 2395 rorem
3034 2356 3184 2403 vero,
3216 2356 3339 2394 cum
3365 2356 3484 2411 pro-

1906 2443 2090 2500 pterea
2125 2433 2271 2502 quod
2304 2434 2592 2487 continens
2629 2448 2735 2487 non
2772 2432 2909 2486 adeo
2942 2430 3197 2500 frigidum
3250 2440 3353 2495 est,
3384 2447 3479 2485 va—

1907 2542 2007 2595 por
2037 2531 2090 2579 in
2130 2541 2325 2596 aquam
2380 2526 2645 2581 alteratus
2692 2525 2892 2591 fuerit;
2950 2527 3211 2578 nimirum
3257 2540 3357 2579 nec
3403 2526 3475 2577 ita

1907 2616 2208 2673 calefactus
2254 2627 2312 2672 ut
2341 2620 2737 2679 exsiccarctur,
2775 2632 2874 2671 nec
2911 2618 2985 2670 ita
3030 2616 3384 2684 refrigeratus
3421 2627 3480 2669 ut

1907 2712 2295 2781 conglaciaret.
2335 2709 2487 2765 Unde
2523 2710 2718 2780 pruina
2752 2712 2972 2778 quidem
3013 2710 3192 2764 hieme
3223 2720 3276 2763 et
3328 2710 3477 2779 frigi-

1907 2805 1993 2859 dis
2025 2806 2080 2858 tit
2128 2805 2180 2857 in
2209 2804 2376 2867 locis;
2419 2819 2511 2857 ros
2540 2813 2719 2857 autem
2758 2819 2883 2857 vere
2918 2804 3260 2870 potissimum
3297 2812 3351 2858 et
3380 2818 3479 2856 au-

1909 2908 2123 2961 tumno,
2180 2899 2345 2968 inque
2386 2899 2703 2969 temperatis
2738 2898 2895 2952 locis.
2944 2899 3120 2951 Ambo
3153 2907 3331 2951 autem
3366 2899 3478 2951 hac

1909 3007 2103 3047 sereno
2126 3000 2179 3046 et
2208 2992 2505 3061 tranquillo
2533 2996 2671 3045 caelo
2696 2991 2849 3047 fiunt.
2877 2990 3062 3057 Neque
3090 2991 3234 3042 enim
3271 2991 3315 3021 ⁷⁷
3335 2992 3476 3043 caelo

1910 3101 2016 3138 non
2076 3086 2376 3140 exsistente
2425 3100 2626 3139 sereno
2661 3099 2829 3154 vapor
2877 3084 3033 3137 evehi
3075 3090 3271 3151 potest.
3313 3082 3482 3137 Sicci-

1910 3189 2019 3233 tate
2062 3177 2208 3244 enim
2252 3186 2307 3231 et
2339 3177 2609 3231 tenuitate
2642 3173 2934 3247 [corporis]
2966 3174 3304 3229 continentis
3340 3190 3480 3244 opus

222 3274 282 3323 έν
310 3271 388 3341 τῷ
411 3273 739 3340 περιέχοντι,
770 3272 1074 3336 τουτέστιν,
1110 3272 1194 3323 ἵνα
1229 3273 1303 3341 μὴ
1324 3272 1383 3323 τὺ
1415 3273 1670 3337 περιέχον
1701 3273 1772 3325 κά
1793 3302 1805 3311 -

1909 3281 1991 3325 est
2024 3271 2088 3324 ad
2114 3270 2472 3324 elevationem
2497 3271 2704 3338 ipsius;
2737 3270 2837 3322 hoc
2867 3277 2973 3331 est,
3002 3282 3070 3321 ne
3107 3268 3391 3321 continens
3413 3285 3476 3321 et

221 3364 430 3433 θυγρον
462 3366 525 3416 ὲκ
568 3363 675 3417 τῶν
698 3365 1162 3433 καταφερομένων
1191 3364 1417 3432 ὀμϐρων
1515 3366 1607 3416 καὶ
1636 3364 1803 3434 παχύ.

218 3457 357 3509 Τότε
383 3456 491 3523 γὰρ
518 3457 551 3525 ή
577 3455 743 3522 ἀτμὶς
767 3456 1070 3524 ἀναχθῆναι
1094 3457 1153 3508 οὐ
1177 3455 1422 3508 δύναται.
1455 3456 1529 3509 Οὕ
1542 3473 1594 3508 τε
1616 3457 1661 3509 δ’
1685 3457 1807 3509 ἀνέο

223 3568 329 3617 μου
362 3548 517 3611 ὄντος
550 3550 845 3601 συνίσταιτ⁹
877 3549 945 3601 ἂν
968 3552 1001 3620 ἡ
1033 3551 1196 3617 ἀτμὶς
1214 3551 1354 3601 ὥστε
1388 3551 1628 3617 παγῆναι
1664 3550 1694 3618 ῆ
1726 3552 1805 3611 είς

221 3641 373 3709 ὕδωρ
402 3641 730 3710 μεταϐαλεῖν
765 3682 779 3701 ,
840 3642 978 3694 ἀλλά
1037 3642 1313 3695 σκίδναιτό
1342 3659 1400 3693 τε
1445 3643 1536 3693 καὶ
1567 3624 1808 3707 διαφθεί-

225 3749 390 3800 ροιτο.
434 3733 747 3801 Τεκμήριον
775 3732 831 3784 δὶ
866 3735 1004 3799 (καὶ)
1055 3733 1146 3785 τοῦ
1201 3732 1560 3785 συνίστασθαι
1591 3736 1691 3802 τήν
1738 3752 1799 3787 τε

222 3824 441 3892 πάχνην
473 3824 565 3874 καὶ
591 3824 691 3892 τὴν
743 3822 936 3893 δρόσον
986 3823 1061 3891 μὴ
1095 3822 1284 3893 πόρρω
1326 3822 1426 3891 τῆς
1458 3823 1559 3889 γῆς
1588 3824 1650 3874 τδ
1705 3825 1797 3875 ἐπὶ

222 3919 333 3977 τοῖς
367 3916 723 3987 ὑψηλοτέροις
755 3917 907 3985 δρεσι
942 3916 1253 3984 μηδετέραν
1283 3916 1462 3968 αὐτῶν
1496 3916 1771 3983 γίνεσθαι.

296 4098 350 4151 ι’.
388 4098 577 4166 Πάχνη
620 4096 720 4163 μὶν
747 4094 842 4148 οὖν
868 4096 961 4147 καὶ
989 4095 1180 4163 δρόσος
1211 4098 1267 4148 ἑν
1304 4096 1417 4157 τοῖς
1450 4101 1803 4165 προσγειοτέ-

226 4210 343 4260 pot;
378 4192 726 4245 συνίστανται
749 4191 938 4251 τόποις
958 4206 973 4221 ·
1004 4190 1208 4258 ὄμϐρος
1230 4191 1285 4242 δὲ
1317 4193 1410 4242 καὶ
1452 4192 1686 4259 χάλαζα,
1714 4195 1806 4245 καὶ

224 4284 384 4354 χιὼν,
421 4285 480 4335 ἐν
510 4286 620 4345 τοῖς
655 4283 1067 4351 ἀπογειοτέροις
1095 4298 1110 4313 ο
1166 4282 1291 4333 {vim
1334 4283 1464 4351 μήθ’
1519 4284 1547 4335 ό
1577 4285 1684 4353 ἀὴρ
1724 4287 1808 4353 ῥεῖ

224 4380 318 4431 καὶ
346 4374 911 4445 συμπεριφέρεταιτῷ
928 4374 1112 4441 κύκλῳ
1136 4376 1441 4443 κινουμένῳ
1466 4373 1701 4442 σώματι,
1729 4377 1805 4438 ὡς

224 4472 313 4524 διὰ
360 4472 461 4540 τὴν
502 4468 759 4537 τοιαύτην
796 4468 953 4537 ῥύσιν
1006 4469 1099 4519 καὶ
1133 4467 1346 4533 κίνησιν
1380 4469 1480 4526 τὰς
1521 4469 1806 4531 συστάσεις

229 4566 305 4632 μὴ
333 4561 585 4628 γίνεσθαι
614 4562 722 4612 τῶν
764 4562 962 4626 νεφῶν,
997 4560 1133 4628 μήτε
1160 4560 1267 4609 τῶν
1289 4559 1533 4627 ἡλιακῶν
1565 4560 1805 4611 ἀκτίνων

228 4657 286 4708 al
346 4653 677 4714 ἀνακλάσεις
714 4651 775 4704 et
823 4652 1032 4703 ιντονον
1071 4652 1310 4719 ἔχουσιν,
1348 4650 1490 4702 ὥστε
1550 4650 1655 4719 μὴν
1710 4650 1804 4703 τοῦ

228 4749 392 4818 ἀέρος
448 4749 527 4808 είς
580 4744 715 4813 νέφη
772 4743 994 4811 πίλησιν
1039 4742 1347 4795 κωλύεσθαι
1382 4747 1446 4810 τῇ
1483 4743 1807 4812 θερμότητι.

241 4840 331 4893 Ἕν
362 4840 429 4907 δὴ
460 4837 569 4899 τοῖς
598 4835 868 4896 τοιούτοις
899 4837 1083 4895 τόποις
1121 4836 1230 4896 τοῖς
1273 4838 1399 4903 περὶ
1430 4836 1495 4886 τὰ
1524 4836 1658 4902 νέφη
1687 4853 1809 4887 συν-

230 4933 479 4985 ίστανται
544 4928 633 4981 διά
666 4927 833 4997 ψύξιν
895 4926 1125 4996 δμϐρος,
1178 4926 1311 4996 χιών
1341 4942 1401 4977 τε
1432 4928 1526 4979 καὶ
1572 4927 1806 4996 χάλαζα.

306 5110 400 5165 ια’.
436 5112 547 5165 Καὶ
580 5112 607 5163 ό
641 5111 743 5177 μιν
795 5108 1003 5178 ὄμϐρος
1042 5107 1127 5159 διὰ
1163 5106 1261 5176 τὴν
1311 5108 1481 5179 αςρτὴν
1536 5109 1719 5161 αἰτίαν
1747 5112 1813 5180 τῇ

227 5204 403 5272 δρόσῳ
426 5202 662 5267 γίνεταιο
690 5202 724 5270 ἡ
745 5201 877 5271 χιὼν
903 5200 959 5251 δὲ
985 5201 1070 5251 διὰ
1105 5201 1204 5268 τὴν
1236 5201 1404 5266 αὐτὴν
1424 5202 1604 5253 αἰτίαν
1626 5206 1689 5271 τῇ
1714 5204 1816 5255 πά-

230 5298 635 5370 χνῃ.Διαφέρει
667 5295 715 5348 δ’
743 5296 949 5365 δμϐρος
979 5296 1071 5347 καὶ.
1104 5296 1315 5363 δρόσος,
1356 5296 1449 5347 καὶ
1482 5296 1645 5347 πάλιν
1680 5285 1815 5365 χιὸίν

231 5392 327 5442 καὶ
353 5390 560 5457 πάχνη,
593 5387 673 5455 τῷ
704 5380 906 5457 μᾶλλον
940 5388 1032 5439 καὶ
1054 5382 1217 5455 ἦττον
1240 5388 1331 5436 καὶ
1353 5386 1549 5454 πλήθει
1582 5390 1673 5437 καὶ
1705 5388 1812 5439 ὀλι-

230 5482 442 5548 γότητι.
492 5480 553 5531 Ὀ
586 5479 685 5547 μιν
715 5480 814 5546 γὰρ
842 5479 1068 5545 ϐμϐρος,
1116 5476 1279 5537 miti;
1307 5492 1321 5507 '
1360 5480 1422 5529 ἑκ
1456 5477 1657 5545 πολλῆς
1699 5480 1807 5547 γὰρ

230 5572 458 5641 ἀτμίδος
502 5572 715 5638 γίνεται
748 5569 1062 5637 ψυχομένης
1083 5583 1095 5597 ·
1163 5569 1252 5617 καὶ
1299 5570 1325 5619 ό
1376 5568 1541 5629 τόπος
1571 5569 1629 5631 ἐξ
1656 5566 1716 5621 οὗ
1746 5586 1805 5621 τε

232 5665 568 5733 ἀναφέρεται
591 5662 687 5715 καὶ
711 5665 790 5725 είς
818 5662 882 5713 δν
911 5660 1250 5727 ἀθριίζεται,
1280 5661 1469 5722 πολύς·
1507 5662 1603 5714 καὶ
1631 5665 1659 5713 ό
1682 5664 1803 5731 χρι-

231 5775 322 5819 νος
365 5761 424 5811 εν
478 5750 523 5824 ᾧ
552 5774 612 5809 τε
658 5756 997 5826 ἀναφέρεται
1053 5760 1147 5807 καὶ
1184 5748 1307 5821 ὲνῷ
1348 5755 1578 5823 ψύχεται
1615 5758 1802 5819 πολύς.

1910 3363 2287 3418 decidentibus
2338 3364 2607 3416 imbribus
2656 3362 2943 3415 humidum
2994 3376 3352 3428 crassumque
3391 3363 3477 3414 sit.

1914 3456 2068 3524 167
2101 3454 2256 3507 Tunc
2288 3456 2433 3508 enim
2470 3470 2690 3507 sursum
2720 3453 2915 3506 adduci
2955 3469 3124 3520 vapor
3151 3470 3255 3505 non
3288 3464 3482 3520 potest.

1911 3547 2098 3616 Neque
2138 3562 2269 3601 vero
2309 3559 2475 3603 vento
2503 3548 2807 3601 exsistente
2852 3547 3151 3598 consistere
3188 3554 3367 3614 potest
3398 3562 3485 3596 va-

1909 3657 2028 3711 por.
2066 3649 2121 3693 ut
2152 3642 2454 3711 conglaciet
2482 3652 2575 3693 aut
2606 3642 2659 3693 in
2693 3656 2891 3705 aquam
2931 3648 3193 3703 mutetur,
3230 3640 3323 3693 scd
3373 3642 3483 3697 dis—

1910 3734 2119 3800 sipatur
2167 3744 2221 3785 et
2270 3732 2662 3798 corrumpitur.
2717 3731 2985 3784 Indiciqu
3035 3739 3217 3783 autem
3248 3741 3332 3785 est
3366 3733 3482 3799 ejus

1909 3828 2054 3894 quod
2091 3835 2144 3879 et
2184 3826 2381 3892 pruina
2408 3834 2460 3877 et
2512 3839 2600 3877 ros
2644 3840 2750 3878 non
2803 3825 2991 3891 procul
3038 3842 3065 3880 a
3120 3831 3261 3879 terra
3304 3825 3486 3879 censi-

1910 3925 2079 3976 stant.
2111 3918 2239 3983 quia
2277 3917 2543 3970 neutrum’
2560 3932 2755 3971 eorum
2789 3918 2842 3973 in
2869 3919 3193 3975 editioribus
3217 3923 3485 3973 montibus

1909 4022 2199 4077 generetur
2225 4011 2289 4065 ".

1980 4102 2067 4155 {0.
2107 4103 2285 4166 Quare
2315 4104 2509 4173 pruina
2552 4103 2770 4172 quidem
2823 4113 2877 4157 et
2920 4118 3010 4157 ros
3044 4104 3098 4157 in
3159 4104 3294 4158 locis
3329 4114 3485 4157 terra:

1912 4196 2306 4261 vicinioribus,
2364 4207 2418 4248 at
2461 4212 2592 4249 vero
2642 4198 2810 4251 imber
2848 4206 2900 4249 et
2939 4197 3144 4265 grando
3193 4208 3245 4250 et
3288 4200 3375 4249 nix
3432 4198 3485 4248 in

1910 4286 2044 4339 locis
2067 4302 2093 4339 a
2130 4298 2269 4340 terra
2302 4289 2692 4341 remotioribus
2752 4289 3061 4342 consistunt
3091 4305 3105 4347 ;
3149 4290 3237 4341 ubi
3306 4305 3481 4358 neque

1908 4393 2002 4431 aer
2039 4377 2157 4430 fluit
2188 4388 2382 4432 etcum
2412 4393 2641 4446 corpore
2672 4379 2814 4445 quod
2836 4380 3172 4432 circulariter
3204 4390 3476 4440 movetur.

1910 4469 2073 4523 simul
2104 4470 2460 4531 convertitur,
2494 4471 2571 4521 uti
2600 4479 2820 4537 propter
2849 4469 3121 4535 ejusmodi
3191 4468 3399 4521 fluxum
3438 4478 3491 4521 ct

1912 4571 2118 4613 motum
2156 4562 2379 4613 nubium
2410 4561 2787 4613 concrctinnes
2826 4574 2932 4611 non
2990 4564 3155 4626 fiant;
3196 4576 3365 4627 neque
3401 4576 3487 4612 ra-

1911 4654 2120 4706 diorum
2140 4653 2401 4708 solarium
2422 4652 2774 4705 refractiones
2795 4650 3089 4704 efﬁcaciam
3128 4668 3245 4703 eam
3270 4654 3490 4715 habent,

1910 4755 1968 4799 ut
1997 4746 2136 4799 aeris
2168 4745 2220 4798 in
2254 4746 2428 4798 nubes
2451 4744 2928 4811 conglobationem
2971 4758 3072 4795 suo
3097 4742 3276 4796 calore
3318 4744 3490 4811 impe-

1910 4837 2027 4890 dire
2058 4845 2282 4903 queant.
2312 4835 2366 4887 In
2391 4833 2659 4901 ejusmodi
2684 4833 2891 4885 scilicet
2926 4832 3065 4885 locis
3096 4832 3297 4898 quibus
3322 4833 3489 4883 Ituch

1914 4928 2292 4987 continentur.
2319 4941 2418 4995 per
2448 4925 2918 4993 refrigerationem
2951 4933 3004 4978 et
3022 4925 3202 4992 pluvia
3236 4936 3287 4978 et
3329 4926 3415 4977 nix
3440 4937 3492 4977 et

1909 5019 2117 5091 grando
2147 5021 2476 5073 consistunt.

1992 5111 2077 5165 Η.
2117 5110 2180 5164 Et
2214 5111 2392 5178 pluvia
2424 5108 2641 5179 quidem
2698 5116 2922 5176 preptcr
2969 5109 3219 5162 eamdem
3267 5123 3487 5162 causam

1917 5214 2313 5273 propterquam
2340 5218 2431 5257 ros
2452 5214 2780 5272 generatur;
2834 5204 2920 5255 nis
2957 5216 3080 5254 vero
3119 5212 3342 5271 propter
3364 5216 3489 5253 ean-

1914 5295 2034 5349 dem
2053 5311 2274 5349 causam
2300 5311 2461 5366 quam
2488 5309 2708 5368 propter
2733 5301 2923 5367 pruina
2950 5299 3013 5350 "z
3036 5296 3289 5349 differunt
3312 5305 3488 5349 autem

1911 5390 2091 5457 pluvia
2126 5398 2177 5441 et
2207 5405 2318 5453 ros,
2355 5390 2595 5456 itemque
2646 5407 2837 5444 rursus
2877 5392 2965 5445 uis
2994 5400 3046 5442 et
3077 5391 3265 5457 pruina
3319 5392 3482 5441 inten-

1906 5482 2058 5535 tione
2081 5490 2135 5535 et
2159 5480 2742 5548 remissioneitemquc,
2768 5483 3114 5537 multitudine
3135 5490 3186 5534 et
3205 5482 3490 5549 pauritan-.

1911 5573 2096 5627 Pluvia
2122 5574 2265 5627 enim
2303 5576 2525 5643 copiosa
2566 5577 2729 5646 168
2766 5585 2846 5630 est
2878 5594 2896 5644 ;
2929 5594 2991 5630 ex
3041 5575 3262 5644 cepioso
3292 5574 3472 5644 qltipra

1908 5680 2107 5733 vapore
2138 5665 2461 5732 frigescente
2494 5681 2808 5736 generatur;
2877 5678 2931 5722 et
2994 5668 3145 5721 locus
3210 5666 3369 5719 etiam
3422 5682 3484 5715 cx

1910 5774 2020 5827 quo
2056 5760 2300 5813 elevatur
2326 5771 2384 5814 et
2429 5762 2480 5815 in
2533 5778 2690 5832 quem
2733 5773 3089 5816 convertatur
3142 5759 3349 5828 amplus
3375 5768 3480 5812 eat.

292 5940 388 5996 ’σι
422 5938 643 5995 Mctcor.
679 5954 726 5993 c.
759 5939 838 5996 f0.
921 5942 963 5972 "
995 5940 1124 5995 lbid.
1206 5940 1402 5995 "Ibid.
1482 5941 1521 5972 ⁷⁸
1559 5942 1630 5997 lbi
1658 5941 1693 5995 '.
1730 5958 1775 5999 c.
1824 5942 1909 5997 ll.
