4200 6440
206 401 350 465 1:225

1460 407 1791 467 ΕΡΙἸῸΜΕ
1833 407 2178 466 PllYSltiA.

3328 409 3467 475 1220

205 519 444 586 πέφυκε.
482 518 587 571 Καὶ
616 518 714 569 οὐκ
757 518 823 572 ἂν
856 519 1001 573 εἴποι
1037 538 1139 583 τις,
1178 522 1253 584 ὡς
1294 523 1448 578 ἔσται
1498 524 1688 593 χρόνος
1717 525 1766 575 ὅτ

1899 532 2219 587 Corrttpttltn
2277 519 2341 571 iri
2374 518 2504 572 nihil
2562 527 2645 572 est
2698 520 3056 589 impossibile.
3131 523 3291 577 Proin
3347 530 3474 593 quia

202 611 303 660 οὐκ
366 610 518 660 ἔσται
562 610 591 661 6
646 612 911 678 οὐρανὸςο
970 613 1084 666 ἀλλ’
1138 613 1291 668 ἔσται
1340 617 1503 669 πάλιν
1557 618 1783 683 αἰωνική

202 718 284 761 τις
354 703 679 769 παράταξις,
739 705 861 755 καθ’
914 706 979 774 ἢν
1037 705 1150 757 οὗθ’
1210 708 1238 759 6
1293 692 1523 776 οὐρανὸς
1586 708 1701 760 οὗθ’
1750 714 1785 762 6

202 792 395 862 χρόνος
443 792 580 847 εἶναι
633 797 925 863 δυνήσεται
977 799 1115 849 κατὰ
1162 797 1259 867 τὴν
1302 800 1629 853 ἀκολουθίαν
1687 802 1785 869 τῆς

200 888 447 955 φύσεως.

273 1166 381 1235 κβ’.
420 1169 653 1233 Λέγουσι
682 1169 846 1222 πάλιν
868 1186 881 1201 ·
916 1168 1087 1239 Εἵπερ
1130 1172 1160 1222 6
1193 1172 1398 1239 κόσμος
1429 1174 1655 1240 γενητὸς
1690 1178 1785 1229 καὶ

199 1262 464 1329 φθαρτὸς,
488 1264 570 1315 δεῖ
597 1263 957 1329 προηγεῖσθαι
980 1264 1080 1331 τὴν
1115 1264 1374 1317 σύστασιν
1410 1266 1467 1329 ἐξ
1491 1261 1558 1338 ἧς
1589 1272 1780 1336 γέγονε

197 1358 294 1407 καὶ
344 1357 423 1417 εἰς
459 1358 525 1423 ἢν
558 1352 713 1417 αὖθις
766 1356 1128 1425 φθαρήσεται.
1186 1358 1326 1411 Ἀλλ’
1364 1355 1443 1421 εἷς
1483 1364 1509 1413 ὀ
1553 1362 1779 1429 κόσμος·

194 1450 460 1515 ἀγένητος
509 1451 618 1518 ἄρα
674 1452 768 1502 καὶ
812 1451 1111 1520 ἄφθαρτος.
1140 1451 1203 1503 El
1262 1452 1360 1521 μὲν
1399 1449 1492 1506 οὖν
1520 1456 1782 1523 έλέγομεν

192 1547 286 1593 τὴν
311 1543 517 1610 κόσμον
540 1544 766 1610 γενητὸν
801 1546 895 1596 καὶ
930 1544 1173 1614 φθαρτὸν
1204 1548 1279 1608 ὡς
1306 1548 1374 1600 τὰ
1401 1549 1647 1617 τέσσαρα
1679 1550 1783 1601 σώ-

196 1654 344 1699 ματα
370 1639 465 1687 καὶ
494 1640 559 1687 τά
592 1637 649 1699 ἐξ
678 1636 879 1697 αὐτῶν,
913 1637 973 1691 εὖ
998 1639 1064 1691 ἂν
1097 1640 1283 1707 ελεγον
1313 1645 1361 1693 ol
1392 1639 1566 1695 ταῦτα
1599 1643 1781 1710 λέγον-

195 1746 301 1787 τες·
337 1733 457 1781 ἐπεὶ
486 1731 530 1780 δ’
555 1732 617 1783 ἐκ
650 1730 743 1781 τοῦ
780 1730 1006 1799 μηδαμῆ
1044 1735 1307 1801 μηδαμῶς
1344 1735 1515 1798 ὄντος,
1540 1737 1655 1790 ἀλλ’
1682 1737 1781 1789 οὐκ

189 1823 254 1872 ὲκ
286 1824 767 1889 προϋποκειμένης
796 1824 896 1888 τῆς
930 1823 1063 1893 ὖλης
1093 1825 1283 1879 τοῦτον
1307 1828 1559 1894 γίνεσθαι
1597 1847 1778 1897 φαμεν

194 1914 347 1976 παρά
378 1913 472 1963 τοῦ
501 1914 659 1976 Θεοῦ,
685 1915 845 1965 ποίαν
875 1914 990 1983 ἔχει
1013 1918 1039 1966 6
1067 1916 1220 1984 λόγος
1252 1919 1434 1972 αὐτῶν
1462 1920 1563 1991 τὴν
1592 1923 1776 1989 ἰσχύν;

194 2005 256 2055 Ei
307 2008 487 2057 τοίνυν
532 2009 599 2059 εκ
631 2008 723 2059 τοῦ
766 2008 840 2074 μὴ
892 2009 1025 2069 ὅλως
1058 2008 1198 2065 εἶναι
1236 2016 1520 2083 γεγένητο,
1566 2018 1776 2075 πέφυκε

192 2098 357 2149 πάλιν
390 2101 468 2157 εἰς
506 2103 563 2151 τὸ
602 2101 676 2169 μὴ
699 2104 834 2164 ὅλως
868 2099 1007 2156 εἶναι
1046 2105 1447 2174 φθαρήσεσθαι,
1482 2108 1585 2161 κᾶν
1618 2112 1648 2177 ἡ
1683 2110 1776 2162 τοῦ

188 2192 530 2258 δημιουργοῦ
622 2193 894 2263 ἀγαθότης
962 2198 1314 2264 ὐπερνικῶσα
1367 2201 1552 2253 πᾶσαν
1612 2203 1775 2268 φύσιν

187 2286 381 2351 ῶσπερ
402 2290 467 2339 ἐκ
495 2287 586 2339 τοῦ
619 2290 865 2357 μηδό).ως
888 2290 1039 2348 δντος
1072 2290 1167 2341 τὸν
1190 2290 1395 2358 κόσμον
1424 2296 1774 2362 παρήγαγεν,

188 2379 335 2429 οὕτω
372 2382 510 2447 πρδς
543 2383 605 2434 τὸ
640 2384 886 2446 κρεῖττον
919 2383 1323 2451 μετασκευάσαι
1367 2385 1471 2454 τὴν
1506 2385 1775 2456 δημιουρ-

190 2474 320 2537 γίαν
352 2474 542 2527 αὐτοῦ.

263 2748 371 2805 κγ’.
444 2741 563 2791 Ἔτι
644 2745 1067 2812 πεπερασμένος
1124 2746 1154 2797 6
1200 2747 1432 2814 οὐρανός
1468 2765 1482 2779 ’
1540 2751 1772 2817 έπείπερ

190 2832 458 2883 ἀδύνατον
507 2832 793 2901 κινηθῆναι
846 2836 906 2888 τὸ
954 2835 1204 2907 ἄπειρον.
1237 2839 1299 2891 El
1344 2840 1453 2909 γὰρ
1494 2843 1767 2911 κινηθείη,

191 2925 385 2989 χρόνον
416 2924 641 2992 ἄπειρον
665 2927 878 2995 ἀνάγκη
907 2927 1104 2982 διιέναι
1138 2930 1279 2983 κατά
1306 2934 1407 3000 τὴν
1432 2935 1668 3000 κίνησιν.
1713 2937 1773 2987 ’0

187 3018 243 3067 δὲ
279 3019 704 3085 περιστρέφεται
758 3020 981 3085 σύμπας
1030 3022 1087 3073 ὲν
1148 3023 1389 3076 ἐλάττονι
1447 3028 1623 3096 χρόνῳ
1677 3029 1772 3079 τοῦ

188 3109 592 3177 νυχθημερινοῦ
644 3111 1030 3181 διαστήματος.
1068 3115 1229 3167 Ὥστε
1283 3121 1701 3186 πεπερασμένος
1745 3123 1772 3173 6

1892 612 2056 664 simul
2089 626 2215 663 cum
2249 619 2494 679 tempore
2521 614 2793 676 substitit,
2853 629 2975 667 cum
3031 624 3277 682 tempore
3310 618 3473 671 etiam

1893 705 2056 757 simul
2090 705 2318 757 dissolvi
2372 714 2571 770 potest.
2627 703 2737 758 Nec
2788 707 2990 761 dixerit
3042 709 3267 774 aliquis.
3328 716 3475 777 quod

1891 808 2105 865 tempus
2136 798 2491 858 siti'uturuni,
2529 798 2752 864 quando
2784 800 2984 849 coalum
3034 816 3140 853 non
3188 803 3314 854 erit.
3368 802 3474 853 Sed

1891 904 2084 942 rursus
2112 898 2313 943 teterna
2351 894 2599 956 quaedam
2658 893 2762 943 erit
2826 893 3100 957 extensio,
3155 899 3463 948 secundum

1888 996 2051 1050 quam
2080 998 2255 1050 neque
2286 984 2485 1037 cmlum
2513 999 2687 1052 neque
2713 996 2925 1053 tempus
2948 1001 3072 1039 csse
3112 990 3335 1055 poterit,
3370 1006 3466 1057 pro

1889 1088 2094 1130 naturae
2110 1081 2521 1144 consequentia.

1959 1169 2047 1223 2‘2.
2079 1169 2274 1223 lterum
2306 1173 2491 1224 dicunt
2522 1171 2601 1243 [et
2636 1172 2932 1239 objiciunt]
2976 1192 2988 1229 :
3024 1178 3079 1229 Si
3111 1178 3467 1232 muudusor-

1888 1273 1977 1314 tus
2022 1274 2103 1317 est
2138 1275 2193 1316 et
2245 1265 2491 1319 iuteritni
2545 1270 2845 1330 obnoxius,
2905 1272 3189 1322 materiam
3246 1282 3462 1339 oportet

1888 1360 2193 1425 prrecedcre
2222 1374 2286 1411 ex
2326 1376 2431 1425 qua
2480 1361 2550 1413 sit
2607 1374 2785 1424 ortus,
2840 1374 2895 1417 et
2941 1365 2995 1415 in
3047 1379 3210 1431 quam
3270 1381 3463 1418 rursus

1889 1450 2141 1503 intereat.
2173 1452 2334 1519 Atqui
2365 1456 2598 1506 mundus
2627 1465 2711 1508 est
2742 1472 2901 1510 unus.
2942 1455 3050 1510 Nec
3116 1458 3283 1526 igitur
3312 1468 3467 1513 ortus

1886 1552 1989 1598 est.
2042 1558 2138 1596 nec
2207 1545 2550 1611 corruptioni
2587 1547 2880 1602 obnoxius.
2925 1550 3082 1614 Quod
3136 1551 3179 1602 si
3243 1551 3467 1625 quidem

1888 1636 2151 1689 mundum
2186 1648 2365 1690 ortum
2392 1647 2445 1691 et
2475 1641 2894 1707 corruptibilem
2944 1658 3066 1697 esse
3121 1644 3470 1705 diceremus.

1886 1738 2205 1796 utquatuor
2226 1743 2453 1795 corpora
2503 1730 2975 1802 [elementorum],
3043 1745 3188 1787 recte
3225 1737 3472 1788 dicerent

1885 1825 1973 1889 qui
2026 1823 2138 1874 haec
2171 1822 2382 1877 dicunt.
2428 1826 2699 1890 Quoniam
2738 1838 2923 1880 autem
2973 1843 3039 1882 cx
3094 1843 3323 1897 prorsus
3358 1844 3466 1881 non

1885 1926 2030 1976 cute.
2069 1932 2169 1970 nec
2198 1933 2260 1968 ex
2310 1922 2705 1986 prtcsuppnsila
2762 1921 2990 1975 materia
3036 1921 3215 1990 ipsum
3276 1936 3304 1973 a
3355 1920 3466 1975 Deo

1883 2020 2063 2061 ortum
2114 2024 2236 2064 esse
2282 2010 2443 2079 272
2504 2013 2759 2073 dicimus,
2816 2016 2947 2081 quid
3001 2016 3222 2070 roboris
3285 2018 3466 2069 oratio

1888 2100 2131 2166 ipsorum
2163 2101 2322 2152 habet
2357 2102 2378 2151 ’ἰ
2422 2101 2577 2165 Quod
2635 2103 2679 2156 si
2739 2104 2905 2171 igitur
2971 2121 3038 2159 ex
3086 2121 3316 2169 prorsus
3355 2123 3463 2160 non

1881 2206 2003 2243 esse
2043 2191 2218 2243 factus
2243 2201 2346 2251 est.
2406 2194 2487 2246 sic
2542 2204 2740 2246 natura
2782 2211 2881 2249 sua
2948 2208 3302 2265 comparatus
3355 2210 3463 2259 est.

1883 2294 1941 2336 ut
1969 2283 2033 2335 ad
2066 2299 2290 2349 prorsus
2311 2300 2415 2336 non
2442 2301 2564 2338 esse
2608 2287 2835 2341 interire
2875 2290 3087 2357 possit:
3144 2306 3459 2359 quanquam

1883 2376 2097 2430 bonitas
2127 2378 2341 2443 opilicis
2375 2394 2496 2444 qtu'
2528 2393 2751 2431 omnem
2807 2392 3058 2434 naturam
3098 2382 3261 2451 longe
3302 2399 3461 2452 supe-

1885 2478 1989 2531 rat,
2039 2470 2174 2521 sit-nt
2217 2485 2277 2522 ex
2316 2487 2539 2534 prorsus
2596 2489 2703 2525 non
2747 2483 2873 2527 ente
2926 2476 3193 2529 mundum
3256 2479 3461 2545 produ-

1883 2563 1978 2622 xit,
2016 2564 2085 2613 itu
2146 2563 2198 2614 in
2235 2563 2516 2616 meliorem
2550 2573 2756 2617 statum
2807 2567 3041 2620 mutabit.
3093 2582 3258 2622 suum
3302 2570 3461 2639 opiﬁ-

1878 2657 2043 2708 cium.

1947 2752 2036 2803 9.5.
2069 2750 2331 2804 Prmterea
2358 2751 2573 2805 ﬁnitum
2609 2764 2694 2805 est
2723 2755 2921 2808 coelum
2956 2773 2970 2811 :
3006 2757 3454 2821 quandoquidem

1880 2855 1937 2896 ut
1964 2846 2237 2899 inﬁnitum
2268 2847 2578 2907 movéatttr,
2624 2848 2739 2900 ﬁeri
2780 2866 2888 2901 nun
2953 2859 3151 2912 potest.
3213 2851 3267 2903 Si
3309 2853 3456 2903 enim

1880 2947 2213 2999 moveretur.
2243 2954 2467 2992 necesse
2499 2939 2663 3002 foret,
2698 2951 2752 2993 ut
2812 2943 3028 2994 inﬁnito
3069 2955 3317 3010 temporc
3370 2960 3457 2995 se-

1877 3030 2114 3082 cundum
2145 3040 2350 3083 motum
2410 3033 2852 3105 progrederetur.
2914 3014 3075 3102 Atqui
3141 3037 3454 3089 universum

1880 3126 2053 3189 ipsum
2113 3122 2311 3174 minori
2362 3130 2609 3190 tetnpore
2639 3140 2801 3192 quam
2861 3126 2968 3179 diei
3023 3139 3077 3180 et
3144 3130 3323 3183 noctis
3373 3141 3457 3182 est

188 3204 436 3270 οὐρανός,
466 3204 527 3254 Et
573 3204 619 3255 δ’
672 3204 827 3266 οὗτος
870 3210 1307 3276 πεπερασμένος,
1343 3214 1437 3262 καὶ
1476 3217 1583 3275 πᾶς
1627 3216 1654 3265 6
1684 3216 1766 3266 x6-

1878 3216 2134 3280 spatium.
2169 3218 2635 3272 circumvertitur.
2694 3221 2930 3275 Proinde
2995 3224 3193 3276 malum
3240 3224 3453 3279 ﬁnitum

189 3311 327 3361 σμος
363 3300 800 3363 πεπερασμένος.
862 3298 921 3349 El
969 3300 1078 3368 γὰρ
1126 3303 1187 3353 τὸ
1233 3304 1487 3371 περιέχον
1528 3321 1769 3373 πεπερα-

190 3389 415 3455 σμένον,
447 3389 536 3439 καὶ
588 3390 648 3442 τὸ
700 3392 1093 3461 περιεχόμενον
1140 3396 1197 3459 ἐξ
1229 3397 1473 3464 ἀνάγκης
1520 3415 1773 3466 πεπερις

189 3484 407 3546 σμένον.
441 3484 604 3534 Οὐδὲν
635 3484 693 3535 δὲ
731 3485 891 3551 σῶμα
918 3491 1339 3556 πεπερασμένον
1384 3492 1496 3560 ἔχει
1538 3492 1771 3559 δύναμιν

187 3576 441 3641 ἄπειρον.
477 3574 548 3625 Τὸ
578 3579 685 3641 γὰρ
726 3576 818 3628 τοῦ
854 3582 1275 3647 πεπερασμένου
1314 3585 1479 3652 μέρος
1530 3584 1561 3653 ἢ
1609 3588 1765 3638 ἄπει-

189 3676 278 3725 ρον
309 3661 420 3722 ’ἕξει
448 3661 676 3728 δύναμιν
708 3666 802 3716 καὶ
827 3666 960 3717 αὐτὸ
991 3668 1084 3720 καὶ
1113 3669 1205 3721 τοῦ
1236 3672 1464 3739 ἀπείρου
1502 3676 1688 3741 μεῖζόν
1713 3694 1763 3726 τι

184 3750 540 3818 εὑρεθήσεται
574 3754 802 3821 (μείζων
825 3760 932 3822 γὰρ
957 3761 987 3824 ἡ
1016 3761 1071 3809 ἐν
1088 3760 1166 3828 τῷ
1190 3762 1297 3830 ὅλῳ
1326 3763 1554 3832 δύναμις
1584 3769 1680 3835 τῆς
1708 3771 1765 3818 ἑν

184 3846 259 3907 τῷ
290 3844 451 3911 μέρει
497 3845 777 3911 δυνάμεως
803 3861 816 3874 ·
850 3848 967 3898 ἀλλ’
996 3850 1149 3900 οὐδὲν
1188 3856 1282 3903 τοῦ
1314 3856 1544 3922 ἀπείρου
1579 3860 1764 3923 μεῖζόν

184 3930 379 3991 iactv)“
411 3932 443 3997 ἢ
476 3937 901 4004 πεπερασμένην
951 3938 1061 4001 Lis;
1103 3940 1334 4008 δύναμιν
1366 3946 1425 3995 τὸ
1458 3950 1621 4015 μέρος
1668 3948 1763 4001 τοῦ

184 4024 634 4088 πεπερασμένου.
668 4026 761 4077 καὶ
797 4028 857 4079 τὸ
876 4029 998 4079 ὅλον
1028 4036 1451 4104 πεπερασμένης
1482 4038 1635 4090 ἔσται
1669 4040 1763 4093 δυ-

181 4112 423 4177 νάμεως.
454 4116 525 4166 Τὸ
560 4117 665 4186 γὰρ
703 4121 766 4169 εκ
821 4128 1259 4191 πεπερασμένων
1311 4132 1581 4192 συνεστὼς
1623 4136 1762 4186 κατὰ

181 4206 279 4275 τὴν
312 4205 544 4275 ὁλότητα
575 4215 995 4281 πεπερασμένον
1028 4220 1475 4288 ὁμολογουμένως
1517 4230 1634 4275 εστὶ
1667 4230 1761 4279 καὶ

179 4302 336 4352 αὐτὸ.
368 4301 482 4354 Πᾶν
508 4302 615 4371 ἀρα
648 4310 1068 4375 πεπερασμένον
1122 4314 1282 4380 σῶμα
1331 4320 1757 4390 πεπερασμένης

183 4392 400 4460 μετέχει
438 4394 740 4463 δυνάμεως.
791 4399 954 4452 Ὅθεν
1006 4404 1034 4453 6
1078 4406 1283 4471 κόσμος
1338 4412 1757 4479 πεπερασμένος

178 4483 250 4534 ὧν
308 4490 738 4556 πεπερασμένην
797 4493 1058 4561 κέκτηται
1112 4497 1363 4565 δύναμιν.
1404 4501 1755 4571 Ἀδυνατήσει

1872 3317 1976 3359 cst.
2006 3306 2158 3372 Quod
2192 3310 2233 3363 si
2271 3310 2372 3363 hoc
2411 3312 2621 3364 ﬁnitum
2660 3327 2763 3375 εει,
2828 3323 2978 3367 totus
3009 3317 3173 3368 etiam
3212 3319 3452 3371 mundus

1876 3398 2058 3451 ﬁnitus
2087 3408 2192 3452 est.
2227 3398 2281 3453 Si
2316 3403 2462 3454 enim
2486 3406 2627 3468 quod
2661 3405 2929 3469 continuet,
2981 3405 3190 3459 ﬁnitum
3237 3417 3320 3462 est
3357 3424 3368 3458 :
3399 3408 3453 3462 id

1871 3496 2033 3545 etiam
2092 3495 2235 3561 quod
2295 3498 2631 3559 continetur,
2694 3503 3009 3553 necessario
3065 3498 3279 3553 ﬁnitum
3339 3513 3445 3556 est.

1873 3585 2088 3638 Nullum
2122 3598 2303 3639 autem
2334 3603 2531 3655 corpus
2554 3591 2698 3656 quod
2761 3591 2969 3643 ﬁu‘tum
3018 3604 3122 3655 est,
3177 3595 3446 3648 inﬁnitam

1874 3679 2034 3731 habet
2062 3684 2379 3745 potentium.
2423 3678 2635 3733 Etenim
2682 3685 2817 3736 ﬁniti
2852 3701 2978 3753 pars
3032 3700 3127 3739 aut
3183 3686 3448 3740 inﬁnitam

1872 3773 2092 3823 habebit
2132 3774 2447 3839 potentiam,
2507 3775 2621 3841 ipsa
2650 3792 2871 3844 quoque
2907 3789 2959 3831 et
3006 3780 3218 3833 inﬁnito
3275 3783 3449 3847 majus

1867 3860 2072 3923 aliquid
2127 3862 2569 3928 deprehendetur
2636 3866 2830 3935 (major
2873 3869 3018 3921 enim
3077 3880 3160 3923 est
3205 3875 3447 3939 potentia

1868 3965 1987 4017 qua:
2033 3952 2085 4004 in
2116 3963 2255 4015 toto.
2288 3970 2452 4022 quam
2509 3972 2629 4023 qum
2686 3958 2738 4009 in
2792 3968 2942 4027 parte
2977 3971 3106 4026 est;
3151 3964 3245 4016 sed
3309 3965 3445 4017 nihil

1870 4043 2080 4097 inﬁnito
2114 4047 2285 4113 majus
2309 4052 2415 4113 εει)
2463 4064 2477 4101 :
2509 4061 2603 4102 aut
2649 4052 2855 4105 ﬁnitam
2896 4054 3117 4107 habebit
3146 4060 3443 4122 potentiam

1866 4139 2000 4190 ﬁniti
2029 4152 2174 4206 pars,
2210 4148 2493 4209 totumque
2560 4143 2724 4196 ﬁnitae
2776 4148 2882 4199 erit
2942 4150 3218 4215 potentia.
3283 4150 3441 4216 Quod

1863 4234 2007 4285 enim
2042 4248 2107 4285 ex
2148 4232 2315 4288 ﬁnitis
2540 4244 2714 4290 totum
2746 4250 2987 4302 constat,
3039 4242 3216 4311 ipsum
3270 4247 3435 4298 etiam

1863 4329 2103 4379 omnium
2139 4326 2491 4381 confessione
2526 4328 2733 4382 ﬁnitum
2760 4340 2861 4385 est.
2889 4332 3063 4386 Omne
3115 4334 3283 4403 igitur
3316 4338 3440 4391 ﬁnio

1864 4427 1975 4469 tum
2013 4432 2234 4487 corpus,
2288 4419 2459 4473 ﬁnita:
2490 4422 2740 4488 potentia:
2801 4432 2885 4477 est
2933 4426 3227 4494 particeps.
3284 4426 3436 4483 Unde

1863 4509 2097 4562 mundus
2127 4524 2250 4562 cum
2281 4513 2350 4565 sit
2378 4512 2584 4577 ﬁnitus,
2621 4514 2831 4568 iinitam
2862 4520 3162 4585 potentiam
3194 4522 3432 4575 obtinet.

176 4578 358 4628 τοίνυν
383 4578 528 4648 λόγῳ
562 4581 773 4646 φύσεως
803 4585 898 4637 καὶ
929 4587 959 4655 ἡ
984 4589 1235 4654 ένέργεια
1262 4590 1428 4643 αὑτοῦ
1457 4594 1749 4659 παύσεται,

1878 4602 2113 4656 .>otentia
2146 4603 2313 4673 igitur
2335 4616 2571 4660 emetur
2631 4618 2840 4661 naturae
2903 4613 3156 4679 ratione;
3192 4624 3245 4668 et
3291 4619 3435 4673 actio

174 4668 273 4733 τῆς
312 4669 601 4736 δυνάμεως
637 4677 1018 4745 παυσαμένης.
1055 4680 1218 4732 Ὀθεν
1253 4683 1481 4751 ἄρχεται
1526 4687 1559 4756 ἡ
1592 4688 1751 4756 ένέρ-

177 4776 317 4823 γεια.
360 4762 532 4814 Τοῦτο
566 4764 619 4815 δὲ
672 4767 725 4816 τι
787 4769 974 4837 ἔτερόν
1030 4774 1177 4825 ἔστιν
1228 4775 1258 4843 ἠ
1299 4776 1480 4831 τελεία
1534 4781 1749 4849 φθοράς

175 4852 367 4903 Τοίνυν
419 4857 447 4905 6
494 4856 694 4922 κόσμος
744 4860 917 4930 φθορᾷ
952 4866 1206 4917 παντελεῐ
1233 4869 1373 4921 κατά
1416 4869 1571 4938 λόγον
1620 4875 1750 4926 ὑπό-

175 4960 353 4995 κειται
385 4949 634 5012 φυσικλον,
672 4948 746 5019 μὴ
772 4950 1071 5020 δυνάμενος
1091 4960 1467 5028 συνδιαμένειν
1486 4964 1563 5032 τῷ
1591 4967 1750 5018 ἀπει-

174 5037 465 5129 ροδυνάᾼμῳ
494 5040 832 5113 δημιουργῷ.
881 5048 989 5099 Καὶ
1022 5049 1072 5099 τί
1099 5052 1209 5121 γάρ
1235 5052 1362 5105 ἄλλο
1410 5056 1441 5125 ἢ
1486 5056 1750 5129 δημιοὺρο

169 5142 323 5194 γημα
355 5127 432 5180 ὣν
468 5133 763 5186 κάντεῦθεν
810 5138 905 5189 καὶ
951 5141 1111 5208 μόνον
1156 5144 1255 5213 τῆς
1281 5146 1375 5198 τοῦ
1407 5127 1747 5219 δημιουργὲ.-

168 5236 362 5281 σαντος
399 5224 691 5291 ὑφαί-μένος
726 5229 1068 5299 ἀϊδιότητοςς
1120 5236 1180 5289 El
1218 5237 1398 5291 τοίνυν
1441 5241 1679 5311 φθαρτὸς
1719 5247 1746 5295 6

166 5312 395 5381 κόσμος,
438 5319 652 5382 πάντως
684 5323 780 5375 καὶ
829 5325 1074 5394 γενητὸς.
1124 5330 1600 5387 Ἀντακολουθοῦσι
1635 5337 1742 5404 γὰρ

164 5402 419 5474 ἀλλήλοις
450 5410 511 5461 τδ
540 5415 766 5481 γενητὸν
815 5418 910 5469 καὶ
948 5418 1008 5470 τὸ
1051 5419 1312 5493 φθαρτὴν,
1339 5426 1434 5477 καὶ
1474 5428 1638 5479 πάλιν
1684 5402 1743 5481 τδ

160 5499 429 5567 ἀγένητον
455 5502 551 5555 καὶ
579 5504 639 5557 τδ
668 5506 966 5578 ἄφθαρτον.

235 5680 335 5735 κδ’.
363 5684 627 5746 Λέγουσιν
659 5687 811 5753 αὖθις
833 5707 849 5723 ·
884 5693 944 5744 Ei
975 5695 1049 5764 μὴ
1077 5698 1192 5767 ἅμα
1216 5698 1343 5763 Θεὸς
1379 5699 1493 5771 ἃμα
1519 5702 1745 5772 κόσμος,

158 5773 224 5843 ἦν
277 5793 409 5827 ποτε
461 5780 490 5828 ὁ
524 5779 655 5843 Θεὸς
689 5784 785 5834 οὐκ
818 5788 1069 5857 ἐνεργείᾳ
1116 5791 1479 5862 δημιουργὸς,
1514 5797 1739 5866 δυνάμει

156 5874 207 5921 οε
242 5871 431 5937 μόνον.
462 5871 623 5925 Ὅθεν
652 5878 743 5926 καὶ
788 5879 980 5949 ἀτελής
1003 5898 1015 5909 -
1048 5885 1109 5934 τὸ
1140 5886 1364 5957 δυνάμει
1396 5892 1501 5957 γὰρ
1535 5893 1743 5955 ἀτελές.

406 5971 676 6032 ΡΑΤιιυι..
714 5978 827 6035 (in.
863 5979 1098 6039 CXLII.

1860 4691 2023 4744 etiam
2057 4693 2176 4759 ejus
2201 4695 2462 4757 cessabit,
2492 4712 2617 4749 cum
2657 4700 2897 4765 potentia
2934 4703 3074 4753 unde
3113 4705 3255 4758 actio
3294 4705 3434 4761 iucu-

1860 4785 2277 4851 pitcessaverit.
2339 4780 2452 4840 Hec
2512 4799 2694 4841 autem
2749 4792 2877 4858 quid
2931 4792 3078 4846 aliud
3130 4808 3211 4849 est
3266 4814 3429 4866 quam

1860 4875 2098 4944 per-{eota
2122 4878 2443 4946 corruptio?
2474 4879 2819 4949 Quapropter
2864 4888 3098 4939 mundus
3135 4890 3433 4945 universali

1860 4970 2196 5036 corruptioni
2222 4971 2434 5024 ratione
2466 4976 2697 5026 naturali
2730 4977 3038 5046 subjicitur,
3063 4990 3121 5033 ut
3149 4983 3240 5048 qui
3268 4984 3433 5038 simul

1858 5074 1980 5111 cum
2003 5059 2194 5126 opilice
2227 5060 2455 5116 inﬁnita
2481 5070 2735 5131 potentiae
2760 5082 3079 5133 permanere
3104 5086 3210 5124 non
3234 5076 3428 5140 possit.

1856 5148 1992 5214 Quid
2058 5151 2203 5202 enim
2254 5153 2399 5206 aliud
2448 5170 2610 5221 quam
2691 5160 2988 5226 opiﬁcium,
3049 5174 3104 5215 et
3161 5164 3285 5219 hinc
3348 5172 3430 5222 vel

1856 5245 2050 5297 saltem
2085 5247 2298 5313 Opiﬁcis
2326 5251 2633 5305 aeternitate
2677 5252 2957 5308 inferior?
2991 5254 3145 5323 Quod
3190 5261 3237 5313 si
3263 5262 3432 5331 igitur

1856 5338 2089 5389 mundus
2133 5340 2510 5408 corruptibilis
2538 5353 2645 5405 est,
2698 5356 2845 5399 certe
2893 5350 3057 5401 etiam
3114 5362 3270 5407 ortus
3318 5367 3425 5411 est.

1854 5428 2102 5482 Vicissim
2131 5434 2282 5485 enim
2347 5449 2406 5486 se
2453 5437 2682 5490 invicem
2714 5454 3132 5511 consequuntur
3167 5460 3349 5501 ortum
3375 5464 3429 5504 et

1852 5524 2249 5589 corruptibile:
2298 5535 2353 5580 et
2428 5544 2622 5585 rursus
2674 5548 2782 5586 non
2845 5546 3024 5589 ortum
3059 5553 3123 5593 ac
3180 5541 3427 5596 incorru-

1856 5800 1956 5853 dus
1982 5802 2167 5865 simul,
2200 5803 2341 5859 Deus
2376 5808 2670 5875 aliquando
2711 5829 2815 5865 non
2843 5826 2966 5867 actu
3000 5825 3116 5868 erat
3146 5819 3418 5881 conditor,

1854 5894 1945 5949 sed
1995 5898 2235 5963 putentia
2282 5910 2485 5956 tantum
2522 5920 2536 5957 :
2568 5916 2621 5958 et
2689 5908 2918 5974 proinde
2962 5910 3124 5962 etiam
3166 5911 3423 5981 impetit:-

3004 6004 3074 6062 39
