4200 6440
249 440 383 502 1237

243 645 369 696 τοτέ
406 648 546 698 είσιν
579 647 629 699 οί
663 649 838 712 αὐτοὶ.
870 654 964 705 καὶ⁵
991 655 1118 715 τοὺς
1149 657 1347 720 αὐτοὺς
1373 659 1699 727 κατέχοντες
1733 663 1820 715 τό-

243 754 386 800 πους
439 741 722 808 διηνεκῶς.
780 745 840 798 Ὀ
889 744 936 797 δ’
991 749 1252 816 ἀρκτικὸς
1306 752 1401 806 καὶ
1459 757 1820 821 ἀνταρκτικὸς

246 834 390 885 κατὰ
449 835 550 895 τὰς
601 838 710 888 τῶν
763 839 1046 908 κλιμάτων
1093 842 1360 914 διαφορὰς
1399 846 1820 902 ἑναλλὰσσονται

244 926 341 977 καὶ
389 928 516 987 τοὺς
562 929 761 992 τόπους
816 932 1126 1001 ἀμείϐουσι.
1160 938 1266 990 Καὶ
1303 940 1405 990 ποῦ
1453 939 1672 1006 μείζους
1715 944 1822 995 είσὶ

247 1020 344 1072 καὶ
368 1022 504 1072 πολὺ
537 1025 647 1084 τοῖς
675 1031 960 1094 τροπικοῖς
991 1029 1388 1100 πλησιάζοντες
1407 1049 1420 1062 ·
1457 1034 1560 1088 ποῦ
1590 1037 1637 1088 δ’
1671 1037 1823 1090 ἐλάτ-

247 1129 420 1175 τους,
483 1116 574 1167 καὶ
625 1119 739 1180 τοῖς
799 1122 983 1183 πόλοις
1050 1124 1285 1191 μάλιστα
1347 1131 1822 1198 προσεγγίζοντες.

256 1207 418 1260 Ἐστι
447 1208 492 1260 δ’
514 1212 649 1264 ὅπου
683 1213 775 1265 καὶ
801 1215 1177 1280 ἀφανίζονται.
1213 1219 1300 1289 Μὴ
1333 1223 1752 1292 ἀφανιζομένων
1780 1225 1825 1278 δ’

255 1300 461 1364 αὐτῶν,
488 1303 515 1354 ὀ
545 1304 645 1372 μὲν
670 1305 899 1376 ἀόρατός
925 1307 1095 1372 ἐστιν,
1129 1314 1158 1364 ό
1189 1311 1235 1364 δ’
1254 1314 1342 1366 ἀεὶ
1369 1315 1565 1381 ὁρατός
1591 1330 1604 1345 ·
1637 1318 1729 1370 καὶ
1767 1319 1829 1370 τὸ

256 1397 652 1463 περιεχόμενον
701 1399 792 1453 ὑπ’
822 1402 988 1455 αὑτοῦ
1062 1404 1228 1473 μέρος
1273 1407 1373 1474 τῆς
1415 1411 1648 1476 σφαίρας
1681 1411 1831 1467 ἅπαν

251 1487 314 1536 τὸ
348 1488 484 1555 πρὸς
528 1489 607 1558 τῷ
636 1491 783 1562 πόλῳ
825 1495 1102 1562 ἁειφανὲς,
1134 1497 1212 1560 ὡς
1264 1498 1326 1550 τὸ
1369 1499 1474 1552 ὑπὸ
1513 1501 1608 1553 τοῦ
1640 1503 1829 1556 λοιποῦ

261 1581 652 1650 περιεχόμενον
675 1587 901 1652 ἀφανές.
940 1589 1098 1641 Πόλοι
1138 1588 1196 1642 at
1235 1593 1451 1645 πάντων
1484 1593 1592 1646 τῶν
1624 1596 1834 1664 παραλ-

257 1671 438 1739 λήλων
468 1675 682 1730 κύκλων
711 1682 759 1731 οί
789 1680 888 1748 τῆς
920 1682 1157 1753 σφαίρας
1182 1686 1341 1740 είσίν.

334 1773 422 1832 ιγ’.
468 1767 697 1837 Ἕτερος
745 1773 802 1826 δὲ
851 1777 1054 1827 νοεῖται
1111 1780 1368 1844 μέγιστος
1403 1781 1621 1846 κύκλος,
1655 1782 1744 1835 διά
1775 1799 1834 1835 τε

256 1856 370 1909 τῶν
416 1863 693 1929 τροπικῶν
741 1866 834 1917 καὶ
869 1865 962 1918 τοῦ
997 1869 1318 1938 ίσημερινοῦ
1370 1872 1702 1940 βεϐλημένος
1747 1875 1836 1926 λο-

262 1947 374 2010 ξῶς
395 1969 406 1980 ·
438 1953 561 2004 καθ’
596 1954 654 2006 ἒν
684 1957 780 2024 μὶν
818 1963 1046 2025 σημεῖον
1065 1961 1256 2029 ψαύων
1288 1963 1552 2033 ἑκατέρου
1582 1964 1691 2016 τῶν
1719 1983 1840 2033 τρο-

262 2045 474 2096 πικῶν·
511 2050 594 2111 είς
627 2049 715 2101 ῐσα
748 2051 802 2103 δὲ
832 2053 927 2105 δύο
970 2057 1114 2106 κατά
1143 2055 1236 2108 δύο
1272 2059 1473 2125 σημεῖα
1505 2059 1718 2127 τέμνων
1749 2060 1839 2110 τὸν

263 2135 603 2205 ίσημερινόν.
648 2135 817 2205 Οὗτος
856 2147 884 2197 ὁ
921 2145 1072 2210 λοξὸς
1103 2147 1302 2210 κύκλος
1348 2150 1592 2202 καλεῖται
1636 2151 1838 2204 Ζωδια-

261 2228 359 2289 κός
382 2245 396 2256 ο
429 2230 543 2283 ἐστι
570 2231 626 2284 δὲ
661 2234 862 2298 πλατὺς
905 2238 1000 2289 καὶ
1033 2239 1216 2307 φέρων
1254 2242 1430 2309 ἄστρα
1473 2242 1665 2307 πολλὰ,
1693 2260 1842 2294 σκια-

261 2321 514 2387 γραφοῦν
538 2325 606 2377 τά
637 2342 750 2387 πως
786 2328 897 2390 ζὼἀ
931 2346 1071 2384 τινα.
1123 2332 1216 2385 Ἐκ
1259 2333 1360 2402 τῆς
1390 2334 1648 2403 τοιαύτης
1689 2352 1845 2386 σκια-

261 2415 507 2479 γραφίας
592 2418 689 2486 τῆς
741 2424 1160 2494 συγκεχυμένης
1213 2428 1310 2479 καὶ
1339 2429 1586 2496 ἀμυδρᾶς
1635 2427 1840 2496 εκλήοη

264 2507 424 2573 παρὰ
499 2508 608 2561 τῶν
697 2513 938 2581 ἀρχαίων
1015 2517 1358 2585 ἀστρολόγων
1420 2518 1695 2586 ζωοφόρος
1751 2521 1845 2571 καὶ

267 2600 581 2662 Ζωδιακός·
641 2606 733 2656 καὶ
781 2605 851 2657 τὰ
892 2611 1363 2677 σκιαγραφήματα
1401 2611 1709 2680 ἐκλήθησαν
1736 2614 1848 2666 Ζώ-

265 2689 380 2744 δια.
405 2692 480 2744 Τὸ
509 2693 707 2757 πλάτος
739 2695 831 2748 οὖν
853 2697 946 2750 τοῦ
978 2700 1242 2762 ζωδιακοῦ
1274 2705 1421 2771 τρεῖς
1453 2703 1724 2772 διαιροῦσι
1753 2707 1849 2758 κύ-

271 2785 393 2836 κλοι
443 2785 537 2836 καὶ
567 2785 936 2848 διανέμονται.
974 2791 1084 2844 Καὶ
1114 2792 1142 2844 ὁ
1173 2792 1273 2860 μὲν
1303 2795 1483 2848 αὐτῶν
1522 2797 1681 2864 μέσος
1734 2797 1850 2849 ἔστι

269 2892 332 2928 τε
385 2882 481 2930 καὶ
538 2879 753 2945 λέγετοι
775 2898 788 2910 ·
827 2881 1016 2934 τούτου
1047 2883 1091 2934 δ’
1130 2886 1178 2936 οί
1208 2885 1508 2953 ἑκατέρωθι
1534 2889 1852 2960 ὠνομάσθηο

274 2985 381 3022 σαν
407 2969 437 3021 δ
470 2969 569 3038 μιν
603 2971 844 3041 βόρειος,
873 2977 898 3026 ὀ
920 2977 976 3027 δὲ
1009 2976 1199 3040 νότιος,
1235 2979 1300 3031 ἐκ
1347 2979 1455 3032 τῶν
1520 2981 1610 3032 τοῦ
1646 2982 1851 3050 κόσμου

274 3063 464 3130 μερῶν
518 3061 602 3126 οἷς
659 3069 1102 3136 προσπελάζουσι
1163 3070 1581 3144 κληρωσάμενοι
1621 3077 1687 3128 τὰ
1735 3077 1850 3129 ὀνό-

275 3173 448 3223 ματα.

350 3335 669 3406 ιδ’.”Ετερος
698 3339 841 3409 παρὰ
864 3341 956 3394 τὸν
989 3339 1255 3406 ζωδιακὸν
1290 3348 1383 3398 καὶ
1400 3348 1490 3398 τὸν
1516 3351 1848 3418 ίσημιρινδν,

277 3428 539 3496 μέγιστος
573 3433 664 3482 καὶ
692 3432 875 3495 αὐτὸς,
908 3436 1110 3487 νοεῖται
1140 3436 1339 3499 κύκλος
1360 3478 1374 3499 ,
1410 3440 1437 3490 δ
1465 3439 1688 3508 διαιρῶν
1720 3444 1852 3508 ἡμῖν

273 3523 338 3572 τὸ
391 3522 490 3591 τῆς
553 3525 788 3592 σφαίρας
845 3527 1079 3595 φανερὸν
1125 3529 1189 3580 ικ
1233 3528 1328 3581 τοῦ
1359 3530 1623 3598 ἀφανοῦς,
1659 3533 1714 3595 ὃς
1757 3539 1849 3586 καὶ

269 3613 475 3682 ὁρίζων
539 3614 626 3667 διὰ
697 3615 855 3669 τοῦτο
923 3622 1412 3690 προσαγορεύεται.
1453 3625 1723 3690 Μέγιστος
1792 3628 1848 3680 δέ

276 3709 395 3758 εστι
423 3707 521 3759 καὶ
549 3707 730 3772 αὐτὸς,
760 3711 992 3779 ἐπείπερ
1037 3713 1116 3774 είς
1152 3713 1241 3766 ίσα
1272 3715 1365 3766 δύο
1412 3717 1501 3768 τὸν
1536 3721 1739 3786 κόσμον
1772 3719 1852 3770 δι-

275 3800 444 3864 αιρεῖ.
480 3798 680 3858 Πάντες
727 3801 834 3868 γὰρ
864 3800 914 3851 οί
952 3803 1198 3870 μέγιστοι
1245 3806 1436 3858 κύκλοι
1466 3810 1563 3876 τήν
1595 3825 1653 3861 τε
1692 3813 1852 3878 σφαῖ-

279 3907 382 3955 ραν
414 3891 509 3942 καὶ
534 3891 792 3960 ἀλλήλους
829 3895 906 3955 είς
933 3896 1022 3947 ῐσα
1050 3897 1193 3968 μέρη
1219 3901 1510 3969 τέμνουσιν
1541 3905 1854 3970 ἀναγκαίως

273 3983 373 4032 καὶ
410 3984 516 4035 ίσοι
543 3983 792 4051 ἀλλήλοις
825 3985 955 4040 sisi.

350 4172 435 4220 ιε’.
470 4167 688 4220 Τούτων
727 4169 902 4231 οὕτως
933 4172 1164 4241 ἑχόντων
1209 4174 1259 4224 oi
1302 4173 1572 4241 πλάνητες
1613 4173 1855 4238 ἅπαντες

271 4258 377 4327 τὴν
405 4260 655 4313 ἐναντίαν
681 4262 756 4330 τῷ
784 4265 1126 4332 στερεώματι
1159 4266 1300 4319 κατὰ
1333 4265 1395 4318 τὸ
1425 4265 1616 4318 δοκοῦν
1643 4266 1858 4336 κίνησιν

275 4351 614 4422 κινούμενοι,
647 4357 742 4408 καὶ
774 4356 1046 4420 ἄλλοτ’-εν
1077 4357 1258 4420 ἄλλοις
1288 4357 1381 4410 τοῦ
1428 4359 1634 4427 κόσμου
1670 4360 1857 4428 φαινό-

276 4461 435 4511 μενοι
476 4448 722 4512 μέρεσιν,
748 4448 847 4500 οὐκ
874 4449 1110 4502 ἄτακτον
1157 4450 1445 4503 ποιοῦνται
1477 4452 1574 4520 τὴν
1606 4453 1819 4522 κίνησιν
1842 4467 1857 4482 ⁸

273 4537 403 4588 οὐδὲ
427 4537 496 4588 δι’
529 4532 604 4590 ὧν
644 4539 803 4608 ῑτυχε
831 4539 926 4593 τοῦ
963 4543 1170 4611 κόσμου
1199 4535 1458 4611 φέρονται
1497 4545 1704 4612 μερῶν.
1744 4544 1860 4598 ἀλλ’

1500 450 1836 510 ΕΡΙΤΟΜΕ
1877 451 2230 513 PHYSICA.

314 551 404 622 ιβ’.
443 555 504 608 '0
543 555 642 624 μὲν
675 555 768 611 οὖν
803 561 1118 631 ίσημερινὸς
1161 562 1256 616 καὶ
1310 565 1359 616 οί
1388 568 1642 634 τροτιιιιο)⁵
1676 569 1815 621 πάνυ
1843 566 1897 626 Δ

3364 444 3500 508 1238

2000 568 2086 623 i2.
2133 565 2556 634 [Equinoctialis
2592 564 2760 634 igitur
2792 571 2846 616 et
2874 562 3066 631 trOptci
3105 562 3306 627 ubique
3338 561 3498 614 iidem

1925 671 2055 714 sunt
2086 662 2387 719 eademque
2439 661 2604 714 etiam
2666 673 2884 728 semper
2946 665 3217 724 occupant
3269 658 3406 718 loca,
3447 668 3503 710 at

1925 754 2165 806 arcticus
2195 763 2250 805 et
2285 753 2624 806 antarcticus
2667 751 2967 805 secundum
3031 750 3310 801 climatum
3346 748 3502 801 diﬁc.—

1927 849 2139 901 rentlas
2173 847 2389 900 variant
2428 855 2484 902 et
2533 846 2651 899 loca
2691 856 2923 899 mutant.
2957 844 3023 896 Et
3050 843 3246 895 alicubi
3282 842 3503 909 quidem

1929 940 2164 1007 majores
2198 949 2350 1003 sunt,
2401 941 2740 1008 multumque
2773 938 2996 1005 tr0picis
3023 938 3504 1004 appropinquant;

1927 1034 2123 1087 alicubi
2166 1046 2343 1087 autem
2407 1036 2646 1088 minores
2701 1043 2756 1087 et
2783 1035 3031 1102 proxime
3074 1031 3139 1085 ad
3171 1031 3322 1096 polos
3348 1045 3508 1082 acce-

1930 1125 2086 1179 dunt.
2125 1125 2230 1179 Sed
2271 1133 2324 1179 et
2372 1125 2572 1179 alicubi
2640 1135 3001 1178 evanescunt.
3057 1121 3292 1188 Quando
3325 1132 3504 1172 autem

1932 1234 2040 1272 nou
2095 1229 2456 1282 evanescunt,
2509 1234 2648 1273 unus
2680 1220 2900 1286 quidem
2959 1217 3127 1286 288
3182 1215 3508 1279 invisibilis;

1930 1314 2067 1366 alter
2096 1328 2226 1367 vero
2251 1328 2471 1382 semper
2501 1321 2585 1367 est
2613 1313 2840 1366 visibilis
2864 1327 2881 1379 ;
2915 1321 2970 1365 et
2997 1312 3251 1365 universa
3285 1309 3511 1379 sphera:

1934 1421 2060 1475 pars
2094 1423 2214 1475 qua:
2267 1413 2334 1460 ah
2364 1407 2484 1475 ipso
2538 1407 2605 1458 ad
2645 1407 2824 1472 polum
2869 1420 3042 1474 usque
3092 1403 3509 1471 comprehendi-

1935 1508 2042 1562 tur,
2075 1513 2293 1566 semper
2341 1499 2713 1567 conspicitur;
2777 1497 3240 1566 quemadmodum
3274 1509 3396 1562 qua:
3445 1495 3513 1545 ab

1935 1593 2107 1645 altero
2164 1593 2482 1646 continetur
2516 1607 2623 1644 non
2660 1591 3020 1658 conspicitur.
3085 1588 3249 1656 Atqui
3281 1588 3387 1656 poli
3427 1602 3515 1654 pu-

1936 1685 2246 1740 rallelorum
2295 1685 2541 1738 omnium
2602 1697 2730 1740 sunt
2769 1685 2869 1748 illi,
2908 1685 3003 1753 qui
3029 1696 3080 1736 et
3108 1685 3334 1751 sphzrra:
3365 1695 3510 1733 sunt.

2014 1777 2102 1830 l3.
2139 1776 2306 1830 Porro
2327 1778 2370 1808 ³⁸
2399 1777 2539 1830 alius
2593 1778 2832 1832 circulus
2873 1776 3147 1830 maximus
3170 1772 3514 1839 intelligitur.

1940 1866 2032 1933 qui
2068 1879 2164 1933 per
2226 1865 2470 1932 tropicos
2511 1875 2566 1919 et
2622 1877 2954 1933 :equatorem
3017 1864 3240 1931 oblique
3292 1860 3518 1929 interii--

1942 1966 2067 2008 ctus
2098 1963 2182 2009 est
2207 1974 2224 2018 ;
2254 1957 2341 2022 qui
2374 1970 2484 2008 uno
2517 1957 2737 2024 quidem
2794 1965 2996 2024 puncto
3031 1967 3325 2020 utrumque
3355 1954 3524 2020 tropi-

1943 2061 2132 2100 corum
2173 2049 2410 2114 attingit,
2449 2049 2502 2102 in
2544 2050 2678 2101 duas
2711 2058 2892 2102 autem
2951 2045 3190 2114 aequales
3251 2054 3434 2113 partes
3468 2043 3519 2095 in

1944 2136 2159 2191 duobus
2223 2139 2438 2205 punctis
2493 2137 2928 2205 aequinoctialem
2985 2135 3200 2188 dividit.
3258 2132 3356 2185 llic
3386 2133 3525 2184 obii-

1945 2246 2085 2298 quus
2131 2230 2371 2284 circulus
2405 2232 2566 2284 etiam
2597 2230 2866 2283 Zodiacus
2899 2237 3148 2281 vocatur.
3213 2225 3417 2293 Estque
3453 2228 3526 2275 Ia-

1948 2333 2040 2376 tns
2076 2323 2320 2376 circulus
2350 2335 2400 2376 et
2433 2324 2600 2375 multa
2627 2323 3009 2390 complectitur
3030 2319 3230 2380 sidera,
3260 2334 3380 2386 qua:
3409 2319 3527 2369 ani-

1951 2414 2113 2468 malia
2164 2417 2409 2482 quaedam
2463 2415 2790 2466 adumbrant
2855 2421 2906 2466 et
2971 2421 3384 2478 repraesentant.
3452 2408 3526 2461 lix

1949 2505 2178 2561 confusa
2205 2507 2302 2560 hac
2333 2517 2387 2560 et
2419 2508 2655 2562 obscura
2691 2506 3113 2560 ailumbratione
3142 2515 3195 2558 et
3230 2519 3529 2572 repra'sen-

1952 2600 2159 2652 talione
2191 2599 2258 2652 ab
2290 2599 2532 2667 antiquis
2565 2599 2882 2666 astrologis,
2926 2598 3154 2666 signifer
3191 2607 3245 2649 et
3271 2598 3530 2649 zodiacus

1951 2700 2180 2744 vocatus
2213 2690 2371 2744 fuit‘o
2395 2707 2409 2756 ;
2433 2699 2487 2745 et
2507 2691 2796 2756 imagines,
2815 2690 3148 2744 animalculu
3186 2691 3264 2761 [et
3292 2689 3428 2741 alias
3454 2690 3528 2741 si-

1953 2781 2082 2853 gna]
2112 2792 2317 2837 vocatae
2356 2792 2511 2841 sunt.
2551 2782 2922 2836 Latitudinem
2956 2783 3111 2850 proin
3139 2781 3378 2834 zodiaci
3419 2788 3532 2833 tres

1952 2877 2141 2932 circuli
2174 2877 2428 2932 dividunt
2484 2891 2538 2931 et
2571 2879 2884 2947 partiuntur
2914 2876 2979 2930 “.
3028 2875 3092 2928 Et
3127 2892 3271 2930 unus
3309 2876 3527 2942 quidm:

1955 2984 2167 3034 eorum,
2208 2970 2421 3025 medius
2452 2981 2556 3033 est,
2595 2981 2651 3024 et
2686 2971 2928 3024 dicitur:
2971 2968 3039 3021 ab
3071 2968 3176 3022 hoc
3203 2977 3404 3028 autem,
3439 2967 3530 3032 qui

1956 3067 2023 3117 ad
2078 3075 2371 3132 utrumque
2421 3066 2566 3119 latus
2623 3075 2778 3127 sunt,
2815 3079 2956 3118 unus
3013 3063 3232 3131 quidem
3272 3063 3532 3121 horeulis,

1955 3158 2097 3211 alter
2153 3157 2410 3212 australis
2472 3158 2736 3210 nominati
2771 3167 2901 3210 sunt
2931 3172 2946 3222 ;
2977 3172 3008 3209 a
3064 3156 3252 3209 mundi
3285 3155 3533 3223 partibus

1878 3253 1922 3310 C
1957 3250 2159 3318 quibus
2185 3250 2658 3318 appropinquant,
2691 3251 2912 3302 nomina
2946 3248 3147 3302 sortiti.

2026 3342 2110 3394 M.
2147 3341 2303 3394 Alius
2334 3353 2528 3409 prmtcr
2562 3343 2846 3395 zodiacum
2882 3351 2935 3394 et
2966 3339 3400 3407 aequinoctialem
3429 3338 3536 3391 cir-

1953 3438 2109 3489 culus
2136 3435 2304 3504 289
2330 3446 2384 3488 et
2421 3436 2536 3504 ipse
2566 3435 2838 3488 maximus
2891 3433 3238 3500 intelligitur,
3269 3435 3359 3499 qui
3407 3448 3534 3498 par-

1957 3535 2060 3578 tem
2090 3528 2318 3593 sphzeta:
2356 3524 2714 3592 conspicuam
2769 3525 2837 3575 ah
2870 3521 3222 3590 inconspicua
3258 3523 3417 3571 nobis
3449 3521 3536 3570 di~

1953 3618 2109 3682 vidit,
2158 3620 2364 3686 quique
2418 3627 2708 3687 propterea
2768 3616 2994 3668 horizon
3060 3612 3136 3684 [id
3190 3623 3274 3666 est
3332 3613 3534 3664 Ιὶιιὶιυτε

1954 3713 2282 3781 appellatur.
2333 3711 2605 3765 Maximus
2665 3718 2847 3764 autem
2906 3716 2961 3762 et
2994 3710 3107 3777 ipse
3156 3715 3258 3770 est,
3319 3705 3536 3773 quando

1954 3806 2173 3873 quidem
2210 3806 2262 3857 in
2317 3805 2456 3858 duas
2503 3803 2741 3870 aequales
2797 3811 2982 3869 partes
3014 3800 3283 3853 mundum
3321 3798 3534 3851 (ίίιίιιὶι.

1953 3895 2158 3951 Omnes
2201 3897 2348 3950 enim
2386 3897 2586 3950 circuli
2639 3895 2886 3956 maximi,
2920 3908 3042 3947 cum
3094 3893 3389 3960 sphaeram,
3424 3901 3536 3940 tmn

1955 4001 2015 4040 se
2072 3987 2302 4040 invicem
2365 3988 2422 4061 in
2460 3988 2702 4055 aequales
2751 3994 2936 4052 partes
2969 3992 3162 4039 secant
3201 3980 3537 4041 necessario.

1955 4088 2010 4133 et
2041 4080 2143 4133 sibi
2175 4081 2408 4133 invicem
2442 4081 2678 4148 aequales
2709 4088 2860 4132 sunt.

2031 4173 2115 4226 l5.
2154 4171 2277 4227 llam
2323 4188 2446 4226 cum
2497 4174 2568 4225 ita
2602 4188 2661 4225 se
2712 4171 2947 4224 habeant
2977 4171 3043 4233 δ’,
3076 4181 3324 4223 errantes
3361 4170 3530 4222 stell:e

1958 4286 2149 4324 omnes
2185 4284 2304 4338 qua:
2338 4269 2620 4322 contrario
2656 4267 3004 4320 ﬁrmamento
3051 4277 3111 4319 ut
3139 4267 3356 4318 videtur
3388 4273 3537 4318 motu

1961 4373 2273 4424 morentur,
2315 4375 2369 4415 et
2399 4362 2539 4415 alias
2570 4363 2620 4414 in
2656 4361 2781 4413 aliis
2811 4359 3000 4413 mundi
3032 4360 3284 4428 partibus
3320 4362 3533 4425 conspi.

1959 4455 2206 4518 ciuntur,
2251 4452 2397 4507 haud
2449 4453 2759 4506 inordinata
2808 4459 2956 4503 motu
2993 4450 3277 4510 incedunt,
3316 4464 3414 4502 nec
3447 4465 3528 4518 pet

1963 4547 2186 4617 quasvis
2219 4547 2533 4614 promiscue
2566 4543 2754 4597 mundi
2791 4551 2976 4612 partes
3011 4542 3287 4603 fvruntur,
3311 4541 3405 4594 sed
3440 4544 3521 4593 sul

278 4628 388 4679 ὑπὸ
415 4629 504 4679 τὸν
541 4628 805 4691 ζωδιακὸν
831 4632 920 4684 ἀεὶ
948 4634 1296 4701 στρέφονται.
1343 4634 1450 4686 Καὶ
1479 4637 1508 4685 ὁ
1551 4611 1648 4702 μὲν
1682 4636 1848 4704 ἣλιος,

1966 4639 2189 4692 zodiaco
2217 4652 2431 4704 semper
2454 4646 2867 4688 convertuntur.
2896 4633 2956 4685 Et
2988 4634 3068 4686 sol
3095 4633 3310 4701 quidem
3347 4648 3376 4685 a
3413 4648 3515 4685 con

275 4720 391 4772 ἀπὸ
423 4720 644 4787 τροπῶν
665 4723 958 4776 διαϐαίνων
988 4726 1076 4776 ἐπὶ
1104 4725 1332 4792 τροπὰς,
1360 4727 1468 4788 τοῖς
1495 4726 1726 4794 βορείοις
1759 4729 1856 4796 μὲν

279 4813 375 4864 καὶ
424 4814 537 4874 τοῖς
585 4814 782 4877 νοτίοις
829 4817 1201 4884 προσπελάζει
1239 4818 1334 4871 τυῦ
1368 4819 1574 4888 κόσμου
1611 4820 1851 4888 μέρεσινσ

276 4905 541 4957 οὐδέποτε
598 4905 653 4959 δι
713 4907 779 4960 τὰ
833 4907 939 4959 ὑπὸ
988 4909 1079 4961 τὸν
1110 4909 1374 4972 ζωδιακὸν
1406 4910 1592 4980 βόρεια
1642 4913 1856 4981 ἢνότια

278 4997 712 5064 καταλαμϐάνει,
749 4998 841 5050 τὸν
889 5000 1217 5067 μεσαίτατον
1265 5003 1350 5053 ἀεὶ
1411 5005 1626 5070 τέμνων
1662 5005 1862 5057 κύκλον

275 5090 372 5140 τὸν
408 5091 502 5140 καὶ
532 5088 756 5157 ἡλιακὸν
791 5089 885 5142 διὰ
916 5090 1077 5143 τοῦτο
1112 5091 1470 5161 καλούμενον.
1510 5097 1572 5146 Ol
1604 5095 1659 5146 δὲ
1688 5097 1864 5149 λοιποὶ

286 5182 561 5249 πλάνητες
594 5181 686 5232 καὶ
720 5179 815 5232 τοῦ
844 5183 1050 5250 κόσμου
1077 5184 1188 5244 τοῐς
1220 5182 1449 5253 βορείοις
1490 5185 1583 5236 καὶ
1631 5189 1742 5248 τοῖς
1777 5205 1864 5237 νο-

287 5276 430 5333 τὶοις
477 5271 921 5340 προσπελάζουσι
975 5273 1223 5342 μέρεσινο
1273 5273 1409 5326 ἀλλὰ
1447 5275 1509 5346 δὴ
1557 5277 1649 5328 καὶ
1697 5281 1864 5332 αὐτοῦ

285 5363 384 5416 τοῦ
421 5363 794 5426 ὺποτείνοντος
848 5363 939 5415 τὸν
991 5364 1264 5418 Ζωδιακὸν
1314 5367 1545 5420 κύκλον,
1602 5369 1711 5420 Καὶ
1758 5387 1865 5439 γαρ

289 5455 624 5517 ιλικοιειδῶς
653 5458 713 5508 ιν
744 5457 894 5524 αύτῷ
926 5456 1220 5520 κινοῦνται,
1269 5459 1548 5541 κατιόντες
1603 5463 1707 5513 ἀπὸ
1758 5465 1864 5515 τῶν

284 5545 521 5618 βιρείων
547 5545 639 5597 επὶ
668 5546 738 5598 τὰ
772 5548 957 5599 νότιαο
1013 5547 1266 5600 κάκεῖθεν
1296 5549 1458 5601 πάλιν
1496 5551 1736 5614 ἀνιόντες
1772 5556 1862 5604 ἐπὶ

276 5639 344 5690 1i
376 5639 599 5707 βόρεια·
631 5639 722 5690 καὶ
747 5638 889 5692 οὕτω
917 5639 1055 5710 (καὶ)
1084 5639 1174 5694 τὸν
1217 5642 1438 5711 ἡλιακὸν
1490 5646 1862 5714 παραμείϐον-

280 5747 389 5789 τες.

349 5924 394 5955 ³⁸
422 5921 629 5978 Cleom.
666 5921 757 5979 lib.
789 5936 848 5991 tt,
886 5939 938 5981 c.
970 5925 1022 5980 4.

1967 4728 2320 4783 versionibus
2351 4725 2642 4798 [solstitio‘I
2672 4726 2736 4778 ad
2772 4740 3165 4779 conversiones
3197 4723 3512 4795 [solstitium

1967 4822 2305 4890 digrediens.
2345 4823 2411 4875 ad
2451 4821 2702 4874 boreales
2725 4819 2945 4888 quidem
2983 4828 3034 4870 et
3065 4819 3335 4871 australes
3363 4828 3529 4884 parte:

1965 4914 2198 4978 accedit,
2230 4929 2509 4982 nunquam
2547 4922 2729 4965 autem
2767 4912 3012 4964 boreales
3036 4920 3131 4963 aut
3147 4911 3415 4963 australes
3445 4913 3526 4963 sul

1969 5006 2196 5059 zodiaco
2230 5016 2415 5074 partes
2456 5015 2691 5073 occupat
2713 5044 2728 5066 ,
2761 5005 3002 5058 medium
3037 5004 3245 5057 scilicet
3278 5005 3545 5056 circulum

1970 5108 2186 5158 semper
2219 5108 2438 5152 secans.
2485 5093 2579 5160 qui
2632 5095 2796 5146 etiam
2848 5097 2918 5145 oh
2942 5094 2994 5148 id
3031 5093 3227 5146 solaris
3253 5094 3542 5146 vocitatur.

1971 5181 2194 5235 Caele-rte
2225 5199 2353 5236 vero
2377 5195 2626 5236 errantes
2650 5183 2842 5246 stellae,
2869 5196 2992 5235 cum
3026 5183 3213 5234 mundi
3236 5182 3547 5234 borealibus

1971 5276 2438 5344 australibusque,
2470 5286 2581 5329 tum
2621 5290 2749 5327 vero
2795 5275 2960 5328 etiam
3003 5274 3151 5328 illius
3183 5275 3402 5335 circuli,
3452 5279 3543 5341 qui

1975 5367 2258 5420 zodiacum
2287 5367 2592 5431 subtendit,
2619 5366 2874 5434 partibus
2901 5365 3282 5419 admoventur.
3315 5365 3548 5427 Obltquc.

1972 5459 2117 5510 enim
2163 5466 2216 5511 et
2249 5457 2488 5511 ﬂexuoso
2535 5458 2587 5509 in
2629 5473 2694 5510 eo
2734 5473 2762 5510 a
2801 5458 3116 5511 borealibus
3171 5455 3240 5510 ad
3281 5457 3549 5510 australes

1975 5559 2155 5619 partes
2204 5550 2369 5618 290
2417 5548 2820 5614 descendendo,
2867 5558 2921 5603 et
2953 5552 3078 5605 hinc
3125 5565 3319 5605 rursus
3347 5551 3409 5602 ad
3456 5550 3549 5602 ho-

1972 5641 2146 5692 reales
2178 5640 2550 5706 ascendendo,
2579 5641 2764 5712 itaque
2798 5643 3030 5697 solarem
3059 5641 3421 5711 permutando
3444 5641 3553 5696 cir-

1971 5731 2152 5784 culum
2189 5739 2493 5784 moventur.

1124 5926 1168 5957 ⁸⁸
1192 5925 1311 5982 Jor.
1339 5924 1498 5982 Pont.
1535 5924 1626 5980 lib.
1663 5940 1700 5980 ιι
1727 5923 1792 5981 de
1820 5941 1845 5982 ι’

1947 5962 1956 5990 ,
1989 5938 2044 5995 ρ.
2077 5921 2197 5979 tss.
2277 5920 2322 5955 δι
2348 5919 2557 5981 Cleom.
2589 5921 2624 5980 ι.
2659 5939 2696 5991 ι,
2726 5941 2773 5981 c.
2801 5922 2854 5978 ι.
2933 5927 2976 5956 ιι
3013 5923 3152 5980 Ibid.
