4200 6440
256 446 394 510 1257

1492 445 1830 505 EPITOME
1872 442 2217 504 PHl’StCt,

3385 440 3524 504 19.53

317 561 387 626 γ’.
420 560 673 611 ιταὶνεται
711 557 843 625 γοῦν
872 556 1125 611 ιντεῦοιν
1164 558 1236 625 μὴ
1270 561 1388 611 κατ’
1430 560 1736 628 ἀνάκλησιν
1768 566 1824 610 ἐκ

2009 559 2060 610 5.
2098 560 2334 624 Apparet
2370 554 2533 623 igitur
2569 554 2695 609 hinc
2721 595 2734 613 .
2783 568 2889 608 non
2926 567 3021 621 per
3069 550 3455 607 refractioneu:
3495 568 3524 604 ἢ

243 652 347 719 τῆς
378 653 610 721 σελήνης
646 646 787 703 εἶναι
814 651 875 702 τὺ
912 649 1051 717 φῶς,
1087 650 1219 703 ἀλλὰ
1255 653 1377 703 κατ’
1408 652 1646 718 ἰδιότητα
1678 652 1827 719 δεχο-

248 748 421 816 μένης
461 744 630 813 αὐτῆς
681 746 780 807 τὰς
832 744 1068 809 ἡλιακὰς
1123 747 1353 807 άκτῐνας
1388 747 1467 806 είς
1503 745 1691 814 βάθος,
1727 749 1827 798 οὑκ

245 840 328 900 είς
352 840 524 907 μόνην
573 839 671 908 τὴν
694 838 1023 906 ἐπιφάνειαν
1042 856 1057 871 ⁸
1084 838 1258 902 οὕτως
1288 840 1347 902 ἐξ
1372 840 1545 907 αὐτῆς
1572 841 1664 893 τὸν
1691 842 1829 908 ἀέρα

245 932 579 995 φωτίζεσθαι
612 935 707 986 καὶ
727 932 829 1004 τὴν
858 932 985 1000 γῆν.
1013 933 1176 996 Είκδς
1214 928 1308 987 οὗν
1332 932 1592 1001 δέχεσθαι
1614 934 1714 1000 τὴν
1747 951 1802 985 σε
1821 962 1833 973 -

242 1022 416 1092 λήνην
438 1025 498 1075 τὸ
526 1024 662 1091 φῶς,
686 1023 761 1087 ὡς
786 1022 913 1085 τοὺς
947 1025 1219 1091 σπόγγους
1240 1026 1302 1077 τὸ
1331 1024 1476 1093 ὕδωρ
1495 1041 1510 1056 ⁸
1548 1023 1624 1093 μὴ
1643 1027 1829 1093 φέρειν

240 1118 285 1170 δ’
317 1118 451 1169 αὐτὸ
500 1117 569 1170 δι’
599 1116 730 1184 ὅλης
765 1117 941 1187 αὐτῆς
964 1118 1374 1187 διικνούμενον·
1412 1119 1492 1171 ὅτι
1516 1135 1575 1171 τε
1608 1118 1668 1169 τὸ
1702 1118 1829 1169 ταύ-

239 1229 342 1279 της
377 1211 534 1279 σῶμα
574 1210 885 1280 παχύτητος
938 1211 1032 1264 καὶ
1092 1212 1431 1280 πυκνότητος
1486 1212 1586 1265 οὐκ
1637 1212 1827 1278 ὀλίγης

244 1307 489 1373 μετέχει,
526 1304 620 1356 καὶ
660 1305 744 1356 ὅτι
798 1306 893 1356 καὶ
938 1306 1179 1373 μήκοθεν
1205 1305 1491 1358 ἑπισάλλει
1525 1305 1699 1377 ταύτῃ
1732 1307 1829 1367 τὰς

242 1398 470 1450 ἀκτῖνας
498 1399 524 1450 ὁ
552 1398 725 1465 ἥλιος.
772 1398 914 1450 Πολὺ
943 1398 1053 1464 γὰρ
1097 1398 1411 1467 ἀφέστηκεν
1453 1395 1514 1460 ἐξ
1544 1396 1713 1464 αὐτῆς
1752 1397 1829 1448 ετ-

242 1506 353 1555 περ
381 1492 568 1553 μεῖζον
600 1492 632 1561 ἢ
662 1490 1285 1557 ἑπτακαιδεκαπλάσιον,
1316 1486 1487 1560 οὗπερ
1519 1492 1827 1556 ἀφέστηκεν

241 1583 275 1651 ὴ
304 1582 504 1650 σελήνη
539 1582 636 1650 τῆς
668 1583 788 1650 γῆς,
829 1582 904 1645 ὡς
928 1581 1208 1635 δείκνυται
1240 1582 1598 1650 γραμμικῶς.

311 1763 379 1818 δ’.
414 1765 511 1834 Είη
542 1764 589 1816 δ’
616 1764 684 1817 ἂν
714 1765 915 1834 ίδιότης
947 1766 1190 1835 μάλιστα
1212 1765 1317 1831 τῆς
1348 1765 1605 1833 σελήνης,
1637 1762 1829 1833 ὥσπερ

242 1858 303 1912 τὸ
338 1860 436 1920 τὰς
469 1858 700 1928 ἡλιακὰς
734 1860 962 1922 ἀκτῖνας
1009 1859 1350 1931 εἰσδέχεσθαι
1397 1863 1491 1912 καὶ
1520 1859 1828 1911 ὑπ”αὐτῶν

243 1922 589 2023 αὐγάζεσθαι
618 1956 713 2008 καὶ
743 1954 1112 2023 ἁνταυγάζειν
1236 1956 1515 2025 περιέχον,
1549 1954 1695 2007 οὕτω
1734 1958 1827 2007 καὶ
1860 1922 1902 1977 Β

242 2049 306 2100 τὸ
334 2048 412 2118 μὴ
441 2050 510 2101 δι’
535 2049 662 2109 ὅλου
694 2046 790 2100 τοῦ
824 2049 1081 2117 σώματος
1113 2048 1285 2115 αὐτῆς
1335 2048 1482 2118 ἔχειν
1514 2048 1827 2112 διαϐιϐαζο·

246 2144 419 2211 μένας
448 2142 617 2205 αὑτάς
638 2158 651 2171 ⁸
686 2142 775 2195 ἀεὶ
801 2141 860 2196 δι
888 2142 1026 2212 πρὸς
1054 2142 1146 2195 τὸν
1185 2142 1342 2213 ἥλιον
1388 2144 1773 2211 τετραμμένον
1794 2145 1827 2213 ή

246 2235 446 2303 σελήνη
489 2234 946 2305 περιαυγάζεται,
1004 2236 1099 2288 καὶ
1157 2235 1347 2289 ἄλλοτε
1390 2236 1541 2290 ἄλλο.
1590 2238 1682 2290 Διὸ
1732 2240 1829 2292 καὶ

246 2326 449 2394 σελήνη
474 2325 694 2393 λέγεται
723 2324 811 2378 διὰ
838 2326 901 2378 τὸ
931 2325 1095 2389 σέλας
1121 2327 1241 2379 νέον
1282 2326 1431 2395 ἔχειν
1460 2328 1567 2389 ἀεὶ,
1615 2330 1709 2380 καὶ
1738 2329 1827 2381 οὗ-

243 2434 376 2471 ποτε
414 2417 669 2472 παλαιόν.
702 2418 762 2471 Et
801 2418 897 2486 μὲν
932 2418 1041 2487 γὰρ
1071 2418 1173 2487 τὴν
1195 2418 1572 2488 αὑτὴνσχέσιν
1596 2420 1829 2486 ιφύλατ-

241 2527 301 2563 τε
328 2510 631 2573 διαπαντὸς
670 2512 806 2580 πρὸς
837 2510 932 2563 τδν
956 2510 1133 2580 ἥλιον,
1168 2511 1226 2563 ἒν
1260 2513 1329 2564 ἂν
1360 2506 1477 2582 εἶχε
1512 2514 1679 2582 μέρος
1734 2516 1829 2567 καὶ

243 2602 304 2653 τὺ
342 2601 437 2653 ὑπ’
476 2599 645 2655 αὑτοῦ
673 2600 1047 2670 φωτιζόμενον
1070 2618 1085 2633 ⁸
1132 2604 1258 2656 ἐπεὶ
1306 2603 1363 2656 δὲ
1394 2607 1535 2656 κατὰ
1562 2609 1660 2674 τὴν
1697 2607 1826 2659 πλα-

242 2692 475 2762 νητικὴν
521 2692 695 2762 αὐτῆς
730 2694 965 2763 πορείαν
1024 2695 1157 2748 ποτε
1199 2696 1299 2759 μὶν
1327 2699 1697 2766 προσέρχεται
1749 2700 1829 2769 τῷ

242 2787 403 2855 ἡλίῳ,
438 2786 568 2838 ποτὲ
598 2786 643 2838 δ’
668 2787 763 2840 ἀπ’
798 2788 966 2840 αὑτοῦ
1007 2789 1305 2856 μακρύνει·
1337 2789 1425 2840 διὰ
1459 2790 1618 2841 τοῦτο
1637 2789 1825 2843 ἄλλοτε

242 2880 374 2931 ἄλλο
411 2883 574 2947 μέρος
613 2880 1013 2947 λαμπρύνεται.
1047 2881 1157 2935 Καὶ
1194 2883 1333 2949 ὅπερ
1371 2882 1588 2935 ἑστῶσα
1627 2884 1828 2935 πέπον-

244 2972 337 3023 ῡεν
362 2975 395 3039 ἡ
429 2973 494 3037 γῆ
542 2975 676 3039 πρὸς
698 2974 790 3023 τὸν
821 2973 1047 3041 ἡλιακὸν
1106 2975 1408 3042 φωτισμὸν,
1458 2974 1620 3027 τοῦτο
1666 2978 1764 3027 καὶ
1793 2980 1823 3046 ἡ

246 3063 445 3134 σελήνη
489 3065 807 3132 κινουμένη.
844 3065 951 3117 Καὶ
979 3064 1090 3132 γὰρ
1120 3065 1310 3134 ὥσπερ
1334 3067 1367 3135 η
1394 3066 1461 3134 γῆ
1484 3067 1545 3117 τὸ
1571 3066 1688 3118 ἴσον
1717 3068 1827 3119 ἀπὸ

241 3155 341 3209 τοῦ
374 3156 531 3225 ηλίου
573 3158 774 3225 ἔχουσα
807 3156 948 3224 φῶς,
976 3157 1168 3211 ἄλλοτε
1214 3158 1351 3211 ἄλλα
1405 3158 1825 3228 καταλάμπεται

1938 650 2061 700 luna
2096 663 2220 702 esse
2270 647 2490 708 lumen;
2527 648 2621 699 sed
2667 648 2736 700 ab
2782 647 2900 715 ipsa
2934 644 3005 696 ob
3032 656 3188 697 suam
3223 646 3527 711 proprieta-

1937 753 2042 795 tem
2068 781 2083 803 ,
2131 756 2237 809 qua
2276 740 2461 793 radios
2492 741 2697 794 salares
2740 740 3046 794 introrsum
3073 779 3087 801 ,
3122 751 3229 789 nou
3264 736 3318 789 in
3352 736 3528 789 solam

1933 832 2279 903 superﬁciem
2331 833 2565 901 recipit,
2616 847 2799 887 aerem
2850 842 2905 885 et
2951 840 3155 884 terram
3202 828 3525 881 illuminari.

1932 927 2385 981 Consentaneum
2438 927 2606 996 igitur
2664 936 2749 979 est
2802 922 2951 994 quod
3006 925 3132 977 luna
3196 924 3423 986 lumen,
3469 931 3530 976 ut

1934 1018 2161 1088 spongia
2216 1035 2415 1087 aquam
2475 1018 2748 1089 recipiat;
2808 1032 2916 1072 non
2968 1026 3153 1071 autem
3212 1017 3387 1086 ipsum
3431 1032 3529 1085 per

1935 1111 2177 1178 seipsatn
2220 1120 2389 1166 totam
2430 1125 2717 1181 permeans
2766 1108 3039 1177 accipiat;
3076 1110 3312 1179 etquod
3362 1109 3528 1177 hujus

1934 1223 2136 1275 t'Ol'pllS
2169 1208 2441 1262 crassitiei
2473 1220 2528 1261 et
2558 1204 2854 1261 densitatis
2898 1220 3004 1257 non
3040 1207 3251 1273 exigua:
3293 1205 3365 1259 sit
3399 1218 3527 1271 par-

1935 1304 2110 1369 ticeps
2133 1343 2148 1367 ,
2198 1314 2248 1355 et
2280 1302 2426 1371 quod
2463 1302 2630 1356 etiam
2666 1302 2744 1353 sol
2784 1299 2912 1353 huic
2948 1298 3170 1354 eminus
3203 1299 3387 1354 radios
3432 1299 3528 1352 ad-

1935 1404 2169 1449 moveat.
2222 1393 2406 1457 Longe
2508 1396 2653 1447 enim
2690 1394 2733 1424 “
2769 1394 2935 1449 distat
2986 1394 3057 1448 ab
3104 1408 3165 1445 ea
3194 1432 3209 1455 ,
3257 1393 3524 1460 siquidem

1934 1491 2059 1553 plus
2121 1490 2514 1557 septemdecim
2564 1488 2774 1542 vicibus
2809 1504 2970 1553 quam
3015 1487 3143 1540 luna
3193 1502 3221 1539 a
3264 1500 3403 1540 terra
3447 1487 3527 1540 di-

1933 1590 2042 1633 stat
2072 1621 2088 1647 ,
2122 1579 2584 1650 quemadmodum
2632 1582 2911 1634 lineariter
2966 1578 3101 1650 [seu
3150 1576 3525 1650 geoinetrice]

1935 1680 2424 1727 t-ommoustratur.

2005 1765 2060 1819 ι.
2106 1764 2341 1820 Maxime
2372 1776 2554 1820 autem
2589 1764 2871 1834 proprium
2910 1763 3078 1819 fuerit
3113 1765 3254 1819 luna:
3277 1804 3291 1827 ,
3326 1780 3521 1834 quem-

1932 1856 2231 1911 admodum
2268 1859 2450 1912 radios
2492 1859 2700 1912 solares
2744 1857 2977 1926 suscipit
3008 1866 3060 1912 et
3091 1857 3160 1911 ab
3191 1855 3358 1927 315
3390 1858 3526 1926 ipsis

1932 1948 2256 2011 illustratur,
2279 1960 2332 2006 et
2353 1950 2639 2004 continens
2660 1951 2900 2004 vicissim
2927 1951 3197 2016 illustrat;
3239 1958 3298 2003 ut
3330 1950 3405 2003 ita
3430 1964 3524 2018 per

1933 2043 2253 2097 universum
2294 2058 2455 2096 suum
2496 2059 2701 2112 corpus
2738 2053 3089 2111 penetrantes
3126 2059 3235 2098 non
3277 2043 3473 2097 haheat
3507 2058 3521 2095 :

1934 2134 2027 2187 sed
2066 2149 2281 2203 setttper
2325 2152 2387 2187 ea
2434 2147 2585 2203 parte
2636 2152 2742 2204 qua
2790 2140 2857 2188 ait
2908 2137 3084 2191 solem
3131 2150 3399 2191 conversa
3438 2148 3526 2190 est

1935 2230 2064 2283 luna
2102 2231 2348 2297 undique
2396 2231 2753 2285 collustratur
2779 2270 2794 2293 ,
2845 2243 2899 2283 et
2937 2232 3073 2284 alias
3106 2231 3235 2284 alia.
3274 2230 3525 2299 Quapro-

1933 2330 2051 2389 pter
2100 2326 2265 2377 etiam
2335 2323 2543 2393 σελήνη
2605 2322 2784 2394 [luna]
2859 2325 3103 2388 dicitur,
3161 2324 3305 2392 quod
3363 2321 3525 2385 σέλας

1932 2415 2052 2469 νέον
2081 2415 2158 2486 [id
2194 2425 2301 2480 est,
2340 2395 2522 2470 lumen
2556 2416 2781 2487 novum]
2820 2434 2881 2469 ac
2916 2433 3195 2486 nunquam
3240 2426 3395 2470 vetus
3430 2416 3525 2469 ha-

1933 2508 2073 2563 heat.
2123 2508 2179 2563 Si
2219 2511 2367 2564 enim
2402 2510 2623 2578 quidem
2661 2512 2910 2565 eamdem
2947 2518 3211 2581 perpetuo
3243 2513 3310 2564 ad
3347 2510 3521 2564 solem

1933 2602 2191 2657 retineret
2238 2604 2615 2660 habitudinem
2642 2642 2658 2665 ,
2702 2620 2865 2657 unam
2914 2606 3079 2659 etiam
3136 2606 3362 2658 halteret
3400 2619 3521 2669 par-

1936 2705 2084 2762 tem,
2122 2712 2244 2765 quae
2279 2698 2348 2752 ab
2385 2698 2503 2765 ipso
2550 2698 2977 2753 illuminaretur.
3022 2697 3162 2763 Quia
3204 2707 3386 2751 autem
3422 2712 3523 2765 pro

1933 2789 2251 2843 errabundo
2310 2804 2413 2843 suo
2471 2806 2766 2860 progressu
2814 2792 2859 2821 "
2896 2791 3171 2845 interdum
3225 2791 3292 2843 ad
3348 2792 3519 2844 solent

1932 2882 2165 2947 accedit,
2205 2883 2483 2938 interdum
2521 2886 2590 2937 ah
2624 2885 2815 2938 eodem
2856 2885 3075 2953 longius
3111 2882 3360 2946 recedit;
3395 2896 3522 2950 pro-

1933 2983 2118 3041 pterea
2148 2974 2287 3030 alias
2320 2976 2426 3030 alia
2466 2976 2613 3030 illius
2649 2992 2777 3045 pars
2817 2975 3109 3042 splendore
3141 2974 3517 3045 perfunditur.

1933 3066 1998 3119 Et
2030 3067 2175 3133 quod
2212 3078 2372 3122 terra:
2401 3070 2568 3122 stanti
2604 3071 2894 3138 contingit,
2928 3078 3201 3139 quatenus
3232 3084 3260 3122 a
3300 3069 3419 3124 sole
3453 3068 3516 3123 il-

1938 3160 2237 3213 luminatur
2284 3160 2348 3224 ⁶⁸,
2418 3160 2559 3214 idem
2595 3140 2759 3215 etiam
2800 3162 2941 3216 luna:
2975 3178 3096 3231 qua:
3142 3173 3392 3218 movetur
3430 3177 3520 3217 ac-

245 3251 389 3319 μέρη
414 3251 558 3304 κατὰ
585 3250 683 3320 τὴν
710 3249 805 3301 τοῦ
838 3250 992 3318 ἡλίου
1028 3250 1301 3319 περίοδον,
1352 3255 1823 3320 συμπερινοστοῦ-

1932 3252 2084 3305 cidit.
2125 3251 2283 3305 Sicut
2329 3253 2476 3307 enim
2521 3261 2665 3307 terra
2695 3269 2817 3322 qua:
2860 3256 3073 3323 aequale
3112 3271 3141 3307 a
3183 3256 3298 3309 sole
3332 3257 3515 3311 lumen

241 3358 345 3406 σης
374 3341 526 3406 αὐτῷ
549 3343 639 3392 καὶ
667 3341 764 3407 τῆς
782 3340 1129 3409 λαμπηδόνος
1164 3344 1260 3393 καὶ
1287 3342 1387 3409 τῆς
1417 3346 1561 3398 κατὰ
1591 3346 1692 3415 τὴν
1717 3348 1824 3414 γῆν

242 3435 404 3494 σκιᾶς
434 3447 446 3459 ⁸
483 3431 627 3483 οὕτω
656 3432 750 3483 καὶ
776 3433 808 3499 ἡ
838 3432 1041 3502 σελήνη
1072 3434 1132 3485 τὸ
1160 3434 1293 3486 αὐτὸ
1323 3434 1428 3502 μὲν
1460 3437 1575 3506 ἔχει
1613 3439 1727 3505 φῶς
1759 3444 1823 3492 ἐκ

236 3528 336 3580 τοῦ
382 3528 536 3596 ἡλίου
589 3525 875 3594 διηνεκῶς,
911 3526 973 3577 οὐ
1010 3526 1143 3578 ποτε
1176 3529 1273 3593 μὲν
1309 3529 1577 3595 μείζονος,
1614 3532 1745 3583 ποτὲ
1779 3532 1824 3583 δ’

239 3622 530 3682 ίλάττονος
573 3621 993 3687 ἐλλαμπομένου
1050 3620 1251 3689 μέρους
1305 3623 1515 3691 αύτῆς⁸
1554 3626 1695 3693 πλὴν
1725 3628 1823 3678 οὐκ

234 3716 327 3768 ἀεὶ
361 3716 422 3765 τὸ
478 3714 608 3765 αὐτὸ
652 3714 744 3765 καὶ
786 3712 847 3764 ἓν
894 3713 1337 3779 καταφωτῐζεται
1398 3716 1588 3783 μέρος,
1637 3716 1727 3768 διὰ
1763 3719 1825 3769 τὸ

238 3803 501 3870 διάφορον
532 3802 641 3853 τῶν
676 3801 808 3869 πρὸς
838 3802 927 3852 τὸν
948 3800 1100 3870 ἥλιον
1143 3805 1381 3871 σχέσεων
1419 3805 1610 3873 αὐτῆς.
1656 3808 1829 3875 Προσ-

243 3896 430 3961 nam;
456 3896 565 3964 γὰρ
604 3894 680 3961 τῷ
715 3894 854 3963 ἡλίῳ
886 3896 980 3946 καὶ
1000 3895 1162 3946 πάλιν
1180 3898 1604 3966 μακρυνομένης
1633 3898 1819 3957 αὑτοῦ,

239 3989 431 4041 ἄλλοτε
468 3987 601 4041 ἄλλα
637 3990 779 4056 μέρη
808 3988 1014 4057 ταύτης
1045 3987 1427 4056 λαμπρύνεται
1486 3992 1545 4042 τὸ
1595 3991 1822 4060 ήλιακδν

241 4080 476 4147 ἐχούσης
502 4078 617 4145 φῶς
648 4081 776 4145 περὶ
822 4081 881 4130 τὸ
912 4080 1059 4132 ἆπαν
1088 4080 1289 4147 ταύτης
1327 4082 1486 4149 σῶμα
1523 4084 1823 4151 στρεφόμε-

240 4191 332 4225 νον
361 4173 661 4232 κυκλικῶς.

313 4367 380 4413 ε’.
432 4358 625 4409 Ὁπότε
663 4359 761 4425 μὶν
790 4357 885 4409 οὖν
936 4357 1151 4417 σύνοδος
1178 4356 1287 4423 εἴη,
1315 4357 1375 4409 τὸ
1422 4355 1558 4425 πρὸς
1593 4355 1823 4424 οὐρανὸν

236 4456 623 4523 τετραμμένον
654 4453 820 4522 μέρος
851 4453 1022 4521 αὐτῆς
1058 4452 1489 4521 καταυγάζεται.
1544 4452 1678 4505 Τότε
1713 4453 1821 4521 γὰρ

235 4548 372 4599 αὐτὸ
410 4548 549 4615 πρὸς
581 4546 673 4597 τὸν
702 4545 857 4614 ἥλιον
890 4546 1096 4615 ἀφορᾷ.
1128 4545 1592 4616 Παραμειδούσης
1634 4546 1690 4598 δὲ
1716 4546 1817 4611 τῆς

1935 3348 2116 3413 habet,
2156 3348 2292 3401 alias
2325 3348 2451 3402 aliis
2480 3348 2730 3418 partibus
2760 3364 2859 3418 pro
2888 3351 3250 3404 conversione
3285 3351 3420 3405 solis
3456 3352 3518 3403 il-

1932 3440 2231 3503 lustratur,
2264 3455 2387 3493 cum
2421 3456 2531 3509 quo
2567 3439 2881 3512 [nimirum]
2914 3450 2968 3495 et
3013 3443 3275 3511 splendor
3308 3453 3362 3497 et
3393 3460 3514 3495 um-

1932 3531 2026 3582 lua
2084 3540 2243 3583 terra:
2302 3532 2463 3584 simul
2519 3535 2911 3586 circumeunt:
2950 3533 3031 3585 sic
3082 3545 3134 3587 et
3186 3534 3313 3586 luna
3372 3534 3514 3587 idem

1930 3621 2148 3689 quidem
2186 3638 2215 3675 τι
2250 3624 2365 3675 sole
2399 3639 2615 3691 semper
2652 3626 2835 3676 lumen
2876 3624 3070 3687 habet,
3117 3634 3174 3677 ut
3209 3625 3350 3678 haud
3380 3627 3517 3680 alias

1934 3715 2129 3787 major,
2166 3718 2302 3771 alias
2342 3718 2522 3770 minor
2561 3719 2707 3772 illius
2739 3735 2864 3787 pars
2904 3720 3245 3786 illustretur;
3292 3736 3512 3775 verum-

1934 3819 2117 3865 tamen
2157 3826 2264 3864 non
2303 3827 2406 3863 una
2456 3827 2672 3880 semper
2702 3812 3008 3881 eademque
3055 3828 3183 3881 pars
3232 3814 3515 3868 illumina-

1932 3914 2040 3965 tur,
2070 3904 2214 3970 quod
2247 3904 2478 3955 diversae
2512 3902 2658 3956 iltius
2696 3904 2763 3956 ad
2802 3906 2970 3959 solem
2998 3906 3106 3960 sint
3138 3904 3511 3959 habitudines.

1930 3993 2065 4044 Cum
2114 3992 2259 4044 enim
2302 3992 2369 4044 ad
2423 3996 2591 4045 solem
2649 3993 2913 4058 accedat,
2950 4005 3006 4047 et
3056 4010 3249 4048 rursus
3288 3997 3355 4047 ali
3394 3996 3517 4063 ipso

1926 4081 2091 4151 315
2134 4082 2353 4147 longius
2382 4085 2677 4146 discedat,
2718 4086 2854 4138 alias
2884 4087 3004 4139 alia:
3039 4086 3186 4140 illius
3227 4100 3407 4154 partes
3449 4090 3513 4137 it-

1932 4176 2261 4239 lustrantur,
2287 4176 2436 4245 quod
2470 4176 2615 4230 circa
2648 4180 2963 4231 universum
2998 4179 3142 4231 illius
3174 4193 3374 4249 corpus
3407 4196 3512 4231 (ξιιό

1930 4267 2195 4321 culariter
2226 4268 2405 4322 solare
2438 4268 2620 4323 lumen
2654 4280 3035 4324 convertatur.

2000 4360 2053 4412 5.
2097 4361 2156 4411 ln
2192 4360 2583 4427 conjunctione
2620 4361 2789 4430 igitur
2830 4363 2874 4392 ⁶⁹
2898 4400 2913 4424 ,
2952 4376 3079 4430 pars
3110 4362 3256 4417 illius
3284 4364 3350 4415 ad
3391 4378 3510 4417 ca:-

1930 4450 2040 4503 lum
2094 4466 2359 4506 conversa
2406 4452 2707 4507 illustratur
2764 4455 2845 4519 ⁷⁰;
2888 4454 3092 4524 quippe
3142 4465 3254 4509 tum
3309 4456 3398 4510 illa
3442 4459 3508 4511 ad

1929 4543 2099 4595 solem
2136 4542 2383 4611 respicit.
2417 4542 2552 4597 Cum
2586 4554 2770 4597 autem
2821 4546 2992 4599 solem
3031 4555 3301 4614 permutat
3339 4548 3466 4599 luna
3493 4588 3508 4611 ,

238 4603 479 4705 σελήνης
507 4603 597 4688 {av
623 4603 776 4705 ἥλιον
790 4603 1185 4706 ἐπιστρέῷεται
1203 4603 1341 4709 πρδς
1365 4639 1527 4691 αὐτὸν
1548 4603 1622 4689 ’τὸ
1653 4603 1815 4706 μέρος

1930 4642 2039 4688 tum
2069 4649 2200 4705 pars
2233 4638 2356 4705 ejus
2390 4638 2458 4691 ad
2498 4639 2671 4692 solem
2725 4640 3103 4701 convertitur,
3134 4656 3253 4707 quae
3303 4649 3507 4695 terram

231 4733 407 4797 αὐτῆς
456 4731 485 4781 δ
516 4731 703 4799 βλέπει
737 4728 873 4799 πρὸς
920 4731 1043 4798 γῆν.
1082 4731 1189 4783 Καὶ
1246 4730 1407 4782 τοῦτο
1441 4731 1651 4796 γίνεται
1682 4731 1818 4797 πρὸς

231 4827 393 4890 λόγον
429 4822 527 4874 τοῦ
574 4822 904 4891 μακρυσμοῧ
930 4837 941 4848 ⁸
985 4827 1077 4873 καὶ
1111 4821 1288 4883 οὕτως
1326 4826 1389 4874 ὲκ
1422 4824 1532 4873 τῶν
1570 4822 1817 4888 πλαγίων

230 4917 517 4986 αρχομένη
574 4913 907 4981 φωτίζεσθαι
962 4917 995 4982 ἡ
1054 4914 1273 4983 σελήνη,
1332 4915 1545 4980 γίνεται
1600 4914 1818 4983 πρῶτον

233 5010 527 5077 μηνοειδής
557 5024 569 5036 ⁸
609 5008 965 5077 μακρὺνουσα
990 5007 1036 5057 δ’
1064 5007 1347 5068 ἐπιπλέον,
1369 5007 1651 5076 διχότομος
1676 5024 1689 5037 ·
1714 5004 1817 5058 εἶτ’

227 5104 601 5173 ἀμφίκυρτος.
648 5103 1079 5170 Διαμετρήσασα
1129 5101 1185 5152 δὲ
1245 5101 1335 5151 τὸν
1388 5103 1540 5169 ἥλιον
1596 5101 1812 5170 πλήρης

227 5196 597 5265 ἀπαρτίζεται
632 5197 725 5247 καὶ
750 5195 1110 5264 πανσέληνος.
1136 5195 1277 5262 Ἤδη
1311 5193 1367 5245 δὲ
1398 5195 1496 5262 τὴν
1517 5194 1814 5261 διάμετρον

228 5288 691 5360 παραμειὸούσης
726 5288 919 5356 αὐτῆς,
952 5288 1046 5339 καὶ
1075 5286 1156 5356 τῷ
1191 5287 1327 5357 ἡλίῳ
1376 5287 1543 5338 πάλιν
1574 5303 1815 5357 προσερ.

226 5385 490 5454 χομένης,
521 5384 602 5443 είς
623 5379 683 5433 τὸ
714 5380 850 5450 πρὸς
869 5381 1100 5449 οὐρανὸν
1141 5381 1521 5449 τετραμμένον
1546 5380 1719 5448 αὐτῆς
1753 5382 1814 5431 ἐκ

224 5477 321 5529 τοῦ
367 5475 505 5541 πρὸς
536 5474 682 5542 ἡμᾶς
712 5473 947 5542 ὁρῶντος
1008 5471 1153 5524 κατὰ
1185 5471 1343 5538 λόγυν
1376 5472 1435 5523 τὸ
1471 5472 1587 5539 φῶς
1620 5472 1809 5541 περιά-

224 5586 383 5637 γεται
403 5586 416 5599 ⁸
456 5568 652 5636 μέχρις
682 5566 749 5619 ἄν
794 5566 1013 5618 συνόδου
1049 5564 1349 5633 γενομένης
1372 5565 1681 5631 ἁςρώτιστον
1712 5583 1811 5618 κα-

223 5659 549 5728 ταλειφθείη
576 5656 795 5721 τελείως
832 5658 980 5710 ἆπαν
1016 5656 1078 5706 τὸ
1128 5656 1265 5723 πρὸς
1296 5657 1441 5723 ἡμᾶς
1481 5655 1680 5723 βλέπον
1716 5660 1810 5725 μέ-

1924 4730 2121 4797 aspicit
2152 4746 2165 4782 :
2202 4729 2416 4800 hocque
2446 4733 2504 4784 lit
2535 4747 2634 4802 pro
2666 4734 2987 4787 remotioatis
3025 4734 3403 4801 proportione.
3429 4735 3507 4787 Ac

1925 4836 2048 4873 cum
2084 4823 2154 4874 ita
2182 4836 2245 4875 ex
2275 4825 2502 4893 obliquo
2538 4826 2661 4877 luna
2692 4826 2991 4879 illuminari
3022 4826 3236 4895 incipit,
3266 4827 3504 4893 primunt

1922 4913 2119 4968 falcata
2149 4913 2247 4978 ﬁt;
2286 4931 2410 4969 cum
2443 4917 2659 4988 longius
2694 4919 3007 4983 recesserit,
3038 4918 3344 4984 dimidiata,
3377 4920 3503 4973 inde

1925 5009 2242 5074 pratumida
2269 5025 2283 5074 ;
2320 5011 2540 5078 quando
2564 5011 2803 5078 denique
2830 5012 3075 5065 dimensa
3109 5012 3280 5066 solem
3314 5010 3501 5071 fuerit.

1926 5101 2028 5152 hoc
2056 5110 2138 5153 est
2158 5142 2173 5164 ,
2213 5116 2309 5170 per
2338 5102 2669 5155 diametrum
2702 5105 2801 5156 soii
2831 5105 3126 5173 opponitur
3147 5144 3161 5167 ,
3196 5105 3350 5171 plena
3390 5104 3505 5157 elli-

1921 5193 2065 5247 citnr
2093 5232 2110 5258 ,
2145 5206 2200 5249 et
2229 5196 2445 5250 exsistit
2481 5198 2868 5266 plenilunium.
2909 5196 3027 5251 Jam
3064 5213 3192 5253 vero
3224 5214 3348 5253 cum
3386 5200 3500 5268 ipsa

1921 5286 2128 5339 deserit
2154 5286 2512 5352 diametrum,
2545 5302 2599 5343 et
2625 5292 2807 5343 denuo
2838 5291 2904 5343 ad
2950 5292 3119 5345 solem
3163 5292 3397 5357 accedit,
3434 5296 3499 5345 ad

1922 5388 2126 5444 partem
2170 5380 2319 5434 illius
2362 5397 2482 5449 quae
2525 5383 2589 5435 ad
2634 5383 2834 5437 ctelum
2877 5398 3144 5438 conversa
3179 5400 3243 5437 ex
3285 5398 3347 5437 ea
3379 5400 3505 5455 quas

1921 5484 2020 5522 nos
2051 5470 2294 5525 intuetur
2319 5514 2333 5538 ,
2380 5473 2562 5527 habita
2602 5475 2955 5542 proportione
2982 5515 2997 5538 ,
3030 5474 3213 5529 lumen
3252 5475 3500 5529 circum-

1918 5561 2136 5629 agitur,
2172 5563 2347 5619 donec
2394 5566 2787 5633 coiijuuctione
2839 5567 2977 5621 facta
3030 5582 3135 5620 non
3192 5568 3499 5625 illuminata

1922 5656 2266 5724 relinquatur
2298 5658 2553 5713 universa
2595 5663 2708 5714 haec
2754 5676 2880 5731 pars
2922 5661 3071 5715 illius
3118 5677 3239 5730 qua:
3287 5661 3354 5715 ad
3393 5676 3498 5718 nos

295 5869 339 5898 “
370 5867 509 5921 Ptol.
539 5866 680 5919 Alm.
715 5863 749 5927 I,
776 5881 805 5916 ν
844 5880 894 5918 c.
926 5865 1010 5919 l5.
1041 5863 1273 5919 Cardau.
1309 5862 1384 5936 De
1406 5863 1602 5917 Suhtil.
1634 5864 1668 5917 Ι.
1699 5870 1854 5933 tn,‘p.
1891 5867 2010 5925 l89.
2091 5870 2137 5901 ⁴⁷
2165 5869 2373 5926 Cleom.
2406 5867 2501 5922 lib.
2530 5880 2589 5936 tr,
2620 5884 2667 5923 c.
2702 5867 2752 5923 5.
2833 5868 2874 5897 ⁵⁸
2892 5866 3098 5922 Cleom.
3136 5868 3233 5922 lib.
3267 5883 3326 5933 ιι,
3359 5881 3409 5922 c.
3438 5866 3494 5923 5.

224 5943 271 5973 "
292 5939 501 5996 Cleom.
541 5952 600 6002 ιι,
634 5949 683 5991 c.
717 5938 771 5989 ι.
852 5937 893 5966 ⁷⁸
948 5936 1236 5989 Reiuhold.
1262 5937 1316 5990 in
1348 5935 1549 5991 Theor.
1583 5936 1746 5991 Purb.

344 6039 617 6100 ίίτιιυῐ..
675 6034 791 6095 tis.
835 6031 1063 6092 CXLII.

3097 6030 3169 6092 40
