4200 6440
276 406 415 469 1257

1509 403 1847 465 EPITOME
1890 400 2235 462 PHl'SlCl,

3403 398 3541 461 19.53

337 520 407 586 γ’.
441 519 691 571 'i'aivsut
729 517 861 584 γοῦν
890 516 1143 571 έντεῦοεν
1181 516 1255 585 μὴ
1288 520 1406 570 κατ’
1449 519 1753 587 ἀνάκλησιν
1786 524 1843 569 ἐκ

2027 518 2078 569 5.
2116 519 2353 583 Apparet
2389 514 2551 581 igitur
2587 512 2713 567 hinc
2739 552 2751 571 .
2801 526 2907 566 non
2944 525 3039 578 per
3086 508 3473 563 refractionen:
3513 526 3542 562 τι

262 613 369 679 τῆς
399 612 629 681 σελήνης
665 606 805 663 εἶναι
832 610 893 662 τὸ
930 609 1068 677 φῶς,
1105 610 1237 663 ἀλλὰ
1273 612 1395 662 κατ’
1426 611 1664 677 ἰδιότητα
1696 611 1845 678 δεχο-

267 708 441 775 μένης
480 704 649 772 αὐτῆς
699 706 798 767 τὰς
850 704 1086 769 ἡλιακὰς
1141 706 1371 766 ἁκτῐνας
1406 706 1484 765 εἰς
1521 704 1709 772 βάθος,
1744 707 1845 757 οὐκ

263 799 349 860 είς
374 800 543 867 μόνην
592 798 690 867 τὴν
712 798 1042 865 ἐπιφάνειαν
1060 815 1075 831 ο
1102 798 1276 861 οὕτως
1306 799 1365 862 έξ
1390 798 1563 865 αὐτῆς
1590 800 1682 851 τὸν
1709 802 1848 867 ἀέρα

264 893 598 955 ςωτίζικθαι
631 895 725 945 καὶ
746 892 847 963 τήν
877 891 1003 959 γῆν.
1031 892 1194 955 Είκδς
1232 888 1326 946 οὖν
1350 891 1610 961 δέχεσθαι
1632 893 1732 959 τὴν
1765 910 1821 944 σε
1840 921 1851 931 -

260 982 436 1051 λήνην
458 984 517 1035 τὸ
545 983 681 1051 φῶς,
705 983 779 1046 ὡς
804 980 931 1044 τοὺς
965 984 1238 1050 σπόγγους
1258 985 1320 1037 τὸ
1349 982 1493 1051 ὕδωρ
1513 1000 1527 1015 ο
1566 982 1642 1052 μή
1661 985 1848 1051 φέρειν

258 1078 305 1129 δ’
337 1078 471 1129 αὐτὸ
519 1077 588 1129 δι’
618 1076 749 1143 ὅλης
783 1076 959 1147 αὐτῆς
982 1077 1392 1147 διικνούμενον·
1430 1078 1510 1129 ὅτι
1534 1094 1593 1129 τε
1626 1077 1686 1128 τὸ
1720 1076 1847 1129 ταύ-

258 1189 362 1239 της
397 1171 552 1239 σῶμα
593 1170 903 1239 παχύτητος
956 1170 1051 1223 καὶ
1111 1171 1448 1239 πυκνότητος
1503 1171 1603 1224 οὐκ
1655 1170 1847 1236 ὀλίγης

263 1266 509 1332 μετέχει,
545 1263 639 1315 καὶ
679 1265 763 1316 ὅτι
817 1266 912 1316 καὶ
957 1264 1197 1333 μήκοθεν
1224 1264 1509 1317 ἐπιϐάλλει
1543 1264 1717 1337 ταύτῃ
1751 1266 1848 1326 τὰς

260 1357 489 1414 ἀκτῖνας
518 1358 544 1409 ὁ
571 1358 745 1424 ἥλιος.
791 1357 933 1409 Πολὺ
962 1358 1072 1424 γὰρ
1116 1358 1429 1426 ἀφέστηκεν
1471 1354 1532 1419 ἐξ
1563 1356 1732 1422 αὐτῆς
1771 1356 1848 1407 εί-

260 1466 374 1515 περ
402 1451 587 1513 μεῖζον
619 1451 651 1520 ἢ
681 1450 1302 1515 έπεακαιδεκαπλάσιον,
1334 1445 1505 1519 οὗπερ
1537 1452 1847 1515 ἀφέστηκεν

258 1543 295 1611 ἠ
324 1542 524 1610 σελήνη
560 1541 655 1609 τῆς
686 1542 807 1609 γῆς,
848 1541 923 1605 ὡς
947 1541 1227 1595 δείκνυται
1259 1541 1617 1609 γραμμικῶς.

332 1724 400 1778 δ’.
434 1725 531 1794 Είη
562 1724 608 1776 δ’
636 1724 703 1777 ἂν
733 1724 934 1793 ίδιότης
966 1725 1209 1794 μάλιστα
1230 1724 1334 1790 τῆς
1366 1724 1623 1793 σελήνης,
1656 1722 1847 1792 ὥσπερ

257 1817 323 1872 τὺ
358 1820 457 1880 τὰς
490 1818 719 1888 ἡλιακὰς
753 1819 981 1881 ἀκτῖνας
1028 1819 1367 1890 εἰσδέχεσθαι
1415 1822 1509 1872 καὶ
1539 1818 1847 1870 ὑπ”αὑτών

257 1912 608 1983 αὐγάζεσθαι
638 1914 732 1967 καὶ
762 1913 1131 1981 ἀνταυγάζειν
1161 1915 1221 1968 τὸ
1255 1915 1533 1984 περιέχον,
1567 1913 1713 1966 οὔτω
1752 1917 1846 1966 καὶ

256 2008 326 2060 τὸ
354 2008 432 2078 μή
462 2008 531 2060 δι’
555 2008 681 2069 ὅλου
712 2004 809 2059 τοῦ
844 2008 1100 2077 σώματος
1133 2008 1303 2075 αὐτῆς
1353 2007 1500 2077 ἔχειν
1532 2007 1846 2071 διαϐιϐαζο-

261 2104 439 2171 μένας
468 2102 637 2164 αὐτάς
657 2117 670 2130 ’
704 2102 795 2155 ἀεὶ
821 2101 879 2155 δὲ
908 2101 1046 2172 πρὸς
1073 2102 1165 2155 τὸν
1204 2101 1360 2171 ήλιον
1406 2102 1791 2169 τετραμμένον
1813 2104 1846 2171 ή

261 2194 467 2263 σελήνη
510 2194 965 2264 περιαυγάζεται,
1024 2195 1119 2247 καὶ
1176 2194 1365 2247 ἄλλοτε
1408 2194 1560 2248 ἄλλο.
1609 2197 1701 2249 Διὸ
1750 2200 1848 2251 καὶ

260 2286 470 2353 σελήνη
494 2284 713 2353 λέγεται
742 2284 831 2337 διὰ
858 2286 921 2337 τὸ
950 2284 1114 2347 σέλας
1140 2286 1260 2337 νέον
1301 2285 1449 2354 ἔχειν
1478 2287 1586 2348 ἀεὶ,
1634 2289 1727 2339 καὶ
1757 2288 1846 2340 οὕ-

258 2394 397 2430 ποτε
434 2377 688 2431 παλαιόν.
722 2377 782 2430 Εί
820 2377 918 2446 μὲν
952 2377 1060 2446 γὰρ
1091 2377 1192 2445 τὴν
1214 2377 1591 2447 αὑτήνσχέσιν
1615 2379 1849 2445 έφύλατ-

256 2487 322 2523 τε
348 2470 651 2532 διαπαντὸς
691 2471 827 2539 προς
857 2469 951 2523 τὸν
976 2470 1152 2539 ἥλιον,
1186 2470 1245 2522 ἓν
1278 2471 1347 2523 ἂν
1378 2464 1496 2541 εἶχε
1531 2472 1698 2541 μέρος
1752 2475 1849 2526 καὶ

256 2562 324 2613 τὸ
362 2561 457 2613 ὑπ’
496 2559 665 2614 αὐτοῦ
693 2559 1066 2629 φωτιζόμενον
1090 2576 1105 2592 ο
1150 2562 1277 2615 έπεὶ
1324 2562 1382 2614 δὲ
1412 2565 1554 2615 κατὰ
1580 2567 1679 2633 τήν
1716 2565 1845 2618 πλα-

257 2651 495 2723 νητικήν
541 2652 715 2721 αὐτῆς
750 2653 985 2722 πορείαν
1044 2654 1175 2707 ποτὲ
1218 2655 1318 2718 μὲν
1347 2657 1717 2725 προσέρχεται
1768 2658 1848 2727 τῷ

258 2746 423 2814 ἡλίῳ,
457 2746 588 2797 ποτὲ
618 2745 663 2798 δ’
688 2746 784 2799 ἀπ’
818 2748 985 2799 αὑτοῦ
1026 2748 1324 2815 μακρύνει·
1356 2747 1444 2799 διὰ
1478 2748 1637 2800 τοῦτο
1656 2748 1845 2802 ἄλλοτε

256 2840 394 2891 ἄλλο
431 2842 594 2907 μέρος
632 2839 1031 2906 λαμπρύνεται.
1065 2840 1175 2894 Καὶ
1213 2841 1352 2907 ὅπερ
1390 2842 1607 2893 ἑστῶσα
1646 2843 1847 2895 πέπον-

259 2932 357 2983 οεν
382 2934 415 2999 ή
449 2932 514 2998 γῆ
561 2935 696 2999 πρὸς
718 2934 810 2983 τὸν
840 2932 1066 3000 ήλιακὸν
1125 2934 1428 3001 φωτισμὸν,
1476 2933 1639 2986 τοῦτο
1685 2936 1783 2986 καὶ
1812 2939 1842 3004 ἡ

261 3023 466 3094 σελήνη
508 3024 827 3091 κινουμένη.
863 3025 971 3076 Καὶ
999 3023 1110 3092 γὰρ
1139 3024 1329 3093 ὥσπερ
1353 3026 1386 3095 ή
1413 3025 1481 3093 γῆ
1504 3026 1564 3077 τὸ
1590 3024 1708 3077 ἴσον
1737 3027 1847 3078 ἀπὸ

256 3114 361 3169 τοῦ
395 3116 550 3185 ἡλίου
592 3117 794 3184 έχουσα
826 3115 967 3182 φῶς,
996 3116 1187 3170 ἄλλοτε
1234 3117 1370 3170 ἄλλα
1424 3118 1845 3186 καταλάμπεται

1956 608 2079 659 luna
2115 621 2238 660 esse
2288 606 2507 667 lunu-n;
2545 606 2639 657 sed
2684 606 2754 657 ab
2800 604 2918 673 ipsa
2952 602 3023 653 ob
3050 614 3206 655 suam
3241 604 3545 668 proprieta-

1955 710 2060 754 tctn
2086 739 2101 761 ,
2149 715 2256 767 qua
2294 699 2479 751 radios
2509 699 2716 752 sol-ares
2759 698 3063 752 introrsum
3090 736 3104 759 ,
3139 709 3247 747 non
3282 694 3336 746 in
3369 694 3546 747 solam

1951 790 2298 861 superficiem
2349 791 2583 860 recipit,
2633 805 2817 845 aerent
2868 800 2922 843 et
2969 798 3173 841 terram
3220 785 3543 839 illuminari.

1950 886 2403 940 Consentaneum
2456 886 2624 954 igitur
2682 894 2767 937 est
2820 881 2969 952 quod
3023 882 3150 935 luna
3214 882 3440 945 lumen,
3486 889 3548 933 ut

1953 977 2180 1047 spongia
2234 994 2433 1045 aquam
2492 977 2766 1047 recipiat;
2826 990 2934 1030 non
2986 984 3171 1029 autem
3229 975 3405 1044 ipsum
3450 990 3546 1043 per

1954 1069 2195 1137 seipsatn
2238 1078 2408 1125 totam
2448 1084 2735 1139 permeans
2784 1066 3057 1135 accipiat;
3094 1074 3150 1121 et
3181 1068 3329 1137 quod
3380 1066 3546 1135 hujus

1953 1181 2155 1233 corpus
2187 1166 2459 1221 crassitiei
2492 1178 2547 1219 et
2576 1162 2872 1219 densitatis
2916 1178 3022 1216 non
3058 1165 3269 1231 exiguae
3311 1163 3382 1216 sit
3417 1176 3545 1229 par-

1954 1263 2129 1328 ticeps
2152 1301 2167 1325 ,
2216 1273 2267 1314 et
2299 1261 2445 1330 quod
2481 1260 2648 1314 etiam
2684 1260 2762 1312 sol
2801 1257 2930 1312 ltuic
2966 1257 3188 1312 eminus
3221 1257 3405 1312 radios
3450 1257 3547 1310 ad-

1954 1363 2187 1408 moveat.
2241 1352 2424 1417 Longe
2526 1354 2670 1405 enim
2708 1352 2750 1382 “
2787 1352 2952 1406 distat
3005 1352 3075 1405 ab
3122 1366 3182 1404 ca
3212 1390 3227 1413 ,
3275 1351 3543 1417 siquidem

1953 1450 2077 1512 plus
2140 1448 2532 1516 septemdecim
2583 1447 2791 1499 vicibus
2827 1462 2988 1511 quant
3033 1446 3161 1498 luna
3211 1460 3238 1496 a
3283 1458 3422 1499 terra
3465 1445 3546 1498 di-

1951 1549 2107 1606 stat,
2141 1537 2603 1609 quemadmodum
2650 1540 2929 1592 lineariter
2984 1536 3119 1609 [seu
3168 1534 3544 1609 geotuetrice]

1953 1638 2443 1685 t'ontmoustratur.

2025 1724 2079 1777 ι.
2126 1723 2360 1779 Maxime
2391 1734 2572 1779 autem
2607 1722 2889 1792 propiium
2928 1721 3096 1777 fuerit
3132 1723 3310 1785 lume,
3344 1737 3539 1792 quem-

1952 1814 2250 1869 admodum
2286 1818 2468 1870 radios
2510 1818 2718 1870 solares
2762 1816 2994 1883 suscipit
3026 1824 3078 1870 et
3110 1816 3178 1869 ab
3209 1813 3376 1885 315
3409 1816 3544 1884 ipsis

1952 1907 2275 1969 illustratur.
2298 1919 2351 1965 et
2372 1908 2657 1963 continens
2678 1910 2919 1962 vicissim
2945 1909 3216 1974 illustrat;
3257 1916 3316 1960 ut
3348 1909 3423 1961 ita
3448 1922 3543 1976 per

1952 2002 2272 2055 universum
2312 2016 2473 2055 suum
2515 2017 2719 2070 corpus
2756 2011 3107 2069 penetrantes
3144 2017 3254 2056 non
3295 2001 3492 2055 ltalieat
3525 2016 3539 2053 :

1953 2092 2047 2146 sed
2085 2108 2300 2161 semper
2344 2110 2406 2145 ca
2452 2106 2603 2161 parte
2654 2111 2760 2162 qua
2809 2098 2875 2146 ait
2927 2096 3102 2149 solem
3150 2108 3417 2149 conversa
3456 2106 3545 2147 est

1954 2188 2083 2241 luna
2121 2189 2366 2256 undique
2414 2190 2771 2243 collustratur
2798 2229 2813 2251 ,
2864 2201 2917 2242 et
2954 2190 3091 2242 alias
3125 2189 3254 2242 alia.
3292 2188 3544 2257 Quapro-

1952 2288 2071 2347 pter
2120 2284 2284 2335 etiam
2354 2282 2561 2350 σελήνη
2624 2280 2803 2353 [luna]
2877 2283 3121 2347 dicitur,
3180 2282 3324 2350 quod
3382 2278 3544 2342 σέλας

1951 2374 2071 2427 νέον
2100 2374 2177 2445 [id
2214 2384 2320 2439 est,
2359 2353 2541 2428 lumen
2574 2374 2800 2445 novum]
2838 2392 2900 2427 ac
2935 2391 3213 2444 nunquam
3258 2384 3413 2428 vetus
3448 2374 3544 2427 ha-

1952 2466 2092 2521 beat.
2142 2467 2198 2521 Si
2238 2470 2385 2522 enim
2420 2468 2642 2536 quidem
2680 2470 2929 2523 eamdem
2966 2476 3230 2538 perpetuo
3261 2471 3329 2522 ad
3366 2468 3541 2522 solem

1952 2561 2211 2617 retineret
2257 2563 2635 2617 habitudinem
2662 2600 2677 2623 ,
2721 2578 2885 2615 unam
2933 2564 3097 2616 etiam
3154 2563 3381 2616 ltalieret
3418 2577 3540 2627 par—

1956 2664 2062 2707 tem
2089 2700 2103 2721 ,
2141 2670 2263 2723 quae
2299 2656 2367 2710 ab
2404 2656 2522 2723 ipso
2568 2656 2995 2711 illuminareiur.
3041 2655 3180 2721 Quia
3223 2665 3406 2709 autem
3441 2670 3541 2723 pro

1952 2747 2270 2801 errabundo
2329 2763 2432 2801 suo
2490 2763 2785 2818 progressu
2833 2749 3189 2803 “interdum
3244 2748 3311 2801 ad
3367 2750 3539 2802 solent

1951 2841 2185 2905 accedit,
2225 2841 2502 2897 interdum
2541 2844 2609 2895 ab
2643 2843 2835 2896 eodem
2876 2843 3095 2910 longius
3130 2840 3379 2904 recedit;
3414 2853 3541 2907 pro-

1952 2942 2137 2999 pterea
2168 2933 2306 2988 alias
2339 2934 2445 2989 alia
2484 2934 2633 2988 illius
2668 2950 2797 3003 pars
2836 2933 3128 3000 splendore
3160 2931 3536 3003 perfunditur.

1953 3024 2018 3079 Et
2049 3026 2195 3092 quod
2230 3036 2392 3081 terra:
2420 3028 2587 3080 stanti
2623 3029 2913 3097 contingit,
2947 3036 3220 3096 quatenus
3251 3042 3279 3080 a
3319 3027 3437 3081 sole
3472 3027 3534 3080 il-

1957 3119 2257 3172 luminatur
2303 3118 2368 3182 “',
2437 3118 2578 3172 idem
2614 3098 2778 3173 etiam
2819 3120 2960 3173 lunae
2995 3136 3115 3189 quae
3161 3131 3411 3175 movetur
3449 3135 3540 3175 ac-

262 3211 410 3279 μέρη
435 3210 578 3263 κατὰ
605 3210 703 3279 τὴν
729 3208 825 3261 τοῦ
858 3210 1011 3277 ήλίου
1047 3210 1321 3278 περίοδον,
1370 3214 1843 3279 συμπερινοστοῦ-

1952 3210 2104 3264 cidit.
2145 3210 2301 3263 Sicut
2348 3212 2495 3265 enini
2540 3220 2684 3265 terra
2715 3227 2836 3281 qua
2880 3214 3092 3281 zqtntle
3130 3228 3160 3265 a
3202 3214 3317 3267 sole
3351 3215 3534 3268 lumen

257 3318 366 3365 σης
396 3300 659 3366 αὐτῷκαὶ
687 3301 784 3366 τῆς
802 3299 1149 3369 λαμπηδόνος
1184 3303 1279 3353 καὶ
1306 3302 1407 3367 τῆς
1436 3304 1581 3357 κατὰ
1610 3306 1711 3373 τὴν
1736 3306 1843 3373 γῆν

258 3394 425 3453 σκιᾶς
456 3407 466 3419 ·
504 3390 647 3443 οὕτω
677 3392 770 3442 καὶ
796 3393 828 3458 ή
858 3392 1060 3461 σελήνη
1091 3393 1151 3445 τὸ
1180 3393 1312 3445 αὐτὸ
1342 3392 1447 3461 μὲν
1480 3396 1595 3466 ἔχει
1632 3398 1747 3464 φῶς
1779 3402 1843 3451 ἐκ

254 3487 357 3540 τοῦ
404 3487 556 3555 ἡλίου
610 3484 895 3554 διηνεκῶς,
930 3485 993 3537 οὐ
1029 3484 1163 3537 ποτὶ
1196 3489 1293 3553 μὲν
1328 3488 1597 3554 μείζονος,
1634 3491 1765 3541 ποτὲ
1798 3491 1843 3542 δ’

256 3581 549 3641 udum,-
593 3580 1013 3647 ὲλλαμπομένου
1070 3580 1270 3649 μέρους
1324 3582 1534 3651 αὐτῆς’
1574 3585 1715 3652 πλὴν
1744 3586 1843 3637 οὐκ

250 3676 349 3727 ἀεὶ
382 3675 445 3724 τὸ
498 3673 629 3724 αὐτὸ
672 3673 764 3724 καὶ
807 3672 867 3724 ἓν
914 3672 1357 3739 καταφωτίζεται
1418 3674 1608 3743 μέρος,
1656 3675 1747 3727 διὰ
1782 3678 1845 3727 τὸ

255 3762 522 3830 διάφορον
553 3761 661 3812 τῶν
696 3760 828 3828 πρὸς
858 3760 947 3811 τὸν
968 3759 1119 3829 ήλιον
1164 3764 1400 3830 σχέσεων
1439 3764 1630 3831 αὐτῆς.
1675 3767 1849 3834 Προσ-

260 3855 452 3921 ιούσης
475 3855 585 3923 γὰρ
623 3853 700 3921 τῷ
735 3853 875 3922 ήλίῳ
906 3855 1000 3905 καὶ
1021 3854 1181 3905 πάλιν
1200 3857 1624 3925 μακρυνομένης
1653 3857 1839 3916 αὐτοῦ,

256 3948 453 4002 ἄλλοτε
488 3946 621 4000 ἅλλα
656 3949 800 4015 μέρη
829 3947 1033 4015 ταύτης
1065 3946 1447 4015 λαμπρύνεται
1505 3950 1565 4001 τὸ
1615 3950 1842 4019 ήλιακλιν

259 4040 496 4106 ἐχούσης
522 4038 638 4104 φῶς
668 4040 797 4104 περὶ
842 4039 901 4089 τὸ
932 4039 1079 4091 Ξιπαν
1109 4039 1309 4106 ταύτης
1347 4041 1506 4108 σῶμα
1543 4043 1844 4109 στρεφόμεο

258 4150 354 4184 νον
382 4132 681 4191 κυκλικῶς.

335 4326 401 4372 ε’.
454 4318 645 4368 Ὁπότε
684 4318 781 4384 μὶν
811 4316 905 4368 οὖν
956 4316 1172 4376 σύνοδος
1200 4315 1307 4382 εἴη,
1335 4316 1396 4367 τὸ
1442 4314 1578 4383 πρὸς
1613 4314 1844 4383 οὐρανὸν

255 4415 644 4481 τετραμμένον
675 4412 841 4481 μέρος
872 4412 1043 4479 αὐτῆς
1078 4410 1509 4479 καταυγάζεται.
1564 4411 1699 4463 Τότε
1733 4412 1841 4479 γὰρ

255 4507 393 4559 αὐτὸ
432 4507 570 4574 πρὸς
601 4505 694 4556 τὸν
723 4504 877 4573 ἥλιον
911 4504 1116 4574 ἀφορᾷ.
1148 4504 1613 4574 Παραμεισούσης
1654 4504 1711 4557 δὲ
1736 4505 1838 4570 τῆς

1955 3307 2135 3372 habet,
2175 3306 2311 3360 alias
2345 3306 2471 3360 aliis
2499 3307 2749 3376 partibus
2779 3322 2879 3376 pro
2907 3309 3269 3362 conversione
3304 3308 3439 3363 solis
3476 3310 3537 3361 il-

1952 3398 2250 3461 lustratur,
2283 3414 2406 3451 cum
2441 3414 2551 3467 quo
2586 3398 2901 3470 [nimirum]
2933 3408 2987 3453 et
3033 3401 3294 3469 splendor
3327 3410 3381 3455 ct
3412 3418 3534 3453 uni-

1952 3490 2045 3540 lna
2103 3498 2263 3542 terra:
2322 3490 2483 3542 simul
2539 3494 2930 3544 circumeunt:
2970 3491 3050 3543 sic
3101 3503 3153 3544 et
3206 3492 3332 3544 luna
3391 3492 3533 3545 idem

1950 3580 2168 3648 quidem
2205 3597 2234 3633 ιι
2270 3582 2385 3634 sole
2418 3597 2635 3650 semper
2672 3584 2854 3635 lumen
2895 3582 3089 3645 habet,
3136 3591 3193 3635 ut
3228 3583 3369 3635 Itaud
3400 3585 3536 3638 alias

1954 3674 2149 3745 major,
2186 3676 2321 3729 alius
2362 3677 2541 3729 minor
2581 3678 2726 3730 illius
2758 3694 2884 3746 pars
2924 3679 3265 3744 illustretur;
3311 3694 3531 3732 verum-

1953 3778 2136 3823 tamen
2177 3785 2283 3822 non
2323 3785 2425 3821 una
2476 3785 2690 3838 semper
2722 3770 3027 3839 eademque
3074 3786 3202 3839 pars
3252 3772 3534 3826 illumina-

1952 3872 2061 3924 tur,
2090 3862 2234 3928 quod
2267 3862 2498 3914 diversa)
2531 3861 2678 3914 illius
2717 3862 2783 3914 ad
2822 3864 2990 3916 solem
3017 3863 3125 3917 sint
3157 3862 3531 3917 habitudines.

1950 3951 2085 4002 Cum
2134 3950 2279 4003 cnim
2322 3950 2388 4003 ad
2443 3954 2610 4003 solem
2669 3951 2933 4015 accedat,
2970 3963 3025 4005 et
3075 3967 3269 4006 rursus
3308 3954 3375 4005 ali
3414 3954 3536 4020 ipso

1947 4040 2111 4110 315
2155 4041 2373 4105 longius
2402 4043 2697 4104 discedat,
2737 4043 2874 4096 alias
2904 4044 3024 4096 alia:
3059 4044 3205 4097 illius
3246 4057 3427 4112 partes
3468 4048 3533 4095 il-

1952 4135 2281 4197 lustrantur,
2307 4134 2456 4203 quod
2490 4134 2635 4188 circa
2668 4138 2983 4189 universum
3018 4136 3162 4190 illius
3194 4152 3395 4207 corpus
3427 4154 3532 4189 crr-

1950 4226 2215 4279 culariter
2246 4227 2424 4280 solare
2458 4226 2641 4281 lumen
2674 4238 3054 4282 convertatur.

2020 4318 2073 4370 5.
2117 4319 2177 4370 In
2213 4318 2603 4385 conjunctione
2640 4319 2808 4388 igitur
2850 4320 2895 4350 "
2918 4358 2932 4382 ,
2972 4335 3099 4388 pars
3130 4320 3276 4375 illius
3305 4322 3370 4373 ad
3411 4335 3530 4374 eos-

1951 4408 2060 4462 lum
2114 4424 2379 4464 conversa
2426 4410 2728 4464 illustratur
2784 4413 2865 4478 7";
2909 4412 3111 4482 quippe
3163 4423 3275 4467 tum
3329 4413 3417 4467 illa
3461 4416 3528 4468 ad

1949 4501 2119 4554 solem
2156 4500 2403 4569 respicit.
2437 4500 2573 4555 Cum
2606 4512 2790 4555 autem
2841 4504 3012 4556 solem
3051 4513 3321 4572 permutat
3358 4506 3485 4557 luna
3512 4545 3527 4568 ,

258 4562 499 4665 σελήνης
527 4562 618 4648 τὸν
644 4562 797 4665 ἣλιον
811 4562 1205 4665 ἐπιστρέρεται
1224 4562 1362 4667 πρδς
1386 4598 1547 4649 αὐτὸν
1568 4562 1643 4648 ’τὸ
1673 4562 1836 4665 μέρος

1950 4601 2060 4646 ιυιιι
2090 4608 2220 4663 pars
2254 4595 2376 4663 ejus
2410 4596 2478 4649 ad
2518 4597 2691 4651 solem
2746 4597 3123 4658 convertitur,
3154 4614 3273 4664 quae
3324 4607 3526 4652 terram

250 4692 428 4758 αὐτῆς
478 4690 505 4741 δ
536 4690 724 4759 βλέπει
758 4688 893 4758 πρὸς
940 4690 1064 4757 γῆν.
1103 4691 1211 4742 Καὶ
1267 4689 1428 4741 τοῦτο
1461 4690 1672 4755 γίνεται
1703 4690 1838 4756 πρὸς

252 4786 415 4850 λόγον
451 4782 547 4834 τοῦ
594 4781 925 4851 μακρυσμοῦ
950 4796 962 4807 ⁸
1005 4786 1098 4831 καὶ
1131 4780 1309 4843 οὕτως
1347 4784 1411 4832 έκ
1442 4782 1552 4832 τῶν
1591 4780 1838 4846 πλαγίων

249 4877 537 4946 ἀρχομένη
594 4873 927 4941 φωτίζεσθαι
982 4875 1016 4942 ἡ
1074 4873 1294 4941 σελήνη,
1352 4874 1565 4938 γίνεται
1620 4873 1839 4942 πρῶτον

254 4969 547 5037 μηνοειδής
578 4984 590 4995 ·
630 4967 985 5036 μακρὺνουσα
1011 4966 1057 5016 δ’
1086 4966 1369 5027 ἐπιπλέον,
1389 4966 1673 5035 διχότομος
1697 4983 1709 4995 ·
1736 4963 1838 5017 εἶτ’

246 5065 623 5133 ἀμφίκυρτος.
670 5062 1100 5129 Διαμετρήσασα
1150 5060 1207 5111 δὲ
1266 5060 1356 5111 τὸν
1409 5061 1561 5127 ἥλιον
1617 5060 1833 5129 πλήρης

248 5156 618 5224 ἀπαρτίζεται
653 5156 746 5207 καὶ
771 5154 1131 5223 πανσέληνος.
1157 5154 1299 5221 Ἤδη
1332 5152 1388 5203 δὲ
1418 5154 1517 5221 τὴν
1538 5153 1835 5219 διάμετρον

248 5247 713 5318 παραμειῦοὐσης
748 5248 940 5315 αὐτῆς,
972 5247 1068 5298 καὶ
1097 5245 1177 5315 τῷ
1212 5246 1348 5315 ήλίῳ
1397 5246 1565 5296 πάλιν
1595 5262 1836 5315 προσερο

246 5344 511 5414 χομένης,
542 5343 622 5403 είς
644 5338 704 5392 τὸ
735 5340 870 5409 πρὸς
890 5340 1121 5408 οὐρανὸν
1162 5339 1541 5407 τετραμμένον
1567 5339 1739 5406 αὐτῆς
1774 5340 1835 5389 ὲκ

244 5436 342 5488 τοῦ
390 5434 525 5501 πρὸς
557 5433 704 5502 ἡμᾶς
734 5432 968 5501 ὁρῶντος
1030 5430 1175 5483 κατὰ
1206 5430 1364 5497 Mbe
1397 5430 1456 5482 τὸ
1493 5430 1609 5497 φῶς
1642 5430 1830 5500 περιά-

244 5545 405 5597 γεται
425 5544 437 5558 ·
478 5528 673 5596 μέχρις
704 5526 771 5577 ἂν
814 5525 1034 5576 συνόδου
1070 5524 1370 5592 γενομένης
1394 5524 1702 5590 ἀφώτιστον
1734 5541 1831 5576 κα-

242 5618 571 5687 ταλειφθείη
597 5615 817 5679 τελείως
854 5617 1002 5669 ἆπαν
1038 5614 1099 5665 τὸ
1149 5614 1287 5682 ¹ιιρὸς
1317 5616 1463 5683 ήμᾶς
1502 5614 1701 5682 βλέπον
1737 5618 1831 5683 μέ-

1945 4688 2141 4755 aspicit
2172 4704 2185 4741 :
2222 4688 2436 4758 hocque
2467 4691 2525 4743 lit
2555 4706 2655 4760 pro
2687 4692 3008 4744 remotionis
3045 4692 3422 4759 proportione.
3449 4692 3527 4744 Ac

1946 4794 2069 4832 cum
2104 4781 2174 4832 ita
2202 4794 2265 4834 ex
2295 4782 2522 4851 obliquo
2559 4784 2683 4835 luna
2712 4784 3011 4836 illu'ninari
3043 4783 3256 4853 incipit,
3285 4785 3524 4851 primunt

1943 4872 2139 4926 falcata
2170 4872 2267 4937 ﬁt;
2307 4889 2431 4927 cum
2464 4876 2680 4945 longius
2714 4877 3027 4941 recesserit,
3058 4875 3364 4941 dimidiata,
3397 4878 3522 4931 inde

1946 4968 2262 5033 pratumida
2290 4984 2304 5032 ;
2340 4969 2561 5036 quando
2585 4969 2823 5036 denique
2850 4969 3096 5023 dimensa
3130 4969 3301 5024 solem
3334 4968 3521 5029 fuerit,

1947 5060 2049 5110 hoc
2076 5068 2159 5112 est
2179 5100 2193 5122 ,
2234 5074 2330 5128 per
2359 5060 2690 5113 diametrum
2722 5062 2822 5113 soii
2852 5063 3147 5130 opponitur
3168 5102 3182 5125 ,
3216 5063 3370 5128 plcua
3410 5061 3525 5115 elli-

1942 5152 2086 5205 citur
2114 5190 2131 5217 ,
2166 5164 2221 5207 et
2250 5154 2466 5209 exsistit
2502 5156 2889 5224 plenilunium.
2929 5154 3048 5209 iam
3084 5171 3213 5211 vero
3244 5171 3369 5211 cum
3405 5156 3520 5225 ipsa

1942 5245 2149 5297 deserit
2175 5244 2533 5310 diametrum,
2566 5260 2620 5301 et
2646 5250 2828 5301 denuo
2860 5249 2925 5301 ad
2970 5249 3140 5302 solent
3184 5250 3418 5314 accedit,
3454 5254 3519 5302 .nt

1943 5346 2147 5403 partem
2191 5338 2339 5392 illius
2383 5355 2504 5407 quae
2546 5341 2610 5393 ad
2655 5340 2855 5395 caelum
2898 5355 3165 5395 conversa
3200 5357 3264 5394 ex
3304 5355 3368 5395 ea
3399 5357 3525 5413 qua)

1942 5443 2041 5481 nos
2072 5428 2316 5482 intuetur
2340 5472 2354 5496 ,
2401 5431 2583 5485 habita
2623 5433 2976 5501 proportione
3003 5472 3018 5496 ,
3051 5431 3233 5485 lumen
3272 5432 3521 5486 circum-

1939 5519 2157 5587 agitur,
2193 5521 2369 5577 donec
2414 5524 2809 5591 coiijuetctione
2860 5525 2999 5578 facta
3050 5539 3156 5577 non
3214 5525 3519 5582 illuntinata

1943 5615 2287 5682 relinquatur
2319 5616 2574 5672 universa
2616 5621 2730 5672 haec
2775 5634 2902 5689 pars
2943 5618 3092 5672 illius
3138 5634 3260 5687 quae
3308 5618 3374 5672 ad
3414 5633 3519 5675 nos

316 5827 363 5857 “
393 5825 531 5880 Ptol.
560 5825 701 5878 Alm.
736 5822 771 5886 Ι,
797 5840 827 5875 ν
866 5838 915 5877 c.
948 5823 1031 5877 15.
1062 5822 1294 5877 Cardan.
1330 5821 1404 5873 De
1428 5822 1623 5875 Sulitil.
1656 5823 1690 5875 Ι.
1720 5829 1875 5892 tit,‘p.
1912 5826 2032 5884 tso.
2112 5828 2158 5859 ⁴⁷
2186 5827 2395 5884 Cleom.
2427 5825 2523 5880 lib.
2550 5839 2611 5893 tt,
2641 5842 2689 5881 c.
2723 5825 2773 5881 5.
2855 5824 3119 5880 "Cleom.
3156 5825 3253 5879 lib.
3287 5840 3347 5891 tt,
3380 5839 3430 5880 ο.
3460 5823 3514 5879 5.

245 5898 524 5955 “Cleom.
562 5911 621 5961 tt,
655 5908 704 5950 c.
738 5897 792 5948 ι.
874 5896 915 5925 ⁷⁸
970 5894 1258 5948 Reinhold.
1285 5896 1338 5949 in
1370 5894 1571 5949 Theor.
1605 5894 1768 5949 Purb.

366 5998 639 6059 Pamoc.
696 5993 813 6053 Gs.
858 5990 1084 6051 CXLII.

3118 5987 3190 6050 ιο
