4180 6440
193 456 330 517 i313

1419 452 1751 517 ΕΡῙΤΟΜΕ
1783 453 2131 514 PiiYSlCA.

3310 448 3443 512 ιῑιιι

186 567 490 631 τηνικαῦτα
524 568 687 635 μέσον
720 570 752 639 ή
786 570 854 638 γῆ
877 612 891 635 ,
930 573 1070 627 κατά
1107 572 1237 642 μίαν
1270 572 1485 626 εὐθεῖαν
1506 614 1521 637 ,
1561 573 1758 625 κωλύει

1886 567 2175 636 'eperiatur
2208 565 2260 619 itt
2313 566 2501 619 eadem
2552 565 2695 619 linea
2752 571 2924 625 recta,
2980 562 3233 632 prohibet
3267 565 3453 615 lunam

188 660 284 728 τὴν
322 661 551 730 σελήνην
584 664 702 723 ταῖς
739 662 796 728 ιε
830 664 985 734 ἡλίου
1021 664 1366 733 λαμπηδόσιν
1399 664 1761 733 αὐγάζεσθαι.

185 753 300 804 Καὶ
367 754 491 804 ὅσον
548 753 717 821 αὐτῆς
782 756 947 823 μέρος
1001 760 1122 821 ταῖς
1169 758 1421 827 ἡλιακαῖς
1469 759 1684 810 ἀκτῖσιν
1705 756 1765 807 οὐ

190 847 647 916 καταλάμπεται,
705 851 854 918 μένει
916 850 1076 903 τοῦτο
1137 854 1372 920 πάμπαν
1438 849 1763 916 ἀφώτιστον.

197 940 402 993 Ἐνίοτε
430 942 486 992 δὲ
514 942 609 995 καὶ
636 944 785 995 πᾶσα
813 944 1096 1012 ζοφοῦται,
1116 948 1208 998 καὶ
1230 948 1291 997 τὸ
1318 947 1434 1014 φῶς
1460 946 1579 997 ὅλον
1606 945 1770 996 ἀπόλ-

188 1030 362 1093 λυσιν,
390 1030 463 1094 ὡς
492 1033 584 1084 καὶ
614 1032 791 1086 δοκεῖν
816 1036 1170 1103 ἡφαντῶσθαι
1200 1036 1294 1089 καὶ
1325 1035 1459 1106 μηδὲ
1485 1035 1577 1086 τὸν
1601 1036 1766 1086 τόπον

187 1124 246 1173 εν
288 1117 439 1192 ᾧπερ
485 1122 552 1193 ἦν
594 1126 733 1187 ὅλως
776 1126 1259 1192 διαγινώσκεσθαι,
1300 1116 1377 1194 τῶ
1426 1127 1561 1195 μηδὲ
1608 1128 1772 1178 σκιάν

190 1215 363 1282 αὐτῆς
398 1218 499 1269 κᾶν
529 1218 657 1283 γοῦν
684 1218 931 1287 ἀμυδρὰν
962 1237 1083 1273 τινα
1116 1217 1540 1288 περισῶζεσθιι.
1576 1215 1771 1270 Tomi}-

189 1326 290 1377 της
325 1314 419 1362 καὶ
446 1313 606 1378 ἡμεῖς
636 1314 963 1382 σεληνιακῆς
993 1313 1289 1381 ἐκλείψεως
1319 1311 1586 1365 αὐτόπται
1618 1310 1775 1377 γεγό-

189 1418 385 1467 ναμεν.

266 1493 371 1558 κβ’.
412 1494 469 1546 'U
502 1494 599 1564 μὲν
626 1495 719 1549 οὖν
744 1499 893 1567 ἥλιος
922 1501 983 1553 ὲκ
1012 1500 1121 1551 τῶν
1152 1498 1491 1565 φαινομένων
1519 1496 1648 1565 περὶ
1674 1495 1774 1556 τὰς

191 1585 297 1653 τῆς
333 1586 559 1656 σελήνης
590 1589 860 1657 ἐκλείψεις
894 1591 1095 1661 μείζων
1125 1589 1222 1659 τῆς
1252 1590 1352 1656 γῆς
1387 1590 1775 1646 ἀνενδοιάστως

192 1676 529 1742 γινώσκεται
554 1696 565 1706 ’
614 1685 708 1733 καὶ
765 1683 851 1734 διὰ
912 1683 1070 1735 τοῦτο
1100 1684 1383 1751 γινόμενος
1414 1684 1514 1733 ὗπδ
1545 1681 1648 1748 γῆν
1668 1722 1682 1746 ν
1714 1681 1775 1733 οὐ

195 1768 469 1820 κωλύεται
513 1772 641 1839 παρ’
672 1772 840 1840 αὐτῆς
881 1774 960 1836 είς
1002 1775 1063 1825 τὸ
1101 1774 1195 1826 τοῦ
1241 1773 1461 1843 αἰθέρος
1505 1771 1639 1841 ὕψος
1680 1773 1775 1833 τὰς

194 1861 406 1921 οἰκείας
436 1863 739 1930 ἐκπέμπειν
763 1866 957 1931 αὐγάς.
990 1866 1389 1936 Περιεχομένης
1416 1868 1522 1934 γὰρ
1553 1865 1657 1919 ὑπὸ
1683 1864 1775 1917 τοῦ

198 1954 355 2022 ἡλίου
389 1953 487 2021 τῆς
525 1957 624 2023 γῆς
659 1956 745 2008 διὰ
777 1960 875 2026 τὴν
909 1958 1111 2027 ταύτης
1149 1960 1488 2029 σμικρότητα
1511 2001 1525 2022 ,
1563 1959 1677 2019 πῶς
1714 1956 1779 2010 ἂν

197 2045 502 2099 κωλυθεῖεν
556 2050 611 2100 nl
653 2051 871 2114 ἀκτῖνες
910 2052 974 2105 ὲκ
1009 2052 1118 2105 τῶν
1153 2052 1338 2123 ἄκρων
1394 2053 1563 2120 αὐτῆς
1607 2052 1685 2112 είς
1720 2051 1779 2102 τὸ

197 2139 299 2193 τοῦ
340 2141 557 2211 αἰθέρος
590 2142 721 2211 ὕψος
756 2144 1168 2209 διαδιδάξεσθαι
1201 2163 1218 2213 ;
1253 2145 1345 2198 Διὸ
1380 2144 1474 2198 καὶ
1495 2144 1779 2211 καταλάμ-

200 2250 369 2286 πεται
397 2234 465 2286 τά
496 2234 801 2306 ὑψηλότερα
829 2236 920 2290 τοῦ
952 2238 1158 2306 κόσμου
1194 2240 1295 2291 κάν
1323 2238 1401 2307 τῷ
1432 2237 1536 2289 ὑπὸ
1568 2236 1672 2305 γῆν
1703 2232 1781 2289 εἴ·

199 2342 289 2377 ναι
330 2326 425 2378 τὸν
463 2328 615 2392 ἥλιον
638 2344 650 2359 ⁶
692 2331 762 2388 tv.
789 2331 942 2383 νυκτὶ
980 2331 1037 2385 δέ
1078 2333 1183 2383 είσι
1220 2332 1343 2383 τότε
1382 2329 1452 2381 τά
1489 2327 1781 2398 χθαμαλώ-

198 2436 345 2485 τερα
373 2438 432 2471 τε
469 2423 564 2475 καὶ
600 2427 1015 2493 προσγειότερα.
1048 2423 1165 2489 Νὺξ
1198 2425 1307 2492 γάρ
1342 2422 1493 2476 οὐδὲν
1525 2422 1713 2490 ἕτερον
1746 2420 1777 2489 ἢ

197 2514 302 2582 τῆς
336 2513 443 2579 γῆς
476 2515 508 2583 ή
540 2514 687 2569 σκιά.

276 2607 386 2673 κγ’.
429 2608 540 2673 Τῆς
575 2610 829 2678 τοιαύτης
868 2606 960 2663 οὖν
998 2610 1154 2672 σκιᾶς
1194 2609 1283 2665 διὰ
1318 2610 1379 2663 τὸ
1422 2609 1651 2679 μέγεθος
1687 2608 1781 2661 τοῦ

200 2702 363 2769 ἡλίου
391 2704 681 2771 γενομένης
709 2703 1047 2769 ωνοειδοῦς,
1078 2708 1169 2756 καὶ
1193 2705 1294 2773 τὴν
1324 2705 1423 2771 μὲν
1449 2703 1608 2771 βάσιν
1632 2704 1782 2771 ἑκοῦ-

196 2810 308 2861 σης
339 2793 601 2847 πλατεῖαν
626 2797 1227 2865 συμπαρεκτεταμόνην
1255 2796 1331 2866 τῷ
1366 2797 1523 2866 μέρει
1550 2795 1648 2864 τῆς
1681 2796 1784 2862 γῆς

200 2886 330 2937 ὅσον
359 2887 421 2937 οὐ
452 2889 803 2955 καταλάμπει
836 2890 862 2939 ό
890 2888 1059 2957 ἥλιος,
1090 2888 1187 2956 τὴν
1216 2888 1272 2941 δὶ
1304 2888 1548 2954 κορυφήν
1580 2890 1659 2948 εἰς
1690 2887 1783 2951 ὀξὺ

198 2976 487 3044 λήγουσαν
511 2989 525 3003 ⁸
560 2979 629 3029 τὰ
668 2979 766 3047 μὲν
802 2980 912 3032 ἀνω
946 2982 1045 3047 τῆς
1084 2979 1313 3047 σελήνης
1348 2981 1441 3031 καὶ
1476 2978 1785 3047 ὑψηλότερα

197 3068 305 3131 τὴν
352 3067 614 3138 τοιαύτην
663 3069 756 3122 καὶ
805 3070 946 3123 κατά
998 3070 1171 3140 μῆκος
1225 3070 1546 3138 ὑπερϐαίνει
1601 3070 1781 3121 σκιάν.

201 3158 379 3210 Ὅθεν
404 3158 576 3219 οὐδεὶς
609 3158 889 3228 ἱστόρηται
917 3177 1046 3213 ποτε
1074 3160 1182 3213 τῶν
1209 3162 1459 3228 ἀστέρων
1485 3160 1659 3230 ταύτῃ
1693 3176 1784 3210 πε-

1874 674 1940 712 ue
1994 656 2291 726 splendore
2340 651 2472 710 Solis
2530 656 2853 710 illustretur.
2919 656 2984 709 Et
3039 666 3244 724 quanta
3282 657 3456 723 ipsius

1871 766 2000 819 pars
2047 750 2319 803 solaribus
2368 748 2537 802 radiis
2587 766 2692 803 non
2744 748 3112 810 illuminatnr,
3152 758 3301 800 tanta
3341 764 3459 798 mn-

1873 844 2003 897 nino
2054 842 2483 896 illuminationis
2538 858 2736 911 expers
2809 842 3100 909 reperitur.
3179 840 3454 892 lutei-dum

1872 946 2053 988 autem
2113 943 2222 987 tota
2258 936 2603 998 obscuratur,
2633 943 2686 986 et
2714 950 2875 987 omne
2911 934 3093 985 lumen
3134 936 3355 998 amittit,
3392 942 3452 984 ttt

1872 1028 2033 1078 etiam
2057 1025 2628 1089 evanuissevideatur,
2653 1033 2707 1077 et
2730 1040 2907 1093 neque
2937 1026 3092 1077 locus
3116 1025 3167 1075 iu
3204 1040 3311 1091 quo
3338 1033 3457 1074 erat

1874 1120 2104 1170 omnino
2142 1117 2518 1185 dignoscatur.
2561 1128 2845 1185 propterea
2872 1124 3017 1184 quod
3043 1132 3219 1182 neque
3271 1115 3464 1168 umhra

1878 1210 2023 1264 illius
2057 1211 2413 1279 quantumvis
2442 1209 2602 1264 exilis
2628 1220 2685 1263 et
2740 1208 3031 1262 imbecillis
3098 1209 3457 1276 relinquatur.

1874 1301 2194 1371 Cujusmodi
2232 1303 2479 1357 lunarem
2511 1302 2788 1357 defectum
2814 1310 2870 1357 et
2898 1317 2997 1355 nos
3038 1302 3297 1353 vidimus.

1947 1504 2038 1559 22.
2083 1504 2174 1557 Sol
2213 1503 2367 1571 proin
2392 1504 2438 1555 le
2490 1517 2554 1554 ex
2590 1501 2701 1556 illis
2736 1517 2856 1569 qua:
2887 1502 2942 1554 in
2979 1502 3120 1554 lunae
3151 1499 3457 1553 defectibus

1879 1606 2165 1667 apparent,
2199 1596 2318 1648 sine
2354 1594 2521 1648 dubio
2555 1605 2698 1647 terra
2735 1594 2912 1663 major
2942 1608 3066 1646 esse
3104 1594 3467 1656 intelligitur;

1879 1699 1932 1744 et
1969 1701 2255 1759 propterea
2291 1703 2413 1739 cum
2448 1687 2587 1739 infra
2628 1697 2827 1739 terram
2866 1695 2967 1749 est,
3000 1702 3108 1739 non
3148 1688 3471 1751 prohibetur

1881 1786 1948 1837 ah
1981 1797 2043 1835 ea
2090 1796 2202 1849 quo
2254 1779 2434 1831 minus
2486 1793 2617 1832 suos
2666 1779 2850 1831 rodios
2898 1779 2947 1831 in
2982 1781 3205 1831 EClllCl'lS
3237 1781 3459 1829 emittat

1883 1874 2255 1931 altitudinem.
2300 1873 2436 1927 Cum
2486 1870 2634 1925 enim
2700 1880 2843 1923 terra
2908 1878 3130 1939 propter
3197 1868 3469 1935 exiguitu-

1891 1980 1996 2023 tem
2049 1983 2204 2020 suam
2254 1980 2282 2019 a
2336 1965 2451 2019 sole
2494 1965 2865 2028 contineatur,
2911 1962 3188 2031 quomodo
3233 1963 3371 2015 radii
3404 1962 3473 2013 ah

1888 2062 2060 2129 ipsius
2094 2056 2536 2113 extremitatibus
2568 2058 2848 2125 prohiheri
2898 2055 3063 2125 396
3114 2063 3361 2124 possent,
3405 2068 3473 2105 ne

1890 2159 1942 2209 in
1986 2155 2206 2208 :etheris
2280 2151 2622 2204 altitudinem
2687 2148 3250 2202 transmitterentur?
3318 2148 3472 2211 Qua-

1890 2259 2111 2315 propter
2166 2246 2327 2296 etiam
2382 2245 2609 2297 altiores
2656 2243 2845 2296 mutuli
2886 2251 3069 2310 partes
3105 2242 3470 2298 illustrantur.

1888 2340 2106 2409 quando
2152 2337 2231 2390 sol
2269 2336 2372 2390 sub
2410 2345 2556 2387 terra
2589 2344 2708 2397 est;
2748 2333 3041 2387 inferiores
3066 2342 3249 2386 autem
3280 2342 3333 2385 et
3362 2342 3473 2385 Ier-

1891 2444 1964 2481 rte
1990 2428 2284 2481 viciniores
2315 2434 2447 2478 tunc
2475 2425 2530 2478 in
2563 2434 2722 2478 nocte
2771 2434 2921 2480 sunt.
2953 2424 3097 2477 Nihil
3143 2428 3286 2476 enim
3325 2421 3471 2475 aliud

1890 2535 1992 2573 nox
2023 2528 2129 2578 est.
2167 2534 2333 2585 quant
2359 2531 2519 2573 terra
2553 2519 2765 2571 umbra.

1960 2612 2051 2665 25.
2094 2610 2232 2665 Cum
2262 2626 2393 2679 ergo
2441 2611 2555 2663 haec
2604 2612 2796 2665 umbra
2835 2620 3059 2680 propter
3100 2611 3232 2663 solis
3266 2613 3475 2677 magni-

1891 2706 2132 2758 tudinem
2171 2703 2448 2755 tnrhinata
2507 2703 2601 2765 sit,
2639 2713 2693 2754 et
2726 2702 2885 2754 basin
2921 2701 3144 2770 quidem
3181 2705 3344 2754 latam
3382 2703 3476 2754 ha-

1891 2800 2039 2861 beat,
2075 2805 2425 2850 coextentatn
2470 2810 2595 2848 cum
2645 2804 2803 2849 terrae
2854 2809 3008 2863 parte
3042 2811 3204 2859 quam
3250 2795 3330 2848 sol
3368 2810 3475 2846 non

1893 2890 2193 2951 illuminat,
2232 2890 2493 2942 verticem
2525 2898 2708 2941 autem
2737 2887 2830 2955 qui
2880 2888 2933 2940 in
2975 2898 3195 2941 acutum
3236 2887 3475 2948 desinat,

1894 2996 1957 3036 ea
1994 2996 2115 3049 qua:
2146 2995 2312 3048 supra
2364 2979 2549 3032 lunam
2577 2988 2631 3031 et
2661 2980 2857 3031 altiora
2894 2989 3023 3032 sunt
3056 2979 3195 3031 hanc
3225 2979 3474 3031 umbram

1892 3075 2057 3129 etiam
2079 3074 2376 3127 secundum
2396 3072 2802 3143 longitudinem
2843 3074 3258 3126 transcendunt.
3298 3074 3478 3136 Quale

1896 3167 1963 3219 de
2004 3166 2148 3217 nulla
2186 3165 2341 3217 stella
2368 3180 2609 3233 unquam
2649 3165 2852 3218 litteris
2884 3176 2965 3218 est
2998 3165 3297 3233 proditum,
3328 3169 3473 3231 quod

206 3251 480 3319 ριπεσεῖν.
504 3247 581 3303 Ἦ
609 3252 718 3319 γὰρ
747 3252 815 3304 ἀν
839 3252 1011 3320 ἐφάνη
1039 3253 1420 3323 λαμπρότερος
1449 3252 1645 3306 ἑαυτοῦ
1672 3268 1685 3281 ·
1717 3250 1779 3304 τὰ

1896 3259 1950 3311 in
1983 3260 2122 3311 hanc
2162 3257 2441 3310 inciderit.
2525 3256 2678 3309 Alias
2717 3258 2862 3310 enim
2914 3258 3092 3325 seipsa
3135 3256 3476 3325 splendidior

202 3345 366 3411 φῶτα
400 3344 506 3413 γὰρ
541 3345 597 3395 ιν
628 3343 781 3395 νυκτὶ
819 3346 1021 3413 μᾶλλον
1052 3344 1083 3413 ἢ
1118 3347 1175 3397 ὲν
1208 3346 1390 3415 ἡμέρᾳ
1423 3344 1787 3414 λαμπρότερα

205 3440 488 3506 φαίνεται.
523 3437 612 3489 Διὸ
642 3438 737 3488 καὶ
766 3438 816 3490 oi
848 3439 1098 3508 ἀστέρες,
1131 3440 1350 3507 αἰθρίας
1376 3438 1545 3509 οὔσης
1574 3439 1632 3490 ἐν
1662 3439 1788 3489 ἀσε-

204 3533 356 3600 λήνῳ
385 3536 576 3593 νυκτὶ,
604 3533 765 3586 πλέον
795 3535 978 3601 ἔχουσι
1005 3532 1067 3585 τὸ
1093 3534 1349 3603 λαμπρδν
1374 3535 1407 3604 ἦ
1436 3536 1535 3605 τῆς
1563 3534 1789 3604 σελήνης

200 3625 631 3693 διαυγαζούσης.
668 3627 728 3678 Οἱ
764 3627 861 3695 μιν
891 3624 984 3679 οὖν
1014 3627 1246 3691 ἀστέρες
1275 3626 1516 3689 ἅπαντες
1546 3626 1789 3694 ὑπερφέ-

209 3732 399 3783 Ρονται
427 3717 523 3783 τῆς
552 3720 731 3779 σκιᾶς.
765 3718 839 3786 μὴ
871 3718 1180 3788 φθανούσης
1208 3719 1285 3781 εἰς
1311 3721 1371 3771 τὸ
1404 3718 1537 3788 ὓψος
1565 3716 1745 3770 αὐτῶν
1770 3732 1786 3747 ο

205 3812 239 3877 ἡ
274 3811 332 3861 δὲ
367 3810 566 3877 σελήνη
601 3811 889 3879 πρόσγειος
917 3810 1072 3874 οὖσα,
1101 3810 1181 3881 τῷ
1207 3812 1306 3880 τῆς
1336 3813 1437 3882 γῆς
1468 3812 1787 3880 ἐντυγχάνει

211 3901 374 3970 κώνῳ
403 3902 532 3970 περὶ
559 3902 621 3953 τὸ
646 3904 836 3973 ἀκρον,
865 3904 952 3955 ὅτε
980 3904 1357 3974 διαμετροῦσα
1384 3903 1476 3956 τὸν
1502 3903 1655 3971 ἥλιον
1687 3903 1791 3956 ὑπὸ

206 3996 304 4044 τὸν
355 3993 521 4046 αὑτοῦ
572 3993 790 4063 φέροιτο
841 3994 1059 4058 κύκλον,
1111 3997 1247 4066 μήτε
1301 3995 1438 4066 πρὸς
1481 3998 1551 4049 τά
1581 3994 1788 4063 βόρεια,

186 4143 190 4145 η
211 4087 357 4155 μήτε
392 4087 529 4155 πρὸς
560 4088 625 4139 τὰ
653 4088 803 4140 νότια
831 4088 1083 4143 νεύουσα.

288 4267 387 4319 κδ’.
430 4265 603 4336 Δῆλον
630 4266 675 4318 δ’
696 4266 966 4332 ἐντεῦθεν,
997 4268 1080 4321 ὅτι
1112 4269 1207 4322 καὶ
1236 4267 1373 4322 πολὺ
1404 4268 1637 4338 σμικρὸν
1666 4266 1791 4321 ὅσον

212 4365 355 4433 πρὸς
388 4363 485 4432 τὴν
516 4364 619 4432 γῆν
651 4363 712 4416 τὸ
747 4363 905 4432 σῶμα
932 4366 1031 4434 τῆς
1064 4364 1293 4433 σελήνης
1328 4364 1478 4417 ἐστίν
1500 4380 1515 4396 ο
1550 4366 1601 4417 st
1630 4380 1693 4431 γε
1724 4364 1793 4417 τά

213 4456 349 4521 περὶ
389 4456 452 4505 τὸ
491 4453 660 4522 ἄκρον
699 4456 796 4522 τῆς
841 4457 905 4508 ἐκ
949 4455 1055 4525 γῆς
1100 4457 1258 4518 σκιάς
1302 4457 1398 4509 καὶ
1441 4454 1631 4519 νυκτὸς
1670 4457 1794 4509 δλον

214 4547 355 4600 αὐτὸ
383 4546 632 4598 δύναιντο
663 4549 967 4617 περισχεῖν.

1889 3358 2180 3417 conspecta
2248 3347 2481 3413 fuisset;
2538 3350 2739 3417 quippe
2795 3349 3003 3401 lutnina
3079 3358 3243 3401 noctu
3298 3351 3479 3417 potius

1889 3455 2053 3509 quam
2107 3440 2345 3492 interdiu
2405 3440 2779 3507 splendidiora
2832 3440 3274 3507 conspiciuntur.
3328 3439 3478 3505 Qua-

1891 3543 2115 3603 propter
2161 3534 2326 3586 etiam
2360 3534 2551 3595 stellze,
2592 3534 2635 3586 si
2684 3543 2846 3587 nocte
2887 3532 3040 3585 illuni
3078 3534 3276 3586 caelum
3330 3548 3477 3586 sere-

1891 3638 2021 3677 num
2070 3623 2162 3682 sit,
2217 3621 2338 3690 plus
2392 3621 2706 3689 splendoris
2761 3622 2983 3684 habent,
3041 3634 3203 3687 quam
3257 3620 3476 3673 lucente

1892 3718 2041 3771 luna.
2094 3714 2274 3769 Stellae
2355 3714 2585 3780 proinde
2649 3715 2920 3767 universas
2964 3729 3129 3781 supra
3180 3713 3476 3778 umbram,

1892 3824 2015 3880 qua
2047 3810 2112 3863 ad
2148 3809 2388 3877 ipsarum
2425 3808 2766 3862 altitudinem
2816 3824 2921 3861 non
2954 3807 3237 3876 pertingit,
3282 3806 3475 3860 ferun-

1891 3910 2018 3967 tur;
2055 3903 2180 3955 lutta
2230 3910 2414 3953 autem
2454 3916 2579 3954 cum
2631 3909 2787 3952 terra:
2822 3901 2895 3953 sit
2933 3901 3136 3961 vicina,
3175 3900 3229 3952 in
3271 3914 3474 3953 conum

1891 3992 2039 4046 circa
2090 3991 2494 4043 extremitatem
2543 3990 2760 4053 incidit,
2812 3989 3036 4057 quando
3082 3988 3253 4041 solent
3304 3988 3481 4041 dimo-

1894 4084 2035 4137 tiens
2070 4082 2174 4135 sub
2202 4084 2324 4150 ejus
2365 4082 2577 4134 circulo
2620 4080 2692 4133 ita
2729 4091 3002 4143 movetur,
3038 4088 3098 4133 ut
3130 4092 3231 4132 nec
3261 4078 3326 4131 ad
3380 4080 3477 4131 bu-

1895 4175 2090 4237 reales,
2124 4186 2224 4226 nec
2252 4172 2319 4224 ad
2356 4171 2627 4225 australes
2657 4178 2839 4238 partes
2871 4176 3079 4236 vergat.

1963 4264 2055 4319 ει.
2093 4262 2439 4317 Manifestum
2484 4261 2646 4332 397
2689 4273 2869 4315 autem
2931 4261 3054 4313 inde
3103 4260 3303 4323 evadit,
3332 4259 3477 4328 quod

1895 4358 2038 4411 luna:
2080 4370 2277 4424 corpus
2308 4359 2375 4409 ad
2414 4363 2616 4407 terram
2652 4355 2805 4407 valde
2836 4354 2908 4408 sit
2939 4354 3195 4421 exiguum
3223 4370 3237 4417 ;
3292 4354 3467 4421 siqui—

1894 4452 2016 4505 dem
2063 4452 2237 4517 ipsum
2290 4457 2463 4501 totum
2500 4448 2878 4499 extremitates
2932 4448 3139 4498 umbra:
3190 4453 3246 4497 et
3296 4448 3473 4498 noctis

1897 4550 2059 4594 terra:
2086 4546 2375 4606 contegere
2405 4546 2660 4604 possunt.

292 4637 394 4693 κε’.
442 4640 546 4691 Καὶ
568 4637 714 4691 τοῦθ’
732 4640 865 4708 ἡμῖν
885 4639 977 4692 επὶ
998 4642 1110 4703 τοῖς
1134 4640 1505 4709 δεδειγμένοις
1526 4642 1586 4693 οὐ
1613 4656 1779 4710 γρςιμ.⁴

1972 4632 2067 4685 25.
2107 4630 2173 4684 Et
2204 4630 2322 4683 hac
2350 4628 2423 4681 ita
2464 4629 2834 4683 demonstrata
2868 4628 2979 4682 sint
3013 4627 3193 4688 nobis.
3216 4645 3323 4680 non
3358 4628 3481 4696 qui-

221 4732 399 4797 μικῶς
435 4731 567 4782 ἀλλά
623 4730 876 4797 λογικῶς,
901 4732 1038 4783 εστω
1075 4731 1139 4800 δὴ
1183 4734 1449 4801 πόρισμα.
1484 4731 1667 4785 Ταῦτα
1705 4732 1779 4801 μὶι

1907 4724 2027 4775 dem
2061 4720 2337 4773 liueariter
2361 4734 2459 4773 seu
2488 4720 2839 4789 geometrica,
2884 4719 2979 4772 sed
3016 4716 3211 4784 logiee.
3244 4717 3479 4784 Sintque

218 4826 285 4875 ὲκ
316 4827 417 4891 τῆς
448 4826 526 4884 εἰς
558 4825 648 4877 τὸν
680 4824 867 4889 δγδοον
895 4824 1110 4878 ὡαλιιὸν
1141 4825 1477 4896 ἐξηγήσεως.

296 5006 410 5069 ις’.
448 4998 597 5050 Ἐπεὶ
635 4999 691 5051 δὲ
730 5001 859 5067 περὶ
896 5000 1206 5069 ὑψωμάτων
1240 5003 1331 5055 καὶ
1363 5008 1797 5074 ταπεινωμάτων

1904 4814 2089 4867 eadem
2146 4812 2498 4868 corollarium
2547 4827 2844 4884 exegeseos
2894 4813 2949 4866 in
3003 4812 3275 4879 psalmum
3332 4819 3480 4863 octa-

1904 4919 2047 4959 vum.

1970 5016 2063 5069 9.6.
2103 5014 2371 5081 Quoniam
2423 5026 2606 5069 autem
2644 5018 2712 5070 de
2746 5016 3174 5072 exaltationibus
3226 5027 3283 5072 et
3331 5018 3480 5086 deje-

221 5092 321 5141 καὶ
352 5091 519 5142 οῖκων
555 5090 647 5139 καὶ
680 5092 1107 5160 εναντιωμάτων
1141 5092 1249 5143 τῶν
1282 5094 1341 5144 εν
1375 5097 1489 5156 τοῖς
1526 5095 1779 5164 πλάνησιι

1901 5108 2176 5163 ctionibus
2206 5116 2260 5163 et
2319 5108 2572 5163 domibus
2603 5117 2657 5162 et
2696 5109 3122 5163 adversitatibns
3170 5126 3266 5164 seu
3313 5111 3479 5163 deti-i-

220 5180 469 5247 Εφθημεν
502 5181 913 5249 προδιαλαδεῖν,
948 5182 1035 5252 εἴη
1069 5183 1135 5235 ἄν
1168 5182 1343 5237 διττὸν
1374 5185 1435 5236 τὸ
1468 5185 1671 5255 ὕψωμα
1705 5205 1775 5241 κα

1905 5196 2104 5251 utentis
2135 5197 2204 5257 “.
2242 5212 2365 5266 quae
2405 5198 2607 5252 habent
2646 5200 2819 5252 stellae
2848 5201 3123 5260 erraticm,
3155 5201 3307 5268 prius
3338 5202 3478 5253 dixi-

223 5275 578 5342 ταπείνωμαο
605 5276 665 5328 τὸ
694 5275 795 5344 μὶν
820 5276 961 5329 κατά
985 5276 1045 5329 τὸ
1071 5278 1493 5349 ὑπεργειότερον
1516 5283 1609 5334 καὶ
1633 5298 1779 5353 προσ

1905 5306 2049 5352 mus,
2078 5290 2275 5360 duplex
2315 5305 2446 5344 sane
2478 5290 2643 5345 fuerit
2674 5293 2932 5347 esallatio
2963 5303 3018 5347 et
3048 5293 3281 5362 dejectio
3315 5310 3329 5347 :
3367 5310 3473 5347 una

223 5366 506 5434 γειότερον
539 5368 648 5417 τῶν
684 5369 741 5419 ἐν
774 5370 887 5431 τοῖς
927 5368 1165 5437 πλάνησι
1210 5372 1455 5441 σφαιρῶν
1491 5373 1775 5444 (ἱκκεντρο

1902 5382 2123 5450 quidem
2165 5383 2307 5445 inde,
2345 5384 2491 5452 quod
2524 5385 2807 5439 stellarum
2845 5387 3215 5439 erraticarum
3248 5388 3476 5454 8pllﬂtl'.l:

222 5461 334 5525 γάρ
375 5458 514 5508 είσιν
547 5459 602 5509 αῖ
646 5459 816 5510 πᾶσαι
853 5458 988 5527 πρὸς
1021 5460 1121 5529 τὴν
1157 5463 1393 5531 σφαῖραν
1427 5465 1521 5518 τοῦ
1558 5468 1779 5534 στερεῶς

1906 5488 1970 5526 ex
2035 5481 2184 5541 parte
2241 5489 2270 5527 a
2334 5484 2477 5529 terra
2524 5475 2905 5539 distantiores,
2959 5492 3025 5531 ex
3088 5488 3241 5545 parte
3295 5477 3473 5529 eidem

226 5565 397 5615 ματος
419 5586 434 5610 ,
469 5548 564 5602 καὶ
594 5551 729 5618 πρὸς
761 5548 996 5619 ἀλλήλας
1021 5565 1035 5580 ο
1071 5553 1164 5603 καὶ
1194 5554 1262 5603 τά
1296 5554 1392 5621 μιν
1427 5556 1609 5625 μερῶν
1640 5557 1779 5626 ἔχου-

1904 5565 2199 5618 viciniores
2231 5575 2357 5618 sunt
2392 5551 2605 5635 (omnes
2634 5567 2779 5622 enim
2808 5577 2862 5622 et
2920 5570 2986 5622 ad
3045 5572 3313 5637 Spltaaratn
3383 5570 3476 5623 ῆι*

224 5656 311 5691 σιν
344 5639 674 5708 ὑψηλότερα,
706 5641 772 5693 τά
799 5640 853 5692 δὲ
882 5644 1283 5711 ταπεινότερα),
1313 5647 1372 5697 τὸ
1402 5646 1455 5698 δί
1474 5648 1779 5719 ταπείνωμο

1903 5657 2162 5709 niamenti
2211 5666 2267 5711 et
2304 5657 2372 5712 ad
2430 5672 2490 5712 se
2546 5658 2781 5714 invicem
2838 5673 2965 5715 sunt
3017 5663 3374 5725 occentu-itte;
3422 5670 3475 5714 et

223 5732 315 5782 καὶ
362 5728 585 5797 ὕψωμα,
628 5730 768 5782 κατά
809 5730 907 5801 τὴν
951 5731 1047 5785 τοῦ
1092 5733 1360 5798 ζωδιακοῦ
1407 5736 1779 5804 ὑπεξείλλαξιν.

1900 5748 2037 5803 alias
2069 5748 2289 5817 quidem
2328 5760 2511 5819 partes
2561 5751 2763 5812 habent
2795 5753 3039 5819 altiores,
3094 5754 3229 5810 alias
3284 5764 3468 5810 autem

297 5916 345 5947 "
378 5917 599 5988 Origan.
630 5917 922 5987 premer.
956 5926 1107 5988 parte
1144 5935 1183 5986 t,
1234 5937 1288 5992 p.
1316 5922 1439 5976 251.
