4188 6438
241 420 380 486 1357
1401 423 1811 488 EXPOSITIO

1918 423 1930 475 ί
1975 423 2342 485 PSALMOS.
2657 473 2665 486 .
3350 431 3500 493 1358

235 535 569 604 ἐμφορήσας
612 534 921 605 δυνάμεως,
968 535 1265 589 ἀπετέλεσε
1326 537 1659 606 καθαιρέτας
1718 533 1813 586 τοῦ
1847 541 1885 594 Α
1922 532 2347 599 συνεκφωνήσας
2385 530 2588 601 ταύτην
2624 532 2734 592 τοῖς
2764 531 3018 600 άστρασι,
3059 533 3126 584 δι’
3155 533 3189 587 ἀ
3217 535 3349 605 πρὸς
3372 538 3498 599 τούς

230 626 510 688 διαϐόλου,
545 627 767 694 καὶτῆς
819 628 1026 690 πλάνης
1053 628 1394 697 ὀλοθρευτάς.
1424 624 1552 680 Εἶτα
1589 626 1814 678 καὶτῶν
1922 623 2164 689 ἀστέρας
2194 620 2543 688 ἀκοινώνητα
2595 625 2747 691 φέρει
2787 624 2978 688 πολλά,
3034 625 3132 683 τὰς
3172 624 3265 677 τοῦ
3322 631 3497 692 φωτὸς

245 717 587 788 Ἰουδαίωνή
646 722 794 772 πᾶσα
859 719 986 785 δόξα
1037 721 1371 790 καθῄρηται.
1426 719 1598 787 Καλή
1659 718 1814 787 πόλις

230 810 331 860 καὶ
359 809 388 859 6
416 811 539 871 ναὸς
572 812 721 880 καὶὴ
752 811 973 878 λατρεία
1019 829 1110 863 και
1144 814 1273 877 πᾶν,
1320 811 1374 863 ετ
1400 810 1451 862 τί
1480 827 1585 878 περ
1641 804 1707 876 ἦν
1757 810 1815 859 έν

228 899 418 961 αὐτοῖς
476 900 763 970 ὑπερέχον,
824 903 921 954 καὶ
976 900 1325 969 ἡγεμονικὸν,
1360 901 1761 967 καταϐέϐληται
1797 915 1810 928 ⁸

232 989 402 1042 ἓνεκα
431 990 485 1042 δὲ
507 991 618 1042 τῶν
651 991 863 1060 ἐχθρῶν
892 1010 984 1044 σου
1015 994 1215 1061 φήσας,
1238 991 1398 1042 διεῖλε
1429 993 1552 1052 τοὺς
1584 991 1811 1058 ἐχθροὺς

229 1083 310 1144 εἰς
342 1099 400 1133 τε
434 1083 526 1134 τὸν
560 1084 822 1151 πολέμιον
853 1085 1119 1145 διάϐολον,
1158 1088 1251 1137 καὶ
1287 1086 1362 1140 είς
1386 1085 1478 1134 τὸν
1502 1082 1650 1149 αὐτῴ
1679 1099 1813 1150 συμ-

235 1177 580 1245 μαχήσαντα.
616 1178 721 1228 Καὶ
765 1178 872 1246 γὰρ
926 1179 1026 1227 καὶ
1073 1179 1100 1228 6
1143 1176 1222 1244 τῷ
1273 1175 1453 1244 ἐχθρῷ
1509 1176 1813 1243 συμμαχῶν

229 1268 427 1334 ἐχθρὸς
459 1269 550 1318 καὶ
575 1262 729 1328 οὗτός
761 1269 928 1320 ἐστιν.
957 1268 1070 1318 Οὐκ
1104 1268 1418 1334 ὠνόμασται
1451 1266 1505 1318 δὲ
1545 1267 1640 1318 τοῦ
1700 1267 1813 1318 διαο

226 1359 390 1410 δόλου
423 1360 711 1428 σύμμαχος
737 1363 765 1411 ὀ
801 1361 910 1410 τῶν
946 1360 1214 1412 Ἰουδαίων
1240 1359 1430 1427 ἐσμὸς,
1457 1360 1511 1409 ἀ)
1527 1358 1572 1408 λ’
1592 1359 1815 1423 ἐκδικη-

226 1446 353 1515 τὴς,
387 1450 483 1500 καὶ
507 1448 626 1499 λίαν
665 1449 990 1516 έπιπρεπῶς
1014 1465 1030 1481 ο
1069 1450 1234 1507 αὐτὸς
1293 1451 1402 1516 γάρ
1451 1447 1660 1500 ἀνελὼν
1723 1447 1814 1498 τὸν

224 1541 622 1609 Χριστὸν,“τδν
662 1544 720 1592 έν
751 1543 825 1611 τῷ
851 1545 1042 1610 κόσμῳ
1072 1543 1246 1610 τούτῳ
1277 1543 1413 1594 κατά
1442 1542 1535 1593 τοῦ
1563 1539 1812 1593 διαϐόλου

225 1632 705 1700 παραγενόμενον,
731 1628 1015 1702 προδήλως
1044 1636 1234 1700 γέγονε
1267 1634 1359 1686 τοῦ
1383 1633 1634 1685 διαϐόλου
1665 1632 1827 1684 έκδι-.

222 1728 424 1793 κητής.
460 1725 561 1776 Δύο
589 1726 634 1778 δ’
665 1728 722 1777 ὲν
764 1727 949 1793 ταυτῴ
990 1726 1297 1794 δηλοῦντος,
1347 1728 1422 1788 ὡς
1476 1725 1812 1796 προειρήκα-

227 1836 354 1882 μεν,
417 1819 511 1870 τοῦ
568 1817 809 1888 έπῆρθαι
868 1818 967 1887 τὴν
1025 1818 1270 1885 Χριστοῦ
1334 1818 1812 1886 μεγαλοπρέπειαν

225 1912 495 1978 ὑπεράνω
521 1912 632 1962 τῶν
659 1911 907 1981 οὐρανῶν
935 1911 992 1962 τό
1016 1928 1074 1962 τε
1104 1910 1454 1980 ὑπερύψηλον
1477 1911 1574 1978 τῆς
1607 1912 1668 1962 ἐκ
1703 1909 1810 1960 τῶν

221 2007 583 2074 διδαγμάτων
618 2008 713 2058 καὶ
745 2006 853 2056 τῶν
904 2004 1206 2072 θαυμάτων
1255 2005 1412 2074 δόξης
1481 2002 1668 2067 αὐτοῦ,
1720 2003 1814 2054 καὶ

221 2101 328 2169 τὴν
362 2103 505 2152 κατὰ
539 2100 796 2167 σώματος
830 2100 1093 2168 ὑπεράνω
1131 2099 1239 2149 τῶν
1279 2097 1527 2168 οὐρανῶν
1588 2095 1815 2163 ἀναρροί-

220 2207 411 2260 τησιν,
437 2191 515 2258 τῷ
548 2191 644 2258 μὲν
681 2192 884 2260 πρώτῳ
925 2179 1431 2259 σημαινομένιρτὸ,
1475 2207 1493 2239 ε
1541 2187 1636 2239 Ἐκ
1697 2191 1815 2239 στό-

223 2301 402 2352 ματος
433 2285 645 2354 νηπίων
675 2287 768 2338 καὶ
805 2285 1154 2355 θηλαζόντων
1208 2283 1528 2352 κατηρτίσω
1581 2277 1753 2342 αἶνον,
1789 2297 1808 2331 ε

225 2377 611 2440 συνάπτεται,
681 2378 936 2443 λέγοντος
995 2378 1091 2429 τοῦ
1163 2376 1447 2443 προφήτου
1517 2374 1659 2442 πρὸς
1723 2373 1866 2424 τδνκ

222 2472 494 2540 Χριστὸν,
549 2470 819 2523 Τοσοῦτον
877 2473 1103 2537 γέγονεν
1147 2471 1180 2538 ὴ
1231 2469 1358 2531 δόξα
1405 2485 1498 2519 σου
1581 2465 1812 2534 μεγίστη

221 2567 324 2618 καὶ
351 2565 832 2632 ὑπερθαύμαστος,
867 2563 1010 2617 ὥστε
1043 2565 1138 2615 καὶ
1172 2563 1356 2622 παῖδες
1381 2561 1461 2614 ἔτι
1487 2559 1815 2628 θηλάζοντες

220 2658 440 2725 ταύτην
501 2658 799 2726 έκήρυξαν,
851 2657 993 2728 λόγῳ
1046 2659 1141 2708 καὶ
1190 2657 1426 2722 νοήματι
1483 2653 1814 2721 κεχρημένοι

224 2751 658 2820 κατηρτισμένῳ
688 2750 782 2802 καὶ
810 2749 1065 2817 ἀνδρικῷ.
1105 2749 1184 2814 Τῇ
1227 2747 1458 2815 δευτέρα
1495 2746 1550 2797 δὲ
1581 2746 1813 2813 δηλώσει

221 2846 328 2911 τῆς
357 2841 766 2914 ὑπερυψώσεως
798 2821 887 2894 τοῦ
913 2839 1176 2910 Χριστοῦ.
1202 2839 1264 2892 τδ
1289 2841 1450 2891 ἕνεκα
1470 2837 1578 2889 τῶν
1600 2835 1812 2905 ἐχθρῶν

225 2954 329 2990 σου
369 2938 680 3004 συμφύεται
750 2937 848 2988 καὶ
901 2937 967 2986 τὰ
1027 2934 1220 2986 τούτου
1285 2935 1560 3001 ἐχόμενα,
1627 2929 1814 2991 καθὼς

224 3031 495 3096 ἀνωτέρω
519 3030 987 3097 διετρανώσαμεν.
1014 3029 1154 3080 Ὅσα
1185 3027 1242 3078 δέ
1279 3043 1364 3088 τις
1405 3025 1471 3078 ἂν
1506 3025 1813 3091 ἐννοήσειεν

225 3124 385 3176 αἴτια
445 3124 543 3190 τῆς
611 3122 870 3191 ὑπεράνω
925 3121 1034 3173 τῶν
1090 3119 1337 3188 οὐρανῶν
1397 3116 1814 3184 ἀναφοιτήσεως

226 3215 326 3268 τοῦ
355 3213 617 3282 Χριστοῦ,
646 3215 827 3266 πάντα
858 3211 996 3282 πρὸς
1028 3213 1128 3280 τήν
1154 3211 1247 3264 τοῦ
1278 3207 1478 3280 ἐχθροῦ
1509 3207 1810 3261 κατάλυσιν
1840 3237 1886 3297 C

227 3306 460 3375 ἀφορῴη
514 3309 608 3358 καὶ
639 3309 906 3358 κάκωσιν.

308 3418 328 3449 ε
365 3400 492 3453 Ὀτι
520 3399 723 3467 ὄψομαι
751 3404 876 3460 τοὺς
917 3397 1180 3462 οὐρανούς
1222 3394 1359 3461 ἔργα
1387 3392 1493 3443 τῶν
1532 3389 1811 3442 δακτύλων

228 3510 352 3546 σου.
390 3509 409 3542 ι
441 3520 512 3532 -
543 3492 686 3560 Ἔφη
745 3492 838 3543 καὶ
883 3487 1141 3556 ἀλλαχοῦ,
1177 3504 1196 3538 ε
1235 3488 1414 3553 Ἐργα
1459 3482 1567 3535 τῶν
1614 3480 1813 3550 χειρῶν

231 3584 332 3639 σού
362 3587 502 3636 εἰσιν
530 3585 578 3635 οἱ
605 3582 826 3650 οὐρανοί
861 3598 874 3612 ·
913 3599 932 3632 ε
960 3582 1068 3632 τῶν
1107 3579 1356 3647 οὐρανῶν
1401 3576 1456 3628 δὲ
1497 3573 1591 3626 καὶ
1634 3576 1816 3642 ἀμφοο

225 3678 408 3746 τέρων
446 3675 729 3743 μνησθεὶς,
781 3672 1117 3742 δημιουργὸν
1172 3670 1390 3736 ἀπάσης
1438 3669 1536 3735 τῆς
1586 3666 1816 3726 κτίσεως

227 3767 475 3838 έκήρυξε
503 3751 593 3818 τὸν
617 3765 874 3835 Χριστὸν,
931 3767 998 3833 τῇ
1053 3763 1280 3833 περιοχῇ
1325 3761 1392 3812 τὰ
1447 3759 1816 3828 περιεχόμενα

229 3879 417 3929 συμπε
430 3859 690 3932 ριλαῦών.
735 3859 796 3911 Ὀ
823 3859 930 3927 γὰρ
952 3857 1258 3925 καταρχὰς.
1288 3852 1532 3921 γεγονὼς
1563 3851 1813 3921 οὐρανὸς,

227 3959 256 4010 6
283 3955 455 4023 φύσει
481 3951 701 4019 πρῶτος
746 3949 846 4001 καὶ
882 3949 1171 4014 ἄναστρος,
1200 3944 1429 4015 περιοχή
1464 3945 1611 3995 ἐστιν
1672 3943 1820 3995 ams.

227 4063 336 4112 σης
362 4044 598 4104 κτίσεως
626 4039 893 4108 αἰσθητῆς
926 4056 982 4091 τε
1016 4039 1112 4091 καὶ
1145 4038 1360 4104 νοητῆς.
1392 4036 1499 4087 Καὶ
1526 4035 1683 4086 αὐτοὶ
1709 4034 1819 4102 γὰρ

225 4140 277 4190 οἱ
311 4137 430 4196 νόες
454 4134 532 4203 τῷ
551 4135 781 4200 τοιούτῳ
812 4131 1160 4198 περιέχονται
1195 4127 1514 4195 σύμπαντες
1550 4126 1765 4192 οὐρανῷ
1802 4139 1813 4152 °

230 4229 400 4298 μόνον
435 4226 489 4277 δὲ
531 4225 591 4276 τὸ
621 4224 766 4276 θεῖον
810 4222 1223 4293 ἀπεριόριστον.
1254 4220 1519 4285 Ὀψομαι
1560 4217 1618 4268 δὲ
1652 4214 1816 4281 φύσιν

230 4321 361 4372 ἀντὶ
390 4317 484 4370 τοῦ
511 4316 791 4381 γνώσομαι
834 4329 849 4344 ο
885 4313 1007 4374 νοῦς
1042 4313 1150 4381 γὰρ
1200 4301 1475 4378 ὀφθαλμὸς
1502 4308 1682 4376 ψυχῆς
1739 4305 1817 4357 ῶν

230 4414 490 4480 κρεῖττον
514 4410 616 4478 ἀρᾷ
649 4408 753 4458 τῶν
785 4404 1117 4472 σωματικῶν
1173 4401 1492 4471 ὀφθαλμῶν.
1530 4399 1816 4468 Γνώσομαι

232 4502 362 4561 τοὺς
384 4498 644 4567 οὐρανοὺς
670 4497 808 4563 ἔργα
842 4499 934 4552 σά,
985 4496 1372 4560 μεταφορικῶς
1400 4507 1460 4544 τε
1513 4480 1616 4541 καὶί
1657 4505 1816 4558 περι-

1919 713 2178 781 αὐξήσεις
2211 713 2306 764 καὶ
2339 713 2622 781 μειώσεις,
2667 714 3013 785 ἀποκρύψεις
3045 733 3103 769 τε
3135 716 3229 768 καὶ
3277 718 3496 786 πληρώ-

1922 821 2056 866 σεις,
2089 805 2185 856 καὶ
2219 805 2346 864 τούς
2372 807 2651 869 ποικίλους
2689 810 3130 877 σχηματισμοὺς,
3166 808 3263 861 καὶ
3304 810 3493 881 ετιπιρ

1917 896 2090 957 οὐδεὶς
2125 896 2232 947 τῶν
2265 899 2513 966 ἀστέρων
2541 898 2740 962 ἔξωθεν
2792 901 2905 968 ἔχει
2934 902 2993 952 τὸ
3045 902 3182 968 φῶς,
3221 901 3298 962 ώς
3353 902 3493 970 αῦτη

1919 984 2041 1036 κατ’
2103 977 2490 1055 έπεισαγωγήν
2562 1002 2574 1017 ·
2633 989 2747 1041 ἀλλ’
2804 982 3018 1042 οἴκοθεν
3089 986 3306 1059 ἔχουσιν
3361 993 3496 1043 αὐτὸ

1919 1078 2118 1138 πάντες
2154 1080 2250 1130 καὶ
2282 1080 2688 1148 ἀναπόϐλητον,
2719 1083 2766 1132 εἰ
2805 1084 2898 1133 καὶ
2939 1083 3059 1150 μεθ’
3085 1085 3300 1152 ἡμέραν
3329 1086 3500 1153 ὁρῶν-

1917 1186 2007 1220 ται
2037 1169 2135 1238 τῆς
2167 1170 2403 1240 ἡλιακῆς
2439 1173 2635 1234 αὐτοῦς
2701 1175 3174 1243 ἀποκρυπτούσης
3218 1176 3497 1245 πλησμίου

1919 1262 2256 1328 φωτοχυσίας
2281 1264 2374 1313 καὶ
2404 1264 2849 1333 ὑπερϐαλλούσης
2868 1265 3275 1334 λαμπρότητος.

2002 1351 2060 1404 Ὀ
2113 1354 2210 1421 μὲν
2243 1353 2336 1406 οῦν
2361 1355 2509 1416 ἣλιος
2569 1357 2908 1428 ὑψηλότερός
2942 1359 3058 1410 ἔστι
3109 1360 3210 1427 τῆς
3266 1360 3498 1430 σελήνης

1917 1444 2177 1496 έπιπλέον
2211 1446 2243 1514 ἢ
2274 1446 2397 1497 ὅσον
2429 1446 2741 1514 ἀφέστηκεν
2773 1449 2914 1519 αῦτη
2946 1451 3046 1517 τῆς
3084 1451 3190 1517 γῆς
3234 1453 3332 1504 καὶ
3363 1453 3498 1503 πολ-

1918 1535 2093 1604 λαχῶς
2120 1537 2407 1589 ἐπιπλέον·
2460 1541 2492 1606 ή
2521 1539 2577 1590 δὲ
2610 1539 3013 1610 χθαμαλωτάτη
3047 1544 3247 1605 παντὸς
3271 1545 3496 1614 ἀστέρος

1917 1628 2271 1695 γινώσκεται.
2307 1630 2429 1682 Τῶν
2461 1632 2572 1698 γὰρ
2600 1633 2850 1701 ἀστέρων
2901 1635 2950 1687 οί
2981 1636 3079 1704 μὲν
3107 1637 3393 1701 ἀπλανεῖς,
3448 1639 3496 1690 οί

1916 1721 1974 1771 δέ
2006 1719 2278 1786 πλάνητες
2301 1722 2574 1788 λέγονται.
2617 1725 2726 1777 Καὶ
2772 1727 2820 1778 οἱ
2863 1726 2962 1793 μὲν
3002 1727 3264 1792 ἀπλανεῖς
3312 1731 3499 1797 ὁμοτί-

1921 1828 2036 1877 μως
2067 1812 2395 1880 ὑψηλότατοι
2439 1816 2645 1878 πάντες
2678 1820 2773 1869 καὶ¹
2833 1818 3141 1884 πάμπολλοι
3173 1835 3186 1847 ⁸
3230 1821 3293 1873 τὸ
3348 1823 3497 1891 χύμα

1921 1903 2065 1970 λέγω
2091 1905 2200 1957 τῶν
2220 1906 2466 1974 ἀστέρων
2491 1909 2623 1961 αὐτὸ
2651 1910 2710 1960 τὸ
2733 1910 3077 1975 πολυπληθές
3098 1929 3112 1943 ο
3148 1915 3194 1964 cl
3222 1914 3278 1966 δέ
3300 1915 3500 1981 πλάνη-

1917 2013 2011 2058 τες
2047 1999 2188 2065 μετά
2224 2001 2445 2068 καὶτῆς
2479 2002 2709 2069 σελήνης
2741 2002 2905 2065 ἑπτά,
2946 2005 3042 2056 καὶ
3069 2003 3233 2058 ἄλλου
3280 2006 3495 2075 χθαμαο

1920 2090 2162 2160 λώτερός
2188 2108 2247 2143 τε
2280 2097 2373 2144 καὶ
2413 2095 2857 2162 προσγειότερος.

1949 2199 1962 2216 ·
1990 2182 2098 2234 Τοῦ
2125 2200 2215 2235 στε
2228 2183 2510 2252 ρεώματος
2532 2185 2586 2236 δὲ
2610 2187 2888 2248 κυκλικῶς
2917 2189 3243 2256 κινουμένου
3281 2192 3498 2256 κίνηστν

1917 2273 2192 2344 ὀξυτάτην
2227 2277 2321 2328 καὶ
2357 2277 2618 2345 ἄληκτον,
2657 2279 2715 2342 ἐξ
2752 2279 3030 2333 ἀνατολῶν
3058 2284 3138 2344 εἰς
3177 2285 3391 2353 δυσμὰς
3423 2287 3497 2350 ὡς

1918 2368 2056 2436 πρὸς
2082 2369 2360 2438 αῐσθησιν,
2391 2387 2576 2438 συμπε
2595 2371 2908 2442 ριφέρονται
2935 2376 3024 2427 καὶ
3054 2376 3252 2455 πάντες
3270 2379 3498 2451 ἀστέρες

1917 2461 2087 2529 αὐτῷ,
2119 2464 2212 2514 καὶ
2246 2462 2473 2532 σύμπας
2513 2463 2700 2535 αἰθήρ.

1989 2553 2134 2607 Πολύ
2159 2554 2215 2607 δὲ
2249 2557 2391 2609 πάνυ
2419 2559 2512 2610 καὶ
2542 2560 2736 2629 μυρίον
2759 2561 2819 2613 τὸ
2850 2560 2942 2614 τοῦ
2979 2561 3197 2632 αίθέρος
3219 2565 3495 2638 διάστημα

1916 2649 1977 2700 τὺ
2008 2650 2072 2700 ὲκ
2116 2647 2212 2700 τοῦ
2268 2649 2652 2719 στερεώματος
2709 2655 2815 2716 ἕως
2875 2655 2971 2708 τοῦ
3027 2658 3494 2728 ὑπεκκαύματος·

1915 2738 2064 2808 ὅπερ
2096 2738 2434 2809 ὑπέκκαυμα
2477 2741 2538 2792 τὸ
2585 2742 2698 2811 πῦρ
2757 2745 2874 2798 έστι
2937 2747 2996 2798 τὸ
3027 2752 3288 2819 στοιχεῖον
3341 2754 3494 2808 αὐτό.

1917 2831 1991 2882 Τὸ
2023 2831 2131 2897 γάρ
2161 2832 2296 2899 ἡμῖν
2345 2834 2751 2902 γινωσκόμενον
2808 2835 2918 2906 πῦρ
2973 2839 3163 2907 ἐξαψίς
3222 2844 3342 2896 έστι
3400 2847 3496 2899 τοῦ

1915 2923 2164 2976 τοιούτου
2213 2925 2595 2995 στοιχειώδους
2644 2931 2841 2998 πυρίς,
2890 2931 3196 3002 ὑπερϐολὴν
3223 2934 3346 3006 ἔχον
3396 2938 3496 3007 τῆς

1918 3014 2202 3082 πυρώδους
2235 3015 2599 3088 θερμότητος,
2641 3019 2836 3090 ῶσπερ
2867 3026 2896 3076 6
2931 3025 3278 3093 κρύσταλλος
3307 3030 3407 3100 τῆς
3437 3033 3498 3083 έν

1916 3105 2070 3158 ὕδατι
2098 3107 2488 3178 θεωρουμένης
2513 3111 2878 3182 ψυχρότητος.

1991 3201 2055 3250 Ol
2094 3199 2192 3266 μὲν
2221 3198 2316 3253 οὑν
2356 3202 2618 3267 ἀπλανεῖς
2671 3206 2904 3275 ἀστέρες
2961 3211 3278 3279 πεπήγασιν
3311 3215 3372 3267 έν
3417 3217 3495 3284 τῷ

1923 3305 2010 3342 στε
2024 3291 2268 3360 ρεώματι
2302 3297 2398 3346 καὶ
2435 3296 2531 3347 σὺν
2554 3298 2703 3366 αὐτῷ
2730 3300 2878 3368 μόνῳ
2910 3301 3194 3372 φέρονται.
3222 3306 3498 3378 μηδεμίαν

1920 3383 2060 3435 ίδίαν
2090 3386 2232 3438 κατὰ
2263 3387 2430 3440 τόπον
2467 3391 2788 3460 ποιούμενοι
2837 3394 3075 3464 κίνησιν·
3105 3397 3155 3449 οἱ
3196 3398 3254 3451 δέ
3286 3401 3496 3470 πλάνη-

1915 3490 2006 3535 τες
2035 3476 2096 3524 οὐ
2130 3477 2449 3546 πεπήγασιν
2485 3480 2543 3532 ὲν
2569 3481 2646 3548 τῷ
2673 3484 3018 3554 στερεὼματι
3051 3501 3065 3516 ο
3111 3491 3410 3560 κατωτέρω
3437 3491 3496 3545 δι

1920 3567 2110 3620 τούτου
2143 3570 2284 3622 κατά
2307 3587 2456 3633 τινας
2485 3572 2751 3642 βαθμίδας
2791 3579 2847 3628 ὲν
2891 3577 3181 3651 τῶναίθέρι
3229 3585 3496 3654 μετέωροι

1922 3660 2203 3727 φέρονται,
2237 3664 2330 3714 καὶ
2362 3665 2456 3716 τοῦ
2487 3669 2874 3736 στερεώματος
2894 3675 3206 3741 φερομένου
3233 3677 3368 3744 μετά
3397 3677 3498 3745 τῆς

1919 3751 2030 3803 τῶν
2055 3753 2314 3806 ἀπλανῶν
2348 3756 2740 3826 παμπληθείας
2769 3760 2828 3826 ἐξ
2869 3762 3145 3815 ἀνατολῶν
3179 3766 3258 3826 εἰς
3283 3765 3497 3834 δυσμὰς

1919 3843 1995 3905 ώς
2035 3845 2376 3914 ήαίσθησις,
2434 3849 2588 3901 αὐτοὶ
2649 3853 2968 3906 τούναντίον
3016 3858 3080 3907 έκ
3134 3857 3357 3928 δυσμῶν
3415 3859 3498 3922 είς

1920 3933 2189 3998 ἀνατολὰς
2261 3937 2398 3991 ἰδίαν
2454 3939 2846 4010 σχολαιοτέραν
2914 3944 3194 3998 κινοῦνται
3255 3947 3493 4016 κίνησιν.

1923 4027 2088 4081 Ὅθεν
2120 4030 2214 4080 καὶ
2255 4030 2524 4099 πλάνητες
2559 4032 2961 4105 ὠνομάσθησαν
2988 4054 3002 4070 ’
3049 4038 3124 4100 ὡς
3154 4039 3318 4106 δῆθεν
3361 4042 3496 4094 ἀπο-

1922 4120 2290 4190 πλανηθέντες
2311 4123 2412 4192 τῆς
2439 4123 2535 4177 τοῦ
2577 4128 2959 4198 στερεώματος
3001 4131 3249 4200 πορείας,
3288 4134 3376 4184 καὶ
3398 4133 3494 4186 τοῦ

1919 4213 2176 4264 τοσούτου
2201 4213 2310 4265 τῶν
2341 4214 2588 4284 ἀστέρων
2614 4219 2810 4287 ἑσμοῦ,
2854 4222 2947 4271 καὶ
2973 4221 3072 4290 τὴν
3111 4222 3370 4275 ἐναντίαν
3392 4223 3494 4292 βα-

1919 4303 2186 4365 δίζοντες.

1990 4394 2177 4448 Ταῦτα
2225 4397 2279 4449 δι
2309 4398 2451 4464 λέγω
2508 4398 2644 4469 πρὸς
2667 4401 2727 4452 τὸ
2778 4403 3128 4470 φαινόμενον⁹
3170 4405 3298 4457 ιπεέ
3325 4406 3408 4458 τοί
3431 4423 3491 4473 γε

1922 4485 2082 4553 μόνος
2125 4486 2153 4536 ό
2205 4488 2420 4555 πρῶτος
2462 4489 2693 4558 οὐρανὸς
2751 4491 2812 4556 ἐξ
2858 4494 3136 4547 ἀνατολῶν
3166 4497 3248 4558 είς
3281 4496 3494 4563 δυσμάς

230 4587 595 4660 φραστικῶς,
654 4585 940 4653 γνώσομαι
1013 4575 1348 4646 διαπαντὸς,
1401 4579 1462 4634 οὑ
1530 4597 1662 4632 ποτε
1713 4580 1812 4646 τῆς
1845 4579 2220 4659 οφερέμενος
2244 4579 2515 4646 ἔγνωσται
2574 4585 2975 4654 συμπεριαγων
3024 4587 3207 4656 ἑαυτῷ
3260 4589 3353 4641 καὶ
3404 4589 3494 4642 τὸν

227 4679 494 4746 τοιαύτης
526 4676 868 4744 ἐκστήσομαι
900 4671 1159 4740 γνώσεως
1198 4687 1212 4702 ·
1245 4673 1328 4723 ὅτι
1358 4672 1424 4724 σὺ
1480 4669 1812 4739 δημιουργὸς

221 4767 280 4822 εἷ
309 4767 407 4820 τοῦ
434 4768 658 4826 παντὸς.
688 4765 1099 4834 Διηγηματικὺν
1123 4763 1181 4815 δὲ
1211 4762 1271 4813 τὸ
1300 4761 1391 4814 ὅτι
1429 4762 1520 4813 καὶ
1581 4761 1814 4829 βεϐαιω-

225 4863 406 4921 τικὸν,
433 4861 533 4912 οὐκ
564 4855 951 4924 αἰτιολογικόν.
994 4856 1127 4907 Ἀπὸ
1182 4855 1363 4907 κοινοῦ
1393 4854 1699 4924 γνώσομαι
1716 4853 1812 4922 τὴν

232 4954 473 5024 σελήνην
497 4955 592 5005 καὶ
621 4951 748 5013 τοὺς
783 4950 1019 5018 ἀστέρας
1050 4948 1186 5016 ἔργα
1237 4949 1343 4999 τῶν
1377 4947 1656 5000 δακτύλων
1693 4963 1808 5011 σου,

231 5048 399 5100 ἆτινα
429 5045 494 5097 σὺ
521 5043 968 5112 τεθεμελιωμένα
1009 5043 1104 5093 καὶ
1136 5040 1337 5109 μόνιμα
1368 5040 1463 5092 καὶ
1489 5042 1588 5108 τὴν
1645 5041 1813 5108 αὐτὴν

233 5135 581 5202 φυλάττοντα
622 5132 778 5196 τάξιν
819 5131 1130 5198 πεποίηκας
1185 5132 1264 5194 είς
1295 5129 1324 5182 ὀ
1368 5129 1646 5198 διαμένειν
1698 5129 1813 5183 έθέο

224 5227 343 5286 λοις
382 5225 442 5275 τὸ
465 5226 595 5278 πᾶν.
632 5223 915 5277 Διαλαθὼν
965 5224 1022 5275 δὲ
1062 5223 1189 5290 περὶ
1221 5223 1448 5291 σελήνης
1503 5223 1597 5274 καὶ
1654 5222 1810 5275 ἀστέ-

231 5334 372 5384 ρων,
403 5315 465 5367 οὑ
521 5315 741 5384 παρῆκε
805 5317 897 5366 τὸν
959 5315 1114 5384 ήλιον
1146 5313 1307 5382 ’ἅμα
1368 5314 1468 5382 μὲν
1514 5313 1653 5380 μετά
1702 5315 1810 5365 τῶν

228 5405 362 5455 ἀστὲ
376 5419 482 5472 ρων
519 5404 684 5468 τάξας
713 5403 788 5465 ὡς
811 5405 1024 5472 ἀστέρα
1054 5404 1149 5456 καὶ
1171 5403 1335 5454 αὐτὸν
1354 5403 1686 5471 ὲξοχώτατον
1715 5405 1810 5456 καὶ

230 5494 674 5564 βασιλικώτατον
722 5499 819 5549 καὶ
871 5495 1263 5564 λαμπρότατον
1325 5493 1416 5547 καὶ
1459 5495 1810 5565 ἀστεράρχην

229 5587 627 5654 ὠνομασμένον
657 5587 761 5638 ὑπό
809 5602 972 5638 τινων
1025 5584 1346 5653 προσφυῶς,
1381 5584 1497 5652 ἅμα
1537 5585 1580 5636 δ’
1613 5584 1697 5648 γὼς
1743 5588 1808 5657 τῇ

230 5678 436 5748 σελήνη
495 5677 986 5745 συνεξακουόμενόν
1043 5691 1102 5728 τε
1157 5676 1250 5727 καὶ
1316 5677 1809 5744 συννοούμενον,εἵ

228 5787 295 5835 γε
324 5768 498 5839 ταύτῃ
526 5770 585 5821 τὸ
607 5769 723 5838 φῶς
746 5771 807 5834 ἐξ
834 5769 1002 5822 αὐτοῦ
1066 5766 1202 5821 καθὸ
1230 5767 1409 5834 φαίνει
1447 5769 1540 5819 καὶ
1596 5769 1695 5821 οὐκ
1743 5772 1807 5823 έκ

235 5867 478 5939 φύσεως.
525 5863 652 5931 ’ἰδία
679 5862 734 5918 δὲ
774 5864 900 5930 περὶ
931 5863 1030 5932 τῆς
1071 5859 1305 5930 σελήνης
1334 5859 1519 5928 εἴρηκε
1551 5876 1564 5890 ο
1596 5863 1691 5914 καὶ
1733 5862 1806 5932 μή

1916 4664 2172 4735 δεύτερον
2199 4669 2262 4721 τὸ
2298 4672 2591 4740 στερέωμα
2612 4689 2626 4704 ο
2661 4675 2723 4726 τὸ
2755 4675 2862 4743 γὰρ
2900 4677 3189 4744 στερέωμα
3219 4679 3313 4730 καὶ
3361 4679 3495 4730 αὐτὸ

1919 4760 2052 4827 πρὸς
2090 4759 2301 4826 δυσμὰς
2363 4762 2424 4826 ἐξ
2482 4764 2766 4816 ἀνατολῶν
2816 4768 2958 4834 μετά
3018 4768 3127 4819 τῶν
3182 4768 3494 4836 λεγομένων

1916 4850 2176 4903 ἀπλανῶν
2212 4854 2458 4922 ἀστέρων
2479 4858 2716 4925 φέρεται
2752 4859 3021 4924 φυσικῶς·
3053 4860 3146 4912 διὰ
3174 4861 3231 4912 δέ
3268 4863 3328 4913 τὸ
3357 4862 3494 4930 βρα-

1915 4943 2140 4998 δύτατον
2163 4943 2266 5014 τῆς
2292 4944 2551 5016 τοιαύτης
2586 4951 2926 5020 πλανητικῆς
2957 4953 3230 5021 κινήσεως
3279 4953 3493 5005 διαλαν-

1918 5034 2068 5087 θάνει
2094 5035 2194 5104 τὴν
2227 5036 2502 5106 αἴσθησιν.
2550 5039 2643 5102 Et;
2702 5040 2900 5109 μοίρας
2935 5041 3043 5108 γὰρ
3077 5041 3347 5109 έξήκοντα
3395 5047 3492 5096 καὶ

1918 5129 2240 5197 τριακοσίας
2296 5131 2390 5183 τοῦ
2441 5132 2642 5191 παντὸς
2698 5132 2898 5185 κύκλου
2940 5133 3321 5204 διαιρουμένου
3361 5133 3491 5203 μίαν

1922 5223 2117 5291 μοῖραν
2170 5222 2293 5274 καθ’
2348 5223 2584 5276 ικαστον
2635 5225 2756 5286 ετος
2814 5226 3117 5295 τετήρηται
3177 5227 3491 5295 διέρχεσθαι

1915 5310 2264 5377 πλανητικῶς
2292 5312 2352 5364 τὸ
2387 5314 2695 5382 στερέωμαο
2727 5315 2874 5367 κατά
2913 5333 3064 5375 τινας
3091 5317 3134 5367 δ’
3157 5317 3218 5367 οὐ
3262 5318 3483 5385 μοῖραν,

1915 5400 2050 5453 ἀλλά
2087 5403 2283 5471 τμῆμα
2330 5403 2524 5470 μοίρας
2558 5403 2854 5471 ὀλίγιστον.
2887 5407 2976 5459 Διὸ
3015 5407 3079 5476 δὴ
3108 5407 3353 5476 κάκ-τῆς
3379 5426 3489 5460 τοι·

1914 5492 2086 5560 αύτης
2119 5495 2256 5556 ίδξας
2280 5494 2374 5548 καὶ⁵
2397 5496 2638 5564 φυσικῆς
2660 5499 2931 5566 κινήσεως
2953 5499 3049 5551 τοῦ
3107 5502 3488 5569 στερεώματος

1917 5588 1945 5640 6
1995 5586 2215 5654 πρῶτος
2258 5587 2535 5655 οὖρανὸςό
2587 5596 2661 5658 μὴ
2692 5591 2970 5660 ὁρώμενος
3010 5591 3250 5662 ἑώραται
3281 5593 3487 5662 νοερῶς

1917 5683 2030 5741 τοῖς
2087 5682 2186 5751 τὴν
2243 5681 2495 5744 ἐξέτασιν
2559 5681 2765 5752 ταύτην
2818 5682 3491 5752 φιλοπόνως,ποιησαμέο

1918 5790 2051 5834 νοις.

1992 5863 2107 5934 Τὴν
2145 5865 2245 5934 μὲν
2285 5862 2378 5918 οῦν
2410 5863 2550 5917 ἰδίαν
2580 5863 2795 5932 κίνησιν
2830 5865 2878 5917 οί
2915 5865 3176 5934 πλάνητες
3205 5863 3489 5918 ποιοῦνται
