4188 6438
235 430 351 495 137⁵1

1391 413 1802 478 EXPOSI'I'IO
1842 414 1923 474 IN
1968 413 2338 476 PSALMOS.

3350 417 3487 482 1378

221 549 276 601 ιν
297 540 638 612 ἀνθρώποις·
678 538 711 609 η
740 534 939 603 γενικὴ
973 533 1082 604 γάρ
1131 532 1486 586 ἀντιδοτικῶν
1537 531 1795 595 ἐνταῦθα,
1827 537 1872 593 Α
1902 532 1963 584 τὸ
1988 533 2119 601 δόρυ
2165 530 2263 583 τοῦ
2318 530 2592 601 σωτηρίου
2650 532 3051 595 κατακοντίσας
3106 531 3199 587 τδν
3226 535 3495 605 τύραννον

218 636 336 708 περί
368 634 439 688 τά
466 633 655 701 καίρια
690 629 792 699 μέν
825 624 1133 697 ἰψεύδοντο,
1170 626 1227 679 ἐν
1255 624 1310 678 δέ
1344 627 1458 688 τοῖς
1490 624 1789 693 ἐλαχίστοις

217 730 526 803 πράγμασιν
558 724 846 797 ηληθευον.

286 842 302 873 ε
335 822 558 876 Μάταια
623 816 898 884 ἐλάλησεν
941 816 1176 876 Ικαστος
1234 812 1373 884 πρὸς
1423 812 1517 865 τὸν
1561 812 1792 884 πλησίον

216 913 398 968 αὐτοῦ.
441 931 460 965 ε
495 940 567 952 -
611 911 771 963 τοῦτ’
822 911 971 963 εστιν
1025 906 1325 975 ἀπατηλά·
1359 906 1421 960 ού
1456 904 1619 976 μόνον
1683 906 1794 974 γάρ

213 1009 430 1076 ἡπάτων
456 1008 582 1069 τοὺς
612 995 952 1075 ἀλλοτρίους,
984 1001 1122 1056 ἀλλά
1151 1002 1246 1054 καὶ
1271 1002 1398 1061 τοὺς
1419 1001 1658 1063 οἰκείους
1695 1002 1794 1053 αὑ-

216 1101 320 1162 τοῖς
341 1116 353 1129 ·
388 1096 625 1167 πλησίον
656 1094 767 1166 γὰρ
800 1094 960 1149 καλεῖ
991 1093 1118 1154 τοὺς
1148 1091 1353 1159 έγγιον,
1387 1090 1449 1143 οὐ
1476 1090 1652 1160 τόπῳ,
1676 1089 1795 1144 ἀλλ’

215 1189 526 1258 οἰκειότητι.

285 1282 644 1352 ιΧείληζόόλια
664 1283 754 1334 καὶ
789 1280 846 1333 ἐν
883 1277 1080 1350 καρδία
1103 1278 1200 1331 καὶ
1219 1278 1275 1329 ἐν
1328 1275 1526 1348 καρδίᾳ
1567 1273 1793 1343 ἐλάλησε

215 1378 404 1429 κακά.»
430 1403 502 1416 -—
536 1374 583 1427 Χ
620 1374 704 1441 ίλη
730 1373 879 1427 δόλια
912 1370 1061 1439 λέγει
1087 1371 1180 1423 τδν
1210 1370 1407 1434 δόλιον,
1437 1368 1515 1429 ῶς
1545 1368 1654 1420 ἀπὸ
1692 1365 1789 1435 μέ-

216 1485 336 1539 ρους
362 1468 423 1521 τδ
440 1468 571 1521 πᾶν·
608 1467 671 1518 '0
685 1466 880 1527 δόλιος.
898 1464 1088 1531 φησὶν,
1112 1466 1168 1514 ἐν
1186 1461 1383 1535 διπλόη
1408 1461 1637 1530 καρδίας
1655 1460 1797 1527 γνὼ-

218 1562 571 1633 μῃςέλάλησε
603 1561 752 1614 κακά
798 1559 894 1612 καὶ
951 1556 1234 1627 βλαϐερά·
1288 1553 1397 1607 ἔσω
1432 1552 1532 1624 μὶν
1581 1553 1801 1609 ἀλλοίαν

216 1657 439 1724 γνώμην
472 1655 633 1724 έχων,
669 1652 775 1717 ἐξω
801 1652 856 1706 δέ
882 1652 1103 1705 ἀλλοίαν
1131 1649 1369 1711 δεικνύς.

291 1767 309 1799 ι
348 1746 760 1817 Ἐξολοθρεύσει
827 1743 1036 1813 Κύριος
1080 1744 1262 1795 πάντα
1295 1742 1363 1794 τά
1418 1739 1573 1811 χείλη
1609 1740 1674 1791 τά
1718 1738 1805 1791 δόο

219 1844 307 1897 λια
338 1842 431 1894 καὶ
475 1838 733 1907 γλῶσσαν
776 1836 1267 1908 μεγαλορρήμονα.
1300 1853 1318 1886 ι
1357 1861 1430 1873 -
1460 1831 1730 1894 Πολλάκις
1767 1831 1802 1899 η

1906 624 2114 677 ἔσωσεν
2144 624 2315 692 ἡμᾶς,
2344 624 2438 675 καὶ
2469 623 2615 675 σώαν
2635 624 2737 693 τὴν
2802 622 3124 693 ἐλευθερίαν
3153 624 3253 696 τῆς
3283 627 3496 697 πλάνης

1905 718 2226 786 ἐχαρίσατο,
2252 716 2348 769 καὶ
2377 714 2743 781 ἀσθενοῦντας
2773 719 2903 788 πρὶν
2956 717 3170 789 ἔρρωσε
3209 721 3361 794 κατῇ
3382 723 3495 775 τῶν

1904 808 2204 877 δαιμόνων.
2243 826 2263 859 ι
2302 808 2768 879 Παρῤησιάσομαι
2835 809 2928 861 καὶ
2986 812 3045 862 ἐν
3093 809 3289 878 αὐτῷ,·
3316 805 3496 865 »τους

1905 903 2089 956 τέστιν
2120 904 2179 955 έν
2217 902 2367 972 αὐτῷ
2407 902 2487 971 τῷ
2521 904 2776 972 σωτηρίῳ
2816 903 3181 973 δημοσιεῦσαι
3229 904 3329 975 τὴν
3378 907 3497 960 ἐπι-

1906 995 2297 1065 κρυπτομένην
2331 997 2389 1045 ἐν
2420 997 2545 1061 ἐμοὶ
2577 994 2807 1061 δύναμιν
2829 1015 2841 1026 ο
2875 996 3140 1068 διεῤῥάγη
3166 1001 3276 1069 γάρ
3311 1001 3371 1052 τὸ
3396 1016 3496 1053 κα-

1905 1088 2262 1157 ταπέτασμα,
2293 1090 2321 1141 ό
2353 1089 2507 1159 ἥλιος
2535 1089 2855 1159 ἐσκοτίσθη,
2888 1092 2945 1141 αἰ
2999 1096 3194 1162 πέτραι
3240 1093 3497 1162 ἐσχίσθη-

1910 1198 2031 1248 σαν,
2092 1185 2126 1251 η
2145 1181 2216 1252 γῆ
2280 1184 2524 1252 ἐσείσῦη.
2592 1184 2687 1236 καὶ
2716 1183 2815 1236 ὅσα
2842 1182 2962 1236 τότε
2994 1184 3222 1252 γέγονεν
3252 1186 3492 1250 ἐξαίσια·

1907 1278 1941 1349 ἢ
1975 1279 2139 1347 πάλιν
2171 1279 2414 1347 θήσομαι
2448 1278 2646 1339 αὐτοὺς
2678 1280 2757 1338 εἰς
2791 1279 3089 1348 σωτηρίαν,
3126 1281 3499 1351 ηγουνισωτη-

1912 1374 2033 1442 ρίας
2096 1371 2340 1440 ἀξιώσω,
2395 1374 2492 1425 καὶ
2548 1373 3001 1443 παρρησιάσομαι
3056 1376 3115 1426 ἐν
3148 1376 3217 1444 τῇ
3273 1375 3500 1448 τοιαύτῃ

1912 1466 2160 1535 σωτηρίᾳ
2206 1466 2410 1529 αὐτῶν,
2450 1463 2629 1517 είτουν
2670 1466 2996 1533 φανερώσω,
3027 1465 3186 1530 δείξω
3228 1464 3332 1537 την
3359 1465 3500 1537 ἐμὴν

1914 1555 2091 1627 ἰσχύν.

1989 1666 2009 1700 ε
2046 1648 2128 1701 Τά
2160 1648 2317 1716 λόγια
2362 1646 2572 1717 Κυρίου
2627 1646 2785 1715 λόγια
2836 1648 2999 1714 ἀγνά.
3041 1665 3059 1698 ι
3096 1678 3165 1688 -
3196 1647 3384 1701 Εἰπὼν
3417 1649 3501 1703 ὅτι

1916 1764 1939 1795 ε
1982 1742 2125 1795 Τάδε
2176 1742 2328 1810 λέγει
2373 1742 2401 1792 ὀ
2454 1742 2678 1811 Κύριος,
2719 1760 2737 1792 ι
2768 1738 3183 1794 διαϐεϐαιοῦται
3230 1742 3324 1793 καὶ
3372 1744 3503 1812 περὶ

1914 1835 2024 1890 τῶν
2054 1834 2150 1888 τοῦ
2182 1834 2396 1906 Κυρίου
2420 1833 2600 1903 λόγων
2620 1834 2881 1905 ἀληθείας
2909 1834 2985 1898 ὡς
3017 1834 3249 1905 καθαροὶ
3269 1835 3504 1906 ψεύδους

218 1934 406 2004 Γραφὴ
434 1933 496 1985 τὸ
534 1930 791 1985 εὐκτικὸν
814 1930 896 1993 εἰς
926 1927 1193 1999 μέλλοντα
1214 1926 1408 1997 χρόνον
1444 1921 1795 1994 σχηματίζει·
1832 1932 1877 1989 ις
1905 1929 2067 1983 um,

217 2025 471 2095 καθάπερ
525 2024 619 2075 ἐπὶ
650 2020 747 2074 τοῦ
797 2020 1106 2091 παρόντος·
1153 2016 1378 2088 εὔχεται
1430 2016 1541 2085 γάρ
1573 2013 1803 2084 προρρί-

220 2119 342 2183 ζους
373 2115 743 2187 ἀφανισθῆναι
768 2113 898 2176 τοὺς
948 2113 1156 2173 δολίους
1187 2111 1291 2175 ἐτι,
1330 2110 1429 2163 καὶ
1455 2110 1582 2170 τοὺς
1609 2106 1793 2170 ἀλαζοι

189 2210 541 2280 -νευομένους
596 2206 741 2261 κατά
786 2204 900 2258 τῶν
953 2203 1368 2272 ἀσθενεστέρων
1422 2202 1519 2255 καὶ
1596 2201 1811 2271 μεγάλα

218 2301 351 2372 περὶ
383 2298 597 2354 ἐαυτῶν
627 2296 1036 2368 κομπάζοντας,
1057 2296 1091 2365 ἢ
1122 2297 1216 2348 καὶ
1245 2292 1579 2366 προφητεύει
1608 2292 1812 2346 τούτων

217 2392 622 2465 πανωλεθρίαν·
660 2390 940 2445 διδάσκων
966 2388 1025 2442 δέ
1063 2387 1219 2450 τίνας
1248 2388 1398 2456 λέγει
1459 2384 1811 2459 μεγαλοῤῥή-

221 2504 394 2560 μονας
421 2486 697 2556 ἐπήγαγε.

293 2601 312 2633 ε
351 2581 492 2643 Τοὺς
543 2577 825 2641 εἰπόντας,
855 2576 971 2647 Τὴν
993 2572 1248 2644 γλῶσσαν
1276 2569 1437 2641 ημῶν
1476 2566 1817 2639 μεγαλυνοῦ-

222 2690 344 2744 μεν.
377 2692 396 2725 ι
433 2698 507 2713 -—-
534 2673 673 2733 Τοὺς
705 2668 1085 2739 σκεψαμένους
1130 2668 1188 2718 έν
1218 2664 1436 2724 ἐαυτοῖς
1490 2662 1573 2715 δτι
1629 2662 1817 2728 Μεγα-

218 2767 513 2836 λυνοῦμεν,
548 2766 667 2837 ἦτοι
707 2764 925 2834 μεγάλα
973 2763 1069 2814 καὶ
1111 2757 1413 2821 ἀλαζονικὰ
1474 2754 1813 2825 φθέγγεσθαι

221 2859 728 2931 παρασκευάσομεν
761 2859 863 2925 την
897 2854 1155 2923 γλῶσσαν
1188 2851 1372 2923 ἡμῶν.

303 2970 325 3005 ε
365 2952 446 3006 Τά
472 2951 626 3021 χείλη
653 2950 812 3020 ημῶν
844 2944 976 3016 παρ’
1006 2944 1165 3015 ἡμῶν
1195 2945 1355 2996 ἐστι·
1385 2941 1471 3004 τίς
1513 2941 1683 3011 ἡμῶν
1718 2939 1820 2992 κύ-

225 3044 345 3115 ριός
376 3045 530 3107 ἐστι;
565 3058 587 3093 ι
612 3040 724 3094 Καὶ
759 3038 1014 3097 εἰπόντας
1046 3035 1126 3090 ιτι
1146 3035 1231 3088 ὅτι
1253 3032 1347 3087 καὶ
1369 3034 1531 3103 ἡμεῖς
1574 3032 1819 3099 ἐξουσιάο

223 3139 396 3206 ζομεν
423 3135 533 3188 τῶν
564 3133 793 3206 χειλέων
839 3131 1020 3205 ημῶν,
1060 3131 1155 3183 καὶ
1194 3129 1382 3182 λοιπὸν
1430 3129 1551 3181 τίνα
1575 3127 1819 3182 δεδοίκα-

1990 2041 2009 2074 ι
2063 2021 2357 2095 ’Δργύριον
2388 2021 2793 2092 πεπυρωμένον
2848 2022 3097 2092 δοκίμιον
3127 2024 3194 2093 τῇ
3230 2024 3326 2093 γῇ.
3381 2042 3402 2075 ι
3434 2048 3506 2062 -—

1914 2114 2107 2178 Οῦτως
2157 2116 2298 2169 εἰσὶν
2330 2117 2555 2184 ἀμιγεῖς
2614 2117 2833 2183 ἀπάτης
2865 2113 2941 2176 ὠς
2987 2115 3050 2165 τὸ
3096 2115 3506 2185 κεχωνευμένον

1912 2209 2181 2281 ἀργύριον
2200 2210 2569 2279 ἀκοινώνητόν
2586 2211 2733 2261 ἐστιν
2758 2207 2891 2275 ὕλης
2924 2207 3169 2279 χείρονος
3200 2211 3508 2279 ’Δοκιμεον

1919 2305 1988 2359 δὲ
2016 2302 2088 2372 τῇ
2124 2301 2200 2373 τῇ
2247 2304 2371 2358 ἀντὶ
2406 2300 2502 2356 τοῦ
2549 2301 3008 2371 δοκιμιαζόμενον
3067 2303 3125 2354 ἐν
3169 2303 3235 2372 τῇ
3270 2304 3339 2371 γῇ
3367 2318 3381 2332 ·
3410 2303 3508 2356 καὶ⁸

1915 2392 2029 2463 γάρ
2059 2392 2214 2461 έχεον
2246 2393 2298 2444 οἰ
2328 2393 2570 2461 τεχνῖται
2594 2391 2658 2443 τὸ
2710 2392 3111 2461 χωνευόμενον,
3147 2392 3180 2462 ἢ
3210 2393 3305 2446 καί
3346 2391 3510 2447 δοκέ-

1912 2504 2059 2557 μιον
2085 2485 2160 2553 τῇ
2191 2485 2269 2556 τῇ
2300 2488 2423 2539 ἀντί
2452 2485 2549 2539 τοῦ
2580 2485 2834 2553 δοκίμιον
2868 2486 2931 2539 ἐκ
2959 2486 3059 2554 τῆς
3101 2486 3226 2556 γῆς.
3263 2486 3512 2541 Ἐπιτεί-

1919 2599 2025 2635 νων
2056 2580 2112 2636 δὲ
2137 2582 2235 2651 τὴν
2266 2580 2621 2649 καθαρότητα
2649 2578 2744 2631 τοῦ
2776 2578 2985 2649 Κυρίου
3006 2578 3207 2647 λόγων,
3227 2580 3505 2651 ἐπήγαγε·

1998 2693 2015 2726 ι
2047 2674 2253 2742 Κύριε,
2288 2672 2769 2743 κεκαθαρισμένον
2828 2670 3224 2726 ἐπταπλάσιυν.
3263 2690 3282 2723 ε
3319 2701 3391 2713 -
3437 2672 3514 2725 τὸ

1920 2766 2296 2819 ἐπταπλάσιον
2350 2766 2475 2819 ἀντὶ
2527 2763 2622 2818 τοῦ
2662 2765 2948 2825 πολλάκις·
3003 2765 3066 2817 τδ
3118 2764 3229 2834 γάρ
3280 2766 3513 2827 ἐπτάκις

1921 2860 2043 2913 ἀντί
2073 2859 2168 2912 τοῦ
2202 2859 2529 2921 πλειστάκις
2559 2860 2591 2927 ἡ
2627 2858 2738 2911 τῶν
2777 2858 3050 2928 Ἐϐραίων
3086 2857 3513 2927 παραλαμϐάνει

1923 2951 2230 3015 διάλεκτος.
2264 2952 2339 3005 Τὸ
2360 2953 2419 3005 δέ
2452 2951 2718 3015 πολλάκις
2745 2951 3119 3020 χωνευόμενον
3156 2950 3514 3004 παντάπασιν

1922 3041 1993 3117 ἦν
2021 3046 2266 3115 καθαρόν
2290 3061 2307 3078 ·
2340 3043 2514 3107 οὕτως
2543 3044 2640 3098 οῦν
2672 3045 2814 3098 εἰσιν
2844 3042 3090 3113 ἀληθεῖς,
3119 3040 3387 3112 ἀργύριον
3415 3057 3514 3094 κε·

1924 3141 2272 3209 χωνευμένον
2304 3138 2591 3200 πολλάκις.
2628 3139 2801 3205 Λόγια
2836 3136 2892 3190 δέ
2921 3131 3097 3198 εἶπεν,
3127 3137 3189 3187 οὐ
3220 3134 3345 3188 καθ’
3380 3133 3516 3186 ὑπσ-

226 3249 333 3301 μεν
367 3229 445 3302 μὴ
467 3227 694 3284 τοιαῦτα
723 3227 957 3295 λέγοντα
985 3240 1003 3292 3
1040 3225 1135 3277 καί
1183 3222 1269 3286 τίς
1315 3223 1449 3292 ἡμῖν
1479 3220 1681 3275 κωλύει
1710 3221 1820 3275 τῶν
1926 3232 2215 3303 χωρισμὸν
2249 3233 2551 3298 εὐτελείας,
2587 3231 2701 3285 ἀλλ’
2741 3232 2824 3285 ὅτι
2869 3232 2996 3293 τοὺς
3025 3230 3309 3301 χρησμοὺς
3357 3228 3513 3297 λόγια

218 3322 521 3379 ποιούντων
548 3321 724 3388 λόγων
746 3338 768 3398 ἱ

305 3434 326 3468 ε
360 3416 591 3468 Ἕνεκεν
617 3416 720 3485 τῆς
756 3413 1136 3485 ταλαιπωρίας
1164 3412 1277 3467 τῶν
1312 3412 1551 3484 πτωχῶν
1602 3413 1698 3467 καὶ
1726 3410 1822 3467 τοῦ

227 3504 552 3575 στεναγμοῦ
606 3505 717 3559 τῶν
748 3505 1002 3576 πενήτων
1053 3504 1149 3558 νῦν
1215 3505 1615 3575 ἀναστήσομαι,
1674 3503 1824 3573 λέγει

224 3601 462 3669 Κύριος.
508 3617 527 3650 ι
560 3628 634 3637 -
669 3597 745 3652 Τδ
773 3598 892 3652 νῦν
925 3598 1049 3651 ἀντὶ
1077 3596 1175 3649 τοῦ
1232 3597 1373 3650 κατὰ
1398 3597 1489 3649 τὸν
1540 3598 1825 3667 πρέποντα

226 3694 432 3763 καιρὸν
492 3692 877 3761 άναστήσομαι
940 3689 1036 3743 τοῦ
1077 3691 1251 3757 τάφου
1302 3689 1490 3742 ἕνεκεν
1512 3688 1610 3757 τῆς
1642 3690 1826 3742 ταλαι-

228 3786 453 3856 πωρίας
483 3786 593 3839 τῶν
624 3783 1047 3855 δεδουλωμένων
1076 3786 1145 3854 τῇ
1177 3782 1357 3853 πλάνῃ
1385 3782 1452 3835 δι’
1497 3785 1706 3852 ἀνοιαν(
1735 3783 1829 3835 ἀνα

228 3879 543 3948 θρωπείαν)
598 3878 721 3948 ἥτις
773 3876 1126 3944 ταλαιπωρία
1177 3878 1408 3945 γέγονεν
1463 3875 1649 3939 αὐτοῖς
1703 3876 1829 3929 ἀντὶ

228 3972 552 4041 στεναγμοῦ
616 3971 741 4025 καθ’
766 3970 833 4041 ην
861 3970 1291 4039 ἀποδεδώκαμεν
1334 3970 1601 4040 ἐξήγησιν
1652 3970 1830 4039 ἐρμη-

228 4064 495 4126 νεύοντες
522 4062 604 4127 τὸ,
648 4062 799 4116 «Οὐκ
844 4061 1144 4117 ἐπελάθετο
1172 4062 1271 4131 τῆς
1298 4062 1548 4131 κραυγῆς
1591 4063 1701 4115 τῶν
1735 4080 1832 4116 πε-

229 4160 442 4225 νήτων.
489 4175 508 4209 ι
562 4158 798 4228 Ἀκήκοε
830 4158 888 4211 δέ
918 4156 1080 4211 τοῦτο
1118 4156 1283 4209 Δαυῖδ
1317 4159 1429 4220 τοῖς
1464 4160 1828 4229 προφητικοῖς

175 4296 179 4299 .
228 4249 370 4303 ὠσί.
400 4250 536 4302 Φασὶ
568 4249 627 4303 δέ
654 4266 804 4312 τινες
857 4250 1077 4320 πτωχὸν
1135 4250 1237 4319 μέν
1286 4249 1577 4303 καλεῖσθαι
1605 4253 1699 4303 τὸν
1722 4251 1831 4304 ἀπὸ

230 4343 481 4397 πλούτου
511 4342 845 4395 πεπτωκότα
900 4342 1045 4396 κατά
1100 4344 1183 4407 τὸ,
1218 4361 1237 4394 ι
1277 4341 1534 4395 Πλούσιοι
1563 4344 1833 4412 ἐπτώχευ-

234 4453 368 4491 σαν·
408 4456 429 4489 ι
468 4438 679 4506 πένητα
710 4436 767 4488 δέ
800 4435 895 4488 τὸν
944 4434 1034 4489 διά
1068 4437 1231 4489 πόνον
1287 4434 1398 4489 τῶν
1430 4434 1578 4489 ἰδίων
1629 4436 1832 4506 χειρῶν

231 4529 456 4599 τροφὴν
484 4529 797 4596 ἀναγκαίαν
847 4527 1231 4597 κομιζόμενον.
1286 4526 1543 4579 Τοιοῦτον
1572 4526 1626 4578 δὲ
1658 4526 1749 4578 καὶ
1784 4527 1832 4578 οἰ

237 4620 547 4674 πιστεῦσαι
574 4636 588 4651 ·
630 4620 930 4690 μέλλοντάς
992 4637 1053 4672 τε
1101 4620 1215 4690 γάρ
1256 4620 1445 4683 οὐσίας
1496 4620 1835 4692 περιῃρέθη·
1869 4661 1911 4716 D

1854 3306 1899 3366 (Ξ
1932 3326 2162 3380 ἐκάλουν
2188 3327 2275 3379 διά
2301 3327 2402 3394 τὴν
2436 3324 2807 3395 βραχυλογίαν
2830 3322 3044 3377 αὐτῶν·
3077 3324 3134 3375 ιν
3163 3323 3376 3388 ὀλίγαις
3405 3320 3516 3388 γὰρ

1927 3419 2108 3486 λέξεσι
2143 3419 2393 3490 μεγάλην
2423 3419 2659 3490 δύναμιν
2692 3418 2904 3480 ἐννοίας
2946 3418 3321 3487 ἐμπεριεῖχον.

2002 3534 2022 3566 ι
2062 3515 2159 3579 Σὺ,
2212 3513 2407 3583 Κύριε,
2468 3512 2735 3579 φυλάξαις
2794 3511 2944 3579 ἡμᾶς
3000 3509 3098 3562 καὶ
3154 3508 3518 3579 διατηρήσαις

1926 3610 2076 3677 ἡμᾶς
2108 3609 2215 3661 ἀπὸ
2243 3607 2345 3675 τῆς
2370 3606 2562 3673 γενεᾶς
2596 3604 2801 3672 ταύτης
2823 3606 2918 3655 καὶ
2948 3604 3029 3665 εἰς
3052 3602 3144 3654 τὸν
3173 3602 3370 3655 αἰῶνα.
3404 3620 3423 3653 ι
3446 3630 3518 3642 -

1930 3702 2006 3756 Τὸ
2037 3703 2137 3771 μὲν
2168 3700 2475 3769 φυλάξαις
2514 3700 2622 3751 ἀπὸ
2651 3698 2759 3750 τῶν
2784 3696 2987 3761 ἔξωθεν
3018 3695 3431 3763 πολεμούντων,
3457 3695 3520 3748 τὸ

1930 3794 1985 3847 δέ
2017 3792 2423 3861 διατηρήσαις
2450 3790 2560 3843 ἀπὸ
2608 3789 2719 3841 τῶν
2757 3786 2962 3840 ἔσωθεν
3005 3786 3471 3839 ἐπιϐουλευόντων
3502 3802 3519 3818 ·

1931 3888 1965 3957 ἢ
2002 3888 2095 3941 καὶ
2118 3886 2178 3938 τδ
2210 3883 2647 3954 μὲνφυλάξαις
2674 3881 2782 3935 ἀπὸ
2816 3880 2917 3947 τῆς
2977 3877 3261 3948 παρούσης
3300 3882 3520 3948 γενεᾶς,

1929 3976 1993 4029 τδ
2017 3975 2074 4029 δέ
2106 3974 2508 4042 διατηρήσαις
2537 3973 2646 4026 ἀπὸ
2680 3972 2789 4023 τῶν
2844 3970 3164 4039 ἐσύστερον,
3196 3972 3334 4038 ὅπερ
3370 3971 3522 4024 ἐστὶν

1932 4073 2013 4132 είς
2042 4070 2134 4121 τὸν
2160 4069 2359 4129 αἰῶνα,
2392 4068 2639 4136 δηλονότι
2676 4066 2843 4135 μέχρι
2874 4067 3098 4126 παντός.
3136 4064 3246 4115 Καὶ
3271 4062 3460 4131 μέντοι
3489 4064 3521 4131 ἠ

1932 4163 2115 4226 πίστις
2146 4162 2253 4215 τῶν
2276 4161 2589 4230 δεξαμένων
2624 4160 2720 4212 τοῦ
2767 4157 3107 4226 Εὑαγγελίου
3140 4158 3201 4210 τὸ
3252 4157 3525 4225 κήρυγμα

1935 4258 2032 4310 καὶ
2059 4256 2170 4310 ἀπὸ
2194 4256 2291 4323 τῆς
2314 4252 2619 4321 τηνικαῦτα
2649 4254 2843 4320 γενεᾶς
2867 4249 3314 4318 ἀκαταγώνιστος
3335 4250 3523 4319 ιμεινε

1937 4346 2033 4399 καὶ
2056 4347 2137 4407 εἰς
2164 4344 2254 4397 τδν
2287 4344 2463 4396 αἰῶνα
2497 4346 2665 4412 μενεῖ,
2702 4344 2797 4396 καί
2830 4341 2952 4396 οὐτε
2988 4342 3037 4393 οἰ
3083 4340 3333 4410 φανερῶς
3368 4341 3526 4393 πολε-

1939 4442 2213 4508 μησαντες
2242 4435 2514 4506 αἰρετικοί
2551 4436 2891 4505 κατίσχυσαν
2922 4434 3093 4504 αὐτῆς
3125 4433 3157 4504 ἦ
3192 4436 3525 4502 κατισχῦσαι

1936 4528 2283 4595 δυνήσονται.

2017 4635 2035 4668 ι
2074 4616 2273 4684 Κύκλῳ
2314 4618 2363 4669 οἰ
2420 4614 2643 4677 ἀσεϐεῖς
2689 4613 3082 4684 περιπατοῦσι.
3132 4633 3151 4666 ι
3185 4643 3255 4657 --
3283 4615 3525 4668 Πάντοτε

238 4731 377 4781 σαν,
407 4715 502 4768 καὶ
536 4716 593 4768 αί
623 4715 807 4784 χεῖρες
859 4713 1040 4767 αὐτῶν
1076 4714 1364 4784 διηκόνουν
1422 4714 1503 4777 εἰς
1542 4714 1641 4783 τὴν
1675 4715 1837 4781 χεῖρα
1869 4707 1904 4716 ⁷
1942 4712 2071 4781 γάρ,
2132 4711 2321 4781 φησὶν,
2379 4711 2529 4780 ἡμᾶς
2578 4707 2979 4779 περικυκλοῦσι
3033 4707 3399 4777 πολιορκῆσαι
3425 4708 3527 4778 τὴν

234 4807 343 4860 τοῦ
378 4804 638 4875 σώματος
665 4822 679 4837 ·
712 4805 1060 4874 λαμϐάνεται
1091 4805 1200 4876 γὰρ
1226 4805 1491 4867 πολλάκις
1528 4808 1623 4858 καὶ
1646 4806 1837 4875 διαφό-

243 4914 387 4967 ρως,
415 4898 537 4949 ἀντὶ
564 4896 800 4966 θατέρου
838 4896 1110 4967 θάτερον.
1148 4897 1306 4951 Ἐστι
1338 4896 1395 4949 δέ
1426 4897 1517 4948 καί
1560 4896 1737 4960 ἄλλως
1768 4900 1845 4950 είο

238 4994 403 5046 πεῖν·
434 4992 601 5061 φησιν
621 4993 649 5042 ό
682 4990 817 5052 Θεδς
854 4991 959 5055 ὅτι,
984 4989 1087 5042 Διά
1104 4990 1205 5059 τὴν
1221 4990 1601 5060 ταλαιπωρίαν
1636 4993 1726 5044 καὶ
1752 4992 1845 5047 τὸν

244 5082 569 5153 στεναγμὸν
624 5082 735 5135 τῶν
767 5081 1270 5151 καταπονουμένων
1299 5080 1395 5135 νῦν
1421 5080 1795 5153 κινηθήσομαι
1820 5099 1833 5113 ·

240 5176 404 5231 τοῦτ’
435 5177 584 5230 εστιν
614 5176 848 5241 αὐτίκα,
874 5175 1062 5241 εὐθὺς,
1110 5176 1344 5247 ταχέως.
1403 5176 1738 5247 θεοπρεπῶς
1785 5177 1844 5231 δέ

242 5272 465 5323 νοεῖται
490 5270 555 5320 τὸ
600 5267 1023 5336 κινηθήσομαι,
1074 5267 1201 5321 ἀντί
1246 5266 1343 5320 τοῦ
1397 5268 1613 5338 ἀμυνῶ,
1642 5270 1691 5321 εἰ
1752 5270 1849 5321 καὶ

244 5362 809 5432 ἀνθρωποπρεπέστε
819 5377 913 5431 ρον
970 5361 1210 5431 εἰρηται.

335 5472 356 5506 ε
392 5454 641 5523 Θηαομαι
682 5453 742 5505 ἐν
790 5453 1067 5521 σωτηρίῳ,
1124 5451 1590 5523 παρρησιάσομαι
1641 5453 1701 5505 ἐν
1753 5454 1852 5506 αῦ-

242 5549 358 5620 τῷ.
388 5566 408 5599 ι
437 5576 509 5588 -
533 5545 941 5617 Μνημονεύσας
966 5544 1070 5614 τῆς
1126 5545 1479 5609 ἀναστάσεως
1513 5549 1849 5616 μνημονεύει

244 5644 357 5697 καὶ
390 5644 489 5711 τῆς
519 5642 702 5711 ταφῆς
752 5641 1101 5711 ἀναστρέψας
1130 5642 1225 5695 τδν
1276 5642 1438 5709 λόγον
1482 5644 1576 5696 ἐπὶ
1627 5644 1718 5696 τὸν
1761 5643 1850 5696 διὰ

246 5736 539 5805 σωτηρίου
568 5736 803 5788 θάνατον
829 5751 842 5763 ·
874 5736 955 5787 ἐτι
972 5736 1084 5804 γάρ
1114 5750 1249 5803 φησι
1277 5750 1290 5765 ·
1355 5753 1373 5786 ε
1403 5735 1513 5789 Καὶ
1553 5735 1714 5789 τοῦτο
1765 5738 1822 5789 λὲ
1842 5764 1855 5775 -

250 5829 396 5896 γειρ
419 5828 646 5897 Κύριος,
679 5826 985 5897 «ϐήσομαι,
1003 5828 1285 5879 τουτέστιν
1306 5829 1772 5899 προσπαγήσομαι
1794 5827 1853 5879 ἐν

254 5923 351 5993 τῷ
385 5922 669 5993 σωτηρίῳ.
705 5940 722 5973 ι
763 5920 936 5975 Τοῦτο
962 5920 1074 5991 γὰρ
1103 5920 1450 5992 ὑποληπτέον
1482 5922 1748 5992 σωτήριον
1771 5923 1851 5976 ὅτι

1945 4805 2131 4858 πίστιν
2181 4802 2529 4865 σπεύδοντες.
2565 4801 2677 4853 Καὶ
2708 4799 2869 4853 τοῦτο
2918 4800 3019 4867 μὲν
3051 4799 3145 4850 ἐπὶ
3196 4798 3306 4851 τῶν
3343 4797 3533 4871 Ἑλλή-

1946 4914 2056 4952 νων
2080 4914 2094 4928 ·
2119 4896 2212 4949 ἐπὶ
2244 4896 2300 4948 δὲ
2320 4896 2431 4949 τῶν
2456 4895 2758 4964 αἰρετικῶν
2783 4894 2846 4946 τὸ
2878 4894 3091 4958 κύκλῳ
3123 4893 3532 4960 περιπατοῦσι

1946 4994 2068 5045 ἀντὶ
2093 4990 2187 5045 τοῦ
2240 4991 2342 5042 οὐκ
2374 4988 2463 5043 ἐπ’
2516 4988 2738 5050 εὐθείας
2792 4987 2929 5041 ἀλλά
2998 4987 3531 5057 περιεστραμμένως

1948 5082 2436 5155 παρερμηνεύουσι
2461 5082 2559 5145 τάς
2585 5080 2741 5143 θείας
2783 5080 3030 5149 Γραφάς.
3410 5120 3413 5123 ‹

2028 5198 2045 5231 ι
2089 5178 2245 5230 Κατὰ
2296 5176 2358 5228 τὸ
2414 5175 2550 5244 ὕψος
2598 5191 2695 5227 σου
2750 5172 3147 5243 ἐπολυώρησας
3206 5174 3333 5235 τοὺς
3378 5172 3532 5233 υἰοὺς

1950 5272 2056 5324 τῶν
2083 5268 2409 5339 ἀνθρώπων.
2449 5264 2855 5334 ι-Ὑψωθείς,
2887 5266 3076 5330 φησιν,
3105 5262 3199 5314 ἐπὶ
3221 5262 3313 5313 τοῦ
3350 5276 3530 5327 σωτη-

1953 5364 2094 5433 ρίου,
2158 5361 2362 5431 πολλῆς
2427 5358 2709 5431 φροντίδος
2740 5359 2868 5420 τοὺς
2901 5356 3221 5427 ἀνθρώπους
3251 5353 3487 5422 ὴξίωσι
3515 5366 3530 5380 ⁸

1952 5458 2034 5510 ὅτι
2095 5455 2393 5517 διἀὺτοὺς
2437 5452 2715 5513 πέπονθας
2768 5448 3051 5517 πολυωρία
3104 5448 3213 5517 γὰρ
3268 5448 3301 5517 η
3364 5444 3535 5513 πολλὴ

1955 5550 2201 5621 φροντὶς,
2238 5547 2429 5615 ῶσπερ
2456 5546 2551 5599 καὶ
2600 5546 2632 5615 ἡ
2676 5543 2944 5613 ὀλιγωρία
2990 5539 3310 5593 τούναντίον
3358 5538 3391 5608 ἢ
3441 5540 3538 5590 καὶ

1959 5642 2191 5713 ὑψωθεὶς
2235 5640 2373 5709 πρὸς
2398 5637 2664 5708 οὐρανοὺς
2688 5637 2747 5689 ἐν
2780 5634 2860 5706 τῷ
2889 5631 3067 5703 καιρῷ
3090 5633 3189 5702 τῆς
3213 5630 3537 5698 ἀναλήψεως

1957 5736 2337 5805 εὐηργέτησας
2371 5736 2494 5793 τοὺς
2530 5730 2856 5800 ἀνθρώπους
2906 5727 3300 5793 ἐξαποστείλας
3348 5726 3536 5795 Παρά-

1957 5833 2156 5901 κλητον
2215 5833 2521 5902 φωτίζοντα
2567 5830 2660 5881 καί
2685 5826 2987 5899 ὀδηγοῦντα
3038 5822 3163 5884 τοὺς
3199 5820 3536 5881 ἀποστόλους

1960 5929 2038 5990 εἰς
2070 5927 2133 5981 τὸ
2191 5927 2457 5995 κήρυγμα
2492 5940 2506 5955 ·
2540 5921 2767 5976 δύναται
2816 5919 2992 5972 δὲκαὶ
3027 5916 3320 5985 ἰστορικῶς
3380 5909 3536 5977 οὗτος
