4180 6440
231 393 364 455 ΗΠ

1393 390 1803 454 EXPOSlTlO
1848 392 1929 453 1N
1963 393 2328 453 I’SALMOS.

3334 390 3471 460 1418

219 514 248 563 6
277 508 439 560 Δαυῒδ
466 508 620 560 τοῦτο
665 508 916 578 προῗδὼν,
979 508 1117 578 ὑπὲρ
1160 507 1399 571 Ἐζεκίου
1436 506 1624 560 τοῦτον
1676 506 1795 570 ἐξε-
1826 513 1870 567 Α
1900 507 1959 557 16
1988 546 2001 568 ,
2041 524 2058 556 0
2103 506 2225 559 Ὀτι
2267 506 2409 573 ζῴης
2462 504 2610 573 αὐτῷ
2666 505 2919 570 εὐλογίαν
2974 506 3052 565 είς
3116 507 3286 560 αίῶνα
3338 510 3472 563 01:6-

221 601 497 670 φώνησεν.

300 714 317 742 ε
354 694 543 762 Κύριε,
578 693 636 743 ἐν
664 696 727 761 τῇ
764 692 991 760 δυνάμει
1036 710 1131 744 σου
1158 693 1598 762 εὐφρανθήσεται
1634 698 1660 747 6
1696 694 1795 763 βας

223 783 426 841 συλεύς.
468 801 484 831 0
522 812 588 822 —
619 784 697 850 Τῇ
732 781 1004 855 βοηθούσῃ
1028 785 1177 854 αὐτῷ
1212 786 1305 835 καὶ
1333 788 1413 846 είς
1466 788 1525 838 τὸ
1554 787 1677 853 ἐξῆς
1710 786 1800 837 εὐ-

225 877 605 945 φρανθήσεται
642 892 655 905 ·
686 876 777 928 καὶ
804 877 964 929 τοῦτο
986 879 1310 949 πιστεύομεν
1328 879 1434 931 01:6
1460 880 1568 933 τῶν
1596 880 1795 949 προλα-

220 968 252 1018 ϐ
264 974 426 1018 ἁντων
464 986 484 1018 ε
496 968 725 1037 ὐεργετη
737 969 943 1037 μάτων.

1903 616 2007 656 νος.
2040 618 2056 649 1

1978 706 1995 738 0
2037 690 2173 759 Περὶ
2219 686 2320 755 τῆς
2362 687 2631 753 εὐλογίας.
2678 707 2693 736 0
2736 688 2797 738 'll
2838 688 3055 755 εὐλογία
3090 690 3217 741 ποτέ
3246 690 3344 757 μὲν
3377 707 3473 756 ση-

1903 783 2085 851 μαίνει
2112 781 2207 849 τὴν
2234 779 2515 848 εὐφημίαν
2538 820 2549 839 ,
2586 780 2657 837 ώ;
2682 780 2759 843 16,
2802 798 2817 830 ι
2863 781 3088 843 Εὐλόγει
3125 783 3157 848 ή
3189 781 3335 849 ψυχή
3374 799 3474 849 μου

1900 876 1990 926 τὸν
2018 874 2248 941 Κύριον·
2293 892 2311 923 0
2356 871 2484 923 ποτὲ
2514 870 2680 939 δὲτὴν
2713 874 2892 941 χάριν,
2926 872 2998 935 ώς
3025 874 3104 937 16,
3135 893 3152 924 0
3192 874 3479 942 Προέφθα-

1904 984 2000 1027 σας
2038 966 2202 1019 αὐτὸν
2242 965 2298 1016 ἐν
2355 965 2624 1029 εὐλογίαις
2680 967 3068 1035 χρηστότητος
3112 986 3129 1015 0
3181 967 3260 1020 ἐτι
3290 967 3347 1019 δέ
3381 966 3479 1018 καὶ

300 1081 316 1107 ε
350 1062 458 1112 Καὶ
494 1063 583 1112 ἐπὶ
610 1063 685 1129 τῷ
718 1065 973 1132 σωτηρίῳ
998 1080 1090 1115 σου
1113 1063 1499 1132 άγαλλιάσεται
1522 1065 1745 1134 σφόδρα.
1776 1085 1793 1117 0
1903 1060 2000 1127 τὴν
2038 1057 2325 1126 μετάδοσιν
2365 1057 2453 1109 τοῦ
2484 1058 2780 1125 ἁγιασμοῦ.
2813 1060 2885 1120 ὡς
2930 1060 3021 1111 ἐπὶ
3050 1058 3144 1111 τοῦ
3173 1060 3438 1126 παρόντος
3462 1077 3476 1089 ·

219 1183 288 1195 ο-
316 1156 433 1205 1-211~
468 1157 532 1223 τῇ
568 1157 717 1219 παρὰ.
754 1155 847 1207 σοῦ
885 1158 1153 1227 σωτηρίᾳ.

300 1265 317 1296 0
354 1248 465 1312 Τὴν
494 1246 788 1314 ἐπιθυμίαν
818 1247 916 1314 τῆς
941 1249 1121 1319 ψυχῆς
1158 1250 1322 1304 αὐτοῦ
1354 1253 1561 1314 εδωκας
1581 1250 1746 1319 αὐτῷ.
1772 1269 1789 1301 0

220 1372 293 1383 —-—
323 1342 395 1392 Ἣ
432 1340 530 1409 τὴν
559 1342 697 1394 κατά
731 1342 838 1393 τῶν
876 1342 1085 1413 ἐχθρῶν
1133 1347 1313 1415 νίκην,
1352 1346 1386 1415 ἢ
1426 1345 1525 1413 τὴν
1560 1344 1799 1415 προσθή-

222 1449 329 1496 κην
361 1433 456 1496 τῆς
482 1432 646 1501 ζωῆς,
677 1434 706 1501 ἢ
741 1434 925 1496 ἁπλῶς
954 1438 1133 1489 πᾶσαν
1165 1436 1412 1499 ἀξίωσιν.

305 1542 321 1570 0
351 1522 459 1572 Καὶ
486 1523 585 1590 τὴν
618 1522 804 1591 δέησιν
834 1523 941 1574 τῶν
965 1525 1191 1592 χειλέων
1224 1522 1390 1576 αὐτοῦ
1416 1524 1515 1577 οὐκ
1568 1523 1799 1592 ἐστέρη-

225 1630 327 1674 σας
353 1616 539 1666 αὐτόν.
588 1632 606 1663 0
641 1644 707 1653 —
740 1614 812 1666 T6
840 1616 972 1668 0616
1007 1616 1170 1669 πάλιν
1201 1616 1503 1685 δεδήλωκεν
1532 1610 1644 1667 οἷον
1675 1616 1803 1681 ἐνη-

222 1707 453 1772 δόμενος
482 1708 546 1775 τῇ
576 1706 899 1775 εὐχαριστίᾳ
925 1722 939 1736 ο
970 1700 1031 1757 οῦ
1060 1706 1167 1773 γάρ
1221 1724 1307 1769 τις
1336 1706 1614 1775 ἐπιθυμεῖ,
1645 1704 1805 1758 τοῦτο

224 1800 322 1849 καὶ
354 1798 444 1849 6:0
471 1797 581 1849 τῶν
602 1797 824 1863 χειλέων
856 1798 998 1851 αίτεῖ
1032 1815 1045 1827 ’
1071 1798 1291 1869 θέλησιν
1320 1799 1427 1868 γάρ
1457 1799 1550 1851 νῦν
1600 1799 1695 1869 τὴν
1718 1801 1798 1851 αῖ-

222 1905 385 1957 τησιν
430 1891 717 1957 νοήσομεν.

308 1999 324 2029 ι
364 1981 491 2032 Ὀτι
529 1981 881 2049 προέφθασας
912 1982 1075 2035 αὐτὸν
1106 1984 1164 2035 ἐν
1194 1982 1465 2050 εὐλογίαις
1496 1984 1801 2053 χρηστότη-

223 2089 341 2134 τος.
377 2091 396 2123 0
425 2104 491 2113 —
514 2075 731 2143 Ἐπειδὴ
771 2076 864 2127 καὶ
900 2076 1196 2142 προέλαϐες
1252 2076 1416 2127 αὐτὸν
1447 2077 1553 2143 πρὸ
1597 2076 1695 2143 τῆς
1723 2078 1806 2127 0!-

224 2166 444 2230 τήσεως
476 2164 779 2233 εὐεργετῶν
805 2166 1064 2228 πολλάκις
1090 2181 1102 2194 ³
1143 2166 1396 2233 εὐλογίαν
1417 2166 1527 2234 γὰρ
1564 2164 1658 2216 νῦν
1698 2167 1797 2232 τὴν

227 2257 553 2325 εὐεργεσίαν
612 2256 1046 2328 ὐποληψόμεοαο
1106 2259 1381 2327 εὐλογίαις
1426 2258 1481 2311 δὲ
1537 2258 1658 2320 ταῖς
1706 2258 1804 2325 τῆς

230 2353 332 2421 σῆς
359 2354 748 2421 χρηστότητος.

310 2464 328 2494 0
363 2443 609 2514 Ἐοηκας
640 2446 732 2497 ἐπὶ
759 2447 857 2513 τὴν
886 2447 1130 2517 κεφαλὴν
1195 2446 1361 2499 αὐτοῦ
1423 2452 1686 2515 στέφανον
1742 2448 1805 2499 ἐκ

230 2535 386 2587 λίθου
440 2538 647 2604 τιμίου.
687 2554 703 2586 0
741 2565 809 2577 -
837 2536 1139 2603 Καταλέγει
1198 2537 1294 2599 τάς
1345 2539 1685 2607 εὐεργεσίας,
1725 2537 1807 2589 ὅτι

230 2631 341 2696 πρὸ
370 2628 589 2681 πάντων
622 2629 860 2699 ἐχαρίσω
894 2630 953 2682 16
988 2630 1225 2698 διάδημα
1263 2630 1566 2699 βασιλείας.

310 2738 327 2769 0
364 2720 518 2787 Ζωὴν
548 2721 783 2788 ῂτήσατό
815 2738 896 2784 σε,
925 2722 1016 2772 καὶ
1047 2721 1255 2784 ἔδωκας
1284 2722 1454 2791 αὐτῷ.
1489 2742 1508 2773 0
1540 2752 1609 2763 --
1643 2724 1804 2777 Ὥστε

234 2812 312 2879 μὴ
341 2811 433 2863 ὐπ’
472 2813 703 2880 ἐχθρῶν,
743 2814 879 2881 μήτε
916 2814 1021 2866 6116
1052 2814 1225 2868 νόσων
1257 2816 1588 2869 ἀποθανεῖν·
1625 2817 1808 2884 ἀμφό-

232 2921 368 2973 τερα
388 2904 496 2972 γὰρ
527 2904 759 2956 ἐνταῦθα
782 2907 1062 2974 νοήσομεν.

314 3038 331 3069 0
374 3019 709 3087 Μακρότητα
738 3018 962 3086 ήμερῶν
1013 3019 1093 3081 είς
1120 3021 1291 3073 αίῶνα
1319 3020 1536 3082 αίῶνος.
1578 3039 1596 3070 0
1633 3049 1702 3061 -—
1733 3021 1808 3072 Οὐ

235 3114 400 3182 μόνον
429 3114 618 3175 ἁπλῶς
644 3114 976 3182 ζωὴν,ἀλλά
1034 3117 1127 3167 καὶ
1184 3116 1423 3185 μακράν.
1466 3116 1537 3167 Τὸ
1600 3115 1654 3167 δὲ
1721 3116 1808 3179 εις

1906 1150 2020 1203 ἐστι
2067 1150 2111 1202 δ’
2156 1150 2243 1203 ὅτε
2288 1152 2382 1201 καὶ
2409 1151 2506 1218 τὴν
2564 1150 2941 1219 βλασφημίανο
3002 1151 3099 1215 ώς,
3169 1169 3187 1201 0
3230 1146 3304 1203 ἸΙ
3371 1151 3479 1217 μὴν

1908 1244 1985 1305 είς
2041 1242 2332 1313 πρόσωπόν
2387 1260 2445 1295 σε
2492 1243 2797 1311 εὐλογήσει.
2849 1259 2867 1292 0
2919 1243 3026 1294 Καὶ
3064 1242 3171 1312 μὴν
3228 1244 3323 1295 καὶ
3380 1243 3479 1311 τὴν

1909 1335 2367 1404 προσαγόρευσιν,
2410 1334 2483 1396 ώς
2540 1336 2596 1386 ἐν
2629 1337 2696 1403 τῇ
2732 1332 2773 1386 δ’
2821 1332 2930 1385 τῶν
2964 1334 3263 1387 Βασίλειῶν
3311 1350 3480 1404 φησιν

1919 1428 2219 1487 Ἐλισσαῖος
2250 1426 2380 1493 πρὸς
2417 1425 2601 1489 Γιεζῆ·
2627 1445 2645 1477 0
2694 1427 2818 1479 Ἐάν
2848 1426 3012 1497 εὕρῃς
3043 1427 3234 1495 ἄνδρα.
3256 1427 3357 1479 οὐκ
3394 1429 3482 1477 εὐ-

1910 1518 2167 1585 λογήσεις
2200 1516 2383 1571 αὐτόν.
2446 1519 2554 1571 Καὶ⁵
2602 1520 2697 1571 ἐάν
2732 1519 3004 1587 εὐλογήσῃ
3056 1535 3117 1571 σε
3168 1519 3332 1588 ἀνὴρ,
3382 1518 3481 1571 οὐκ

1910 1609 2261 1680 ἁποκριθήσῃ
2295 1610 2469 1681 αὐτῷ.
2507 1629 2525 1662 0

1985 1722 2004 1755 0
2047 1702 2349 1771 Εὐφρανεῖς
2405 1703 2567 1755 αὐτὸν
2603 1705 2660 1754 ἐν
2708 1706 2851 1774 χαρᾷ
2885 1704 3024 1772 μετὰ
3052 1706 3146 1756 τοῦ
3185 1705 3483 1774 προσώποδ

1912 1812 2030 1847 σου.
2068 1813 2085 1845 0
2109 1792 2249 1846 -Ὀ
2278 1795 2574 1864 Σύμμαχος
2612 1798 2959 1864 ἡρμήνευσεν
2996 1817 3013 1848 0
3054 1797 3163 1850 ἀπὸ
3196 1799 3291 1851 τοῦ
3318 1816 3484 1869 προσ-

1840 1869 1880 1926 Β
1913 1885 2064 1937 ώπου
2098 1902 2214 1947 σου,
2258 1903 2276 1936 0
2322 1886 2570 1937 τουτέστι
2605 1886 2692 1937 διὰ
2725 1885 2825 1954 τῆς
2865 1888 2963 1955 σῆς
2995 1888 3327 1957 ἐπισκοπῆς·
3358 1890 3484 1941 ἐπι-

1909 1979 2125 2047 ϐλέψεις
2150 1979 2258 2046 γάρ
2294 1978 2380 2029 ἐπ’
2398 1979 2581 2046 αὐτὸν,
2624 1983 2717 2031 καὶ
2742 1982 2915 2048 χαρᾶς
2941 1980 3337 2049 πλησθήσεται.

1985 2090 2002 2122 ι
2044 2072 2165 2124 Ὂτι
2202 2075 2229 2123 ό
2254 2071 2507 2137 βασιλεὺς
2539 2071 2750 2135 ἐλπίζει
2783 2072 2875 2125 ἐπὶ
2910 2072 3115 2142 Κύριον
3175 2074 3268 2126 καὶ
3300 2075 3357 2125 ἐν
3408 2074 3485 2141 τῷ

1908 2164 2047 2217 ἐλέει
2101 2163 2195 2216 τοῦ
2241 2162 2500 2232 ’Υψίστου
2547 2166 2607 2215 οὐ
2646 2165 2721 2233 μὴ
2790 2165 3048 2235 σαλευθῇ.
3089 2186 3107 2216 0
3137 2194 3205 2208 —
3237 2168 3350 2219 0.30:
3391 2167 3485 2218 ἐπὶ

1913 2254 2355 2323 στρατεύμασιν,
2400 2254 2508 2307 οὐδ’
2560 2257 2650 2308 ἐπὶ
2697 2257 2915 2325 πλούτῳ
2963 2259 3226 2310 πέποιθεν
3280 2259 3313 2329 ἢ
3373 2274 3483 2311 τισι

1908 2348 2197 2410 τοιούτοις,
2236 2347 2349 2399 ἀλλ’
2380 2348 2473 2398 ἐπὶ
2498 2348 2645 2417 μόνῳ
2666 2347 2743 2417 τῷ
2785 2348 3074 2417 βοηθοῦντι
3106 2349 3224 2421 Θεῷ
3255 2367 3267 2379 ·
3306 2351 3389 2403 6:6
3421 2352 3484 2402 06

1911 2441 2402 2510 περιτραπήσεται.

1987 2552 2004 2584 ι
2038 2532 2355 2603 Εὐρεθείηή
2390 2533 2510 2601 χείρ
2554 2550 2647 2585 σου
2694 2536 2826 2585 πᾶσι
2867 2536 2975 2596 τοῖς
3026 2534 3241 2604 ἐχθροῖς
3291 2554 3406 2589 σου.
3461 2558 3477 2587 0

1910 2654 1977 2666 —
2006 2624 2141 2677 Θεοῦ
2177 2625 2300 2695 χεὶρ
2335 2626 2365 2694 ἡ
2399 2626 2516 2678 θεία
2553 2628 2807 2693 δύναμις,
2904 2632 3227 2695 περιπεσεῖν
3261 2625 3485 2696 εὔχεται

1912 2718 2122 2779 πάντας
2150 2720 2273 2778 τοὺς
2314 2718 2404 2770 16v
2446 2718 2648 2787 Κύριον
2675 2719 3129 2789 βλασφημοῦντας
3172 2737 3185 2750 ⁸
3227 2720 3483 2791 εὑρεθείη

1912 2810 2114 2872 αὐτοῖς,
2149 2811 2335 2879 φησὶν,
2362 2812 2440 2873 είς
2463 2812 2753 2880 τιμωρίαν.

1994 2920 2010 2951 ι
2062 2905 2123 2955 ἸΙ
2146 2904 2293 2970 δεξιά
2326 2921 2419 2957 σου
2451 2904 2600 2973 εὖροι
2623 2906 2826 2967 πάντας
2860 2908 2982 2969 τούς
3016 2907 3309 2975 μισοῦντάς
3343 2925 3421 2960 σε.
3462 2928 3480 2959 0

1915 3024 1982 3037 -—
2009 2995 2126 3046 Κατ
2138 2995 2428 3064 αλ-ίιψαιτο.

1992 3106 2011 3139 0
2050 3087 2247 3159 Θήσεις
2274 3089 2471 3151 αὐτοὺς
2498 3089 2571 3151 ώς
2624 3089 2883 3141 κλίϐανον
2912 3090 3082 3159 πυρὸς
3142 3092 3223 3154 είς
3295 3094 3486 3162 καιρὸν

233 3204 421 3257 αἰῶνα
452 3204 668 3269 αιῶνος
728 3204 757 3255 6
809 3207 1093 3275 προφήτης
1154 3182 1363 3277 κυρίως
1412 3208 1512 3273 μέν
1567 3208 1659 3258 ἐπὶ
1712 3206 1806 3259 τοῦ
1836 3226 1880 3284 C
1913 3182 2358 3284 τθῧῆπξοσξίθπῗυ
2430 3199 2549 3235 σου·
2758 3184 3095 3284 Ἐμξρήσεξς
3152 3188 3360 3284 ιαίξτθδς
3406 3188 3485 3284 ξδ’

238 3299 527 3365 μέλλοντος
560 3297 653 3349 καί⁹
705 3297 1047 3351 ἀκαταλύτου
1088 3299 1285 3361 αἰῶνος
1332 3299 1565 3365 τίθησιν,
1598 3298 1715 3349 ἐστι
1761 3298 1803 3350 δ’

231 3391 325 3443 ὅτε
364 3394 457 3442 καὶ
518 3391 612 3443 ἐπὶ
658 3391 759 3459 τῆς
828 3394 1048 3459 μακρᾶς
1103 3394 1361 3462 χρονικῆς
1410 3393 1801 3463 παρατάσεως.

236 3482 370 3533 ποτέ
401 3482 457 3533 δέ
495 3483 590 3533 καὶ
627 3482 719 3532 ἐπὶ
749 3482 841 3532 τοῦ
873 3482 1095 3552 βεϐαίου
1151 3484 1246 3535 καὶ
1283 3484 1679 3550 άμεταπτώτου
1727 3483 1804 3545 ὡς

233 3575 327 3625 ἐπὶ
358 3574 453 3625 τοῦ
491 3574 874 3642 προκειμένου,
908 3568 1040 3637 οἷον,
1080 3594 1096 3625 ι
1141 3574 1386 3637 Ἐδωκας
1429 3575 1577 3642 αὐτῷ
1603 3574 1801 3643 ζωὴν,ι

233 3668 329 3717 καὶ
361 3666 507 3731 ζωὴν
538 3666 757 3733 μακράν
792 3666 886 3715 καὶ
930 3666 1249 3736 μακρότητα
1278 3666 1501 3734 ἡμερῶν
1529 3666 1760 3733 βεϐαίαν
1788 3682 1801 3695 υ

234 3757 282 3805 εί
318 3755 372 3806 δέ
405 3754 502 3805 καὶ
550 3752 639 3805 6:0
674 3754 775 3821 τὴν
814 3754 1033 3807 αίώνιον
1065 3754 1215 3821 λέγει
1270 3753 1438 3825 ζωὴν,
1479 3756 1599 3808 οὐδέ
1652 3755 1809 3808 τοῦτο

234 3849 425 3916 πόρρω
458 3844 683 3899 σκοποῦ.

307 3981 325 4012 ι
378 3961 598 4029 Μεγάλη
627 3961 657 4029 ή
698 3961 821 4026 δόξα
851 3960 1016 4015 αὐτοῦ
1053 3964 1111 4015 ἐν
1140 3962 1215 4031 τῷ
1240 3966 1493 4033 σωτηρίῳ
1530 3980 1645 4018 σου.
1690 3984 1707 4017 0
1739 3998 1806 4008 —-

233 4057 389 4109 Μετα
452 4054 559 4123 γὰρ
604 4052 699 4122 τὴν
752 4053 906 4105 θείαν
962 4056 1286 4123 συμμαχίαν
1335 4057 1431 4106 καὶ
1484 4057 1808 4124 εὐεργεσίαν

238 4146 411 4212 μέγας
445 4144 595 4213 παρὰ
624 4146 844 4197 πάντων
870 4146 1062 4212 γέγονε
1105 4148 1197 4199 καὶ
1221 4147 1575 4215 περίϐλεπτος
1605 4148 1678 4210 ώς
1714 4150 1807 4201 καὶ

236 4236 474 4303 βασιλεῖς
505 4236 1003 4303 διαπρεσϐεύεσθαι
1046 4237 1183 4305 πρὸς
1227 4238 1390 4289 αὐτὸν
1421 4240 1515 4290 καὶ
1547 4240 1807 4307 χρήματα

234 4328 497 4395 πέμπειν.
523 4326 695 4379 Τοῦτο
728 4328 783 4379 δὲ
816 4330 1012 4395 γέγονε
1043 4327 1131 4381 6:0
1174 4329 1274 4398 τὴν
1313 4330 1684 4400 γεγενημένην
1711 4331 1809 4383 αὐ-

229 4421 312 4489 τῷ
347 4421 529 4474 θεόθεν
560 4422 891 4491 ἐπισκοπήν.

309 4556 328 4585 0
359 4536 526 4598 Δόξαν
551 4537 642 4587 καὶ
665 4536 1141 4605 μεγαλοπρέπειαν
1166 4537 1449 4606 ἐπιθήσεις
1476 4538 1562 4590 ἐπ’
1582 4539 1762 4597 αὐτόν,
1779 4560 1797 4591 0

231 4658 303 4672 --
342 4631 450 4681 Καί
484 4630 563 4681 E1:
597 4629 786 4683 τοῦτον
831 4630 1110 4694 δοξάσεις,
1153 4630 1246 4682 καὶ
1300 4630 1524 4699 μείζονα
1560 4633 1808 4704 ποιήσεις

232 4724 317 4777 6:0
338 4724 436 4789 τὴν
456 4722 817 4791 εὐαρέστησιν
845 4722 1034 4776 αὐτοῦ.

315 4862 334 4892 0
375 4842 501 4895 Ὀτι
531 4840 727 4904 δώσεις
755 4841 902 4912 αὐτῷ
931 4842 1184 4910 εὐλογίαν
1218 4843 1299 4904 είς
1339 4842 1507 4897 αίῶνα
1535 4843 1753 4904 αίῶνος.
1786 4861 1803 4893 0

234 4964 304 4974 --
336 4933 572 4999 Εὐλογία
621 4934 709 4985 ναὶ
758 4933 864 5002 μὴν
909 4935 1006 4987 καὶ
1068 4933 1491 5003 προαγόρευσις,
1535 4933 1611 4995 ώς
1654 4935 1711 4985 ἐν
1742 4936 1807 5004 τῇ

233 5030 472 5094 τετάρτῃ
491 5025 600 5078 τῶν
624 5025 923 5077 Βασιλειῶν
947 5042 1116 5095 φησιν
1133 5026 1435 5088 Ἐλισσαῖος
1462 5026 1598 5095 πρδς
1622 5026 1806 5094 Fuﬁ.

240 5139 258 5170 0
302 5121 431 5173 Ἐάν
460 5119 632 5190 εῦρῃς
681 5120 875 5189 ἄνδρα,
902 5120 999 5175 οὐκ
1024 5120 1343 5191 εὐλογήσεις
1376 5120 1559 5185 αὐτὸν,
1594 5122 1685 5172 καὶ
1715 5123 1809 5173 ἐὰν

233 5212 507 5282 εὐλογήση
558 5229 615 5264 σε
661 5211 840 5281 ἀνὴρ,
893 5213 991 5264 οὐκ
1026 5212 1377 5283 ἁποκριθήσῃ
1411 5212 1581 5282 αὐτῷ,
1616 5233 1633 5265 0
1679 5214 1809 5267 ποτέ

236 5305 337 5374 μὲν
358 5305 614 5371 σημαίνει
629 5303 720 5355 16v
748 5300 922 5369 αἶνον,
956 5306 1084 5356 ποτὲ
1115 5304 1173 5358 δέ
1205 5306 1303 5374 τὴν
1334 5306 1514 5375 χάριν,
1539 5308 1637 5375 τὴν
1658 5310 1811 5374 εὐερ-

229 5396 449 5463 γεσίαν,
482 5396 557 5455 ώς
612 5395 675 5447 16
710 5414 729 5445 ε
790 5396 1147 5466 Προίφθασας
1201 5398 1365 5487 αὐτγύν
1418 5400 1478 5450 ἐν
1534 5398 1809 5466 εὐλογίαις

231 5489 644 5559 χρηστότητος,
689 5507 705 5539 0
766 5490 859 5542 καὶ
893 5490 991 5559 τὴν
1028 5490 1319 5559 μετάδρσιν
1361 5489 1456 5543 τοῦ
1507 5490 1803 5560 ἁγιασμοῦ’

230 5586 366 5635 ποτέ
424 5584 479 5635 δὲ
519 5583 619 5651 τὴν
670 5583 854 5651 χάριν,
902 5583 976 5645 ώς
1028 5585 1123 5636 ἐπὶ
1161 5584 1255 5647 306
1292 5585 1577 5653 παρόντος·
1614 5585 1727 5637 ἐστι
1762 5584 1809 5636 6'

228 5676 320 5728 ὅτε
372 5675 471 5727 καὶ
521 5674 617 5744 τὴν
644 5675 1015 5745 βλασφημίαν,
1046 5676 1122 5739 ὡς
1150 5676 1211 5728 16
1262 5696 1281 5729 0
1331 5677 1363 5747 ἢ
1398 5676 1505 5746 μὴν
1527 5678 1608 5739 είς
1638 5677 1804 5746 πρόσ-

229 5766 380 5817 ωπόν
419 5780 478 5815 σε
528 5764 838 5833 εὐλογήσει.
864 5783 881 5815 0
923 5765 1088 5834 Δῴης
1117 5765 1175 5819 δὲ
1209 5767 1330 5819 ἀντὶ
1362 5765 1456 5819 τοῦ
1484 5767 1676 5830 δώσεις
1712 5768 1808 5819 c6-

228 5856 421 5909 0:1:0:6v
472 5857 589 5908 ἀντὶ
628 5856 932 5924 μέλλοντος.
986 5860 1140 5910 Ἐστι
1174 5858 1228 5910 δέ
1266 5861 1359 5912 καὶ
1392 5860 1564 5921 ἄλλως
1616 5858 1805 5915 νοῆσαι

551 5950 822 6013 Ρηιιυι..
868 5954 982 6014 (in.
1058 5954 1155 6014 CX
1174 5952 1292 6015 LII.

1916 3274 2051 3342 πυρὶ
2082 3274 2181 3340 τῆς
2199 3272 2371 3341 ὀργῆς
2393 3288 2489 3324 σου
2525 3287 2539 3301 ⁸
2569 3272 2821 3325 κλίϐανον
2852 3275 2906 3326 δέ
2925 3276 3095 3344 πυρὸς
3117 3276 3177 3328 16
3199 3277 3486 3330 ὀπτανεῖον

1913 3365 2022 3416 τῶν
2058 3366 2239 3433 ἄρτων
2269 3382 2282 3395 ’
2318 3368 2405 3429 είς
2463 3366 2672 3433 καιρὸν
2717 3366 2773 3418 δὲ
2825 3366 2932 3419 τοῦ
2990 3367 3333 3433 προσώπου,
3367 3372 3487 3421 ἀντὶ

1911 3455 2003 3508 τοῦ
2039 3458 2095 3507 ἐν
2130 3456 2207 3526 τῷ
2235 3457 2411 3527 καιρῷ
2444 3460 2541 3527 τῆς
2573 3461 2901 3529 ἐπισκοπῆς,
2925 3462 3051 3512 ὅταν
3073 3461 3266 3530 ἐπίδης
3286 3462 3483 3524 αὐτοὺς

1910 3548 2199 3617 δυσμενής.
2233 3551 2530 3619 Πρόσωπον
2581 3550 2637 3602 δὲ
2668 3551 2876 3621 Κυρίου
2909 3552 2999 3603 ἐπί
3036 3552 3325 3615 ποιοῦντας
3388 3571 3460 3606 κα

1912 3640 2004 3703 0:0,
2034 3638 2129 3692 106
2154 3637 2536 3709 ἐξολοθρεῦσαι
2560 3643 2623 3693 ἐκ
2648 3642 2748 3708 γῆς
2778 3642 2838 3693 16
2880 3643 3227 3711 μνημόσυνον
3277 3645 3481 3698 αὐτῶν.

1988 3749 2005 3781 0
2049 3732 2249 3801 Κύριος
2282 3735 2339 3784 ἐν
2370 3732 2506 3802 ὀργῇ
2539 3732 2705 3786 αὐτοῦ
2763 3734 3088 3803 συνταράξει
3123 3735 3347 3798 αὐτοὺς,
3390 3739 3485 3787 καὶ

1913 3822 2293 3891 καταφάγεται
2335 3824 2529 3885 αὐτοῦς
2558 3823 2691 3893 πῦρ.
2753 3824 2859 3877 Τὸν
2889 3825 3102 3894 καρπὸν
3142 3826 3323 3877 αὐτῶν
3376 3826 3487 3881 0116

1912 3916 2014 3985 γῆς
2071 3916 2314 3981 ἀπολεῖς,
2348 3917 2443 3969 καὶ
2476 3917 2536 3969 τὸ
2581 3918 2803 3988 σπέρμα
2839 3918 3019 3970 αὐτῶν
3058 3918 3168 3970 ἀπὸ
3220 3918 3351 3969 υἱῶν
3390 3920 3486 3969 άν-

1911 4008 2165 4077 θρώπων.
2212 4026 2229 4058 0
2261 4037 2329 4047 —
2360 4008 2750 4076 Προαναφωνεῖ
2781 4010 2876 4078 τὴν
2921 4012 3032 4061 τῶν
3059 4010 3268 4079 ἐχθρῶν
3328 4010 3482 4063 011:6-

1911 4100 2079 4153 λειαν.
2118 4100 2227 4152 Καὶ
2265 4100 2663 4169 άπαριθμεῖται
2728 4101 2799 4153 τὰ
2865 4104 2978 4173 εῖόη
3025 4104 3133 4156 τῶν
3199 4103 3483 4174 τιμωριῶν

1912 4194 2092 4248 αὐτῶν
2118 4210 2129 4221 ·
2158 4194 2240 4247 ὅτι
2275 4195 2629 4263 πειραθέντες
2651 4194 2755 4264 τῆς
2801 4195 2947 4260 θείας
2976 4198 3147 4266 ὀργῆς
3212 4214 3482 4266 συνταρα-

1912 4285 2207 4353 χθήσονται
2239 4285 2507 4339 πάντοθεν
2558 4286 3012 4356 ἐξαπορούμενοι,
3056 4292 3149 4341 καὶ
3198 4289 3482 4358 πυρπολη-

1912 4376 2192 4447 θήσονται,
2225 4377 2320 4430 καὶ
2350 4380 2378 4429 ό
2409 4379 2619 4446 καρπὸς
2677 4379 2787 4431 τῶν
2822 4381 3108 4449 γεωργιῶν
3138 4382 3316 4434 αὐτῶν
3361 4382 3482 4435 6:0-

1912 4469 2271 4538 φθαρήσεται,
2300 4471 2391 4521 καὶ
2415 4470 2603 4532 ἁπλῶς
2621 4472 2798 4523 εἰπεῖν
2820 4473 3150 4525 ἀπολοῦνται
3180 4476 3447 4541 παγγενεί
3467 4491 3480 4504 ⁸

1842 4560 2069 4655 D10610
2134 4560 2242 4629 γὰρ
2305 4563 2506 4613 νοεῖται
2572 4561 2634 4613 16
2699 4562 2921 4630 σπέρμα
3000 4562 3115 4617 νῦν.
3189 4564 3354 4627 Υίούς
3429 4566 3484 4617 6‘:

1908 4652 2215 4719 ἀνθρώπων
2240 4654 2298 4705 16
2333 4655 2486 4720 γένος
2517 4652 2625 4705 τῶν
2654 4653 2956 4723 ἀνθρώπων
2985 4656 3273 4709 ἐκάλεσεν.

1988 4764 2007 4797 0
2048 4746 2169 4798 Ὀτι
2203 4747 2421 4800 ἔκλιναν
2473 4749 2549 4810 είς
2587 4748 2645 4800 σέ
2671 4749 2834 4803 κακά.
2876 4766 2894 4800 0
2928 4780 2993 4793 --
3022 4748 3211 4803 T0610
3268 4750 3484 4803 πείσον-

1913 4857 2024 4904 ται,
2060 4840 2194 4891 διότι
2233 4843 2595 4911 κεκινήκασιν
2628 4845 2706 4904 είς
2742 4844 2801 4897 σέ
2841 4846 2988 4897 κακά
3028 4843 3482 4913 βλασφημοῦντες

1912 4933 1974 4984 16
2003 4934 2093 4984 06v
2120 4932 2291 5000 ὄνομα
2326 4934 2422 4986 καὶ
2451 4936 2566 4998 τοῖς
2619 4935 2828 4999 δούλοις
2880 4934 3325 4999 ἐπιϐουλεύοντες
3384 4938 3482 4990 καὶ

1912 5024 2354 5088 κακοποιοῦντες.

1990 5136 2009 5169 0
2041 5118 2420 5187 Διελογίσαντο
2456 5119 2655 5190 βουλὴν
2686 5120 2753 5191 ἣν
2804 5121 2866 5175 οὐ
2922 5122 2996 5194 μή
3023 5122 3289 5177 δύνωνται
3348 5121 3484 5188 στῆ-

1913 5226 2024 5263 σαι.
2063 5228 2081 5259 0
2116 5237 2184 5248 —
2215 5210 2275 5263 Εί
2304 5211 2414 5281 γάρ
2444 5212 2537 5264 καὶ
2578 5211 2748 5264 πολλὰ
2776 5213 2922 5265 κατὰ
2957 5214 3052 5266 σοῦ
3104 5214 3198 5267 καὶ
3228 5214 3339 5266 τῶν
3369 5214 3481 5266 σῶν

1912 5304 2271 5372 ἐμελέτησαν,
2301 5305 2416 5357 ἀλλ’
2441 5304 2534 5358 οῦν
2563 5306 2665 5359 οὐκ
2698 5307 3018 5374 ίσχύσουσιν
3053 5309 3319 5376 ἐμμεῖναι
3370 5309 3482 5367 τοῖς

1911 5397 2249 5465 δεδογμένοις
2266 5413 2280 5427 ·
2304 5399 2815 5467 περιτραπήσονται
2842 5399 2951 5467 γάρ
2975 5399 3031 5451 αί
3050 5399 3256 5452 τούτων
3269 5399 3481 5468 βουλαί.

1988 5506 2005 5539 0
2046 5490 2165 5541 Ὀτι
2192 5489 2380 5559 θήσεις
2428 5491 2625 5552 αὐτοὺς
2671 5491 2858 5543 νῶτον.
2896 5509 2915 5543 0
2963 5492 3236 5554 -Νῶτος
3270 5491 3483 5558 γίνεται

1910 5583 1938 5635 6
1969 5581 2189 5649 φεύγων
2224 5598 2237 5613 ο
2268 5582 2419 5635 οὐδὲν
2454 5584 2564 5652 γὰρ
2605 5583 2795 5653 ἕτερον
2822 5584 2989 5636 αὐτοῦ
3030 5584 3283 5651 φαίνεται
3315 5582 3346 5653 ἢ
3387 5584 3481 5649 μό-

1912 5692 1998 5727 νον
2024 5676 2051 5726 ό
2072 5674 2259 5735 νῶτος.

1989 5782 2005 5814 0
2070 5765 2140 5815 Εν
2171 5767 2278 5825 τοῖς
2310 5763 2649 5825 πεοιλοίποις
2697 5780 2789 5815 σου
2824 5765 3137 5833 ἐτοιμάσεις
3170 5767 3228 5818 16
3269 5765 3483 5833 1:960:0-

1913 5875 2012 5912 πον
2038 5858 2233 5913 αὐτῶν.
2269 5875 2287 5909 0
2326 5886 2391 5898 -
2428 5854 2600 5911 Τοῦτο
2628 5858 2750 5911 καθ’
2791 5859 3095 5925 ὑπερϐατὸν
3126 5858 3485 5934 συνταξομεν⁹

2889 5950 2967 6017 I03
