4180 6440
708 408 850 471 i419

1904 392 2315 468 NIcErnom
2361 403 2776 466 nmmum;

3833 415 3975 479 1420

707 528 757 580 ει
786 525 1074 595 μέλλοιμεν
1106 526 1446 597 συντηρῆσαι
1503 526 1603 594 τὴν
1645 523 1971 579 ἀκολουθίαν
2030 522 2133 593 τῆς
2173 524 2288 576 δια-
2320 526 2362 582 Α
2396 536 2513 583 σου,
2546 540 2563 572 ι
2594 526 2840 577 τουτέστι
2880 524 2996 587 τοῖς
3027 526 3085 591 ἐξ
3115 528 3296 581 αὐτῶν
3340 529 3769 583 πεπιστευκόσιν
3794 535 3875 593 είς
3914 535 3974 584 σε

706 619 858 679 νοίας
897 631 909 644 ·
948 613 1060 672 οἷον
1093 618 1150 670 ἐν
1189 620 1299 679 τοῖς
1359 617 1700 687 περιλοίποις
1752 617 1931 671 αὐτῶν
1972 617 2281 685 ἐτοιμάσεις

702 715 762 765 τὸ
790 714 1082 782 πρόσωπον
1115 730 1129 745 ο
1163 713 1448 765 τουτέστιν
1484 713 1593 766 οὐδ’
1624 714 1674 765 οί
1706 710 2152 781 περιλειφθέντες
2176 711 2284 761 ἀπὸ

702 802 803 870 τῆς
861 806 920 857 ἐν
949 804 1025 872 τῷ
1051 802 1273 874 πολέμου
1306 803 1546 872 σφαγῆς,
1575 804 1672 858 καὶ
1698 806 1779 864 είς
1812 800 2027 870 σφαγὴν
2051 800 2285 870 τραπέν-

702 914 793 961 τες
832 896 1193 965 σωθήσονται,
1231 898 1367 951 ἀλλά
1417 901 1513 953 καὶ
1570 898 1692 951 κατ’
1741 898 1921 951 αὐτῶν
1976 895 2285 964 ἐπισκοπὴν

700 991 799 1060 τὴν
832 991 933 1060 σὴν
962 992 1307 1061 εὖτρεπίσεις
1337 991 1481 1045 ὥστε
1514 992 1590 1061 μὴ
1636 990 1921 1059 διαφυγεῖν
1952 989 2175 1049 αὐτούς.

777 1102 796 1135 ε
846 1082 1148 1153 ’Υψώθητι,
1186 1084 1380 1153 Κύριε,
1413 1086 1472 1137 ἐν
1499 1089 1565 1154 τῇ
1598 1084 1833 1152 δυνάμει
1878 1100 1997 1137 σου.
2043 1100 2061 1132 ι
2090 1111 2155 1122 --
2198 1082 2286 1135 Ἐν

698 1176 781 1245 τῷ
828 1177 1044 1246 έσδόμῳ
1093 1175 1296 1245 ψαλμῷ
1344 1178 1740 1245 σεσαφήνισται
1798 1177 1850 1227 τί
1917 1175 2171 1243 σημαίνει
2226 1176 2288 1227 τὸ

702 1268 975 1334 ὑψώθητι
1008 1285 1022 1299 .
1059 1268 1121 1321 τδ
1161 1270 1334 1338 παρδν
1368 1270 1475 1338 γὰρ
1503 1269 1670 1336 ρητδν
1698 1270 1893 1322 ταυτὸν
1925 1269 2151 1320 δύναται
2181 1267 2279 1336 τῷ»

712 1358 991 1429 ’Υψώθητι
1024 1361 1081 1411 ἐν
1108 1362 1217 1421 τοῖς
1247 1360 1441 1429 πέρασι
1465 1360 1572 1413 τῶν
1602 1360 1811 1429 ἐχθρῶν
1846 1376 1961 1412 σου.

778 1469 797 1502 ε
846 1453 1092 1523 ’ᾼσομεν
1158 1457 1252 1505 καὶ
1276 1451 1557 1521 ψαλοῦμεν
1606 1454 1707 1514 τὰς
1734 1454 2057 1515 δυναστείας
2111 1472 2225 1509 σου.
2262 1475 2279 1507 ι

708 1576 775 1587 -
815 1546 905 1597 Ἐν
927 1546 1004 1613 τῷ
1032 1547 1175 1598 τέλει
1215 1546 1309 1599 τοῦ
1339 1546 1647 1600 δωδεκάτου
1681 1546 1900 1616 ψαλμοῦ
1934 1548 2289 1618 προδιελάσο-

708 1654 809 1705 μεν
839 1638 890 1689 τί
916 1636 1198 1706 βούλονται
1234 1640 1292 1691 τὸ
1346 1640 1466 1709 ᾷσω
1521 1640 1614 1691 καὶ
1650 1638 1828 1707 ψαλῶ.
1884 1641 2040 1703 Τινὲς
2092 1642 2148 1695 δὲ
2198 1643 2291 1695 καὶ

703 1730 793 1782 τὸν
826 1732 1073 1797 παρόντα
1094 1731 1310 1801 ψαλμὸν
1337 1734 1413 1801 τῷ
1440 1734 1606 1786 Δαυῖδ
1656 1735 1960 1802 ἀρμόζουσι
1990 1748 2003 1763 ο
2039 1735 2288 1811 λέγοντες

705 1823 847 1893 ὑπὲρ
899 1824 1094 1878 ἑαυτοῦ
1127 1826 1318 1878 τοῦτον
1354 1825 1501 1896 ᾆσαι.
1540 1826 1599 1879 El
1663 1826 1719 1877 δὲ
1783 1825 1944 1879 τοῦτο
1993 1827 2283 1897 δεξόμεθα,

2400 611 2492 663 τὸν
2532 613 2665 665 rm
2693 618 2787 668 καὶ
2847 615 3219 683 ὑπολειφθεῖσι
3252 636 3355 683 σοι,
3411 620 3743 689 ἐτοιμάσεις,
3801 626 3976 694 ἤγουν

2391 706 2695 775 κοσμήσεις
2720 707 2815 760 καὶ
2847 708 3093 775 δοξάσεις
3117 711 3177 762 τὸ
3207 713 3363 779 γένος
3410 713 3592 765 αὐτῶν
3622 730 3636 746 ο
3668 714 3798 779 δόξα
3856 718 3969 783 γὰρ

2389 798 2506 859 τοῖς
2542 797 2818 868 Ἐδραίοις
2853 802 2989 866 τέως
3013 805 3097 857 ὅτι
3130 806 3369 875 πατέρες
3387 806 3497 859 τῶν
3530 809 3848 863 ἀποστόλων
3881 827 3973 875 γε·-

2391 890 2638 956 γὸνασιν.
2669 890 2731 944 Εί
2761 894 2854 945 καὶ
2884 896 3010 948 καθ’
3040 898 3268 959 ἐαυτοίις
3314 898 3494 963 ἄδοξοί
3524 903 3633 951 εἱσι
3650 900 3761 953 -καὶ
3836 918 3973 967 φευ-

2391 984 2513 1035 κτοὶ
2595 986 2910 1055 ἀρμόζομεν
2964 989 3178 1060 ψαλμὸν
3232 990 3421 1044 τοῦτον
3475 994 3569 1045 καί⁵
3621 993 3699 1061 τῷ
3757 994 3975 1062 βασιλεῖ

2389 1077 2550 1144 ἡμῶν
2580 1081 2722 1134 κατὰ
2752 1080 2861 1133 τῶν
2894 1082 3193 1154 βαρϐάρων
3217 1084 3291 1148 ὡς
3327 1087 3418 1140 καλ⁵
3446 1086 3539 1140 τὸν
3566 1086 3861 1156 πρότερον.

2950 1219 3244 1272 ΨΑΔΜΟΣ
3272 1224 3403 1275 KA'.

2469 1371 2487 1403 ε
2522 1353 2615 1415 Είς
2639 1354 2699 1406 τὸ
2727 1355 2902 1419 τέλος,
2935 1356 3079 1426 ὺπέρ
3118 1357 3217 1426 τῆς
3248 1357 3591 1426 ἀντιλήψεως
3642 1361 3743 1426 τῆς
3810 1358 3973 1411 ἑωθι-

2391 1442 2505 1509 νῆς,
2540 1444 2751 1513 ψιλμδς
2780 1448 2860 1517 τῷ
2889 1448 3070 1501 Δαυΐδ.
3116 1466 3134 1497 ι
3164 1476 3232 1488 -
3274 1449 3332 1502 Ὀ
3362 1448 3577 1517 ψαλμδς
3608 1447 3763 1510 οὗτος
3802 1464 3975 1517 φαίνει

2394 1533 2502 1605 ρῶς
2535 1538 2616 1600 είς
2653 1538 2896 1606 Χριστὸν
2944 1541 3205 1606 ἀνάγεται
3248 1556 3263 1571 ο
3308 1540 3676 1611 προαγορεύει
3736 1541 3855 1609 γὰρ
3907 1539 3976 1591 τά

2392 1629 2486 1683 τοῦ
2518 1632 2953 1701 προσλήμματος
2985 1636 3081 1688 καὶ
3110 1633 3178 1687 τά
3201 1631 3295 1686 τοῦ
3330 1634 3600 1702 σωτηρίου
3635 1631 3849 1693 πάθους
3874 1631 3976 1683 αὖα

2392 1721 2486 1773 τοῦ
2522 1721 2557 1775 ἃ
2586 1722 2739 1785 τέλος
2791 1724 3101 1791 εἰλήφασιν.
3146 1726 3319 1794 ’Υπὲρ
3363 1724 3463 1792 τῆς
3516 1722 3865 1793 ἀντιλήψεως
3918 1720 3972 1772 δὲ

2396 1814 2803 1885 ἐπιγέγραπται
2847 1816 2935 1869 διὰ
2976 1818 3037 1868 τὸ
3094 1818 3366 1886 περιέχειν
3416 1818 3627 1869 ίκεσίαν
3676 1816 3822 1885 ὑπὲρ
3873 1815 3968 1867 τοῦ

705 1918 905 1969 κωλύει
938 1919 1047 1984 γάρ
1073 1919 1245 1981 οὐδὲν,
1289 1919 1830 1988 μεθερμηνεύσωμεν
1857 1923 1926 1973 τὰ
1970 1923 2111 1991 ρητά
2146 1937 2159 1951 ’
2189 1924 2283 1975 καλ⁵
2316 1915 2362 1975 Β
2394 1902 2572 1956 ἐλθεῖν
2612 1904 2758 1973 αὖτῴ
2793 1908 2943 1975 παρὰ
2976 1907 3071 1959 τοῦ
3126 1908 3341 1976 Πατρδῖ
3402 1908 3460 1959 δν
3508 1906 3588 1976 τῷ
3644 1905 3828 1975 καιρῷ
3884 1902 3976 1955 τοῦ

704 2011 815 2079 γὰρ
852 2011 1052 2065 αὐτίκα
1081 2010 1160 2076 τὸ,
1203 2030 1222 2063 ι
1277 2011 1367 2066 Ἐν
1395 2016 1462 2084 τῇ
1499 2014 1730 2081 δυνάμει
1783 2031 1877 2066 σου
1910 2015 2283 2086 εὐφρανθήσε-

704 2122 794 2155 ται
829 2104 922 2154 καὶ
949 2105 1040 2155 ἐπὶ
1100 2104 1176 2172 τῷ
1223 2106 1477 2175 σωτηρίῳ
1537 2106 1951 2172 ἁγαλλιάσεται,
1993 2126 2012 2159 ι
2050 2108 2138 2161 διὰ
2195 2109 2288 2163 τὸν

706 2194 945 2262 Χριστὸν
1008 2193 1263 2261 είρῆσθαι
1321 2193 1633 2264 νοήσομεν”
1672 2197 1797 2249 ἐπεὶ
1854 2197 2288 2267 γάρὸΧριστδς

708 2288 800 2337 καὶ
826 2284 963 2337 Θεοῦ
997 2287 1113 2337 ἐστι
1144 2287 1375 2354 δύναμις
1403 2305 1416 2317 ·
1458 2288 1593 2356 φησὶ
1616 2288 1724 2358 γὰρ
1755 2292 1782 2343 6
1816 2294 1989 2359 μέγας
2033 2292 2242 2353 Παῦλος
2270 2308 2287 2324 °

720 2393 738 2425 ε
782 2375 1016 2443 Χριστὸς
1054 2375 1191 2427 Θεοῦ
1223 2376 1477 2443 δύναμις,
1516 2397 1532 2428 ι
1562 2377 1655 2429 καὶ
1703 2379 1866 2432 πάλιν
1914 2383 1941 2433 ό
1988 2382 2153 2444 αὐτὸς
2195 2385 2288 2436 καί

711 2472 896 2540 σωτήρ
955 2472 1069 2523 ἐστι
1110 2487 1125 2501 ο
1154 2470 1305 2539 φησὶ,
1340 2471 1449 2538 γάρ
1479 2472 1506 2523 6
1558 2470 1966 2541 Εύα,’γελιστής
1995 2490 2010 2505 ·
2049 2492 2067 2525 ε
2118 2474 2290 2538 Αὐτὸς

708 2564 818 2634 γάρ
862 2564 1025 2617 σώσει
1055 2565 1147 2617 τὸν
1178 2566 1309 2617 λαὸν
1338 2564 1505 2618 αὑτοῦ
1541 2581 1554 2595 ·
1603 2584 1621 2618 ι
1668 2566 1809 2633 πρὸς
1841 2568 1941 2635 μὲν
1967 2568 2058 2620 τὸν
2119 2568 2293 2622 Πατέ-

714 2673 784 2723 ρα
846 2652 990 2719 εἷπε,
1026 2673 1045 2706 ε
1094 2657 1288 2725 Κύριε,
1328 2658 1384 2709 ἐν
1435 2660 1503 2727 τῇ
1554 2659 1782 2729 δυνάμει
1820 2676 1914 2712 σου
1942 2676 1956 2691 ’
2002 2680 2020 2712 ι
2067 2665 2199 2730 πρὸς
2236 2664 2293 2717 δὲ

714 2746 808 2798 τὸν
864 2746 1013 2810 ὶίὺν,
1056 2764 1072 2796 ι
1120 2747 1231 2800 Καὶ
1276 2749 1370 2801 ἐπὶ
1414 2746 1491 2815 τῷ
1540 2751 1799 2820 σωτηρίῳ
1849 2767 1966 2815 σου,
1999 2755 2293 2806 »τουτέστι

712 2839 779 2906 τῇ
846 2840 991 2905 παρὰ
1039 2837 1134 2889 σοῦ
1189 2840 1455 2910 γινομένῃ
1488 2839 1737 2911 σωτηρίᾳ
1764 2842 1875 2893 τῶν
1928 2842 2234 2912 ἀνθρώπων
2274 2858 2287 2874 ο

714 2925 859 2977 οὕτω
893 2927 949 2977 ὁὶ
990 2929 1083 2980 καὶ
1116 2930 1195 2990 εἰς
1225 2929 1284 2979 τὸ
1313 2928 1440 2997 ἑξῆς
1475 2945 1490 2961 ο
1520 2929 1587 2982 τά
1622 2932 1719 2998 μὲν
1751 2931 1887 3001 πρὸς
1914 2933 2005 2986 τὸν
2052 2934 2294 3005 Πατέρα,

715 3017 783 3068 τὰ
819 3017 873 3068 δὲ
911 3020 1047 3085 πρὸς
1079 3019 1171 3070 τὸν
1201 3019 1327 3072 Υίὸν
1352 3019 1557 3087 λέγοιτ’
1580 3022 1667 3076 ἀν.
1706 3024 1817 3075 Καὶ
1841 3023 2012 3086 ὅντως
2046 3026 2298 3095 ηὐφράν-

716 3109 785 3175 θη
822 3110 917 3161 και
968 3110 1341 3177 ἠγαλλιάσατο
1398 3113 1563 3165 Δαυῖδ
1620 3114 1960 3185 θεασάμενος
2017 3119 2111 3169 καὶ
2159 3118 2298 3185 μετά

720 3202 953 3254 θάνατον
991 3201 1053 3253 τὸ
1085 3202 1185 3270 τῆς
1251 3202 1401 3266 θείας
1461 3205 1931 3277 ἐνανθρωπήσεως
1975 3212 2293 3281 μυστήριον.

719 3294 779 3345 Ei
811 3292 919 3360 γὰρ
949 3291 1046 3361 τὴν
1079 3292 1248 3361 ἀχλὺν
1278 3296 1376 3365 τῆς
1407 3296 1611 3365 σαρκὸς
1658 3299 2049 3367 περικείμενος
2078 3300 2165 3353 ἔτι
2186 3303 2299 3364 τοῖς

716 3384 813 3453 τῆς
845 3383 1021 3452 ψυχῆς
1055 3385 1354 3454 ὀφθαλμοῖς
1384 3381 1494 3438 εἶδε
1526 3388 1591 3440 τὰ
1634 3389 1920 3457 μέλλοντα,
1951 3392 2133 3462 πολλῴ
2167 3394 2302 3462 μᾶλ-

720 3477 813 3529 λον
846 3477 1053 3546 ταύτην
1084 3476 1444 3546 ἀποθέμενος,
1475 3479 1864 3551 καθαρώτερον
1891 3483 2039 3551 ἐώρα
2071 3485 2165 3538 καλ.
2199 3502 2300 3555 τη-

722 3570 1090 3636 λαυγέστερον
1128 3586 1141 3599 ·
1174 3570 1487 3634 ἀκολούθως
1519 3572 1574 3625 δέ
1606 3576 1701 3625 καὶ
1735 3574 2041 3644 ἐπιθυμίαν
2072 3576 2302 3645 καρδίας

725 3660 1141 3729 ὑποληψόμεθα,
1172 3663 1261 3715 τὸν
1298 3664 1462 3716 πόθον
1505 3666 1601 3717 τοῦ
1638 3666 1768 3719 ίδεῖν
1794 3668 1895 3735 τὴν
1926 3667 2019 3719 τοῦ
2052 3669 2303 3737 Σωτῆρος

725 3753 1141 3823 ἐνανθρώπησιν
1172 3750 1238 3825 ἧς
1268 3757 1483 3823 προεῖδε
1508 3757 1599 3809 τὸν
1633 3757 1694 3809 τύ
1707 3774 1822 3811 πον.
1853 3757 2085 3829 Θέλησις
2105 3759 2162 3811 δὲ
2194 3761 2303 3813 τῶν

724 3844 949 3913 χειλέων
982 3850 1042 3897 τὸ
1075 3844 1250 3898 θέλειν
1278 3846 1365 3899 διὰ
1401 3846 1602 3909 παντὸς
1634 3847 1782 3916 ᾅδειν
1807 3847 1945 3918 Θεῷ.
1974 3850 2083 3903 Καὶ
2117 3851 2303 3919 μέντοι

743 3939 838 3987 καὶ
873 3937 986 4007 ᾄδει
1022 3939 1278 4001 πάντοτε,
1305 3940 1415 4000 τοῖς
1445 3939 1557 3990 τῶν
1580 3942 1789 3992 πιστῶν
1827 3941 2031 4009 χείλεσι
2078 3941 2306 4012 χρώμε-

728 4045 815 4091 νος
837 4045 854 4058 ⁸
887 4029 1034 4098 ζωὴν
1063 4030 1119 4083 δὲ
1155 4032 1400 4100 ᾐτήσατο
1432 4032 1527 4082 καὶ
1585 4032 1766 4097 ἐλασε,
1799 4032 2062 4095 πολλάκις
2123 4034 2303 4086 κινδυ-

727 4122 926 4184 νεύσας
957 4124 1253 4175 ἀποθανεῖν
1302 4124 1443 4193 ὑιτὲρ
1475 4122 1685 4193 ἐχθρῶν
1711 4125 1807 4177 καὶ
1838 4124 1906 4176 δι’
1929 4126 2095 4194 εὐχῆς
2150 4141 2307 4194 περι-

731 4215 944 4277 σωθείς.
979 4217 1209 4283 Μεγάλη
1258 4217 1311 4268 δέ
1348 4220 1376 4285 η
1413 4217 1540 4279 δόξα
1585 4217 1750 4269 αὐτοῦ
1785 4220 1843 4269 ἐν
1894 4217 1973 4286 τῷ
2026 4219 2302 4289 σωτηρίῳ,

729 4310 978 4360 τουτέστι
1008 4309 1095 4361 διὰ
1131 4310 1228 4377 τὴν
1286 4311 1439 4376 παρά
1511 4309 1605 4361 σοῦ
1657 4309 1957 4378 σωτηρίαν.
2012 4310 2305 4381 Ἐδοξάσθη

730 4400 840 4468 γὰρ
864 4401 1099 4465 ἀληθῶς,
1131 4402 1213 4451 ὅτι
1245 4403 1308 4452 ἐκ
1362 4401 1461 4467 τῆς
1518 4402 1673 4470 ῥίζης
1735 4402 1901 4456 αὐτοῦ
1967 4404 2000 4472 ἠ
2059 4402 2306 4473 σωτηρία

728 4493 893 4559 ἡμῶν
926 4492 1253 4561 ἐϐλάστησε,
1289 4494 1384 4545 καὶ
1416 4495 1588 4561 μέγας
1654 4497 1847 4561 γέγονε
1894 4497 1990 4547 καὶ
2040 4496 2307 4567 περιϐόη-

2392 1995 2600 2059 πάθους
2648 1998 2939 2067 ἀντίληψιν
2998 2000 3376 2068 ἐνισχύουσαν.
3430 1998 3546 2068 Τῆς
3596 1997 3861 2064 ἑωθινῆς
3922 1997 3976 2047 δδ

2392 2088 2740 2154 πρόσκειται,
2773 2089 2892 2143 ἀντί.
2924 2089 3018 2140 τοῦ
3058 2090 3157 2156 τῆς
3190 2090 3284 2142 τοῦ
3310 2088 3550 2159 Χριστοῦ
3579 2106 3594 2120 ο
3628 2087 3839 2158 δρθρος
3865 2088 3975 2156 γάρ

2391 2179 2545 2242 οὗτος
2574 2183 2922 2249 ὀνομάζεται,
2950 2182 2976 2234 ὅ
3009 2186 3159 2235 ἐστιν
3187 2182 3400 2252 ἡμέρας
3429 2182 3569 2251 ἀρχή
3605 2196 3620 2211 ⁸
3650 2181 3826 2240 6m;
3870 2183 3978 2249 γὰρ

2393 2274 2664 2326 ἀνέτειλεν
2698 2278 2833 2344 ἡμῖν
2854 2278 2951 2344 τῆς
2982 2277 3041 2327 ἐν
3071 2275 3149 2345 τῷ
3184 2277 3364 2328 σκότει
3390 2276 3489 2344 τῆς
3538 2276 3747 2344 πλάνης
3804 2275 3978 2342 καθη-

2396 2367 2577 2435 μένοις
2630 2366 2779 2436 ἥλιος
2822 2368 3199 2436 δικαιοσύνης,
3229 2371 3323 2421 καὶ
3367 2369 3481 2435 φῶς
3514 2368 3775 2435 γνώσεως
3817 2382 3833 2398 ·
3870 2367 3981 2418 ίκε-

2392 2458 2541 2511 τεύει
2573 2459 2628 2511 δὲ
2662 2460 2736 2521 ὡς
2770 2459 3057 2531 ἄνθρωπος
3083 2461 3353 2514 διδάσκων
3402 2460 3658 2530 εὔχεσθαι
3694 2460 3847 2512 κατά
3890 2461 3982 2510 τὶν

2392 2550 2488 2603 τοῦ
2518 2552 2748 2605 θανάτου
2787 2550 2978 2621 καιρόν
3004 2567 3020 2582 ·
3051 2552 3215 2621 φύσει
3272 2552 3382 2619 γάρ
3446 2552 3568 2603 τότε
3627 2551 3722 2602 καὶ
3750 2552 3777 2602 6
3832 2548 3981 2600 πάνυ

2394 2645 2603 2707 δίκαιος
2635 2644 2813 2715 δειλιᾷ
2845 2646 2905 2697 τὸ
2945 2644 3134 2698 καινὸν
3178 2643 3279 2713 τῆς
3318 2643 3668 2705 διαζεύξεως.
3716 2641 3884 2702 Τινὲς
3926 2640 3983 2691 δὲ

2398 2736 2645 2798 νοοῦντες
2678 2737 2942 2807 πρόθεσιν
2971 2738 3091 2791 ἀντὶ
3141 2737 3476 2807 προθέσεως,
3528 2734 3649 2796 ἐθος
3709 2735 3824 2801 γάρ
3888 2734 3987 2783 καὶ

2396 2827 2557 2881 τοῦτο
2581 2833 2695 2893 τοῖς
2727 2830 3004 2893 παλαιοῖς,
3031 2831 3168 2898 φασὶ
3217 2830 3308 2881 τὸν
3335 2826 3550 2898 ψαλμὸν
3605 2825 3797 2879 τοῦτον
3842 2819 3989 2876 εῖναι

2399 2924 2529 2991 περὶ
2563 2924 2671 2975 τῶν
2703 2922 2893 2977 παθῶν
2931 2922 3024 2976 τοῦ
3048 2920 3292 2990 Χριστοῦ
3322 2936 3337 2951 ·
3366 2920 3541 2973 ταῦτα
3571 2920 3679 2987 γάρ
3711 2919 3855 2968 εἰσιν
3885 2917 3990 2967 ἑω-

2400 3012 2520 3083 θινὴ
2561 3013 2847 3084 ἀντίληψις
2880 3014 2962 3068 ὅτι
3013 3016 3135 3068 τότε
3189 3014 3392 3083 μᾶλλον
3448 3009 3770 3066 ἀντελάϐετο
3819 3009 3988 3077 ἡμῶν

2402 3106 2431 3156 6
2453 3104 2715 3173 δηλωθεὶς
2739 3105 2958 3175 ὄρθρος,
2986 3106 3014 3158 ὅ
3043 3108 3159 3159 ἐστι
3226 3103 3461 3175 Χριστός
3496 3118 3510 3132 ⁶
3543 3101 3773 3170 θανάτῳ
3829 3102 3990 3169 νική·

2404 3214 2501 3260 σας
2536 3197 2628 3249 τὸν
2661 3198 2723 3250 τὸ
2746 3198 2948 3266 κράτος
2978 3198 3171 3266 ἔχοντα
3194 3197 3289 3248 τοῦ
3328 3196 3583 3249 θανάτου.

2483 3307 2501 3341 ε
2545 3287 2604 3342 '0
2658 3290 2828 3355 Θεὸς,
2884 3293 2912 3344 6
2973 3290 3103 3351 Θεός
3169 3306 3272 3357 μου
3308 3292 3578 3358 πρόσσχες
3635 3304 3730 3355 μοι
3763 3302 3778 3318 ·
3839 3283 3991 3337 ίνατί

2402 3384 2767 3450 ἐγκατέλιπές
2823 3399 2933 3452 με;
2972 3383 3336 3443 ι-Δειλίας
3390 3382 3490 3450 μὲν
3546 3377 3907 3447 ἀνθρωπίνης
3965 3379 3994 3426 ό

2401 3479 2560 3544 λόγος
2594 3492 2608 3507 ο
2636 3476 2923 3530 πιστοῦται
2961 3477 3018 3529 δὲ
3072 3477 3231 3529 τοῦτο
3286 3475 3385 3543 τὴν
3433 3473 3856 3541 ἐνανθρώπησιν
3904 3472 3992 3523 δτι

2402 3571 2609 3633 τέλειος
2637 3570 2714 3622 ὢν
2764 3569 3053 3638 ἄνθρωπος
3088 3586 3100 3600 ·
3140 3568 3235 3621 καὶ
3302 3568 3380 3634 τῷ
3438 3567 3651 3635 φυσικῷ
3690 3564 3844 3632 φόϐῳ
3886 3565 3994 3615 ὑπ-

2405 3665 2601 3716 έκειτο.
2666 3663 2942 3729 Πρόσχες
2995 3678 3097 3730 μοι
3132 3676 3144 3691 ’
3176 3661 3400 3712 είώθασι
3462 3660 3570 3727 γάρ
3616 3661 3663 3710 οί
3723 3674 3998 3725 παραχωο

2407 3754 2633 3825 ροῦντές
2668 3769 2792 3806 τινα
2840 3750 3061 3821 δημίοις
3118 3750 3484 3819 ἀποστρέφειν
3524 3748 3618 3808 τάς
3650 3745 3802 3812 ιψεις
3864 3746 3996 3796 ἐαυ-

2405 3849 2536 3902 τῶν.
2567 3848 2702 3903 Ἰνα
2729 3848 2784 3898 τί
2830 3862 2906 3914 με
2965 3843 3355 3911 ἐγκατέλιπες
3385 3855 3399 3869 ο
3436 3840 3529 3890 καὶ
3583 3837 3688 3907 μὴν
3726 3836 3995 3888 οὐδέποτε

2404 3942 2595 4009 διέστη
2631 3938 2822 4003 αὐτοῦ,
2860 3937 3006 3999 ἀπαξ
3056 3935 3349 3995 ἐνωθέντος
3400 3931 3478 4000 τῷ
3530 3930 3647 3997 Υίῷ
3684 3930 3779 3981 καὶ
3814 3928 3946 3995 Θεῷ
3979 3945 3992 3957 ·

2405 4034 2526 4087 ἀλλ’
2566 4029 3066 4098 ἐγκαταλελεῖφθαι
3102 4028 3249 4093 λέγει
3275 4025 3361 4080 διὰ
3383 4024 3483 4094 τὴν
3510 4023 3711 4077 δειλίαν
3742 4038 3756 4052 ·
3799 4020 3853 4072 εί
3882 4021 4000 4089 γάρ

2408 4127 2496 4190 σὺ,
2551 4127 2707 4195 φησι,
2770 4123 2870 4191 τὴν
2930 4122 3080 4190 παρά
3145 4119 3239 4171 σοῦ
3300 4117 3554 4187 βοήθειαν
3607 4114 3998 4182 italu-.051

2406 4215 2473 4269 ἀν
2496 4214 2608 4284 ἐγὼ
2636 4215 2728 4267 τὸν
2752 4213 2986 4267 θάνατον
3022 4212 3299 4264 ἐδειλίασα
3333 4224 3347 4239 ·
3386 4210 3515 4279 περὶ
3549 4207 3756 4273 ταύτης
3789 4204 3850 4257 δὲ
3894 4203 3997 4270 τῆς

2407 4310 2614 4373 δειλίας
2640 4312 2734 4363 καὶ
2766 4309 2817 4362 οί
2850 4306 3242 4375 εὐαγγελισταὶ
3266 4302 3528 4368 διεξίασιν
3556 4317 3569 4330 ⁸
3600 4301 3682 4353 an
3703 4300 3797 4352 καί
3817 4314 3998 4367 προτ-

2410 4403 2617 4473 ηύξατο
2647 4400 2943 4470 παρελθεῖν
2994 4400 3055 4452 τὺ
3108 4397 3203 4450 τοῦ
3256 4397 3488 4451 θανάτου
3544 4396 3807 4465 ποτήριον
3840 4408 3858 4423 ·
3902 4394 4000 4446 καὶ

2412 4495 2622 4549 αὑτὸδὲ
2656 4494 2779 4548 εῐπε
2803 4494 2866 4546 τὸ
2888 4490 2982 4545 τοῦ
3013 4491 3232 4561 ψαλμοῦ
3263 4489 3427 4561 ῥητὸν
3452 4488 3541 4540 ἐπὶ
3574 4486 3668 4538 τοῦ
3703 4485 3954 4551 σταυροῦ
3984 4522 3998 4537 ,

732 4599 847 4643 τος.
881 4584 1186 4652 Εὑφρανεῖς
1214 4584 1270 4636 δὲ
1304 4584 1469 4637 αὑτὸν
1507 4588 1563 4636 ὲν
1588 4587 1732 4655 χαρᾷ
1769 4586 1908 4652 μετά
1941 4585 2037 4640 τοῦ
2090 4585 2306 4656 προσώ-
2340 4604 2384 4659 ι)
2418 4609 2436 4642 ι
2461 4591 2561 4643 Θεέ
2583 4606 2683 4659 μου
2700 4588 2788 4642 ἶνα
2808 4587 2859 4638 τί
2879 4584 3236 4653 ἐγκατέλιπες
3260 4599 3275 4649 ;
3302 4581 3574 4652 ήγουνῖνα
3596 4580 3647 4633 τί
3676 4595 3740 4646 με
3758 4579 4000 4647 ιγκατέ-

736 4691 839 4724 που
874 4691 990 4736 σου,
1025 4677 1144 4726 ἀντὶ
1172 4676 1265 4727 τοῦ
1305 4677 1530 4745 τέρψεις
1562 4676 1725 4728 αὐτὸν
1764 4675 1853 4728 διὰ
1878 4675 1972 4728 τοῦ
2005 4675 2136 4728 Υίοῦ
2168 4694 2260 4729 σου
2297 4693 2309 4706 ·

736 4767 1031 4834 πρόσωπον
1066 4767 1175 4836 γάρ
1213 4767 1474 4837 Πατρίδςό
1510 4767 1637 4829 Υἱός
1672 4784 1687 4799 ·
1718 4768 1853 4835 φησι
1883 4769 2010 4836 γὰρ,
2048 4786 2065 4818 ι
2105 4768 2165 4821 'O
2212 4770 2314 4821 ἑω-

739 4857 922 4928 ρακὼς
953 4860 1050 4929 ἐμὲ
1072 4861 1289 4928 ἑώρακε
1318 4863 1408 4911 τὸν
1438 4861 1661 4929 Πατέρα
1689 4877 1795 4929 μου
1830 4877 1845 4892 ο
1878 4860 2109 4929 ἐχθροὺς
2140 4860 2195 4913 δὲ
2218 4860 2313 4914 τοῦ

736 4951 876 5003 Θεοῦ
908 4954 1124 5019 νοήσεις
1158 4954 1282 5015 τοὺς
1347 4952 1742 5021 μισοχρίστευς
1780 4952 2072 5016 Ἰουδαίους
2112 4948 2194 5014 οἷς
2224 4957 2317 5006 καὶ

740 5048 805 5096 τὰ
837 5045 1115 5115 δεινότερα
1144 5049 1414 5116 ἐπαρᾶται
1444 5052 1535 5098 καὶ
1564 5046 1903 5115 προφητεύει
1928 5044 1962 5098 ἀ
1986 5046 2317 5100 πεπόνθασιν

742 5135 816 5193 ὧν
844 5142 904 5193 τὸ
942 5142 1165 5210 σπέρμα
1216 5142 1551 5214 πανολεθρία
1603 5142 1877 5213 διεφθάρη
1906 5158 1923 5175 ο
1954 5142 2158 5213 δηλαδὴ
2209 5143 2317 5195 τῶν

746 5236 1185 5303 σταυρωσάντων
1206 5237 1298 5287 τὸν
1331 5236 1538 5304 Κύριον
1577 5253 1591 5267 ⁸
1624 5238 1672 5288 οί
1714 5237 1825 5306 γὰρ
1859 5239 1915 5288 ἐν
1950 5239 2069 5298 ταῖς
2097 5236 2318 5288 διασπο-

750 5330 869 5393 ραῖς
898 5328 1330 5395 διαπεφεύγασιν
1384 5331 1595 5381 ἐκεῖνον
1641 5329 1734 5381 τὸν
1772 5328 2015 5398 ὄλεθρον.
2058 5347 2077 5380 ι
2120 5329 2320 5397 Θήσεις

750 5420 807 5470 δέ
849 5420 1156 5481 αὐτοὺςπώς
1221 5420 1473 5473 κλίϐανον
1514 5421 1686 5489 πυρὸς
1746 5422 1804 5472 ἐν
1862 5421 1938 5489 τῷ
1992 5419 2167 5489 καιρῷ
2226 5417 2320 5472 τοῦ

748 5510 1039 5579 προσώπου
1077 5530 1169 5566 σου
1206 5527 1220 5544 ·
1253 5530 1272 5563 ι
1318 5514 1515 5583 δηλαδὴ
1564 5514 1656 5565 τοῦ
1699 5513 1829 5565 Υίοῦ
1868 5527 1986 5576 σου,
2026 5512 2208 5572 καθὼς
2241 5514 2320 5563 εί-

750 5606 1000 5672 ρήκαμεν
1036 5620 1049 5633 ·
1081 5604 1220 5673 μετά
1280 5607 1387 5673 γὰρ
1452 5606 1549 5675 τὴν
1604 5606 1900 5673 ἐπιδημίαν
1950 5603 2323 5668 αὑτοῦ,τοῦτο

751 5696 1076 5761 πεπόνθασι,
1118 5698 1213 5749 καὶ
1243 5698 1477 5768 ἤρξαντο
1532 5698 1650 5750 κατ’
1686 5696 1868 5750 αὐτῶν
1926 5695 2199 5766 φύρεσθαι
2256 5698 2324 5747 τὰ

753 5790 903 5841 δεινά
937 5806 952 5821 ·
987 5790 1082 5859 ἀφ’
1127 5784 1186 5842 οὗ
1220 5794 1247 5843 6
1276 5790 1510 5859 Χριστὸς
1549 5786 1702 5843 εἶπεν
1737 5790 1946 5853 αὐτοῖς,
1991 5808 2009 5840 ε
2060 5788 2322 5859 ’Δρθήσε-

753 5896 839 5932 ται
872 5879 963 5950 ἀφ’
996 5880 1197 5951 ὑμῶνη
1226 5879 1474 5951 βασιλεία
1504 5896 1516 5909 ·
1557 5898 1575 5932 ι
1618 5882 1675 5934 ἐν
1707 5878 1761 5933 δὲ
1792 5880 1902 5942 τοῖς
1934 5894 1952 5930 ι
1985 5874 2324 5947 περιλοίποις

2415 4683 2572 4743 λιπες
2603 4682 2681 4743 είς
2699 4680 2899 4732 δειλίαν
2925 4676 3114 4745 ;είδὼς
3131 4677 3215 4729 ὃτι
3230 4677 3290 4727 τὸ
3308 4675 3406 4745 μὲν
3426 4674 3643 4742 πνεῦμα
3678 4673 3998 4741 πρόθυμον,

2416 4774 2450 4843 ὴ
2482 4773 2537 4825 δέ
2583 4772 2718 4841 σὰρξ
2746 4769 2982 4839 ἀσθενής
3016 4782 3032 4798 ο
3070 4768 3130 4836 ἢ,
3160 4765 3262 4819 Διά
3290 4766 3341 4817 τί
3380 4782 3447 4832 με
3478 4764 3886 4834 παρεχῶρησας
3923 4764 4001 4829 τῷ

2418 4862 2661 4932 θανάτῳ,
2684 4861 2974 4931 γινώσκων
2993 4861 3075 4914 δτι
3095 4860 3249 4914 οὐδὲν
3271 4860 3521 4929 ἥμαρτον
3540 4857 3688 4921 ἀξιον
3710 4856 3959 4910 θανάτου
3984 4876 3997 4921 ;

2494 4975 2512 5008 ι
2539 4955 2778 5026 Μακράν
2813 4953 2923 5007 ἀπὸ
2952 4955 3051 5024 τῆς
3099 4952 3378 5021 σωτηρίας
3428 4968 3533 5020 μου
3577 4952 3625 5001 οί
3678 4949 3829 5017 λόγοι
3888 4952 4002 5003 τῶν

2420 5048 2887 5118 παραπτωμάτων
2915 5064 3040 5117 μου.
3070 5065 3087 5098 ι
3110 5075 3181 5088 —
3199 5046 3264 5098 Δί
3294 5046 3403 5113 γάρ
3430 5043 3652 5098 εὐθύναι
3679 5044 3792 5095 τῶν
3819 5045 4004 5113 ἀμαρο

2417 5142 2550 5193 τιῶν
2585 5158 2685 5210 μου
2722 5140 2915 5209 πόρρω
2944 5139 3051 5192 είσὶ
3104 5140 3208 5207 τῆς
3237 5138 3507 5205 σωτηρίας
3558 5154 3681 5203 μου,
3711 5138 4001 5188 τουτέστιν

2420 5233 2518 5283 οὑκ
2557 5230 2945 5301 ἐμποδίζουσιν
2991 5230 3131 5297 αὐτῇ
3169 5244 3183 5259 ⁸
3210 5227 3298 5280 διά
3328 5227 3388 5279 τὸ
3423 5226 3666 5295 μηδόλως
3709 5220 3856 5277 εἶναι
3904 5227 3999 5277 αὑ-

2421 5325 2519 5385 τάς
2550 5340 2562 5353 ·
2595 5324 2829 5390 ἀνομίαν
2867 5322 2997 5389 γάρ,
3030 5320 3219 5388 φησιν,
3248 5318 3347 5371 οὐκ
3377 5318 3598 5383 ἐποίησε
3625 5329 3642 5343 ·
3671 5314 3783 5367 τῶν
3812 5315 4000 5382 ἀμαρ-

2422 5417 2690 5468 τανόντων
2718 5415 2773 5465 δὲ
2808 5416 2835 5466 ὁ
2893 5412 3123 5473 θάνατος
3181 5409 3473 5477 ἐπιτίμιον,
3500 5407 3534 5476 ἢ
3587 5405 3681 5457 καὶ
3716 5405 3899 5467 ἄλλως
3941 5408 3998 5457 τὲ

2425 5509 2721 5576 πρόσωπον
2745 5506 2843 5574 τῆς
2868 5505 2998 5572 ὅλης
3021 5504 3132 5556 τῶν
3162 5502 3465 5572 ἀνθρώπων
3516 5500 3730 5567 φύσεως
3757 5500 3835 5559 ὡς
3872 5515 4002 5563 συγ-

2424 5601 2586 5671 γενὴς
2608 5600 2766 5669 ήμῶν
2797 5598 3109 5660 ὑποδύεται,
3141 5598 3235 5649 καὶ
3268 5595 3357 5647 διά
3380 5596 3432 5646 τί
3464 5610 3553 5661 με,
3586 5594 3741 5658 φησὶ,
3776 5591 3841 5644 τὸ
3906 5609 4002 5643 κα-

2426 5692 2582 5745 θόλου
2666 5688 2959 5758 ἀνθρωπον
3022 5687 3357 5749 κατέλιπες,
3413 5681 3827 5751 ἀποθνήσκειν;
3885 5678 4001 5733 εῐτι

2428 5785 2685 5853 ἐπιφέρει
2712 5784 2808 5835 καὶ
2835 5780 2935 5850 τὴν
2983 5779 3163 5832 αἰτίαν
3194 5793 3208 5808 ⁶
3242 5778 3325 5830 ὅτι
3378 5775 3761 5844 μεμάκρυνται
3826 5788 3999 5839 σωτη.

2432 5874 2552 5945 ρίας
2582 5874 2638 5928 αἱ
2670 5872 2958 5928 καταδίκαι
3008 5887 3130 5942 μου,
3190 5864 3276 5934 αῖς
3314 5869 3423 5937 ἀρα
3448 5866 3602 5935 κάγὼ
3648 5864 4001 5935 συνάπτομιι
