4188 6438
256 428 392 494 ιιξι

1436 410 1843 478 EXI‘OSITIO
1872 412 1955 471 IN
1987 408 2346 469 PSALMOS.

3359 415 3497 478 H22

238 544 643 617 μεμάκρυσμαι
678 556 692 570 ο
733 540 779 591 εί
811 537 918 610 γὰρ
953 538 1207 607 ῆγγιςον,
1244 534 1530 603 ἐσωζόμην
1591 533 1655 586 ἄν
1709 528 1817 583 άπδ
1844 532 1888 588 Α
1920 524 2029 593 γὰρ
2067 526 2093 575 6
2122 520 2342 617 σκώληξ
2370 518 2575 617 ἄνωθεν
2602 518 2943 617 ἐπελθόντοςῃ
2964 520 3119 617 ὑετοῦ
3152 524 3216 593 τῇ
3260 527 3329 592 γῇ
3373 530 3492 579 Xut-

232 639 328 691 τοῦ
364 637 614 689 θανάτου.

310 749 330 781 ε
379 730 436 782 Ὀ
467 728 600 788 Θεός
634 742 759 794 μου,
794 724 1134 792 κεκράξομαι
1162 722 1375 791 ἡμέρας
1423 722 1558 791 πρὸς
1608 720 1689 782 at.
1716 720 1811 771 καὶ

230 827 332 876 οὐκ
386 818 709 888 είσακούσῃ,
766 818 858 869 καὶ
923 816 1136 879 νυκτὸς,
1194 817 1286 867 καὶ
1330 814 1430 866 ούκ
1495 814 1574 875 είς
1624 813 1810 865 ἄνοιαν

229 916 370 985 ἐμοί.
413 933 429 965 ι
457 944 517 955 -
544 911 719 965 Τοῦτο
753 912 940 977 γέγονε
980 908 1105 962 καθ’
1151 907 1218 976 ἡν
1268 908 1480 975 ἡμέραν
1518 906 1690 974 ἔφαγε
1749 904 1810 955 τὸ

230 1010 426 1075 Πάσχα
463 1006 601 1074 μετὰ
636 1003 747 1056 τῶν
791 1001 1051 1072 μαθητῶν
1084 1017 1098 1031 ’
1128 1001 1209 1052 ὅτι
1253 1001 1359 1068 γὰρ
1418 1001 1475 1051 tv
1524 1001 1590 1066 τῇ
1650 997 1816 1050 νυκτὶ)

226 1103 350 1150 τότε
430 1095 775 1165 προσηύχετο
844 1092 1214 1159 δεδηλώκασιν
1279 1093 1329 1143 οι
1395 1088 1803 1157 εύαγγελισταί.

230 1192 403 1255 Δῆλον
434 1189 491 1241 δὲ
528 1187 802 1250 ἐντεῦθεν,
864 1186 943 1237 ὅτι
974 1185 1068 1238 καὶ
1099 1184 1205 1253 πρὸ
1232 1185 1330 1250 τῆς
1360 1185 1601 1251 ἑσπέρας
1641 1181 1806 1248 ηὔξα-

225 1302 310 1336 το.
336 1281 428 1350 Μὴ
456 1280 664 1346 Ξενίζου
699 1278 752 1330 δὲ
783 1278 899 1338 πῶς
927 1277 986 1329 τὸ
1012 1276 1229 1345 πρῶτον
1259 1276 1501 1328 τέθεικεν
1533 1272 1759 1341 ὕστερον
1789 1288 1803 1303 ο

225 1374 451 1427 τοιαῦτα
473 1374 581 1440 γὰρ
618 1374 676 1423 έν
703 1371 917 1431 πολλοῖς
969 1370 1035 1421 τὰ
1066 1368 1408 1438 προφητικά.
1443 1367 1506 1420 'H
1559 1367 1605 1420 δ’
1653 1367 1805 1421 αἰτία

225 1471 315 1520 ἵνα
368 1468 443 1535 μὴ
492 1467 697 1517 δοκοῖεν
736 1462 950 1515 οἴκοθεν
1002 1462 1204 1524 λαλεῖν,
1233 1461 1347 1513 ἀλλ’
1378 1460 1406 1513 6
1446 1459 1514 1513 ἄν
1574 1460 1668 1513 καὶ
1706 1460 1805 1512 ὅσα

223 1562 513 1613 ἀκούσειεν
544 1558 649 1610 61:6
680 1556 775 1609 τοῦ
829 1554 1151 1625 ἐνηχοῦντοε
1204 1553 1537 1621 ¹πνεύματος.
1594 1553 1701 1607 Καὶ
1749 1554 1806 1603 έν

224 1658 291 1723 τῇ
347 1655 555 1721 ἡμέρᾳ,
588 1651 748 1720 φησὶ,
794 1649 1167 1715 παρακαλέσω
1219 1646 1513 1716 παρελθεῖν
1560 1645 1653 1697 τὸν
1709 1645 1806 1697 τοῦ

226 1748 463 1800 θανάτου
500 1745 713 1812 καιρὸν,
736 1743 831 1794 καὶ
864 1741 1161 1811 είσακούσῃ
1197 1758 1320 1805 μου,
1352 1741 1443 1793 καὶ
1471 1741 1529 1792 έν
1556 1740 1619 1807 τῇ
1652 1739 1806 1791 νυκτὶ

227 1840 396 1892 πάλιν
440 1838 642 1907 ὁμοίως
671 1849 686 1865 ’
719 1832 861 1900 πλὴν
920 1833 1022 1884 οὐκ
1072 1835 1149 1894 είς
1205 1832 1391 1885 ἄνοιαν
1411 1832 1534 1899 ἐμοὶ
1573 1830 1633 1883 τὸ
1688 1830 1806 1892 πῶς

1924 634 2131 680 σκεται,
2174 614 2347 675 οὔτως
2404 613 2498 666 καὶ
2550 615 2575 665 6
2626 612 2862 680 Χριστὸς
2913 613 3119 666 ἄνωθεν
3172 617 3494 678 ἐπελθόντος

1920 710 2076 776 ἁγίου
2142 706 2461 772 Πνεύματος
2517 708 2583 775 τῇ
2655 704 2916 773 Παρθένῳ
2984 704 3329 775 γεγέννηται.
3386 711 3494 760 Καὶ

1920 801 2134 869 σκώληξ
2168 799 2268 869 μὲν
2297 798 2363 853 ἄν
2388 798 2602 865 λέγοιτο
2629 798 2718 851 διὰ
2740 797 2936 862 ταῦτα,
2967 798 3067 851 οὐκ
3124 798 3412 868 ἄνθρωπος
3438 803 3492 854 δὲ

1920 892 2084 945 πάλιν
2112 891 2200 944 διὰ
2234 876 2333 961 ξῆν
2383 890 2639 959 ὑπερφυῆ
2695 888 2961 957 σύλληψιν
2995 891 3088 945 καὶ
3128 891 3383 959 γέννησιν
3410 909 3425 923 ο
3458 897 3491 963 ἦ

1920 986 2014 1039 καὶ
2080 984 2257 1045 ἄλλως
2299 998 2313 1012 ·
2356 984 2440 1036 ὅτι
2485 982 2678 1051 δέλεαρ
2710 983 2823 1043 τοῖς
2879 981 3130 1049 δαίμοσιν
3166 985 3351 1054 ἐφόρει
3397 987 3495 1052 τὴν

1918 1079 2121 1144 σάρκα,
2151 1078 2239 1147 ὑφ’
2266 1078 2332 1147 ἡν
2352 1075 2539 1144 τδ,τῆς
2565 1075 2818 1143 θεότητος
2842 1076 3142 1144 ἐκρύπτετο
3158 1080 3457 1148 ἄγκιστρον
3478 1094 3493 1110 ·

1918 1172 2113 1240 δέλεαρ
2166 1172 2272 1241 γὰρ
2303 1169 2504 1240 ίχθύων
2526 1171 2553 1221 6
2582 1167 2801 1235 σκώληξ
2836 1183 2851 1199 ·
2883 1171 3099 1237 ἐγένετο
3149 1172 3256 1239 γάρ
3304 1173 3493 1242 δέλεαρ

1918 1267 1997 1325 είς
2029 1266 2231 1318 ἅλωσιν
2272 1264 2364 1317 τοῦ
2405 1262 2598 1331 νοητοῦ
2633 1264 2857 1330 κήτους.
2892 1264 2984 1315 τοῦ
3015 1268 3079 1333 τῇ
3126 1264 3370 1333 θαλάσση
3400 1266 3493 1318 τοῦ

1918 1355 2185 1424 παρόντος
2211 1354 2327 1423 βίου
2364 1354 2752 1423 έννηχομένου,
2786 1353 2865 1423 τῷ
2886 1354 2984 1421 τῆς
3014 1353 3270 1421 θεότητος
3323 1357 3491 1424 ἀγκί-

1917 1461 2064 1514 στρῳ
2097 1443 2443 1514 περιτεθεῖσα
2472 1446 2505 1511 ἡ
2535 1444 2891 1512 ἀνθρωπότης
2925 1459 2939 1474 ο
2976 1444 3003 1497 ὃ
3039 1445 3225 1513 κῆτος,
3283 1448 3345 1498 τό
3408 1447 3495 1499 δέ·-

1915 1538 2048 1605 λεαρ
2082 1537 2395 1606 περιχανὲν,
2442 1534 2520 1605 τῷ
2570 1537 2853 1606 ἀγκίστρῳ
2888 1538 3218 1607 περιεχάρη,
3269 1541 3361 1591 καὶ
3396 1542 3493 1594 οὒκ

1913 1628 2203 1699 ἄνθρωπος
2238 1626 2306 1700 ἦν
2335 1630 2488 1699 φίλος
2522 1647 2536 1662 ·
2582 1632 2612 1699 ἦ
2646 1631 2741 1683 καὶ⁸
2777 1629 2859 1681 ὅτι
2900 1630 2927 1680 6
2988 1629 3205 1699 σκώληξ
3267 1632 3494 1699 εὐτελὴς

1917 1728 2017 1797 μὲν
2046 1728 2107 1778 τὸ
2134 1720 2293 1787 εἶδος,
2333 1723 2694 1791 ἀφανιστικὺν
2728 1722 2783 1774 δι
2808 1723 2905 1790 τῆς
2937 1722 3070 1791 ὕλης
3106 1739 3122 1754 ’
3155 1722 3300 1775 οὓτω
3347 1726 3441 1777 καὶ
3467 1729 3495 1776 6

1913 1817 2147 1886 Χριστὸς
2182 1815 2406 1881 εὐτελὴς
2438 1813 2536 1882 μὲν
2565 1813 2626 1866 τὸ
2656 1815 3004 1883 φαινόμενον,
3032 1816 3389 1884 ὰφανιστικδν
3433 1820 3492 1872 δὲ

224 1901 521 2001 εἰσακούσῃ
556 1946 571 1961 ο
604 1925 837 1995 νενόηκα
860 1924 968 1994 γὰρ
992 1925 1073 1977 ὅτι
1101 1923 1187 1976 διά
1211 1924 1311 1993 τὴν
1372 1923 1647 1991 σωτηρίαν
1696 1922 1804 1975 τῶν
1834 1901 1880 1959 Β
1907 1908 2004 1977 τῆς
2025 1906 2749 2001 ἀπιῖικιιμένηςῃδννάμεωςτ

221 2021 535 2087 ἀνθρώπων
589 2012 658 2087 ἦς
721 2016 885 2068 ἕνεκα
939 2016 1033 2068 καὶ
1094 2013 1475 2081 σεσάρκωμαι.
1536 2012 1692 2074 Τινὲς
1747 2010 1804 2063 δὲ

222 2113 446 2183 ἡμέραν
464 2111 558 2163 καὶ
576 2108 746 2161 νύκτα
768 2106 863 2159 τὸν
880 2105 1072 2175 καιρὸν
1092 2106 1193 2172 τῆς
1220 2103 1582 2173 σταυρώσεώς
1604 2120 1773 2172 φασιν
1788 2119 1802 2135 ’

222 2206 335 2257 ἀπὸ
366 2204 476 2271 γὰρ
509 2203 659 2270 ὥρας
704 2200 870 2269 ἕκτης
898 2197 1005 2260 ἕως
1056 2196 1285 2263 ὲννάτης
1344 2196 1537 2257 σκότος
1564 2195 1805 2262 έγένετο,

222 2298 302 2359 ὡς
332 2294 586 2362 λέγεσθαι
618 2293 719 2360 τὴν
753 2290 972 2361 ἡμέραν
1004 2288 1209 2359 ταύτην
1242 2287 1637 2359 ἡμερονύκτιον
1666 2300 1683 2318 ⁸
1716 2287 1803 2339 ὅτε

223 2390 321 2441 καὶ
354 2387 628 2457 ἀφεθῆναι
658 2385 767 2446 τοῖς
821 2382 1197 2451 έσταυρωκόσι
1226 2380 1323 2449 τὴν
1373 2379 1649 2449 ἁμαρτίαν
1699 2396 1808 2431 πα-

223 2480 491 2551 ρεκάλεσε
526 2479 644 2544 μὲν,
668 2476 768 2529 ούκ
802 2473 1137 2546 εἰσηκούσθη
1172 2473 1230 2526 6t
1258 2472 1587 2543 πανολεθρίᾳ
1626 2488 1807 2540 παραυ

220 2572 515 2625 δοθέντων.
579 2568 782 2622 Τούτου
837 2567 895 2620 δι
954 2566 1131 2619 αῐτιον
1194 2566 1393 2619 είδέναι
1460 2565 1668 2634 σαφῶς,
1724 2565 1807 2617 ὅτι

222 2663 455 2732 ἔμελλον
504 2661 919 2729 συκοφαντῆσαι
972 2659 1145 2729 αὐτὴν
1187 2660 1286 2729 τὴν
1348 2660 1668 2723 ἀνάστασιν,
1711 2659 1808 2711 καὶ

221 2755 459 2823 αὐξῆσαι
492 2755 591 2822 τὴν
622 2752 923 2822 ἁμαρτίαν.

302 2863 322 2895 ι
362 2844 435 2896 Σὺ
463 2843 516 2896 6‘3
549 2844 605 2895 tv
626 2843 766 2908 ἁγίῳ
793 2844 1092 2906 κατοικεῖς,
1112 2842 1140 2894 6
1161 2842 1379 2904 ἔπαινος
1399 2841 1496 2895 τοῦ
1516 2842 1753 2913 Ἰσραήλ.
1768 2848 1801 2893 ἰ

224 2967 295 2979 -
329 2938 525 3004 Ἀγιον
579 2935 737 2988 καλεῖ
789 2936 883 2987 τὸν
954 2935 1233 3004 ἡνωμένον
1289 2935 1474 3004 ἑαυτῷ
1531 2935 1661 2988 Υίὸν
1712 2933 1810 2988 καὶ

220 3027 380 3080 Θεόν.
422 3028 531 3079 Καὶ
569 3026 626 3079 tv
651 3024 730 3093 τῷ
763 3024 1083 3094 Εὐαγγελίῳ
1118 3024 1175 3077 δέ
1230 3040 1397 3093 φησιν
1430 3040 1442 3053 ·
1484 3044 1502 3075 ι
1556 3024 1699 3092 Ἐγὼ
1750 3026 1809 3075 έν

221 3121 303 3188 τῷ
337 3121 535 3188 Ila-:91,
570 3120 663 3171 καὶ
688 3120 715 3171 6
750 3118 940 3188 Πατὴρ
993 3121 1051 3170 tv
1096 3117 1242 3187 ἐμοί.
1277 3137 1296 3169 ι
1336 3118 1600 3181 Ἐπαινος
1626 3118 1683 3171 6t
1714 3116 1809 3171 τοῦ

235 3213 460 3281 Ἰσραὴλ
484 3215 511 3264 6
538 3212 727 3280 Πατήρ
761 3227 775 3241 ·
812 3212 894 3263 ὅτι
950 3211 1000 3262 οί
1027 3210 1272 3264 Ἰουδαῖοι
1326 3210 1425 3280 τὴν
1473 3210 1808 3278 θεογνωσίαν

226 3307 392 3373 μόνον
425 3302 817 3370 ένεκαυχῶντοο
848 3302 924 3371 μὴ
954 3300 1239 3365 ποιοῦντες
1274 3304 1449 3371 κρῖμα
1482 3303 1577 3355 καὶ
1610 3303 1812 3355 δικαιο-

222 3397 416 3459 σύνην,
476 3394 599 3464 μηδ’
632 3395 846 3464 ἔχοντες
882 3393 979 3465 τὴν
1018 3394 1374 3463 άρετὴν.Διὰ
1417 3394 1474 3448 6t
1504 3394 1596 3447 τοῦ
1629 3396 1808 3448 εἰπεῖν

220 3490 310 3542 ὅτι
349 3507 369 3539 ι
406 3489 693 3550 Κατοικεῖς
746 3489 805 3540 tv
858 3486 934 3555 τῷ
994 3487 1128 3554 Υίῷ,
1166 3507 1186 3539 ι
1219 3486 1423 3552 ἔδειξεν
1470 3488 1553 3540 ὅτι
1605 3486 1751 3540 θέλει
1780 3488 1809 3540 6

222 3578 357 3636 Υίὸς
386 3579 486 3646 τὴν
519 3577 797 3647 σωτηρίαν
826 3576 936 3629 τῶν
961 3575 1293 3646 ἀνθρώπων,
1322 3577 1413 3628 καὶ
1441 3575 1543 3629 οὐκ
1590 3576 1814 3629 ἀποσεί-

219 3687 346 3721 εται
370 3669 463 3722 τὸν
495 3668 725 3723 θάνατον
750 3667 846 3721 τοῦ
881 3668 1315 3739 προσλὴμματος
1338 3682 1354 3699 ·
1389 3668 1449 3721 tv
1478 3670 1588 3739 γάρ
1610 3670 1705 3722 καὶ
1736 3669 1815 3738 τῷ

220 3762 513 3829 Πνεύματι
542 3762 637 3815 καὶ
659 3760 738 3830 τῷ
760 3760 876 3829 Υἱῷ
898 3760 1132 3829 θέλημα.

303 3875 323 3907 ε
377 3855 503 3908 Ἐπὶ
544 3857 629 3906 σοὶ
678 3854 914 3922 ῆλπισαν
935 3854 985 3905 οί
1043 3853 1282 3924 πατέρες
1330 3854 1512 3924 ἡμῶν,
1550 3854 1809 3925 ῆλπισαν,

224 3949 325 4001 καὶ
356 3946 581 4015 έρρύσω
603 3946 827 4007 αὐτούς.
865 3945 1007 4015 Πρὸς
1037 3946 1096 3999 at
1128 3947 1438 4017 ὲκέκραξαν
1476 3951 1568 4002 καὶ
1602 3950 1810 4019 έσῶθη-

223 4057 332 4093 σαν
362 4054 376 4069 ·
412 4040 505 4091 ἐπὶ
555 4038 638 4090 σοὶ
697 4038 938 4107 ῆλπισαν
1001 4039 1096 4091 καὶ
1154 4039 1217 4091 οὐ
1270 4041 1751 4112 κατῃσχύνθησαν.
1788 4061 1806 4092 ι

219 4160 294 4173 -—
317 4131 619 4197 Ζεύγνυσιν
651 4129 846 4181 ἑαυτὸν
873 4132 987 4193 τοῖς
1033 4132 1470 4201 ὲπαρηξαμὲνοις
1499 4133 1594 4186 καί
1622 4151 1810 4202 φησιν,

216 4224 299 4286 ὡς
332 4224 382 4275 οι
414 4224 555 4275 κατὰ
591 4226 773 4292 σάρκα
805 4224 1042 4293 πατέρες
1082 4225 1240 4294 ἡμῶν
1274 4228 1324 4277 οί
1360 4227 1467 4295 πρὸ
1521 4226 1620 4293 τῆς
1671 4226 1812 4295 ἐμῆς

222 4314 527 4383 ἐπιδημίας
580 4314 639 4365 tv
670 4311 747 4381 τῷ
778 4310 881 4382 βίῳ
916 4312 1233 4381 λάμψαντες
1284 4314 1378 4365 ἐπὶ
1413 4315 1497 4366 σοὶ
1548 4314 1807 4382 ῆλπισαν,

221 4407 325 4459 καὶ
357 4408 656 4477 βοήσαντες
691 4405 1040 4477 ὲρρύσθησαν
1068 4408 1179 4459 τῶν
1211 4406 1480 4460 κινδύνων
1514 4424 1526 4437 ·
1564 4408 1809 4469 ἐκείνους

222 4495 324 4552 οὖν
355 4500 511 4564 κάγὼ
546 4498 884 4567 μιμούμενος
911 4498 986 4560 ῶς
1015 4498 1199 4568 ὅμοιος
1228 4500 1413 4562 αὐτοῖς
1463 4501 1665 4567 ὁμοίως
1720 4502 1811 4553 καὶ

1838 3259 1885 3322 C

1991 2018 2010 2051 ι
2063 1994 2305 2057 Ὀνειδος
2333 1997 2640 2067 ἀνθρώπων
2668 1998 2763 2050 καὶ
2790 1998 3141 2071 ἐξουθένημα
3173 2002 3329 2059 λαοῦ.
3371 2024 3390 2056 ι
3427 2036 3493 2047 .-

1914 2090 2086 2143 Τοῦτο
2120 2090 2526 2159 προαγορεύσει
2589 2093 2801 2157 σαφῶς,
2847 2094 2882 2148 a
2915 2096 2994 2159 είς
3030 2096 3193 2149 αὐτὸν
3227 2113 3493 2169 πεπαρῳ-

1914 2188 2117 2253 νήκασι
2141 2184 2286 2237 κατὰ
2315 2185 2406 2239 τὶν
2440 2184 2535 2238 τοῦ
2566 2186 2778 2250 πάθους
2819 2190 3017 2260 καιρὸν
3038 2231 3053 2255 ,
3118 2192 3491 2261 έμπαίζοντες

1916 2279 2010 2332 καὶ
2044 2277 2425 2347 χλευάζοντες.
2461 2279 2574 2332 Καὶ
2632 2281 2834 2336 ταυτὸν
2878 2284 2979 2353 μὲν
3030 2284 3098 2338 ἂν
3153 2289 3238 2355 εῐη
3291 2288 3492 2350 δνειδος

1914 2366 2316 2455 ἀνθρώπωνιτδ
2355 2366 2699 2439 έξουθένημα
2733 2370 2865 2424 λαοῦ
2888 2389 2902 2403 ·
2947 2374 2980 2443 ἡ
3015 2374 3216 2438 ὄνειδος
3252 2378 3352 2446 μὲν
3400 2380 3493 2431 άν-

1917 2458 2127 2530 θρώπῳ
2174 2460 2284 2513 τῶν
2315 2461 2380 2511 ἐκ
2427 2461 2652 2532 Ῥώμης
2712 2467 3090 2536 στρατιωτῶν,
3150 2468 3493 2540 έξουθένημα

1913 2550 1969 2603 6t
1996 2550 2127 2604 λαοῦ
2145 2551 2254 2604 τῶν
2278 2552 2575 2607 Ἰουδαίων.

1994 2665 2012 2696 ι
2047 2646 2261 2709 Πάντες
2285 2648 2336 2699 οί
2372 2645 2712 2714 θεωροῦντες
2780 2666 2846 2718 με
2902 2649 3350 2724 ὲξεμυκτήρισάν
3402 2674 3489 2726 με,

1915 2734 2192 2802 ἐλάλησαν
2227 2737 2286 2787 tv
2310 2737 2574 2806 χείλεσιν,
2608 2737 2869 2809 ἐκίνησαν
2912 2744 3179 2815 κεφαλήν.
3227 2746 3496 2801 Ἠλπισεν

1916 2827 2012 2880 ἐπὶ
2041 2827 2270 2896 Κύριον,
2302 2830 2564 2897 ῥυσάσθω
2627 2831 2834 2885 αὐτόν·
2890 2836 3124 2889 σωσάτω
3172 2837 3357 2902 αὑτὸν,
3412 2840 3495 2893 ὅτι

1918 2918 2063 2971 θέλει
2092 2920 2281 2975 αὐτόν.
2316 2940 2335 2974 ι
2371 2924 2464 2984 ,'—
2509 2922 2695 2976 Ταῦτα
2762 2926 2948 2994 σαφῶς
2985 2929 3245 3000 εὑρήσεις
3306 2933 3364 2985 έν
3415 2932 3499 3001 τῷ

1917 3011 2184 3082 Ματθαίῳ
2216 3013 2447 3083 κείμενα
2480 3031 2493 3047 ⁸
2520 3019 2655 3085 φησὶ
2684 3018 2794 3087 γάρ
2815 3032 2831 3048 ⁸
2867 3036 2886 3069 ι
2925 3021 2989 3071 Ol
3013 3021 3069 3073 6t
3107 3027 3497 3095 παραπορευό-

1921 3120 2073 3173 μενοι
2109 3104 2508 3177 έόλασφὴμουν
2557 3109 2721 3161 αὐτὸν
2769 3110 3053 3176 κινοῦντες
3105 3115 3204 3179 τὰς
3250 3118 3497 3186 κεφαλάς

1919 3196 2101 3249 αὐτῶν
2137 3198 2231 3249 καὶ
2263 3198 2544 3265 λέγοντες,
2564 3218 2581 3251 ι
2612 3201 2709 3253 καὶ
2734 3202 2803 3254 τὰ
2844 3202 2995 3271 ἑξῆς.

1999 3308 2017 3340 ι
2058 3291 2182 3342 Ὀτι
2204 3296 2267 3344 σὺ
2297 3286 2348 3343 εἴ
2369 3294 2396 3344 6
2431 3294 2711 3356 έκσπὰσας
2747 3312 2813 3364 με
2844 3298 2909 3349 ἐκ
2929 3298 3189 3368 γαστρός.
3232 3318 3245 3350 ι
3281 3330 3350 3340 -
3373 3300 3497 3354 Ἀν-

1919 3383 2045 3453 δρδς
2084 3383 2186 3453 μὲν
2208 3384 2395 3453 ὁμιλία
2419 3385 2686 3452 διανοίγει
2735 3386 3045 3457 παρθενικά
3106 3390 3334 3460 κλεῖθρα
3394 3393 3509 3459 τῆς,

1919 3474 2202 3543 γαστρός·
2264 3473 2695 3546 ἀκοντιζόμενον
2749 3477 2806 3530 6t
2862 3478 2920 3531 τὸ
2966 3478 3191 3550 σπέρμα
3249 3484 3496 3550 φυσικῶς

1918 3569 2128 3635 ἀνοίγει
2164 3566 2268 3636 την
2308 3571 2563 3640 μήτραν·
2592 3569 2733 3640 αῦτη
2765 3570 2822 3623 6t
2859 3570 3047 3624 λοιπὸν
3084 3574 3329 3641 μύσασα,
3374 3593 3497 3628 συν-

1920 3659 2034 3728 έχει
2060 3659 2220 3712 τοῦτο
2256 3661 2454 3731 μέχρις
2484 3662 2551 3737 ἂν
2577 3663 2656 3725 είς
2688 3664 2891 3733 βρέφος
2916 3666 3370 3739 τελεσιουργηθῇ,
3402 3671 3497 3723 καὶ

1918 3752 2062 3806 οὓτω
2088 3752 2555 3825 στενοχωρηθεῖσα
2587 3757 2667 3825 τῷ
2697 3758 2871 3828 δγκῳ.
2902 3760 3069 3813 πάλιν
3097 3762 3378 3829 ἀνοίγεται
3402 3767 3496 3816 καὶ

1921 3849 2245 3916 παραχωρεῖ
2274 3847 2431 3900 τοῦτο
2456 3848 2872 3905 διολισθαίνειν.
2918 3851 3042 3906 Ἐπὶ
3077 3854 3134 3906 6t
3165 3854 3260 3907 τοῦ
3310 3856 3496 3924 Σωτῆ-

1925 3955 2015 4007 ρος
2040 3939 2232 4009 ῶσπερ
2254 3939 2387 3992 ἄνευ
2438 3941 2655 4008 ὁμιλίας
2708 3942 2904 4011 ἀνδρὸς
2937 3944 2968 4012 ἡ
3026 3943 3321 4015 σύλληψιςο
3354 3948 3497 4000 οὕτω

1920 4035 2011 4084 καὶ
2043 4033 2076 4102 ἡ
2106 4033 2333 4102 πρόοδος
2370 4033 2463 4086 τοῦ
2498 4034 2737 4103 βρέφους
2774 4036 3084 4107 ὑπερφυὴς,
3110 4040 3212 4107 τῆς
3239 4040 3333 4093 τοῦ
3356 4041 3493 4093 Θεοῦ

1916 4122 2203 4191 δυνάμεως
2259 4124 2637 4197 ἐξελκυσάσης
2676 4128 2833 4195 αὐτὸ,
2885 4130 2994 4183 τῶν
3058 4132 3327 4204 κλείθρων
3369 4135 3493 4241 μηδ’

1917 4217 2035 4281 ὅλος
2061 4218 2415 4287 ἀνοιγέντων.
3324 4245 3336 4265 ο
3414 4217 3457 4274 ’⁸,

1992 4331 2011 4361 ι
2045 4349 2056 4362 .
2108 4349 2122 4363 .
2166 4350 2181 4364 .
2225 4350 2240 4366 .
2298 4312 2729 4380 άρχιεπίσκοπος
2774 4315 2853 4375 εἰς
2901 4313 3085 4368 αὐτόν.
3123 4334 3141 4366 ι
3168 4345 3237 4355 -
3266 4318 3347 4369 Τά
3368 4323 3494 4386 περὶ

1915 4403 2255 4465 τοὺςᾶλλους
2283 4403 2607 4473 ἀνθρώπους
2653 4407 2748 4457 καὶ
2806 4406 2876 4457 τὰ
2929 4406 3094 4459 λοιπὰ
3144 4408 3259 4471 ζῶα
3296 4410 3387 4461 ἐπὶ
3423 4414 3489 4480 τῇ

1916 4494 2471 4565 ὲξαρχῆςσαρκώσει
2506 4496 2603 4548 τοῦ
2641 4496 2779 4549 Θεοῦ
2834 4499 3009 4565 Λόγου
3068 4502 3492 4572 παρηκολουθη-

222 4591 397 4652 αὐτὸς
429 4591 695 4659 ποιοῦμαι
729 4591 825 4659 τὴν
855 4590 1061 4660 δέησιν.
1097 4592 1334 4663 Σύνηθες
1360 4594 1415 4645 δὲ
1444 4593 1521 4660 τῷ
1553 4594 1808 4663 προφήτῃ
1844 4604 1886 4658 ι)
1917 4586 2052 4641 κότα
2079 4586 2257 4640 ἔοικεν
2291 4589 2324 4659 ἡ
2360 4589 2618 4657 παροῦσα-
2657 4590 2798 4652 λέξις
2841 4592 3131 4660 σημαίνειν
3150 4585 3341 4661 ’ξοῦτε
3378 4598 3493 4667 γὰρ

220 4684 328 4744 τὰς
356 4682 531 4746 λέξεις
563 4682 828 4744 πολλάκις
870 4682 1198 4736 άναδιπλοῦν
1254 4683 1349 4737 καὶ
1402 4682 1688 4753 τριπλοῦν,
1733 4686 1812 4746 εἰς

222 4776 475 4843 ἔμφασιν
505 4772 597 4826 τοῦ
628 4775 783 4826 τόνου
815 4774 913 4845 τῆς
945 4776 1172 4845 καρδίας
1211 4790 1225 4806 °
1262 4776 1537 4845 λύτρωσιν
1557 4776 1613 4829 6t
1638 4776 1817 4829 κινδύ-

224 4881 322 4917 νου
353 4863 602 4928 λέγουσιν
637 4864 685 4915 οἱ
720 4869 876 4931 σοφοὶ
906 4866 973 4918 τὰ
1004 4865 1121 4918 θεῖα
1154 4866 1216 4918 ού
1268 4868 1430 4936 μόνον
1464 4867 1559 4919 ἐπὶ
1628 4869 1814 4937 σωμά-

221 4974 359 5021 των,
398 4956 532 5007 ἀλλὰ
564 4960 656 5008 καὶ
690 4955 873 5023 πο)λῷ
907 4956 1109 5026 μᾶλλον
1141 4957 1237 5009 ἐπὶ
1267 4956 1448 5026 ψυχῆς
1482 4973 1496 4987 ·
1528 4959 1657 5009 ὅταν
1691 4974 1814 5025 γεν-

223 5046 395 5106 ναίως
434 5044 738 5110 ἐνεγκοῦσα
794 5047 891 5108 τὰς
953 5046 1144 5108 ὀδύνας
1199 5046 1323 5116 μηδ’
1358 5046 1608 5099 ἐντεῦθεν
1664 5048 1814 5119 πάθῃ

223 5138 364 5206 περὶ
402 5138 497 5207 τὴν
530 5137 796 5207 πρόθεσιν
826 5154 840 5169 ”
870 5137 1016 5192 οὕτω
1046 5139 1155 5210 γάρ
1190 5141 1240 5192 οί
1284 5141 1568 5209 μάρτυρες
1593 5142 1814 5209 ἀναιρε-

224 5233 414 5290 θέντες
478 5232 801 5301 νενικήκασι
853 5232 943 5284 διὰ
980 5233 1040 5284 τὸ
1062 5234 1333 5302 ἀήττητον
1372 5232 1473 5295 τῆς
1502 5232 1704 5303 ψυχῆς.

304 5341 325 5375 ε
357 5320 502 5387 Ἐγὼ
545 5323 601 5374 δέ
661 5324 778 5390 εἰμι
834 5322 1054 5391 σκώληξ
1125 5325 1219 5377 καὶ
1273 5324 1375 5375 οὐκ
1440 5323 1749 5393 ἄνθρωπος.
1792 5343 1809 5373 ι

218 5440 297 5458 -έ-
326 5416 500 5471 Τοῦτο
524 5412 646 5468 εἷπε
677 5415 952 5469 ταπεινῶν
987 5417 1178 5469 ἑαυτόν
1208 5434 1223 5448 ο
1258 5419 1353 5487 καὶ
1401 5416 1564 5468 Δαυῒδ
1630 5418 1738 5485 γὰρ
1786 5418 1815 5468 6

223 5514 520 5580 προφήτης
548 5512 643 5563 καὶ
682 5509 944 5578 βασιλεὺς
989 5510 1126 5561 κύνα
1165 5509 1474 5580 τεθνηκότα
1509 5511 1666 5563 καλεῖ
1689 5512 1814 5563 tuu-

220 5606 317 5659 τὸν
344 5607 404 5656 tv
429 5607 495 5672 τῇ
526 5603 697 5673 βίὸλῳ
729 5601 840 5655 τῶν
881 5602 1208 5656 Βασιλειῶν.
1241 5604 1299 5654 Εἰ
1333 5603 1375 5655 δ’
1412 5606 1438 5657 ὀ
1492 5604 1810 5674 άναράρτη-

217 5714 315 5759 τος
339 5696 545 5764 Ἰησοῦς
579 5696 755 5757 οὕτως
801 5696 997 5750 ἑαυτὸν
1062 5695 1338 5761 φαυλίζει,
1383 5696 1435 5747 τί
1471 5696 1538 5749 ἂν
1578 5698 1737 5765 ἡμεῖς
1762 5696 1811 5748 οί

218 5788 429 5856 φαῦλοι
481 5790 569 5839 καὶ
614 5786 940 5855 ἁμαρτωλοὶ
972 5795 1336 5854 ποιήσωμενς
1372 5786 1511 5837 Φασὶ
1570 5786 1626 5838 δέ
1668 5802 1812 5848 τινες

216 5880 312 5933 διὰ
354 5877 453 5947 τὴν
507 5877 877 5930 άσυνὸύαστον
939 5876 1097 5930 τοῦτο
1139 5877 1372 5947 ῥηθῆναι
1404 5878 1681 5950 γέννησιν.
1725 5879 1810 5940 Ὠς

1917 4682 2061 4733 κατά
2092 4680 2184 4734 τὸν
2208 4683 2441 4749 φυσικὸν
2474 4682 2637 4750 νόμον
2669 4685 2701 4753 ἡ
2746 4684 3011 4754 σύλληψις
3074 4686 3242 4741 αὑτοῦ
3292 4688 3351 4752 ἐξ
3407 4692 3496 4742 ἁν-

1916 4771 2040 4841 δρὸς
2077 4772 2396 4841 σπέρματος
2424 4790 2436 4802 ·
2496 4775 2583 4826 διὰ
2611 4775 2766 4827 τοῦτο
2812 4776 2933 4829 οὐδὲ
2997 4778 3075 4847 τῷ
3119 4781 3334 4833 εἰωθότι
3380 4785 3493 4843 τοῖς

1918 4865 2282 4932 γεννωμένοις
2316 4866 2576 4929 έξώλισθε
2605 4867 2795 4937 τρόπῳ
2825 4870 2934 4923 τῶν
2990 4871 3091 4934 τῆς
3156 4872 3364 4941 μητρὸς
3404 4875 3496 4935 ty-

1920 4958 2101 5011 κάτων
2133 4958 2233 5027 τῆς
2268 4958 2366 5011 τοῦ
2402 4963 2723 5029 σπέρματος
2755 4961 3110 5026 διαπλάσεως
3172 4966 3270 5034 τὴν
3311 4967 3493 5032 ἔξοδον

1918 5051 2388 5121 κατεπειγούσης
2428 5051 2542 5104 ἀλλ’
2587 5054 2652 5103 ὲκ
2708 5054 3026 5121 Πνεύματος
3081 5057 3241 5125 ἁγίου
3297 5060 3493 5125 συλλη-

1918 5142 2097 5209 φθεὶς,
2135 5142 2302 5195 αὑτὸν
2335 5144 2467 5196 Θεὸν
2496 5146 2723 5215 Πατέρα
2779 5145 2893 5200 οἷόν
2944 5165 3067 5201 τινα
3136 5154 3493 5219 μαιευόμενον

1918 5231 1977 5283 τὸ
2021 5232 2226 5301 κυηθὲν
2268 5236 2362 5286 καὶ
2402 5236 2497 5303 τῆς
2554 5238 2768 5306 μήτρας
2828 5238 3159 5304 έξέλκοντα·
3215 5243 3351 5295 ἄλλα
3399 5247 3492 5294 καὶ

1917 5324 2109 5391 ἕτερον
2134 5326 2295 5395 ἔσχεν
2344 5328 2625 5396 ἐξαίρετον
2654 5332 2806 5400 παρὰ
2829 5333 2957 5394 τοὺς
2986 5332 3311 5403 ἀνθρώπους
3342 5340 3497 5402 γενό-

1924 5436 2081 5486 μενος
2108 5434 2120 5447 ·
2152 5418 2341 5472 καθότι
2375 5421 2469 5472 καὶ
2522 5422 2629 5473 ἀπὸ
2692 5423 2921 5487 μασθῶν
2980 5425 3263 5493 μητρικῶν
3303 5428 3399 5478 καὶ
3437 5429 3493 5477 έν

1920 5510 2058 5579 αὐτῇ
2105 5510 2292 5579 μήτρα
2324 5511 2559 5579 ἡλπισεν
2584 5512 2678 5563 ἐπὶ
2705 5512 2797 5564 τὸν
2848 5514 2984 5566 Θεὸν
3028 5516 3246 5584 Πατέρα
3301 5516 3491 5579 αὑτοῦ,

1918 5602 1946 5653 6
1986 5603 2147 5671 μόγις
2212 5604 2305 5656 ἐπὶ
2366 5604 2475 5656 τῶν
2537 5605 2714 5657 ἄλλων
2767 5607 3074 5674 ἀνθρώπων
3123 5610 3358 5676 γίνεται,
3397 5610 3491 5661 τ’ιῦ

1919 5694 2081 5761 λόγου
2160 5696 2343 5758 αὐτοῖς
2417 5698 2952 5766 συμπληρουμένου⁹
3006 5700 3035 5752 ὃ
3110 5704 3199 5754 καὶ
3268 5703 3494 5765 ’Πσαῖας

1920 5787 2115 5855 ἐδήλου
2149 5788 2277 5854 περὶ
2310 5788 2484 5839 αὑτοῦ
2510 5788 2714 5841 εἰπών·
2756 5811 2771 5839 ι
2810 5793 2952 5844 Διότι
3000 5794 3168 5863 πρινὴ
3196 5793 3400 5861 γνῶναι
3427 5797 3495 5847 τὸ

1937 5880 2154 5933 παιδίον
2185 5880 2389 5948 ἀγαθὸν
2426 5880 2457 5950 ἦ
2490 5882 2657 5935 κακὸν
2688 5882 2904 5937 ἀπειθεί
2932 5885 3166 5955 πονηρίᾳ
3215 5886 3305 5939 τοῦ
3341 5888 3493 5940 ἐκλέ-
