4188 6438
681 390 698 448 1
721 389 810 452 1‘27

675 600 998 665 δεδήλωκεν,
1034 599 1107 662 ὼς
1142 600 1198 650 ἐν
1229 599 1412 658 ἄλλοις
1455 600 1769 653 τούναντίον
1801 602 1907 652 ἀπὸ
1950 603 2152 670 μέρους
2186 602 2245 653 10

676 691 794 742 ὅλον
817 707 829 719 ·
863 691 1038 750 ἄλλως
1068 708 1119 741 τι
1155 689 1212 740 δὲ
1250 693 1487 756 πατριὰς
1541 690 1637 752 τάς
1699 692 2022 759 συγγενείας
2069 694 2245 745 καλεῖ.

678 786 851 854 Δῆλον
881 787 932 838 δὲ
974 787 1054 836 ὅτι
1099 785 1301 845 παντὸς
1350 784 1535 846 ἔθνους
1591 786 1877 851 συγγενείς
1916 785 2248 838 ἐπίστευσαν

682 884 759 940 είς
792 879 1021 945 Χριστὸν
1057 877 1152 930 καὶ
1195 877 1263 929 δι’
1296 876 1462 930 αὑτοῦ
1511 878 1933 946 προσεκύνησαν
1996 879 2088 930 τὸν
2136 879 2249 933 Πα-

680 975 831 1040 τέρα.

755 1081 772 1111 1
811 1062 935 1113 Ὅτι
974 1062 1065 1113 τοῦ
1103 1063 1307 1130 Κυρίου
1352 1062 1385 1127 ἡ
1437 1062 1704 1128 βασιλεία,
1738 1064 1832 1114 καὶ
1861 1061 2023 1122 αύτδς
2054 1062 2250 1113 δεσπόο

680 1153 763 1216 ζει
796 1153 904 1204 τοῖιν
931 1153 1118 1205 ἐθνῶν.
1159 1171 1176 1202 1
1211 1185 1276 1194 —
1307 1149 1475 1215 Οὗτός
1515 1155 1630 1205 ἐστι
1664 1154 1755 1205 καὶ
1791 1152 2046 1222 βασιλεὺς
2074 1152 2255 1204 αὐτῶν

683 1246 777 1296 καὶ
803 1245 1096 1313 δεσπότης,
1153 1245 1296 1297 κατά
1333 1245 1415 1307 10,
1454 1261 1471 1293 1
1508 1243 1614 1296 Καὶ
1645 1239 1802 1296 δώσω
1865 1260 1945 1294 σοι
1998 1241 2125 1312 ἔθνη
2154 1241 2253 1311 τὴν

683 1337 1052 1405 κληρονομίαν
1083 1354 1176 1388 σου
1210 1340 1301 1390 καὶ⁵
1327 1336 1426 1405 τὴν
1458 1335 1789 1405 κατάσχεσιν
1817 1353 1912 1388 σου
1940 1335 2010 1388 τά
2039 1335 2252 1403 πέρατα

683 1429 782 1497 τῆς
828 1429 963 1498 γῆς’
1004 1447 1023 1481 1
1059 1429 1153 1481 καὶ
1206 1429 1295 1482 διὰ
1335 1429 1499 1482 τοῦτο
1565 1429 2039 1498 προσκυνήσουσιν
2091 1427 2254 1480 αὑτὸν

681 1524 780 1588 τῆς
821 1521 1132 1590 διαϐολικῆς
1163 1521 1483 1594 τυραννίδος
1528 1520 2016 1589 ἐλευθερωθέντες.

760 1633 776 1662 1
817 1614 1063 1680 Ἐφαγον
1100 1613 1194 1666 καὶ
1259 1615 1681 1684 προσεκύνησαν
1716 1611 1918 1672 πάντες
1964 1611 2016 1662 οί
2071 1610 2257 1671 πίονες

683 1706 782 1775 τῆς
818 1708 942 1775 γῆς.
982 1727 998 1758 1
1036 1738 1105 1746 —
1135 1709 1359 1772 Πιόνας
1400 1709 1527 1770 τοὺς
1573 1707 1864 1768 πλουσίους
1920 1703 2096 1772 λέγει,
2129 1704 2258 1765 τοὺς

683 1801 1097 1868 πλουτήσαντας
1142 1802 1241 1868 τὴν
1273 1799 1590 1853 εὐσέϐειαν·
1631 1799 1681 1852 οἳ
1720 1799 1986 1869 πρότερον
2027 1797 2257 1867 πένητες

688 1889 849 1964 ἦσαν,
882 1894 955 1954 ὡς
992 1893 1434 1962 προειρήκαμεν.

766 2004 784 2036 1
834 1984 1094 2037 Ἐνὼπιον
1118 1983 1281 2038 αὐτοῦ
1315 1982 1724 2052 προπεσοῦνται
1759 1982 1962 2044 πάντες
1997 1980 2047 2032 οί
2081 1995 2254 2032 κατα-

683 2077 964 2139 ϐαίνοντες
995 2079 1074 2139 εἰς
1107 2078 1229 2144 γῆν.
1271 2095 1289 2126 1
1323 2107 1387 2116 —
1422 2077 1900 2143 Προσκυνήσουσιν
1926 2072 2090 2126 αὑτὸν
2120 2071 2256 2124 πάν-

685 2186 776 2230 τες
805 2172 852 2220 οί
899 2167 1334 2238 ἀποθνήσκοντες
1379 2168 1476 2219 καὶ
1542 2170 1622 2230 είς
1680 2167 1786 2236 γῆν
1852 2164 2213 2234 ἀναλυόμενοι
2241 2180 2254 2192 ⁸

695 2262 831 2327 μετὰ
866 2260 973 2328 γὰρ
1029 2260 1126 2326 τὴν
1157 2257 1346 2327 κοινὴν
1399 2258 1699 2312 ἀνάστασιν
1750 2257 1898 2326 αὐτῷ
1952 2258 2060 2310 πᾶν
2129 2256 2259 2322 γόνυ

692 2348 900 2417 κάμψει
957 2350 1098 2404 κατά
1151 2348 1245 2401 τὸν
1285 2349 1634 2411 Ἀπόστολον.
1678 2354 1771 2405 καὶ
1803 2352 1852 2402 οί
1893 2349 1990 2420 μὲν
2041 2349 2259 2411 ἑκόντες

692 2446 784 2495 καὶ
819 2443 970 2512 πόθῳ
993 2483 1008 2506 ,
1042 2446 1090 2496 οἱ
1120 2444 1178 2496 δὲ
1210 2444 1438 2504 ἄκοντες
1468 2448 1562 2498 καὶ
1596 2445 1767 2515 φόϐῳ.

768 2556 786 2586 1
830 2537 940 2589 Καὶ
973 2538 1002 2604 ή
1039 2537 1186 2606 ψυχή
1230 2556 1328 2606 μου
1372 2539 1522 2608 αὐτῷ
1557 2539 1648 2607 ζῇ.
1691 2557 1710 2590 1
1740 2568 1807 2576 —
1841 2538 2010 2601 Αὐτός
2042 2540 2191 2590 ἐστιν
2234 2539 2262 2590 0

692 2629 895 2698 ταύτην
945 2629 1122 2692 ζωῶν,
1186 2631 1388 2700 καὶμὴ
1424 2631 1527 2683 ἐῶν
1578 2631 1953 2700 ἀποθνήσκειν
1998 2630 2106 2683 ὑπὸ
2161 2629 2260 2697 τῆς

692 2723 994 2791 ἁμαρτίας.
1030 2719 1204 2774 Τοῦτο
1227 2721 1282 2774 δὲ
1323 2724 1423 2774 καὶ
1449 2724 1543 2775 ἐπὶ
1571 2722 1663 2775 τοῦ
1703 2723 2018 2790 [Ινεύματος
2059 2725 2262 2775 νοεῖται

695 2814 790 2865 καὶ
843 2814 932 2864 ἐπὶ
977 2812 1071 2865 τοῦ
1132 2813 1296 2866 Υίοῦ·
1332 2815 1426 2867 καὶ
1493 2815 1673 2877 ἄλλως
1724 2815 1805 2878 δὲ,
1845 2835 1862 2865 1
1909 2817 1983 2885 Ζῇ
2014 2817 2093 2884 τῷ
2122 2816 2262 2884 Θεῷο

695 2906 883 2973 φησὶν,
915 2908 947 2976 ή
985 2907 1132 2975 ψυχή
1165 2924 1292 2976 μου,
1333 2926 1350 2959 1
1379 2907 1454 2964 ὠς
1478 2908 1700 2974 ἐνεργὸς
1728 2903 1862 2961 οὖσα
1896 2909 2032 2978 πρὸς
2062 2909 2224 2962 αὐτόν
2251 2925 2262 2936 ·

697 2997 885 3066 ὥσπερ
921 2997 984 3050 ἐκ
1019 2997 1114 3051 τοῦ
1143 2998 1388 3050 ἐναντίου
1413 2998 1642 3068 τέθνηκε
1689 3000 1766 3068 τῷ
1790 3000 2006 3070 δαίμονι
2037 3000 2110 3062 ὡς
2142 3001 2265 3053 ἀκι-

696 3089 935 3158 νητοῦσα
966 3089 1103 3158 πρὸς
1132 3090 1232 3152 τάς
1277 3089 1563 3157 ὑποθήκας
1601 3090 1790 3144 αὑτοῦ.

775 3199 791 3230 1
837 3181 942 3232 Καὶ
967 3180 1025 3231 τὸ
1053 3180 1271 3248 σπέρμα
1306 3196 1405 3245 μου
1433 3178 1712 3231 δουλεύσει
1747 3181 1914 3250 αύτῷ.
1952 3199 1968 3230 1
2009 3183 2270 3252 -Σπέρο

700 3290 774 3339 μα
813 3271 1049 3339 Χριστοῦ
1087 3272 1206 3335 ἦτοι
1261 3271 1423 3322 τέκνα
1474 3271 1678 3334 πάντες
1707 3275 1756 3324 οί
1784 3273 1871 3325 διὰ
1896 3274 1988 3326 τοῦ
2017 3275 2264 3342 Εὑαγγε-

696 3365 810 3416 λίου
859 3365 1216 3436 γεννηθέντες
1256 3368 1443 3440 αὐτῷ·
1484 3367 1577 3431 οὒς
1623 3369 1716 3419 καὶ
1752 3366 1982 3430 ὑπέταξε
2035 3366 2112 3435 τῷ
2163 3368 2272 3419 Πα-

696 3459 806 3526 τρί.

777 3573 794 3601 1
845 3554 1304 3623 Ἀναγγελήσεται
1365 3555 1441 3624 τῷ
1502 3557 1694 3625 Κυρῖῳ
1750 3556 1914 3620 γενεά
1960 3555 1993 3624 ή
2041 3553 2274 3625 ἐρχομέ-

701 3665 788 3712 νη.
827 3665 844 3695 1
880 3676 947 3684 —
973 3646 1413 3714 Γνωρισθήσεται
1449 3645 1527 3715 τῷ
1565 3646 1683 3715 Θεῷ
1731 3649 1763 3713 ή
1798 3646 1856 3711 ἐξ
1905 3645 2079 3699 ἐθνῶν
2109 3646 2275 3714 γενεά

703 3739 811 3790 τῶν
837 3739 1043 3792 πιστῶν
1084 3741 1115 3809 ὴ
1144 3738 1478 3808 ελευσομένη
1526 3741 1584 3790 ἐν
1616 3741 1734 3802 ταῖς
1770 3740 2008 3809 ἡμέραις
2042 3737 2139 3807 τῆς
2192 3739 2278 3789 ἐν·

702 3834 1106 3902 ανθρωπήσεως
1138 3833 1227 3884 τοῦ
1262 3832 1415 3885 Υίοῦ.

777 3945 794 3975 1
837 3925 945 3976 Καὶ
973 3922 1340 3992 ἀναγγελοῦσι
1371 3923 1468 3992 τὴν
1524 3923 1877 3990 δικαιοσύνην
1931 3922 2098 3974 αὐτοῦ
2158 3921 2272 3987 λαῷ

702 4015 779 4082 τῷ
811 4014 1220 4083 τεχθησομέπῳ.
1279 4032 1297 4064 1
1341 4044 1408 4051 —
1451 4016 1514 4066 υἱ
1556 4014 1643 4066 διά
1694 4014 1934 4074 πίστεως
1990 4012 2274 4081 τεχθέντες

703 4104 1066 4173 ἀναγγελοῦσι
1096 4107 1208 4162 τοῖς
1243 4104 1689 4173 τεχθησομένοις.
1726 4105 1821 4158 καὶ
1848 4103 2008 4157 τοῦτο
2036 4104 2275 4174 καθεξῆς

705 4201 812 4252 ἀεί.
842 4200 1202 4268 Δικαιοσύνην
1236 4198 1315 4260 δέ,
1351 4198 1432 4250 ὃτι
1464 4196 1682 4250 καθεῖλε
1711 4199 1802 4250 10v
1830 4197 2122 4251 ἀδικοῦντα
2150 4199 2276 4262 τοὺς

707 4291 1028 4360 ἀνθρώπους
1061 4291 1343 4358 πολέμιον.

782 4403 798 4432 1
839 4386 933 4435 Ὃν
970 4383 1227 4451 ἐποίησεν
1254 4384 1283 4435 0
1314 4384 1541 4452 Κύριος.
1585 4401 1602 4434 1
1645 4413 1714 4423 -—
1747 4384 1843 4435 ’ον
1874 4382 2134 4452 ἐποίησεν
2158 4384 2278 4451 ἢτοι

710 4479 1080 4540 συνεστήσατο
1133 4474 1261 4526 λαὸν
1296 4474 1491 4527 ἐαυτοῦ
1527 4476 1790 4542 πρότερον
1837 4475 1897 4526 ού
1944 4474 2073 4527 λαὸν
2123 4475 2275 4531 ὄντα.

1866 385 2282 447 NICEPUORI
2319 389 2739 452 BLEMMIDE

675 511 776 574 γῆς
808 507 866 557 10
902 503 1234 573 Εὐαγγέλιον
1271 504 1529 572 ἔφθασεν.
1558 505 1668 558 01:0
1693 504 1788 558 τοῦ
1819 507 1946 558 ὅλου
1982 509 2042 560 10
2076 507 2240 576 μέρος
2272 520 2319 578 Α

3793 390 3936 454 H28

2898 513 3193 566 ΨΛΛΜΟΣ
3246 514 3374 565 KR.

2429 624 2448 656 1
2490 605 2720 671 Ψαλμδς
2748 606 2826 675 τῷ
2851 607 3036 660 Δαυῖδ.
3065 607 3272 669 Κύριος
3311 605 3592 675 ποιμαίνει
3628 622 3693 671 με
3720 605 3814 656 καὶ
3845 606 3936 656 ού-

2350 696 2438 749 δέν
2475 714 2542 766 με
2591 696 2906 769 ύστερήσει,
2951 719 2968 750 1
3005 729 3075 740 —
3100 700 3272 760 Αὐτὸς
3303 699 3414 768 γάρ
3466 700 3526 750 ἐν
3561 698 3637 764 τῷ
3680 697 3938 764 E3077:-

2352 789 2450 858 λίῳ
2481 790 2674 860 φησίν·
2720 810 2737 841 1
2792 791 2934 859 Ἐγὼ
2965 793 3081 856 είμι
3134 793 3163 842 0
3233 791 3443 860 ποιμὴν
3473 794 3500 844 0
3553 789 3751 850 καλός·
3793 808 3813 840 1
3858 789 3937 850 ὡς

2353 882 2610 950 πρόϐατα
2660 885 2768 952 γὰρ
2807 884 3197 954 πλανωμένους
3249 884 3342 934 ἐπὶ
3397 884 3606 944 τόπους
3649 880 3936 940 ἀπωλείας

2353 975 2481 1038 τοὺς
2515 976 2571 1042 ἐξ
2611 974 2779 1028 ἐθνῶν
2813 971 2935 1047 εὗρε
2967 978 3063 1029 καὶ
3090 979 3171 1039 είς
3207 976 3450 1045 μάνδραν
3481 976 3678 1043 ήγαγε,
3706 974 3806 1024 καὶ
3825 973 3939 1022 ‘10:-

2355 1069 2458 1120 πίον
2488 1071 2774 1137 ποιμαίνει
2801 1087 2814 1101 ·
2847 1071 2928 1123 διὸ
2959 1072 3053 1123 καὶ
3080 1071 3311 1129 ἕκαστος
3356 1069 3536 1120 αὐτῶν
3587 1064 3940 1134 εὐχαριστῶν

2356 1161 2690 1228 ἀπαγγέλλει
2729 1161 2829 1224 τὰς
2846 1161 3166 1232 εὐεργεσίας
3207 1159 3376 1214 αὑτοῦ
3409 1159 3613 1226 λέγων’
3655 1177 3671 1206 ι
3727 1156 3786 1207 Ὀ
3822 1156 3938 1206 Κύ-

2359 1270 2472 1320 ριος
2508 1255 2794 1323 ποιμαίνει
2827 1272 2915 1325 με,
2956 1257 3050 1306 καὶ
3079 1255 3233 1307 οὐδέν
3268 1271 3334 1322 με
3384 1254 3678 1321 ύστερήσει
3704 1268 3719 1282 ο
3759 1271 3777 1301 1
3818 1249 3942 1317 ἦτοι

2356 1345 2508 1397 οὐδέν
2546 1364 2613 1414 με
2662 1348 2848 1399 λοτπὸν
2900 1347 3170 1415 ἐπιλείψει
3205 1346 3312 1399 τῶν
3343 1347 3684 1414 ἐπιτηδείων.
3743 1342 3943 1395 Ίστέον

2357 1437 2412 1489 δέ
2443 1438 2523 1490 ὃτι
2549 1438 2618 1491 τὰ
2653 1440 2795 1491 πάνυ
2827 1440 3147 1509 ἐγνωσμένα
3179 1440 3347 1509 χωρὶς
3380 1438 3584 1509 ἀρθρου
3614 1438 3706 1489 τὸν
3734 1436 3942 1489 πολλά-

2359 1545 2446 1591 κις
2485 1529 2834 1598 ἐκφέρονται.

2437 1636 2455 1668 1
2503 1619 2598 1683 Είς
2629 1619 2794 1672 τόπον
2841 1621 3004 1691 χλόης
3039 1624 3159 1674 ἐκεῖ
3219 1640 3286 1691 με
3333 1622 3780 1689 κατεσκήνωσεν.
3822 1638 3842 1669 1
3882 1648 3947 1658 —

2361 1710 2541 1774 Τόπος
2582 1715 2682 1782 μὶν
2715 1714 2881 1783 χλόης
2910 1716 2942 1783 ή
2977 1716 3259 1786 πρακτικὴ
3291 1717 3462 1783 ἀρετή
3489 1733 3505 1747 ⁸
3537 1714 3679 1784 ὕδωρ
3715 1714 3771 1765 δὲ
3807 1713 3946 1765 ἀνα-

2364 1804 2620 1868 παύσεως
2651 1807 2683 1875 ή
2710 1806 3022 1876 θεωρητικὴ
3051 1808 3341 1875 φιλοσοφία
3368 1823 3381 1836 ’
3420 1810 3538 1858 ἐκεῖ
3563 1807 3616 1858 δέ
3653 1823 3743 1872 με,
3785 1803 3948 1872 φησι,

2287 1878 2331 1938 Β
2364 1898 2811 1966 κατεσκήνωσεν,
2864 1899 3000 1951 ὅπου
3057 1902 3224 1962 τόπος
3294 1901 3482 1968 χλόης.
3529 1900 3816 1966 Ἐπίμεινε
3881 1899 3946 1965 τῇ

2361 1991 2536 2057 τροπῇ
2582 1987 2677 2041 τοῦ
2712 1992 3028 2058 ποιμαίνειν
3054 2008 3067 2021 ·
3102 1991 3236 2060 χλόη
3262 1993 3373 2059 γὰρ
3407 1993 3501 2042 καὶ
3540 1990 3684 2056 ῦδωρ
3717 1989 3949 2058 εὑθηνία

2364 2080 2842 2148 ποιμνίου.Τοῦτο
2897 2083 2954 2135 δὲ
2985 2082 3269 2150 βούλονται
3317 2081 3539 2152 δηλοῦν,
3585 2084 3664 2134 ὅτι
3707 2082 3767 2132 ἐν
3806 2080 3949 2132 ἀπο-

2363 2173 2554 2225 λαύσει
2591 2175 2761 2242 νομῆς
2789 2194 2855 2244 με
2883 2177 3211 2244 κατέστησε.

2434 2266 2543 2317 Καί
2577 2265 2779 2331 ἄλλως
2803 2285 2816 2298 ·
2845 2268 3011 2328 τόπος
3039 2268 3139 2337 μὲν
3168 2268 3327 2337 χλόης
3357 2269 3389 2338 ή
3434 2266 3738 2336 Ἐκκλησία
3765 2283 3780 2297 ο
3812 2267 3949 2334 χλόη

2365 2355 2422 2407 δὲ
2453 2357 2502 2408 οί
2534 2359 2719 2410 πιστοὶ
2750 2357 3046 2420 ἀνθοῦντες
3096 2360 3219 2412 κατ’
3258 2362 3464 2430 ἀρετήν
3497 2377 3510 2390 ο
3541 2362 3570 2427 ἦ
3627 2361 3722 2414 καὶ
3781 2360 3953 2430 χλόην

2364 2448 2462 2515 τὴν
2489 2447 2598 2500 τῶν
2625 2450 2969 2518 Χριστιανῶν
3001 2451 3187 2504 πίστιν
3209 2454 3445 2520 νοήσεις,
3482 2450 3785 2513 νεάζουσαν
3818 2451 3912 2501 ἀεί
3936 2466 3951 2480 ο

2367 2543 2399 2609 ή
2434 2541 2541 2609 γὰρ
2591 2541 2699 2593 τῶν
2732 2543 3004 2610 Ἑλλήνων
3033 2542 3108 2605 ὡς
3144 2544 3340 2613 χόρτος
3395 2545 3636 2614 ἐγήρασε
3668 2544 3768 2597 καὶ
3810 2544 3952 2594 ἀπε-

2369 2633 2634 2704 ξηράνθηο

2445 2744 2463 2776 1
2505 2724 2630 2778 Ἐπὶ
2689 2726 2880 2788 ὓδατος
2943 2729 3310 2791 ἀναπαύσεως
3368 2728 3624 2797 ἐξέθρεψέ
3678 2745 3769 2798 με.
3814 2746 3832 2778 1
3884 2757 3953 2769 —

2369 2817 2541 2870 Τοῦτο
2567 2819 2657 2872 διὰ
2710 2821 2772 2872 τὸ
2803 2822 3029 2891 λουτρὸν
3093 2822 3187 2875 τοῦ
3238 2822 3657 2890 βαπτίσματος·
3713 2822 3805 2875 διὰ
3859 2821 3954 2872 τοῦ

2368 2911 2612 2963 τοιούτου
2674 2913 2783 2981 γὰρ
2839 2915 3029 2977 ὓδατος
3089 2916 3457 2984 ρυπτόμενοι,
3519 2914 3801 2982 ρύπτομεν
3859 2915 3954 2966 10v

2374 3000 2536 3053 πόνον
2570 3003 2670 3055 καὶ
2703 3004 2762 3055 10
2795 3003 2961 3073 βάρος
3001 3021 3102 3068 της
3130 3006 3406 3073 ἀμαρτίας
3429 3021 3442 3034 ·
3472 3006 3566 3057 καὶ
3597 3004 3791 3057 λοιπὸν
3813 3005 3951 3056 ἁνα-

2374 3093 2695 3162 παυόμεθα’
2730 3095 2809 3147 διὸ
2844 3097 2937 3148 καὶ
2972 3098 2999 3149 0
3055 3098 3260 3166 Κύριος
3297 3097 3483 3162 ἔλεγε·
3528 3116 3545 3148 1
3593 3096 3762 3149 Δεῦτε
3813 3099 3954 3164 πρός

2381 3199 2448 3252 με
2483 3187 2685 3247 πάντες
2723 3186 2773 3236 οί
2805 3187 3106 3248 κοπιῶντες
3156 3188 3251 3238 καὶ
3296 3186 3748 3256 πεφορτισμένοι,
3795 3187 3957 3252 κάγὼ

2374 3275 2672 3328 ἀναπαύσω
2707 3279 2886 3345 ὑμᾶς’
2927 3296 2947 3329 1
3001 3277 3039 3346 ἦ
3073 3278 3170 3331 καί
3202 3278 3407 3342 ἄλλως
3441 3293 3455 3306 ·
3501 3276 3648 3344 ὕδωρ
3703 3277 3764 3328 10
3811 3278 3958 3343 ζωη-

2379 3370 2470 3438 ρὸν
2493 3371 2641 3438 νᾶμα
2667 3372 2760 3438 τῆς
2789 3370 2882 3422 τοῦ
2913 3370 3149 3438 Χριστοῦ
3179 3371 3556 3432 διδασκαλίας,
3585 3370 3660 3431 ὡς
3687 3372 3958 3440 προειρή-

2376 3478 2552 3530 καμεν
2577 3462 2670 3524 ,είς
2703 3463 2796 3514 τόν
2826 3463 3040 3530 πρῶτον
3070 3463 3306 3531 ψαλμὸν,
3337 3464 3397 3515 10
3427 3463 3586 3530 παρὰ
3631 3463 3738 3527 τὰς
3767 3461 3961 3524 διεξέ-

2378 3553 2525 3618 δους
2558 3553 2677 3607 τῶν
2707 3554 2947 3608 ὑδάτων
2974 3555 3395 3624 ἑρμηνεύοντες.

2450 3665 2469 3698 1
2496 3647 2608 3716 Τὴν
2629 3647 2806 3716 ψυχήν
2828 3665 2932 3715 μου
2959 3648 3310 3716 ἐπέστρεψεν.
3336 3667 3355 3699 1
3383 3648 3596 3700 —‘A110
3629 3647 3730 3714 τῆς
3749 3648 3964 3715 πλάνης

2380 3739 2489 3792 τῶν
2514 3739 2769 3792 είδώλων.

2459 3850 2476 3882 1
2527 3830 2797 3900 Ὠδήγησέ
2824 3848 2892 3900 με
2922 3833 3013 3884 ἐπὶ
3051 3832 3270 3902 τρίϐους
3305 3833 3676 3900 δικαιοσύνης.
3718 3851 3737 3883 1
3767 3860 3839 3872 -—
3876 3837 3966 3884 Δι-

2382 3925 2678 3993 καιοσύνην
2709 3923 2941 3977 ἐνταῦθα
2983 3925 3079 3994 τὴν
3105 3923 3337 3977 καθόλου
3375 3925 3522 3989 λέγει
3554 3925 3652 3993 τήν
3688 3926 3964 3992 ἐμπεριέ-

2384 4031 2586 4084 χουσαν
2621 4015 2800 4076 πάσας
2830 4015 2925 4077 τὰς
2979 4016 3184 4083 ἀρετάς
3208 4033 3223 4049 ο
3272 4016 3490 4083 τρίϐους
3521 4017 3577 4068 δὲ
3621 4015 3830 4084 ταύτης
3867 4017 3966 4077 τὰς

2387 4109 2623 4179 μερικάς
2675 4110 2912 4178 ἀρετάς·
2953 4109 3088 4162 διότι
3121 4110 3382 4178 φέρουσιν
3412 4112 3495 4172 είς
3547 4111 3755 4177 αὑτήν·
3799 4111 3966 4171 αὐτὸς

2384 4203 2494 4269 γὰρ
2523 4199 2949 4271 ἐνανθρωπήσας
2999 4198 3162 4268 ἐτεμε
3209 4200 3410 4262 ταύτας
3447 4201 3544 4253 καὶ
3570 4199 3796 4268 βαδίσας
3829 4203 3966 4252 ὺπέ-

2384 4290 2559 4352 δειξεν
2591 4292 2738 4358 ἔργῳ
2769 4292 2865 4343 καὶ
2895 4292 3039 4360 λόγῳ
3072 4291 3455 4359 καθοδηγήσας
3481 4294 3649 4361 ἡμᾶς.

2462 4399 2480 4430 1
2518 4381 2748 4435 Ἕνεκεν
2783 4381 2875 4435 τοῦ
2910 4383 3173 4451 ὀνόματος
3215 4381 3399 4434 αὐτοῦ.
3442 4401 3460 4432 1
3499 4412 3567 4423 --
3597 4384 3694 4436 Διά
3731 4385 3792 4436 10
3832 4387 3969 4450 κλη-

2388 4468 2546 4539 θῆναί
2579 4487 2647 4538 με
2703 4472 3113 4541 Χριστιανόν,ή
3163 4473 3250 4525 ἵνα
3313 4477 3388 4542 μή
3454 4474 3852 4543 βλασφημῆται
3909 4477 3968 4526 10

707 4563 827 4615 ἀλλ’
854 4564 1204 4630 ἀπωσμένον,
1239 4563 1272 4630 ἢ
1305 4563 1363 4615 ὃν
1391 4563 1815 4632 ἐδημιούργησε.
1841 4564 1914 4615 T0
1945 4563 2024 4627 δέ,
2071 4564 2266 4631 Ἀναγ-
2307 4568 2359 4628 D
2385 4561 2558 4632 ὄνομα
2605 4563 2771 4618 αὑτοῦ
2807 4564 2874 4615 δι’
2903 4566 3121 4617 ἀτόπων
3155 4566 3407 4634 πράξεων
3457 4566 3610 4636 παρά
3665 4570 3782 4629 τοῖς
3839 4569 3968 4620 ἀπί-

707 4655 1028 4723 γελήσετίιι
1062 4655 1141 4716 τῷ
1174 4657 1388 4723 Κυρίῳ,
1414 4655 1556 4717 τινὲς
1583 4655 1755 4717 ἄλλως
1787 4656 2158 4725 ήρμήνευσαν,
2208 4659 2280 4708 εἰ·

709 4749 900 4805 πόντες
929 4744 1008 4794 ὃτι
1047 4745 1377 4810 προφητεία,
1429 4743 1674 4796 τουτέστι
1706 4747 1834 4815 περὶ
1864 4746 1972 4796 τῶν
2020 4747 2078 4799 ἐν
2112 4747 2277 4814 Ἱερο-

712 4837 968 4898 σολύμοις
1003 4833 1353 4905 ζητησάντων
1403 4836 1533 4887 ίδεῖν
1583 4836 1675 4888 10v
1712 4836 1922 4905 Ἰησοῦν
1965 4837 2235 4907 Ἐλλήνων
2259 4856 2274 4871 ο

712 4932 844 4996 φησὶ
870 4929 978 4997 γὰρ
994 4930 1021 4980 0
1040 4927 1429 4996 εὐαγγελιστής
1449 4928 1810 4997 ’1ωάννης,ὃτι
1832 4947 1848 4978 ι
1864 4927 2024 4981 Οὗτοι
2043 4929 2281 4999 προσήλ-

713 5023 803 5072 θον
827 5021 1078 5088 Φιλίππῳ
1095 5019 1206 5070 όντι
1227 5020 1332 5070 ἀπὸ
1353 5018 1684 5085 Βηθσαῖδειᾶ
1705 5019 1802 5086 τῆς
1819 5021 2131 5084 Γαλιλαίας,
2183 5022 2281 5072 καὶ

712 5112 944 5180 ἠρώτων
978 5111 1141 5164 αὑτὸν
1179 5111 1448 5176 λέγοντες,
1483 5112 1678 5180 Κύριε,
1708 5112 1934 5181 θέλομεν
1968 5115 2057 5164 τὸν
2073 5112 2282 5182 Ἰησοῦν

717 5206 843 5256 ἰδεῖν
865 5221 878 5232 ’
919 5203 1138 5271 ἔρχεται
1170 5203 1436 5265 Φίλιππος
1466 5203 1559 5254 καὶ
1611 5203 1760 5269 λέγει
1790 5203 1867 5273 τῷ
1909 5204 2157 5274 Ἀνδρέᾳ,
2189 5206 2282 5256 καὶ

716 5296 878 5346 πάλιν
917 5293 1170 5364 Ἀνδρέας
1209 5295 1300 5344 καὶ
1333 5294 1597 5357 Φίλιππος
1628 5294 1950 5364 λέγουσιτῷ
1988 5295 2184 5364 Ἰησοῦ.
2221 5294 2282 5345 '0

714 5389 770 5440 δὲ
811 5387 1017 5454 Ἰησοῦς
1078 5385 1403 5457 ἀποκριθεὶς
1437 5383 1620 5437 εἶπεν·
1664 5385 1952 5454 Ἐλήλυθεν
1977 5388 2007 5455 ή
2037 5385 2155 5456 ῶρα
2198 5387 2283 5438 ἵνα

714 5479 944 5548 δοξασθῇ
980 5483 1006 5531 ό
1034 5480 1158 5541 Υἱὸς
1189 5478 1284 5531 τοῦ
1322 5477 1636 5547 ἀνθρώπου.
1674 5496 1691 5529 1
1737 5477 1868 5530 Ἰδοὺ
1904 5477 2081 5529 τοίνυν
2114 5479 2282 5544 ἀναγ-

719 5573 900 5640 γέλλει
960 5570 1037 5638 τῷ
1062 5570 1283 5640 Χριστῷ
1313 5569 1504 5638 παρὼν
1545 5570 1652 5622 τῶν
1702 5568 2077 5638 ἀποστόλωνή
2122 5570 2282 5635 γενεὰ

719 5665 903 5731 ἐκείνη
927 5680 940 5694 ⁸
970 5666 1248 5715 τουτέστιν
1274 5664 1321 5714 οί
1349 5662 1610 5732 ’Έλληνες
1631 5677 1644 5692 ο
1684 5663 1734 5712 οἱ
1772 5660 2117 5728 ἐξερχόμενοι
2150 5661 2284 5728 πρὸς

719 5760 878 5808 αᾷτῖν
915 5756 1196 5824 προοίμιόν
1223 5773 1274 5808 τε
1320 5755 1470 5817 ὄντες
1503 5754 1717 5808 πάντων
1753 5753 1854 5806 τῶν
1883 5753 1937 5817 ἐξ
1967 5751 2132 5805 ὲθνιῖιν
2166 5753 2283 5822 ἐλη-

724 5851 970 5901 ληίου-Ν.

2391 4671 2557 4717 στοις.

2466 4766 2482 4797 1
2533 4744 2658 4797 Ἐὰν
2690 4746 2799 4816 γὰρ
2822 4747 2915 4799 καὶ
2946 4747 3200 4816 πορευθῶ
3234 4749 3289 4800 ἐν
3323 4749 3473 4815 μέσῳ
3511 4750 3672 4808 σκιᾶς
3708 4747 3964 4801 θανάτου.

2391 4838 2452 4890 ού
2489 4837 2874 4906 φοϐηθήσομαι
2908 4841 3076 4904 κακὰ,
3105 4842 3187 4892 ὅτι
3219 4842 3281 4892 σὺ
3314 4843 3431 4908 μετ’
3452 4840 3587 4908 ἐμοῦ
3616 4835 3719 4892 εἷ.»
3743 4841 3969 4892 --Σκιὰ

2393 4930 2624 4983 θανάτου
2663 4932 2691 4982 0
2725 4929 2916 4998 παρὼν
2969 4931 3208 4998 κόσμος·
3246 4931 3438 5000 ὥσπερ
3493 4934 3601 4998 γὰρ
3656 4934 3684 4983 ό
3733 4932 3969 4990 θάνατος

2393 5021 2612 5090 χωρίζει
2642 5022 2742 5092 τὴν
2772 5020 2950 5090 ψυχὴν
3004 5023 3109 5073 ἀπο
3146 5020 3239 5073 τοῦ
3298 5023 3567 5088 σώματος,
3604 5023 3751 5076 οὕτω
3814 5027 3908 5076 καὶ
3942 5028 3967 5076 0

2394 5114 2586 5183 παρὼν
2614 5117 2816 5182 κόσμος
2839 5112 3066 5183 χωρίζει
3095 5115 3185 5164 τὸν
3207 5114 3535 5183 φιλόκοσμον
3553 5116 3660 5167 ἀπὸ
3683 5117 3779 5169 τοῦ
3807 5116 3965 5168 Θεοῦ.

2394 5208 2460 5260 Εἴ
2486 5224 2565 5265 τις
2595 5207 2649 5258 δέ
2678 5208 2792 5258 ἐστι
2847 5206 2984 5273 μετά
3016 5204 3108 5256 τοῦ
3140 5204 3301 5270 Θεοῦ,
3339 5208 3430 5258 καὶ
3463 5209 3489 5259 0
3523 5208 3657 5269 Θεὸς
3713 5209 3839 5274 μετ’
3873 5211 3967 5262 00-

2394 5295 2486 5347 τοῦ
2520 5297 2653 5346 ἐστι.
2688 5295 2793 5345 Καὶ
2825 5294 3026 5357 ἑτέρως
3065 5294 3119 5345 δέ
3148 5299 3161 5312 ⁹
3198 5295 3322 5345 σκιά
3358 5295 3592 5347 θανάτου
3649 5299 3817 5359 πόνος
3850 5317 3965 5348 κεν-

2392 5388 2548 5440 δύνου
2586 5386 2803 5447 παντὸς,
2835 5379 2922 5437 οἷα
2948 5384 3142 5446 ἐοικὼς
3197 5385 3410 5452 θανάτῳ
3460 5387 3546 5438 διὰ
3578 5388 3678 5454 τὴν
3735 5393 3965 5458 πικρίαν

2395 5477 2492 5547 τῆς
2522 5475 2812 5545 ἀλγηδόνος
2838 5491 2851 5505 ⁸
2881 5477 3004 5527 σκιὰ
3042 5478 3224 5543 μέντοι
3250 5477 3338 5527 διὰ
3366 5478 3462 5546 τὴν
3494 5478 3756 5545 ὁμοίωσιν
3780 5496 3793 5510 ·
3824 5481 3963 5532 κακά

2395 5572 2448 5623 δὲ
2477 5570 2524 5621 οί
2562 5567 2876 5638 πειρασμοί.
2905 5568 3130 5630 Σύνεσις
3164 5570 3218 5620 δὲ
3249 5571 3383 5620 πᾶσι
3431 5572 3542 5631 τοῖς
3576 5571 3798 5639 ἀληθῶς
3836 5574 3964 5638 Χρι-

2398 5663 2632 5719 στιανοίς
2663 5662 2690 5712 0
2735 5661 2933 5729 Κύριος
2958 5676 2970 5689 ·
3008 5660 3172 5713 αὑτοῦ
3207 5663 3311 5729 γὰρ
3343 5663 3370 5713 0
3406 5662 3561 5729 λόγος
3589 5680 3602 5694 ·
3642 5682 3660 5714 1
3701 5665 3811 5717 Καὶ
3848 5667 3955 5717 ίδον

2397 5752 2505 5817 ἐγὼ
2543 5751 2658 5817 μεθ’
2685 5753 2838 5818 ὑμῶν
2871 5754 2984 5817 εἰμι
3017 5752 3189 5814 πείσας
3222 5753 3315 5815 τὰς
3343 5754 3552 5823 ἡμέρας
3582 5755 3686 5818 ἕως
3713 5758 3810 5824 τῆς
3841 5773 3958 5808 001-

2399 5845 2606 5906 ’.ελιίας
2645 5845 2735 5894 το)
2771 5844 2983 5906 αἰῶνος.
3023 5865 3037 5894 1
