4188 6438
189 413 328 476 ΗΠ

1357 409 1766 472 EXPOSITIO
1812 410 1890 469 IN
1936 410 2065 469 PSA
2081 408 2298 471 LMOS.

3315 414 3328 470 ί
3344 414 3447 474 433

182 534 482 596 auo-30v“;
535 534 701 603 μηδὲν
754 532 1090 602 φθέγγεσθαι
1124 530 1259 602 πρὸς
1311 532 1438 591 τοὺς
1496 527 1752 596 αίτουμέο
1786 530 1826 583 Α
1860 528 1983 580 στὸν
2015 529 2252 597 λέγειήν
2306 532 2398 579 καὶ
2431 526 2661 596 βροντὴν
2696 527 2877 590 καλεῖ,
2936 528 3010 589 ὡς
3076 530 3135 592 ἐξ
3184 532 3447 599 οὐρανοῦ,

184 644 332 684 νυυζ.

266 734 284 765 ε
325 718 429 770 Kal
469 718 885 787 όμοιωθήσομαι
916 719 1029 778 τοίς
1063 715 1491 769 καταϐαίνουσιν
1541 715 1620 777 είς
1641 714 1769 775 λάκ-

187 824 309 861 κον.
354 828 373 860 ι
404 840 469 851 -
502 812 714 877 Ἥγουν
749 812 806 863 ἐν
834 813 946 873 τοῖς
977 810 1219 877 νεκροῖς.

281 919 299 951 ε
336 903 694 964 Είσάκουσον,
736 903 939 972 Κύριε,
999 906 1097 971 τῆς
1144 901 1331 970 φωνῆς
1387 900 1485 967 τῆς
1535 898 1770 967 δεήσεως

190 1012 323 1062 μου,
361 997 419 1047 ἐν
453 995 531 1063 τῷ
563 995 785 1048 δέεσθαί
828 1012 894 1063 με
932 994 1069 1062 πρὸς
1113 994 1195 1059 at,
1222 995 1282 1046 tv
1340 992 1417 1059 τῷ
1477 992 1657 1058 αίρειν
1700 1008 1766 1060 με

186 1090 379 1157 Χετράς
413 1106 515 1156 μου
568 1080 699 1157 πρὸς
766 1090 891 1142 ναὸν
923 1089 1079 1155 ᾰγιόν
1111 1105 1228 1141 σου.
1268 1105 1287 1139 ι
1327 1116 1395 1126 -
1421 1085 1566 1139 Ναδν
1620 1086 1767 1152 λέγει

185 1180 279 1231 τὸν
313 1181 563 1249 οὐρανόν.

265 1292 286 1324 ε
326 1275 418 1341 Μὴ
444 1275 785 1346 συνελκύσῃς
823 1292 891 1345 με
915 1275 1054 1342 μετά
1095 1271 1466 1342 ἁμαρτωλῶν.
1506 1290 1523 1323 ι
1578 1301 1646 1312 -
1674 1272 1765 1339 Μὴ

185 1366 277 1417 διά
312 1366 374 1416 τὸ
400 1366 703 1433 συνδιάγειν
738 1386 803 1436 με
835 1370 950 1430 τοῖς
1004 1367 1359 1445 ἁμαρτωλοῖς
1425 1364 1764 1435 συνελκύσῃς

189 1458 341 1526 κάμέ
369 1459 487 1526 μετ’
524 1461 705 1512 αὐτῶν
734 1461 813 1523 είς
849 1462 909 1512 τὸ
938 1456 1119 1514 δοῦναι
1150 1461 1333 1528 δίκην.

272 1568 291 1600 ι
335 1550 493 1603 Κατά
516 1551 585 1603 τὰ
620 1550 759 1621 ἔργα
791 1552 900 1602 τῶν
934 1553 1137 1620 χειρῶν
1164 1550 1348 1605 αὐτῶν
1377 1549 1469 1613 δὸς
1520 1547 1709 1609 αὐτοῖς
1746 1562 1759 1576 ⁸

188 1641 395 1704 ἀπόδος
429 1643 490 1693 τὸ
520 1642 875 1713 ἀνταπόδομα
892 1643 1077 1696 αὐτῶν
1106 1644 1314 1705 αὐτοῖς.
1361 1660 1380 1693 δ
1417 1670 1490 1681 -
1522 1641 1634 1707 Τὴν
1673 1656 1765 1691 κεο

187 1733 626 1801 χρεωστημένην
658 1736 940 1803 ἐκδίκησιν
969 1734 1171 1798 ἀπόδος
1199 1734 1381 1795 αὐτοῖς
1407 1731 1491 1784 ἵνα
1526 1730 1764 1799 βελτίους

185 1824 237 1875 ot
269 1826 433 1876 κακοὶ
464 1826 747 1891 γένωνται.

266 1935 285 1968 ε
324 1916 452 1969 Ὀτι
485 1919 544 1970 οὐ
583 1919 831 1982 συνῆκαν
859 1919 937 1979 είς
971 1920 1037 1971 τά
1066 1920 1206 1984 ἐργα
1233 1917 1461 1986 Κυρίου.
1506 1934 1523 1967 ι
1570 1916 1764 1967 -Ὂτι
1797 1897 1838 1951 Β

187 2011 289 2062 οὐκ
345 2011 596 2077 ἐγνωσαν
666 2013 765 2074 τάς
811 2011 961 2071 θείας
1029 2009 1346 2079 οἰκονομίας
1381 2009 1455 2071 ὡς
1508 2009 1764 2075 ἀνέχεται

194 2103 382 2155 αὐτῶν
439 2105 468 2156 6
500 2102 660 2169 Θεὸς,
713 2106 909 2173 καιρὸν
937 2102 1202 2171 ὐφαπλῶν
1250 2101 1463 2162 τούτοις
1509 2100 1765 2164 ἐπιστρο-

192 2196 319 2262 φῆς-

263 2311 282 2343 ε
317 2294 428 2345 Καὶ
460 2293 539 2353 είς
593 2291 663 2344 τὰ
703 2291 841 2360 ἔργα
871 2289 982 2342 τῶν
1033 2294 1237 2359 χειρῶν
1299 2288 1466 2341 αὐτοῦ
1514 2288 1764 2348 καθελείς

190 2386 392 2444 αὐτοὺς
416 2386 509 2436 καὶ
539 2385 601 2437 οὐ
640 2385 715 2452 μὴ
772 2385 1156 2451 οίκοδομήσεις
1211 2382 1431 2440 αὐτούς.
1475 2400 1493 2431 ι
1524 2409 1593 2422 --
1626 2382 1763 2448 Προ-

187 2477 417 2543 φητεύει
458 2478 541 2530 ὅτι
576 2476 834 2537 πεσόντες
870 2476 971 2527 οὐκ
1016 2475 1512 2544 ἀνορθωθήσονται.

265 2590 284 2619 ε
325 2570 431 2621 Kal
466 2570 787 2636 ἀνέθαλενὴ
847 2567 987 2637 σάρξ
1059 2586 1185 2637 μου.
1225 2586 1243 2617 ι
1277 2598 1346 2607 -—
1391 2566 1453 2619 Ἥ
1496 2568 1600 2636 πρὸ
1639 2568 1764 2618 τού-

189 2680 283 2714 του
347 2663 679 2731 ἐκτετηκυῖα
742 2663 861 2723 ταῖς
912 2665 1159 2730 φροντίσι
1191 2662 1283 2714 καὶ
1337 2664 1458 2722 ταῖς
1521 2677 1761 2713 κακοπα-

185 2754 389 2815 θείαις.

266 2864 285 2895 ι
327 2846 434 2897 Καὶ
456 2847 520 2897 ἐκ
549 2844 863 2913 θελήματος
894 2862 998 2911 μου
1030 2844 1499 2911 ἐξομολογήσομαι
1528 2843 1701 2911 αὐτῷ.
1740 2860 1758 2893 ι

187 2968 255 2979 --
312 2938 639 3007 ῐΙροθύμως,
711 2938 808 2989 οὐκ
873 2937 1297 3004 ἀναγκαστικῶς
1379 2938 1765 3006 εὐχαριστήσω

185 3030 338 3097 αὐτῷ
368 3047 382 3060 ·
408 3030 650 3082 τοιοῦτόν
677 3031 792 3083 ἐστι
822 3030 905 3093 τὸ,
942 3047 961 3079 ι
1035 3028 1336 3091 Ἑκουσίως
1392 3028 1541 3081 θύσω
1595 3046 1698 3081 σοι.
1740 3046 1759 3079 ι

265 3142 285 3174 ε
322 3123 531 3189 Κύριος
568 3123 901 3191 κραταίωμα
954 3121 1049 3175 τοῦ
1083 3120 1214 3174 λαοῦ
1248 3120 1415 3174 αὐτοῦ
1464 3122 1564 3174 καὶ
1593 3123 1763 3189 ὑπερ-

1874 623 1968 673 καὶ
2004 620 2356 684 ἐξάκουστον.
2388 621 2520 681 Θεὸς
2552 621 2607 671 δέ
2636 621 2793 689 δόξης
2826 623 2854 672 6
2890 619 3125 683 ἔνδοξος.

1947 732 1964 763 ε
2009 715 2071 764 '0
2101 712 2231 774 Θεὸς
2261 713 2355 781 τῆς
2382 713 2539 783 δόξης
2571 715 2868 783 ἐϐρόντησε
2936 717 3142 784 Κύριος
3198 717 3289 767 ἐπὶ
3325 718 3450 771 ὑδά-

1870 827 1978 861 των
2013 806 2249 860 πολλῶν.
2288 827 2305 857 ι
2349 836 2420 845 ——
2460 806 2520 859 '0
2551 809 2789 874 Χριστὸς
2822 810 2876 860 ἐν
2923 808 3003 877 τῷ
3069 809 3313 884 Ἰορδάνῃ
3356 814 3450 863 καὶ

1869 900 1940 953 δι’
1976 902 2186 953 ἐκείνου
2218 903 2275 953 ἐν
2312 902 2447 953 πᾶσι
2492 904 2603 963 τοῖς
2631 901 2825 955 ὕδασιν
2860 902 3103 968 ἁγιάζων
3130 905 3311 957 αὐτῶν
3350 904 3448 974 τὴν

1872 994 2055 1062 φύσιν.

1939 1086 2098 1153 Φωνὴ
2134 1086 2344 1155 Κυρίου
2386 1088 2441 1140 ἐν
2476 1086 2645 1153 ίσχύῖ,
2679 1089 2829 1156 φωνὴ
2860 1086 3068 1157 Κυρίου
3107 1090 3164 1139 ἐν
3213 1088 3448 1155 μεγαλο-

1871 1180 2133 1248 πρεπείᾳ.
2177 1198 2193 1229 ι
2232 1209 2298 1218 —-
2325 1179 2483 1247 Φωνὴ
2510 1181 2723 1247 Κυρίου
2760 1184 2851 1232 καὶ
2882 1182 2942 1232 τὸ
3001 1181 3333 1248 [εὐαγγέλιον
3354 1183 3448 1233 καὶ

1872 1272 1980 1323 πᾶν
2016 1272 2346 1340 πρόσταγμα
2382 1269 2477 1323 τοῦ
2509 1270 2673 1333 Θεοῦ,
2740 1271 2767 1324 ὃ
2804 1273 2896 1323 καὶ
2940 1273 3197 1340 ἰσχυροὺς
3228 1272 3323 1324 καὶ
3350 1288 3447 1340 με-

1870 1362 2239 1430 γαλοπρεπεῖς
2276 1364 2567 1431 ἐργάζεται
2596 1365 2721 1425 τοὺς
2742 1363 2948 1427 ἀξίους.

1947 1475 1963 1505 ι
2004 1455 2160 1522 Φωνὴ
2194 1455 2400 1523 Κυρίου
2438 1456 2820 1523 συντρίϐοντος
2887 1455 3141 1522 κέδρους.
3177 1457 3270 1507 καὶ
3323 1473 3447 1508 συν-

1884 1547 2072 1613 τρίψει
2108 1547 2317 1614 Κύριος
2346 1546 2444 1605 τὰς
2483 1546 2709 1613 κέδρους
2769 1545 2862 1598 τοῦ
2892 1546 3147 1599 Λιϐάνου.
3192 1567 3210 1599 ο
3238 1578 3305 1588 -—
3338 1550 3447 1600 Κέ-

1868 1640 2027 1706 δρους
2056 1639 2206 1703 λέγει
2238 1639 2363 1698 τοὺς
2421 1638 2684 1708 δαίμονας
2719 1641 2811 1690 καὶ
2837 1642 2902 1691 τά
2950 1642 3158 1693 τούτων
3202 1642 3394 1709 τεμένη
3428 1624 3463 1672 ’δ

1869 1730 2120 1798 ἐμνήσθη
2134 1731 2229 1784 καὶ
2252 1728 2347 1783 τοῦ
2379 1730 2539 1799 ὅρους
2571 1731 2810 1784 Λιϐάνου
2838 1774 2851 1796 ,
2879 1733 2961 1785 ὅτι
2995 1733 3166 1786 πολλὰ
3199 1735 3446 1787 είδωλεία

1870 1818 1936 1893 ὴν
1961 1824 2020 1873 ἐν
2043 1821 2212 1890 αὐτῷ.

1948 1939 1963 1970 ι
1979 1921 2089 1972 Kal
2112 1918 2373 1972 λεπτυνεί
2392 1920 2562 1982 αὐτὰς
2586 1920 2661 1982 ῶς
2684 1920 2776 1972 τὸν
2802 1921 3004 1989 μόσχον
3036 1924 3127 1973 τὸν
3156 1923 3440 1974 Λίϐανον.»

1868 2045 1936 2054 -
1969 2014 2240 2066 Λεπτυνεῐ
2290 2012 2513 2074 αὐτοὺς,
2572 2013 2720 2079 λέγω
2754 2014 2820 2083 δὴ
2880 2016 2973 2066 τὸν
3027 2015 3265 2068 Λίϐανον
3297 2017 3442 2081 ὅλον,

1866 2107 2059 2173 ῶσπερ
2090 2108 2117 2157 6
2148 2104 2393 2172 Μωῦσῆς
2424 2105 2518 2157 τὸν
2550 2106 2793 2171 γλυπτὸν
2822 2107 3047 2175 μόσχον.

1948 2218 1965 2250 ε
2009 2200 2117 2252 Kal
2144 2198 2560 2267 δὴγαπημένος
2603 2201 2676 2263 ὡς
2710 2200 2826 2262 υίὸς
2874 2200 3291 2268 μονοκερὼτων.
3322 2219 3340 2252 ι
3383 2231 3449 2242 -

1868 2292 1981 2343 Kal
2006 2292 2034 2343 6
2071 2290 2305 2358 Χριστὸς
2330 2290 2484 2341 ἔσται
2514 2292 2706 2358 μηδενὶ
2732 2292 3196 2358 ὑποτεταγμένης.

1944 2401 1962 2433 ε
1995 2384 2154 2451 Φωνὴ
2195 2385 2406 2453 Κυρίου
2450 2384 2843 2448 διακόπτοντος
2882 2387 3057 2454 φλόγα
3097 2388 3289 2453 πυρός.
3332 2406 3349 2438 ι
3380 2418 3450 2427 -

1870 2475 1992 2528 Είτε
2026 2477 2136 2544 γὰρ
2158 2478 2285 2540 τοὺς
2318 2479 2471 2546 τρεῖς
2504 2479 2704 2540 παῖδας
2741 2480 2838 2530 καὶ
2890 2481 2970 2542 είς
3006 2480 3241 2541 πολλοὺς
3303 2482 3449 2549 μάρ-

1868 2587 2042 2638 τυρας
2072 2570 2174 2635 τὴν
2204 2570 2513 2637 φλέγουσαν
2545 2569 2808 2637 διέκοψαν
2857 2572 2959 2641 τὴν
3029 2573 3319 2639 ἐνέργειαν
3352 2574 3448 2626 τοῦ

1873 2662 2050 2729 πυρὸς
2086 2663 2182 2713 καὶ
2226 2663 2285 2711 ἐν
2320 2662 2386 2727 τῇ
2416 2661 2600 2728 κρίσει
2630 2661 2721 2712 xal
2773 2661 2873 2723 τὰς
2941 2663 3226 2728 ἐνεργείας
3282 2662 3450 2715 αὐτοῦ

1868 2753 2057 2817 διέλοι,
2096 2753 2199 2815 τὴν
2227 2753 2563 2819 φωτιστικὴν
2592 2755 2671 2813 εἰς
2702 2755 2827 2814 τοὺς
2856 2754 3119 2819 δικαίους,
3155 2756 3235 2816 τίς
3297 2756 3429 2817 τοὺς

1869 2844 2230 2911 ἁμαρτωλοὺς
2259 2846 2352 2897 καὶ
2377 2846 2836 2913 τὴν,καυστικήν.

1948 2957 1965 2987 ι
1995 2936 2148 3002 Φωνὴ
2178 2936 2385 3004 Κυρίου
2422 2938 2760 2997 συσσείοντος
2793 2938 3023 3005 ἔρημον.
3084 2960 3103 2991 ε
3157 2970 3229 2983 --
3264 2940 3447 2996 Μετα-

1871 3025 2147 3087 κινοῦντος
2190 3025 2259 3077 τά
2289 3025 2415 3095 ἔθνη
2465 3027 2604 3095 πρὸς
2630 3027 2767 3079 Θεοῦ
2794 3022 3016 3094 γνῶσιν.

1944 3137 1960 3168 ι
1999 3118 2107 3170 Kal
2138 3118 2307 3170 τείσει
2364 3118 2567 3188 Κύριος
2623 3108 2985 3188 τῆνἐρημον
3056 3122 3263 3189 Κάδης.
3306 3142 3323 3173 ι
3380 3152 3450 3163 --

193 3216 478 3285 ασπιστὴς
510 3217 618 3269 τῶν
640 3216 932 3286 σωτηρίων
955 3216 1049 3269 τοῦ
1079 3216 1320 3286 Χριστοῦ
1352 3216 1517 3269 αὐτοῦ
1568 3220 1704 3269 ἐστι.
1740 3234 1759 3265 ο
1799 3254 1839 3309 C
1875 3212 1950 3262 Οὐ
1984 3212 2164 3263 πᾶσαν
2193 3211 2422 3280 ἐρημον,
2454 3213 2591 3264 ἀλλά
2619 3212 2716 3281 τὴν
2745 3213 2951 3282 Κάὸης,
3013 3215 3139 3284 ἤτοι
3167 3216 3263 3284 τὴν
3280 3216 3448 3289 ἁγίαν

186 3336 257 3347 ——
298 3307 651 3378 ’Υπέρμαχος
681 3309 778 3375 τῆς
817 3309 1093 3378 σωτηρίας
1122 3308 1213 3361 τοῦ
1252 3309 1569 3378 χρισθέντος
1595 3328 1763 3376 προσ-

182 3400 339 3464 τάξει
364 3400 530 3452 αὐτοῦ
558 3401 638 3463 είς
664 3400 913 3467 βασιλέα.

265 3510 285 3541 ε
322 3490 505 3542 Σῶσον
533 3493 623 3543 τὸν
655 3491 780 3543 λαόν
817 3509 936 3555 σου,
981 3492 1075 3543 καὶ
1111 3492 1412 3559 εὐλόγησον
1444 3492 1544 3561 τὴν
1573 3492 1767 3561 κληρο·

184 3585 388 3652 νομίαν
420 3600 538 3648 σου,
567 3585 662 3636 καὶ
691 3584 957 3651 ποίμανον
990 3584 1212 3644 αὐτοὺς,
1250 3585 1344 3636 καὶ
1395 3586 1607 3652 ἐπαρον
1662 3586 1763 3637 αὐ-

181 3676 316 3735 τοὺς
343 3676 447 3735 ἕως
474 3674 568 3727 τοῦ
606 3675 824 3738 αἰῶνος.
864 3694 881 3726 ι
921 3705 988 3715 -
1030 3675 1136 3729 Kal
1185 3675 1405 3745 ῦψωσον
1471 3680 1583 3739 τοῖς
1642 3679 1765 3731 κατ’

184 3769 404 3838 ἐχθρῶν
438 3769 721 3836 τροπαίοις
754 3770 915 3838 μέχρι
940 3771 1165 3831 παντός.

754 3909 1050 3961 ΨΛΛΜΟΣ
1082 3911 1217 3962 Kﬂ'.

264 4042 497 4110 Ψαλμδς
526 4043 605 4111 τῷ
656 4043 821 4096 Δαυτδ
854 4042 1036 4105 ἐξόδου
1096 4043 1325 4112 σκηνῆς.
1364 4062 1381 4092 ι
1420 4073 1488 4084 -
1533 4044 1765 4113 Ἰστορι-

184 4138 300 4198 κῶς
323 4137 422 4205 μὲ*-
451 4136 823 4206 παραγγέλλει
849 4137 961 4197 τοίς
994 4136 1038 4187 ίε
1050 4134 1203 4203 ρεῦσι
1232 4137 1328 4187 καὶ
1350 4137 1612 4196 Λευίταις
1633 4137 1763 4205 περὶ

180 4229 287 4297 τῆς
326 4211 653 4290 ἐζελεύσεως
688 4228 787 4293 τῆς
817 4230 881 4279 ἐκ
900 4227 1001 4294 τῆς
1040 4228 1272 4295 νομικῆς
1304 4226 1535 4295 σκηνῆς,
1592 4227 1765 4294 λέγων

180 4320 291 4379 ὅτι,
316 4316 676 4385 Ἑτοιμάσατε
702 4316 1006 4380 ἐξελθόντες
1034 4318 1103 4369 τὰ
1135 4316 1272 4385 πρὸς
1295 4317 1580 4385 λατρείαν,
1613 4318 1764 4380 υἱοὺς

185 4410 361 4476 κριῶν
386 4412 477 4461 καὶ
513 4410 613 4461 ὅσα
664 4410 743 4470 είς
784 4408 952 4477 τιμὴν
981 4410 1072 4460 καὶ
1110 4408 1270 4471 δόξαν
1305 4407 1466 4461 Θεοῦ.
1518 4411 1761 4476 ’Λναγω-

181 4500 359 4565 γικῶς
382 4500 439 4549 δέ
460 4499 631 4565 σκηνή
680 4500 795 4549 ἐστι
829 4499 891 4549 τὸ
931 4496 1113 4565 σῶμα.
1138 4496 1375 4560 Ἐξόδιον
1406 4499 1464 4550 δέ
1496 4499 1703 4567 σκηνῆς
1730 4499 1763 4567 ἠ

1875 3302 1971 3353 καὶ
1997 3303 2393 3369 ἀφωρισμένην
2429 3303 2598 3369 αὐτῷ.

1947 3412 1964 3443 ε
2003 3394 2160 3461 Φωνὴ
2219 3394 2425 3462 Κυρίου
2484 3394 2959 3463 καταρτιζψένου
3027 3397 3278 3463 ἐλάφους.
3325 3416 3341 3446 ι
3379 3427 3449 3437 —-

1871 3485 2016 3546 Τοῦς
2058 3487 2367 3546 πατοῦντας
2417 3486 2604 3537 ἐπάνω
2633 3484 2811 3551 ὄφεων
2845 3487 3178 3548 ἀποστόλους
3210 3490 3289 3543 είς
3322 3490 3447 3553 δρό-

1877 3594 1974 3643 μον
2033 3576 2129 3629 τοῦ
2186 3575 2541 3644 κηρύγματος
2586 3577 2997 3630 τελειοποιοῦσα
3048 3582 3113 3647 τῇ
3172 3580 3448 3648 ἐνισχύσει

1870 3668 1966 3720 τοῦ
1997 3668 2333 3736 Πνεύματος.

1948 3778 1966 3810 ι
2008 3760 2119 3812 Kal
2143 3759 2491 3828 ἀποκαλύψει
2532 3761 2795 3830 δρυμούς.
2830 3780 2847 3812 ι
2876 3792 2945 3801 -—
2996 3763 3106 3816 Kal
3159 3764 3446 3836 ἐκκαθάρῃ

1871 3852 1972 3912 τὰς
2002 3852 2384 3920 ὐλομανούσας
2415 3853 2595 3921 ψυχὰς
2618 3854 2728 3905 τῶν
2757 3854 2951 3907 ἐθνῶν.

1949 3961 1967 3995 ε
2003 3944 2111 3995 Καὶ
2137 3945 2194 3995 ἐν
2222 3943 2299 4010 τῷ
2320 3943 2431 4013 ναῷ
2460 3945 2623 3998 αὐτοῦ
2666 3947 2772 4009 πᾶς
2796 3964 2881 4009 τις
2903 3948 3052 4016 λέγει
3087 3950 3267 4013 δόξαν.
3321 3968 3339 4001 ι
3374 3980 3445 3989 -

1873 4037 1982 4087 Kal
2032 4038 2089 4086 tv
2148 4036 2312 4089 παντὶ⁵
2368 4036 2479 4105 ναῷ
2532 4037 2700 4090 αὐτοῦ
2782 4041 2890 4101 πᾶς
2967 4042 3264 4103 πιστεύσας
3323 4042 3446 4110 ᾄσει

1873 4127 2060 4195 ὕμνον.

1946 4238 1966 4270 ε
2001 4220 2204 4287 Κύριος
2262 4221 2354 4272 τὸν
2406 4224 2794 4289 κατακλυσμὸν
2841 4226 3106 4276 κατοικεῖ.
3141 4244 3157 4275 ι
3212 4253 3279 4263 -
3332 4225 3446 4290 Τὴν

1879 4309 2226 4363 κλεισθεῐσαν
2315 4314 2380 4379 τῇ
2456 4312 2635 4384 πλάνῃ
2706 4316 3030 4383 συναγωγὴν
3101 4317 3211 4368 τῶν
3276 4317 3446 4367 ἐθνῶν

1868 4402 2206 4471 οἰκουμένην
2278 4404 2499 4470 ποιήσει
2549 4409 2661 4467 τοῖς
2721 4407 2815 4457 τοῦ
2886 4407 3201 4475 [Ινεύματος
3292 4409 3447 4475 χαρίο

1872 4513 2047 4565 σμασι

181 4592 296 4643 ἀπὸ
320 4589 473 4641 τοῦδε
497 4589 590 4641 τοῦ
624 4588 741 4658 βίου
766 4588 1115 4657 ἀναχώρησις
1146 4589 1282 4658 πρὸς
1309 4590 1375 4658 ἢν
1404 4592 1759 4659 παρασκευά-
1792 4596 1841 4655 D
1944 4605 1963 4639 ε
1997 4589 2107 4641 Kal
2139 4588 2413 4642 καθιεῐται
2451 4590 2653 4660 Κύριος
2689 4591 2942 4659 βασιλεὺς
2965 4593 3044 4653 είς
3077 4592 3167 4643 τὸν
3198 4591 3428 4645 αίῶνα.»

181 4683 375 4746 ζεσθαι
403 4684 431 4732 6
460 4682 617 4747 λόγος
641 4682 787 4748 ἡμᾶς
818 4682 1140 4750 παρεγγυᾷ.

271 4773 563 4839 Ἐνέγκατε
588 4774 664 4840 τῷ
697 4774 911 4841 Κυρίῳ,
939 4774 1045 4825 υίοὶ
1080 4771 1239 4826 Θεοῦ.
1277 4791 1295 4824 ι
1331 4801 1397 4813 -
1427 4773 1762 4839 Κατέπειξιν

180 4868 211 4917 6
246 4866 403 4931 λόγος
434 4866 570 4934 ἔχει.
604 4865 771 4932 Λέγει
815 4870 946 4931 γὰρ,
996 4859 1067 4915 Ὠ
1098 4865 1205 4916 υίοὶ
1238 4864 1330 4917 τοῦ
1376 4864 1540 4929 Θεοῦ,
1591 4867 1760 4936 ἤγουν

182 4957 498 5020 ἀπόστολοι,
534 4959 798 5023 ἐνέγκατε
830 4955 908 5023 τῷ
933 4957 1127 5024 Κυρίῳ
1156 4956 1282 5017 τοὺς
1308 4956 1460 5019 υίούς
1489 4956 1600 5008 τῶν
1632 4958 1761 5010 ἀλό-

181 5066 299 5115 γων
334 5048 527 5116 κριῶν,
556 5049 723 5117 ὴγουν
749 5049 876 5109 τοὺς
912 5046 971 5111 ἐξ
996 5047 1189 5101 ἐθνῶν.

266 5158 283 5191 ε
340 5139 634 5206 Ἐνέγκατε
672 5138 752 5207 τῷ
786 5138 974 5208 Κυρίῳ
1024 5139 1180 5202 υίούς
1241 5136 1439 5206 κριῶν,
1494 5139 1759 5205 ἐνέγκατε

182 5231 263 5300 τῷ
300 5231 493 5299 Κυρίῳ
522 5229 680 5293 δόξαν
711 5231 804 5281 καὶ
836 5230 1029 5299 τιμήν.
1067 5248 1085 5279 ι
1114 5260 1181 5269 --
1204 5230 1341 5293 Δόξα
1373 5230 1466 5283 τοῦ
1492 5233 1760 5300 ὀνόματος

178 5321 283 5375 τοῦ
314 5321 552 5390 Χριστοῦ
591 5324 647 5375 al
679 5324 965 5377 ἐπαινεταὶ
993 5324 1223 5390 πράξεις
1248 5323 1433 5392 ἡμῶν.

170 5413 176 5421 ’
268 5432 286 5467 ι
338 5413 631 5481 Ἐνέγκατε
670 5416 751 5484 τῷ
806 5415 997 5483 Κυρίῳ
1065 5414 1224 5479 διξαν
1287 5416 1513 5483 ὀνόματι
1569 5416 1759 5481 αὐτοῦ,

183 5508 613 5575 προσκυνήσατε
636 5506 714 5575 τῷ
743 5508 932 5578 Κυρίῳ
954 5510 1012 5560 ἐν
1051 5509 1184 5585 αὐλῇ
1210 5509 1343 5579 αγίᾳ
1403 5508 1593 5563 αὐτοῦ.
1636 5529 1654 5561 ι
1691 5541 1758 5551 -

180 5600 369 5666 Δύλὴν
391 5598 538 5665 λέγει
569 5599 668 5669 τὴν
705 5601 834 5669 μίαν
874 5600 1208 5671 Ἐκκλησίαν
1241 5602 1336 5654 καὶ
1392 5602 1591 5672 πιστὴν
1651 5604 1759 5657 τῶν

182 5688 453 5743 εὐσεϐῶν.

266 5800 284 5830 ε
311 5782 469 5850 Φωνὴ
495 5781 703 5849 Κυρίου
728 5783 820 5835 ἐπὶ
849 5782 955 5835 τῶν
982 5782 1214 5836 ὑδάτων.
1265 5802 1283 5835 ι
1330 5813 1397 5822 -
1432 5785 1545 5853 Τὴν
1601 5803 1761 5838 κατε-

180 5874 475 5945 νεχθεῖσαν
510 5874 807 5945 οὐρανόθεν
836 5876 894 5928 ἐν
926 5875 998 5945 τῷ
1023 5875 1267 5947 Ἰορδάνῃ
1320 5880 1455 5946 πρὸς
1506 5878 1597 5930 τὸ)
1630 5879 1755 5948 XM.

1874 4706 1943 4718 --
1975 4678 2048 4729 T6
2086 4678 2353 4732 καθιεῖται
2380 4681 2501 4732 ἀντὶ
2526 4682 2620 4733 τοῦ
2658 4685 2810 4749 μενεῖ
2832 4681 2920 4733 διὰ
2952 4682 3011 4731 τὸ
3038 4682 3137 4749 τῆς
3165 4680 3447 4744 εὐσεϐείας

1872 4767 2291 4835 ἀμετάπτωτον.

2428 4860 2525 4911 ΨΑ
2536 4861 2724 4911 ΛΜΟΣ
2751 4862 2879 4916 ΚΘ’.

1948 4968 1967 5001 ε
2002 4950 2098 5012 Είς
2120 4950 2180 5003 τδ
2210 4951 2386 5014 τέλος,
2418 4952 2497 5020 τῷ
2519 4952 2684 5005 Δαυῒδ
2710 4954 2921 5021 ψαλμδς
2955 4954 3096 5023 ᾠδῆς
3121 4957 3217 5007 τοῦ
3256 4958 3445 5022 ἐγκαι-

1871 5041 2067 5109 νισμοῦ
2100 5042 2194 5094 τοῦ
2212 5044 2387 5097 οίκου.
2427 5064 2444 5096 ι
2484 5074 2551 5083 -
2592 5046 3008 5112 Ὑπερϐατικῶς
3063 5048 3278 5117 ψαλμὸς
3305 5050 3450 5118 ᾠδῆς

1874 5134 1968 5186 τοῦ
1998 5136 2180 5188 Δαυῖδ.
2228 5136 2287 5189 Ὀ
2314 5138 2371 5191 δὲ
2410 5137 2507 5190 τοῦ
2551 5138 2700 5190 οἴκου
2734 5140 3096 5209 ὲγκαινισμὸς
3154 5142 3306 5206 δηλοί
3352 5145 3451 5211 μὲν

1872 5230 1967 5279 καὶ
1993 5227 2089 5294 τὴν
2121 5228 2202 5290 εἰς
2230 5229 2292 5279 τὸ
2324 5229 2695 5298 προφητεύειν
2744 5233 3056 5296 ἐγκαίνισιν
3118 5234 3217 5300 τῆς
3269 5234 3450 5302 ψυχῆς

1869 5318 1963 5371 τοῦ
1998 5320 2203 5371 Δαυῖδο
2259 5321 2355 5388 τῆς
2406 5323 2704 5388 γενομένης
2750 5322 2902 5377 οἴκου
2954 5324 3047 5378 τοῦ
3107 5330 3449 5396 προφητικοῦ

1872 5417 2225 5485 χαρίσματος
2256 5418 2378 5488 ἥτις
2412 5419 2719 5484 ἐγκαίνισις
2781 5420 2869 5473 διὰ
2926 5423 3219 5489 μετανοίας
3258 5426 3450 5488 γέγονε

1874 5510 2011 5578 μετά
2042 5508 2141 5579 τὴν
2188 5512 2279 5563 ἐπὶ
2306 5510 2396 5563 τὸν
2431 5512 2637 5582 Οὐρίαν
2673 5515 3022 5584 παρανομίαν
3047 5531 3061 5545 ο
3097 5516 3247 5583 δηλοῖ
3274 5517 3330 5568 δέ
3356 5517 3451 5566 καὶ

1870 5606 1967 5673 τὴν
1998 5604 2097 5673 τῆς
2131 5589 2468 5675 Ἐκκλησίας
2524 5607 2634 5659 τῶν
2665 5609 2878 5662 πιστῶν
2925 5609 3290 5677 ἀνακαίνησιν
3359 5612 3449 5663 διὰ

1846 5720 1849 5721 ν
1877 5694 1976 5761 τῆς
2007 5695 2427 5764 ἀναγεννήσεως
2468 5696 2563 5749 τοῦ
2597 5700 2996 5768 βαπτίσματος.

1953 5805 1970 5835 ι
2028 5786 2259 5854 Ὕψὼσω
2290 5807 2368 5850 σε,
2412 5791 2605 5858 Κύριε,
2637 5792 2717 5843 ὅτι
2760 5793 3027 5856 ὑπέλαϐές
3064 5812 3150 5861 με,
3227 5797 3318 5847 καὶ
3349 5795 3449 5848 οὐκ

1872 5879 2150 5951 εὔφρανας
2178 5884 2298 5944 τοῦ,
2323 5881 2552 5952 έχοροᾶς
2590 5903 2691 5952 μον
2724 5886 2809 5938 ἐπ’
2850 5887 2974 5955 ἐμέ.
3016 5907 3031 5939 ι
3063 5890 3442 5952 *Μεγαλυνῶ
