4192 6430
306 428 446 494 1595

1471 433 1883 497 EXPOSITIO
1927 436 2009 497 IN
2052 434 2413 497 PSALMOS.

3416 437 3549 500 1526

293 573 367 586 —-
398 544 689 615 Παρρησίᾳ
726 546 834 614 βοῶ
895 565 977 601 σοι
1030 550 1123 603 καὶ
1172 551 1546 620 έμμαρτύρως
1614 550 1721 616 δτι,
1779 551 1873 604 έάν
1904 554 1947 613 Α
1981 551 2254 619 ρεύονται.
2296 571 2315 604 1
2375 580 2444 591 —
2473 549 2546 604 T6
2566 552 2640 606 ού
2681 551 2972 619 συνῆκαν
3006 550 3351 621 σαφηνισμός
3406 554 3547 605 ἐστι.

290 634 540 706 ἀκούσῃς
561 638 653 691 τὸν
684 639 842 707 λόγον
876 657 979 709 μου
1012 641 1106 696 καὶ
1130 641 1433 715 πιστεύσῃς
1482 644 1561 706 είς
1627 645 1728 715 έμὲ
1775 646 1871 697 καὶ

290 730 510 800 γνωσθῇ
534 732 665 795 Θεὸς
695 736 750 788 tv
778 736 861 789 σοὶ
889 736 1013 791 κατ’
1032 737 1349 807 έπίγνωσιν,
1393 739 1495 791 ούκ
1521 738 1672 792 ἕσται
1700 740 1758 792 tv
1787 740 1873 793 σοὶ

291 823 415 886 θεός
443 842 530 889 τις
572 828 686 889 νέος
712 829 871 894 ἀλλος
892 832 1041 900 παρά
1067 833 1159 884 τὸν
1189 832 1412 902 πρῶτόν
1434 850 1529 886 σου
1561 832 1715 897 Θεὸν,
1752 833 1871 885 οὐδὲ

294 920 680 986 προσκυνήσας
728 922 865 995 ἐμοὶ.
907 922 1041 991 ξένῳ
1090 926 1496 996 προσκυνήσεις
1575 925 1684 995 θεῷ
1735 926 1870 994 παρ’

290 1006 352 1059 δν
375 1010 746 1078 προσεκύνουν
804 1016 853 1067 οί
892 1017 1132 1085 πατέρες
1170 1034 1287 1070 σουο
1321 1017 1490 1081 αὐτὸς
1527 1019 1634 1089 γὰρ
1692 1020 1801 1085 έγὼ
1842 1018 1870 1070 6

290 1099 389 1152 νῦν
423 1104 504 1165 είς
531 1104 631 1173 τήν
664 1104 805 1176 ιμήν
836 1108 1137 1176 έπίγνωσίν
1191 1127 1250 1163 τε
1290 1118 1387 1165 καὶ
1418 1110 1607 1163 πίστιν
1659 1110 1870 1175 ένάγων

292 1210 379 1257 σε,
405 1195 569 1257 αὐτός
594 1198 707 1265 είμι
736 1197 955 1267 πρῶτος
981 1200 1112 1264 Θεός
1131 1216 1249 1266 σου,
1283 1204 1341 1267 ὸς
1360 1220 1443 1269 σε,
1477 1203 1728 1257 τουτέστι
1745 1204 1869 1265 τοὺς

292 1287 425 1351 σοὺς
469 1291 717 1360 πατέρας
766 1295 831 1346 έκ
881 1295 980 1365 τῆς
1030 1294 1317 1365 Αἰγύπτου
1360 1296 1653 1367 ἀναγαγὼν
1706 1298 1870 1361 αὑτός

292 1382 410 1446 εἰμι
453 1384 547 1435 καὶ
592 1386 690 1455 οὐχ
734 1387 947 1457 ἕτερος,
1005 1393 1054 1444 εἰ
1106 1392 1201 1444 καὶ
1295 1392 1469 1462 σάρκα
1524 1393 1869 1464 προσείληφα

289 1471 380 1525 δεὰ
408 1476 465 1526 σέ
492 1516 504 1529 .

374 1587 392 1619 1
434 1572 713 1626 Πλάτυνον
741 1574 802 1636 τὸ
836 1577 1011 1647 στόμα
1043 1595 1161 1643 σου,
1217 1581 1311 1633 καὶ
1343 1578 1621 1650 πληρὼσω
1645 1578 1797 1634 αύτό.
1844 1598 1862 1631 1

288 1689 362 1700 —
392 1663 639 1729 Ἀνοιξον
674 1667 733 1719 τὸ
791 1672 966 1739 στόμα
999 1670 1096 1725 τοῦ
1150 1672 1269 1734 νοός
1342 1690 1459 1738 σου,
1510 1675 1603 1726 καὶ
1663 1673 1870 1742 τροφῆς

300 1760 578 1830 ἐμπλήσω
621 1761 782 1815 τοῦτο
838 1765 1242 1835 πνευματικῆς,
1270 1767 1450 1820 εῐτουν
1483 1767 1676 1833 σοφίας
1710 1768 1873 1821 θείων

293 1852 612 1919 νοημάτων,
639 1857 670 1923 ἢ
703 1859 797 1911 καὶ
824 1858 886 1910 τὸ
907 1856 1169 1929 αἰσθητόν
1202 1876 1298 1913 σου
1325 1861 1500 1929 στόμα
1530 1861 1629 1928 τῆς
1665 1860 1869 1914 καταλο

1977 643 2050 697 Τὸ
2083 646 2194 698 οὐκ
2232 644 2511 713 ἔγνωσαν
2557 644 2843 700 ἀσύνετα
2906 645 3093 713 φησὶν,
3145 642 3365 713 έμειναν
3415 643 3553 715 πρὸς

1978 736 2105 798 τοὺς
2140 736 2319 799 θείους
2366 735 2559 801 λόγους
2615 734 2842 801 τούτους
2902 736 3453 804 έθελοκωφήσαντες·
3493 738 3552 791 tv

1978 826 2154 899 πλάνῃ
2178 829 2285 899 γάρ
2309 827 2707 884 πολιτεύονται.

2053 939 2071 972 ι
2106 921 2539 991 Σαλευθήτωσαν
2570 922 2750 975 πάντα
2780 922 2847 977 τά
2874 922 3105 990 θεμέλια
3153 924 3253 993 τῆς
3278 924 3401 994 γῆς.
3434 944 3452 977 1
3483 956 3552 972 -

1976 1011 2437 1082 Ἀγανακτήσεως
2469 1014 2497 1065 6
2529 1012 2711 1081 λόγος,
2750 1009 2863 1068 οἷον
2897 1016 3032 1086 μηδὲ
3067 1016 3099 1087 ἡ
3134 1015 3206 1085 γῆ
3261 1017 3554 1088 ἀνασχέτω

1979 1102 2163 1171 μένειν
2188 1104 2489 1169 ἀσάλευτος
2509 1104 2650 1159 οὕτω
2672 1109 3141 1177 παρανομούντων
3163 1108 3274 1164 τῶν
3295 1110 3552 1166 διδασκά-

1974 1195 2081 1248 λων
2117 1196 2358 1268 Ἰσραήλ,

2053 1308 2072 1342 ι
2111 1289 2253 1359 Ἐγὼ
2286 1286 2416 1345 εῐπα
2440 1309 2455 1324 ·
2487 1292 2613 1347 Θεοί
2638 1294 2762 1347 έστε
2819 1296 2911 1348 καὶ⁵
2942 1296 3047 1351 υίοὶ
3104 1286 3363 1366 ’Υψίῖιτου
3416 1298 3552 1350 πάν-

1974 1400 2083 1445 τες.
2121 1402 2142 1437 1
2180 1415 2246 1424 —
2277 1384 2417 1455 Ἐγὼ
2453 1386 2599 1456 ὑμᾶς
2626 1388 2753 1451 τοὺς
2788 1389 2985 1460 κριτάς
3011 1388 3167 1449 θεοὺς
3203 1389 3464 1457 ὠνόμασα
3495 1392 3551 1443 tv

1978 1479 2044 1545 τῇ
2110 1476 2278 1546 βίδλῳ
2330 1479 2430 1548 τῆς
2495 1480 2733 1546 Ἐξόδου,
2800 1482 2981 1552 φήσας
3054 1482 3193 1552 πρὸς
3252 1480 3343 1533 τὸν
3398 1482 3547 1544 λαὸν,

1980 1586 1997 1619 ι
2033 1568 2198 1630 Θεοὺς
2222 1570 2283 1623 ού
2311 1571 2705 1640 κακολογήσας
2743 1573 2935 1639 ίύίους·
2961 1574 2993 1642 ή
3020 1574 3186 1628 πάλιν
3209 1575 3359 1636 υίοὺς
3398 1573 3549 1642 Ὑψι-

1978 1678 2105 1715 στου
2143 1662 2293 1732 έντῷ
2324 1664 2518 1729 είπεῖν,
2551 1685 2570 1718 1
2613 1665 2730 1730 ΐίὸς
2756 1666 3101 1736 πρωτότοκός
3129 1684 3231 1734 μου
3251 1667 3529 1736 Ἰσραήλ.»

2056 1773 2076 1807 1
2115 1757 2300 1827 Ὑμεῖς
2317 1759 2373 1812 6t
2400 1760 2473 1822 ὡς
2498 1760 2595 1815 ἀνθ
2606 1778 2788 1831 ρωπος
2813 1760 3193 1830 ἀποθνήσκετε
3222 1761 3316 1814 καὶ
3332 1756 3410 1825 εἷς
3438 1759 3546 1813 τῶν

1976 1849 2257 1918 ἀρχόντων
2289 1850 2541 1905 πίπτετε.
2579 1870 2599 1903 1
2624 1881 2695 1895 —
2718 1852 2915 1921 Θνητοὶ
2951 1854 3115 1922 μόνον
3158 1854 3253 1906 καὶ
3290 1856 3457 1924 μηδὲν
3479 1855 3547 1907 τά

289 1946 461 2014 ἰήλω
498 1950 766 2021 {parmam
789 1954 1021 2023 τροφῆς,
1053 1955 1085 2023 ἦ
1122 1956 1214 2009 καὶ
1242 1956 1424 2018 πάσας
1446 1956 1545 2020 τὰς
1583 1956 1867 2027 αεσθήσεις
1901 1958 1943 2014 Β
1975 1940 2139 2009 γήϊνα
2205 1939 2406 2001 ειδότες
2455 1939 2628 2005 οὕτως
2687 1942 3088 2013 ἀποθνήσκετε.
3145 1944 3446 2007 τουτέστιν,
3470 1944 3545 2006 ὡς

292 2058 395 2092 σου
420 2043 640 2108 περανῶ
669 2045 769 2108 τὰς
805 2047 896 2099 έπὶ
929 2050 1267 2117 συμφέροντι
1299 2050 1519 2119 δηλαδή.

377 2151 394 2183 1
432 2134 540 2187 Καὶ
600 2135 955 2199 έξαπέστειλα
1012 2140 1209 2203 αὐτοὺς
1264 2142 1404 2194 κατά
1460 2141 1529 2193 τὰ
1587 2140 1875 2211 ἐπιτηδεύ-

294 2245 446 2294 ματα
478 2228 587 2281 τῶν
610 2229 848 2300 καρδ.ῶν
878 2230 1087 2287 αὐτῶν.
1109 2252 1126 2285 1
1164 2263 1232 2275 —
1264 2235 1373 2289 Καὶ
1435 2234 1623 2303 ἀφῆκα
1672 2233 1869 2295 αὐτοὺς

291 2318 562 2387 φέρεσθαι
598 2322 740 2373 κατά
764 2321 835 2373 τά
867 2322 1149 2393 θελήματα
1174 2325 1269 2378 καὶ
1296 2327 1396 2388 τὰς
1421 2326 1728 2396 έπικρίσεις
1759 2324 1870 2376 τῶν

286 2412 515 2464 οεκείων
536 2414 813 2485 λογισμῶν
840 2418 914 2479 ὠς
938 2418 1206 2481 ἀπειθεῖς.
1246 2418 1388 2487 Ἐγὼ
1416 2420 1472 2472 δὲ
1495 2418 1733 2489 μετέσην
1767 2418 1865 2469 ιπὶ

287 2505 360 2556 131
387 2504 537 2573 έονη.

372 2616 392 2649 ι
436 2598 524 2651 Ἐν
558 2598 638 2668 τῷ
674 2596 950 2667 μηδενῖἃν
979 2602 1107 2663 τοὺς
1148 2598 1376 2669 ἐχθροὺς
1417 2598 1597 2651 αὐτῶν
1643 2598 1870 2649 ἐταπείὴ

290 2708 469 2745 νωσα.
508 2710 525 2742 1
556 2718 621 2731 --
656 2690 729 2744 T6
761 2693 830 2744 ἐν
861 2692 942 2756 τῷ
968 2692 1184 2760 μηδενί
1218 2692 1276 2743 τὸ
1317 2692 1535 2752 ἀπόνως
1594 2690 1688 2742 καὶ
1716 2695 1872 2757 coxe-

292 2784 408 2854 ρῶς
438 2784 610 2853 δηλοτ.
646 2784 909 2855 Ἐχθροὺς
944 2786 1000 2839 δὲ
1048 2786 1172 2849 τοὺς
1223 2784 1516 2854 αἰσθητοὺς
1568 2782 1719 2850 λέγει
1773 2783 1870 2834 καὶ

291 2877 545 2949 νοητούς.

370 2989 389 3021 1
424 2972 488 3025 ΟΞ
524 2970 709 3039 ἐχθροὶ
742 2968 949 3038 Κυρίου
988 2969 1289 3037 ἐψεύσαντο
1321 2969 1523 3038 αὐτῷ.»
1562 2999 1632 3009 -—
1676 2969 1868 3023 Ῥασσὶ

294 3066 408 3133 γὰρ
436 3061 731 3126 καλοῦντες
755 3064 849 3116 καὶ
876 3062 1201 3116 διδάσκαλον
1231 3062 1439 3131 ἀγαθὸν
1460 3062 1752 3116 ἀπώσαντο
1771 3064 1867 3133 τὴν

288 3155 648 3207 διδασκαλίαν
682 3154 869 3209 αὑτοῦ.
903 3156 995 3224 Μὴ
1024 3156 1185 3224 μόνον
1231 3154 1310 3220 δὲ,
1353 3154 1490 3208 ἀλλά
1520 3154 1612 3207 καὶ
1648 3154 1866 3223 θανάτῳ

288 3248 489 3301 τοῦτον
521 3248 967 3317 παραδεδώκασι.

368 3357 390 3389 1
424 3340 537 3392 Καὶ
564 3339 717 3393 [πται
744 3342 770 3391 6
801 3340 985 3407 καιρὸς
1046 3338 1227 3393 αὐτῶν
1268 3340 1348 3401 είς
1390 3336 1482 3389 τὸν
1512 3336 1705 3390 αίῶνα.
1745 3354 1764 3387 1
1795 3365 1870 3375 —

290 3430 386 3483 Διὸ
415 3432 511 3482 καὶ
537 3430 829 3493 διαπαντὸς
858 3432 1073 3483 ἔσονται
1101 3430 1306 3484 τούτων
1333 3430 1389 3484 αἱ
1417 3429 1734 3500 συμφοραί·
1754 3445 1869 3481 και-

291 3520 389 3594 ῥὸν
413 3522 521 3592 γὰρ
550 3524 598 3574 οι
635 3522 878 3592 Ἑϐραῖοι
910 3522 1008 3574 καὶ
1046 3521 1209 3592 Σύροι
1236 3524 1335 3585 τὰς
1370 3521 1655 3593 συμφορὰς
1679 3518 1873 3591 όνομά-

290 3615 467 3676 ζουσι.

372 3729 392 3759 1
431 3710 540 3761 Καὶ
567 3707 845 3777 ιψὼμισεν
876 3705 1096 3769 αὍτούς.
1142 3725 1161 3758 1
1198 3736 1265 3747 —
1302 3707 1461 3760 Ἤτοι
1497 3706 1767 3776 παρέσχεν
1790 3706 1868 3769 είς

290 3801 503 3870 τροφὴν
528 3800 589 3851 τὸ
620 3801 816 3868 μάννα.

368 3907 389 3941 1
417 3889 512 3943 Ἐκ
535 3891 758 3952 στέατος
780 3888 953 3961 πυροῦ
980 3891 1076 3941 καὶ
1100 3890 1163 3942 ἐκ
1181 3889 1387 3958 πέτρας
1432 3888 1554 3958 μέλι
1577 3889 1869 3960 έχόρτασεν

290 3980 519 4043 αὐτούς.
552 3999 571 4031 1
611 4009 684 4023 -—
715 3981 785 4033 Ὀ
815 3982 931 4033 ἐστι
980 3979 1042 4033 τὸ
1064 3976 1157 4032 τοῦ
1194 3980 1346 4032 σίτου
1374 3980 1544 4045 ἐντὸς,
1596 3979 1625 4033 6
1660 3982 1777 4032 έστι
1807 3978 1869 4033 τὸ

291 4072 627 4125 λεπτότατον
686 4072 1000 4141 ἀλευρον,ή
1059 4070 1379 4140 σεμίδαλις·
1455 4070 1701 4125 τοιοῦτον
1759 4072 1867 4141 γὰρ

290 4165 444 4231 εδοξε
498 4165 612 4227 τοῖς
663 4163 942 4227 Ἰουδαίοις
995 4166 1055 4216 τὸ
1104 4164 1280 4229 μάννα
1341 4162 1642 4231 σιλιγνίτης
1676 4161 1864 4234 ἀρτοςο

290 4259 487 4329 ῶσπερ
514 4260 608 4311 καὶ
637 4256 697 4310 τὸ
728 4256 873 4326 ὕδωρ
912 4255 1032 4323 μέλι
1060 4254 1415 4321 γλυκύτατον.

850 4346 1143 4401 ΨΔΛΜΟΣ
1178 4344 1303 4402 ﬂA’.

369 4459 390 4491 1
427 4440 658 4509 γαλμὸς
696 4438 773 4509 τῷ
804 4440 998 4506 ’Δσάφ.
1030 4457 1050 4490 1
1088 4467 1157 4481 -—
1190 4439 1565 4509 Προαγορεύει
1595 4439 1689 4491 τὸν
1716 4440 1867 4510 παρά

289 4536 389 4589 τοῦ
425 4530 667 4603 Χριστοῦ
699 4530 842 4583 κατά
886 4530 998 4583 τῶν
1049 4534 1427 4600 γραμματέων
1456 4530 1682 4583 καὶτῶν
1707 4531 1866 4601 Φαρι-

292 4629 465 4683 σαίων
499 4627 741 4697 ἔλεγχον.

371 4720 536 4782 «Θεὸς
568 4720 702 4787 ιστη
731 4719 791 4771 tv
834 4717 1126 4785 συναγωγῇ
1165 4714 1327 4767 θεῶν.
1349 4735 1365 4757 ι
1399 4745 1468 4758 —
1513 4716 1652 4778 Τοὺς
1684 4733 1863 4787 γραμ-

292 4819 488 4886 ματεῖς
516 4814 609 4868 καὶ
623 4810 953 4882 Φαρισαίους
971 4814 999 4864 6
1017 4810 1308 4879 Προφήτης
1333 4808 1490 4871 θεοὺς
1505 4809 1756 4879 ὠνόμασε
1778 4811 1867 4865 διά

292 4910 354 4961 τὸ
385 4906 615 4976 ἀρχικὸν
642 4905 737 4958 καὶ
774 4902 1090 4955 δικαστικὸν
1123 4899 1363 4967 ἀξίωμα.

370 5015 389 5047 1
432 4995 523 5048 Ἐν
548 4996 698 5063 μέσῳ
717 4992 773 5045 6t
804 4990 960 5055 θεοὺς
984 4990 1271 5059 διακρινεῖ.
1306 5008 1325 5041 1
1354 5020 1423 5030 —
1450 4990 1738 5055 Τουτέστι,
1758 5006 1864 5060 φα.

290 5088 469 5159 νερῶς
489 5086 696 5154 ἐλέγξει
749 5085 923 5138 ὁποῖοί
953 5085 1113 5138 είσιν.

364 5199 384 5233 1
422 5181 569 5239 Ἕως
596 5178 726 5230 πότε
756 5176 975 5245 κρίνετε
1015 5174 1231 5229 ἀδικίαν
1256 5177 1349 5228 καὶ
1384 5177 1649 5245 πρόσωπα
1682 5176 1863 5246 ἀμαρ-

287 5272 482 5326 τωλῶν
515 5268 869 5337 λαμϐάνετες
917 5285 936 5319 1
975 5296 1042 5308 --
1095 5266 1267 5319 Τοῦτο
1305 5267 1365 5320 τὸ
1416 5268 1656 5337 ἐλεγχος.
1690 5265 1762 5321 Τὸ
1807 5268 1863 5320 δὲ

286 5358 631 5429 ,λαμϐάνετε
691 5357 814 5411 ἀντὶ
858 5354 954 5408 τοῦ
989 5355 1330 5411 εύλασείσθε.
1384 5356 1770 5428 Ἀμαρτωλοὺς
1807 5358 1863 5409 δὲ

286 5454 387 5505 νῦν
414 5452 539 5512 τοὺς
562 5450 784 5513 ἀδίκους
820 5450 986 5518 φησὶν
1028 5449 1193 5512 ίδίως.
1306 5452 1309 5453 ⁷

376 5562 395 5596 1
431 5544 664 5612 Κρίνατε
694 5541 918 5611 ὀρφανῷ
949 5541 1045 5595 καὶ
1095 5541 1314 5611 πτωχῷ,
1344 5543 1601 5595 ταπεινὸν
1644 5544 1739 5597 καὶ⁵
1772 5546 1865 5597 πέ-

284 5652 435 5705 νητα
465 5634 818 5687 δικαιώσατε.
862 5653 881 5686 1
913 5665 980 5675 -—
1019 5633 1092 5685 Τὸ
1119 5634 1474 5689 δικαιώσατε
1518 5637 1636 5688 ἀντὶ
1671 5637 1761 5689 τοῦ
1785 5638 1864 5690 61-

285 5732 458 5781 καίαν
480 5727 665 5796 ψῆφον
694 5726 1037 5793 έξενέγκατε.
1066 5726 1238 5781 Τοῦτο
1271 5728 1325 5780 δὲ
1355 5730 1697 5797 σαφηνισμός
1745 5731 1862 5783 ἐστι

282 5821 383 5873 τοῦ
420 5820 717 5888 κρίνοντος.

366 5932 385 5965 1
429 5914 541 5967 Ούκ
571 5915 835 5982 ἔγνωσαν,
894 5913 1015 5969 οὐδὲ
1054 5912 1315 5983 συνῆκαν⁹
1357 5917 1413 5971 tv
1448 5916 1629 5969 σκότει
1669 5916 1859 5971 διαπο-

1976 2032 2115 2099 πρὸς
2150 2031 2209 2085 τὸ
2240 2032 2539 2086 ἀποθανεῖν
2570 2036 2733 2103 μόνον
2792 2036 3026 2106 ζητεῖτε,
3063 2037 3159 2089 καὶ
3191 2038 3253 2090 ού
3308 2038 3448 2103 πρὸς
3487 2038 3548 2090 τὸ

1972 2126 2074 2194 τήν
2096 2128 2332 2195 κρείττω
2371 2129 2466 2180 καὶ
2494 2128 2664 2191 ὅντως
2693 2128 2851 2196 ζῆσαι
2887 2131 3053 2199 ζωὴν,
3088 2131 3180 2184 καὶ
3205 2130 3553 2183 ἀποπίπτετε

1973 2216 2070 2283 τῆς
2094 2218 2225 2287 ὑμῖν
2251 2220 2650 2290 ἀφωρισμένης
2682 2223 2849 2290 τιμῆς
2868 2222 2944 2286 ῶς
2968 2220 3049 2287 εἷς
3082 2223 3188 2277 τῶν
3216 2223 3274 2276 tv
3292 2224 3552 2291 ἀγγέλοις

1972 2311 2273 2380 ἀρχόντων,
2328 2313 2438 2366 τῶν
2477 2315 2553 2383 μὴ
2615 2313 3006 2385 προσηκόντως
3057 2315 3421 2385 χρησαμένων
3479 2317 3546 2383 τῇ

1971 2411 2113 2477 ἀρχῇ
2138 2409 2227 2462 διά
2251 2408 2449 2479 οτησιν.

2050 2522 2069 2554 1
2108 2503 2369 2572 Ἀνάστα,
2404 2508 2433 2558 6
2462 2506 2615 2573 Θεὸς,
2669 2509 2856 2577 κρῖνον
2885 2507 2983 2577 τὴν
3027 2507 3153 2576 γῆν.
3182 2526 3201 2561 1
3236 2532 3307 2551 —-
3330 2506 3547 2560 Ἐντεῦ-

1976 2596 2071 2649 θεν
2104 2597 2451 2668 όΠροφήτης
2498 2599 2685 2669 οίκείῳ
2740 2600 3017 2669 προσώπῳ
3067 2600 3159 2652 τὸν
3191 2601 3351 2669 μόνον
3415 2599 3547 2652 ίδιον

1975 2689 2210 2742 ἱκετεύει
2243 2691 2439 2760 κριτὴν
2480 2692 2815 2761 ἐπιφανῆναι
2860 2694 3071 2762 ταχέως
3121 2691 3217 2745 καὶ
3246 2694 3428 2758 κρῖναι
3466 2692 3547 2745 δι-

1972 2781 2143 2844 καίως
2172 2782 2271 2834 καὶ
2320 2784 2445 2845 τοὺς
2475 2783 2695 2844 ἀδίκους
2742 2785 2955 2838 παῦσαι
3013 2786 3225 2853 κριτάς.
3257 2786 3357 2853 Εῐη
3388 2785 3435 2838 δ’
3480 2786 3548 2838 ἂν

1970 2873 2067 2924 καὶ
2099 2874 2228 2943 περὶ
2258 2874 2357 2943 τῆς
2407 2875 2472 2926 έκ
2500 2874 2713 2945 νεκρῶν
2770 2876 3122 2940 ἀναστάσεως
3149 2876 3246 2930 τοῦ
3291 2877 3555 2948 Σωτῆρος

1969 2965 2272 3035 πρόρρησις
2290 2967 2352 3020 τδ
2378 2970 2562 3037 ῥητόν·

2048 3078 2067 3111 ι
2114 3060 2238 3113 Ὀτι
2283 3059 2348 3113 σὺ
2391 3061 2966 3133 κατακληρονομήσεις
2997 3064 3053 3115 tv
3089 3062 3225 3115 πᾶσι
3248 3064 3364 3125 τοῖς
3393 3062 3547 3117 ἔθνεα

1970 3168 2075 3205 σιν.
2127 3169 2145 3201 1
2169 3179 2236 3191 -—
2267 3152 2375 3205 Καὶ
2409 3152 2515 3222 γὰρ
2536 3152 2601 3205 σὺ
2627 3152 2997 3228 κληρονομίαν
3024 3153 3167 3220 ῑξιις
3184 3154 3242 3207 έν
3267 3155 3405 3208 πᾶσι
3436 3156 3548 3218 τοῖς

1971 3243 2195 3296 ἔθνεσιν.

2526 3334 2817 3387 ΨΔΛΜΟΣ
2851 3336 2977 3389 UB'.

2050 3444 2068 3477 1
2114 3425 2239 3497 ᾮδὴ
2282 3423 2503 3495 ψαλμοῦ
2550 3425 2631 3495 τῷ
2696 3426 2893 3494 ’Δσάφ.
2936 3446 2953 3478 1
2991 3455 3060 3467 —
3098 3424 3386 3496 Προσώπῳ
3434 3425 3546 3480 τῶν

1972 3517 2381 3572 ἐπανελθόντων
2420 3518 2485 3570 ἐκ
2527 3516 2847 3580 Βαϐυλῶνος
2899 3521 2978 3581 είς
3028 3517 3389 3587 Ἰερουσαλήμ
3446 3534 3543 3570 πο-

1973 3610 2330 3681 λεμουμένων
2377 3611 2557 3681 φθόνῳ
2591 3612 2696 3665 ὑπὸ
2740 3612 2851 3664 τῶν
2885 3611 3279 3678 γειτονούντων
3305 3612 3399 3664 καὶ
3430 3610 3547 3663 λοι-

1971 3700 2091 3753 πῶν
2132 3699 2426 3769 βαρϐάρων
2478 3700 2649 3755 ὲθνῶν
2720 3701 2757 3756 6.
2805 3702 2869 3770 δη
2916 3702 3011 3754 καὶ¹
3056 3700 3547 3769 κατετροπὼσαντο

1973 3792 2407 3861 στρατηγοῦντος
2463 3793 2794 3863 Ζοροὸἀσελ.
2855 3793 3116 3864 Ἀρμόζει
3159 3794 3215 3846 δὲ
3266 3795 3293 3845 6
3329 3792 3546 3863 ψαλμὸς

1973 3886 2067 3937 καὶ
2099 3888 2211 3948 τοῖς
2235 3886 2590 3955 διωκομένοις
2617 3888 2761 3956 ύπδρ
2793 3887 3054 3955 Χριστοῦ.

2048 3998 2063 4027 ι
2091 3977 2148 4028 Ὀ
2175 3977 2330 4043 Θεὸς,
2358 3980 2441 4041 τίς
2477 3978 2873 4049 ὁμοιωθήσεται
2899 3996 2979 4031 σοι
3006 3995 3037 4045 ;,
3060 3997 3077 4029 1
3108 4006 3175 4016 οη·
3197 3979 3269 4031 Τὸ
3307 3976 3397 4043 τίς
3428 3978 3543 4030 δια·

1972 4070 2273 4139 πορητικὸν
2305 4072 2431 4122 ἀντὶ
2470 4071 2563 4123 τοῦ
2593 4072 2789 4133 οὐδείς.

2049 4179 2066 4211 ι
2113 4162 2202 4230 Μὴ
2237 4163 2473 4233 σιγήσῃς
2495 4202 2510 4226 ,
2551 4164 2686 4234 μηδὲ
2715 4165 3136 4235 καταπραΰνῃς,
3168 4165 3197 4216 6
3227 4165 3379 4227 Θεὸς.
3420 4183 3437 4215 1
3476 4193 3545 4205 --

1980 4270 1997 4302 1
2037 4252 2128 4320 Μὴ
2173 4253 2629 4324 μακροθυμήσης,
2696 4255 2833 4325 μηδὲ
2869 4254 3294 4325 ἀνεξικακήσῃς.
3338 4274 3355 4306 1

2050 4365 2067 4396 1
2113 4346 2238 4399 Ὀτι
2274 4345 2387 4400 ίδοὶι
2412 4347 2460 4398 οί
2494 4346 2677 4417 ἐχθροί
2716 4363 2810 4399 σου
2845 4346 3058 4415 ήχησαν
3086 4364 3098 4377 ·
3126 4348 3219 4400 καὶ
3245 4348 3295 4400 οι
3328 4346 3545 4416 μισοῦν-

1971 4438 2058 4499 τές
2103 4452 2161 4489 σε
2201 4433 2343 4508 ἦραν
2372 4438 2636 4507 κεφαλήν.
2678 4457 2696 4489 1
2729 4465 2800 4478 —
2835 4438 2992 4491 ΙἬτοι
3046 4439 3184 4507 μετά
3229 4439 3358 4508 βοῆς
3386 4431 3569 4508 ἔδρας’

1974 4547 2072 4599 μον
2101 4529 2225 4582 καθ’
2244 4530 2421 4599 ήμῶν.
2450 4530 2523 4584 τὸ
2550 4530 2605 4584 6t
2633 4525 2786 4601 ἦραν
2816 4531 3091 4599 κεφαλὴν
3108 4530 3259 4602 δηλοῖ
3280 4530 3341 4583 τὸ
3368 4531 3471 4598 έπη
3482 4547 3543 4599 ρ-

1910 4627 1953 4683 ι)
1980 4626 2171 4693 θησαν.

2045 4735 2063 4767 ι
2103 4717 2226 4770 Ἐπὶ
2250 4716 2342 4769 τὸν
2361 4712 2489 4769 λαόν
2529 4732 2623 4769 σου
2651 4714 3267 4786 κατεπανουργεύσαντο
3293 4714 3540 4785 γνώμην,

1974 4812 2066 4863 καὶ
2120 4809 2525 4864 ὲόουλεύσαντο
2560 4809 2701 4862 κατά
2729 4808 2840 4862 τῶν
2873 4810 3049 4875 ἀγίων
3072 4824 3189 4862 σου.
3230 4825 3248 4858 1
3280 4835 3353 4847 —
3378 4809 3533 4861 Κατά

1970 4902 2100 4973 ξτῶν
2122 4904 2294 4969 ἀγίων
2320 4900 2440 4973 σου]
2461 4901 2773 4971 πανοῦργον
2792 4903 2880 4955 καὶ
2908 4900 3286 4971 δολερωτάτην
3308 4899 3539 4971 μελέτην

1972 5012 2093 5048 συνε
2103 4995 2472 5048 σκευάσαντο.

2044 5105 2062 5137 1
2102 5084 2309 5141 Εἶπαν
2342 5085 2511 5139 Δεῦτε
2541 5085 2690 5151 ,καὶ
2730 5085 3206 5155 έξολοθρεύσωμεν
3249 5084 3445 5149 αὐτοὺς
3475 5085 3534 5152 te

1968 5180 2173 5241 ἔθνους.
2218 5196 2237 5229 1
2280 5177 2511 5231 -Τοῦτο
2557 5180 2583 5247 ή
2620 5175 2841 5245 γνώμη.
2866 5173 2942 5228 Τὸ
2974 5174 3031 5229 6t
3065 5174 3135 5239 ἐξ
3170 5174 3387 5240 ἔθνους
3414 5176 3534 5229 ἀντὶ

1968 5270 2061 5324 τοῦ
2095 5272 2157 5322 έκ
2186 5269 2282 5322 τοῦ
2312 5264 2454 5323 εἶναι
2485 5269 2656 5331 έθνος.

2042 5381 2059 5413 ι
2108 5363 2217 5415 Καὶ
2250 5363 2310 5416 ού
2350 5362 2426 5431 μὴ
2472 5360 2682 5431 μνησθῇ
2715 5360 2776 5413 τὸ
2816 5360 2988 5429 όνομα
3022 5359 3241 5431 Ἰσραὴλ
3274 5360 3381 5415 έτι.
3422 5378 3440 5411 1
3465 5387 3537 5399 —

1976 5473 1992 5505 1
2029 5455 2101 5507 Ού
2134 5456 2210 5524 μὴ
2252 5454 2627 5524 μνημονευθῇ,
2670 5454 2769 5506 οὐκ
2798 5454 2878 5506 έτι
2900 5454 3037 5516 ὅλως
3068 5454 3369 5523 ὀνομασθῇ.
3406 5472 3425 5505 1

2046 5566 2065 5596 1
2096 5547 2220 5601 Ὅτι
2269 5547 2664 5599 ἐϐουλεύσαντο
2720 5547 2779 5599 tv
2820 5546 3046 5614 ὁμονοία
3093 5546 3185 5597 ἐπὶ
3231 5544 3292 5597 τὸ
3320 5544 3471 5598 αύτό.
3507 5562 3530 5597 1

1968 5665 2034 5677 -ο
2065 5638 2138 5689 Τὸ
2178 5636 2278 5689 ἐπὶ
2303 5637 2368 5689 τὸ
2410 5635 2557 5689 αὐτὸ
2588 5638 2689 5695 τὴν
2729 5635 2864 5705 ὁμοῦ
2888 5635 3043 5705 δηλοῖ
3069 5637 3166 5687 καὶ
3202 5635 3281 5699 είς
3315 5634 3412 5688 ἕνα
3439 5633 3535 5690 16-

1971 5749 2069 5783 πον
2099 5728 2420 5798 συναγωγὴν
2460 5729 2566 5782 τῶν
2595 5729 2780 5783 έθνῶν.

2046 5842 2062 5872 1
2102 5824 2255 5875 Κατά
2282 5821 2375 5873 σοῦ
2410 5822 2679 5893 διαθήκην
2701 5822 2957 5878 διέθεντο.
2992 5842 3009 5877 1
3036 5852 3102 5866 —
3129 5821 3407 5893 Διαθήκην
3425 5815 3526 5897 τὴν

1968 5916 2240 5985 συνθήκην
2274 5916 2421 5985 φησί.
