4210 6434
196 407 327 476 1533

1361 409 1765 470 EXPOSITIO
1807 412 1886 471 IN
1932 414 2299 475 PSALMOS.

3320 424 3338 484 1
3351 425 3452 487 534

184 522 328 586 κροτς
406 520 712 585 ιλεύθερος,
756 538 774 569 ι
829 551 899 561 -.
958 522 1112 585 "Hm;
1168 522 1308 591 μετά
1380 522 1489 574 τῶν
1548 521 1758 589 νεκρῶν
1792 531 1831 585 Α
1867 527 2007 597 ὑπὲρ
2040 529 2199 597 ἡμῶν
2231 531 2339 582 τῶν
2374 531 2507 597 πρὶν
2547 533 2984 603 ἀπερριμμένων
3024 539 3119 591 καί
3170 541 3453 610 ὠργισμέ-

184 614 459 682 ὲλεύθερος
515 610 635 681 ἤτοι
713 612 992 675 άναίτιοςυ

182 704 295 764 τίις
367 704 395 755 6
447 702 711 762 θάνατος.

247 815 267 849 ε
319 796 470 849 Ὠσεὶ
526 798 866 868 τραυματίαι
901 796 1164 852 κατεύόον
1196 814 1286 861 τες
1338 800 1397 851 ἐν
1430 800 1611 869 τάφῳ.
1649 819 1667 852 ι
1698 829 1769 840 --

196 889 523 958 Ἐγεννήθην
601 888 676 951 ὼς
742 890 1314 959 τετραυματισμένος,
1380 890 1634 959 κείμενος
1711 892 1771 945 tv

184 983 336 1049 τάφῳ
371 981 586 1033 καὶτὸν
622 978 793 1034 ὕπνον
823 980 923 1034 τοῦ
987 979 1224 1034 θανάτου
1283 979 1601 1043 ὑπνώττων,
1658 982 1773 1051 ἠως

183 1081 229 1128 ut
272 1076 329 1141 ἐξ
363 1075 701 1143 ἀναιρέσεως
756 1075 853 1141 τῆς
909 1076 974 1128 ἐκ
1039 1072 1375 1144 τραυμάτων
1405 1074 1501 1130 καὶ
1545 1074 1771 1145 πληγῶν

183 1169 619 1235 ἀποθνήσκοντες
646 1168 741 1219 καὶ
772 1166 847 1236 μὴ
886 1166 1159 1234 φυσικῶς.

264 1280 281 1311 ι
321 1255 420 1311 Ὧν
450 1260 549 1311 οὐκ
575 1256 857 1329 ἐμνήσθης
899 1257 1002 1321 ἐτι,
1046 1260 1143 1313 καὶ
1176 1259 1333 1314 αὐτοὶ
1359 1259 1421 1312 ἐκ
1452 1258 1555 1325 τῆς
1588 1260 1767 1327 χειρός

189 1371 280 1404 σου
345 1352 707 1419 ἀπώσθησαν.
752 1370 771 1403 ι
838 1380 906 1394 -
961 1344 1063 1405 Ὧν
1112 1352 1363 1421 ἐμνήσθη
1415 1351 1569 1405 οὕπω
1627 1350 1769 1405 ὥστε

186 1444 407 1509 ζωῶσαι
432 1445 653 1509 αὐτοὺς,
706 1446 803 1497 καὶ
837 1442 926 1497 διὰ
982 1442 1147 1496 τοῦτο
1179 1443 1444 1506 ἐξέπεσον
1485 1443 1643 1496 αὐτοὶ
1673 1444 1772 1507 τῆς

186 1539 284 1605 σῆς
318 1537 681 1605 ἀντιλήψεως,
717 1537 840 1589 ἐπεὶ
884 1536 1153 1589 ἐπελάθου
1210 1536 1410 1589 αὐτῶν.
1492 1536 1602 1589 Καὶ
1680 1533 1769 1586 διὰ

184 1629 297 1681 τῶν
324 1629 582 1681 τοιούτων
618 1629 673 1681 δὲ
712 1630 885 1698 λόγων
948 1630 1208 1699 ἐμφαίνει
1252 1627 1354 1697 τὴν
1413 1624 1771 1696 οἰκονομικὴν

186 1722 454 1789 ἑγκατάλς
467 1721 598 1789 ιψιν.

268 1835 285 1866 ι
327 1814 554 1867 Ἐθεντό
585 1831 648 1881 με
675 1817 733 1866 ἐν
793 1814 984 1882 λάκκῳ
1055 1815 1377 1879 κατωτάτω,
1438 1812 1497 1864 ἐν
1555 1812 1772 1882 σκοτείᾳ

1049 614 1329 683 ἐπιτίμιον
1383 616 1489 684 γάρ
1578 617 1762 686 ἁμαρ-

1871 639 1975 673 νων
1997 622 2025 673 6
2060 623 2339 691 Δεσπότης
2369 626 2524 691 φησί.

1950 734 1967 766 ι
2011 716 2235 784 Πτωχός
2292 718 2409 784 εἰμι
2437 716 2550 783 ἐγὼ
2590 721 2683 771 καὶ
2723 722 2780 772 ἐν
2828 722 3020 784 κόποις
3078 724 3141 776 ἐκ
3198 726 3452 791 νεότητός

1875 827 1999 877 μου.
2038 828 2058 861 ε
2090 840 2160 851 --
2206 810 2375 864 Τόσον
2433 812 2541 881 γάρ
2581 808 2648 875 ἦν
2706 814 2877 882 πένης
2927 816 2957 870 6
3002 815 3211 885 Κύριος
3253 816 3331 879 ὡς
3377 817 3451 886 μὴ

1871 904 2018 972 ἔχειν
2056 904 2157 971 τὴν
2199 904 2442 973 κεφαλὴν
2496 905 2598 959 ποῦ
2666 906 2893 971 κλίνειν,
2944 909 3037 963 καὶ
3072 908 3245 972 οὕτως
3268 904 3338 980 ἦν
3392 910 3455 962 tv

1872 996 2063 1056 κόποις
2095 993 2154 1058 ἐξ
2174 996 2346 1063 αὐτῆς
2369 996 2470 1065 τῆς
2508 998 2650 1064 άγαν
2701 997 2977 1068 νεότητος.
3023 1001 3099 1062 ὼς
3157 1000 3214 1066 ἐξ
3269 1000 3451 1054 αὐτῶν

1873 1088 2208 1155 σπαργάνων
2280 1089 2771 1157 ἐπιϐουλευόμενός
2826 1106 2886 1143 τε
2955 1091 3054 1145 καὶ
3117 1090 3451 1160 διωκόμενος

1871 1180 2048 1235 διόλου
2074 1182 2464 1252 ταλαιπωρῶν.

1952 1292 1970 1324 ι
2024 1275 2291 1343 ’Υψωθεὶς
2341 1275 2397 1328 δέ
2435 1275 2833 1344 ἐταπεινώθην.
2874 1295 2892 1327 ι
2928 1304 3000 1318 —
3035 1275 3287 1341 ’Υψωσιν
3332 1291 3457 1340 νοη-

1872 1369 1997 1422 τέον
2027 1371 2088 1421 ἐκ
2116 1369 2227 1420 τῶν
2249 1368 2548 1437 θαυμάτων
2571 1369 2664 1421 καὶ
2701 1368 2798 1436 τὴν
2824 1370 2916 1421 ἐπὶ
2946 1367 3184 1434 σταυροῦ
3214 1384 3227 1397 ·
3254 1367 3454 1421 ταπεί-
3555 1348 3558 1351 ’

1881 1479 2046 1514 νωσιν
2077 1460 2176 1531 τὴν
2210 1462 2273 1514 ἐκ
2329 1460 2437 1513 τῶν
2464 1461 2807 1529 ἐμπαιγμῶν
2861 1460 2958 1513 καὶ
3011 1459 3320 1529 λοιδοριῶν.
3363 1459 3458 1512 καὶ

1876 1554 2050 1621 αὐτὴν
2085 1555 2183 1621 τὴν
2215 1554 2375 1622 μέχρι
2397 1554 2634 1607 Θανάτου
2668 1554 2764 1605 καὶ
2796 1555 3001 1622 ταφῆς.

1951 1667 1969 1700 ε
2013 1648 2117 1703 Καὶ
2152 1647 2525 1717 ὲξηπορήθην.
2566 1665 2584 1698 ι
2612 1676 2687 1692 -
2720 1647 2855 1710 Δόξα
2879 1647 2951 1713 (2)
2984 1647 3076 1699 καὶ
3104 1648 3307 1714 άπορος
3334 1645 3459 1713 βοη-

1877 1742 2050 1802 θείαςο
2083 1742 2163 1793 διὸ
2195 1742 2292 1793 καὶ
2320 1740 2542 1806 ἔλεγον·
2579 1760 2596 1792 ι
2640 1742 2813 1807 Ἀφες
2873 1740 3078 1809 ίδωμεν
3129 1742 3176 1792 εί
3233 1739 3459 1807 ἔρχεται

1876 1835 2068 1895 Ἠλίας
2108 1833 2298 1885 σώσων
2335 1831 2516 1885 αὑτὸν.
2558 1850 2576 1883 ι

190 1909 282 1959 καὶ
311 1910 369 1959 ἐν
398 1908 523 1976 σκιᾷ
559 1906 821 1960 θανάτου.
882 1923 901 1957 ι
944 1934 1015 1945 —-
1047 1903 1152 1957 Τὸν
1181 1905 1357 1971 τάφον
1403 1905 1537 1996 φησί
1571 1902 1774 1996 λάκκον
1809 1917 1852 1975 Β
1962 1947 1979 1977 ε
2033 1928 2151 1980 Ἐπ’
2183 1926 2282 1996 ἐμὲ
2324 1926 2542 1995 διῆλθον
2577 1926 2632 1979 αἰ
2662 1926 2824 1993 ὀργαί
2857 1943 2976 1989 σου,
3029 1927 3079 1979 οἰ
3135 1925 3461 1996 φοϐερισμοί

188 2001 509 2070 κατώτερον
535 2000 627 2052 καί
667 2000 873 2060 τόπους
907 1997 1224 2057 σκοτεινοὺς
1258 1998 1357 2049 καὶ
1406 1995 1576 2049 νύκτα
1612 1994 1776 2048 θανά-

188 2113 310 2158 του,
333 2095 639 2157 τουτέστιν,
673 2093 740 2161 ἧν
763 2093 791 2144 6
809 2091 1042 2153 θάνατος
1072 2089 1346 2160 προξενεῖ.

271 2228 289 2261 ε
326 2208 445 2260 Ἐπ’
484 2207 583 2277 ἐμὲ
611 2203 914 2274 ἐστηρίχθη
978 2206 1006 2257 6
1032 2201 1207 2273 θυμός
1241 2220 1360 2263 σου,
1400 2204 1496 2253 καὶ
1556 2201 1777 2262 πάντας

192 2305 325 2365 τοὺς
377 2298 797 2371 μετεωρισμούς
858 2315 950 2350 σου
998 2299 1280 2367 ἐπήγαγες
1360 2296 1448 2348 ἐπ’
1490 2297 1609 2364 ἐμέ.
1666 2315 1683 2347 ›
1720 2324 1780 2334 ——

192 2393 384 2462 Θυμδν
418 2392 554 2445 Θεοῦ
608 2392 717 2445 νόει
776 2408 869 2461 μοι
932 2389 1033 2459 τὴν
1096 2391 1493 2460 ἐπενεχθεῖσαν
1525 2389 1602 2459 τῷ
1634 2390 1781 2455 γένει

196 2486 312 2537 τῶν
348 2483 654 2553 ανθρώπων
688 2482 781 2536 τοῦ
810 2482 1049 2536 Θανάτου
1079 2483 1349 2554 κατάραν,
1384 2484 1453 2553 ἢν
1487 2486 1515 2537 ό
1544 2480 1783 2551 Χριστὸς

198 2583 283 2643 είς
310 2581 505 2631 ἐαυτὸν
532 2579 603 2631 δι’
634 2580 781 2647 ἡμᾶς
803 2578 1160 2643 κατεδέξατο.
1192 2578 1267 2631 Τὸ
1300 2578 1354 2629 δὲ
1375 2576 1783 2644 ὲπεστηρίχθη

210 2672 338 2727 ἀντὶ
367 2672 459 2724 τοῦ
483 2670 803 2739 ὲπεδάρησε
838 2671 1098 2734 τέθειται,
1129 2669 1217 2722 διά
1264 2671 1356 2722 τοῦ
1410 2668 1645 2722 θανάτου
1685 2668 1783 2722 τοῦ

203 2763 514 2834 σταυρικοῦ
541 2764 678 2831 βαρὺ
704 2764 797 2816 καὶ
821 2765 1109 2831 ἐπίμονον.

284 2876 302 2906 ι
343 2857 699 2925 Ἐμάκρυ·.ας
723 2856 850 2918 τοὺς
883 2854 1164 2923 γνωστούς
1204 2872 1307 2924 μου
1353 2852 1448 2908 ἀπ’
1475 2853 1634 2923 ἐμοῦ.
1677 2870 1784 2906 ι·-

198 2951 295 3019 Τῷ
327 2949 476 3019 φόϐῳ
518 2948 873 3019 σταυρωτῶν.

283 3061 302 3093 ε
345 3040 567 3093 Ἕθεντό
599 3056 666 3109 με
704 3038 985 3109 βδέλυγμα
1025 3038 1261 3101 ἑαυτοῖς.
1312 3055 1330 3088 ι
1357 3034 1787 3090 -ΟἰῚουδαῖοι

200 3131 470 3201 δηλονότι.
676 3124 679 3128 ’

288 3239 306 3272 ε
346 3220 660 3290 Παρεδόθην
708 3216 808 3271 καὶ
839 3216 940 3271 οὐκ
964 3217 1401 3287 ἐξεπορευόμην.
1438 3235 1458 3268 ι
1495 3246 1565 3258 -
1619 3215 1795 3284 Παρε-

202 3317 377 3384 δόθην
429 3318 542 3377 τοῖς
602 3314 884 3374 Ἰουδαίοις
924 3312 1029 3365 ὑπὸ
1071 3310 1451 3379 Ἰσκαριώτου,
1504 3311 1599 3363 καὶ
1636 3309 1791 3360 δυνάο
1819 3292 1862 3350 C

212 3424 376 3476 μενος
396 3404 800 3474 ἐκπορευθῆναι
840 3404 935 3456 ὑπ’
991 3402 1172 3457 αὐτῶν
1203 3403 1305 3455 οὐκ
1356 3402 1577 3454 ἐποίουν
1607 3397 1788 3462 τοῦτο,

208 3502 333 3554 ἀλλ’
366 3500 780 3569 ἐνεκαρτέρησα
821 3496 989 3550 ἐκὼν.

292 3614 312 3647 ι
349 3596 413 3647 Οἰ
444 3590 716 3659 ὀφθαλμοί
762 3606 864 3659 μου
895 3588 1209 3656 ἡσθένησαν
1262 3586 1375 3639 άπὸ
1432 3583 1733 3653 πτωχείας.
1770 3601 1788 3633 ι

210 3719 287 3731 --—
318 3686 598 3754 Πτωχείαν
631 3682 868 3736 ἐνταῦθα
903 3681 1004 3749 τὴν
1030 3680 1121 3733 τοῦ
1162 3680 1418 3750 σώματός
1451 3695 1586 3748 φησι
1614 3677 1796 3729 κάκω-

209 3784 301 3835 σίν
325 3798 384 3833 τε
403 3782 498 3833 καὶ
511 3775 748 3847 ἐκτηξιν.

300 3893 320 3925 ε
349 3874 441 3941 Μὴ
460 3873 574 3933 τοῖς
602 3869 817 3939 νεκροῖς
849 3867 1099 3936 ποιήσεις
1143 3863 1428 3932 θαυμάσια
1455 3879 1471 3928 ;
1528 3861 1559 3929 ἢ
1616 3861 1798 3930 ἰατροὶ

214 3970 613 4036 ἀναστήσουσι,
657 3965 753 4018 καὶ
777 3960 1266 4034 ἐξομολογήσονταί
1294 3976 1399 4012 σοι.
1434 3975 1453 4009 ι
1480 3987 1551 4000 -
1572 3955 1664 4027 Μὴ
1688 3958 1797 4015 τοῖς

211 4062 571 4131 ἀναισθήτοις
618 4060 835 4127 νεκροῖς
890 4057 1143 4123 ποιήσεις
1195 4051 1488 4120 θαυμαστά
1525 4049 1687 4117 ἐργα,
1765 4047 1800 4117 ἦ

219 4156 405 4226 ἰατροὶ
437 4152 815 4221 άναστήσουσι
836 4150 963 4211 τοὺς
1013 4148 1247 4217 νεκροὺς
1281 4144 1377 4197 καὶ
1428 4143 1604 4205 οὕτως
1641 4142 1801 4210 εὐχα-

219 4246 549 4317 ριστήσουσί
601 4261 682 4297 σοι
738 4244 788 4296 οἱ
842 4244 994 4312 παρὰ
1044 4244 1153 4294 τῶν
1193 4238 1398 4307 ἰατρῶν
1463 4235 1798 4295 ἀναστάντες

219 4341 453 4411 νεκροίς
486 4338 673 4391 Ταῦτα
705 4337 764 4389 δέ
795 4338 845 4388 οἰ
876 4335 975 4405 μέν
1033 4350 1166 4401 φασι
1221 4333 1405 4399 λέγειν
1442 4330 1532 4381 τὸν
1593 4326 1801 4395 Κύριον

219 4431 552 4502 ἀνθρωπίνῃ
600 4428 778 4496 δειλίᾳ
834 4429 899 4495 τῇ
967 4426 1107 4493 πρὸς
1170 4423 1402 4476 θάνατον
1437 4418 1695 4473 αἰτοῦντα
1743 4418 1805 4470 τὸ

222 4529 356 4592 ζῇν,
410 4523 460 4575 ot
511 4521 565 4574 δέ
596 4519 699 4582 τὰς
739 4519 921 4580 αἰτίας
952 4518 1087 4586 ἡμῖν
1156 4515 1430 4583 γνωρίσαι
1483 4512 1805 4581 βουλόμενον

1885 2040 1979 2076 σου
2009 2020 2350 2091 ὲξετάραξάν
2383 2036 2471 2086 με.
2516 2039 2533 2072 ι
2576 2050 2646 2059 -
2675 2017 2784 2079 Τὰς
2809 2020 2917 2087 γὰρ
2942 2020 3084 2073 κατὰ
3119 2021 3217 2090 τῆς
3249 2020 3462 2090 ἀνθρω-

1886 2116 2121 2181 πότητος
2157 2113 2515 2182 ἐπιτιμήσεις
2544 2113 2631 2164 καὶ
2658 2111 2889 2172 ἀπειλὰς
2924 2113 3103 2182 ἐαυτῷ
3167 2116 3466 2186 προσενέγ.

1882 2225 1987 2270 κας
2012 2207 2101 2258 διὰ
2130 2204 2321 2258 παθῶν
2344 2205 2692 2270 κατεδέξατο.

1962 2319 1980 2351 ε
2016 2300 2381 2353 Ἐκύκλωσάν
2420 2317 2487 2370 με
2531 2300 2662 2354 ὡσεὶ
2699 2301 2861 2370 ὕδωρ·
2902 2301 3034 2371 ὅλην
3093 2302 3192 2373 τὴν
3250 2303 3466 2371 ἡμέραν

1890 2396 2187 2463 περιέσχον
2226 2412 2291 2464 με
2318 2395 2457 2463 ἅμα.
2500 2412 2523 2448 ι
2562 2425 2632 2435 -
2663 2395 2724 2447 Οί
2766 2393 3015 2449 Ἰουδαῖοι
3071 2395 3464 2464 κατακλυσμοῦ

1890 2487 2049 2553 δίκην
2107 2486 2605 2556 περιεκύκλωσαν,
2655 2488 2752 2540 καὶ
2813 2487 3142 2554 περιέλαῦόν
3204 2506 3272 2559 με
3328 2487 3466 2559 όμοῦ

1890 2584 2111 2645 πάντες.
2156 2583 2409 2652 Ἥμέραν
2433 2582 2489 2635 δὲ
2518 2585 2618 2651 τὴν
2652 2583 2748 2636 τοῦ
2782 2584 2989 2647 πάθους
3011 2584 3198 2654 φησίν.

1964 2695 1983 2727 ε
2026 2675 2383 2747 Ἐμάκρυνας
2442 2677 2541 2730 ἀπ’
2578 2677 2715 2747 ἐμοῦ
2752 2678 2909 2745 φίλον
2962 2679 3059 2729 καὶ
3110 2679 3344 2748 πλησίον
3373 2679 3470 2731 καὶ

1889 2767 2016 2830 τοὺς
2043 2768 2325 2834 γνωστούς
2353 2786 2455 2835 μου
2506 2769 2615 2822 άπὸ
2675 2770 3078 2840 ταλαιπωρίας.
3121 2789 3139 2823 ι
3175 2800 3248 2815 -
3278 2774 3471 2841 Παρα-

1891 2858 2251 2930 χωρήσαντος
2276 2858 2437 2913 τοῦτό
2468 2877 2563 2913 σου
2586 2861 2969 2928 οἰκονομικῶς.

2456 2954 2663 3008 ΨΑΛΜ
2670 2955 2752 3007 ΟΣ
2801 2953 2931 3009 UH'.

1969 3061 1987 3093 ε
2027 3043 2304 3107 Συνέσεως
2355 3043 2538 3113 Αίθάμ
2558 3045 2636 3113 τῷ
2685 3045 3056 3117 Ἰσραηλίτῃ.›
3094 3074 3167 3085 -
3191 3045 3472 3108 Συνέσεως

1893 3134 2097 3203 Αίθάμ,
2134 3133 2237 3200 τῆς
2267 3137 2347 3196 εἰς
2378 3135 2679 3188 Βαϐυλῶνα
2709 3137 2939 3202 ἀγωγῆς
2969 3137 3078 3189 τῶν
3129 3136 3473 3205 αἰχμαλωτι-

1900 3226 2135 3279 σθένεων
2161 3228 2254 3280 καὶ
2288 3228 2417 3297 περὶ
2443 3228 2539 3280 τοῦ
2574 3227 2816 3298 Χριστοῦ
2848 3229 3282 3301 προαγόρευσις.

1980 3317 2094 3371 «Τά
2124 3319 2249 3389 ἐλέη
2280 3337 2398 3380 σου.
2439 3320 2635 3388 Κύριε,
2664 3323 2743 3383 εἰς
2774 3320 2866 3373 τὸν
2892 3321 3065 3373 αἰῶνα
3114 3320 3338 3392 ᾄσομαι,
3392 3322 3471 3384 είς

1898 3412 2097 3478 γενεὰν
2133 3412 2225 3463 καὶ
2249 3413 2443 3479 γενεὰν
2470 3412 2773 3480 ἀπαγγελῶ
2814 3413 2913 3479 τὴν
2952 3412 3217 3481 ἀλήθειάν
3272 3430 3365 3467 σου
3415 3414 3474 3466 ἐν

1895 3504 1975 3571 τῷ
2031 3504 2261 3572 στόματί
2319 3521 2446 3572 μου.
2489 3522 2505 3555 ι
2545 3534 2615 3545 --
2652 3505 2812 3573 Ἐλέη
2876 3504 3016 3557 Θεοῦ
3068 3507 3163 3558 καὶ
3217 3506 3475 3575 ἀλήθειάν

1898 3610 2033 3663 φησι
2085 3596 2183 3661 τὴν
2215 3593 2353 3663 πρὸς
2406 3594 2569 3647 αὐτὸν
2625 3595 2775 3647 θείαν
2817 3596 3133 3663 ὑπόσχεσιν,
3173 3597 3235 3649 τὸ
3285 3598 3347 3649 ὲκ
3378 3596 3475 3649 τοῦ

1901 3685 2219 3753 σπέρματος
2244 3684 2412 3737 αὑτοῦ
2445 3686 2629 3739 δοῦναι
2655 3687 2769 3749 τοῖς
2817 3685 3139 3757 ἀνθρώποις
3174 3687 3271 3757 τὴν
3307 3703 3478 3757 σωτη-

1902 3777 2026 3844 ρίαν
2052 3774 2119 3827 δι⁸
2152 3774 2303 3837 ἐλεος
2330 3776 2510 3841 άφατο
2524 3793 2563 3829 θ.

1975 3884 1993 3918 ι
2042 3866 2163 3920 Ὀτι
2198 3862 2363 3929 εἶπας
2386 3878 2403 3898 ’
2439 3868 2532 3930 Εἰς
2564 3866 2656 3920 τὸν
2682 3868 2854 3922 αἰῶνα
2883 3868 3031 3930 ἐλεος
3053 3867 3480 3938 οἰκοδομηθήσε-

1901 3976 2014 4013 ται.
2053 3979 2072 4012 ι
2104 3989 2173 3999 -
2213 3960 2573 4029 ᾭκοδόμηται
2603 3959 2711 4028 γάρ
2745 3961 2809 4012 ἐκ
2850 3958 3190 4027 παρθενικῆς
3251 3956 3387 4024 ύλης
3442 3958 3471 4009 6

1902 4048 2048 4113 οἰκος
2082 4050 2182 4119 τῆς
2213 4053 2587 4105 ἐνυποστάτου
2613 4052 2789 4118 Λόγου
2845 4053 3038 4118 σοφίας
3084 4051 3242 4114 Θεοῦ,
3310 4051 3424 4120 ἦως
3450 4052 3479 4103 6

1918 4142 2124 4210 Ἰησοῦς
2153 4143 2297 4205 ἔλεος
2331 4142 2407 4197 ὢν
2443 4144 2531 4196 άεί
2588 4147 2702 4206 τοῖς
2764 4143 3114 4196 πιστεύουσιν
3164 4145 3244 4205 εἰς
3292 4142 3476 4196 αὐτόν.

1983 4257 2002 4290 ε
2036 4237 2125 4290 Ἐν
2181 4241 2293 4299 τοῖς
2344 4238 2595 4306 οὐρανοῖς
2637 4236 3099 4305 ἐτοιμασθήσεται
3171 4237 3204 4304 ἡ
3252 4234 3481 4304 άλήθειά

1908 4348 2021 4384 σου.
2065 4348 2084 4380 ι
2112 4359 2183 4370 -—
2227 4328 2289 4382 'H
2318 4328 2546 4399 ἀλήθεια
2586 4328 2679 4381 τοῦ
2707 4327 2865 4395 Θεοῦ,
2903 4330 2929 4380 ὁ
2980 4327 3218 4397 Χριστὸς
3259 4329 3318 4379 ἐν
3367 4329 3480 4390 τοῖς

1905 4424 2153 4490 οὐρανοῖς
2186 4422 2434 4491 ήδράσθη
2462 4438 2476 4454 ο
2507 4423 2729 4489 ἕτοιμον
2748 4426 2856 4489 γάρ
2881 4420 3154 4490 πολλαχοῦ
3183 4420 3244 4473 τὸ
3268 4420 3484 4491 ἑδραῖον

1908 4517 1939 4584 ἡ
1982 4513 2205 4582 Ἐϐρατς
2237 4510 2343 4566 οἶδε
2367 4514 2579 4583 γραφή.

220 4618 296 4673 δι’
328 4617 394 4680 ἃς
423 4612 493 4685 ἦν
523 4613 800 4679 ἀναγκαία
825 4612 861 4678 η
890 4611 1025 4680 πρὸς
1051 4610 1143 4663 τὸν
1173 4608 1310 4680 ᾅδην
1339 4604 1505 4660 αὑτοῦ
1554 4603 1797 4665 κάθοδος.
1838 4625 1879 4678 υ
1987 4625 2005 4659 ι
2047 4607 2320 4675 Διεθέμην
2363 4605 2642 4675 διαθήκην
2697 4608 2808 4667 τοῖς
2859 4605 3141 4667 ἐκλεκτοῖς
3185 4620 3309 4673 μου.
3362 4621 3381 4655 ι
3414 4632 3487 4643 —

308 4729 327 4761 ε
375 4708 466 4776 Μὴ
504 4703 827 4775 διηγήσεταί
863 4719 947 4764 τις
976 4700 1137 4765 ἐντῷ
1180 4700 1339 4769 τάφῳ
1385 4699 1444 4751 τδ
1485 4696 1632 4757 ἐλεός
1683 4711 1804 4761 σου,

224 4803 331 4856 καὶ
361 4804 463 4869 τὴν
488 4796 756 4866 ἀλήθειάν
791 4812 886 4847 σου
918 4796 975 4846 ἐν
1030 4796 1097 4862 τῇ
1144 4793 1427 4861 άπωλείᾳ;
1458 4810 1476 4843 ι
1512 4819 1582 4829 -
1626 4787 1807 4841 Ἀπώ-

223 4898 384 4948 λειαν
415 4893 507 4945 τὸν
541 4894 714 4958 τάφον
750 4888 1062 4955 ὠνόμασεν,
1087 4886 1163 4949 ὡς
1187 4887 1245 4939 ἐν
1278 4884 1431 4950 αὐτῷ
1487 4882 1806 4951 διαφθειρο-

228 4986 404 5055 μένου
435 4980 528 5034 τοῦ
557 4979 879 5047 ἐγκειμένου
908 4975 1131 5047 νεκροῦ.

310 5094 329 5125 ι
362 5072 839 5143 Ἁὴγνωσθήσεται
872 5072 928 5122 tv
954 5069 1032 5139 τῷ
1064 5069 1249 5123 σκότει
1281 5067 1351 5121 τά
1372 5065 1663 5135 θαυμάσιά
1688 5081 1806 5130 σου,

225 5169 330 5221 καὶ
350 5168 383 5235 ἡ
411 5163 727 5233 δικαιοσύνῃ
765 5179 861 5214 σου
880 5163 937 5213 ἐν
962 5163 1032 5231 γῇ
1065 5160 1498 5229 ἐπιλελησμένη.
1550 5176 1568 5209 ι
1609 5186 1679 5197 —
1703 5157 1813 5209 Τὸν

226 5266 409 5327 τάφον
455 5258 591 5328 φησί
649 5258 745 5308 καὶ
801 5256 993 5315 σκότος
1034 5254 1131 5307 καὶ
1186 5252 1290 5320 γῆν
1337 5251 1809 5320 ἐπιλελησμένηψ

230 5351 694 5408 ἐπιλανθάνονται
728 5347 839 5417 γὰρ
874 5345 1047 5416 αὐτῆς
1085 5345 1138 5399 οἰ
1163 5345 1385 5409 ζῶντες,
1433 5344 1508 5407 ὡς
1561 5343 1815 5413 ἔμπλεων

228 5444 561 5511 διαφθορᾶς.

315 5555 334 5587 ε
373 5534 541 5602 Κάγὼ
572 5533 707 5601 πρὸς
738 5532 823 5598 at,
854 5534 1055 5600 Κυριε,
1088 5530 1386 5598 ἐκέκραξα,
1414 5523 1521 5583 καῖ
1573 5530 1635 5581 τὸ
1666 5526 1813 5595 πρωῒ

227 5635 267 5700 ἡ
302 5626 579 5696 προσευχὴ
617 5641 719 5694 μου
743 5623 1051 5693 προφθάσει
1084 5621 1349 5675 σευ-Τὸ
1379 5621 1530 5689 πρωϊ
1554 5620 1653 5690 μέν
1670 5619 1820 5689 δηλοῖ

230 5743 265 5775 τ
288 5755 299 5772 ι
319 5721 551 5787 ταχέως·
574 5719 648 5779 εἰς
669 5716 724 5769 δέ
740 5717 800 5769 τὸ
819 5715 1125 5784 προφθάσει
1149 5714 1461 5784 περιττεύει
1492 5715 1817 5783 ήπρόθεσις.

321 5833 338 5863 ι
384 5814 504 5864 Ἰνα
539 5810 612 5875 τί,
649 5808 847 5879 Κύριε,
888 5810 1130 5871 ἀπωθεῖς
1172 5809 1268 5877 τὴν
1335 5810 1647 5877 προσευχήν
1686 5825 1807 5875 μου,

230 5906 608 5973 ἀποστρέφεις
640 5903 699 5955 τὸ
731 5902 1027 5972 πρόσωπΰν
1065 5917 1157 5953 σου
1183 5901 1276 5954 ἀπ’
1297 5900 1453 5970 ἐμοῦ;
1496 5921 1513 5953 ι
1540 5901 1800 5955 -Ταῦτα

1916 4699 2204 4769 Προσῶπῳ
2242 4699 2376 4752 Θεοῦ
2405 4698 2603 4752 ταῦτα.
2646 4698 2753 4751 Καὶ
2792 4697 3060 4765 διαθήκην
3092 4697 3191 4764 μὶν
3219 4695 3368 4762 λέγει
3389 4695 3486 4763 τὴν

1913 4793 2251 4859 ἐπαγγελίαν
2278 4794 2609 4854 ’ἐκλεκτοὺς
2644 4793 2700 4844 δέ
2731 4792 2823 4845 τὸν
2890 4789 3148 4859 Ἀϐραὰμ
3212 4789 3309 4842 καὶ
3357 4789 3486 4850 τοὺς

1910 4886 2132 4954 ὁμοίους
2161 4886 2330 4954 αὐτῷ.

1989 4995 2007 5027 ι
2050 4976 2262 5044 Ὠμοσα
2292 4975 2457 5028 Δαυῖδ
2492 4975 2571 5044 τῷ
2601 4975 2796 5044 δούλῳ.
2828 4993 2846 5025 υ
2887 5002 2958 5013 --
3005 4970 3065 5028 Ὀ
3115 4974 3282 5043 ὅρκος
3310 4971 3371 5026 τὸ
3399 4969 3489 5041 βέ-

1916 5067 2072 5120 δαιον
2101 5066 2201 5134 τῆς
2228 5068 2572 5134 ἐπαγγελίας
2604 5066 2771 5133 δηλοῖ.

1992 5176 2010 5209 ι
2050 5158 2191 5219 Ἕως
2213 5157 2308 5210 τοῦ
2333 5159 2529 5220 αἰῶνος
2556 5157 2911 5226 ἐτοιμάσωτὸ
2949 5158 3172 5227 σπέρμα
3209 5174 3325 5209 σου.
3366 5174 3385 5207 ι
3421 5184 3493 5198 -

1927 5251 1988 5304 '0
2013 5252 2120 5320 γὰρ
2148 5250 2383 5320 Χριστὸς
2439 5251 2673 5319 ῆδρασεν
2732 5252 2811 5312 εἰς
2849 5251 2943 5303 τὸν
3002 5250 3196 5315 αἰῶνα,
3230 5248 3343 5314 ζῶν
3397 5248 3494 5302 καὶ

1920 5344 2220 5417 βασιλεύων
2240 5344 2525 5415 διηνεκῶς.

1997 5438 2155 5492 (Καὶ
2216 5438 2563 5507 οἰκοδομήσω
2618 5438 2697 5499 εἰς
2737 5438 2935 5503 γενεάν
2993 5436 3088 5489 καὶ
3141 5434 3337 5502 γενεάν
3404 5431 3496 5485 τὸν

1922 5535 2113 5603 θρόνον
2154 5548 2271 5587 σου.
2306 5550 2324 5583 ι
2353 5560 2423 5572 ——
2449 5530 2757 5598 Οἰκοδομὴν
2789 5530 2889 5597 τὴν
2946 5528 3265 5597 άπάρτησιν
3298 5524 3447 5592 λέγει
3476 5539 3493 5556 ο

1921 5626 2112 5695 θρόνον
2142 5624 2196 5678 δὲ
2224 5623 2325 5691 τὴν
2361 5619 2671 5690 βασιλείαν.
2697 5620 2805 5674 Τοῦ
2842 5618 3081 5689 Χριστοῦ
3103 5618 3161 5671 δέ
3193 5617 3294 5687 τὴν
3340 5615 3495 5685 βασι-

1921 5719 2071 5771 λείαν
2094 5716 2190 5769 τοῦ
2226 5715 2391 5768 Δαυῖδ
2422 5730 2556 5783 φησι
2592 5715 2681 5767 διὰ
2714 5713 2775 5765 τὸ
2818 5713 2878 5776 ἐξ
2922 5710 3092 5764 αὑτοῦ
3152 5708 3497 5775 κατάγεσθαι

1922 5810 2011 5860 τὸν
2040 5804 2297 5874 Χριστόν.

2000 5919 2017 5953 ι
2055 5895 2573 5968 Ἐξομολογήσονται
2611 5894 2658 5946 ot
2687 5892 2906 5962 ούρανοί
2987 5891 3056 5946 τά
3088 5889 3364 5961 θαυμάσιά
3382 5906 3504 5962 σου,
