4210 6434
232 359 361 422 1541

1400 348 1806 411 EXPOSITIO
1844 347 1927 406 ΙΝ
1968 350 2098 409 PSA
2113 349 2329 411 LMOS.

302 490 321 523 1
356 470 464 522 Καὶ
493 467 599 521 ἀπὸ
624 467 721 521 τοῦ
748 470 916 534 φόϐου
951 484 1044 521 σου
1087 466 1180 520 τὸν
1211 465 1387 535 θυμόν
1445 483 1539 519 σου
1589 464 1806 533 ἐξαριθ-
1839 465 1877 520 Α
1911 463 2294 533 Ἀπαγομένου
2360 466 2470 518 εἴτε
2525 465 2585 532 ἐξ
2658 466 2970 538 ἀνθρώπων

3357 361 3494 425 1542

3050 474 3161 527 είιε
3202 474 3270 530 ἐκ
3300 476 3494 549 δαιμό-

231 563 515 632 μήσασθαι
544 581 558 629 ;
594 583 611 613 1
643 593 709 603 —
741 564 849 616 Καὶ
884 563 1051 615 πάλιν
1084 563 1169 624 τίς
1206 560 1473 629 γινώσκει
1530 560 1809 628 μετρῆσαι
1916 576 2044 611 νων.

228 659 323 708 τὸν
354 656 528 725 θυμόν
562 672 684 721 σου,
716 656 969 707 τουτέστι
1001 654 1302 721 διαγνῶναι
1364 646 1476 715 οἷός
1514 654 1664 704 ἐστιν
1692 669 1705 714 ;
1776 651 1807 720 ἢ

230 750 453 810 πάντως
485 747 684 812 οὐδεὶς,
718 747 808 800 διὰ
831 746 891 799 τὸ
921 743 1063 799 εἷναί
1101 762 1162 798 σε
1193 743 1428 815 φοϐερὸν
1460 744 1624 813 ἄγαν,
1681 744 1808 808 ἐξα-

232 841 615 909 ριθμήσασθαι
644 840 741 908 τὴν
769 838 953 904 δεξιάν
987 854 1084 891 σου
1120 836 1295 900 οὕτως
1323 853 1334 866 ·
1396 837 1508 907 ἠως
1550 837 1609 889 ἐν
1637 838 1808 905 πραό-

226 948 353 1001 τητι
386 931 658 985 παιδεύων
706 944 781 1000 με
818 918 1043 1000 δηλαδὴ,
1070 930 1160 993 δός
1209 945 1299 999 μοι
1332 931 1535 997 γνῶναι
1588 927 1685 1000 τὴν
1729 928 1812 979 81-

236 1025 357 1089 ξιάν
398 1041 497 1077 σου
521 1028 584 1075 ἐκ
619 1023 719 1077 τοῦ
754 1025 950 1093 στῆναί
989 1041 1058 1092 με
1091 1026 1151 1077 ἐν
1178 1023 1345 1093 αὐτῇ,
1386 1025 1480 1076 καὶ
1525 1024 1655 1086 τοὺς
1717 1041 1813 1075 πε-

1986 671 2005 704 ι
2049 652 2182 705 ’Δπὸ
2214 650 2405 721 βέλους
2430 654 2731 720 πετομένου
2768 654 3003 722 ἡμέρας.
3046 677 3065 709 1
3110 690 3182 702 -
3247 664 3379 715 Ἀπὸ
3401 664 3490 733 pi-

1912 742 2037 805 λους
2060 744 2362 812 ἀφιεμένου
2397 746 2454 797 ἐν
2478 745 2684 817 ἡμέρᾳ,
2742 747 2857 801 εἴτε
2890 751 3192 819 αἰσθητῶς,
3230 751 3342 805 είτε
3373 770 3491 824 νοη-

1911 853 2039 897 τως.

1990 941 2008 975 ι
2058 925 2191 977 Ἀπὸ
2214 926 2546 995 πράγματος
2601 927 2662 980 ἐν
2706 930 2887 983 σκότει
2938 930 3430 1002 διαπορευομένου.
3468 957 3487 988 1

1912 1046 1983 1056 —
2010 1017 2108 1069 Διά
2138 1016 2233 1069 τοῦ
2276 1020 2599 1088 πράγματος
2655 1019 2896 1089 ἐδήλωσε
2949 1024 3046 1077 καὶ
3086 1025 3214 1088 τοὺς
3254 1027 3495 1098 κακούρ-

232 1118 580 1188 πεδημένους
613 1120 714 1187 τὴν
770 1118 950 1187 ψυχὴν
983 1118 1043 1170 ἐν
1104 1116 1184 1186 τῷ
1241 1115 1396 1186 φόϐῳ
1456 1133 1554 1169 σου
1603 1119 1666 1169 ἐκ
1718 1114 1814 1169 τοῦ
1919 1127 2050 1177 γους
2081 1108 2432 1179 ἀνθρώπους,
2453 1111 2693 1176 καὶτοὺς
2718 1111 3011 1183 δαίμονας.
3039 1117 3228 1171 καὶτὰ
3249 1120 3394 1190 πάθη
3425 1123 3494 1173 τά

233 1214 565 1279 συνταγῆναι
588 1212 791 1271 αὐτοῖς.

316 1324 333 1355 1
368 1303 756 1370 Ἐπίστρεψον,
806 1301 977 1371 Κύριε
1001 1319 1015 1334 ’
1046 1302 1152 1365 ἓως
1186 1302 1316 1354 πότε
1346 1317 1359 1367 ;
1405 1301 1498 1354 καὶ
1524 1300 1816 1370 παρακλή-

235 1397 359 1464 θητι
388 1396 482 1446 ἐπὶ
529 1398 642 1456 τοῖς
664 1394 875 1455 δούλοις
910 1411 1005 1446 σου
1037 1431 1053 1447 .
1095 1413 1114 1446 1
1149 1423 1219 1435 -—
1250 1392 1506 1463 Δηλονότι
1545 1393 1648 1446 οὐκ
1698 1394 1819 1444 ἐπι-

236 1488 515 1556 στρέφεις·
547 1486 961 1557 παρακλήθητι,
1001 1487 1063 1540 δυ
1074 1487 1387 1556 σωπήθητι.

318 1598 337 1632 1
385 1580 839 1650 Ἐνεπλήσθημεν
863 1580 924 1632 τὸ
951 1578 1098 1647 πρωῒ
1138 1579 1234 1631 τοῦ
1295 1578 1479 1640 ἐλέους
1518 1594 1639 1642 σου,
1704 1575 1821 1630 Κύ-

240 1694 347 1745 ριε.
380 1694 398 1727 1
434 1703 501 1715 —
547 1675 694 1727 Ἀντὶ
716 1675 812 1727 τοῦ
847 1672 1329 1743 ἐμπλησθείημεν,
1396 1674 1492 1728 καὶ
1523 1673 1593 1727 τά
1650 1670 1817 1724 λοιπά

236 1768 439 1837 ὁμοίως
468 1767 588 1819 ἀντὶ
621 1765 906 1817 εὺκτικῶν.

320 1879 337 1910 1
382 1859 490 1911 Καὶ
518 1858 595 1910 ίδε
632 1858 725 1910 ἐπὶ
757 1856 885 1918 τοὺς
922 1856 1143 1919 δούλους
1173 1872 1269 1909 σου
1303 1859 1397 1909 καὶ
1436 1855 1530 1907 ἐπὶ
1558 1855 1625 1907 τὰ
1679 1852 1818 1924 ιργα

241 1971 362 2006 σου.
392 1972 411 2004 1
447 1982 518 1993 —
556 1949 891 2017 Ἐπίσκεψον
914 1950 1090 2019 ἡμᾶς,
1124 1950 1218 2002 καὶ
1275 1949 1404 2009 τοὺς
1443 1947 1595 2009 υἱοὺς
1638 1946 1818 2015 ἡμῶν,

240 2047 356 2100 είτε
419 2049 746 2116 σαρκικοὺς,
801 2046 913 2097 εῐτε
941 2041 1374 2112 πνευματικοὺς,
1440 2041 1711 2110 ὸδήγησον
1763 2040 1822 2092 ἐν

239 2140 363 2201 ταῖς
390 2139 632 2200 ἐντολαῖς
659 2154 772 2191 σου.

325 2250 344 2282 1
400 2231 509 2283 Καὶ
563 2230 709 2283 ἐστω
763 2231 795 2298 ἡ
852 2228 1174 2301 λαμπρότης
1240 2228 1455 2302 Κυρίου
1508 2230 1602 2283 τοῦ
1679 2228 1819 2283 Θεοῦ

240 2326 408 2396 ἡμῶν
448 2327 533 2394 ἐφ’
578 2326 744 2395 ἡμᾶς.
790 2343 807 2376 1
838 2344 916 2365 -
951 2326 1293 2396 Δαμπρότης
1324 2325 1462 2379 Θεοῦ
1504 2326 1538 2395 ὴ
1589 2328 1652 2378 ἐκ
1686 2322 1822 2377 Θεοῦ

246 2420 435 2489 χάρις,
473 2421 505 2486 ἡ
532 2419 935 2489 λαμπρύνουσα
965 2420 1057 2473 τὸν
1111 2418 1238 2472 νοῦν
1272 2422 1367 2471 καὶ
1418 2419 1489 2472 τὰ
1535 2419 1673 2488 ἔργα
1718 2419 1827 2471 τῶν

244 2513 449 2583 χειρῶν
484 2514 667 2580 ἡμῶν.
719 2513 898 2583 Ἔργα
928 2496 1141 2581 χειρῶν
1168 2511 1225 2564 αί
1273 2509 1527 2581 πράξεις.
1558 2510 1712 2580 Καλὴ
1772 2510 1828 2562 δέ

244 2607 343 2658 τοῦ
374 2607 468 2674 ἐφ’
490 2603 651 2674 ἡμᾶς
706 2607 740 2675 ὴ
782 2605 1112 2675 προσθήκη·
1146 2608 1243 2658 καὶ
1296 2605 1404 2672 γὰρ
1442 2602 1721 2672 ἡμέτερον
1768 2604 1828 2655 τὸ

250 2701 443 2769 κέρδος
469 2699 568 2768 τῆς
589 2701 818 2769 ἀρετῆς.
858 2700 1041 2768 Ἔργα
1070 2698 1126 2751 δέ
1168 2697 1427 2768 χειρῶνή
1463 2700 1527 2749 ἐκ
1571 2697 1829 2765 πράξεων

249 2792 732 2859 ἐπισυμϐαίνουσα
771 2792 998 2859 γνῶσις.
1043 2790 1367 2859 Παρακαλεί
1392 2788 1525 2857 γοῦν
1550 2791 1577 2841 0
1600 2789 1826 2857 [ιριφήν

249 2902 353 2949 της
392 2886 527 2953 μήτε
562 2884 703 2937 κατά
722 2884 924 2952 πρᾶξιν
958 2885 1094 2953 μήτε
1122 2883 1269 2937 κατά
1294 2884 1499 2950 γνῶσιν
1519 2882 1831 2953 ’παρεγκλί-

249 2995 368 3031 νει-ι
402 2978 498 3047 τῆς
530 2978 851 3048 εὐθύτητος,
887 2977 1012 3046 ἢτοι
1037 2975 1132 3029 τοῦ
1175 2976 1510 3047 πρέποντος.

858 3112 1247 3181 ΨΑΑΜΟΣικ

333 3271 352 3303 ε
385 3250 537 3315 Αἶνος
570 3253 713 3322 ἱρδῆς
735 3253 810 3321 τῷ
846 3251 1036 3305 Δαδῖδ.
1068 3280 1138 3294 —
1188 3246 1362 3312 Οὗτος
1417 3254 1443 3303 0
1482 3251 1695 3320 ψαλμὸς
1745 3252 1823 3303 δι-

253 3349 445 3401 δάσκει
473 3345 573 3413 τῆς
626 3347 703 3407 είς
728 3345 863 3397 Θεὸν
894 3342 1108 3405 ἐλπίδος
1143 3345 1202 3395 τὸ
1223 3345 1457 3411 ἄμαχον.

346 3458 365 3491 1
390 3442 449 3491 Ὀ
477 3438 750 3492 κατοικῶν
781 3438 839 3489 ἐν
869 3436 1095 3507 βοηθείᾳ
1120 3434 1211 3488 τοῦ
1259 3435 1518 3503 Ὑψίστου
1550 3437 1606 3487 ἐν
1658 3436 1835 3504 σκέπη

257 3533 358 3586 τοῦ
391 3532 527 3585 Θεοῦ
559 3530 654 3585 τοῦ
689 3529 926 3601 ούρανοῦ
959 3529 1408 3596 αὖλισθήσεταω
1447 3557 1517 3569 -
1544 3528 1603 3580 '0
1644 3530 1837 3595 ἐπίμο-

262 3644 358 3678 νον
387 3625 525 3694 έχων
550 3625 640 3677 τὸν
668 3624 794 3677 νοῦν
826 3626 893 3693 τῇ
928 3620 1151 3691 βοηθείᾳ
1175 3625 1245 3692 τῇ
1273 3623 1336 3673 ἐκ
1362 3620 1522 3685 Θεοῦ,
1549 3622 1636 3673 διά
1664 3621 1726 3673 τὸ
1758 3621 1836 3682 είς

264 3721 429 3787 μόνον
466 3716 556 3769 τὸν
589 3715 721 3768 Θεὸν
758 3714 1032 3776 ἐλπίζειν,
1095 3714 1184 3767 ἀεὶ⁵
1232 3712 1288 3764 δέ
1331 3711 1489 3773 οὗτος
1536 3714 1605 3782 τῇ
1660 3711 1834 3779 σκέπῃ

263 3806 361 3861 τοῦ
386 3807 643 3876 οὐρανίου
702 3804 841 3858 Θεοῦ
928 3806 1128 3871 διάξει,
1192 3806 1475 3857 τουτέστιν
1542 3807 1644 3861 ὑπὸ
1703 3806 1837 3859 Θεοῦ

264 3900 677 3970 φυλαχθήσεται
709 3898 964 3953 πάντοτε.

343 4010 362 4042 1
444 3988 694 4058 Ἐρείτῷ
733 3990 952 4058 Κυρίῳ,
989 3988 1364 4058 Ἀντιλήπτωρ
1391 4005 1491 4057 μου
1512 3984 1587 4049 εἴ,
1628 3988 1718 4039 καὶ
1746 4004 1842 4037 κα-

264 4083 488 4152 ταφυγή
522 4098 648 4152 μου.
689 4099 709 4133 1
742 4108 814 4119 —
852 4080 1001 4150 Ἐρεῐ
1033 4080 1110 4149 τῷ
1132 4080 1252 4149 Θεῷ
1287 4079 1426 4149 μετά
1447 4079 1682 4151 θάρρους
1747 4080 1843 4130 καὶ

268 4172 605 4241 παρρησίας.

354 4284 375 4317 1
421 4266 481 4317 '0
506 4263 637 4325 Θεός
672 4279 794 4332 μου,
829 4262 935 4315 ἐλπ
960 4263 1005 4314 ῶ
1031 4263 1113 4314 ἐπ’
1151 4261 1333 4315 αὐτόν.
1370 4280 1388 4313 1
1420 4292 1489 4300 —
1522 4262 1669 4331 Ἐρεῖ
1683 4261 1844 4315 πάλιν

267 4357 504 4410 ἐνώπιον
536 4357 752 4408 πάντων
788 4370 805 4385 ο
841 4354 971 4413 Θεός
1000 4372 1102 4422 μου
1130 4352 1283 4415 οὗτός
1316 4356 1488 4406 ἐστιν.

348 4468 367 4499 1
407 4450 528 4502 Ὀτι
561 4447 723 4508 αὐτὸς
755 4446 982 4515 ῥύσεταί
1019 4462 1079 4496 σε
1114 4450 1176 4496 ἐκ
1208 4445 1433 4510 παγίδνς
1465 4445 1775 4513 θηρευτῶν.
1821 4465 1838 4497 1

264 4569 338 4581 ——
392 4536 449 4593 Ὁ
480 4538 638 4604 λόγος
668 4537 925 4606 ἐστράφη
953 4535 1091 4605 πρὸς
1124 4537 1213 4589 τὸν
1248 4536 1535 4598 ἐλπίζοντα
1570 4538 1650 4596 είς
1683 4538 1844 4606 μόνον

264 4634 363 4685 τὸν
391 4630 545 4684 Θεόν.
588 4630 877 4700 Θηρευτάς
918 4627 974 4679 δέ
1016 4629 1165 4696 λέγει
1222 4628 1351 4691 τοὺς
1395 4628 1689 4698 αίσθητοῦς
1724 4631 1845 4681 ἐπι-

270 4724 501 4787 ϐούλους
542 4724 637 4777 καὶ
677 4721 929 4791 νοητούς.

354 4836 375 4867 ε
412 4817 521 4870 Καὶ
556 4817 663 4869 ἀπὸ
691 4816 851 4882 λόγου
894 4814 1265 4885 ταραχώδους.
1297 4835 1314 4868 1
1351 4844 1421 4855 —
1450 4815 1621 4882 Λόγον
1670 4830 1847 4883 ταρα-

269 4908 421 4976 χώδη
448 4908 538 4957 τὸν
577 4905 676 4974 τῆς
699 4905 1059 4972 συκοφαντίας
1097 4907 1231 4974 φησὶ
1258 4909 1353 4959 καὶ
1378 4905 1634 4975 διαϐολῆς
1657 4920 1672 4935 ·
1710 4905 1846 4956 πολὺ

268 5001 386 5067 γὰρ
414 4993 569 5060 οῦτος
590 4995 696 5050 οἶδε
726 4998 1025 5068 ταράσσειν
1059 5008 1159 5069 την
1179 4998 1384 5068 ψυχήν.

354 5110 373 5141 1
426 5092 515 5144 ‘Ev
542 5093 652 5153 τοῖς
678 5092 1037 5159 μεταφρένοις
1073 5091 1239 5143 αὑτοῦ
1296 5091 1612 5143 ἐπισκιάσει
1675 5107 1779 5143 σοι.
1820 5108 1840 5141 1

267 5211 332 5224 -—
389 5181 592 5245 Ἑστὼς
617 5182 924 5250 ἔμπροσθέν
958 5198 1053 5235 σου
1083 5184 1367 5251 πρόμαχος
1436 5184 1531 5234 καὶ
1562 5184 1849 5251 φυλάττων

272 5291 336 5327 σε
374 5274 799 5342 πολεμούμενον.

350 5386 369 5418 1
417 5367 527 5418 Καὶ
552 5365 657 5418 ὑπὸ
686 5366 784 5428 τάς
806 5366 1083 5435 πτέρυγας
1110 5364 1277 5417 αὑτοῦ
1306 5364 1543 5429 κλπιείς.
1581 5384 1678 5415 1—
1712 5364 1849 5417 Σκε-

273 5461 440 5515 πάσει
473 5460 584 5529 γάρ
629 5476 688 5511 σε
725 5462 819 5512 καὶ
847 5459 921 5520 ὡς
954 5461 1197 5511 νεοσσόν.
1223 5485 1239 5497 -

356 5571 375 5605 1
418 5552 609 5621 ὐπλῳ
654 5550 930 5603 κυκλώσει
998 5566 1057 5602 σε
1106 5552 1137 5619 ἡ
1203 5549 1432 5620 ἀλήθεια
1491 5548 1681 5601 αὑτοῦ.
1716 5567 1735 5599 1
1782 5577 1853 5589 -—

270 5645 369 5712 Τῷ
418 5642 568 5712 ὅπλῳ
616 5642 780 5696 αὑτοῦ
845 5643 955 5712 ἠως
1018 5643 1096 5711 τῷ
1148 5640 1369 5711 σταυρῷ
1412 5642 1852 5712 περιφρουρήσει

274 5752 338 5788 σε
373 5737 407 5803 ἡ
444 5735 694 5803 ἀλήθεια,
732 5738 1009 5797 τουτέστιν
1030 5714 1344 5805 δ’Χριστός.

358 5847 377 5880 1
422 5828 495 5880 Οὐ
556 5826 838 5899 φοϐηθήσῃ
899 5828 1004 5886 ἀπὸ
1068 5825 1233 5896 φόϐου
1306 5826 1645 5895 νυκτερινοῦ.
1710 5846 1727 5878 1
1771 5856 1839 5868 —

1915 1204 1973 1256 ἐν
1995 1203 2150 1254 νυκτὶ
2187 1204 2555 1273 ἐπερχόμενα.

1992 1314 2011 1345 1
2062 1295 2198 1348 Ἀπὸ
2236 1296 2674 1365 συμπτώματος.
2720 1317 2740 1352 1
2774 1325 2843 1338 -—
2881 1299 3209 1369 Σύμπτωμα
3249 1305 3347 1374 μὶν
3379 1305 3494 1358 εστι

1919 1386 1981 1440 τὸ
2013 1388 2443 1459 ἀπροσδοκήτως
2482 1390 2789 1458 συμϐαῖνον
2824 1392 3145 1462 ἀϐούλητον.

1998 1504 2016 1536 1
2060 1486 2169 1539 Καὶ
2215 1484 2499 1554 δαιμονίου
2544 1489 2949 1559 μεσημϐρινοῦ.
2988 1509 3009 1543 1
3042 1520 3113 1533 —
3162 1492 3280 1544 Πᾶν
3329 1490 3503 1555 πάθος

1919 1576 2059 1647 ὅπερ
2090 1578 2450 1630 ἐπανίσταται
2496 1581 2635 1645 μετά
2660 1584 2893 1649 τροφήν.

1999 1687 2017 1721 1
2060 1671 2318 1723 Πεσείται
2344 1671 2407 1722 ἐκ
2435 1670 2529 1724 τοῦ
2596 1672 2814 1737 κλίτους
2874 1692 2993 1731 σου.
3030 1696 3049 1729 1
3090 1707 3161 1719 —
3187 1681 3384 1743 Κλίτος
3439 1685 3500 1736 τὸ

1924 1762 2213 1832 ἀριστερὸν
2240 1762 2468 1816 ἐκάλεσε
2494 1766 2678 1835 μέρος.

2003 1874 2023 1907 1
2066 1854 2259 1918 Χιλιάς
2298 1856 2394 1909 καὶ
2423 1859 2624 1927 μυριὰς
2652 1860 2716 1913 ἐκ
2750 1860 2945 1925 δεξιῶν
2986 1877 3104 1925 σου,
3162 1864 3298 1931 πρὸς
3342 1864 3400 1917 σὲ
3438 1866 3499 1918 δὲ

1925 1948 2024 2000 οὐκ
2056 1949 2253 2015 ἐγγιεϊ.
2298 1967 2316 2000 1
2358 1980 2419 1989 —
2454 1950 2639 2002 Βελῶν
2667 1952 2948 2021 δηλονότι’
3001 1954 3311 2026 τοξευθήσῃ
3359 1959 3494 2025 γὰρ,

1926 2042 2083 2110 φησὶ,
2146 2042 2296 2110 παρά
2334 2042 2445 2095 τῶν
2506 2043 2713 2113 νοητῶν
2750 2045 3051 2113 πολεμίων,
3098 2047 3267 2101 πολλὰ
3297 2051 3395 2117 μὲν
3439 2051 3497 2116 ἐξ

1924 2134 2256 2205 ἀριστερῶν,
2293 2135 2467 2190 πλείω
2487 2136 2545 2190 δέ
2578 2139 2641 2190 ἐκ
2670 2138 2778 2191 τῶν
2811 2139 3025 2204 δεξιῶν,
3064 2142 3177 2193 ἀλλ’
3240 2144 3500 2212 ἄπρακτα

1926 2225 2316 2281 πεσοῦνταιτά
2348 2226 2507 2296 βέλη,
2542 2230 2625 2281 σοὶ
2662 2230 2719 2282 δέ
2756 2230 2875 2283 οὐδὲ
2903 2232 3293 2302 πλησιάσουσι·
3342 2234 3501 2301 μόνον

1926 2317 1983 2370 δέ
2012 2319 2124 2379 τοϊς
2158 2321 2365 2388 νοεροίς
2399 2336 2495 2373 σου
2526 2320 2827 2389 ὀφθαλμοῖς
2863 2321 3053 2393 γνώσῃ
3081 2324 3246 2381 αὐτὰ,
3276 2325 3370 2376 καὶ
3398 2326 3501 2393 τὴν

1928 2412 2201 2481 τιμωρίαν
2230 2410 2339 2464 τῶν
2370 2412 2713 2482 ἁμαρτωλῶν
2738 2414 3012 2481 δαιμόνων
3040 2416 3232 2485 θεάσῃ.
3265 2417 3433 2479 Τίςδέ
3470 2418 3501 2484 ἡ

1928 2503 2213 2574 τιμωρία;
2247 2505 2322 2556 Τὸ
2354 2503 2463 2558 τῶν
2487 2506 2776 2573 προϐολῶν
2798 2506 2981 2560 αὐτῶν
3011 2509 3394 2577 ἀνενέργητον.

2009 2597 2183 2649 «Ὅτι
2243 2598 2332 2662 σὺ,
2390 2598 2647 2667 Κύριε,ἠ
2706 2600 2860 2663 ἐλπίς
2919 2618 3041 2670 μου,
3098 2602 3190 2655 τὸν
3242 2603 3508 2671 ’Ὕψιστον

1935 2685 2057 2740 ἔθου
2100 2691 2428 2755 καταφυγήν
2474 2706 2591 2742 σου.
2640 2710 2658 2741 1
2697 2721 2763 2732 —
2792 2692 2978 2744 Λείπει
2998 2693 3057 2745 τὸ
3080 2689 3262 2757 εἴπας.

2011 2800 2028 2831 1
2066 2782 2144 2833 υύ
2181 2782 2615 2850 προσελεύσεται
2659 2784 2795 2853 πρὸς
2834 2784 2895 2837 σά
2947 2788 3117 2840 κακά.
3158 2806 3176 2839 1
3233 2790 3510 2842 -Κοκά

1938 2874 2083 2942 λέγει
2112 2877 2237 2937 τοὺς
2270 2878 2635 2945 πειρασμοῦς,
2667 2877 2789 2930 ούδέ
2829 2877 2929 2946 τῆς
2986 2878 3167 2948 ψυχῆς
3211 2880 3287 2951 μὴ
3340 2898 3512 2935 κατα-

1938 2972 2131 3038 κρατεῖ
2196 2969 2529 3038 πειρασμὸς,
2579 2970 2641 3022 ού
2683 2970 2832 3023 δοκεῖ
2867 2970 3040 3040 τούτῳ
3084 2975 3509 3044 προσέρχεσθαι.

2014 3081 2030 3113 ι
2071 3063 2178 3114 Καὶ
2218 3063 2421 3131 μάστιξ
2442 3064 2542 3115 οὐκ
2571 3065 2745 3132 ἐγγιεί
2780 3067 2839 3117 ἐν
2872 3064 2951 3133 τῷ
2994 3065 3321 3136 σκηνώματί
3354 3087 3504 3121 σου..

1864 3163 1904 3218 c
1940 3182 2007 3191 —
2042 3152 2115 3206 Ού
2150 3153 2259 3221 γὰρ
2291 3153 2740 3222 ὑπολαμϐάνεται
2792 3172 2846 3207 τι
2898 3156 3151 3221 ἀλγεινὸν
3208 3159 3515 3229 πλησιάσαι

1940 3244 2016 3311 τῷ
2090 3242 2303 3313 σώματι
2362 3246 2454 3299 τοῦ
2512 3247 2588 3317 μὴ
2657 3246 2911 3325 ἐντεῦθεν
2979 3247 3357 3320 βλαπτομένου
3412 3252 3511 3322 τὴν

1938 3338 2137 3407 ψυχήν·

2016 3449 2034 3481 1
2078 3430 2204 3484 ὐτι
2235 3434 2347 3492 τοῖς
2377 3432 2633 3499 ἀγγέλοις
2673 3433 2843 3485 αὑτοῦ
2873 3435 3176 3490 ἐντελεῖται
3225 3439 3356 3507 περὶ
3391 3437 3510 3501 σοῦ,

1939 3524 2033 3575 τοῦ
2061 3523 2391 3592 διαῳυλάξαί
2422 3542 2480 3577 σε
2513 3529 2571 3578 ἐν
2609 3528 2815 3590 πάσαις
2877 3530 2999 3592 ταῖς
3045 3530 3187 3592 ὁδοῖς
3238 3547 3355 3583 σου.
3395 3551 3415 3582 1
3447 3561 3517 3571 -—

1954 3612 2140 3676 Ὁδοὺς
2162 3616 2256 3677 τὰς
2289 3616 2519 3684 πράξεις
2557 3618 2714 3686 φησί.

2022 3728 2040 3760 1
2082 3708 2205 3762 Ἐπὶ
2234 3710 2434 3779 χειρῶν
2463 3710 2657 3780 ἀροῦσί
2685 3728 2767 3765 σε.
2810 3732 2830 3765 1
2864 3744 2929 3755 —
2959 3713 3153 3784 Χεῖρες
3177 3715 3429 3782 ἀγγέλων
3459 3717 3516 3769 αί

1946 3802 2213 3853 σωστικαὶ
2240 3802 2499 3870 δυνάμεις
2538 3804 2735 3857 αὐτῶν.

2023 3911 2041 3943 1
2088 3893 2311 3962 Μήποτε
2346 3894 2663 3964 προσκόψῃς
2694 3895 2829 3963 πρὸς
2852 3896 2999 3949 λίθον
3028 3896 3120 3950 τὸν
3157 3898 3293 3951 πόδα
3324 3914 3440 3952 σου.
3492 3917 3511 3950 1

1944 4012 2013 4024 -
2044 3987 2205 4047 Λίθος
2236 3988 2531 4055 ήάλίαρτία
2568 4003 2581 4016 ·
2623 3989 2755 4049 ποὺς
2788 3989 2821 4057 ἠ
2860 3988 3124 4043 πολιτεία.

2026 4095 2044 4128 1
2088 4076 2211 4130 Ἐπὶ
2240 4079 2441 4130 ἀσπίδα
2468 4080 2562 4131 καὶ
2596 4080 2911 4148 βασιλίσκον
2938 4082 3198 4151 ἐπιϐήσῃ,
3228 4083 3322 4135 καὶ
3352 4100 3520 4136 κατα-

1952 4170 2219 4238 πατήσεις
2247 4169 2440 4224 λέοντα
2479 4173 2571 4223 καὶ
2595 4172 2886 4242 δράκοντα.
2941 4190 2960 4224 1
2998 4200 3067 4213 —-
3096 4172 3281 4227 Ταῦτα
3342 4175 3520 4228 πάντα

1950 4262 1976 4311 0
2003 4259 2253 4321 διάϐολος
2284 4261 2641 4329 ὀνομάζεται.

2029 4370 2047 4403 1
2081 4352 2207 4406 Ὀτι
2238 4353 2326 4405 ἐπ’
2354 4357 2454 4425 ἐμὲ
2488 4358 2705 4427 ἧλπισε,
2740 4361 2834 4411 καὶ
2884 4361 3125 4430 ῥύσομαι
3160 4360 3342 4413 αὐτόν.
3385 4379 3403 4411 1
3452 4388 3527 4400 -—

1955 4443 2178 4509 Εἱσάγει
2206 4447 2297 4499 τὸν
2335 4448 2469 4499 Θεὸν
2503 4451 2530 4501 0
2556 4450 2857 4520 Προφήτης
2888 4451 3214 4521 βεϐαιοῦιτα
3260 4452 3386 4514 τοὺς
3437 4451 3528 4504 λό-

1952 4554 2080 4602 γους
2100 4538 2286 4591 αὑτοῦ.
3376 4560 3377 4563 ‘

2028 4650 2045 4681 1
2086 4631 2357 4684 Σκεπάσω
2382 4631 2564 4692 αὑτὸν,
2602 4631 2681 4683 ὅτι
2716 4632 2860 4699 ἐγνω
2894 4632 2953 4685 τὸ
2995 4633 3171 4703 δνομά
3226 4650 3347 4701 μου.
3391 4652 3411 4685 1
3451 4656 3527 4673 -ι-

1951 4721 2215 4773 Γινώσκει
2256 4723 2337 4773 ὅτι
2373 4725 2400 4774 0
2426 4722 2556 4785 Θεὸς
2589 4725 2616 4775 0
2637 4723 2803 4787 ἀξίως
2834 4726 3303 4795 προσφερόμενος.

2026 4830 2043 4862 1
2087 4811 2427 4879 Μακρότητα
2455 4812 2678 4882 ἡμερῶν
2718 4814 2987 4884 ἐμπλήσω
3020 4816 3207 4870 αὐτόν.
3250 4836 3267 4867 1
3302 4844 3372 4857 —
3411 4813 3528 4886 Τὴν

1952 4905 2180 4957 αἰωνίαν
2222 4904 2374 4971 λέγει
2408 4904 2577 4975 ζωήν.

2521 4993 2952 5063 ΨΑΛΜοΣυΑκ

2030 5087 2287 5157 «Ψαλμὸς
2315 5087 2461 5159 ᾠδῆς
2492 5090 2575 5151 είς
2606 5089 2705 5155 τὴν
2731 5090 2949 5160 ἡμέραν
2972 5090 3069 5143 τοῦ
3098 5090 3399 5147 Σαϐϐάτου.
3424 5109 3527 5144 1—

1956 5180 2235 5233 Σάϐϐατον
2257 5180 2492 5234 ἐνταῦθα
2522 5182 2616 5233 τὸν
2649 5182 2914 5250 μέλλοντα
2966 5182 3142 5236 αίῶνα
3196 5185 3435 5253 νοητέον,
3464 5187 3526 5248 ὃς

1957 5277 2107 5325 ἐστιν
2136 5273 2308 5342 ἀργία
2343 5273 2615 5342 παντελὴς
2649 5275 2742 5325 καὶ
2779 5276 3127 5337 κατάπαυσις
3161 5276 3269 5328 τῶν
3313 5277 3531 5347 ἀνθρω-

1956 5363 2124 5417 πείων
2153 5365 2377 5417 πάντων
2409 5367 2776 5441 πραγμάτων.

2031 5474 2049 5507 1
2074 5458 2304 5523 Ἀγαθὸν
2321 5456 2381 5509 τὸ
2398 5456 2841 5524 ἐξομολογεῖσθαι
2856 5458 2935 5527 τῷ
2962 5460 3168 5529 Κυρίῳ,
3196 5460 3291 5512 καὶ
3304 5459 3532 5527 ψάλλειν

1956 5548 2034 5618 τῷ
2064 5549 2295 5617 ὀνόματί
2330 5565 2446 5611 σου,
2479 5546 2740 5615 ’Υψιστε.
2788 5566 2808 5599 1
2844 5575 2915 5590 —
2940 5551 3039 5603 Διὰ
3079 5551 3174 5603 τοῦ
3222 5552 3377 5619 πρωϊ
3434 5557 3529 5604 καὶ

1955 5640 2071 5707 τῆς
2103 5639 2331 5705 νυκτὸς
2380 5640 2561 5692 πάντα
2613 5640 2704 5692 τὸν
2758 5644 2953 5712 χρόνον
2991 5644 3229 5714 ἐδήλωσε
3254 5662 3269 5675 ·
3304 5649 3401 5699 καὶ
3443 5647 3531 5699 διά

1960 5733 2061 5803 μὲν
2110 5731 2205 5784 τοῦ
2260 5733 2446 5795 ἐλέους
2492 5736 2589 5797 τὰς
2666 5736 2795 5805 περὶ
2846 5736 2999 5803 ἡμᾶς
3056 5736 3401 5806 εὐεργεσίας,
3439 5736 3532 5790 διὰ

1975 5826 2032 5878 δέ
2082 5825 2181 5895 τῆς
2242 5825 2451 5889 ἀδικίας
2532 5826 2632 5899 τὴν
2693 5828 2837 5882 κατὰ
2872 5827 3005 5895 ,τῶν
3045 5829 3375 5890 ἀδικούντων
3439 5830 3532 5885 ἐκ·
