4210 6434
300 384 446 446 1545

1470 394 1880 459 EXPOSITIO
1918 398 2003 459 ΙΝ
2044 398 2407 463 PSALMOS.

3407 401 3547 466 ιςιδ

306 499 519 567 λυσμου
560 498 935 570 καθαρότητος
961 503 1159 568 παντὸς
1208 506 1283 568 ὡς
1314 506 1524 561 ἐνοικον
1553 510 1752 582 ἐχούση
1785 510 1877 564 τὸν
1906 520 1950 574 Α
2058 532 2077 564 ι
2115 513 2178 567 Εί
2213 512 2398 603 μήιδτι
2446 513 2650 584 Κύριος
2681 512 2955 584 ἐδοήθησέ
2998 530 3091 583 μοι
3115 529 3129 544 ·
3176 516 3327 586 παρά
3368 514 3552 589 βραχὺ

297 592 466 654 ὅντως
504 593 682 658 ἆγιον.

866 689 1157 744 mmo:
1195 693 1310 759 ιιι-ι.

376 796 393 827 1
432 776 658 846 Ψαλμδς
680 776 758 847 τῷ
799 780 963 833 Δαυῒδ
992 785 1211 851 τετράδι
1271 785 1578 842 Σαϐϐάτου.
1608 788 1744 851 Θεὸς
1775 790 1873 843 ἐκ·

294 868 566 939 δικήσεων
618 871 839 940 Κύριος.
886 890 903 923 1
938 901 1009 913 —
1039 874 1173 939 Θεὸς
1223 877 1514 947 ἐκδικητὴς
1572 883 1601 934 6
1666 881 1875 951 Κύριός

297 964 439 1014 ἐστι.
490 963 845 1034 Παρηγορίαν
871 967 901 1019 6
928 966 1147 1037 ψαλμδς
1190 973 1303 1033 τοῖς
1347 972 1727 1043 ἀδικουμένοις
1760 976 1875 1028 είσ-

302 1055 486 1124 φέρει.

374 1162 393 1195 1
429 1144 563 1208 Θεὸς
592 1145 929 1216 ἐκδικήσεων
954 1149 1427 1220 ἐπαρρησιάσατο.
1463 1172 1482 1206 1
1512 1184 1581 1197 -
1615 1156 1876 1229 τδέπαρ-

299 1238 605 1306 ῥησιάσατο
649 1239 774 1291 ἀντὶ
814 1238 911 1292 τοῦ
966 1243 1436 1312 παρρησιάζεται,
1466 1250 1717 1303 τουτέστι
1773 1252 1873 1322 τήν

298 1328 495 1380 ἑαυτοῦ
527 1329 834 1400 φανερώσει
858 1331 1285 1401 δικαιοκρισίαν.

375 1439 397 1472 1
436 1422 710 1491 ’ΐψώθητι
739 1424 767 1476 6
799 1425 1004 1494 κρίνων
1031 1427 1130 1497 τήν
1159 1427 1261 1495 γῆν
1281 1444 1295 1458 °
1329 1429 1528 1489 ἀπόδος
1567 1432 1871 1487 ἀνταπόδο-

300 1529 385 1564 σιν
430 1516 542 1576 τοῖς
598 1514 993 1584 ὑπερηφάνοις.
1050 1536 1069 1569 1
1126 1546 1198 1559 —
1247 1520 1667 1591 ’Υπερηφάνους
1722 1525 1872 1592 λέγει

297 1605 426 1665 τοὺς
473 1606 745 1669 δυνάστας
790 1607 866 1670 ὥς
919 1609 1030 1662 τῶν
1061 1613 1312 1677 πενήτων
1364 1616 1869 1686 καταφρονοῦντας.

375 1714 395 1746 1
439 1697 768 1764 OOt'onvtac
805 1702 900 1755 καὶ
945 1702 1268 1769 λαλήσουσιν
1312 1706 1546 1759 ἀδικίαν.
1578 1726 1597 1759 1
1627 1737 1697 1748 —
1735 1708 1872 1760 ’Δπδ

296 1790 484 1840 κοινοῦ
540 1791 620 1855 τὸ,
657 1807 676 1840 1
713 1792 858 1856 Ἕως
913 1794 1045 1865 πότε
1091 1794 1390 1866 λαλήσουσι
1422 1799 1645 1863 πάντες.
1687 1818 1705 1852 1
1740 1802 1872 1855 ’Δπδ

296 1879 483 1932 κοινοῦ
510 1881 568 1932 τὸ
591 1881 853 1939 ἀδικίαν.

376 1993 392 2022 ι
434 1974 625 2041 Χήραν
660 1975 760 2028 καὶ
787 1976 1027 2045 ὀρφανὸν
1065 1978 1398 2034 ἀπέκτειναν
1424 1997 1440 2015 ο
1474 1983 1570 2034 καὶ
1597 1986 1873 2055 προσήλυ-

300 2084 392 2119 τον
430 2067 753 2135 ἐφόνευσαν.
796 2089 817 2123 1
853 2099 921 2113 -
970 2070 1290 2125 Ἀποκτενεί
1320 2075 1413 2126 καὶ
1461 2076 1714 2144 φονεύσει
1765 2082 1873 2143 πᾶς

293 2160 326 2210 6
360 2159 624 2227 ἁρπάζων
651 2161 719 2213 τὰ
762 2161 1021 2230 ἀλλότρια
1051 2180 1065 2195 ο
1108 2166 1448 2234 προσήλυτος
1479 2167 1535 2220 δέ
1581 2170 1734 2237 παρά
1772 2172 1871 2238 μέν

308 2252 583 2315 Ἰουδαίοις
612 2256 641 2307 6
667 2255 726 2319 ἐξ
745 2254 916 2308 ἐθνῶν
936 2256 1013 2326 τῷ
1029 2256 1346 2329 Ἰουδαϊσμῷ
1376 2261 1715 2331 προσελθὼν,
1738 2265 1871 2335 παρ’

295 2344 429 2412 ἡμῖν
460 2345 515 2396 δὲ
538 2346 565 2397 6
593 2346 884 2415 πάροικος.

374 2456 393 2488 1
438 2439 542 2491 Καὶ
576 2432 776 2491 εἴπανο
810 2440 925 2493 Οὐκ
976 2440 1171 2510 ὄψεται
1219 2441 1448 2512 Κύριος,
1475 2446 1595 2499 οὐδέ
1648 2450 1865 2518 συνήσει

291 2532 322 2582 6
347 2530 479 2593 Θεὸς
524 2530 619 2583 τοῦ
657 2532 874 2591 Ἰακώϐ.
908 2554 927 2587 1
961 2564 1032 2577 —
1058 2535 1131 2588 Τὸ
1160 2536 1423 2604 συνήσει
1464 2540 1587 2592 ἀντὶ
1608 2540 1704 2595 τοῦ
1728 2542 1868 2611 γνώ⁴

294 2641 473 2679 σεται.

370 2734 389 2766 1
430 2716 625 2769 Σύνετε
650 2717 715 2786 δὴ
745 2718 983 2787 ἄφρονες
1021 2722 1079 2774 ἐν
1116 2721 1195 2792 τῷ
1222 2722 1358 2791 λαᾷ,
1388 2723 1481 2777 καὶ
1525 2726 1703 2794 μωροί
1733 2744 1864 2782 ποτε

290 2810 621 2876 φρονήσατε.
657 2830 676 2863 1
708 2841 775 2853 —-
812 2812 1113 2879 Ἑπίγνωτε
1144 2816 1212 2867 τὰ
1238 2816 1372 2868 πᾶσι
1399 2816 1677 2885 γνώριμα.

370 2921 389 2951 ε
436 2902 493 2956 '0
524 2903 802 2970 φυτεύσας
823 2906 880 2957 τὸ
912 2900 1002 2968 οὖς
1030 2905 1152 2974 οὐχὶ
1183 2906 1373 2959 ἀκούει
1389 2922 1403 2973 ;
1429 2907 1460 2977 ἢ
1486 2911 1513 2960 ό
1538 2908 1748 2972 πλάσας
1772 2912 1865 2965 τὸν

288 2990 570 3061 ὀφθαλμὸν
617 2995 743 3065 οὐχὶ
790 2999 1053 3050 κατανοεῖ
1076 3013 1091 3063 ;
1132 3015 1151 3049 1
1186 3026 1258 3039 -—
1291 2998 1365 3051 T6
1415 3001 1702 3055 κατανοεῖ
1743 3004 1865 3058 ἀντὶ¹

286 3084 383 3137 τοῦ
406 3087 525 3155 δρᾷ.

368 3196 386 3226 1
431 3176 487 3229 '0
522 3177 799 3230 παιδεύων
829 3179 957 3249 ἔθνη
992 3178 1111 3249 οὐχὶ
1144 3180 1354 3248 ἐλέγξει
1380 3198 1397 3245 ς
1421 3200 1439 3233 ι
1467 3214 1538 3223 -
1572 3187 1636 3237 ’Δ
1665 3186 1759 3238 καὶ
1793 3188 1861 3240 τά

288 3267 391 3335 μέν
419 3270 586 3336 νόμον
616 3270 887 3340 δεξάμενα
924 3273 1066 3325 θετον
1105 3274 1235 3344 εθνη
1264 3276 1541 3329 παιδεύων
1573 3279 1664 3330 καὶ
1705 3296 1862 3331 συνε-

284 3359 454 3422 τίζων
488 3361 575 3413 διὰ
599 3360 708 3415 τῶν
737 3362 871 3431 παρ’
896 3363 1082 3427 αὐτοῖς
1115 3366 1297 3435 νόμων
1326 3365 1396 3419 δι’
1437 3361 1511 3420 ὧν
1546 3370 1594 3420 οί
1645 3370 1864 3421 πταίον-

284 3470 380 3514 τες
411 3454 751 3520 κολάζονται,
780 3456 905 3523 οὐχὶ
940 3456 1171 3525 ἐλέγξει,
1206 3461 1459 3513 τουτέστι
1509 3462 1727 3514 κολάσει
1760 3478 1863 3515 πα.

286 3545 660 3615 ρανομοῦντας
687 3546 830 3615 ὑμᾶς
865 3563 880 3611 ;

286 3626 291 3633 ’
365 3654 387 3685 ε
435 3640 492 3688 ’0
515 3637 778 3691 διδάσκων
807 3638 1097 3708 ἄνθρωπον
1119 3639 1348 3711 γνῶσιν..
1378 3658 1400 3692 1
1440 3669 1507 3683 -ι
1538 3642 1600 3696 '0
1626 3644 1862 3711 χορηγὸς

282 3724 383 3789 τῆς
413 3724 668 3790 γνώσεως
711 3723 844 3787 Θεὸς
889 3727 1110 3790 πάντως
1153 3727 1415 3795 γινώσκει
1465 3731 1593 3791 τοὺς
1622 3730 1863 3799 διαλογι-

284 3816 460 3881 σμοὺς
492 3818 596 3868 τῶν
623 3818 690 3869 τά
725 3817 1043 3887 ἀνθρώπινα
1069 3822 1412 3888 φρονούντων
1437 3820 1532 3874 καὶ
1549 3823 1735 3892 γήϊνα,
1763 3827 1858 3878 καὶ

282 3906 380 3959 διὰ
406 3906 563 3961 τοῦτο
608 3910 735 3979 περὶ
767 3911 868 3980 τὴν
921 3912 1072 3965 θείαν
1119 3914 1377 3981 πρόνοιαν
1428 3916 1858 3985 ἁμαρτανόντων

282 3998 371 4050 ὃτι
406 4001 511 4051 είσὶ
535 4001 752 4068 ψευδεῖς
783 4005 881 4056 καὶ
904 4006 1283 4074 ἐσφαλμένοι.

363 4106 380 4138 1
414 4088 696 4158 Μακάριος
717 4090 1030 4162 ἄνθρωπος,
1067 4095 1128 4148 δν
1153 4096 1219 4148 ἀν
1248 4097 1569 4167 παιδεύσῃς,
1602 4098 1794 4170 Κύριε.
1832 4118 1850 4150 ι

281 4209 356 4220 -
393 4182 489 4233 ‘Ov
513 4183 579 4235 ἂν
610 4185 893 4256 συνετίσῃς
937 4188 1001 4256 τῇ
1041 4188 1195 4254 παρά
1236 4186 1334 4240 σοῦ
1366 4186 1713 4260 διδασκαλίᾳ.

363 4292 381 4322 ι
422 4273 528 4325 Καὶ
562 4275 623 4326 ἐκ
654 4273 745 4327 τοῦ
768 4292 933 4345 νομου
977 4292 1069 4328 σου
1098 4276 1318 4347 διδάξῃς
1351 4278 1533 4332 αὑτόν.
1576 4297 1595 4331 1
1625 4310 1695 4321 —
1729 4280 1855 4335 Εἴτε

279 4363 380 4414 τοῦ
408 4365 638 4430 φυσικοῦ
668 4367 777 4419 είτε
806 4368 900 4421 τοῦ
928 4374 1198 4438 γραπτοῦ.

358 4472 377 4505 1
418 4457 524 4508 Τοῦ
558 4458 800 4527 πραῧναι
834 4462 996 4515 αὑτὸν
1030 4464 1123 4532 ἀφ’
1161 4466 1389 4535 ἡμερῶν
1433 4466 1709 4536 πονηρῶν.
1742 4483 1760 4516 1
1786 4494 1855 4506 ——

296 4546 389 4609 Ὠς
426 4550 501 4618 μὴ
532 4552 873 4618 σχετλιάζειν
927 4554 1115 4619 αὑτὸν,
1145 4557 1219 4627 μή
1262 4558 1599 4624 ἀγανακτεῖν

280 4641 560 4694 ἐπιπόνων
587 4645 833 4713 ήμερῶν.
866 4647 948 4699 ὅτι
978 4650 1009 4715 ή
1046 4650 1215 4702 κακία
1253 4650 1663 4720 κατακυριεύει,
1734 4651 1852 4703 ἀλλ’

282 4733 590 4801 ὑπομένειν
611 4752 670 4787 τε
713 4738 807 4788 καὶ
852 4738 1229 4808 μακροθυμεῖν
1262 4740 1367 4801 ἓως
1398 4741 1465 4794 ἂν
1524 4743 1628 4807 πᾶς
1664 4744 1692 4795 6
1744 4743 1853 4795 τῶν

280 4826 445 4878 θείων
470 4827 700 4880 ἐντολῶν
727 4830 1053 4899 παραῆἀτης
1072 4831 1152 4892 εἰς
1188 4830 1383 4902 βόθρον
1407 4830 1650 4904 ἐκϐληθῇ
1674 4833 1850 4888 ἀϊδίου

280 4917 601 4981 κακώσεως.

360 5028 377 5059 1
418 5011 559 5073 Ἕως
592 5004 652 5063 οὗ
681 5012 853 5084 όρυγῇ
890 5015 965 5082 τῷ
1005 5016 1315 5085 ἀμαρτωλῷ
1341 5018 1553 5088 βόθρος.
1589 5039 1606 5071 ι
1633 5021 1848 5085 -Ἕως

276 5103 350 5153 ἂν
381 5104 413 5170 ὴ
446 5106 898 5176 αὐτοδικαιοσύνη
927 5110 1165 5177 Χριστὸς
1190 5112 1253 5162 ἐκ
1276 5111 1376 5180 τῆς
1404 5112 1500 5164 νῦν
1535 5115 1737 5185 ἀνοχῆς
1758 5116 1851 5168 ἐπὶ

276 5195 379 5262 τήν
421 5196 719 5263 μέλλουσαν
753 5201 933 5266 κρίσιν
982 5204 1166 5272 τραπῇ
1216 5204 1307 5254 καὶ
1364 5205 1599 5275 ἐχομένη
1636 5207 1848 5275 (ἐχόμε-

278 5288 382 5344 νοι)
412 5289 506 5339 καὶ
536 5291 703 5355 ἐγγὺς
735 5290 901 5343 αὑτοῦ
935 5294 1138 5354 πάντες
1167 5296 1212 5346 οί
1237 5295 1456 5350 δίκαιοι.

303 5383 328 5413 ⁸
354 5398 373 5428 1
414 5381 507 5441 Τίς
538 5383 906 5451 ἀναστήσεται
941 5402 1034 5452 μοι
1068 5387 1162 5438 ἐπὶ
1190 5389 1653 5458 πονηρευομένοις
1682 5408 1695 5457 ;
1736 5410 1755 5443 1
1779 5420 1847 5431 —

268 5472 369 5533 Τίς
408 5471 664 5541 βοηθήσει
699 5489 791 5541 μοι
842 5476 985 5527 κατά
1035 5478 1140 5530 τῶν
1189 5480 1444 5548 πονηρῶν
1477 5480 1691 5551 ἐχθρῶν
1739 5484 1845 5535 τῶν

267 5562 551 5630 αἰσθητῶν
582 5581 638 5618 τε
671 5567 763 5617 καὶ
792 5567 1028 5634 νοητῶν;

348 5673 367 5704 1
403 5656 472 5707 ‘H
502 5657 584 5718 τίς
617 5661 1145 5729 συμπαραστήσεταί
1177 5680 1266 5731 μοι
1318 5666 1411 5717 ἐπὶ
1454 5666 1581 5729 τοὺς
1616 5669 1844 5737 ἐργαζο-

270 5747 470 5816 μένους
497 5748 593 5818 τήν
620 5752 851 5821 ἀνομίαν
874 5795 887 5816 ,
918 5771 935 5803 1
967 5779 1037 5795 -
1065 5755 1541 5828 Παραταττομένῳ
1568 5761 1707 5812 κατὰ
1735 5762 1841 5813 τῶν

262 5839 513 5904 δυσμῶν.

502 5939 770 5998 Ρετιιυι.
819 5940 927 6001 ίῖτνιι.
967 5941 1067 6001 CX
1085 5943 1199 6003 LII.

1983 604 2285 672 ¹ιταρῴκησε
2310 603 2391 675 τῷ
2414 603 2517 677 ᾅδῃ
2541 607 2572 675 ή
2599 607 2745 677 ψυχή
2784 624 2913 676 μου.
2953 624 2973 659 1
3000 636 3072 647 --
3114 607 3259 662 Ἀντὶ
3291 611 3386 662 τοῦ
3417 611 3553 683 ἐνῷο

1979 713 2166 765 κησεν.
2194 697 2363 769 ᾍδην
2386 696 2440 750 δέ
2471 698 2618 765 λέγει
2645 699 2737 751 τδν
2761 699 3026 766 κίνδυνον,
3058 701 3169 755 είτε
3194 701 3287 754 τὸν
3313 718 3555 769 σωματι-

1978 789 2071 843 κὸν
2101 790 2213 843 είτε
2246 791 2335 843 τὸν
2355 790 2607 859 ψυχικόν.

2053 899 2072 932 1
2111 881 2172 934 EI
2224 880 2433 949 ελεγον,
2472 881 2802 936 Σεσάλευται
2852 884 2881 937 6
2936 883 3070 948 πούς
3119 901 3262 953 μουο
3290 886 3352 938 τδ
3404 886 3552 947 ἔλεός

1979 989 2097 1040 σου,
2160 976 2355 1043 Κύριε,
2410 976 2627 1044 ἐϐοήθει
2661 994 2771 1045 μοι,
2812 994 2833 1029 1
2880 1004 2951 1018 —-
2980 978 3042 1029 El
3093 978 3556 1048 ἐξωμολογούμην

1976 1068 2076 1133 τὴν
2109 1067 2249 1121 ίδίαν
2285 1067 2574 1121 ἀσθένειαν
2605 1072 2707 1139 τῆς
2739 1070 2837 1140 σῆς
2866 1069 3280 1140 φιλανθρωπίας
3321 1072 3558 1141 ἐτύγχαο

1976 1174 2089 1211 νον.

2054 1268 2073 1302 1
2114 1251 2270 1305 Κατά
2302 1250 2365 1305 τδ
2400 1252 2605 1321 πλῆθος
2635 1252 2745 1305 τῶν
2773 1253 2979 1306 ὀδυνῶν
3011 1270 3114 1321 μου
3147 1255 3204 1306 ἐν
3235 1255 3299 1323 τῇ
3351 1254 3554 1325 καρδίᾳ

1980 1358 2084 1412 μου
2119 1346 2177 1397 αί
2204 1345 2584 1415 παρακλήσεις
2611 1362 2704 1397 σου
2737 1344 3011 1415 εὔφραναν
3034 1347 3131 1413 τήν
3157 1347 3340 1415 ψυχήν
3371 1365 3494 1416 μου.
3524 1367 3544 1400 1

1973 1462 2045 1473 —
2086 1435 2487 1503 Ἀναλογοῦσαν
2508 1441 2627 1499 ταίς
2648 1437 2865 1501 ὀδύναις
2890 1455 2992 1505 μου
3022 1440 3142 1501 ταῖς
3171 1442 3228 1493 ἐν
3256 1441 3319 1510 τῇ
3350 1439 3552 1511 καρδίᾳ

1978 1544 2080 1597 μου
2111 1530 2261 1599 παρὰ
2292 1530 2386 1583 σοῦ
2421 1532 2683 1601 ἐδεχόμην
2713 1531 3067 1601 παραψυχήν.

2052 1638 2071 1671 1
2108 1621 2200 1689 Μὴ
2233 1620 2635 1689 συμπροσέστω
2658 1638 2743 1674 σοι
2769 1622 2957 1691 θρόνος
2989 1622 3240 1691 ἀνομίας.
3277 1642 3297 1675 1
3324 1654 3394 1663 —
3414 1624 3550 1692 Θρό⁴

1976 1729 2068 1764 νον
2103 1712 2337 1781 ἀνομίας
2368 1714 2460 1765 τὸν
2504 1713 2823 1778 δαιμονικὸν
2849 1714 3114 1784 ὀνομάζει
3145 1716 3315 1784 ἐσμὸν
3365 1715 3453 1768 διὰ
3486 1716 3547 1767 τδ

1976 1804 2075 1873 τὴν
2104 1804 2337 1873 ἀνομίαν
2367 1807 2425 1858 ἐν
2448 1806 2633 1869 αὐτοῖς
2664 1808 2753 1859 καὶ
2790 1806 3104 1876 βασιλεύειν
3138 1809 3230 1880 καὶ
3273 1808 3547 1861 ἀναπαύε-

1909 1898 1949 1953 Β
1981 1896 2125 1950 σθαι.
2154 1894 2389 1966 Εὕχεται
2408 1898 2485 1965 δέ,
2516 1899 2718 1968 μᾶλλον
2751 1900 2806 1953 δέ
2836 1900 3171 1971 προφητεύει
3193 1901 3349 1968 τύπῳ
3378 1901 3545 1971 εὐχῆς

1977 1990 2053 2060 μή
2084 1993 2211 2052 τοὺς
2241 1991 2502 2062 δαίμονας
2531 1996 2903 2061 συμπαρεῖναι
2931 1995 3167 2062 κρίνοντι
3189 1994 3265 2063 τῷ
3293 1994 3541 2063 Χριστῷ,

1973 2082 2109 2136 ἀλλά
2174 2084 2281 2155 11:96
2338 2086 2435 2155 τῆς
2485 2087 2650 2140 αὑτοῦ
2708 2087 2934 2141 καθόδου
2985 2092 3085 2156 τήν
3130 2088 3554 2157 ἡτοιμασμένην.

1973 2174 2203 2237 ἐκείνοις
2234 2175 2621 2246 κληρώσασθαι
2649 2178 2900 2245 γέενναν,
2939 2178 3028 2233 ῐνα
3083 2178 3158 2248 μὴ
3214 2180 3334 2229 λίαν
3391 2176 3544 2237 δντες

1975 2264 2355 2336 μισάνθρωποι
2376 2270 2727 2339 κατηγορῶσι
2753 2268 2861 2323 τῶν
2880 2268 3131 2337 δικαίων,
3149 2270 3199 2321 εί
3212 2285 3265 2321 τι
3287 2268 3379 2321 καὶ
3394 2269 3545 2336 παρὰ

1970 2355 2197 2427 γνώμην
2228 2357 2445 2421 τούτοις
2476 2360 2814 2431 ήμάρτηται.

2051 2466 2070 2498 1
2116 2447 2177 2500 ὐ
2220 2449 2483 2502 πλάσσων
2534 2449 2702 2503 κόπον
2755 2450 2863 2503 ἐπὶ.
2904 2454 3258 2521 πρόσταγμα.
3301 2469 3319 2502 1
3369 2480 3437 2491 —
3480 2451 3543 2503 '0

1969 2539 2286 2607 δαιμονικδς
2319 2542 2486 2607 ἐσμδς
2537 2544 2629 2596 ἐπὶ
2674 2544 2738 2596 τὸ
2771 2543 3006 2613 ἐλαφρὸν
3061 2546 3391 2615 πρόσταγμα
3444 2544 3539 2598 τοῦ

1968 2632 2208 2701 Χριστοῦ
2236 2636 2403 2688 κόπον
2433 2634 2691 2700 πλάσσει,
2738 2638 3168 2701 κατασκευάζων
3216 2639 3301 2705 ἐφ’
3340 2639 3543 2700 ἐαυτᾶς

1966 2723 2065 2786 τὰς
2095 2728 2365 2795 κυριακάς
2390 2727 2609 2792 ἐντολὰς
2651 2728 2969 2798 ἐπιπόνους,
2993 2729 3070 2795 ὡς
3096 2729 3350 2783 ἐντεῦθεν
3372 2731 3543 2793 αὑτὰς

1968 2820 2434 2891 παραιτουμένου.

2043 2948 2063 2981 1
2099 2930 2470 3001 Θηρεύσουσιν
2521 2933 2616 2986 ἐπὶ
2663 2932 2843 3005 ψυχήν
2884 2933 3120 2988 δικαίου.
3159 2952 3178 2985 1
3210 2964 3281 2976 --
3307 2934 3420 3003 Τήν
3450 2937 3542 2988 αί-⁵

1964 3022 2090 3077 τίαν
2120 3022 2269 3091 λέγει
2303 3024 2372 3077 δι’
2404 3025 2470 3096 ήν
2504 3027 2810 3096 ἀπεύχεται
2858 3026 2953 3078 τὸν
3010 3026 3328 3096 δαιμονικὸν
3371 3028 3541 3095 ἐσμὸν

1966 3120 2223 3186 παρεῖναι
2250 3117 2329 3187 τῷ
2355 3118 2625 3189 κριτηρίῳ
2662 3118 2757 3171 τοῦ
2812 3119 3051 3190 Χριστοῦ
3074 3137 3088 3152 ο
3125 3121 3350 3191 πάρεισι
3405 3122 3537 3190 γὰρ,

1892 3242 1935 3299 c
1970 3208 2160 3274 φησιν,
2193 3208 2240 3259 ιιι
2274 3210 2521 3278 δαίμονες
2546 3224 2561 3239 ·
2596 3209 2773 3282 θήραν
2831 3214 3127 3282 στήσουσιν
3176 3216 3267 3266 ἐπὶ
3316 3214 3406 3267 τὸν
3461 3214 3539 3265 δί-

1970 3314 2147 3364 καιον,
2181 3302 2619 3371 κατηγοροῦντες
2641 3304 2912 3368 παντοίως
2940 3304 3330 3375 διαμισοῦντας
3365 3307 3538 3376 ὑπερή

1966 3390 2151 3459 ϐολήν.

2041 3498 2061 3531 1
2098 3482 2207 3534 Καὶ
2263 3480 2406 3555 αίμα
2468 3486 2646 3539 ἀθῶον
2703 3488 3176 3545 καταδικάσονται.
3240 3509 3260 3543 1
3306 3522 3377 3537 -—
3429 3492 3537 3545 Τὸν

1965 3572 2147 3625 ἀθῶόν
2206 3592 2341 3645 φησι
2394 3578 2869 3649 περιφραστικῶς,
2927 3581 3005 3646 δν,
3069 3583 3117 3635 εί
3182 3584 3439 3653 πάρεισιν
3476 3586 3525 3636 οί

1962 3663 2240 3733 δαίμονες,
2281 3669 2567 3723 κατάδικον
2619 3673 2940 3744 ποιήσουσιν
2990 3674 3117 3727 ὅσον
3167 3676 3225 3727 τὸ
3283 3675 3372 3727 ἐπ’
3428 3677 3522 3727 αύο

1962 3757 2097 3816 τοῖς.

2038 3864 2057 3898 1
2096 3849 2204 3900 Καὶ
2228 3851 2446 3917 ἐγένετό
2479 3869 2569 3921 μοι
2626 3852 2834 3924 Κύριος
2887 3856 2968 3919 είς
3019 3862 3367 3927 καταφυγήν.
3403 3878 3425 3913 1
3463 3888 3536 3903 -

1974 3935 2032 3991 ’0
2061 3957 2131 3991 πα
2144 3944 2409 4011 ρῳχηκὼς
2444 3946 2565 3997 ἀντὶ
2596 3947 2904 4014 μέλλοντος.

2033 4050 2053 4083 1
2084 4034 2192 4085 Καὶ
2218 4038 2245 4087 ό
2289 4036 2421 4099 Θεός
2460 4056 2561 4107 μου
2610 4042 2691 4101 είς
2754 4041 2949 4109 βοηθὸν
2989 4043 3205 4108 ἐλπίδος
3248 4064 3372 4115 μου.
3411 4067 3433 4100 1
3462 4077 3530 4092 -

1959 4125 2161 4194 Βοηθὸς
2185 4128 2285 4196 τῆς
2314 4130 2529 4194 ἐλπίδος
2559 4150 2662 4202 μου
2688 4135 2807 4203 ήτοι
2847 4135 3039 4205 βοηθὸς
3067 4139 3201 4207 ἐμοῦ
3250 4141 3345 4193 τοῦ
3381 4143 3531 4196 ἐλπί·

1958 4215 2143 4281 ζοντος
2179 4219 2268 4271 ἐπ’
2306 4224 2493 4277 αὐτόν.

2034 4327 2053 4359 1
2093 4309 2208 4361 Καὶ
2240 4312 2512 4367 ἀποδώσει
2545 4318 2731 4379 αὐτοῖς
2774 4317 2979 4388 Κύριος
3011 4320 3110 4389 τὴν
3151 4323 3389 4391 ἀνομίαν
3422 4331 3520 4380 αὐ-

1958 4398 2090 4462 τῶν.
2124 4401 2222 4454 καὶ
2253 4404 2353 4471 τὴν
2385 4407 2652 4476 πονηρίαν
2682 4409 2863 4461 αὐτῶν
2888 4426 2903 4439 ⁸
2936 4413 3161 4479 ἀφανιεί
3192 4416 3387 4479 αὐτοὺς
3414 4420 3528 4471 K6-

1960 4511 2074 4563 ριος
2117 4495 2145 4547 6
2196 4494 2332 4558 Θεὸς
2380 4498 2561 4566 ἡμῶν.
2592 4518 2611 4551 1
2652 4530 2724 4543 —-
2758 4501 3015 4570 Οὐδαμοῦ
3052 4508 3159 4575 γὰρ
3185 4511 3524 4579 φανήσονται

1788 4558 1813 4570 _
1960 4558 1971 4563 -
2422 4558 2433 4566 .
2912 4558 2923 4570 .
3062 4558 3074 4572 .
3128 4558 3139 4575 .
3198 4558 3211 4576 .
3252 4558 3524 4579 αντη--

1652 4558 1715 4610 δκ
1890 4576 2048 4638 Βδιὰ
2106 4588 2167 4640 τδ
2237 4592 2662 4661 κατακεχῶσθαι
2716 4594 2795 4664 τῷ
2865 4598 3255 4670 ἡτοιμασμένῳ
3316 4602 3529 4665 τούτοις

1960 4680 2115 4751 πυρί.

2521 4778 2818 4835 mmo}:
2847 4787 2958 4851 ιρι.

2030 4907 2048 4939 1
2084 4887 2242 4952 Αἶνος
2300 4891 2443 4962 ᾠδῆς
2495 4896 2571 4963 τῷ
2627 4897 2810 4953 Δαυῖδ.
2844 4900 3008 4953 Δεῦτε
3061 4904 3525 4976 ἀγαλλιασώμεθα

1950 4981 2027 5050 τῷ
2065 4982 2287 5051 κυρίῳο
2340 4984 2707 5055 ἀλαλάξωμεν
2760 4989 2839 5058 τῷ
2883 4991 3003 5060 Θεῷ
3063 4994 3139 5065 τῷ
3203 4998 3409 5067 σωτῆρι
3460 5004 3517 5067 ή-

1954 5074 2091 5141 μῶν.
2132 5093 2150 5126 1
2184 5104 2251 5115 --
2288 5076 2379 5139 Ὠς
2418 5082 2740 5149 νενικηκότα
2789 5083 2917 5146 τοὺς
2954 5085 3357 5154 τυραννοῦντας
3402 5089 3521 5141 διί-

1954 5184 2123 5233 μονας
2151 5170 2450 5238 ἐπιφαίνει.

2026 5298 2043 5329 1
2088 5280 2506 5352 Προφθὰσωμεν
2546 5284 2606 5337 τὸ
2630 5286 2922 5353 πρόσωπον
2974 5291 3141 5345 αὐτοῦ
3170 5294 3230 5347 ἐν
3256 5294 3518 5364 ἐξομολοο

1948 5370 2129 5437 γήσει.
2174 5389 2193 5421 1
2238 5402 2310 5413 —
2343 5375 2719 5446 Προλάσωμεν
2752 5380 2851 5448 τήν
2888 5382 3154 5449 δευτέραν
3192 5386 3358 5438 αὑτοῦ
3410 5405 3519 5440 1:1-

1952 5461 2106 5527 ρουσί
2111 5479 2174 5514 αν
2187 5462 2662 5535 ἐξαγορεύσειζτῶν
2682 5472 3050 5543 πεπλημμελη
3060 5475 3257 5543 μένων,
3272 5481 3519 5534 τουτέστι

1954 5553 2051 5619 πρὸ
2089 5554 2324 5608 θανάτου
2384 5563 2815 5631 μετανοήσωμεν
2841 5580 2854 5594 ·
2894 5567 2985 5619 τὸν
3016 5571 3123 5637 γὰρ
3170 5572 3518 5626 ἀποθανόντα

1945 5643 2046 5712 ήδη
2077 5646 2382 5703 κατέλαϐεν
2408 5653 2441 5721 ή
2476 5650 2519 5721 β’
2541 5653 2751 5718 ἐλευσις
2780 5656 2874 5711 τοῦ
2905 5659 3165 5730 Χριστοῦ.

2026 5779 2043 5811 ι
2078 5760 2204 5815 Ὀτι
2240 5761 2374 5826 Θεὸς
2422 5767 2595 5849 μέγας
2626 5768 2834 5839 Κύριος
2888 5777 2982 5828 καὶ
3036 5774 3295 5845 βασιλεὺς
3346 5779 3517 5849 μέγας

1947 5852 2038 5904 ἐπὶ
2070 5854 2278 5919 πάντας
2317 5826 2444 5919 τοὺς
2473 5826 2660 5925 θεούς.
2693 5826 2806 5916 1'--
2827 5866 2887 5920 Εί
2918 5870 3009 5922 καὶ
3036 5826 3321 5937 ἀνθρωπος
3342 5826 3518 5945 ἷξάνή

3126 5965 3200 6025 ῐι9
