4192 6430
283 420 417 486 1561

1440 432 1848 498 EXPOSITIO
1885 437 1968 498 IN
2011 439 2257 502 Ρ3Α1.Μ
2268 442 2380 506 OS.

3379 456 3517 526 15,62

278 537 499 605 Ἰωσήφ,
534 540 597 608 τῇ
632 542 867 611 nov-moi;
904 540 1009 593 τῶν
1046 541 1295 609 ἀδελφῶν
1326 544 1405 603 είς
1423 544 1540 596 δέον
1567 547 1846 616 χρησάμε·
1872 564 1918 623 Α
1950 553 2059 615 τοῖς
2104 554 2275 623 ὁρίοις
2305 553 2506 608 αὐτῶν.
2545 572 2563 605 ι
2598 584 2650 594 --
2709 556 2773 610 'll
2825 558 3020 627 αίθάλη
3077 566 3522 634 μετεστοιχείωτο

262 647 375 689 νος.

340 741 358 771 ι
394 721 482 783 Είς
512 720 699 773 δοῦλον
730 721 939 791 ἐπράθη
984 722 1203 792 Ἰωσήφ.
1243 743 1261 773 ι
1296 752 1364 763 -—
1395 724 1553 793 Παρά
1602 729 1700 794 μὲν
1730 730 1840 783 τῶν

260 813 511 879 ἀδελφῶν
563 813 727 865 αὑτοῦ
777 814 889 875 τοῖς
964 812 1354 879 Ίσμαηλίταις,
1410 819 1558 885 παρὰ
1616 819 1674 871 δέ
1730 821 1841 873 τῶν

275 905 639 974 Ἰσμαηλιτῶν
660 907 738 967 εἰς
770 907 1046 971 Αἴγυπτον
1069 906 1146 971 τῷ
1173 910 1486 978 Πενταφρῇ.

341 1016 361 1048 ι
397 997 805 1051 Ἐταπείνωσαν
837 1001 902 1051 ἐν
950 999 1138 1059 πέδαις
1184 999 1312 1061 τοὺς
1360 1002 1526 1064 πόδας
1579 1003 1765 1059 αὑτοῦ.
1814 1023 1833 1055 ι

256 1118 329 1129 —
364 1091 426 1141 υί
454 1091 582 1159 περὶ
613 1091 703 1141 τὸν
732 1091 1003 1157 δεσπότην
1034 1090 1201 1143 αὑτοῦ
1231 1092 1518 1146 ἐκάκωσαν
1576 1097 1705 1159 τοὺς
1743 1097 1841 1150 πό-

256 1180 354 1241 δας
379 1182 544 1233 αὑτοῦ
568 1184 625 1233 ὲν
646 1181 883 1249 δεσμοῖς.

338 1290 357 1321 ε
393 1273 619 1340 Σίδηρον
665 1273 882 1341 διῆλθεν
931 1273 963 1343 ἡ
1006 1273 1153 1342 ψυχή
1183 1275 1371 1328 αὑτοῦ.
1403 1295 1422 1327 ι
1451 1306 1521 1317 —
1546 1278 1837 1334 Τουτέστιν

256 1361 445 1422 αὐτὸς.
507 1363 734 1431 Σίδηρον
792 1364 850 1415 δέ
900 1364 1045 1429 λέγει
1103 1365 1193 1416 τὸν
1254 1366 1513 1435 σιδηροῦν
1556 1370 1759 1435 κλοιὸν,
1801 1370 1835 1439 ἢ

255 1454 321 1503 τὸ
351 1452 504 1520 ξίφος
536 1454 565 1507 δ
590 1456 844 1523 διέφυγεν
872 1458 903 1525 ή
935 1455 1083 1524 ψυχή
1111 1458 1275 1508 αὑτοῦ
1307 1458 1439 1526 ἀχρι
1493 1461 1687 1514 τούτου
1745 1463 1835 1515 ἐλ-

258 1542 451 1598 θοῦσα.
740 1528 761 1553 J

336 1654 355 1687 ε
398 1638 576 1706 Μέχρι
600 1639 693 1691 τοῦ
718 1642 892 1695 ἐλθεῖν
916 1643 1008 1694 τὸν
1032 1642 1191 1711 λόγον
1220 1646 1407 1701 αὑτοῦ.
1452 1665 1471 1699 ι
1503 1678 1567 1689 -
1599 1647 1714 1717 Τὴν
1747 1664 1835 1700 σο⁶

257 1730 393 1793 φὲαν
417 1730 583 1782 αὑτοῦ
615 1732 737 1784 καθ’
759 1733 827 1801 ἢν
856 1733 1012 1786 ἐλυσε
1035 1739 1163 1798 τοῦς
1191 1736 1457 1805 ὀνείρους,
1492 1738 1643 1809 ήτὴν
1667 1756 1832 1808 φρον-

253 1821 381 1872 τίδα
408 1821 474 1890 ήν
503 1825 821 1893 ἐφρόντισεν
866 1825 1031 1879 αὑτοῦ
1060 1829 1088 1879 6
1108 1827 1262 1887 Θεός.

1946 647 2024 707 είς
2052 648 2309 708 σκνῖπας.
2357 646 2607 713 Ζωΰφιον
2631 649 2685 701 δέ
2711 653 3084 715 κωνωποειδές
3109 656 3254 706 ἐστιν
3283 660 3310 709 6
3336 659 3518 726 σκνίψ.

2021 756 2040 789 ι
2082 738 2191 792 Καὶ
2227 736 2497 805 ἐξήγαγεν
2530 741 2727 803 αὐτοὺς
2757 744 2815 794 ἐν
2845 746 3093 814 ἀργυρίῳ
3116 746 3211 798 καὶ
3239 754 3463 819 χρυσίῳ.
3497 772 3515 802 ι

1943 860 2010 873 -
2044 833 2110 885 Ἀ
2140 834 2445 903 ἐχρήσαντο
2495 836 2646 903 παρὰ
2700 836 2810 888 τῶν
2860 839 3370 904 Αίγυπτίων,οῦτω
3423 843 3521 896 τοῦ

1942 926 2082 978 Θεοῦ
2137 926 2689 991 κελεύσαντος,ῶστε
2723 929 3045 999 λογισθῆναι
3099 932 3272 986 ταῦτα
3327 936 3522 1002 μισθὸν

1942 1019 2043 1085 τῆς
2076 1019 2375 1083 πολυετοῦς
2405 1023 2713 1091 ὑπηρεσίας
2744 1024 2947 1077 αὐτῶν.

2018 1129 2037 1160 ε
2086 1112 2187 1165 Καῖ
2227 1130 2327 1164 ουκ
2354 1109 2421 1183 ἦν
2454 1116 2512 1166 ἐν
2562 1118 2683 1177 ταῖς
2716 1118 2914 1181 φυλαῖς
2965 1118 3146 1171 αὐτῶν
3191 1118 3455 1173 ἀσθενῶν.
3492 1138 3511 1171 ι

1941 1231 2011 1241 -
2043 1203 2160 1256 ἰνα
2192 1204 2379 1272 μηδεὶς
2416 1205 2720 1274 ὑπολειφθῇ
2775 1208 2865 1259 διὰ
2909 1211 3083 1266 νόσον.
3115 1210 3286 1263 Τοῦτο
3331 1212 3387 1263 δέ
3439 1212 3516 1279 μὴ

1941 1292 2430 1363 ἀναγεγραμμένον
2464 1296 2521 1347 ἐν
2550 1298 2618 1363 τῇ
2642 1296 2839 1365 Ἐξὸδῳ
2868 1303 3036 1365 φησὶν
3064 1300 3093 1351 6
3124 1298 3310 1365 Δαυῖδ,
3364 1300 3517 1369 πσρά

1940 1383 2033 1436 τοῦ
2067 1385 2388 1454 Πνεύματος
2422 1387 2717 1456 διδαχθεὶς,
2740 1388 2932 1457 ῶσπερ
2965 1392 3062 1442 καὶ
3090 1391 3227 1444 ἀλλα
3263 1394 3452 1446 πολλά.

2016 1495 2036 1528 ι
2080 1477 2368 1547 Εὑφράνθη
2403 1478 2678 1544 Αῖγυπτος
2702 1481 2758 1531 ἐν
2782 1484 2849 1549 τῇ
2872 1480 3037 1549 ἐξόδῳ
3067 1483 3267 1535 αὐτῶν.
3296 1503 3314 1535 ι
3340 1515 3405 1525 —-
3427 1487 3518 1538 Λῖ-

1940 1567 2145 1631 γυπτόν
2173 1583 2303 1635 φησι
2329 1568 2453 1629 τοὺς
2477 1568 2907 1636 ὑπολειφθέντας
2939 1572 3295 1637 Αίγυπτίους.

2019 1677 2037 1710 ι
2078 1658 2203 1710 Ὀτι
2232 1660 2507 1711 ἐπέπεσεν
2540 1663 2567 1713 6
2608 1661 2773 1729 φόϐος
2843 1664 3025 1716 αὐτῶν
3079 1666 3168 1717 ἐπ’
3229 1666 3447 1728 αὐτούς.
3488 1685 3509 1718 ι

1938 1780 2007 1791 -
2048 1750 2106 1803 '0
2141 1752 2300 1817 φόϐος
2335 1752 2447 1803 τῶν
2498 1752 2770 1820 Ἐϐραίων
2821 1755 3141 1818 ἔπεσενίὲπὶ
3169 1760 3299 1819 τοὺς
3350 1763 3514 1826 Δίγυ-

1938 1844 2151 1906 πτίους,
2196 1845 2891 1916 τουτέστιν,ἐφοδηθησαν
2941 1848 2991 1900 οί
3044 1848 3333 1913 Αίγύπτιοι
3385 1852 3513 1913 τοὺς

338 1931 369 2011 ⁸-
395 1914 467 1966 Τδ
492 1914 675 2011 λόγιον
704 1917 921 2011 ξί-υξίου,
950 1919 1236 2011 ξπῧρωσεν
1267 1919 1454 1972 αὑτόν·
1483 1938 1501 1970 ⁸
1533 1950 1599 1962 -··
1642 1921 1705 1973 ὀ
1735 1938 1835 1990 φυ⁶
1866 1933 1908 1987 Β
1950 1938 2237 2008 Ἐϐραίους
2267 1940 2354 1992 διὰ
2409 1940 2509 2002 τάς
2544 1914 2703 2010 ὑπὲρ
2724 1941 2903 1994 αὐτῶν
2951 1942 3252 2010 θεηλάτους
3312 1942 3511 2011 μάστι.

257 2007 412 2067 σικὸς
446 2007 607 2075 νόμος
634 2008 757 2059 καθ’
795 2008 855 2060 ὃν
877 2010 1214 2073 ἐδιδάσκετο,
1253 2012 1513 2077 γυναικὸς
1542 2012 1830 2084 ἀλλοτρίας

260 2096 337 2166 μὴ
376 2098 668 2163 ἅπτεσθαι,
700 2102 1117 2168 παρεσκεύασεν
1162 2102 1329 2154 αὑτὸν
1390 2105 1717 2174 πυρωθῆναι
1765 2108 1830 2175 τῇ

255 2189 480 2258 καμίνῳ
506 2191 615 2243 τῶν
642 2194 984 2262 πειρασμῶν.

334 2300 355 2332 ε
386 2282 487 2335 Καὶ
511 2284 766 2353 είσῆλθεν
797 2284 1014 2356 Ἰσραὴλ
1038 2290 1119 2350 είς
1144 2288 1426 2353 Αῖγυπτον
1464 2301 1478 2314 ·
1509 2287 1604 2340 καὶ
1634 2287 1831 2339 Ἰακὼϐ

258 2377 597 2447 παρῴκησεν
624 2382 682 2432 ἐν
715 2382 782 2449 γῇ
836 2382 985 2450 Χάμ.
1018 2400 1036 2433 ι
1076 2411 1147 2422 -
1178 2381 1502 2449 Παλιλλογεῖ
1530 2382 1829 2447 κάνταῦθα,

260 2474 331 2538 γῇ
364 2472 471 2538 γάρ
504 2471 629 2538 Χάμ
663 2475 693 2541 ή
722 2474 1016 2539 Αἴγυπτος.

340 2582 360 2613 ε
399 2565 503 2616 Καὶ
524 2564 730 2634 ηὔξησε
758 2566 844 2617 τὸν
878 2566 1005 2618 λαὸν
1035 2567 1201 2621 αὐτοῦ
1237 2570 1464 2639 σφόδρα.
1505 2591 1523 2623 ι
1556 2603 1627 2612 -
1652 2571 1831 2642 Ηῦξη-

259 2673 378 2718 σεν,
411 2657 591 2721 ὀΘεὸς
640 2657 859 2728 δηλαδή.
890 2659 962 2713 Τὸ
1007 2661 1061 2712 δὲ
1112 2660 1301 2715 αὑτοῦ
1330 2667 1531 2718 νοεῖται
1594 2669 1686 2718 καὶ
1738 2668 1832 2719 ἐπὶ

256 2750 421 2814 Θεοῦ,
448 2753 645 2803 νοεῖται
670 2753 765 2804 καὶ
795 2754 886 2805 ἐπὶ
918 2755 1011 2808 τοῦ
1042 2755 1254 2810 Ἰακώϐ.

336 2861 355 2891 ε
388 2844 494 2895 Καὶ
526 2846 904 2912 ἐκραταίωαεν
936 2852 1098 2902 αὐτὸν
1130 2852 1270 2921 ὑπὲρ
1301 2853 1428 2917 τοὺς
1475 2852 1707 2923 ἐχθροὺς
1735 2854 1829 2905 αὐ-

254 2937 378 2987 τοῦ.
420 2952 438 2986 ι
472 2966 543 2976 —
583 2937 756 3005 ’Υπὲρ
802 2939 927 3001 τοὺς
985 2942 1341 3009 Αἰγυπτίους,
1393 2944 1589 3006 οἵτινες
1646 2944 1831 3013 ἐχθροὶ

256 3021 403 3094 ἦσαν
422 3030 514 3079 καὶ
542 3031 654 3091 τοῖς
681 3028 1045 3099 Ἰσραηλίταις
1074 3035 1166 3085 καὶ
1186 3034 1274 3102 -τῴ
1299 3034 1443 3103 Θεῷ.

336 3139 355 3170 ε
402 3121 747 3191 Μετέστρεψε
796 3123 892 3193 τὴν
928 3125 1155 3192 καρδίαν
1208 3126 1390 3178 αὐτῶν
1450 3126 1545 3179 τοῦ
1603 3130 1829 3195 μισῆσαι

254 3214 352 3261 τιν
386 3210 510 3263 λαὸν
541 3214 727 3266 αὑτοῦ.
763 3233 782 3265 ι
816 3244 878 3253 -
912 3216 1025 3267 Οὐκ
1090 3216 1251 3277 αὐτὸς
1320 3216 1665 3283 μεταϐαλὼν,
1696 3217 1829 3271 ἀλλά

257 3304 335 3374 τῷ
379 3304 708 3372 αὐτεξουσίῳ
762 3306 1129 3374 παραχωρῶν.
1192 3306 1457 3360 Ἐνταῦθα
1507 3309 1561 3360 δὲ
1621 3310 1680 3361 τὸ
1730 3314 1828 3378 μὶν

258 3398 477 3466 πρῶτον
508 3397 673 3449 αὑτοῦ
729 3397 1029 3467 δηλωτικόν
1063 3400 1178 3450 ἐστι
1230 3398 1325 3450 τοῦ
1365 3400 1586 3468 Φαραὼ,
1616 3401 1678 3452 οὑ
1733 3401 1825 3452 τοῦ

251 3491 579 3557 ἀγαπῶντος
610 3489 701 3542 τὸν
736 3491 956 3559 Ἰωσὴφ,
984 3490 1099 3542 ἀλλ’
1125 3490 1312 3557 ἐτέρου
1348 3506 1362 3520 ’
1393 3491 1454 3544 τὸ
1483 3491 1537 3544 δὲ
1569 3491 1827 3563 δεύτερον

251 3581 421 3636 αὑτοῦ
454 3582 750 3650 μηνυτικόν
772 3584 883 3634 ἐστι
920 3583 1012 3635 τοῦ
1046 3583 1199 3634 Θεοῦ.

334 3694 353 3725 ε
402 3677 509 3729 Τοῦ
536 3675 842 3729 δολιοῦσθαι
882 3677 941 3727 ἐν
972 3676 1105 3727 πᾶσι
1165 3679 1277 3738 τοῖς
1330 3677 1537 3739 δούλοις
1581 3677 1763 3731 αὑτοῦ.
1804 3698 1822 3731 ι

250 3798 320 3810 —-
355 3770 461 3822 Τοῦ
490 3768 861 3821 ἐπιϐουλεύειν
892 3786 906 3801 ·
940 3769 1241 3837 προσέταξε
1299 3772 1407 3843 γάρ
1458 3772 1583 3833 ταῖς
1638 3773 1827 3842 μαίαις

250 3864 504 3930 ἀναιρεῖν
567 3862 635 3914 τά
668 3862 871 3930 ἄρσενα
902 3862 1009 3911 τῶν
1045 3860 1346 3929 Ἑϐραϊκῶν
1374 3862 1615 3931 βρεφῶν.

331 3972 351 4004 ε
385 3952 575 4004 Ἐθετο
605 3955 661 4005 ἐν
715 3954 898 4015 αὐτοῖς
928 3954 1054 4015 τοὺς
1088 3953 1284 4019 λόγους
1316 3954 1425 4006 τῶν
1461 3956 1707 4024 σημείων
1736 3954 1826 4008 αύ-

250 4027 347 4099 τοῦ
388 4046 481 4098 καὶ
506 4045 615 4099 τῶν
668 4030 911 4112 τεράτων
964 4046 1129 4097 αὑτοῦ
1178 4049 1235 4099 ἐν
1280 4050 1349 4116 γῇ
1407 4048 1553 4116 Χάμ.
1603 4050 1826 4102 ι-Τά

252 4140 659 4209 προστάγματα
698 4140 823 4209 περὶ
856 4140 967 4192 τῶν
999 4143 1057 4192 ἐν
1092 4144 1159 4209 γῇ
1210 4140 1335 4210 Χάμ
1389 4140 1828 4213 ἐνεργηθησομέ-

251 4252 361 4285 νων
397 4231 641 4301 σημείων
674 4233 765 4283 καὶ
796 4233 1041 4300 τεράτων
1069 4232 1232 4284 αὑτοῦ
1259 4250 1273 4262 ·
1305 4234 1600 4301 ἐνεργῆσαι
1627 4236 1734 4302 γάρ
1769 4236 1826 4287 ἐν

248 4324 517 4391 Αίγύπτῳ
539 4325 872 4389 προσέταξεν
899 4324 1083 4385 αὐτοῖς
1114 4324 1306 4376 τοσάδε
1350 4324 1444 4377 καὶ
1494 4326 1671 4378 τοιάδε
1731 4342 1826 4395 ση-
1874 4340 1885 4351 λ

254 4420 404 4484 μετα.
441 4417 652 4485 Ὠσπερ
700 4416 754 4468 δέ
802 4418 859 4467 ιν
893 4416 969 4485 τῷ
1013 4414 1095 4478 οξ¹
1146 4416 1347 4485 ψαλμῷ
1402 4417 1498 4487 τὴν
1552 4417 1706 4481 τάξιν
1763 4419 1824 4470 οὐ

252 4510 516 4575 φυλάττει
543 4509 650 4559 τῶν
694 4509 1084 4577 Αίγυπτιακῶν
1117 4509 1363 4579 πληγῶν,
1397 4508 1539 4561 οὓτω
1594 4510 1687 4563 καὶ
1740 4512 1825 4564 ἐν·

247 4600 461 4653 ταυθοῖ.

329 4712 347 4741 ε
390 4692 771 4758 Ἐξαπέστειλε
810 4694 1021 4756 σκότος,
1058 4695 1150 4746 καὶ
1218 4694 1504 4758 ἐσκότασε,
1532 4695 1626 4746 καὶ
1679 4712 1817 4766 παρα

250 4786 560 4851 επίκραναν
594 4786 721 4846 τοὺς
776 4784 970 4852 λόγους
1007 4783 1195 4838 αὐτοῦ.
1237 4803 1257 4836 ι
1290 4813 1357 4824 -—
1387 4786 1484 4837 Διά
1508 4788 1618 4838 τῶν
1645 4786 1820 4853 λόγων

132 4880 149 4888 “
247 4878 520 4944 δεδήλωκε
554 4877 642 4928 τὸν
666 4876 895 4945 λέγοντα
940 4876 1096 4942 Θεὸν,
1142 4877 1201 4929 ὃν
1233 4878 1648 4946 παρελύπησαν,
1694 4880 1819 4942 τοὺς

248 4968 448 5035 λόγους
501 4967 668 5021 αὑτοῦ
724 4970 1070 5032 ἀθετοῦντες,
1111 4971 1161 5022 οί
1211 4970 1498 5037 Αἰγύπτιοι
1534 4986 1547 5000 ο
1590 4971 1651 5022 οὐ
1711 4972 1820 5039 γάρ

248 5062 497 5127 ἥκουσαν
538 5060 674 5112 Θεοῦ
706 5060 1021 5123 κελεύοντος
1046 5060 1318 5114 ἀπολῦσαι
1350 5064 1441 5115 τδν
1476 5063 1601 5115 λαὸν
1630 5063 1816 5126 αὑτοῦ,

250 5151 569 5213 κελεύοντος
626 5151 682 5204 δέ
742 5152 902 5205 τοῦτο
964 5153 1051 5206 διὰ
1114 5154 1359 5218 Μωσέως
1418 5154 1662 5225 δηλονότι
1723 5158 1819 5209 καὶ

261 5243 489 5309 Ἀαρών.

326 5354 345 5387 ι
376 5335 660 5405 Ἐξεῖρψεν
693 5338 724 5403 ἡ
758 5336 831 5403 γῆ
864 5335 1045 5389 αὑτῶν
1101 5335 1428 5407 βατράχους.
1468 5357 1489 5391 ι
1528 5367 1597 5379 -
1623 5340 1696 5391 Τὸ
1720 5340 1819 5404 ἐξ·

247 5427 463 5495 εῒρψεν
496 5428 616 5479 ἀντὶ
638 5427 728 5480 τοῦ
758 5429 1021 5495 ἐξέδωκεν
1054 5430 1441 5515 ἐρπυστιηούς.

322 5537 342 5568 ε
378 5518 468 5572 Ἐν
496 5520 607 5580 τοῖς
635 5521 906 5586 ταμιείοις
930 5518 1042 5571 ’τῶν
1072 5520 1340 5588 βασιλέων
1370 5523 1570 5578 αὐτῶν,
1602 5544 1621 5577 ι
1650 5554 1721 5564 -
1741 5525 1816 5577 Οὐ

247 5616 414 5681 μόνον
440 5614 499 5663 ἐν
528 5615 643 5673 τοῖς
674 5612 859 5675 ἄλλοις
916 5613 1123 5678 τόποις,
1155 5614 1292 5667 ἀλλὰ
1322 5618 1418 5668 καὶ
1462 5620 1521 5668 ἐν
1573 5618 1687 5680 τοῖς
1738 5620 1815 5680 είς

240 5705 309 5755 τά
336 5703 587 5771 βασίλεια
612 5705 901 5775 ταμιείοις,
931 5706 1061 5759 ἔνθα
1084 5706 1253 5778 πολλὴ
1277 5708 1490 5777 φυλακὴ
1518 5708 1613 5760 καὶ
1644 5710 1818 5777 ἀσφά-

240 5801 383 5851 λεια.

321 5906 338 5938 ι
378 5881 533 5951 Εἶπε,
565 5886 659 5940 καὶ
684 5883 815 5959 ἦλθε
867 5890 1134 5959 κυνόμυια
1169 5893 1259 5945 καὶ
1324 5895 1547 5958 σκνῖπες
1596 5895 1652 5947 ἐν
1685 5897 1813 5947 πᾶσι

1934 2049 2058 2101 γας.

2014 2145 2032 2177 ε
2061 2127 2321 2199 Διέρῤηξε
2357 2128 2594 2196 πέτραν,
2627 2128 2724 2181 καὶ
2751 2128 3030 2197 ἐρρύησαν
3066 2128 3254 2183 ὕδαταο
3285 2130 3512 2200 ἐπορεύ-

1934 2218 2109 2288 θησαν
2159 2222 2219 2272 ἐν
2270 2219 2517 2290 ἀνύδροις
2584 2222 2841 2289 ποταμοί.
2876 2241 2894 2272 ι
2929 2224 3307 2292 -Ποταμοὺς
3362 2224 3510 2291 λέγει

1932 2315 2061 2375 τοὺς
2094 2314 2156 2365 ἐκ
2184 2312 2283 2380 τῆς
2308 2314 2514 2383 πέτρας
2541 2314 2970 2386 διαρῥηχθείσης
3002 2317 3222 2387 ὀχετοὺς
3249 2318 3359 2371 τῶν
3391 2320 3511 2372 ὑδά-

1931 2420 2041 2455 των
2061 2402 2256 2466 οἵτινες
2284 2406 2341 2455 ἐν
2372 2404 2627 2472 ἀνύδροις
2663 2406 2849 2468 τόποις
2872 2409 3271 2477 κατέρῤευσαν.

2011 2511 2031 2544 ε
2058 2494 2183 2546 Ὀτι
2211 2495 2458 2565 ἐμνήσθη
2486 2496 2583 2549 τοῦ
2610 2496 2771 2564 λόγου
2821 2497 2916 2550 τοῦ
2979 2499 3137 2567 άγίου
3198 2501 3382 2567 αὑτοῦ,
3413 2502 3509 2555 τοῦ

1933 2585 2071 2654 πρὸς
2112 2586 2367 2655 Ἀϐραὰμ
2404 2588 2495 2639 τὸν
2526 2588 2713 2642 δοῦλον
2761 2588 2951 2645 αὑτοῦ.
2990 2610 3010 2642 ι
3050 2621 3119 2631 -
3145 2592 3509 2663 Ὀτιπληθυ-

1932 2681 2014 2730 νεῖ
2036 2677 2095 2731 τδ
2133 2681 2357 2749 σπέρμα
2384 2678 2571 2743 αὑτοῦ,
2609 2682 2703 2734 καὶ
2732 2668 2815 2735 δτι
2840 2682 3004 2736 δώσει
3044 2682 3192 2755 αύτῷ
3240 2685 3345 2755 γῆν
3392 2688 3510 2740 Χα-

1931 2771 2086 2823 ναάν.

2010 2880 2029 2912 ε
2074 2862 2177 2915 Καὶ
2214 2863 2415 2915 ἔδωκεν
2440 2864 2626 2926 αὐτοῖς
2657 2866 2844 2935 χώρας
2888 2867 3060 2918 ἐθνῶν
3102 2884 3120 2901 ⁶
3152 2870 3249 2922 καὶ
3308 2872 3509 2934 πόνους

1940 2955 2086 3006 λαῶν
2115 2956 2699 3025 κατεκληρονόμησαν.
2741 2977 2759 3009 ι
2797 2988 2868 3000 -
2894 2961 3034 3022 Τούς
3063 2978 3123 3013 τε
3174 2963 3509 3027 ἀθετοῦντας

1933 3049 2129 3109 αὐτοὺς
2160 3049 2396 3113 κολάσας
2422 3050 2645 3114 ἐνδίκως
2676 3052 2771 3104 καὶ
2806 3052 2907 3115 τὰς
2940 3054 3149 3115 οίκείας
3179 3055 3504 3124 ἐμπεδὼσας

1930 3141 2243 3208 ὁμολογίας.

2012 3251 2031 3283 ε
2072 3235 2259 3296 Ὅπως
2318 3235 2384 3287 ἀν
2447 3236 2727 3301 φυλάξουσι
2788 3238 2855 3291 τὰ
2913 3237 3257 3310 δικαιώματα
3313 3240 3504 3305 αὑτοῦ,

1934 3326 2028 3375 καὶ⁸
2063 3322 2154 3375 τὸν
2186 3324 2351 3393 νόμον
2402 3325 2570 3378 αὑτοῦ
2607 3328 3008 3397 ἐκζητήσωσιν.
3049 3349 3068 3382 ι
3102 3361 3172 3369 -
3204 3332 3354 3386 ’Λντὶ
3408 3333 3505 3388 τοῦ

1934 3416 2247 3486 ποθήσωσιν
2279 3434 2293 3447 ο
2324 3416 2352 3470 ὂ
2383 3419 2490 3489 γάρ
2520 3418 2679 3472 ποθεῖ
2702 3437 2784 3480 τις
2816 3421 2909 3474 καὶ
2932 3422 3174 3493 ἐκζητεῖ.

2491 3511 2783 3564 ΨΑΛΜΟΣ
2816 3510 2938 3567 ΡΕ’.

2007 3621 2026 3653 ι
2066 3602 2410 3673 Ἀλληλούῖα.
2444 3604 2893 3673 Ἐεομολογεῖσθε
2920 3604 2997 3675 τῷ
3024 3604 3234 3676 Κυρίῳ,
3266 3608 3350 3662 δτι
3372 3626 3505 3679 χρη-

1932 3696 2053 3756 στιίς
2085 3711 2097 3723 υ
2136 3696 2218 3745 ὅτι
2243 3695 2322 3756 είς
2362 3694 2453 3747 τὸν
2508 3696 2683 3746 αίῶνα
2719 3696 2782 3747 τὸ
2804 3695 2953 3758 ἕλεος
2981 3698 3169 3753 αὐτοῦ.
3212 3719 3230 3750 ι
3268 3729 3336 3739 -
3358 3701 3506 3764 Ἐξο-

1932 3786 2252 3854 μολογείσθε
2302 3787 2390 3839 ἀεὶ
2422 3786 2496 3856 τῷ
2552 3787 2672 3857 Θεῷ
2709 3789 2805 3850 τὰς
2858 3790 3129 3858 ἁμαρτίας
3192 3792 3367 3859 ὑμῶν.
3420 3794 3503 3847 ὅτι

1928 3875 2131 3939 ἀγαθὸς
2166 3877 2260 3927 καὶ
2291 3876 2689 3944 ἀμνησίκακος,
2716 3878 2797 3930 δτι
2828 3880 3047 3932 αἰώνιον
3073 3881 3133 3932 τὸ
3155 3879 3302 3944 ἔλεος
3332 3880 3502 3935 αὑτοῦ

1930 3969 2023 4018 καὶ
2060 3967 2307 4034 διηνεκές
2336 3983 2350 3997 ’
2407 3967 2493 4020 ἀεὶ
2514 3966 2622 4037 γάρ
2650 3969 2790 4020 ἐλεεῖ
2819 3971 2947 4032 τοὺς
2984 3970 3407 4039 μετανοοῦντας.

2004 4078 2021 4110 ι
2066 4058 2161 4117 Τίς
2186 4060 2410 4128 λαλήσει
2440 4060 2535 4122 τάς
2570 4061 2891 4123 δυναστείας
2925 4061 3019 4115 τοῦ
3080 4062 3306 4133 Κυρίου,
3338 4064 3505 4115 άκου-

1930 4150 2059 4212 στάς
2088 4150 2300 4220 ποιήσει
2334 4152 2515 4214 πάσας
2549 4152 2644 4213 τάς
2671 4152 2883 4215 ἀνέσεις
2914 4153 3119 4221 αύτοῦ;
3160 4173 3178 4204 ι
3212 4182 3282 4193 -
3311 4154 3500 4218 Οὐδεὶς

1929 4242 2038 4309 γὰρ
2069 4243 2284 4311 ἀπόχρη
2324 4242 2481 4310 λόγος
2513 4244 2593 4303 είς
2635 4243 2907 4312 ὑμνῳδίαν
2933 4244 3024 4296 τοῦ
3053 4244 3210 4298 Θεοῦ.

2004 4355 2024 4385 ε
2058 4337 2339 4403 Μακάριοι
2366 4336 2415 4387 οί
2451 4335 2816 4402 φυλάσσοντες
2843 4336 3024 4404 κρίσιν
3077 4340 3171 4391 καὶ
3213 4338 3500 4403 ποιοῦντες

1928 4426 2275 4496 δικαιοσύνην
2305 4428 2363 4479 ἐν
2396 4428 2559 4479 παντὶ
2588 4429 2784 4497 καιρῷ.
2814 4444 2831 4478 ι
2853 4457 2924 4467 -
2951 4429 3261 4498 Μακαρίζει
3308 4434 3335 4483 6
3365 4447 3500 4497 προ-

1928 4521 2105 4589 φήτης
2139 4519 2201 4571 οὑ
2252 4520 2379 4580 τοὺς
2437 4518 2607 4583 ἅπαξ,
2663 4521 2798 4573 ma
2853 4522 2979 4583 τοὺς
3021 4521 3285 4586 διηνεκῶς
3321 4524 3498 4593 ὀρθῶς

1858 4615 1899 4667 ι)
1931 4612 2222 4681 κρίναντας
2254 4610 2346 4663 καὶ
2374 4610 2595 4674 δικαίως
2624 4613 2716 4664 καὶ
2739 4612 2947 4681 ἐτέροις
2970 4614 3061 4664 καὶ
3091 4614 3323 4677 ἐαυτοῖ;,
3355 4614 3497 4667 ὥστε

1931 4705 2005 4772 μὴ
2064 4704 2421 4773 παραχωρεῖν
2477 4705 2968 4767 κατεξανίστασθαι
3035 4705 3095 4759 τὸ
3151 4709 3331 4777 χεῖρον
3400 4706 3496 4759 τοῦ

1929 4796 2257 4863 κρείττονος.

2003 4907 2021 4938 ι
2060 4888 2346 4959 Μνήσθητι
2381 4885 2557 4956 ήμῶν,
2594 4885 2782 4955 Κύριε,
2814 4888 2869 4939 ἐν
2902 4889 2968 4957 τῇ
2999 4887 3216 4957 εὐδοκία
3242 4887 3335 4940 τοῦ
3362 4885 3496 4939 λαοῦ

1929 4998 2020 5033 σου
2052 4996 2067 5013 θ
2102 4979 2397 5047 ἐπίσκεψαι
2425 4981 2479 5031 ἐν
2509 4979 2586 5041 τῷ
2624 4979 2877 5049 σωτηρίῳ
2922 4995 3037 5031 σου.
3078 4997 3097 5029 ι
3136 5008 3203 5018 -
3243 4978 3497 5031 Ίκετεύει

1926 5076 1953 5126 6
1980 5073 2263 5142 προφήτης
2296 5072 2487 5141 μνείαν
2517 5070 2773 5138 γενέσθαι
2813 5072 2908 5124 καὶ
2934 5070 3101 5123 αὑτοῦ
3171 5073 3231 5124 ἐν
3287 5074 3352 5141 τῇ
3408 5072 3497 5124 διά

1925 5166 2024 5234 τῆς
2053 5166 2202 5227 θείας
2231 5166 2705 5234 ἐνανθρωπήσεως
2756 5165 3047 5234 εὐεργεσίᾳ
3095 5165 3189 5217 καὶ
3250 5166 3497 5233 σωτηρίᾳ.

1925 5257 2019 5309 τοῦ
2050 5257 2169 5309 νέου
2198 5257 2350 5310 λαοῦ.
2376 5258 2441 5309 Al
2470 5258 2714 5310 τοιαῦται
2766 5257 2823 5309 δὲ
2854 5256 3057 5308 ίκεσίαι
3108 5258 3354 5324 δόγματά
3390 5260 3498 5309 εἰσι

1927 5350 2243 5417 προφητικά
2267 5361 2283 5378 ⁶
2319 5348 2511 5417 ὥσπερ
2552 5348 2648 5401 νῦν
2690 5348 3011 5416 δογματίζει
3066 5350 3427 5417 προφητεύων
3466 5354 3494 5404 6

1926 5438 2090 5492 Δαυῒδ
2114 5439 2189 5509 μὴ
2217 5439 2376 5508 μόνον
2400 5441 2513 5502 τοῖς
2536 5439 2723 5503 ζῶσιν,
2753 5440 2887 5493 ἀλλά
2920 5442 3015 5493 καὶ
3060 5441 3173 5502 τοῖς
3226 5440 3494 5494 τεθνεῶσι

1926 5531 1985 5583 τὸ
2042 5535 2317 5601 σωτήριον
2362 5533 2670 5601 ἐπισκοπὴν
2716 5533 3043 5603 ποιήσεσθαι
3101 5532 3193 5585 τὸν
3257 5533 3495 5602 Χριστὸν

1924 5623 2009 5673 διὰ
2045 5622 2146 5691 τῆς
2184 5624 2242 5674 ἐν
2270 5623 2347 5692 τῷ
2375 5623 2472 5693 ᾅδῃ
2516 5624 2739 5676 καθόδου
2771 5620 2961 5676 αὐτοῦ.

2000 5734 2019 5765 ε
2048 5713 2157 5766 Τοῦ
2197 5715 2323 5767 ίδεῖν
2358 5718 2414 5767 ἐν
2440 5718 2506 5784 τῇ
2560 5715 2887 5784 χρηστότητι
2916 5713 3023 5766 τῶν
3069 5712 3343 5766 ἐκλεκτῶν
3374 5730 3491 5778 σου,

1926 5804 2020 5859 τοῦ
2054 5807 2429 5876 εὐφρανθῆναι
2462 5809 2522 5859 ἐν
2554 5811 2617 5877 τῇ
2643 5806 2950 5877 εὐφροσύνῃ
2977 5805 3073 5858 τοῦ
3106 5805 3289 5869 ἔθνους
3319 5820 3436 5861 σου.
3467 5825 3486 5858 ι

1927 5930 1994 5940 -
2025 5901 2188 5954 Ὥστε
2227 5903 2354 5955 ίδεῖν
2387 5905 2480 5955 καὶ
2533 5902 2698 5973 ἡμᾶς,
2734 5904 2903 5972 ήγουν
2953 5898 3117 5970 πείρᾳ
3159 5898 3359 5965 γνῶναι
3397 5900 3491 5954 καὶ
