4192 6430
192 421 341 487 1573

1380 425 1790 490 EXPOSITIO
1832 425 1910 485 IN
1950 426 2084 487 PSA
2097 427 2319 490 LMOS.

3326 434 3342 491 ι
3357 432 3460 498 5M

188 539 438 608 Χριστοῦ
475 542 748 612 ίερωσύνη
770 559 782 573 ·
813 546 909 599 καὶ
944 544 1053 615 γὰρ
1106 542 1273 614 ἄρτου
1328 547 1423 601 καὶ
1473 548 1618 598 οῖνου
1677 546 1789 606 τοῖς
1820 549 1861 603 Α
1894 545 2169 610 φάνσεως,
2195 546 2513 615 οἰκονομίας
2545 589 2559 613 ,
2594 546 2710 602 ἀλλ’
2755 547 2817 603 06
2862 549 3074 614 τελείας
3121 550 3469 618 νομοθεσίας.

185 631 365 685 αὐτοῦ
396 633 674 704 μαθηταῖς
715 638 986 705 μετέδωκε
1020 638 1163 691 κατὰ
1189 638 1281 690 τὸν
1308 637 1529 690 δεῖπνον
1562 638 1655 690 τὸν
1681 653 1780 706 μυ-

187 723 405 787 στικὸν,
428 723 504 788 ὡς
538 730 651 789 τοῖς
682 729 811 796 περὶ
843 729 936 781 10v
980 729 1237 799 Ἀϐραὰμ
1271 729 1300 781 δ
1332 729 1692 800 Μελχισεδέκ.

267 833 287 866 0
332 815 537 887 K6900;
592 820 654 871 ὲκ
688 819 881 884 δεξιῶν
924 837 1042 875 σου.
1078 841 1095 873 0
1143 852 1205 862 —
1246 820 1448 889 Βοηθός
1480 837 1559 872 σοι
1587 820 1661 879 ὼς
1689 820 1781 870 ἀν-

182 907 420 979 θρὼπῳ.

264 1021 282 1053 0
329 1003 670 1058 Συνέθλασεν
701 1006 759 1057 ὲν
794 1006 980 1075 ἡμέρᾳ⁵
1013 1005 1185 1074 ὀργῆς
1232 1003 1399 1058 06106
1442 1003 1711 1073 βασιλεῖς.
1756 1022 1773 1054 0

180 1124 260 1139 -—
296 1097 740 1169 Ἀντιχρονικῶςο
773 1103 827 1151 ἐν
862 1103 931 1171 τῇ
975 1102 1073 1168 τῆς
1138 1100 1371 1170 κρίσεως
1427 1102 1537 1167 γάρ
1597 1100 1779 1168 ἡμέρᾳ

185 1192 476 1262 συντρίψει
510 1194 635 1255 τοὺς
660 1192 875 1254 ἀσεϐεῖς
933 1191 1172 1260 βασιλέες
1227 1194 1283 1244 ὲν
1334 1193 1452 1253 ταῖς
1511 1192 1780 1242 01101110-

183 1287 423 1355 γμέναις
478 1287 753 1340 κολάσεσι.
788 1286 957 1356 Δῆλον
988 1286 1044 1339 δὲ
1078 1287 1159 1338 ὅτι
1193 1286 1437 1345 καὶτοὺς
1500 1283 1775 1351 ὑπηκόους

178 1386 249 1445 τῇ
281 1382 512 1449 ἀσεϐείᾳ
546 1384 750 1437 αὐτῶν.

258 1492 276 1524 0
337 1476 529 1542 Κρινεῖ
576 1478 632 1527 ἐν
668 1478 777 1539 τοῖς
824 1475 1024 1529 ἔθνεσι.
1067 1496 1085 1525 0
1132 1503 1201 1515 —
1252 1473 1447 1543 Κρινεῖ
1486 1474 1550 1524 τὰ
1588 1471 1735 1540 ἔθνη.

262 1582 280 1613 0
323 1565 609 1632 ῐιληρώσει
642 1569 936 1634 πτώματα.
972 1585 990 1618 0
1031 1596 1101 1609 ——
1126 1565 1362 1625 Πολλοὺς
1395 1561 1716 1615 καταϋαλεῖ.

262 1679 278 1708 0
325 1659 623 1712 Συνθλίσει
653 1662 895 1727 κεφαλὰς
939 1662 1029 1711 ἐπὶ
1059 1661 1161 1729 γῆς
1194 1657 1431 1711 πολλῶν.
1479 1675 1496 1707 0
1538 1684 1606 1696 —
1671 1654 1771 1707 Πε-

182 1754 564 1823 ρεφραστικῶς
601 1757 720 1808 ἀντὶ
746 1755 842 1809 τοῦ
872 1754 1123 1816 πολλούς.

261 1866 279 1896 0
324 1848 418 1901 Ἐκ
450 1851 754 1919 χειμάρρου
788 1852 844 1902 ὲν
871 1849 974 1917 ὁδῷ
1015 1852 1223 1912 πίεται,
1257 1850 1347 1903 διά
1364 1851 1522 1904 τοῦτο
1560 1851 1770 1920 ὑψώσει

1896 638 2036 705 Ὅρα
2082 636 2136 687 δὲ
2191 638 2275 689 ὅτι
2322 639 2381 689 ού
2418 640 2638 703 τελείως
2683 640 3092 710 ἀνετράπησαν,
3122 642 3239 697 ἀλλ’
3279 640 3375 695 επὶ
3413 640 3476 694 10

1894 728 2104 795 βέλτιον
2145 729 2506 800 προήχθησαν
2535 730 2627 784 καὶ
2660 732 2719 786 τὸ
2753 732 3113 803 ὑψηλότερον.

1970 839 1987 871 0
2027 823 2317 890 Δύτρωσιν
2364 824 2653 877 ἀπέστειλε
2704 825 2780 896 τῷ
2826 828 2944 897 λαῷ
2982 823 3169 882 06106.
3221 846 3239 879 0
3305 857 3372 869 --
3409 827 3471 879 '0

1892 917 2080 984 Πατὴρ
2114 916 2206 969 τὸν
2264 917 2389 969 Υίον
2421 918 2788 987 λυτρούμενον
2838 921 2940 986 τῆς
2995 919 3317 989 τυραννίδος
3375 921 3469 975 τοῦ

1887 1006 2137 1060 διλσόλου
2168 1009 2290 1071 τοὺς
2324 1011 2382 1062 έν
2412 1008 2645 1080 ἀληθείᾳ
2676 1012 3063 1078 έπεγνωκότας
3115 1012 3305 1070 αὐτόν.

1964 1116 1981 1148 ι
2032 1100 2365 1153 Ἑνετείλατο
2397 1102 2475 1163 είς
2501 1102 2592 1153 10v
2614 1104 2787 1155 αίῶνα
2816 1103 3088 1174 διαθήκην
3118 1103 3308 1158 06106.
3352 1122 3372 1155 0
3399 1130 3471 1148 -

1887 1192 1981 1253 Εἰς
2016 1193 2105 1244 τὸν
2130 1195 2303 1246 αίῶνα
2332 1195 2498 1247 οὖσαν
2529 1196 2798 1267 διαθήκην
2831 1197 2995 1251 αὑτοῦ
3050 1198 3195 1265 λέγει
3248 1198 3346 1269 τὴν
3372 1196 3467 1251 εύ-

1889 1287 2051 1353 0770)
2065 1288 2211 1357 ικήν.

1966 1398 1984 1429 ι
2037 1380 2226 1448 ’Λγιον
2278 1383 2371 1435 καὶ
2406 1382 2637 1451 φοϐερὸν
2692 1384 2752 1436 τὸ
2792 1384 2965 1451 ὄνομα
3020 1384 3210 1438 06106.
3242 1401 3260 1434 0
3291 1410 3362 1422 -—
3408 1382 3467 1433 '0
3564 1380 3567 1383 ’

1886 1470 2125 1537 Χριστὸς
2154 1474 2265 1539 γὰρ
2293 1475 2407 1535 τοῖς
2442 1475 2542 1541 μὲν
2592 1474 2899 1541 εἰλικρινῶς
2952 1475 3308 1526 πιστεύσουσι
3368 1471 3466 1524 0nd-

1886 1562 2078 1631 θαρσις
2112 1565 2313 1629 παντὸς
2344 1567 2648 1637 μολυσμοῦ,
2674 1570 2786 1630 τοῖς
2816 1568 3106 1621 ἀπιστοῦσι
3136 1566 3190 1619 δὲ
3225 1564 3465 1635 τιμωρία

1887 1657 1979 1709 καὶ
2017 1659 2254 1722 κόλασις.

1961 1766 1977 1798 ι
2037 1750 2202 1821 Ἀρχὴ
2249 1753 2443 1820 σοφίας
2470 1752 2634 1819 φόϐος
2693 1754 2924 1820 κυρίου.
2969 1774 2986 1805 0
3040 1785 3106 1795 —
3160 1753 3265 1805 τὸν
3322 1762 3467 1803 0100-

1884 1849 2171 1912 χειωτικδν
2198 1846 2363 1916 φόϐον
2415 1850 2547 1917 φησὶ
2600 1848 2852 1916 θεμέλιον
2908 1847 3048 1901 εῖναι
3089 1849 3185 1915 τῆς
3229 1843 3465 1916 ἀληθοῦς

177 1945 458 2011 κεφαλήν.
499 1962 516 1994 0
552 1973 620 1983 -—
672 1944 1115 2011 Πειρασθήσεται
1156 1946 1250 1997 καὶ
1307 1946 1396 1998 διὰ
1427 1946 1586 1999 τοῦτο
1624 1946 1777 2010 δοξα-
1808 1937 1850 1996 Β
1882 1939 2101 2005 σοφίας,
2133 1941 2254 2009 ἥτις
2286 1943 2437 1995 δστὶν
2469 1944 2501 2011 ή
2533 1942 2641 1995 τῶν
2676 1942 2835 1995 θείων
2870 1941 3104 1994 ἐντολῶν
3135 1939 3376 2009 φυλακή.

180 2036 471 2102 σθήσεται,
532 2035 837 2106 χείμαρρος
896 2036 1007 2104 γὰρ
1037 2038 1065 2089 0
1114 2038 1421 2104 πειρασμός
1450 2051 1464 2065 ο
1494 2038 1612 2100 (.00;
1659 2038 1713 2090 δὲ
1749 2041 1777 2091 0

178 2128 382 2196 παρὼν
426 2128 539 2195 βίος
565 2142 583 2160 ο
616 2129 773 2193 πόσις
800 2129 914 2199 διη
954 2130 1176 2200 μέθεξις
1203 2148 1217 2165 ·
1267 2132 1470 2200 ὕψωμα
1516 2132 1571 2184 δὲ
1610 2148 1777 2200 κεφα-

175 2220 279 2286 λῆς
312 2224 341 2272 0
376 2220 661 2289 δοξασμός.

752 2312 1049 2369 ΨΑΛΜΟΣ
1096 2313 1201 2371 Pl'.

264 2424 281 2454 0
354 2405 695 2474 ’Λ).ληλούῖα.
760 2407 1264 2480 Ἐξομολογήσομαί
1316 2428 1418 2477 σοι,
1466 2412 1665 2483 Κύριε,
1716 2417 1774 2466 ιν

178 2500 283 2569 ὅλῃ
316 2501 513 2570 καρδίᾳ
549 2517 675 2571 μου,
706 2506 764 2555 ὲν
794 2504 956 2574 βουλῇ
1019 2506 1225 2558 εύθέων
1254 2509 1349 2559 καὶ
1379 2513 1697 2577 συναγωγῇ.
1744 2528 1761 2560 0

175 2624 251 2633 —
282 2594 375 2663 Τῷ
400 2596 509 2663 γὰρ
540 2596 615 2664 μὴ
642 2596 1067 2667 διεστραμμένῳ
1097 2599 1345 2667 συλλόγῳ
1365 2600 1499 2667 δῆλα
1538 2604 1603 2653 τὰ
1633 2603 1772 2671 ἔργα

178 2689 280 2740 τοῦ
312 2688 471 2751 Θεοῦ,
509 2693 671 2745 όποίἀ
712 2695 817 2745 εισι
854 2694 921 2747 τά
945 2710 1003 2745 τε
1030 2695 1331 2762 κτίσματα,
1361 2697 1431 2747 τά
1470 2713 1527 2748 τε
1558 2696 1773 2765 θαυμα-

177 2784 563 2851 τἰυργήματα.

262 2894 280 2924 0
354 2876 578 2941 Μεγάλσ
637 2879 703 2930 τὲ
765 2880 903 2949 ἔργα
960 2882 1192 2949 Κυρίου,
1254 2882 1630 2951 ἑξεζητημένα
1691 2885 1771 2946 είς

182 2971 368 3021 πάντα
404 2971 471 3023 τὰ
510 2970 796 3041 θελήματα
854 2974 1041 3027 06106.
1112 2994 1131 3026 0
1190 3006 1257 3015 —
1316 2974 1769 3045 Ί-ῗξηκριϐωμένα

182 3066 266 3124 είς
304 3069 485 3127 πάσας
530 3067 625 3129 τὰς
662 3068 883 3129 ἐντολὰς
914 3068 1103 3129 αὑτοῦ,
1133 3069 1253 3138 ἦτοι
1298 3069 1461 3122 ῑκσνὰ
1495 3071 1613 3122 λίαν
1666 3072 1769 3123 είσὶ

180 3157 254 3207 τὰ
292 3158 429 3225 ἔργα
460 3158 552 3209 τοῦ
599 3160 734 3211 Θεοῦ
793 3164 1216 3229 παρασκευάσαι
1257 3163 1382 3223 τοὺς
1419 3162 1595 3232 ὀρθῶς
1636 3180 1769 3232 φρο-

181 3248 413 3308 νοῦντας
441 3250 521 3309 είς
552 3252 611 3301 10
649 3254 823 3301 ποιεῖν
856 3253 921 3303 τὰ
950 3254 1072 3304 θεῖα
1105 3255 1533 3322 προστάγματα.

264 3361 283 3392 0
337 3340 761 3411 Ἐξομολόγησις
795 3343 887 3395 καὶ
918 3345 1373 3415 μεγαλοπρέπεια
1412 3344 1599 3399 αὑτοῦ.
1643 3363 1659 3395 0
1703 3375 1769 3385 --

184 3434 304 3486 ηᾶν
333 3432 492 3503 ἔργον
521 3431 656 3484 Θεοῦ
708 3432 893 3484 ἱκανὸν
939 3435 1108 3485 κινεῖν
1159 3434 1237 3495 είς
1270 3433 1623 3501 εὐχαριστίαν
1675 3433 1768 3484 καὶ

184 3525 586 3595 μεγαλοπρεπῆ
610 3527 814 3580 αἰνεσιν
844 3524 938 3578 τοῦ
972 3528 1296 3597 ποιήσαντος
1326 3529 1479 3579 αὐτό.

266 3640 283 3671 0
326 3621 433 3673 Καὶ
463 3621 497 3689 ἠ
533 3619 856 3688 δικαιοσύνη
892 3620 1058 3671 αὑτοῦ
1118 3622 1269 3687 μένει
1327 3624 1410 3680 είς
1453 3621 1544 3674 τὸν
1594 3623 1767 3674 αίὼνα

180 3714 281 3765 τοῦ
316 3713 534 3775 αίῶνος.
586 3730 605 3765 0
639 3742 708 3751 —
742 3712 1074 3782 Παραμυθία
1108 3711 1167 3764 τὸ
1199 3713 1365 3782 ῥητὸν
1407 3715 1520 3777 τοῖς
1553 3714 1771 3766 ἀδικου-

189 3806 402 3873 μένοις.

268 3917 286 3948 ι
326 3898 533 3952 Μνείαν
567 3899 865 3969 ἐποιήσατο
894 3898 1003 3951 τῶν
1050 3894 1372 3967 θαυμασίων
1418 3898 1601 3951 αὐτοῦ.
1646 3918 1664 3948 0
1700 3930 1767 3939 —

182 3995 260 4044 06
288 3992 497 4045 διέλιπε
532 3992 990 4061 θαυματουργῶν.

266 4104 284 4136 0
328 4083 552 4155 Τροφὴν
607 4084 773 4137 ιδωκε
826 4086 937 4146 τοῖς
995 4082 1352 4153 φοϐουμένοις
1405 4085 1591 4139 αὐτόν.
1633 4104 1650 4135 0
1701 4113 1768 4124 —

180 4178 415 4246 Τροφὴν
449 4180 849 4248 πνευματικήν.

267 4288 286 4321 0
331 4272 726 4340 Μνησθήσεται
754 4272 834 4334 εις
867 4270 959 4324 16v
989 4270 1162 4325 αίῶνα
1210 4271 1480 4341 διαθήκης
1509 4270 1699 4323 06106.
1744 4288 1761 4319 0

184 4394 259 4405 —
286 4364 672 4432 Μνημονεύσει
705 4363 1002 4425 διαπαντὸς
1045 4362 1148 4431 τῆς
1197 4362 1332 4433 πρὸς
1367 4362 1621 4432 ’Δύραάμ
1651 4362 1767 4414 δια-

185 4462 390 4530 θήκης.
416 4460 560 4511 ὥστε
616 4454 792 4527 αὐτὴν
838 4454 1124 4510 εκτελέσαι
1176 4456 1317 4509 κατὰ
1358 4455 1449 4508 τὸν
1486 4461 1769 4523 πρέποντα

185 4559 405 4623 καιρὸν,
430 4552 525 4604 καὶ
576 4553 633 4602 εν
660 4550 739 4619 τῷ
783 4551 1067 4618 σπέρματι
1118 4548 1214 4602 τοῦ
1267 4547 1542 4617 Ἀϐραὰμ,
1601 4550 1770 4617 ἠγουν

183 4653 248 4701 εν
278 4647 357 4717 τῷ
389 4644 634 4716 Χριστῷ,
673 4644 972 4713 εὐλογῆσαι
1005 4642 1183 4696 πάντα
1217 4642 1285 4695 τὰ
1319 4642 1472 4710 έθνη.

264 4759 283 4791 ι
334 4740 513 4807 ’ἰσχὺν
540 4739 719 4807 εργων
754 4737 922 4791 αὑτοῦ
958 4735 1254 4806 ἀνήγγειλε
1287 4735 1364 4804 τῷ
1385 4733 1501 4805 λαῷ
1527 4733 1716 4787 06106.
1745 4751 1764 4785 0

182 4866 250 4881 —
281 4835 356 4887 Τὸ
390 4832 713 4900 ἀνήγγειλε
740 4830 863 4885 ἀντὶ
892 4829 987 4883 τοῦ
1036 4828 1403 4899 ιφανέρωσεν.

268 4944 287 4974 1
326 4924 435 4977 Τοῦ
482 4923 667 4976 δοῦναι
717 4923 903 4983 αὐτοῖς
964 4920 1335 4990 κληρονομίαν
1392 4919 1585 4974 ιθνῶν.
1632 4938 1652 4971 0
1707 4948 1769 4958 -—

186 5020 356 5071 Ὠστε
392 5015 579 5068 δοῦναι
612 5015 796 5077 αὐτοῖς
826 5014 926 5083 τὴν
956 5010 1377 5081 ιπηγγελμένην
1407 5012 1533 5081 γῆν.

268 5129 286 5160 ε
332 5109 512 5177 Ἔργα
541 5106 739 5178 χειρῶν
768 5103 936 5160 06106
975 5104 1203 5175 ἀλήθεια
1248 5104 1343 5157 καὶ
1379 5103 1581 5175 κρίσις.
1632 5124 1650 5155 0
1700 5134 1772 5148 —

189 5200 373 5271 Ἐργα
414 5197 577 5252 06106
606 5196 1082 5267 περιφραστικῶς.

268 5309 289 5344 ε
339 5291 533 5344 Ιιισταὶ
578 5290 753 5343 πᾶσαι
815 5288 871 5342 0!
933 5288 1148 5342 έντολαὶ
1199 5286 1388 5340 06106.
1436 5305 1455 5339 0
1502 5315 1570 5327 —
1616 5287 1770 5339 Ἐπεὶ

185 5384 400 5455 ἀληθὴς
430 5386 461 5437 0
493 5384 631 5445 Θεὸς
681 5382 777 5435 καὶ
823 5381 1057 5444 δίκαιος,
1092 5381 1147 5433 τί
1178 5380 1245 5439 ἀν
1292 5380 1486 5451 ψευδὲς
1517 5379 1550 5450 ἢ
1582 5380 1769 5435 ἀδικον

190 5476 529 5533 δντελεῖσθαι
564 5475 703 5529 ὥστε
740 5475 1125 5551 ἀπαράδεκτον
1152 5469 1294 5527 εῖναι
1324 5474 1419 5527 καὶ
1450 5474 1770 5542 ἀνατραπῆ-

193 5570 388 5624 σεσθαι
421 5568 661 5637 ὀφείλειν
702 5568 878 5632 0610;
909 5566 1214 5631 ἀξιόπιστοι
1270 5565 1400 5635 γοῦν
1447 5566 1504 5620 αι
1555 5567 1769 5619 δντοὶαὶ

186 5663 290 5716 τοῦ
315 5661 451 5715 Θεοῦ
483 5663 580 5715 καὶ
604 5660 866 5728 πανάγιοι
892 5659 1209 5721 διαπαντὸς,
1234 5659 1576 5711 ενταλθεῖσαι
1597 5658 1766 5726 ἀψιν-

187 5757 299 5819 δώς
336 5755 432 5808 καὶ
480 5755 706 5817 δικαίως
757 5752 894 5822 όμσῦ
920 5766 933 5781 ⁸
971 5752 1077 5805 κᾶν
1114 5752 1223 5820 γὰρ
1275 5752 1468 5805 πολλαὶ
1503 5750 1597 5804 τοῦ
1636 5753 1767 5805 Μω-

194 5850 392 5903 σαῖκοῦ
430 5850 595 5917 νόμον
639 5847 892 5912 διαταγαὶ
932 5845 1420 5916 περηλλάχθησαν,
1449 5843 1585 5898 ἀλλά
1638 5862 1768 5912 συγ-

192 5944 553 6005 10010640000;
596 5936 738 6012 ἦσαν
781 5942 986 5996 ἐκεῖναι
1033 5940 1126 5993 καὶ
1166 5941 1226 5992 06
1275 5938 1577 6008 καθολικῆς
1629 5941 1765 5994 ἀπο-

1955 2051 1971 2083 0
2013 2032 2236 2096 Σύνεσις
2263 2036 2319 2086 δὲ
2352 2035 2532 2105 ἀγαθὴ
2569 2037 2703 2089 πᾶσι
2748 2038 2859 2097 τοῖς
2908 2034 3158 2087 ποιοῦσιν
3201 2033 3396 2101 αὑτήν.
3436 2049 3456 2085 0

1879 2154 1945 2164 -—
1977 2126 2100 2188 Τοῖς
2130 2128 2527 2198 ἐργαζομένοις
2553 2129 2651 2200 τὴν
2678 2131 2853 2200 ἀληθῆ
2888 2131 3083 2197 σοφίαν
3129 2131 3223 2182 καὶ
3255 2131 3461 2196 γνῶσις

1879 2221 2238 2287 προσγίνεται
2295 2224 2475 2293 ἀγαθή
2508 2241 2519 2253 ο
2556 2226 2641 2279 διὰ
2673 2228 2780 2293 γὰρ
2826 2228 2927 2293 τῆς
2953 2226 3064 2278 τῶν
3094 2221 3326 2278 ἐντολῶν
3360 2242 3462 2293 φυ-

1877 2313 2050 2382 λακῆς
2109 2314 2351 2386 θεοειδὴς
2414 2319 2629 2383 γίνεται
2681 2319 2824 2380 νοῦς.
2869 2318 2930 2373 Ἦ
2965 2319 3161 2387 πρᾶξις
3191 2320 3299 2389 γὰρ
3327 2321 3461 2371 00000-

1882 2408 1998 2476 ρίας
2054 2407 2330 2471 ὲπίὸασις.
2369 2412 2570 2481 Ἀγαθὴ
2607 2413 2661 2464 δὲ
2720 2408 2873 2465 εἶπεν
2918 2414 3039 2464 ἐπεὶ
3096 2412 3189 2465 καὶ
3252 2412 3456 2479 γνῶσίς

1879 2502 1995 2553 ἐστι
2030 2503 2258 2570 πονηρὰ,
2296 2503 2369 2566 ὡς
2401 2506 2561 2571 σοφία
2592 2506 2683 2558 τοῦ
2714 2510 3105 2577 κακοποιῆσια.

1953 2612 1972 2646 0
2020 2592 2080 2645 ἸΙ
2119 2594 2327 2658 αίνεσις
2360 2598 2526 2652 αὑτοῦ
2581 2601 2732 2669 μένει
2769 2604 2849 2661 είς
2882 2600 2972 2652 τὸν
3020 2598 3195 2655 αίῶνα
3226 2600 3321 2653 τοῦ
3367 2605 3455 2654 αῖ-

1876 2686 2031 2746 ῶνος.
2076 2706 2093 2737 0
2134 2719 2201 2728 —
2248 2690 2311 2742 'H
2351 2691 2589 2760 ὕμνησις
2641 2695 2733 2747 τοῦ
2803 2695 3041 2762 Χριστοῦ
3095 2696 3456 2765 ἀτελεύτητος

1874 2781 1933 2831 ἐν
1960 2781 2177 2851 ούρανῷ
2209 2783 2301 2835 καὶ
2326 2786 2417 2836 ἐπὶ
2446 2786 2570 2853 γῆς.

2428 2880 2722 2931 ΨΔΛΜΟΣ
2761 2881 2887 2933 ΡΙΛ’

1952 2986 1970 3016 0
2027 2969 2372 3039 Ἀλληλούῐα.
2413 2973 2701 3043 Μακάριος
2747 2976 2887 3043 ἀνὴρ
2923 2979 2950 3027 ὁ
2981 2977 3316 3047 φοϐούμενος
3366 2981 3458 3032 τὸν

1878 3059 2079 3125 Κύριον
2106 3075 2118 3088 ·
2163 3064 2220 3112 ὲν
2254 3065 2373 3124 ταῖς
2416 3064 2660 3125 ῖντολαῖς
2692 3066 2857 3118 αὑτοῦ
2909 3068 3127 3135 Θελήσει
3160 3070 3387 3139 σφόδρα,
3431 3091 3449 3121 0

1875 3183 1942 3191 —
1974 3153 2071 3204 Διά
2103 3153 2265 3205 τοῦτό
2295 3172 2429 3223 φησι
2497 3160 2767 3225 μακάριον
2802 3159 2860 3209 06
2894 3161 2983 3211 τὸν
3027 3162 3233 3223 ἀτελῶς,
3258 3163 3457 3229 φοϐού-

1879 3263 2041 3313 μενον
2094 3247 2184 3299 τὸν
2233 3249 2387 3309 Θεὸν,
2420 3253 2514 3301 καὶ
2565 3256 2675 3313 τοῖς
2737 3253 2953 3321 δαίμοσι
3003 3258 3109 3326 γὰρ
3162 3257 3392 3326 φοϐερὸς
3427 3261 3455 3309 0

1878 3337 2032 3399 Θεὸς,
2074 3339 2210 3392 ἀλλά
2258 3344 2348 3393 τὸν
2401 3344 2733 3412 φοϐούμενον
2770 3346 2861 3397 τὸν
2891 3349 3048 3407 Θεὸν,
3098 3348 3238 3400 ὥστε
3276 3353 3454 3402 ποιεῖν

1876 3435 1972 3488 τὰς
2013 3430 2178 3483 αὐτοῦ
2239 3434 2482 3498 ἐντολὰς,
2543 3439 2638 3487 καὶ
2692 3438 2787 3505 οὐχ
2845 3440 3031 3502 ἁπλῶς
3091 3444 3287 3505 ποιεῖν,
3317 3444 3458 3498 ἀλλὰ

1880 3525 2016 3590 μετὰ
2053 3526 2363 3595 προθυμίας
2387 3543 2401 3557 ·
2437 3527 2594 3582 τοῦτο
2630 3534 2738 3600 γὰρ
2768 3531 2855 3583 διὰ
2888 3533 2982 3585 τοῦ
3015 3534 3266 3599 θελήσει
3298 3534 3452 3606 006i]-

1877 3614 2069 3669 λωκεν.

1956 3728 1973 3757 0
2016 3710 2253 3763 Δυνατὸν
2298 3711 2355 3763 ὲν
2386 3716 2451 3779 τῇ
2505 3716 2575 3783 γῇ
2634 3712 2788 3767 ἔσται
2828 3717 2889 3768 τὸ
2924 3718 3150 3787 σπέρμα
3185 3718 3368 3772 06106.
3426 3739 3444 3771 0

1875 3834 1942 3845 -—
1973 3804 2386 3873 Δυναμούμενοι
2438 3808 2496 3857 ἐν
2543 3806 2619 3874 τῷ
2658 3810 2851 3877 κόσμῳ
2884 3810 3059 3880 τούτῳ
3094 3811 3308 3864 ἔσονται
3344 3813 3453 3866 6110

1874 3897 2007 3948 Θεοῦ
2051 3898 2189 3950 κατά
2224 3898 2333 3949 τῶν
2386 3899 2810 3967 ἐπηρεαζόντων
2874 3902 2922 3954 οι
2972 3902 3033 3955 10
3079 3907 3305 3972 γνήσιον
3351 3910 3451 3975 τῆς

1875 3990 2013 4058 πρδς
2060 3989 2223 4041 αὑτὸν
2275 3989 2598 4057 ὁμοιώσεως
2626 3991 2939 4057 δεικνύντες
2966 3995 3053 4049 διά
3092 3996 3186 4049 τοῦ
3220 3998 3445 4068 τρόπου,

1952 4100 1971 4132 0
2008 4082 2173 4134 Γενεά
2194 4082 2398 4135 εύθέων
2424 4085 2878 4154 εύλογηθήσεται.
2921 4106 2939 4139 0
2972 4117 3037 4129 —-
3057 4087 3227 4156 Δῆλον
3250 4090 3407 4145 τοῦτο
3432 4107 3447 4122 ·

1876 4173 1968 4222 καὶ
1996 4174 2099 4238 γὰρ
2139 4176 2203 4242 τῇ
2251 4175 2415 4242 γενεᾷ
2452 4176 2562 4227 τῶν
2594 4176 3051 4247 διεστραμμένων
3079 4179 3181 4232 ούκ
3212 4182 3453 4236 δπαινεῖ-

1874 4279 1965 4315 ται
1997 4264 2026 4316 0
2057 4265 2286 4326 δίκαιος.

1952 4375 1969 4407 0
2007 4356 2145 4423 Δόξα
2176 4357 2269 4411 καὶ
2300 4358 2529 4422 πλοῦτος
2564 4362 2621 4414 ιν
2653 4360 2731 4431 τῷ
2757 4364 2892 4431 οῖκῳ
2920 4365 3111 4421 αὐτοῦ.
3156 4384 3175 4417 0
3217 4394 3285 4405 --
3310 4369 3450 4427 Δόξα

1874 4449 2028 4518 παρά
2065 4450 2202 4502 Θεοῦ
2228 4453 2320 4504 καὶ
2345 4452 2574 4516 πλοῦτος
2612 4456 2668 4507 ὲν
2698 4457 2925 4522 ἀγαθοῖς
2957 4459 3165 4527 ἔργοις.

1950 4560 1968 4592 0
2008 4544 2117 4595 Καὶ
2152 4546 2185 4613 η
2227 4543 2541 4613 δικαιοσύνη
2598 4547 2765 4600 06106
2806 4549 2958 4616 μένει
3003 4553 3084 4615 εις
3132 4559 3227 4607 10v
3273 4556 3449 4609 αίῶνα

1803 4654 1848 4711 ο
1874 4633 1970 4687 τοῦ
1997 4633 2212 4696 αἰῶνος.
2259 4653 2278 4685 0
2314 4660 2381 4677 --
2404 4635 2769 4708 Δικαιοσύνην
2786 4639 2935 4708 λέγει
2964 4641 3060 4697 νῦν
3084 4643 3185 4715 τὴν
3214 4645 3448 4701 καθόλου

1872 4729 2094 4801 ἀρετήν.

1948 4842 1965 4875 0
2022 4823 2383 4889 Ἐξανέτειλεν
2425 4828 2483 4879 ιν
2528 4828 2711 4881 σκότει
2744 4827 2863 4897 φῶς
2896 4830 3009 4892 τοῖς
3056 4830 3309 4885 εὐθέσιν·
3334 4834 3449 4886 ι)...

1871 4918 2049 4987 ἡμων,
2104 4921 2200 4973 καὶ
2254 4920 2578 4990 οίκτίρμων,
2610 4924 2703 4975 καὶ
2737 4922 2970 4984 δίκαιος.
3011 4942 3030 4976 0
3064 4951 3132 4969 --
3163 4926 3450 4997 Ἐλαμψεν

1873 5011 1933 5061 ὲν
1961 5010 2038 5079 τῷ
2073 5012 2253 5064 σκότει
2292 5012 2400 5064 τῶν
2452 5016 2778 5083 πειρασμῶν
2810 5016 3097 5085 ἀναψυχῆς
3151 5019 3264 5081 τοῖς
3308 5019 3446 5087 ὀρθά

1872 5101 2163 5173 φρονοῦσιν
2212 5106 2240 5157 0
2289 5103 2543 5175 ιλεήμων
2590 5106 2685 5157 καὶ
2714 5106 3017 5177 οίκτίρμων
3050 5107 3143 5161 καὶ
3186 5108 3392 5172 δίκαιος
3419 5111 3447 5164 0

1871 5194 2024 5256 000;.

1951 5306 1970 5337 0
2006 5288 2253 5357 Χρηστδς
2307 5288 2448 5359 ἀνὴρ
2497 5292 2525 5342 0
2560 5290 2862 5358 οἰκτίρμων
2916 5291 3008 5343 καὶ
3059 5291 3283 5361 κιχρῶν.
3323 5310 3342 5345 0
3375 5322 3445 5334 -—

1878 5409 1927 5422 -
1954 5380 2013 5431 '0
2044 5378 2255 5449 δωρεὰν
2293 5381 2468 5442 διδοὺς
2499 5383 2610 5442 τοῖς
2638 5382 2886 5451 ἀπόροις,
2913 5382 3008 5434 καὶ
3039 5381 3302 5445 δανείζων
3331 5386 3445 5447 τοῖς

1871 5473 2133 5545 χρῄζουσι
2167 5473 2402 5525 δανείου.

1950 5584 1967 5615 ι
2003 5566 2366 5636 υῖκονομήσει
2399 5566 2526 5628 τοὺς
2558 5565 2749 5635 λόγους
2789 5563 2955 5617 αὐτοῦ
2987 5564 3047 5616 ιν
3078 5565 3280 5634 κρίσει.
3326 5582 3345 5617 0
3376 5597 3445 5610 --

1872 5656 2040 5724 οὗτος
2068 5661 2324 5722 εὐθέτους
2357 5661 2574 5730 ποιήσει
2606 5660 2704 5722 τὰς
2748 5658 3045 5725 ἀπολογίας
3093 5658 3261 5713 06106
3290 5659 3348 5711 ιν
3378 5661 3442 5728 τη

1874 5753 2143 5824 μελλούσῃ
2175 5752 2372 5821 κρίσει,
2401 5752 2701 5813 τουτέστιν,
2732 5751 2792 5803 06
2833 5751 3377 5822 καταδικασθήσεται.

1952 5863 1969 5896 0
2005 5845 2128 5897 Ὀτι
2155 5844 2233 5904 είς
2256 5842 2347 5894 10v
2372 5841 2545 5895 αίῶνα
2588 5842 2649 5893 06
2698 5841 3114 5909 σαλευθήσεται.
3155 5858 3173 5890 0
3213 5839 3442 5892 --"010

1872 5937 2159 5999 διαπαντῖς
2192 5932 2489 5994 ἀσάλευτος
2547 5934 2698 5999 μενεῖ
2748 5932 2841 5984 τοῦ
2877 5932 3040 6002 όρθου
3082 5931 3433 6003 φρονήματος
