4192 6430
681 453 817 514 1575

1864 428 2281 492 NICEPHORI
2314 422 2731 485 BLEMMlD/E

3785 421 3805 481 1
3819 418 3923 481 576

674 571 770 636 τῆς
807 571 883 631 είς
915 568 1042 619 Θεδν
1080 562 1459 635 πεποιθήσεως
1511 563 1607 613 καὶ
1640 562 1735 629 τῆς
1785 559 1947 629 θεαρέ
1965 574 2093 610 στου
2120 556 2234 607 δια·
2266 558 2311 614 Α
2340 552 2431 619 γῇ.
2470 569 2488 600 1
2544 577 2613 589 ——
2645 545 2801 599 υὺτω
2864 544 3204 636 συντακτόον.
3229 542 3326 607 Τίς
3375 543 3451 606 ὡς
3505 543 3706 614 Κύριος
3732 544 3761 595 0
3789 541 3923 605 Θεὸς

675 664 879 727 γωγῆςο

752 771 769 801 ε
810 752 898 812 Εἰς
930 748 1274 818 μνημόσυνον
1301 745 1521 798 αἰώνιον
1553 742 1706 795 ἔσται
1728 742 1954 803 δίκαιος.
1996 758 2014 790 1
2044 768 2110 779 -—
2144 738 2243 789 Διὰ

676 847 785 912 γὰρ
815 845 912 903 τὰς
944 842 1147 911 ἀρετὰς
1210 838 1373 892 αὑτοῦ
1412 837 1632 905 μνήμης
1673 834 1932 902 τυγχάνει
1963 831 2245 899 διηνεκοῦς

678 936 831 1003 παρά
860 934 1066 1002 τεθεῷ
1093 933 1187 985 καὶ
1220 916 1337 992 ’τοῖς
1363 927 1623 1000 φρονοῦσι
1652 927 1719 978 τὰ
1768 924 1861 978 τοῦ
1890 924 2049 976 Θεοῦ.

756 1046 774 1078 1
825 1030 953 1080 Ἀπὸ
1010 1026 1178 1095 ἀκοῆς
1244 1023 1493 1091 πονηρᾶς
1553 1020 1615 1071 οὑ
1671 1018 2069 1086 φοόηθήσεται.
2109 1033 2129 1067 1
2179 1042 2248 1054 —

694 1120 824 1171 Ἀπὸ
853 1117 1128 1186 ἀγγελίας,
1152 1115 1317 1183 φόϐον
1352 1112 1654 1182 ἐμποιῆσαι
1702 1109 2008 1177 δυναμένης
2046 1110 2106 1158 οὑ
2143 1106 2250 1157 δει-

680 1211 874 1262 λιάσει.

757 1317 773 1348 1
836 1297 1249 1365 Ἐστήρικταιή
1299 1293 1491 1363 καρδία
1529 1291 1716 1355 αὑτοῦ,
1767 1291 1828 1343 ού
1876 1289 1951 1360 μὴ
2008 1290 2249 1359 φοϐηθῇ,

680 1393 780 1452 ἓως
807 1390 866 1442 οὖ
895 1391 1050 1459 ἐπίδῃ
1096 1390 1189 1440 ἐπὶ
1235 1387 1362 1449 τοὺς
1401 1386 1628 1453 ιχθροὺς
1671 1382 1862 1437 αὑτοῦ.
1902 1402 1920 1433 1
1956 1411 2026 1423 —
2060 1384 2134 1436 Οὑ
2176 1384 2251 1454 μὴ

682 1482 891 1552 φοϐηθῇ
925 1483 1027 1543 ἕως
1076 1482 1141 1535 ἂν
1175 1480 1334 1550 ἐπίδῃ
1382 1479 1475 1531 ἐπὶ
1512 1480 1637 1538 τοὺς
1680 1475 1973 1544 αἰσθητοὺς
2003 1478 2096 1528 καὶ
2123 1492 2249 1543 νοη-

681 1573 807 1632 τοὺς
841 1570 1064 1638 ἐχθροὺς
1092 1567 1259 1621 αὑτοῦ
1288 1568 1323 1622 δ.
1348 1568 1649 1629 πείσονται,
1699 1566 1880 1631 πολλῷ
1906 1564 2109 1633 μᾶλλον
2135 1567 2256 1619 οὐδὲ

690 1662 827 1729 μετὰ
858 1656 1026 1714 ταῦτα
1051 1675 1064 1687 ·
1093 1659 1365 1727 γραφικδν
1423 1657 1533 1728 γὰρ
1582 1657 1779 1727 ἰδίωμα
1808 1659 1868 1709 τὸ
1889 1656 1958 1710 τὰ
2002 1656 2256 1709 συννοού-

689 1767 827 1820 μενα
855 1752 1241 1820 παρασιωπᾷν.

763 1862 779 1891 1
814 1843 1192 1912 Ἐσκόρπισεν,
1218 1843 1384 1895 ἔδωκε
1405 1843 1519 1904 τοῖς
1542 1841 1789 1910 πένησιν.
1816 1857 1835 1890 1
1864 1839 2021 1892 -Τδ
2041 1839 2256 1907 ἐσκόρ-

2352 640 2509 708 ημῶν
2547 640 2605 689 ἐν
2636 637 2715 706 τῷ
2746 635 2962 705 τύρανῷ
2992 635 3083 687 καὶ
3108 634 3250 705 ἐντῇ
3278 636 3373 704 γῇ.

2434 751 2451 781 1
2505 730 2565 781 '0
2601 730 2831 797 ὶγείρων
2859 727 2966 781 ἀπὸ
2995 726 3099 795 γῆς
3145 726 3384 794 πτωχὸν,
3418 725 3513 778 καὶ
3559 724 3667 776 ἀπὸ
3699 725 3931 794 κοπρίας

2357 822 2577 890 ἀνυψῶν
2614 822 2840 891 πένητα.
2878 838 2899 872 1
2930 848 2999 857 —
3031 818 3131 873 Διὰ
3160 819 3262 889 γῆς
3305 819 3400 871 καὶ
3429 819 3528 886 τῆς
3554 818 3787 888 κοπρίας
3836 817 3932 885 τὴν

2337 918 2342 925 ’
2358 916 2636 969 εὐτέλειαν
2669 914 2851 981 δηλοῖ.

2435 1025 2452 1055 1
2489 1004 2596 1057 Ἰ“οῦ
2621 1005 2835 1057 καθίσαι
2871 1003 3034 1057 αὑτὸν
3072 1004 3208 1071 μετὰ
3233 1003 3536 1071 ἀρχόντων,
3574 1002 3715 1071 μετὰ
3733 1002 3929 1072 ἀρχόν-

2361 1116 2470 1150 των
2500 1097 2591 1148 τοῦ
2628 1096 2759 1148 λαοῦ
2788 1096 2977 1151 αὑτοῦ.
3018 1113 3036 1145 1
3079 1124 3147 1134 —
3203 1095 3368 1147 Ὥστε
3403 1094 3655 1160 σύνεδρον
3710 1082 3951 1157 ποιῆσαι

2362 1188 2456 1239 καὶ
2480 1186 2742 1253 ὁμότιμον
2773 1187 2883 1245 τοῖς
2921 1184 3152 1254 ἄρχουσι
3187 1182 3281 1236 τοῦ
3319 1182 3421 1235 ὑπ’
3453 1182 3619 1234 αὑτοῦ
3687 1182 3935 1234 κτισθέν-

2361 1297 2451 1339 τος
2474 1278 2623 1331 λαοῦ.
2663 1279 2883 1330 Νοεῖται
2912 1277 2969 1329 δὲ
2999 1277 3061 1329 τὸ
3093 1277 3257 1345 ῥητὸν
3279 1276 3373 1329 καὶ
3414 1276 3505 1327 επὶ
3560 1272 3653 1326 τοῦ
3712 1276 3776 1327 ὲκ
3835 1274 3933 1341 τῆς

2363 1372 2473 1423 τῶν
2503 1371 2690 1422 παθῶν
2721 1370 2942 1438 ἀτιμίας
2972 1369 3279 1437 ὑψωθέντος
3320 1367 3414 1420 καὶ
3463 1368 3575 1429 τοῖς
3614 1366 3934 1426 ἀποστόλοις

2368 1463 2612 1529 ἰσοτίμου
2648 1461 2937 1528 γεγονότος
2968 1458 3097 1512 λαοῦ
3127 1458 3363 1512 ὲθνικοῦ.

2441 1572 2458 1603 1
2505 1553 2563 1603 '0
2625 1553 2955 1613 κατοικίζων
3005 1552 3223 1620 στείραν
3285 1554 3344 1603 ἰν
3391 1549 3525 1619 οἴκῳ
3579 1549 3794 1618 μητέρα
3841 1548 3935 1599 ἰπὶ

2364 1643 2572 1702 τέκνοις
2593 1643 3051 1711 εὑφραινομένην.
3087 1661 3104 1693 1
3134 1672 3204 1683 —
3242 1642 3302 1693 Ὀ
3331 1642 3429 1710 τὴν
3480 1642 3702 1708 στείραν
3766 1640 3937 1693 ποιῶν

2364 1737 2535 1787 οἰκεῖν
2565 1736 2621 1786 ἐν
2653 1735 2788 1801 οἴκῳ
2821 1735 3056 1802 μητέρα.
3090 1734 3260 1786 Τοῦτο
3289 1733 3344 1786 δὲ
3392 1734 3483 1785 καὶ
3541 1733 3632 1785 ἐπὶ
3666 1732 3767 1799 τῆς
3818 1733 3939 1784 Ἐκ-

2367 1829 2594 1897 κλησίας
2624 1828 2981 1897 λαμϐάνεται.
3032 1822 3194 1880 Οἰκον
3240 1828 3296 1881 δὲ
3350 1828 3474 1889 τοὺς
3525 1827 3758 1886 οἰκείους
3809 1841 3937 1891 νοη-

688 1949 832 1987 πίσε
888 1937 988 2004 τήν
1049 1951 1108 1987 τι
1156 1934 1254 2002 τῆς
1304 1934 1643 2002 μεταδόσεως
1679 1933 1935 2002 ἐμφαίνει
1962 1932 2259 2001 δαψίλειαν,
2293 1916 2341 1976 Β
2369 1922 2507 1973 τὲον.

690 2030 784 2079 καὶ
812 2028 872 2079 τὸ
902 2028 1109 2095 σπορὰν
1138 2025 1277 2078 εἶναι
1322 2028 1421 2097 τὴν
1460 2027 1853 2095 ἐλεημοσύνην,
1890 2029 2260 2092 ἀποταμιευο·

693 2121 863 2190 μένην
889 2119 966 2187 τῷ
1006 2120 1365 2189 ἐργαζομένῳ
1406 2120 1500 2172 τὸν
1530 2118 1791 2186 ἀνάλογον
1830 2119 2115 2189 θερισμόν.

767 2229 784 2261 1
838 2212 901 2263 ’Π
932 2210 1250 2279 δικαιοσύνη
1305 2210 1470 2262 αὑτοῦ
1524 2212 1673 2278 μένει
1717 2212 1799 2273 εἰς
1828 2212 1919 2262 τὸν
1968 2210 2141 2262 αἰῶνα
2165 2208 2262 2262 τοῦ

693 2304 888 2366 αἰῶνος
911 2319 923 2333 ο
958 2304 1015 2355 τὸ
1050 2306 1217 2373 κέρας
1262 2304 1427 2356 αὑτοῦ
1466 2303 1811 2373 ὑψωθήσεται
1859 2305 1915 2355 ὲν
1952 2303 2098 2373 δόξῃ.
2138 2320 2159 2354 1
2197 2331 2265 2343 —

696 2397 1054 2465 Δικαιοσύνην
1097 2396 1331 2465 ἐνταῦθα
1361 2397 1458 2465 τὴν
1504 2396 1872 2465 ἐλεημοσύνην
1903 2396 2033 2465 φησί
2060 2411 2075 2427 ⁸
2101 2395 2267 2464 κοινῷ
2300 2406 2303 2407 ⁷

699 2493 806 2558 γὰρ
842 2491 1065 2558 ὀνόματι
1102 2491 1278 2543 πᾶσαν
1308 2490 1513 2557 ἀρετὴν
1539 2488 1889 2557 δικαιοσύνην
1920 2483 2027 2542 οίδε
2056 2489 2264 2554 καλεῖν,

700 2580 773 2640 ὡς
823 2580 1170 2648 ἐκπλήρωσιν
1218 2579 1462 2649 ἐντολῆς.
1496 2578 1718 2632 Δίκαιον
1748 2579 1857 2646 γὰρ
1884 2578 2009 2642 τοὺς
2039 2576 2265 2647 βροτοὺς

701 2670 1008 2739 ἐκπληροῦν
1062 2670 1127 2722 τὰ
1183 2667 1280 2723 τοῦ
1334 2670 1606 2721 Δεσπότου
1646 2667 1995 2738 ἐντάλματα,
2040 2667 2136 2720 καὶ
2189 2667 2271 2718 δτι

703 2801 715 2814 .
748 2802 758 2813 .
788 2801 801 2813 .
826 2761 1069 2815 αιοῦνται
1097 2761 1316 2814 δύναται
1348 2760 1489 2814 κατὰ
1522 2760 1619 2828 τὴν
1668 2761 1970 2830 μέλλουσαν
2024 2760 2206 2828 κρίσιν
2237 2760 2271 2827 ἡ

700 2856 869 2925 ἀρετὴ
903 2856 992 2908 τὸν
1050 2856 1291 2923 ιργάτην
1326 2855 1515 2924 αὑτῆς.
1571 2856 1681 2909 Καὶ
1734 2856 1850 2922 ἅμα
1901 2854 2037 2923 φησὶ
2083 2856 2271 2906 δίκαια

702 2950 768 2998 τὰ
797 2946 889 3001 τοῦ
925 2947 1060 3000 Θεοῦ
1093 2948 1492 3017 προστάγματα
1532 2945 1849 3015 σύμπαντα,
1911 2946 1969 3008 ὃς
2011 2944 2072 3015 δὴ
2104 2944 2262 2999 αὑτο-

703 3041 1022 3112 δικαιοσύνη
1057 3042 1231 3095 ἐστίν.

781 3153 799 3185 1
868 3134 1219 3203 ’Λμαρτωλὸς
1269 3133 1463 3201 ὄψεται
1517 3131 1613 3183 καὶ
1652 3132 2063 3201 όργισθήσεται.
2133 3150 2152 3182 1
2206 3161 2274 3172 —

711 3227 970 3294 Ἔλεγχον
1004 3226 1098 3295 τῆς
1124 3224 1331 3286 οἰκείας
1374 3223 1775 3293 ἀπανθρωπίας
1804 3224 1900 3292 τὴν
1930 3221 2026 3275 τοῦ
2057 3222 2274 3276 δικαίου

710 3320 912 3388 κρίνων
942 3318 1380 3387 φιλανθρωπίαν.

787 3430 803 3461 ι
838 3411 976 3471 Τοὺς
1012 3409 1226 3471 ὀδόντας
1246 3409 1412 3462 αὑτοῦ
1438 3407 1623 3479 βρύξει
1670 3408 1761 3460 καὶ
1798 3409 2117 3478 τακήσεται.
2157 3426 2174 3458 1
2210 3436 2278 3448 —

712 3502 907 3568 Βρύξει
951 3501 1052 3571 μὲν
1081 3502 1178 3571 τὴν
1226 3501 1375 3554 ἔνδον
1405 3500 1601 3569 όδύνην
1646 3498 1862 3562 δεικνύς
1890 3513 1904 3528 ⁸
1934 3500 1994 3553 οὑ
2024 3500 2195 3570 τολμᾷ
2226 3498 2282 3553 δὲ

714 3591 1086 3661 φθέγξασθαι·
1116 3592 1461 3663 φραττούσης
1492 3591 1656 3645 αὑτοῦ
1701 3592 1761 3643 τὸ
1811 3591 1993 3660 στόμα
2023 3590 2125 3659 τῆς
2154 3592 2280 3661 ἀρε-

711 3687 809 3757 τῆς
842 3686 919 3755 τῷ
953 3686 1131 3757 φθόνῳ
1160 3687 1478 3755 τακήσεται.

791 3798 807 3830 1
862 3780 1163 3849 Ἐπιθυμία
1212 3774 1540 3849 ἁμαρτωλοῦ
1593 3776 1897 3829 ἀπολεῖται.
1942 3795 1960 3827 1
2024 3805 2093 3817 ——
2146 3777 2281 3829 Συν-

718 3872 1014 3924 από).λυται
1046 3871 1153 3940 γὰρ
1175 3873 1286 3933 τοῖς
1316 3869 1773 3938 ιπιθυμουμένοις
1803 3869 2096 3936 πράγμασι
2113 3868 2287 3937 φθαρ-

717 3964 827 4023 τοῐς
860 3958 981 4015 οῦσι
1008 3979 1022 3993 ·
1050 3963 1193 4025 τίνος
1231 3961 1337 4032 γὰρ
1382 3960 1490 4015 τῶν
1540 3961 1836 4031 ἀφθάρτων
1895 3960 2228 4030 ἐπιθυμήσει
2258 3960 2285 4011 0

718 4056 1043 4125 ἁμαρτωλός
1064 4071 1079 4121 ;

1268 4169 1566 4222 ΨΔΛΜΟΣ
1596 4169 1742 4223 PIB'.

798 4303 816 4335 1
865 4283 1207 4352 Ἀλληλούϊα.
1265 4285 1499 4346 Αἰνεῖτε,
1543 4284 1754 4346 παῖδες,
1812 4282 2051 4350 Κύριον·
2088 4281 2291 4333 αἰνεῖτε

722 4379 783 4427 τὸ
818 4376 987 4445 δνομα
1021 4376 1251 4446 Κυρίου.
1293 4395 1311 4430 1
1346 4408 1415 4418 —
1475 4376 1681 4439 Παῖδας
1730 4376 1854 4439 τοὺς
1906 4374 2129 4436 δούλους
2159 4374 2293 4426 ὠνό-

730 4483 923 4534 μασεν.

802 4575 819 4604 ε
862 4556 959 4625 Είη
1001 4556 1060 4608 τὸ
1088 4555 1261 4625 ὄνομα
1290 4556 1496 4625 Κυρίου
1533 4552 1901 4624 εὐλογημένον
1931 4553 2038 4606 ἀπὸ
2072 4550 2164 4604 τοῦ
2198 4552 2291 4603 νῦν

725 4648 817 4697 καὶ
850 4647 953 4709 ἕως
985 4645 1079 4699 τοῦ
1112 4645 1325 4708 αἰῶνος.
1360 4664 1378 4697 1
1416 4674 1485 4692 --
1543 4646 1652 4697 Καὶ
1700 4644 1880 4710 λόγοις
1931 4643 2024 4695 καὶ
2085 4642 2290 4710 ἔργοις,

725 4738 1057 4801 ὃοξκζόντων
1100 4738 1259 4807 ἡμῶν
1302 4740 1392 4791 τὸν
1421 4738 1576 4791 Θεόν.

807 4872 827 4906 1
874 4855 1007 4908 Ἀπὸ
1028 4852 1302 4907 ἀνατολῶν
1340 4853 1489 4922 ἡλίου
1525 4852 1687 4921 μέχρι
1731 4850 1956 4920 δυσμῶν
1986 4848 2195 4902 αἰνετὺν
2238 4846 2297 4899 τὸ

727 4950 899 5018 δνομα
924 4947 1156 5017 Κυρίου.
1200 4964 1218 4997 1
1250 4973 1317 4984 —
1343 4946 1455 4998 Οὑκ
1512 4946 1570 4996 ἐν
1628 4941 1971 5012 Παλαιστίνῃ
2002 4941 2161 5009 μόνον
2191 4956 2205 4970 ⁸
2238 4937 2299 4989 τὸ

730 5041 1075 5108 παγκόσμιον
1109 5041 1213 5108 γάρ
1249 5035 1614 5107 προαγορεύει
1649 5036 1930 5103 κήρυγμα.

808 5152 825 5184 1
871 5132 1106 5201 ’Υψηλδς
1134 5134 1224 5183 ἐπὶ
1255 5132 1432 5184 πάντα
1485 5128 1552 5180 τὰ
1600 5126 1727 5194 ἔθνη
1778 5125 2002 5193 Κύριος,
2060 5121 2153 5173 καὶ
2211 5120 2299 5170 ἐπὶ

732 5226 996 5293 οὐρανοὺς
1024 5225 1056 5291 ἡ
1089 5222 1209 5286 δόξα
1244 5220 1431 5275 αὑτοῦ.
1476 5239 1494 5271 1
1545 5248 1612 5258 —
1680 5217 1894 5285 Ὑψηλὰ
1954 5211 2300 5282 φρονούντων

734 5321 827 5369 καὶ
853 5315 1293 5385 δογματιζόντων
1321 5314 1448 5381 περὶ
1484 5310 1647 5364 αὑτοῦ
1685 5310 1791 5361 τῶν
1819 5307 2007 5375 ἐθνῶν.

813 5430 830 5459 1
870 5409 961 5471 Ἰ”ἰς
987 5407 1061 5470 ὡς
1097 5406 1299 5476 Κύριος
1328 5408 1353 5458 ὀ
1375 5404 1503 5466 Θεὸς
1567 5403 1723 5472 ἡμῶν
1761 5419 1775 5465 ;
1806 5420 1822 5450 1
1849 5428 1919 5439 —
1949 5395 2118 5449 Τοῦτο
2172 5390 2303 5461 πρὸς

737 5500 936 5569 χλεύην
968 5500 1074 5551 τῶν
1110 5494 1476 5567 ψευδωνύμων
1505 5494 1696 5546 ὲθνὼν.

816 5633 835 5665 1
880 5612 941 5665 '0
999 5616 1056 5665 tv
1105 5612 1326 5683 ὑψηλοῖς
1362 5609 1656 5663 κατιοκῶν.
1696 5627 1713 5659 1
1749 5637 1812 5647 -—
1871 5603 2045 5658 Τοῦτο
2092 5603 2177 5655 διὰ
2212 5602 2305 5662 τὰς

2908 2012 3201 2066 ΨΔΛΜΟΣ
3233 2008 3378 2065 PH".

2447 2146 2465 2179 1
2515 2123 2834 2197 Ἀλληλούῖα
2870 2141 2888 2159 θ
2921 2126 2980 2179 ιν
3029 2126 3190 2190 ἐξόδῳ
3241 2125 3463 2194 Ἰσραὴλ
3521 2123 3582 2188 ἑξ
3636 2123 3941 2191 Αἰγύπτου.

2366 2223 2517 2275 οίκου
2554 2220 2746 2275 Ἰακὼϐ
2776 2223 2838 2274 ὲκ
2858 2219 2991 2273 λαοῦ
3038 2220 3314 2291 βαρϐάρου
3347 2260 3361 2284 ,
3412 2218 3643 2287 ἐγενήθη
3704 2216 3945 2269 Ἰουδαία

2370 2313 2618 2382 ἁγίασμα
2647 2311 2837 2377 αὑτοῦ,
2881 2311 3097 2381 Ἰσραὴλ
3121 2309 3343 2373 ιξουσία
3381 2307 3578 2362 αὑτοῦ.
3623 2326 3641 2359 1
3682 2337 3751 2345 —
3788 2304 3944 2358 Μετὰ

2367 2408 2431 2459 τδ
2460 2405 2723 2470 ἐξελθεῖν,
2753 2405 2911 2473 φησὶ,
2940 2404 3065 2465 τοὺς
3123 2402 3467 2471 Ἰσραηλίτας
3519 2399 3580 2466 ιε
3635 2397 3945 2466 Αἰγύπτου,

2370 2499 2467 2550 καὶ
2493 2499 2554 2551 τὸ
2584 2498 2737 2564 γένος
2760 2495 2855 2549 τοῦ
2904 2493 3099 2547 Ἰακὼϐ
3132 2494 3193 2558 ἒξ
3234 2494 3426 2556 ιθνους
3478 2493 3573 2545 τοῦ
3641 2495 3948 2558 Αἰγύπτιαι

2371 2591 2469 2644 κοῦ
2494 2590 2769 2661 ἰιγίνετοη
2804 2590 3151 2658 Παλαιστίνη
3176 2588 3433 2657 ἀνάθημα
3461 2586 3538 2655 τῷ
3576 2585 3716 2654 Θεῷ,
3763 2588 3857 2637 καὶ
3919 2587 3951 2636 0

2385 2681 2777 2751 Ίσραηλιτικὸς
2805 2681 2933 2744 λαὸς
2963 2680 3417 2749 ἑξουσιαζόμενος
3452 2678 3545 2730 ὑπ’
3601 2677 3770 2730 αὑτοῦ
3821 2676 3946 2729 κατ’

2373 2772 2668 2826 οἰκείωσιν.

2455 2906 2474 2939 1
2516 2887 2583 2940 Ἦ
2630 2886 2874 2940 θάλασσα
2903 2881 3011 2939 εῑδε
3053 2884 3149 2939 καὶ
3178 2885 3400 2952 εφυγεν.
3447 2903 3464 2935 1
3497 2913 3567 2923 —
3598 2883 3665 2935 Ἦ
3708 2882 3952 2952 Ἐρυθρὰ

2377 2980 2625 3033 θάλασσα
2657 2978 2799 3046 ἔγνω
2827 2978 3141 3048 ἀπόρρητος
3190 2978 3291 3046 τὴν
3344 2977 3495 3030 θείαν
3546 2976 3804 3043 δύναμιν,
3852 2975 3953 3026 καὶ

2376 3071 2622 3141 διῃρέθη.
2664 3071 2737 3124 Τὸ
2773 3072 2937 3140 τάχος
2969 3071 3026 3123 δι
3057 3068 3157 3138 τῆς
3186 3068 3511 3138 διαιρέσεως
3542 3068 3630 3120 διὰ
3674 3066 3769 3120 τοῦ
3801 3066 3953 3134 ἔφυ·

2380 3179 2484 3233 τον
2509 3164 2873 3232 ὑπεδήλωσεν.

2301 3260 2348 3322 C
2453 3298 2470 3329 1
2508 3280 2617 3332 Καὶ
2649 3279 2737 3340 σὺ,
2782 3280 3041 3347 Ἰορδάνη,
3073 3279 3155 3330 ὅτι
3188 3277 3543 3345 ἐπεστράφης
3586 3276 3665 3335 εἰς
3699 3272 3771 3325 τὰ
3822 3274 3957 3325 011(-

2382 3389 2459 3424 σω
2492 3388 2505 3437 ;
2533 3389 2550 3422 1
2590 3400 2658 3412 —
2700 3372 2825 3423 Ἐπὶ
2861 3369 3040 3442 Ἰησοῦ
3076 3371 3163 3424 δτε
3192 3369 3501 3439 ἀνεχαίτισε
3529 3369 3588 3422 τδ
3637 3368 3818 3439 ῥεῦμα
3849 3368 3954 3418 αὑ-

2380 3463 2499 3519 τοῦ.

2463 3574 2592 3628 ιΤά
2658 3574 2759 3644 δρη
2813 3574 2894 3627 ὅτι
2948 3574 3311 3643 ὲσκιρτήσατε
3353 3571 3484 3625 ὡσεὶ
3522 3590 3592 3641 κρ
3617 3575 3687 3636 οἱ,
3746 3575 3841 3625 καὶ
3902 3574 3959 3625 οι

2388 3669 2567 3737 βου·.οὶ
2617 3667 2693 3729 ὡς
2750 3667 2912 3736 ἀρνία
2952 3667 3276 3737 προδάτων.
3320 3685 3338 3717 1
3378 3696 3448 3707 —
3492 3664 3600 3733 Τὴν
3647 3666 3962 3736 ὑπερϐολὴν

2386 3762 2483 3829 τῆς
2534 3758 2837 3827 τηνικαῦτα
2864 3759 3043 3829 χαρᾶς
3070 3757 3160 3809 διὰ
3188 3756 3399 3808 τούτων
3422 3756 3740 3807 αἰνίττεται.

2465 3869 2483 3901 1
2523 3850 2586 3901 Τί
2619 3847 2702 3898 σοί
2756 3850 2894 3912 ἑστι,
2948 3846 3209 3911 θάλασσα,
3265 3848 3347 3900 ὅτι
3389 3846 3617 3913 ἑφυγεςς
3659 3863 3677 3894 1
3746 3874 3815 3886 —
3859 3844 3959 3896 Διά

2392 3938 2492 4008 μὲν
2514 3938 2574 3989 τὸ
2596 3938 2873 4007 ὑπερφυὲς
2901 3936 2999 3989 τοῦ
3030 3938 3354 4006 πράγματος
3386 3936 3465 3997 εἰς
3494 3934 3764 4002 ἐρώτησιν
3823 3951 3963 4003 σχη-

2394 4029 2608 4099 ματίζει
2636 4029 2727 4081 τὸν
2758 4030 2935 4096 λόγον,
2978 4008 3079 4081 ’διὰ
3138 4028 3195 4081 δὲ
3253 4028 3313 4080 τὸ
3370 4026 3575 4096 ἄψυχον
3621 4026 3713 4077 καὶ
3763 4027 3965 4091 ἄλογον

2392 4123 2499 4175 τῶν
2530 4123 2811 4191 στοιχείων
2851 4122 3010 4183 αὑτὸς
3039 4123 3275 4174 ποιεῖται
3302 4119 3443 4189 ὑπὲρ
3480 4119 3661 4171 αὑτῶν
3695 4118 3794 4187 τὴν
3826 4120 3965 4185 ἁπό-

2393 4232 2599 4285 κρισιν.

2468 4327 2486 4357 ε
2541 4307 2675 4359 Ἀπὸ
2716 4305 3010 4374 προσώπου
3064 4302 3268 4372 Κυρίου
3309 4301 3577 4369 εσαλεύθη
3637 4304 3671 4369 ἡ
3711 4301 3809 4368 γῆ,
3855 4303 3969 4355 ἀπὸ

2395 4398 2697 4470 προπώπου
2732 4397 2825 4449 τοῦ
2864 4396 2999 4448 Θεοῦ
3030 4394 3245 4449 Ἰακώϐ.
3290 4414 3308 4446 1
3345 4424 3413 4433 ——
3448 4412 3466 4444 1
3507 4391 3654 4460 Ἐγὼ
3686 4394 3794 4460 γάρ
3820 4394 3967 4456 εἰμι,

2399 4492 2585 4559 φησὶν,
2634 4492 2661 4541 0
2713 4489 2846 4548 Θελις
2893 4486 3171 4553 ’Δύραὰμ,
3200 4486 3296 4536 1101
3335 4487 3363 4537 0
3392 4483 3523 4543 Θεὸς
3555 4482 3763 4544 Ἰσαὰκ,
3810 4482 3908 4531 καὶ
3942 4484 3971 4531 0

2325 4604 2368 4659 υ
2408 4583 2537 4642 Θεὸς
2573 4579 2790 4633 Ἰακώσ.
2829 4596 2848 4628 1

2475 4694 2493 4725 1
2531 4673 2637 4726 Τοῦ
2664 4672 2991 4738 στρέψαντος
3020 4669 3115 4734 τὴν
3144 4668 3352 4738 πέτραν
3382 4666 3462 4727 εἰς
3479 4665 3671 4733 λίμνας
3696 4663 3967 4714 ὑδάτων.»

2394 4765 2592 4817 -Τοῦ
2655 4762 3083 4833 μεταϐάλλοντος
3146 4760 3245 4829 τὴν
3300 4759 3508 4826 πέτραν
3562 4756 3668 4806 ἀπὸ
3701 4758 3798 4822 τῆς
3830 4755 3975 4805 κατά

2398 4857 2563 4928 φύσιν
2590 4856 2960 4925 σκληρότητος
2990 4856 3070 4916 είς
3099 4851 3158 4904 τὸ
3196 4851 3477 4920 λιμνάζειν
3509 4848 3683 4900 ὕδασι.

2478 4972 2496 5004 1
2533 4953 2641 5004 Καὶ
2691 4951 2789 5016 τὴν
2849 4950 3153 5015 ἁκρότομον
3209 4945 3289 5005 εἰς
3346 4942 3532 5009 πηγάς
3579 4940 3813 4992 ὑδάτων.
3851 4957 3871 4989 1
3906 4966 3976 4977 -

2402 5042 2722 5108 Παλιλλογεῖ
2748 5034 3369 5107 συνήθω;.Ἀκρότομον
3395 5031 3449 5083 δι
3484 5033 3580 5100 τὴν
3615 5032 3823 5095 πέτραν
3887 5025 3973 5079 εί·-

2409 5153 2531 5201 πεν,
2565 5134 2638 5195 ὡς
2666 5135 2734 5185 ὲκ
2767 5131 2874 5182 τῶν
2921 5132 3109 5197 ἄκρων
3158 5142 3309 5195 μοΑις
3352 5121 3812 5191 ἁποθραυομένην
3890 5136 3978 5168 σι-

2403 5229 2552 5297 δήρῳ
2576 5226 2664 5276 διὰ
2684 5223 2780 5291 τὴν
2807 5222 2944 5287 ἄγαν
2969 5218 3309 5271 ἀντιτυπίαν.

2484 5336 2501 5365 1
2536 5316 2624 5381 Μὴ
2660 5311 3024 5381 ήμῖν,Κύριε,
3061 5309 3134 5376 μὴ
3170 5308 3323 5374 ἡμῖν,
3353 5303 3485 5357 ἀλλὰ
3512 5302 3591 5370 τῷ
3617 5301 3843 5368 ὀνόματί
3886 5314 3977 5348 σου

2411 5407 2497 5468 δὸς
2552 5406 2735 5470 δόξαν.
2774 5423 2794 5453 1
2836 5430 2899 5441 —
2939 5403 3030 5467 Μὴ
3084 5399 3313 5469 δοξάσῃς
3369 5398 3549 5465 ἡμᾶς·
3604 5394 3815 5456 ἀνάξιοι
3874 5393 3984 5455 γάρ

2409 5501 2579 5565 ἐσμεν
2612 5512 2626 5525 ·
2680 5494 2815 5546 ἀλλὰ
2847 5494 2904 5545 τὸ
2951 5492 3123 5558 ὄνομα
3164 5506 3257 5542 σου
3291 5488 3513 5551 δόξασον
3570 5486 3628 5537 ιν
3666 5486 3743 5550 τῷ
3792 5480 3985 5549 ἀληθεῖ

2411 5591 2549 5643 ἐλέει
2579 5605 2697 5651 σου,
2723 5588 2840 5656 ἦτοι
2863 5588 2920 5638 ιν
2942 5584 3018 5653 τῷ
3046 5582 3249 5652 κυρίως
3280 5581 3421 5632 ιλόει
3449 5595 3463 5610 ·
3502 5579 3562 5631 τὸ
3610 5578 3717 5644 γὰρ
3768 5570 3986 5641 ἀνθρώ-

740 5706 1026 5777 ούρανίους
1074 5675 1329 5773 δυύάμεις
1385 5701 1484 5763 τὰς
1526 5700 1834 5768 ὁλοκλήρως
1884 5695 2208 5766 ἐνεργούσας
2250 5692 2310 5743 τὸ
2414 5699 2570 5734 πινον
2602 5682 2746 5739 ἔλεος
2774 5678 2833 5730 οὗ
2866 5675 3130 5728 τοιοῦτον.

741 5799 952 5865 θέλημα
979 5794 1069 5848 τοῦ
1106 5795 1263 5856 Θεοῦ,
1296 5795 1418 5848 ἐπεὶ
1450 5794 1507 5845 τὸ
1540 5793 1697 5844 Θεῖον
1730 5788 2166 5857 ἀπερίγραπτον.

817 5908 835 5937 ‹
876 5889 975 5939 Καῖ
1008 5888 1071 5941 τὰ
1105 5887 1330 5938 ταπεινὰ
1366 5885 1573 5954 ἐφορῶν
1603 5884 1658 5934 ἐν
1682 5880 1759 5950 τῷ
1791 5876 2007 5950 οὐρανῴ
2034 5879 2129 5929 καὶ
2159 5877 2213 5929 ἐν
2243 5877 2309 5943 τῇ

2492 5795 2508 5825 1
2553 5773 2680 5827 Ἐπὶ
2703 5772 2778 5838 τῷ
2809 5770 2946 5822 ἐλέει
2982 5785 3075 5820 σου
3107 5766 3199 5817 καὶ
3224 5767 3289 5834 τῇ
3312 5760 3542 5830 ἀληθεία
3568 5776 3660 5811 σου
3692 5774 3705 5787 ·
3772 5756 3986 5822 μήποτε

2421 5872 2615 5922 εἴπωσι
2680 5866 2748 5917 τὰ
2806 5863 2958 5932 ιθνη,
3021 5859 3128 5913 Ποῦ
3180 5860 3327 5911 ἐστὶν
3380 5858 3407 5907 0
3445 5854 3578 5915 Θεὸς
3602 5851 3822 5915 αὑτῶν;
3866 5868 3883 5899 1
3922 5873 3987 5886 -
