4192 6430
214 433 220 438 ’
283 420 423 483 1593

1457 414 1857 478 EXPOSITIO
1890 421 1966 480 IN
2001 421 2356 484 PSALMOS.

3370 425 3514 492 1595

270 544 367 579 σου
417 527 574 595 χεῖρα
601 567 614 589 ,
660 525 905 578 τουτέστι
960 521 1318 592 παραστάτης
1389 525 1451 576 ἐκ
1503 524 1696 589 δεξιῶν
1747 543 1840 579 σου
1875 536 1912 587 Α
1947 531 2144 600 τηρίαν
2187 549 2290 591 σοι.
2331 533 2414 584 ἵνα
2437 533 2484 585 οἰ
2518 532 2616 601 μὲν
2641 531 2996 598 ἁπαλλαγῶσι
3033 532 3138 584 τῶν
3169 531 3377 598 δεινῶν,
3403 536 3429 586 6
3459 533 3514 584 δέ

269 620 428 687 σταίη
465 617 852 685 ὐπερασπίζων
882 631 997 668 σου.

345 729 364 759 σ
417 709 662 779 Ἡμέρας
691 710 718 760 6
747 709 900 779 ήλιος
930 709 992 760 οὐ
1019 707 1319 774 συγκαύσει
1358 723 1438 768 σε,
1471 707 1592 771 οὐδὲ
1648 709 1680 778 ή
1737 725 1828 766 σε·

265 805 399 872 λήνη
444 805 542 871 τὴν
571 803 762 857 νύκτα.
787 821 805 855 ε
840 831 910 843 --
949 802 1087 872 [Ιρὸς
1119 801 1362 869 ἐμφασιν
1396 795 1516 854 εἰπε
1547 799 1706 853 τοῦτο
1733 799 1833 866 τῆς

265 899 440 964 ἄκρας
471 895 808 964 ἐπιμελείας.
839 894 1227 956 Ἐλλειπτικῶς
1261 895 1316 947 δὲ
1362 895 1578 962 εἰρηται
1637 893 1698 944 τὸ
1733 895 1832 961 ρη-

265 990 378 1040 τόν.
413 986 485 1040 Τὸ
513 988 568 1039 δὲ
603 987 744 1050 ὅλον,
780 987 897 1039 οὐδὲ
928 988 959 1056 ή
1010 986 1207 1056 σελήνη
1242 985 1340 1055 τήν
1383 986 1551 1039 νύκτα
1593 986 1787 1056 βλάψει
1815 1000 1828 1014 ·

266 1082 329 1132 οὐ
373 1081 481 1148 γὰρ
513 1080 572 1130 οὐ
603 1079 912 1146 συγκαίειή
948 1079 1169 1147 σελήνη,
1213 1078 1562 1148 καρηϐαρίαν
1599 1077 1654 1130 δὲ
1701 1077 1832 1146 μᾶλ-

265 1173 358 1221 λον
389 1172 608 1236 ἐμποιεῖ
631 1171 723 1222 καὶ
748 1170 1054 1240 ὠχρότητα.

345 1283 363 1314 ι
405 1263 608 1331 Κύριος
640 1263 866 1330 φυλάξει
899 1264 996 1331 τὴν
1031 1263 1239 1316 εἰσοδὸν
1272 1279 1368 1317 σου
1401 1265 1494 1316 καὶ
1522 1265 1620 1330 τὴν
1650 1263 1830 1328 ἔξοδόν

267 1369 362 1404 σου
397 1353 502 1404 ἀπὸ
527 1354 620 1404 τοῦ
648 1352 740 1404 νῦν
768 1353 862 1404 καὶ
918 1355 1019 1414 ἕως
1050 1353 1144 1406 τοῦ
1186 1353 1400 1416 αἰῶνος.
1432 1373 1449 1403 ι
1491 1384 1562 1395 —
1599 1354 1679 1408 Τά
1732 1359 1832 1424 τῆς

265 1444 472 1496 εἰσόδου
505 1448 596 1498 καὶ
635 1447 733 1512 τῆς
760 1445 940 1510 ἐξόδου
988 1445 1088 1515 τὴν
1137 1445 1360 1499 ἃπασαν
1405 1447 1672 1514 δεδήλωκε
1733 1446 1829 1498 τοῦ

266 1534 386 1604 βίον
417 1541 766 1608 ἀποστροφήν

789 1631 1082 1684 ΨΑΛΜΟΣ
1138 1632 1314 1682 PKA'.

344 1743 362 1774 ι
418 1724 539 1793 ᾬδὴ
569 1723 673 1774 τῶν
698 1723 1054 1792 ἀναϐαθμῶν.
1091 1722 1416 1790 Εὐφράνθην
1447 1722 1538 1774 ἐπ)⁸
1578 1724 1692 1784 τοίς
1746 1725 1825 1775 εί-

265 1815 462 1883 ρηκόσι
502 1832 589 1882 μοι
655 1815 744 1874 Εἰς
805 1811 950 1866 οἰκον
1005 1815 1210 1883 Κυρίου
1262 1814 1661 1884 πορευσόμεθα.
1704 1835 1722 1868 ι
1759 1845 1828 1855 —

265 1908 438 1958 Τοῦτο
469 1907 652 1974 ελεγον
678 1908 951 1969 ὁδεύοντες
980 1907 1070 1959 καὶ
1117 1909 1523 1976 προκόπτοντες
1560 1908 1699 1977 μετὰ
1731 1925 1826 1961 πε-

264 1999 570 2068 ριχαρείας.

342 2110 360 2141 ε
402 2092 666 2152 Ἐστῶτες
700 2089 837 2161 ἦσαν
858 2093 907 2146 οἰ
945 2093 1100 2156 πόδες
1148 2094 1305 2161 ἡμῶν
1346 2096 1404 2146 ἐν
1462 2096 1582 2155 ταῖς
1643 2095 1834 2157 αὐλαῖς

265 2200 386 2247 σου,
429 2185 806 2254 Ἰερουσαλήμ.
855 2205 872 2235 ε
914 2217 976 2226 -
1011 2185 1370 2245 Ἀκούσαντες
1433 2186 1516 2238 ὅτι
1571 2189 1824 2255 πορευσόο

266 2275 408 2342 μεθα
441 2281 520 2338 εἰς
557 2273 702 2329 οἷκον
740 2277 972 2346 Κυρίου,
999 2279 1259 2346 ἐδόξαμεν
1291 2279 1516 2332 ἐστάναι
1542 2281 1599 2332 ἐν
1636 2280 1831 2350 Ἰερου-

263 2368 446 2434 σαλὴμ
487 2369 589 2420 ὐπὸ
622 2369 718 2435 τῆς
755 2370 849 2422 τοῦ
892 2369 1058 2422 πόθου
1099 2370 1478 2440 σφοδρότητος.

343 2479 359 2509 ι
402 2459 758 2529 Ἰερουσαλὴμ
813 2459 1208 2530 ᾠκοδομημένη
1250 2461 1324 2522 ὡς
1376 2461 1551 2524 πόλις.
1583 2481 1599 2512 ι
1655 2492 1722 2503 -—-
1767 2463 1830 2515 Ἠ

274 2549 633 2618 Ἰερουσαλὴμ.
689 2554 720 2616 ἡ
771 2552 940 2604 πάλαι
1003 2553 1265 2620 οἰκήμασι
1324 2553 1620 2621 κτιζομένη
1669 2554 1832 2606 καθε-

266 2646 475 2711 κάστην
502 2646 652 2706 ἐντὸς
685 2645 777 2697 καὶ
815 2646 1308 2714 καταπυκνουμένη
1331 2646 1405 2708 ώς
1431 2645 1548 2699 κατ’
1572 2647 1831 2714 ἀλήθειαν

268 2735 439 2796 πόλις.

343 2847 360 2877 ι
402 2823 510 2888 Ἦς
545 2830 575 2894 ή
620 2829 819 2898 μετοχὴ
853 2831 1138 2898 αὐτῆςέπὶ
1187 2834 1245 2885 τὸ
1267 2833 1418 2886 αὐτό.
1459 2852 1476 2884 ι
1509 2862 1574 2872 -
1631 2833 1692 2886 Ἠ
1738 2837 1831 2887 Ἰε-

271 2920 558 2988 (ουσαλήμ
604 2916 670 2986 ἦς
737 2920 804 2973 τά
853 2922 1100 2991 μετόχια.
1135 2925 1384 2979 τουτέστι
1443 2926 1507 2978 τέι
1553 2927 1829 2995 οἰκήματα

261 3011 399 3077 ὁμοῦ
434 3015 752 3081 συνημμένα
779 3015 866 3066 διά
904 3016 1002 3083 τὴν
1041 3016 1179 3081 ἀγαν
1220 3019 1552 3088 πυκνότητα.

342 3107 520 3158 «Ἐκεῖ
548 3109 655 3173 γὰρ
687 3108 954 3178 ἀνέϐησαν
983 3111 1039 3161 αἰ
1071 3109 1236 3174 φυλαὶ
1259 3113 1423 3179 φυλαὶ
1449 3111 1652 3180 Κυρίου
1688 3131 1826 3180 μαρ-

268 3195 456 3265 τύριον
484 3198 558 3264 τῷ
593 3197 832 3267 Ἰσραήλ.
871 3219 887 3250 ι
925 3231 990 3241 —
1015 3201 1162 3253 Ἑκεί
1193 3203 1296 3270 πρὸ
1318 3205 1415 3269 τῆς
1456 3205 1831 3271 αἰχμαλωσίας

1941 622 2040 694 τήν
2066 625 2308 694 ’ἀρχαίαν
2339 625 2585 693 ἀπολάϐῃ
2618 625 2978 690 εὐπρέπειαν.

2468 715 2512 766 ’1
2528 716 2760 767 ᾹΛΜΟΣ
2785 717 2955 772 PKB’.

2018 822 2037 853 ε
2093 804 2235 872 Πρός
2288 821 2348 856 σε
2409 801 2519 874 ἦρα
2555 804 2679 865 τοὺς
2714 805 3031 872 ὀφθαλμούς
3063 823 3168 875 μου
3209 806 3299 860 τὸν
3334 826 3517 862 κατοι-

1945 897 2143 948 κοῦντα
2167 898 2225 947 ἐν
2247 898 2324 966 τῷ
2353 897 2588 966 οὐρανῷ.
2630 917 2647 947 ι
2686 929 2754 938 -
2780 899 2852 951 Τὸ
2873 899 3123 952 εὐκτικὸν
3145 899 3264 952 ἀντὶ
3295 899 3517 967 μέλλον-

1941 1005 2033 1052 τος
2063 990 2367 1059 ὁριστικοῦ.
2402 991 2509 1043 Καὶ
2544 991 2692 1044 οὗτοι
2752 991 2806 1044 δὶ
2861 991 2940 1044 ἐτι
2996 991 3288 1043 ὁδευόντων
3330 992 3380 1045 οἰ
3431 993 3515 1043 λό-

1941 1098 2048 1148 γοι.

2021 1189 2039 1222 ι
2081 1172 2204 1224 Ὀτι
2237 1175 2330 1226 ἐπὶ
2354 1173 2489 1226 πολὺ
2537 1174 2890 1242 ἐπλήσθημεν
2925 1173 3341 1238 ἐξουδενώσεως.
3383 1193 3402 1226 ι
3445 1204 3514 1214 -

1943 1262 2036 1324 Εἰς
2069 1264 2288 1331 μακράν
2318 1265 2604 1318 ώνείδισαν
2651 1268 2905 1337 μεγάλως
2929 1271 3024 1321 καὶ
3046 1266 3343 1332 ἐφαύλισαν
3368 1268 3514 1336 ἡμᾶς

1941 1354 1989 1406 οἰ
2015 1355 2105 1422 αἰχ
2114 1355 2581 1421 μαλωτεύσαντες.
2768 1403 2773 1414 .
3491 1358 3493 1361 ’

2019 1462 2036 1494 ι
2076 1444 2197 1496 Ἐπί
2225 1447 2407 1497 πλεῖον
2451 1446 2697 1515 ἐπλήσθη
2754 1448 2788 1514 ή
2823 1446 2970 1514 ψυχή
3006 1445 3184 1513 ήμῶν.
3227 1464 3244 1496 ι
3278 1473 3346 1522 -έ-
3400 1444 3510 1512 Τῆς

1940 1535 2234 1608 εἰρημένης
2261 1538 2684 1602 ἐξουδενώσεως.

2017 1647 2035 1677 ι
2067 1629 2138 1681 Τὸ
2169 1629 2368 1691 ὄνειδος
2404 1633 2514 1692 τοῖς
2543 1632 2861 1698 εὐθηνοῦσι,
2901 1632 2997 1682 καὶ
3023 1628 3372 1692 ἐξουδένωσις
3401 1630 3509 1692 τοῖς

1938 1719 2326 1788 ὑπερηφάνοις.
2362 1740 2377 1771 ι
2414 1752 2480 1760 —
2513 1721 2931 1789 Ἀντιστραφείη
2965 1722 3229 1788 δη>ονότι.

2465 1815 2758 1868 ΨᾹΛΜΟΣ
2806 1811 2976 1867 Nil".

2012 1907 2128 1958 ιιΕἰ
2172 1907 2243 1974 μὴ
2282 1909 2364 1959 ὅτι
2410 1910 2608 1974 Κύριος
2667 1901 2735 1975 ἦν
2765 1910 2821 1958 ἐν
2879 1908 3034 1974 ήμίν,
3075 1906 3285 1957 εἰπάτω
3313 1905 3377 1974 δὴ
3408 1906 3514 1959 Ἱσ-

1936 1998 2096 2066 ραήλ·
2121 1998 2166 2049 εἰ
2192 1998 2264 2068 μὴ
2295 2001 2375 2050 ὅτι
2405 1993 2688 2066 Κύριοςῆν
2705 2001 2758 2050 ἐν
2791 1999 2918 2066 ήμῖν
2945 1999 3000 2048 ἐν
3036 1997 3112 2066 τῷ
3141 1997 3512 2064 ἐπαναστῆναῑ

1933 2091 2254 2161 ἀνθρώπους
2287 2092 2370 2159 ἐφ’
2402 2092 2570 2160 ἡμᾶς.
2608 2110 2625 2140 ι
2664 2120 2726 2129 ——
2754 2089 2943 2142 Ταῦτα
2976 2089 3077 2160 ήδη
3102 2088 3513 2142 ἐπανελθόντων

1934 2185 2013 2245 εἰς
2065 2183 2164 2252 τὴν
2202 2183 2436 2252 πατρίδα
2485 2182 2551 2235 τὰ
2606 2183 2853 2252 ῥήματα,
2906 2182 2992 2234 ὅτε
3043 2182 3111 2233 τὰ
3164 2181 3510 2250 πλησιόχωρα

1933 2275 2062 2341 ἐθνη
2093 2275 2272 2343 φθόνῳ
2298 2275 2589 2343 κινούμενα
2646 2275 3094 2342 ἐπεστράτευσαν
3140 2274 3346 2337 αὐτοῖς,
3403 2275 3511 2340 μή-

1938 2383 2024 2417 πω
2061 2365 2376 2434 κτισθείσης
2413 2366 2514 2433 τῆς
2539 2367 2938 2434 ,⁸1ερουσαλήμ.

2010 2460 2183 2525 «Ἀρα
2215 2459 2272 2510 τὸ
2297 2458 2440 2527 ὕδωρ
2468 2459 2532 2511 ἂν
2565 2460 2960 2511 κατεπόντισεν
2989 2459 3155 2527 ἡμᾶς.
3175 2477 3191 2508 ι
3224 2487 3294 2497 —-
3326 2457 3510 2528 ’Υδωρ

1933 2552 2080 2621 λέγει
2131 2554 2229 2623 τήν
2254 2555 2435 2623 ῥύμην
2470 2554 2650 2605 αὐτῶν
2679 2559 2771 2605 καὶ
2810 2553 3051 2622 σφοδρὰν
3085 2552 3325 2619 κίνησιν.

2010 2664 2028 2695 ε
2073 2646 2385 2714 Χείμαρρον
2444 2645 2656 2710 διῆλθεν
2703 2647 2734 2713 ή
2799 2646 2944 2713 ψυχή
2996 2642 3173 2712 ήμῶν.
3214 2661 3230 2692 ι
3296 2670 3366 2681 -
3400 2639 3512 2712 Τὴν

1931 2735 2165 2788 ἄτακτον
2190 2738 2359 2804 φορὰν
2388 2737 2569 2788 αὐτῶν
2592 2738 2946 2805 διεφύγομεν.

2008 2845 2028 2878 ε
2073 2828 2217 2898 ’Λρα
2257 2829 2472 2896 διῆλθεν
2499 2832 2530 2898 ή
2562 2830 2706 2898 ψυχὴ
2741 2830 2896 2898 ήμῶν
2932 2831 2992 2882 τὸ
3025 2831 3168 2902 ὕδωρ
3201 2834 3261 2886 τὸ
3308 2834 3511 2890 ἀνυπό-

1937 2936 2148 2973 στατον.
2182 2939 2199 2970 ι
2231 2951 2298 2961 -
2343 2923 2548 2983 Ὄντως
2579 2921 2910 2990 διεφύγομεν
2954 2922 3054 2988 τὴν
3088 2925 3271 2993 ῥύμην
3305 2926 3507 2993 αὐτῶν,

1933 3016 2029 3085 τήν
2061 3017 2450 3071 ἀνυπόστατον.

2012 3123 2030 3155 ι
2080 3106 2144 3158 Ἦ
2179 3108 2342 3174 παγίς
2376 3109 2692 3178 συνετρίδη,
2725 3109 2818 3162 καὶ
2845 3111 3010 3178 ἡμεῖς
3064 3111 3439 3183 ἐρρύσθημεν.
3483 3133 3504 3168 ι

1934 3227 2000 3236 -
2030 3199 2237 3264 Παγίδα
2267 3199 2414 3266 λέγει
2443 3200 2538 3260 τὰς
2568 3200 2789 3269 ἐνέδρας
2821 3205 2916 3254 καὶ
2953 3205 3221 3272 μηχανάς,

260 3289 548 3341 ἀνὲὗαινον
575 3292 666 3340 καὶ
694 3291 1005 3359 ἡθροίζοντο
1048 3294 1220 3346 πᾶσαι
1250 3295 1305 3345 αἰ
1357 3296 1700 3365 ᾠκειωμέναι
1750 3299 1826 3364 τῷ
1858 3279 1905 3337 c
2012 3307 2030 3340 ι
2071 3290 2135 3342 Ἥ
2157 3291 2375 3358 βοήθεια
2418 3294 2574 3361 ἡμῶν
2603 3294 2659 3344 ἐν
2686 3293 2911 3362 ὀνόματι
2948 3294 3177 3364 Κυρίού,
3205 3297 3299 3350 τοῦ
3344 3298 3506 3368 ποιήε-

264 3381 456 3448 Κυρῖῳ
545 3381 713 3448 φυλαὶ
816 3381 1397 3452 Ὶσραηλιτικαὶ,κατὰ
1486 3386 1574 3438 τὸν
1640 3388 1827 3455 καιρὸν

258 3473 356 3523 τοῦ
392 3473 600 3541 Πάσχα,
659 3475 758 3541 τῆς
805 3476 1183 3543 Πεντήκοστῆς
1237 3479 1330 3529 καὶ
1387 3477 1486 3544 τῆς
1548 3479 1828 3546 Σκηνοπη-

260 3563 387 3630 γίας
433 3577 447 3592 ·
488 3566 576 3619 διὰ
609 3565 936 3632 μαρτύριον,
978 3569 1156 3619 εῐτουν
1191 3567 1341 3620 θείαν
1393 3569 1659 3631 κέλευσιν,
1709 3571 1830 3621 διω-

264 3654 527 3722 ρισμένην
561 3654 637 3724 τῷ
670 3656 1048 3725 Ἰσραηλιτικῷ
1078 3659 1214 3724 λάῳ.

343 3765 363 3798 ε
405 3745 512 3800 Τοῦ
549 3749 1049 3818 ἐξομολογήσασθαι
1079 3750 1156 3819 τῷ
1185 3751 1409 3819 ὀνόματι
1442 3753 1670 3823 Κυρίου.
1713 3773 1729 3804 ι
1762 3785 1830 3793 -

261 3841 391 3893 Ἐπὶ
416 3844 493 3910 τῷ
524 3843 920 3912 εὐχαριστῆσαι
946 3842 1034 3897 διά
1063 3844 1162 3913 τῆς
1192 3846 1698 3918 νενομοθετημένης
1729 3848 1826 3903 λα-

256 3938 464 4003 τρεὶας.

339 4047 357 4079 ι
393 4029 514 4081 ’Ότι
549 4031 664 4080 ἐκεῖ
706 4029 967 4083 ἐκάθισαν
1026 4030 1207 4098 θρόνοι
1240 4033 1442 4100 κρίσιν,
1501 4033 1682 4102 θρόνοι
1737 4036 1829 4087 ἐπὶ

256 4115 406 4172 οἷκον
436 4123 618 4176 Δαυῖδ.
661 4141 678 4172 ο
713 4151 782 4161 --
811 4122 899 4174 Ἐν
932 4121 1286 4193 Ἰερουσαλήμ
1324 4124 1649 4194 ἱδρύνθησαν
1701 4127 1828 4196 θρό-

257 4231 339 4265 νοι
370 4213 637 4282 βασιλικοί
661 4216 740 4276 εἰς
768 4216 828 4266 τί,
851 4215 1055 4285 κρίνειν
1080 4217 1139 4268 τὸ
1178 4215 1396 4288 Ἰσραὴλ
1427 4219 1552 4271 ἔνθα
1569 4215 1708 4290 ἦσαν
1737 4220 1830 4272 τοῦ

261 4304 425 4358 Δαυῒδ
454 4307 522 4358 τὰ
553 4308 848 4374 ἀνάκτορα.

336 4415 355 4447 ε
403 4399 747 4466 Ἐρωτήσατε
776 4400 841 4470 δὴ
868 4402 937 4453 τὰ
962 4402 1040 4464 εἰς
1071 4402 1294 4472 εἰρήνην
1331 4406 1396 4474 τῇ
1429 4405 1788 4476 Ἰερουσαλήμ
1810 4422 1824 4436 ο

261 4491 356 4541 καὶ
383 4490 608 4559 εὐθηνία
640 4495 752 4556 τοῖς
789 4494 1046 4562 ἀγαπῶσι
1086 4513 1165 4548 σε.
1199 4515 1216 4546 ι
1244 4526 1313 4537 -—-
1343 4498 1827 4568 Προσαγορεύσατε

255 4583 321 4650 δὴ
360 4585 458 4649 τήν
506 4584 862 4654 Ἰερουσαλήμ
890 4587 959 4638 τά
988 4588 1260 4657 εἰρηνικὰ,
1307 4591 1588 4664 τουτέστιν
1629 4592 1821 4644 εῐπατε
1861 4618 1902 4669 D

257 4674 420 4743 αὐτῇ,
462 4674 664 4744 Εἰρήνη
700 4691 803 4738 σοι,
839 4677 933 4728 καὶ
959 4678 1236 4746 εὐπραγία
1274 4681 1347 4750 μή
1387 4684 1547 4750 μόνον
1592 4685 1704 4745 τοῖς
1735 4699 1832 4735 πο-

257 4766 429 4828 ὶίταις
469 4783 586 4834 σου,
626 4768 764 4821 ἀλλά
792 4772 885 4821 καὶ
914 4772 1024 4822 ἀπὸ
1054 4773 1163 4824 τῶν
1188 4773 1353 4842 πέριξ
1400 4775 1572 4826 ἐθνῶν
1599 4780 1710 4838 τοῖς
1753 4781 1833 4830 εἰ-

260 4861 430 4929 ρήνην
464 4859 645 4929 έχουσι
680 4863 818 4930 μετά
847 4860 965 4916 σοῦ.
1025 4862 1210 4916 Ταῦτα
1262 4865 1315 4918 δέ
1374 4867 1555 4921 πάντα
1618 4885 1831 4939 προφη-

261 4968 423 5003 τειαι.

337 5063 355 5095 ι
390 5044 716 5114 Γενέσθωδὴ
744 5047 934 5116 εἰρήνη
959 5046 1015 5098 ἐν
1049 5048 1115 5115 τῇ
1152 5047 1379 5116 δυνάμει
1414 5067 1528 5102 σου.
1578 5070 1596 5102 ι
1630 5081 1701 5092 -
1731 5054 1834 5107 Δύ-

254 5154 420 5204 ναμιν
472 5138 620 5204 λέγει
679 5138 805 5200 τοὺς
863 5138 1222 5208 στρατιώτας,
1265 5137 1348 5203 οἷς
1399 5143 1626 5213 εἰρήνην
1660 5147 1719 5199 τὸ
1757 5149 1832 5215 μὴ

251 5224 399 5295 ἔχειν
433 5225 709 5292 πολέμιον,

331 5333 349 5364 ε
387 5317 492 5366 Καὶ
536 5319 760 5387 εὐθηνία
789 5323 845 5370 ἐν
876 5321 1000 5381 ταῖς
1024 5323 1401 5392 πυργοδάρεσί
1425 5343 1538 5380 σου.
1582 5346 1598 5378 ι
1632 5358 1699 5367 -
1731 5330 1833 5383 Εὐ-

252 5408 469 5475 πραγία
505 5411 596 5460 καὶ
623 5410 852 5470 πλοῦτος
879 5413 987 5464 τῶν
1017 5416 1408 5488 πυργωμάτων
1466 5420 1496 5486 ή
1539 5419 1826 5490 ὀχυρότης.

331 5516 352 5548 ε
392 5499 598 5552 Ἕνεκα
633 5500 743 5553 τῶν
774 5502 1020 5570 ἀδελφῶν
1079 5522 1182 5573 μου
1210 5543 1226 5555 .
1249 5511 1345 5559 καί
1408 5507 1514 5561 τῶν
1583 5509 1829 5578 πλησίων

258 5606 362 5656 μου
393 5588 614 5643 ἐλάλουν
656 5591 718 5661 δή
749 5593 973 5662 εἰρήνην
1013 5594 1140 5664 περί
1181 5595 1296 5650 σοῦ.
1332 5615 1350 5647 ε
1415 5627 1482 5636 -
1546 5598 1607 5651 '0
1667 5602 1829 5654 Δαυΐδ

254 5696 392 5747 φησι
461 5681 596 5750 πρὸς
661 5684 760 5752 τήν
824 5683 1181 5756 Ἰερουσαλὴμ
1232 5687 1315 5739 ὅτι
1371 5691 1468 5741 Διά
1518 5691 1641 5753 τοὺς
1696 5694 1826 5761 ὀμο-

255 5774 436 5838 γενεῖς
472 5788 578 5841 μου
626 5771 966 5845 Ἰσραηλίτας
1015 5777 1266 5847 ηὐχόμην
1323 5781 1548 5849 εἰρήνην
1606 5784 1664 5834 ἐν
1718 5785 1820 5845 σοὶ,

259 5866 357 5916 καὶ
392 5864 476 5917 διὰ
510 5867 602 5918 τὸν
631 5867 688 5918 ἐν
710 5868 793 5920 σοὶ
829 5869 957 5921 ναὸν
1007 5871 1100 5922 τοῦ
1143 5870 1274 5923 Θεοῦ
1324 5871 1673 5943 ὲξῃτησάμην
1720 5875 1825 5926 ἰκε-

1932 3394 2126 3441 σαντος
2161 3382 2252 3430 τὸν
2291 3382 2525 3450 οὐρανὸν
2563 3383 2656 3433 καί
2689 3383 2788 3450 τὴν
2819 3384 2942 3450 γῆν.
2983 3402 3001 3433 ι
3032 3413 3099 3425 -
3147 3386 3256 3453 Οὐκ
3318 3386 3510 3448 ὅπλοις

1928 3469 2303 3540 ἐϐοηθήθημεν
2338 3513 2352 3538 ,
2434 3474 2567 3526 ἀλλὰ
2618 3477 2684 3544 τῇ
2750 3475 3038 3542 ἐπικλήσει
3094 3474 3185 3527 τοῦ
3250 3477 3505 3545 ἀληθινοῦ

1927 3565 2085 3618 Θεοῦ.

2450 3660 2743 3714 ΨΑᾹΜΟΣ
2813 3663 2985 3718 ΡΚΔ¹.

2006 3769 2023 3800 ι
2077 3752 2141 3802 Οἱ
2174 3750 2495 3815 πεποιθότες
2545 3754 2635 3805 ἐπὶ
2684 3753 2889 3823 Κύριον
2918 3756 2993 3817 ώς
3018 3755 3143 3825 δρος
3175 3757 3335 3813 Σιών.
3381 3775 3400 3807 ι
3437 3787 3505 3801 -

1942 3838 2028 3902 Ὠς
2086 3840 2145 3893 τὸ
2194 3842 2316 3910 δρος
2364 3843 2501 3895 Σιὼν
2550 3843 2910 3914 ὑπάρχουσιν,
2961 3848 3221 3916 ἀσφαλεῖς
3254 3848 3504 3919 δηλονότι

1929 3936 2020 3984 καὶ
2048 3933 2464 4002 ἀπερίτρεπτοι.

2003 4044 2020 4074 ε
2053 4025 2126 4075 (λύ
2188 4025 2577 4097 σαλευθήσεται
2627 4031 2707 4092 εἰς
2747 4030 2837 4082 τδν
2899 4033 3070 4086 αἰῶνα
3122 4035 3148 4086 6
3235 4036 3507 4089 κατοικῶν

1940 4117 2318 4187 Ἰερουσαλήμ.
2362 4137 2380 4169 ι
2412 4146 2478 4159 —-
2504 4121 2577 4172 υύ
2608 4124 3088 4193 περιτραπήσεται
3119 4126 3228 4188 πᾶς
3253 4126 3282 4177 6
3329 4144 3508 4180 κατοι⁴

1929 4210 2040 4261 κῶν
2077 4212 2134 4262 ἐν
2192 4210 2556 4281 Ἰερουσαλήμ
2607 4213 2740 4282 παρ’
2791 4213 2914 4266 ὅλον
2976 4216 3371 4286 ἀφωρισμένον
3419 4220 3507 4271 αἰο

1931 4302 2044 4357 ῶνα
2059 4345 2073 4358 .
2341 4370 2355 4377 η

2004 4415 2022 4447 ι
2065 4399 2204 4466 Ὄρη
2256 4399 2438 4467 κύκλῳ
2476 4401 2666 4469 αὐτῆςο
2700 4403 2792 4454 καὶ
2826 4404 2853 4454 6
2909 4403 3114 4474 Κύριος
3175 4404 3362 4476 κύκλῳ
3416 4411 3508 4460 τοῦ

1929 4485 2057 4538 λαοῦ
2082 4489 2246 4541 αὐτοῦ
2283 4492 2391 4543 ἀπὸ
2425 4491 2518 4544 τοῦ
2556 4493 2651 4544 νῦν
2706 4497 2800 4545 καὶ
2851 4493 2957 4551 ἕως
3005 4493 3100 4547 τοῦ
3137 4496 3353 4557 αἰῶνος.
3385 4517 3402 4549 ι
3441 4528 3509 4538 -

1935 4579 2087 4648 Ἔχει
2120 4580 2216 4648 μὲν
2249 4583 2339 4633 καὶ
2379 4583 2475 4652 τήν
2502 4584 2607 4635 ἀπὸ
2633 4583 2740 4635 τῶν
2772 4585 2933 4652 πέριξ
2969 4585 3143 4654 ὀρέων
3183 4587 3506 4653 ἀσφάλειαν,

1934 4669 2046 4739 ἐχει
2074 4672 2127 4723 δὲ
2167 4674 2258 4724 καὶ
2289 4675 2387 4744 τὴν
2417 4675 2523 4727 ἀπὸ
2557 4675 2692 4727 Θεοῦ
2729 4676 3000 4745 φυλακήν.

2011 4781 2030 4813 ε
2067 4765 2189 4816 Ὀτι
2221 4765 2320 4818 οὐκ
2351 4766 2552 4834 ἀφήσει
2586 4766 2788 4832 Κύριος
2834 4768 2934 4836 τὴν
2964 4767 3159 4837 ῥάϐδον
3194 4768 3303 4821 τῶν
3329 4769 3512 4837 ἀμαρ-

1933 4855 2120 4908 τωλῶν
2145 4858 2238 4911 ἐπὶ
2263 4857 2352 4907 τὸν
2379 4857 2580 4924 κλῆρον
2611 4857 2718 4908 τῶν
2745 4857 2988 4912 δικαίων.
3033 4877 3051 4909 ι
3107 4883 3173 4896 -
3213 4862 3400 4914 Αἰτίαν
3427 4863 3510 4913 λέ-

1937 4967 2023 5016 γει
2058 4949 2155 5016 τῆς
2190 4952 2251 5000 ἐκ
2280 4947 2417 5000 Θεοῦ
2477 4949 2727 5016 φυλακῆς
2763 4965 2777 4980 ·
2831 4950 3194 5018 ἁμαρτωλοὺς
3254 4951 3310 5004 δέ
3370 4962 3505 5022 φησι

1933 5043 2059 5101 τοὺς
2091 5041 2310 5104 ἀσεόεἰς
2343 5044 2435 5093 καὶ
2477 5043 2827 5109 παρανόμους
2891 5043 3064 5094 ὁποῖοί
3116 5043 3220 5094 εἰσι
3276 5043 3506 5112 πρώτως

1933 5136 1982 5187 οί
2015 5136 2272 5203 δαίμονες
2311 5150 2326 5166 ·
2379 5135 2579 5203 ῥάϐδον
2611 5137 2664 5186 δὲ
2697 5136 2794 5204 τὴν
2847 5133 3125 5206 βασιλείαν
3161 5136 3192 5204 ἢ
3229 5136 3296 5187 τά
3323 5135 3462 5190 ὅπλα
3493 5151 3506 5166 ·

1931 5227 2172 5290 δικαίους
2202 5229 2260 5281 δέ
2295 5229 2420 5291 τούς
2451 5232 2508 5281 ἐν
2543 5229 2692 5296 νόμῳ
2721 5227 2998 5297 βιοῦντας.

2009 5338 2026 5369 ι
2067 5318 2252 5380 Ὅπως
2282 5318 2347 5372 ἂν
2393 5319 2466 5388 μὴ
2497 5321 2813 5371 ἐκτείνωσιν
2848 5321 2898 5372 οἰ
2927 5321 3125 5372 δίκαιοι
3166 5318 3224 5369 ἐν
3252 5318 3510 5385 ἀνομίαις

1933 5413 2118 5481 χεῖρας
2173 5410 2373 5464 αὐτῶν.
2416 5430 2434 5461 ι
2493 5440 2562 5450 —
2640 5412 2756 5463 Ἰνα
2818 5411 3077 5478 τοιαύτης
3134 5409 3506 5473 ἀπολαύοντες

1932 5506 2081 5572 παρά
2112 5503 2248 5557 Θεοῦ
2289 5504 2536 5573 φυλακῆς
2573 5503 2648 5574 μὴ
2683 5504 2928 5572 ἅψωνται
2959 5503 3331 5574 παρανομίας,
3371 5503 3509 5557 ἀλλά

1931 5596 2276 5665 θεραπεύωσι
2304 5598 2396 5649 τὸν
2436 5597 2756 5666 εὐεργέτην.

2006 5711 2023 5743 ι
2071 5693 2388 5758 ’Δγάθυνον,
2421 5690 2614 5761 Κύριε,
2640 5694 2751 5754 τοῖς
2777 5691 3001 5758 ἀγαθοῖς
3029 5690 3122 5744 καὶ
3162 5692 3272 5752 τοῖς
3328 5688 3511 5742 εὐθέσι

1927 5789 1990 5854 τῇ
2031 5789 2243 5856 καρδίᾳ.
2293 5805 2309 5836 ι
2346 5777 2659 5853 -λἋγαθά
2693 5785 2938 5854 ποίησον.

2008 5899 2022 5929 ι
2064 5880 2196 5939 Τοὺς
2230 5879 2285 5930 δὲ
2322 5877 2668 5939 ἐκκλίνοντας
2699 5879 2778 5939 εἰς
2807 5876 2904 5940 τὰς
2936 5878 3310 5948 στραγγαλιάς
3364 5881 3507 5934 (md-
