3858 6440
1485 659 1659 707 ANNO
1708 661 1939 706 DOMINI
1978 661 2299 707 MCCLXXX.

577 844 1930 1059 GEORGIUS
2073 850 3211 1062 CYPBIUS

449 1221 2308 1343 CONSTANTINOPOLITANUS
2378 1226 3339 1341 'PATRIARCHA

1642 1655 2152 1746 NOTITIA

859 1854 983 1916 (Leo
1007 1854 1159 1906 Allat.
1191 1854 1258 1906 De
1288 1848 1529 1914 Gcorgiis,
1558 1864 1610 1902 n.
1639 1852 1856 1913 LXXIII,
1889 1855 2017 1915 apud
2042 1853 2236 1906 Fabric.
2260 1856 2342 1906 ed.
2370 1860 2473 1905 vet.
2502 1860 2621 1906 tom.
2643 1855 2704 1918 Χ,
2726 1868 2774 1918 p.
2809 1852 2945 1915 805.)

339 2216 609 2287 Georgius
651 2218 923 2289 Lyprius,
962 2227 1151 2289 postea
1192 2219 1495 2291 Gregorius
1531 2226 1794 2280 vocatus,
1826 2231 1895 2272 ex
1934 2215 2169 2271 diacono
2206 2215 2460 2271 Ecclesiae
2497 2215 3123 2285 Constantinopolitanie
3164 2215 3475 2284 patriarcha
3502 2256 3518 2280 ,

266 2324 429 2377 quem
462 2308 628 2363 modo
653 2308 976 2377 Georgium,
1007 2309 1171 2362 modo
1196 2307 1522 2377 Gregorium
1551 2306 1819 2375 Gregoras
1848 2305 1904 2359 in
1936 2303 2196 2366 Historia.
2226 2313 2282 2359 et
2313 2306 2402 2359 alii
2435 2316 2776 2374 nuncupant.
2806 2305 3179 2376 Pachymeres
3201 2304 3300 2358 lih.
3329 2320 3423 2370 vn,
3454 2306 3523 2359 de

268 2396 620 2452 Arsenoitis:
652 2397 979 2465 Ὠμολόγουν
1012 2397 1068 2450 δὲ
1109 2397 1247 2458 τέως
1284 2397 1376 2450 τὸν
1420 2396 1722 2467 Γρηγόριον
1761 2394 2128 2464 πατριάρχην.
2178 2393 2349 2446 Τοῦτο
2391 2393 2500 2463 γὰρ
2541 2388 2611 2463 ἦν
2652 2392 2870 2462 ἐκεινῳ,
2910 2394 3003 2446 καὶ
3041 2392 3101 2445 τὸ
3140 2393 3203 2445 ὲκ
3241 2392 3522 2462 Γεωργίου

274 2482 568 2551 μοναχικδν
597 2480 788 2550 ὄνομα.
824 2474 1159 2534 Fatebantur
1187 2493 1405 2535 eatenus
1437 2479 1746 2551 Gregorium
1774 2481 2174 2551 patriarcham;
2204 2479 2261 2533 id
2288 2495 2517 2552 namque
2546 2488 2661 2534 erat
2691 2478 2771 2534 illi
2801 2496 3012 2546 nomen,
3044 2486 3183 2550 quod
3212 2496 3245 2533 a
3275 2478 3522 2550 Georgio,

268 2570 398 2623 dum
436 2572 750 2622 monachum
789 2569 986 2629 induit,
1009 2569 1111 2621 sibi
1149 2578 1468 2639 sumpserat.
1506 2569 1745 2623 Primum
1790 2585 1888 2639 pro
1925 2567 2135 2622 Latinis
2174 2583 2281 2622 una
2323 2584 2447 2622 cum
2481 2568 2685 2633 Vecco.
2721 2566 3055 2624 Meliteniota
3078 2609 3094 2633 ,
3128 2578 3184 2623 et
3226 2567 3526 2624 Metorhita

269 2658 467 2720 sentit,
501 2656 773 2726 Gregoras
805 2656 872 2711 de
902 2656 1081 2710 Vecco
1111 2656 1212 2710 lib.
1247 2672 1280 2708 ν
1319 2674 1332 2709 :
1371 2658 1477 2709 Καὶ
1509 2655 1704 2724 λέγων,
1722 2675 1789 2710 κα

2003 2674 2104 2721 ων,
2137 2661 2231 2711 καὶ
2259 2657 2633 2727 δογματίζων,
2666 2648 2822 2727 ἔχων’
2837 2660 3135 2728 συνεργοὺς
3154 2698 3170 2723 ,
3204 2661 3301 2711 καὶ
3332 2657 3526 2728 συλλή-

270 2763 479 2815 πτορας
512 2746 605 2797 τοῦ
640 2746 848 2811 ἀγῶνος
882 2746 973 2797 τόν
1009 2762 1065 2797 τε
1104 2746 1525 2813 Μελιτηνιώτην
1548 2785 1561 2807 ,
1595 2750 1691 2802 καὶ⁸
1723 2746 1815 2798 τὸν
1847 2744 2157 2816 Μετοχίτην
2193 2745 2603 2815 ἀρχιδιακόνους
2637 2745 2799 2808 ὄντας
2830 2744 2925 2798 τοῦ
2964 2744 3244 2806 βασιλικοῦ
3279 2746 3375 2796 χλιι
3390 2762 3521 2813 pou,

266 2835 367 2887 καὶ
399 2835 477 2886 ἔτι
510 2834 783 2902 Γεὼργιον
810 2833 900 2885 τὸν
931 2835 996 2885 ὲκ
1029 2832 1280 2900 Κύπρου.
1317 2833 1384 2887 Et
1418 2834 1657 2894 dicendo.
1689 2842 1739 2887 et
1771 2850 1789 2887 ι

1999 2836 2067 2899 lo,
2100 2844 2150 2887 et
2181 2834 2431 2905 dogmata
2461 2835 2744 2887 statuendo
2774 2850 2792 2887 :
2825 2834 2939 2903 ejus
2971 2835 3278 2887 certaminis
3310 2834 3522 2904 adjuto-

269 2923 417 2974 ribus
447 2921 784 2984 Meliteniote,
819 2928 868 2973 et
904 2918 1187 2974 Metochite
1216 2921 1549 2991 imperatorii
1595 2920 1721 2973 cieri
1769 2921 2173 2985 archidiaconis,
2208 2929 2258 2974 et
2288 2923 2506 2992 insuper
2533 2920 2755 2992 Georgio
2781 2920 2998 2992 Cyprio.
3032 2920 3144 2976 Res
3172 2922 3339 2975 etiam
3373 2922 3526 2977 Lati-

267 3023 469 3062 norum
505 3018 737 3061 tutatum
768 3006 1061 3076 Georgium
1093 3007 1305 3062 indicat
1333 3006 1701 3078 Pachymeres
1729 3007 1790 3062 lit

2003 3012 2085 3063 ύτε
2116 3009 2247 3079 γοῦν
2278 3008 2681 3071 καθεσθέντων,
2708 3011 3054 3078 τιμηθέντων
3085 3008 3131 3062 δ’
3155 3012 3246 3062 ἐπὶ
3280 3011 3526 3082 καθέδρᾳ

266 3099 370 3152 καὶ
404 3101 604 3165 ἀμφοῖν
637 3098 849 3150 τούτοιν
882 3097 957 3159 ὡς
996 3097 1528 3164 συναγωνιζομένων
1560 3098 1638 3167 τῷ
1677 3096 1888 3167 βασιλεῖ
1914 3097 2009 3149 τοῦ
2042 3114 2100 3150 τε
2138 3097 2524 3167 ἀρχιδιακόνου
2558 3096 2972 3165 Μελιτηνιώτου
2994 3138 3009 3160 ,
3045 3099 3140 3151 καὶ
3172 3097 3267 3151 τοῦ
3302 3114 3525 3168 πρωτα-

269 3186 635 3255 ποστολαρίου
672 3186 944 3254 Κυπρίου,
976 3187 1005 3238 ὁ
1040 3186 1226 3255 ῥήτωρ
1258 3187 1286 3238 δ
1326 3183 1619 3246 Ὀλόὸωλος
1654 3186 1840 3237 ἵστατο
1872 3185 2188 3255 προσδοκῶν
2222 3184 2320 3251 τὴν
2355 3185 2462 3238 ἀπὸ
2498 3184 2764 3254 βασιλέως
2798 3184 3131 3256 ἐκχώρησιν.
3170 3185 3302 3241 Cum
3339 3188 3524 3255 itaque

265 3274 555 3337 sedissem,
587 3273 933 3342 honoratique
962 3282 1131 3326 essent
1164 3273 1415 3325 cathedra
1445 3274 1499 3326 hi
1528 3272 1711 3333 ambo,
1744 3283 1998 3344 tanquam
2027 3275 2116 3344 qui
2145 3275 2569 3344 suﬁraqarentur
2597 3274 2909 3343 imperatori
2943 3274 3349 3328 archidiaconus
3377 3274 3528 3328 Meli—
3625 3278 3630 3283 ”

270 3362 496 3421 ιεηὶοια,
525 3372 572 3412 et
602 3352 1074 3430 protapostolarius
1103 3359 1349 3430 Cyprius,
1380 3359 1828 3431 rhetorquobolus
1855 3370 2001 3415 stans
2032 3360 2100 3414 ab
2129 3362 2450 3429 imperatore
2477 3359 2747 3413 licentiam
2774 3361 3134 3430 exspectabat.
3159 3360 3262 3427 Qui
3292 3363 3388 3415 lib.
3417 3376 3520 3424 vn.

273 3464 401 3513 cap.
427 3449 517 3513 54,
545 3449 711 3503 refert
738 3450 994 3502 eumdem
1025 3451 1169 3517 apud
1202 3449 1363 3503 Italos
1393 3461 1602 3511 natum.
1630 3457 1687 3503 et
1714 3451 1962 3504 adultum
2015 3465 2136 3505 sese
2166 3449 2515 3519 postmodum
2547 3450 2693 3503 inter
2719 3448 2939 3504 Graecos
2969 3449 3291 3518 conjecisse.
3323 3451 3387 3501 Tt
3417 3468 3521 3503 πα-

269 3540 497 3605 θόντες,
529 3541 713 3606 ἔλεγεν
738 3581 752 3603 ,
786 3539 993 3595 Veccus
1025 3540 1270 3606 scilicet,
1306 3540 1405 3609 ἐμὲ
1439 3543 1532 3592 τὸν
1566 3542 1720 3608 παρὰ
1757 3540 2051 3608 Ῥωμαίοις
2087 3540 2178 3591 καὶ
2216 3540 2281 3590 ἐκ
2322 3536 2611 3604 Ῥωμαίων
2644 3535 2977 3605 γεννηθέντα
3010 3552 3070 3588 τε
3107 3538 3202 3590 καὶ
3235 3540 3517 3619 τραφέντα

270 3632 495 3699 συχναῖς
524 3645 591 3680 πε
603 3628 948 3696 ριῦὰλλοντες
978 3626 1305 3693 λοιδορίαις,
1340 3628 1798 3697 ἔπειταηφεύγετε
1819 3644 1835 3660 ο
1863 3627 2041 3697 ἄνδρα.
2063 3627 2121 3680 δὲ
2151 3625 2281 3696 παρ’
2306 3625 2536 3688 Ἰταλοῖς
2567 3624 2924 3693 γεννηθέντα,
2958 3626 3052 3679 καὶ
3083 3627 3359 3694 τραφέντα
3378 3666 3393 3687 ,
3426 3628 3521 3679 καὶ

270 3717 429 3771 οὔπω
459 3716 666 3779 ταῦτα,
704 3717 839 3771 ἀλλὰ
872 3718 969 3768 καὶ
1002 3716 1196 3779 αὑταῖς
1231 3717 1444 3773 στολαῖς
1483 3719 1574 3769 καὶ
1610 3717 1828 3789 γλώττῃ
1866 3718 2002 3788 πρὸς
2036 3718 2103 3771 τὰ
2141 3717 2387 3787 ἡμέτερα
2422 3719 2917 3785 παρεισφρὴσαντα
2951 3715 3331 3784 εὐφημοῦντες
3363 3714 3519 3782 δέχε-

273 3806 431 3870 σθαι;
462 3806 602 3869 Qaid
634 3805 777 3869 passi
794 3846 808 3864 .
839 3805 1043 3868 aiebat,
1075 3820 1157 3857 me
1189 3806 1328 3857 inter
1356 3803 1621 3859 Romanos
1650 3815 1698 3859 et
1731 3821 1795 3859 ea:
1824 3805 2075 3860 Romanis
2106 3821 2293 3862 natum
2312 3849 2325 3869 ,
2360 3807 2705 3876 adultumque
2733 3806 2929 3860 crebris
2959 3807 3206 3859 conviciis
3238 3805 3520 3868 lacessitis.

272 3897 601 3964 postmodum
634 3892 855 3962 fugitis;
880 3895 1049 3947 virum
1078 3908 1199 3946 vero
1230 3894 1373 3960 apud
1399 3892 1569 3947 Italos
1601 3904 1808 3957 natum,
1837 3895 2203 3965 adultamque,
2230 3912 2395 3964 neque
2424 3898 2533 3951 hwc
2558 3894 2754 3960 solum,
2779 3896 2871 3948 sed
2898 3895 2988 3963 qui
3016 3895 3336 3949 indumentis
3394 3896 3522 3967 ipsis

272 3991 325 4035 et
363 3981 545 4046 lingua
579 3980 647 4034 ad
680 3996 766 4034 vos
802 3978 1418 4051 irrrpsit,collaudantes
1452 3982 1686 4052 excipitis
1710 3982 1735 4036 .9
1754 3984 1950 4037 Postea
1984 3982 2190 4038 Graecis
2221 3984 2508 4039 adhaerens
2530 3993 2655 4052 post
2685 3982 2911 4052 Josephi
2942 3982 3235 4040 ϐαιοείοω
3267 3983 3481 4037 obitum
3504 4026 3519 4048 ,

274 4073 411 4128 licet
436 4073 645 4127 Veccus
675 4072 792 4141 ipse
817 4072 1030 4126 viveret
1060 4071 1274 4135 adhuc,
1303 4082 1360 4126 et
1389 4087 1575 4126 coram
1606 4077 1814 4142 synodo
1841 4087 2061 4128 causam
2093 4088 2247 4127 suam
2277 4074 2516 4140 diceret,
2553 4087 2648 4139 per
2677 4072 2784 4125 vim
2804 4111 2817 4135 ,
2853 4088 2914 4125 ac
2945 4071 3283 4139 nequitiam,
3317 4071 3523 4142 ipsius-

278 4177 389 4233 que
422 4165 588 4214 etiam
623 4159 838 4229 Georgii
877 4161 1237 4214 invidentiam
1275 4161 1500 4229 pulsus.
1535 4163 1590 4214 in
1628 4162 1992 4231 patriarchale
2027 4162 2227 4215 solium
2265 4161 2569 4216 intruditur
2592 4165 2666 4230 (a)
2692 4178 2706 4215 :
2734 4162 2822 4214 cui
2854 4161 3002 4231 justo
3035 4161 3130 4214 Dei
3162 4160 3373 4231 judicio
3407 4177 3520 4214 non

276 4250 454 4304 solum
485 4250 758 4313 hostibus,
785 4247 880 4301 sed
909 4249 1283 4315 amicissimis,
1310 4251 1514 4319 quibus
1542 4251 1828 4319 potissima
1852 4264 2083 4320 quaeque
2113 4252 2169 4303 in
2201 4250 2445 4303 Ecclesia
2474 4250 2806 4309 contulerat,
2839 4250 3074 4314 invisus,
3102 4266 3227 4303 cum
3259 4250 3518 4320 iniuriam

272 4336 419 4391 ferre
452 4354 561 4391 non
597 4347 802 4405 posset,
822 4339 1104 4390 renuntiat
1133 4336 1233 4405 (b).
1262 4346 1317 4390 et
1347 4351 1468 4391 sese
1500 4338 1553 4390 in
1590 4336 1833 4406 Deiparze
1863 4339 2208 4409 Hodegorum
2239 4338 2400 4391 dicta:
2429 4339 2821 4391 monasterium
2851 4338 3087 4399 confert,
3118 4347 3174 4391 et
3207 4355 3311 4391 non
3348 4341 3523 4392 multo

272 4434 400 4493 post
432 4440 603 4494 prope
637 4424 746 4478 divi
779 4424 1015 4478 Andreae
1047 4425 1444 4479 monasterium
1480 4428 1733 4481 moritur.
1771 4427 1863 4481 Vir
1893 4426 1997 4479 fuit
2033 4424 2287 4479 acerrimi
2323 4426 2561 4495 ingenii,
2597 4424 2869 4479 facundus
2891 4465 2905 4487 ,
2941 4425 3230 4495 eloquens,
3264 4434 3319 4480 et
3369 4442 3523 4495 paene

273 4514 511 4568 dixerim
543 4512 851 4582 disciplinis
882 4512 1142 4567 omnibus
1174 4512 1439 4567 imbutus.
1469 4511 1738 4582 Georgius
1766 4514 2154 4584 Pacliymeres,
2184 4514 2282 4569 lib.
2314 4530 2413 4579 νιι,
2439 4515 2507 4568 de
2534 4514 2855 4569 Andronico
2899 4513 3121 4569 seniore
3151 4532 3165 4568 :
3200 4515 3522 4584 Ἐκλέγεται

274 4603 379 4673 μὲν
416 4592 497 4666 El;
536 4604 884 4672 πατριάρχην
916 4601 1007 4653 τδν
1044 4601 1111 4653 ἐκ
1147 4601 1374 4672 Κύπρου
1412 4602 1723 4671 Γεὼργιον,
1762 4602 1933 4673 ἄνδρα
1965 4605 2143 4670 λόγοις
2177 4604 2517 4673 ὲντραφέντα
2540 4644 2555 4669 ,
2596 4604 2690 4657 καὶ
2728 4601 3003 4672 σφραγῖδα
3037 4601 3132 4656 τοῦ
3174 4609 3517 4674 πατριάρχου

279 4694 484 4764 Ἰωσὴφ
515 4693 746 4763 φέροντα
769 4732 786 4757 ,
812 4693 873 4745 τὸ
900 4691 994 4745 τοῦ
1028 4690 1622 4763 πρωτοαποστολαρίου
1651 4696 1733 4755 εἰς
1765 4694 2082 4761 ἀνακτόρων
2112 4692 2511 4761 ἐπιφερόμενον
2542 4691 2838 4760 σημείωμα
2857 4708 2870 4720 ’
2902 4691 3006 4743 κάν
3033 4690 3209 4759 τούτῳ
3230 4693 3329 4758 μὲν
3356 4691 3516 4753 δόξας

282 4782 615 4849 ἰωσηφίτας
649 4764 755 4848 μὲν
777 4781 842 4832 ἐκ
867 4780 967 4848 τῆς
996 4779 1294 4849 σφραγῖδος
1326 4780 1782 4850 ὑποποιούμενος,
1814 4778 2179 4851 Ἀρσενιὼτας
2204 4779 2261 4832 δὲ
2290 4779 2366 4849 τῷ
2402 4780 2476 4847 μὴ
2508 4784 2652 4833 κατὰ
2679 4781 2745 4831 τὰ
2772 4779 3177 4846 διατεταγμένα
3206 4778 3280 4848 τῷ
3314 4779 3517 4846 Ἰωσὴφ

273 4871 369 4922 ἐπὶ
399 4871 466 4936 τῇ
504 4868 802 4935 Ἐκκλησία
838 4871 1141 4936 συγχωρεῖν
1173 4865 1443 4935 γίνεσθαι.
1478 4865 1644 4937 Eligit
1678 4884 1796 4937 porr

1997 4868 2325 4922 atriarcham
2357 4867 2639 4938 Georgium
2675 4865 2958 4937 Cyprium,
2991 4868 3160 4920 uirum
3194 4868 3519 4920 sermonibus

269 4960 587 5011 innutritum
609 4998 623 5016 .
653 4970 697 5007 et
734 4947 1041 5008 ordinatum
1070 4973 1102 5007 a
1132 4956 1441 5024 patriarcha
1466 4954 1691 5025 Josepho
1713 5000 1725 5022 ,
1758 4956 2231 5029 pratoapostolarii
2256 4958 2511 5026 dignitate
2539 4959 2592 5011 in
2622 4956 2826 5027 palatio
2854 4955 3263 5008 condecoratum
3292 4970 3311 5009 :
3342 4956 3397 5009 in
3426 4958 3521 5009 hoc

269 5047 434 5097 etiam
469 5044 609 5096 visus
643 5042 938 5111 Josephitas
974 5058 1036 5095 ea:
1070 5043 1401 5096 ordinatione
1440 5044 1539 5097 sibi
1574 5044 1895 5108 conciliare,
1933 5046 2236 5099 Arsenoitas
2276 5034 2435 5099 etiam
2459 5085 2472 5107 ,
2507 5045 2645 5114 quod
2678 5060 2779 5097 non
2815 5044 3105 5097 secundum
3139 5044 3448 5114 prwscripta
3484 5060 3519 5095 a

268 5134 500 5203 lasepho
534 5134 588 5185 in
628 5132 859 5186 Ecclesia
896 5148 990 5185 usu
1026 5134 1233 5202 exsequi
1267 5134 1608 5203 permitteret.
1643 5134 1791 5203 Gregt

1995 5137 2042 5190 b.
2067 5149 2160 5204 Y1:
2196 5136 2305 5187 Καὶ
2338 5130 2406 5203 ἦν
2438 5133 2738 5203 τηνικαῦτα
2775 5133 2915 5201 ἀνὴρ
2948 5135 3004 5183 ὲν
3036 5133 3211 5198 λόγοις
3246 5135 3518 5197 ἐπίσημος

270 5223 353 5292 τῷ
387 5220 644 5292 βασιλικῷ
674 5221 1201 5289 συγκατειλεγμένος
1233 5221 1418 5290 κλήρῳ
1452 5222 1724 5289 Γεώργιος
1753 5225 1780 5274 ό
1810 5223 1874 5275 ἐκ
1905 5225 2157 5294 Κύπρου,
2188 5223 2246 5286 ὃς
2275 5223 2367 5276 τὸν
2396 5227 2454 5275 ἐν
2482 5227 2602 5287 ταῖς
2634 5227 2873 5293 γραφαῖς
2905 5222 3103 5290 εὐγενῆ
3136 5224 3231 5291 τῆς
3257 5222 3513 5284 Ἑλλάδος

272 5313 481 5387 ῥυθμὸν
504 5352 515 5372 ,
550 5314 643 5364 καὶ
672 5311 772 5381 τὴν
808 5312 1220 5374 ’Λττικίζουσαν
1252 5311 1508 5378 γὶῶσσαν
1537 5313 1757 5383 ἐκείνην
1787 5312 1955 5366 πάλαι
1990 5313 2157 5365 πολὺν
2186 5314 2288 5384 ήδη
2322 5316 2511 5383 χρόνον
2538 5314 2709 5383 λήθης
2742 5312 3016 5382 κρυόέντα
3052 5310 3268 5380 βυθοῖς,
3302 5310 3514 5375 φύσεως
3558 5295 3565 5303 ’

268 5402 538 5468 δεξιότητι
560 5439 575 5461 ,
606 5403 698 5455 καὶ
728 5400 1019 5470 φιλοπονίᾳ
1046 5399 1352 5468 τελεωτέρα
1382 5400 1518 5468 πρὸς
1555 5400 1665 5466 φῶς
1699 5400 1877 5470 ἤγαγε
1898 5439 1914 5466 ,
1949 5402 2045 5455 καὶ
2075 5402 2237 5454 οἱονεί
2268 5419 2386 5453 τινα
2413 5402 2700 5470 ἐχαρίσατο
2730 5399 3052 5453 ἀναϐίωσιν.
3083 5399 3283 5451 Τοῦτον
3317 5397 3510 5467 ἐμελέο

267 5490 408 5557 τησέ
443 5506 524 5552 τε,
569 5491 663 5540 καὶ
702 5487 1123 5558 προύτεθύμητο
1168 5488 1227 5549 ὲς
1269 5487 1359 5539 τὸν
1399 5489 1798 5557 πατριαρχικὸν
1837 5491 2136 5557 ἀναγαγεῖν
2178 5488 2369 5558 θρόνον
2410 5492 2438 5541 ὁ
2483 5490 2761 5559 βασιλεὺς,
2805 5490 2931 5557 ἄρτι
2974 5490 3068 5540 καὶ
3111 5489 3169 5538 τὸ
3217 5484 3510 5555 μοναχικὸν

269 5577 645 5646 ἁλλαξάμενον
677 5578 863 5646 σχῆμα
886 5593 900 5607 ⁸
937 5577 1076 5645 πλὴν
1107 5577 1207 5646 οὐχ
1244 5574 1335 5629 ὑπ’
1360 5577 1572 5638 οὐδενὸς
1602 5577 1712 5630 τῶν
1741 5578 1998 5632 ἁπάντων
2030 5580 2281 5634 ἐϐούλετο
2313 5580 2412 5652 τὴν
2445 5582 2786 5653 χειροθεσίαν
2817 5581 2979 5632 αὑτὸν
3011 5581 3285 5650 εἰληχέναι
3321 5577 3510 5630 ὀπόσοι

270 5667 346 5738 τῇ
380 5664 474 5719 τοῦ
511 5666 786 5734 δόγματος
825 5665 1150 5736 καινοτομία
1186 5667 1688 5737 κεκοινωνήκεσαν,
1726 5668 1844 5721 ἀλλ’
1870 5668 1945 5733 ὡς
1983 5671 2354 5739 ἀκοινώνητον
2393 5673 2592 5725 ἑαυτὸν
2633 5674 3026 5743 συνετήρησεν,
3067 5671 3142 5734 ὡς
3182 5666 3514 5724 κινδυνεύειν

341 5838 421 5911 (ιι)
464 5838 531 5895 Α.
564 5837 628 5894 c.
662 5836 801 5893 ηδε
1430 5838 1439 5848 ·

1430 5838 1439 5848 ·
2027 5841 2099 5909 (ω
2141 5844 2206 5896 Α.
2245 5842 2403 5899 1289.

599 5940 871 6003 ΡΑτιιοι..
905 5940 1020 6004 Gn.
1062 5939 1302 6002 CXLII.

3092 5938 3123 5997 1
