3838 6362
305 363 362 427 11
1194 360 1597 423 GEORGlUS
1638 362 1964 426 CYPBIUS
2004 366 2094 428 CP
2151 362 2667 427 PATRIARCHA.
3491 374 3555 438 12

303 469 559 526 ἐντεῦθεν
594 467 878 540 βραδύνειν
909 469 976 522 τὰ
1007 469 1104 540 τῆς
1157 470 1420 547 σπουδῆς.
1456 472 1778 543 Προεδλὴθη
1813 473 1997 541 μέντοι
2031 474 2181 546 παρὰ
2209 474 2303 528 τοῦ
2338 474 2601 545 βασιλέως
2633 475 2771 545 μετὰ
2801 476 2897 540 τὰς
2928 477 3144 548 ψήφους
3165 521 3178 546 ,
3213 481 3306 537 καὶ
3347 500 3557 554 μαρτυ-

300 562 424 628 ρίας
463 558 561 621 τὰς
603 557 951 626 ὀφειλούσας,
997 560 1091 613 καὶ
1132 559 1234 620 τὴν
1278 562 1649 630 ποιμαντικὴν
1689 562 1889 633 ῥάϐδον
1927 563 2021 614 ἐπὶ
2058 562 2154 617 τοὸ
2198 562 2483 633 βασιλικοῦ
2527 563 2774 635 βήματος
2817 568 2971 637 παρὰ
3012 568 3112 636 τῆς
3156 569 3251 622 τοῦ
3295 571 3560 641 βασιλέως

298 648 513 718 εἰλήφει
549 647 733 718 χειρὸς
756 689 770 713 ,
801 649 941 701 κατὰ
968 648 1028 700 τὸ
1069 646 1239 701 πάλαι
1277 649 1560 718 κρατῆσαν
1591 649 1732 711 ἔθος.
1767 651 1875 704 Καὶ
1903 645 1974 720 ἦν
2002 650 2301 720 διειεργῶν
2323 690 2337 711 .
2367 651 2461 703 καὶ
2490 650 2711 704 διοικῶν
2744 651 2894 706 ἔστιν
2925 653 2961 708 ἃ
2990 655 3101 707 τῶν
3134 660 3561 728 πατριαρχικῶν

299 735 528 787 δικαίων
565 735 664 786 ὅσα
707 734 807 805 οὐχ
853 733 1157 805 ἱερωσύνης
1202 734 1395 788 ἐδεῖτο.
1440 736 1578 790 Erat
1621 746 1798 791 autem

2042 740 2187 808 signi
2227 740 2309 792 vir
2347 740 2618 809 facundia,
2666 755 2729 793 ea:
2771 741 3101 810 imperatorii
3140 742 3269 797 cleri
3314 745 3558 818 collegio,

300 824 552 895 Georgius
583 823 806 896 Cyprius
828 866 841 889 ,
880 827 968 896 qui
997 826 1278 895 eleganter
1295 825 1494 882 Griecte
1527 827 1844 884 litteratura:
1883 844 2128 884 numeros
2148 866 2163 891 ,
2200 835 2250 880 et
2280 827 2510 881 Atticam
2541 826 2691 881 illam
2722 826 2962 897 linguam
2995 829 3150 899 longo
3171 831 3294 901 jam
3326 842 3561 905 tempore

295 913 568 967 oblivionis
602 914 808 983 gurgite
840 918 1136 971 demersam
1172 915 1372 983 ingenii
1406 916 1756 979 dexteritate,
1791 934 1853 971 ac
1886 915 2148 986 singulari
2183 914 2358 969 studio
2392 916 2449 970 in
2483 915 2653 971 lucem
2688 917 2937 987 produxit
2958 956 2973 976 .
3009 935 3072 970 ac
3102 919 3241 972 velut
3279 921 3343 972 ab
3378 923 3560 990 inferis

297 1000 575 1053 revocavit.
610 998 759 1053 Hunc
786 1017 902 1053 cum
932 1017 1035 1054 non
1062 1003 1139 1054 ita
1169 1002 1375 1071 pridem
1401 1005 1759 1057 monasticam
1788 1006 2024 1060 habitum
2051 1004 2327 1065 induisset,
2355 1006 2409 1056 in
2437 1006 2616 1056 animo
2644 1003 2886 1061 habebat.
2919 1016 2966 1057 et
2996 1008 3239 1060 studebat
3266 1008 3560 1078 imperator

296 1089 367 1143 ad
394 1088 810 1156 patriarchicum
841 1089 1034 1141 solium
1065 1090 1304 1153 evehere;
1332 1107 1363 1142 a
1394 1092 1601 1144 nemine
1627 1102 1806 1146 tamen
1833 1109 2013 1147 eorum
2047 1094 2129 1146 illi
2159 1111 2347 1148 manus
2375 1095 2575 1163 imponi
2605 1095 2831 1149 volebat.
2862 1097 2951 1165 qui
2981 1113 3173 1150 novam
3199 1097 3336 1151 illud
3365 1100 3556 1169 dogma

296 1176 527 1247 amplexi
559 1177 776 1247 fuissent
803 1191 822 1230 :
852 1187 908 1231 ut
939 1178 1234 1249 periculum
1266 1174 1431 1241 esseP,
1448 1195 1512 1232 ne
1543 1196 1622 1234 res
1653 1181 1852 1235 diutius
1882 1184 2207 1254 differretur.
2241 1185 2333 1235 Est
2367 1190 2547 1239 tamen
2576 1182 2640 1235 ab
2672 1185 2993 1252 imperatore
3022 1193 3139 1253 post
3168 1186 3340 1239 debita
3370 1190 3561 1255 stt/fra-

296 1264 382 1331 gia
404 1304 415 1326 ,
450 1271 497 1317 et
529 1265 832 1317 testimonia
863 1264 1205 1335 designatus;
1235 1274 1282 1319 et
1317 1265 1589 1336 pastorale
1622 1268 1815 1334 pedum
1843 1269 1898 1322 in
1928 1270 2277 1340 imperatorio
2306 1279 2549 1338 suggestu
2571 1311 2585 1333 ,
2619 1272 2781 1323 veteri
2812 1287 2957 1323 more
2986 1271 3048 1324 ab
3079 1273 3401 1342 imperatore
3434 1289 3558 1342 por-

298 1360 533 1413 rectum,
570 1353 789 1421 accepit.
829 1350 1062 1405 Proinde
1097 1354 1314 1423 negotiis
1346 1354 1581 1407 intentus
1604 1395 1617 1413 .
1654 1356 2008 1425 patriarchica
2034 1361 2163 1428 jura
2186 1399 2201 1423 ,
2235 1375 2349 1428 qua:
2381 1375 2501 1412 cum
2535 1361 2834 1413 sacerdotio
2869 1362 2998 1414 nihil
3031 1362 3372 1431 conjunctum
3404 1361 3560 1414 Imbe-

299 1440 445 1500 bant,
477 1438 910 1494 administrabat.
940 1441 1016 1494 De
1045 1441 1167 1512 ejus
1200 1441 1574 1510 patriarchatu
1607 1443 2027 1514 Pacliymerius,
2055 1448 2151 1501 lib.
2179 1463 2255 1500 vn
2283 1466 2296 1501 :
2327 1446 2491 1517 Eligit
2519 1449 2573 1500 in
2612 1448 2972 1515 patriarcham
3003 1445 3284 1517 Georgium
3310 1464 3336 1500 e
3362 1448 3553 1516 Cypro,

297 1527 561 1580 hominem
600 1530 655 1582 in
695 1528 997 1597 eloquentia
1037 1532 1349 1591 enutritum,
1395 1546 1425 1581 a
1465 1528 1692 1599 Josepho
1729 1532 2041 1599 patriarcha
2081 1534 2406 1596 ordinatum,
2450 1542 2500 1586 et
2541 1533 2800 1609 dignitate
2842 1534 3278 1603 protapostolarii
3315 1536 3370 1587 in
3410 1535 3555 1601 regia

296 1613 627 1683 insignitum.
660 1615 723 1669 In
754 1617 849 1669 hoc
878 1617 1040 1669 etiam
1068 1615 1364 1685 Josephitas
1393 1631 1457 1669 ex
1487 1618 1857 1683 ordinatione,
1889 1630 1947 1673 ut
1975 1621 2271 1685 videbatur,
2301 1622 2403 1673 sibi
2433 1620 2760 1687 concilians;
2789 1623 3098 1677 Arsenoitas
3132 1638 3249 1677 vero
3282 1622 3419 1692 quod
3448 1638 3553 1676 non

299 1702 375 1754 uti
401 1704 751 1758 constituerat
778 1704 1059 1773 Josephus,
1086 1706 1141 1758 in
1173 1703 1409 1757 Ecclesia
1439 1704 1560 1765 ﬁeri
1588 1708 1931 1776 permitteret.
1961 1708 2030 1762 Et
2055 1708 2404 1777 prrtemius
2434 1709 2492 1763 in
2521 1707 2801 1764 Chronico
2836 1728 2851 1763 :

441 1844 610 1915 Παλιν
645 1842 841 1915 Ἰωσὴφ
874 1841 1250 1915 ἀπολαμβάνει
1283 1841 1472 1915 θρόνον
1492 1860 1507 1875 ο
1533 1913 1541 1915 ξ
2131 1843 2334 1896 Ἐλθὼν
2363 1848 2608 1898 κατοικεῖ
2640 1845 2777 1915 πρὸς
2810 1849 2964 1900 πόλιν
2992 1847 3432 1902 Κωνσταντίνου.

439 1908 626 1984 Οὗπερ
656 1908 905 1984 λιπόντος
927 1913 1026 1984 τὸν
1060 1908 1174 1984 βίον
1202 1914 1295 1966 καὶ
1321 1908 1416 1965 τὸν
1447 1913 1657 1983 θρόνον,
2122 1915 2293 1967 Αὐτὸ)
2321 1916 2377 1968 δὲ
2409 1908 2727 1983 μαθήμασιν
2754 1919 2934 1980 ἐνδοὺς
2965 1920 3057 1972 καὶ
3093 1921 3274 1982 πόνοις

439 1983 608 2058 Σοφός
639 1999 723 2044 τις
752 1983 893 2058 ανὴρ
924 1983 1223 2058 [ξρηγὸριος
1252 1984 1562 2058 Κυᾼπρδθεν,
1946 2004 1955 2013 ·
2124 1985 2357 2058 ζᾼφίκτο
2390 1986 2525 2054 πρὸς
2558 1986 2699 2058 μέγα
2732 2004 2783 2038 τι
2815 1989 3062 2052 παιδείας
3093 1989 3277 2058 βάθος.

441 2055 610 2130 ῥργον
642 2054 822 2121 σοφῶν
859 2052 1603 2130 μαίευμῄαλιμουσῷνῌὲστία,
2123 2052 2256 2130 Εἶτα
2288 2052 2567 2130 xamen;
2596 2056 2876 2130 γνώριμος
2908 2052 3267 2130 σιςεφηῲάρῳ,

442 2126 534 2197 Εἰς
568 2124 924 2197 πατριαρχῶν
952 2121 1285 2197 ἀνεβιϐάσθη
1320 2123 1534 2197 θρόνον,
1657 2140 1663 2147 ·
2129 2126 2240 2197 Καὶ
2270 2128 2558 2197 συνταγεὶς
2584 2121 2865 2197 κλήριμγε
2893 2128 2987 2181 τοῦ
3016 2121 3282 2185 stultitiae

440 2196 628 2255 Ὅστις
661 2195 947 2266 πατριὸος,
981 2195 1073 2266 καὶ
1103 2193 1380 2266 Ῑτατρικῆς
1412 2193 1592 2266 οἰκίας
2133 2194 2460 2266 έᾼρχιθύτης
2494 2193 2706 2266 πέφηνε
2732 2193 2833 2266 τῆς
2864 2199 3308 2264 Κωνσταντίνου,

439 2260 907 2337 (ζυγεὶς-’ὑπάρξας
939 2260 1183 2337 παῖς-ἐτι
1215 2260 1320 2337 στου
1342 2260 1636 2337 ,τυγχάνων
2121 2260 2211 2318 Tal
2231 2260 2343 2319 τῶν
2374 2260 3117 2337 μοναχῶνπρὶντελεσθεὶς,
3148 2270 3224 2334 ὡς
3252 2260 3397 2335 ἔθος.

440 2333 778 2396 Παιδεύσεως
811 2334 975 2404 ἔρωτι
1004 2335 1099 2387 καὶ
1131 2333 1473 2405 μαθημάτων

300 2476 525 2529 Rursum
555 2473 810 2545 Iosephus
843 2475 1088 2529 thronum
1114 2477 1336 2547 recipit,
1366 2488 1415 2532 et
1442 2495 1562 2535 cum
1592 2479 1755 2533 vitam
1796 2481 2146 2552 thronumque
2205 2479 2524 2551 deposuisset
2548 2517 2562 2541 ,
2591 2480 2804 2549 sapiens
2833 2480 3049 2549 quidam
3076 2482 3157 2536 vir
3182 2480 3466 2552 Gregorius
3492 2501 3558 2539 ex

301 2565 473 2634 Cypro
494 2603 507 2626 ,
544 2580 847 2618 sermonum
880 2565 1182 2635 sapientum
1216 2566 1462 2625 alumnus
1483 2600 1501 2628 ς
1534 2580 1583 2622 et
1617 2567 1895 2624 Musarum
1928 2570 2260 2628 sacrarium.
2291 2569 2344 2621 in
2380 2568 2629 2620 thronum
2661 2568 3078 2637 patriarchalem
3113 2569 3366 2633 evehitur,
3400 2571 3491 2641 qui
3522 2588 3556 2623 a

298 2658 474 2725 prima
513 2664 668 2709 a'tate
702 2657 880 2726 patria
939 2664 1270 2727 paternaque
1297 2658 1451 2730 domo
1479 2661 1725 2723 extorris,
1757 2659 2062 2713 eruditionis
2093 2675 2155 2711 ac
2211 2660 2592 2710 mathematum
2624 2672 2804 2710 amore
2830 2659 3087 2728 ﬂagrans.
3119 2658 3188 2710 ad
3221 2656 3559 2712 Constantini

298 2743 475 2797 urbem
502 2760 556 2798 se
585 2744 806 2814 recipit;
834 2744 938 2809 ubi,
970 2745 1256 2815 disciplinis
1294 2753 1343 2800 et
1374 2746 1636 2802 laboribus
1668 2748 1896 2812 deditus,
1924 2749 1981 2800 in
2013 2763 2263 2817 magnum
2310 2746 2586 2814 sapientiae
2615 2743 2819 2799 culmen
2848 2745 3102 2814 pervenit.
3132 2742 3361 2798 Tandem
3390 2748 3557 2812 impe-

299 2834 467 2886 ratori
493 2832 743 2892 innotuit,
772 2841 822 2884 et
857 2831 997 2886 clero
1024 2832 1216 2904 palatii
1246 2836 1530 2906 ascriptus,
1560 2835 1756 2908 praesul
1783 2834 2398 2906 Constantinopolitanus
2426 2834 2660 2902 efﬁcitur.
2690 2849 2804 2886 cum
2834 2834 3002 2903 prius,
3031 2841 3089 2884 ut
3121 2834 3282 2887 moris
3309 2842 3405 2897 est,
3437 2850 3551 2887 mo—

300 2920 560 2973 nasticum
587 2920 824 2973 habitum
854 2921 1132 2976 induisset.
1160 2919 1302 2976 Hinc
1328 2923 1467 2976 mira
1495 2921 1715 2993 Georgii
1746 2923 2026 2988 Phranzm,
2053 2922 2153 2977 lib.
2185 2938 2226 2984 ι.
2255 2936 2374 2989 cap.
2406 2923 2459 2983 7.
2486 2921 2780 2975 oscitantia
2807 2920 3296 2976 animadvertenda
3324 2932 3427 2983 est,
3455 2925 3550 2990 qui

298 3006 355 3061 in
386 3008 530 3061 serie
562 3008 1004 3077 patriarcharum
1033 3008 1247 3063 nullum
1277 3009 1427 3063 hunc
1454 3008 1747 3081 Georgium
1779 3012 1949 3078 potiit.
1980 3011 2071 3065 sed
2098 3009 2293 3064 scribit
2323 3022 2337 3066 :
2366 3007 2579 3063 Veccum
2608 3008 2977 3079 patriarcham
3002 3025 3100 3062 sua
3124 3009 3247 3063 sede
3275 3009 3553 3079 depulsum

299 3099 586 3152 monachus
620 3097 839 3167 quidam
874 3098 1199 3153 Athanasius
1242 3102 1452 3154 nomine
1485 3101 1706 3168 excepit.
1739 3098 1895 3165 Quod
1930 3097 2136 3152 homini
2173 3096 2337 3151 rebus
2366 3095 2722 3151 saecularibus
2752 3094 2988 3160 intento,
3021 3111 3123 3150 nec
3159 3096 3556 3152 ecclesiasticis

298 3185 534 3240 multum
563 3185 771 3250 dedito,
800 3186 935 3257 quin
968 3186 1291 3243 infortuniis
1317 3202 1380 3242 ac
1407 3186 1549 3242 mala
1578 3187 1892 3241 valetudine
1925 3186 2127 3249 fracto,
2165 3180 2437 3240 excidisse
2472 3184 2549 3238 nil
2580 3184 2805 3237 mirum.
2830 3183 3146 3239 Aristotelis
3199 3182 3554 3255 Platonisque

298 3276 523 3345 scriptis
552 3274 991 3346 addictissimum
1015 3317 1030 3343 ,
1062 3292 1245 3347 neque
1276 3277 1332 3331 in
1368 3277 1477 3332 illis
1505 3276 1828 3332 excolendis
1857 3275 2039 3331 oleum
2082 3281 2178 3327 aut
2206 3285 2430 3340 operam
2464 3269 2791 3339 perdidisse,
2837 3270 3006 3325 tradit
3034 3271 3275 3326 Joannes
3300 3272 3552 3335 Veccus,

297 3372 441 3418 orat.
475 3363 654 3432 prima
686 3365 752 3418 ad
780 3363 1254 3420 Constantinum:
1289 3365 1412 3428 Πῶς
1439 3366 1497 3419 τὸ
1532 3365 1809 3435 Ἀριστοτε

2034 3378 2054 3413 ε
2085 3360 2179 3414 καὶ
2212 3359 2422 3428 μεγάλα
2458 3358 2704 3411 Πλάτωνι
2733 3359 3178 3428 ὲγκαυχὼμενον.
3211 3361 3282 3412 At
3311 3377 3550 3430 quanam

299 3451 511 3507 ratione
544 3450 937 3506 Aristotelicum
965 3464 1049 3519 te,
1080 3462 1127 3505 et
1163 3453 1397 3507 maxime
1429 3453 1489 3506 ob
1526 3451 1807 3506 Platonem

2044 3448 2262 3501 undam.
2293 3446 2359 3501 Ει
2388 3447 2485 3501 :El
2519 3446 2593 3515 μή
2632 3444 2735 3499 πού
2767 3462 2850 3509 τις
2887 3447 3336 3514 ’Δριστοτελικοῖς
3369 3447 3555 3501 πειθό-

302 3557 464 3609 μενος
497 3541 765 3608 δόγμασιν
792 3540 978 3593 ὁποίον
1003 3539 1168 3594 αὐτόν
1194 3557 1254 3592 σε
1283 3535 1425 3593 εἶναι
1457 3538 1608 3606 λόγοι
1641 3556 1818 3609 παρισι

2039 3538 2054 3588 ἱ
2087 3534 2190 3589 σοι.
2220 3534 2336 3588 Nisi
2363 3533 2478 3601 quis
2508 3533 2858 3587 Aristotelicis
2894 3536 3039 3587 nisus
3069 3533 3309 3605 placitis,
3341 3535 3554 3605 qualem

300 3639 350 3682 te
383 3630 853 3703 commentationes
887 3637 993 3684 tute
1027 3628 1417 3683 demonstrant.
1454 3627 1822 3698 Pachymeres
1855 3624 1925 3681 de
1957 3623 2077 3694 ejus
2112 3632 2317 3686 morte,
2353 3621 2447 3675 lib.
2484 3623 2578 3674 Vm
2621 3620 2787 3684 Hist.,
2822 3636 2944 3690 cap.
2980 3620 3046 3675 16
3082 3640 3096 3677 :
3131 3622 3348 3675 Τούτων
3380 3622 3556 3686 οὕτως

234 3714 253 3731 ⁹
295 3717 534 3787 ἑχόντων
570 3718 597 3768 ὁ
640 3716 740 3786 μὲν
774 3720 1223 3788 πατριαρχεύσας
1259 3715 1559 3786 Γρηγόριος
1592 3715 1734 3783 νόσῳ
1767 3711 2099 3782 πολυημέρῳ
2132 3707 2563 3779 κατεργασθεὶς,
2597 3705 2672 3767 ὡς
2706 3707 2762 3759 δέ
2798 3724 2943 3771 τινες
2977 3707 3184 3776 ἔλεγον,
3209 3711 3301 3762 καὶ
3332 3708 3419 3762 διὰ
3452 3709 3554 3780 τὴν

296 3806 605 3875 παρόρασιν
633 3806 696 3856 ὲκ
731 3804 1102 3876 μικροψυχίας
1137 3803 1256 3873 μετ’
1279 3803 1341 3857 οὐ
1374 3803 1511 3856 πολὺ
1542 3802 1770 3872 τελευτᾷ
1798 3800 1888 3853 τὸν
1915 3801 2046 3871 βίον.
2080 3800 2186 3851 Καὶ
2213 3798 2271 3849 τὸ
2301 3795 2402 3866 μὲν
2429 3799 2485 3847 ἐν
2512 3793 2862 3865 ψαλμῳδίαις
2891 3796 3121 3849 θάπτειν
3146 3797 3290 3849 κατὰ
3317 3798 3376 3850 τὸ
3404 3798 3556 3860 εἰκὸς

296 3894 529 3961 ἐδίδουν,
558 3895 619 3947 τὸ
647 3894 703 3948 δὲ
733 3895 809 3959 ὡς
859 3895 1152 3966 ἀρχιερέα,
1181 3892 1370 3965 ὥσπερ
1400 3892 1466 3965 δὴ
1495 3894 1749 3954 κάκεῖνος
1778 3890 1916 3961 ᾤετο
1945 3890 2043 3957 τὴν
2078 3885 2380 3957 ἱερωσύνην
2411 3885 2814 3955 παρακατέχων
2846 3886 3076 3954 συχνοὺς
3106 3886 3134 3937 ὁ
3167 3885 3387 3957 κρατῶν
3419 3888 3581 3943 ἀπο-.

299 3982 536 4037 στέλλων
569 3982 804 4051 ἀπέλεγε
827 4022 844 4047 ,
880 3984 975 4035 καὶ
1004 3984 1068 4052 τῇ
1100 3981 1410 4052 αὺτανεψιᾷ
1440 3980 1787 4049 ἐπέσκηπτεν
1816 3974 2159 4037 ἐπιτάττων,
2194 3974 2316 4044 ἥτις
2347 3968 2411 4043 ἦν
2442 3974 2474 4040 ἡ
2509 3971 2830 4026 Ῥαούλαινα
2854 4012 2867 4035 ,
2903 3974 2978 4043 μή
3011 3991 3062 4025 τι
3096 3975 3338 4027 τοιοῦτον
3368 3978 3557 4029 ἐπιτε-

297 4075 430 4138 λεῖν,
462 4072 491 4125 ὃ
521 4072 585 4139 δὴ
619 4076 712 4126 καὶ
743 4072 975 4140 γίνεται.
1013 4070 1139 4125 Ηαό
1164 4087 1284 4124 cum
1312 4072 1389 4124 ita
1418 4086 1472 4123 se
1501 4068 1773 4131 haberent,
1806 4076 1813 4115 t

2039 4079 2113 4128 its,
2141 4063 2229 4133 qui
2260 4071 2384 4115 ante
2414 4061 2723 4131 patriarcha
2756 4064 2953 4131 fuerat,
2984 4063 3163 4115 morbo
3192 4062 3399 4116 diutino
3427 4079 3555 4116 con-

299 4161 490 4221 fectus.
525 4170 582 4214 ut
610 4177 730 4215 vero
763 4157 1008 4213 nonnulli
1034 4158 1278 4212 dicebant
1298 4196 1311 4220 ,
1344 4158 1484 4226 quod
1511 4155 1775 4209 contemni
1802 4169 1858 4207 se
1889 4152 2113 4215 videret,
2145 4165 2207 4202 ex
2237 4148 2683 4218 pusillanimitate
2714 4166 2817 4203 non
2854 4148 3020 4203 multo
3052 4159 3168 4221 post
3195 4151 3361 4205 vitam
3393 4150 3551 4215 ﬁnit,

295 4258 345 4302 ct
365 4249 516 4319 justo
547 4247 652 4312 illi,
678 4248 757 4302 uti
785 4264 886 4318 par
908 4254 1047 4311 erat,
1077 4262 1194 4299 cum
1221 4246 1440 4299 canticis
1465 4243 1584 4312 ﬁeri
1610 4240 1980 4304 concedebant,
2008 4249 2061 4291 at
2092 4252 2197 4290 non
2226 4244 2283 4288 ut
2313 4235 2570 4305 pontiﬁci,
2600 4236 3049 4308 quemadmodum
3085 4236 3177 4290 ille
3205 4235 3549 4307 apinabatur,

296 4336 666 4405 pontiﬁcatum
704 4336 800 4390 sibi
838 4336 1137 4397 vindicans,
1174 4336 1367 4405 sapius
1404 4335 1695 4403 imperator
1734 4327 1944 4382 nuntios
1984 4325 2193 4379 mittens
2232 4323 2597 4386 interdicebat,
2632 4338 2843 4394 sataque
2886 4325 3048 4394 nepti,
3085 4341 3202 4394 qua:
3243 4333 3359 4378 erat
3396 4322 3552 4378 Rau-

297 4426 460 4491 liena,
490 4440 553 4477 ne
581 4426 708 4493 quid
739 4433 927 4477 contra
959 4431 1211 4485 tentaret,
1243 4422 1507 4475 mandans
1531 4424 1789 4487 jusserat,
1819 4414 1957 4487 quod
1985 4421 2035 4466 et
2066 4413 2264 4482 factum
2293 4419 2391 4466 est.
2422 4412 2492 4466 Et
2521 4412 2734 4465 dixerat
2765 4415 2831 4466 de
2863 4411 3060 4466 eodem
3093 4426 3257 4482 supra
3290 4427 3412 4482 cap.
3447 4427 3503 4464 ix
3535 4428 3551 4465 :
3594 4448 3611 4493 ξ

298 4514 405 4567 Kal
430 4530 492 4580 γε
517 4512 596 4583 τῷ
623 4512 722 4583 τῆς
754 4512 1079 4581 Ἀριστηνῆς
1112 4511 1384 4580 μονυδρίῳ
1412 4510 1647 4580 ἐχόμενά
1674 4524 1775 4559 που
1805 4504 2045 4573 κειμένῳ
2072 4504 2168 4571 τῆς
2196 4498 2291 4555 τοῦ
2324 4501 2480 4569 ἁγίου
2512 4499 2785 4570 Ἀνδρέου,
2815 4500 2911 4553 τοῦ
2941 4503 2999 4553 ἐν
3025 4504 3090 4571 τῇ
3120 4501 3317 4572 Κρίσει
3354 4501 3548 4572 μονῆς,
3596 4498 3655 4573 ’χῖ

294 4604 410 4655 ἐκεῖ
453 4601 561 4673 γὰρ
603 4603 638 4673 ἡ
682 4600 1228 4671 πρωτοϐεστιὰρισσα
1291 4598 1610 4651 Ῥαούλαινα
1654 4595 1888 4664 συνῆγεν
1928 4590 1985 4656 ἐξ
2028 4589 2227 4659 ἑαυτῆς
2273 4588 2682 4659 περιθάλπουσα
2740 4589 2808 4642 τὰ
2849 4589 3085 4658 μεγάλα,
3134 4589 3316 4661 φέρων
3356 4590 3554 4644 ἑαυτὸν

291 4691 533 4745 δίδωσιν.
565 4689 635 4745 Ει
674 4691 729 4745 in
762 4691 1029 4745 Aristenes
1066 4690 1448 4744 monasterium
1487 4703 1594 4740 non
1631 4685 1783 4753 longe
1819 4699 1851 4736 a
1892 4677 1952 4734 S.
1984 4678 2250 4740 Andreae,
2281 4677 2422 4746 quod
2454 4679 2511 4731 in
2545 4675 2682 4732 Crisi
2716 4684 2828 4742 est,
2868 4678 3215 4742 monasterio,
3247 4677 3447 4743 situm;
3482 4677 3556 4731 ibi

294 4778 433 4831 enim
461 4777 923 4848 protovestiarissa
957 4775 1216 4830 Raultena
1250 4776 1313 4830 de
1341 4777 1645 4845 suo_[ovens
1676 4767 2078 4842 opulentissime
2106 4773 2419 4833 exceperat,
2450 4781 2561 4857 sese
2591 4763 2784 4819 dedens
2840 4764 3124 4835 proripuit.
3160 4763 3400 4834 Scripsit
3431 4764 3557 4833 ple-

297 4880 468 4935 raque
502 4865 555 4921 in
585 4864 733 4921 omni
766 4880 966 4939 genere
996 4863 1379 4919 scientiarum.

370 4954 418 5006 1.
463 4952 618 5007 illius
646 4953 793 5008 edita
829 4937 1009 5017 sunt,
1074 4949 1385 5021 Ἐγκώμιον
1439 4951 1518 5012 εἰς
1578 4948 1677 5018 τὴν
1728 4946 1886 4999 θάλαε

2041 4989 2042 4998 η
2100 4943 2196 4994 εἴτ’
2221 4937 2314 4994 οὖν
2344 4940 2423 5004 εις
2449 4942 2548 5010 τὴν
2578 4940 2672 4994 τοῦ
2705 4938 2897 5003 ὓδατος
2927 4941 3110 5008 φύσιν.
3149 4938 3460 4994 Encominm
3495 4940 3557 4992 in

295 5030 610 5104 mare,‘sive
643 5042 699 5094 in
736 5040 1040 5095 universam
1079 5054 1345 5111 aquarum
1387 5048 1663 5091 naturam.
1704 5033 1891 5089 Graece
1929 5048 1958 5085 a
1995 5030 2383 5084 Bonaventura
2420 5026 2691 5082 Vult-anio
2728 5043 2852 5082 cum
2895 5027 3082 5082 libello
3118 5026 3433 5081 Aristotelis
3470 5026 3555 5081 De

291 5129 508 5191 mundo,
545 5128 800 5197 Lugduni
847 5128 1179 5182 Batavorum
1221 5125 1366 5196 apud
1411 5118 1876 5196 Raphele‘ngium,
1910 5119 2070 5183 1591,
2115 5117 2170 5171 in
2214 5117 2266 5171 8.
2308 5116 2555 5171 Meminit
2602 5116 2752 5170 illius
2793 5116 2849 5168 in
2889 5112 3229 5169 Bibliotheca
3271 5112 3559 5169 Bobcrtus

288 5214 706 5271 Constantinus.

361 5303 414 5354 2.
443 5300 753 5357 Proverbia
790 5303 858 5357 ab
892 5317 960 5357 eo
998 5301 1050 5356 in
1087 5317 1260 5356 unum
1296 5301 1553 5367 collecta,
1579 5308 1635 5354 et
1671 5297 1866 5353 ordine
1902 5292 2256 5363 alphabetico
2292 5290 2504 5361 digesta
2540 5289 2727 5345 Graece
2763 5304 2890 5344 cum
2930 5288 3224 5343 Parmmiis
3262 5287 3563 5345 Michaelis
3646 5329 3652 5333 .

289 5375 560 5457 Apostolii
602 5405 630 5443 a
673 5390 836 5444 Petro
877 5391 1111 5445 l’antino
1150 5388 1342 5443 Latine
1380 5390 1557 5442 versis
1598 5384 1852 5456 Lugduni
1892 5383 2223 5438 Batavorum
2264 5382 2407 5448 apud
2449 5380 2785 5446 Elzevirum,
2822 5378 2981 5442 1619,
3023 5378 3075 5430 in
3118 5379 3176 5433 4.
3213 5377 3286 5431 Ea
3327 5386 3565 5435 exstare

296 5477 431 5530 dicit
466 5479 519 5530 in
552 5477 883 5532 bibliotheca
908 5471 1170 5533 Vaticana
1202 5476 1501 5531 Gesnerus.
1530 5473 1636 5530 Sed
1669 5474 1904 5538 fallitur,
1936 5488 2062 5527 cum
2095 5471 2295 5532 lueret,
2329 5484 2397 5521 an
2429 5469 2620 5523 eadem
2654 5466 2766 5521 sint
2814 5483 2937 5535 qua:
2968 5466 3140 5520 Aldus
3170 5482 3295 5519 cum
3336 5466 3567 5523 Grmcis

290 5562 481 5634 {Esopi
514 5564 739 5619 Fabulis
768 5565 901 5618 olim
935 5565 1232 5634 impressit.
1266 5563 1408 5616 Sunt
1435 5563 1583 5616 enim
1614 5563 1857 5625 diversa,
1888 5560 2167 5629 pauciora,
2199 5559 2635 5620 detruncatiora,
2665 5564 2720 5609 et
2750 5554 2984 5609 fortasse
3012 5570 3126 5610 non
3161 5554 3319 5611 multi
3347 5555 3555 5626 pretii.

294 5652 570 5705 llobcrtus
598 5650 998 5706 Constantinus
1031 5651 1087 5704 in
1117 5650 1368 5704 Biblioth.
1398 5649 1600 5721 Cyrum
1636 5650 1774 5703 mira
1808 5649 2102 5703 oscitantis
2136 5646 2290 5707 iecit.
2320 5645 2601 5716 Gregorius
2632 5644 2803 5715 Cyrus
2840 5646 3137 5699 Partemias
3166 5644 3403 5698 Graecas.

361 5739 489 5808 Ejus
531 5738 817 5794 Sententia?
856 5736 1054 5792 Grteea:
1091 5741 1308 5791 seorsim
1345 5739 1399 5791 in
1437 5748 1621 5791 octavo
1657 5736 1901 5792 Colonias
1925 5751 2129 5789 excusa!
2169 5749 2310 5786 anno
2353 5734 2507 5787 1.556.
2546 5734 2800 5803 Epitome
2836 5731 3175 5787 Gesneriana
3202 5773 3218 5795 ,
3252 5747 3372 5801 quae
3408 5731 3570 5790 item

288 5826 475 5895 tradit,
505 5824 758 5895 Gregorii
789 5842 955 5895 opera
985 5824 1184 5883 Latine
1215 5841 1374 5880 versa
1408 5823 1578 5879 fuisse
1607 5841 1636 5879 a
1666 5825 2051 5880 Bonaventura
2081 5824 2367 5889 Vulcanio,
2402 5823 2459 5877 ni
2492 5824 2631 5878 fallit
2663 5839 2785 5877 nos.
2824 5823 3030 5878 inedita
3064 5833 3214 5889 sunt,
