3858 6528
298 443 362 505 15
1261 442 1583 503 GEORGII
1627 442 1816 503 CYPR

2081 442 2595 504 PATRIARCHlE
3493 441 3559 512 16

285 570 555 608 sermones
597 560 782 607 contra
825 553 1184 620 blasphemias
1227 551 1377 606 Vccci
1417 554 1472 606 in
1513 553 1570 606 4ο
1604 555 1931 622 manuscrip.
1966 551 2199 606 biblioth.
2241 553 2579 622 imperatoris
2623 553 2860 610 Virnnrc.
2901 552 3155 625 Epitome
3193 553 3555 613 Gesneriana-

288 642 568 712 Quidquid
608 650 792 696 autem
829 640 1098 696 adversus
1129 639 1368 694 Veccum
1404 633 1920 709 Georgius'scripto
1955 640 2462 704 commendaverat,
2498 657 2609 697 non
2647 643 2850 697 minori
2887 645 3057 698 animi
3092 652 3252 708 aestu,
3288 646 3399 698 imo
3436 659 3556 700 ma-

287 729 439 783 scula
505 729 829 797 eloquentia
870 727 1208 795 redargueus
1250 726 1366 795 ipse
1399 726 1610 781 Veccus
1647 727 1849 796 passim
1922 727 2177 782 refellere
2245 738 2482 784 conatus
2544 739 2661 799 est,
2725 741 2781 786 et
2821 732 3168 802 potissimum
3213 743 3454 801 quatuor
3486 731 3556 787 ad

283 817 708 871 Cottstautinum
742 815 935 879 libris,
966 829 1204 883 quorum
1237 813 1373 866 illud
1406 825 1490 867 est
1519 813 1797 882 priucipiu

2032 816 2129 868 ίινω
2162 817 2260 885 μὲν
2291 817 2461 880 τάλας
2480 855 2496 881 ,
2529 819 2622 871 καὶ
2651 812 2762 871 οἷον
2791 820 3170 888 διορισάμενος
3199 817 3426 891 ἐμαυτῷ
3455 820 3555 888 τὴν

286 906 426 956 ;.ατὰ
457 905 568 956 τῶν
600 903 1001 971 ἀντιλεγόντων
1029 906 1094 972 τῇ
1127 902 1376 972 ἀληθείᾳ..
1409 901 1485 954 De
1517 901 1692 955 Tomo
1725 901 1802 955 Ge

2029 904 2165 974 yprii
2191 943 2205 968 ,
2236 914 2292 959 et
2320 915 2379 960 ut
2409 915 2601 960 contra
2633 922 2759 961 eum
2795 908 3086 977 scrip~erit
3117 909 3362 969 Veccus,
3397 908 3552 975 plura

285 992 699 1062 l‘achymerius,
726 991 823 1045 lib.
851 1006 968 1054 vni,
999 1005 1124 1058 cap.
1155 990 1206 1043 l.
1236 990 1301 1044 Et
1328 991 1430 1044 hac
1457 989 1649 1044 eadem
1679 991 1971 1044 occasione
2003 991 2266 1062 Cyprium
2297 993 2452 1062 plura
2483 994 2536 1048 in
2568 994 2794 1049 Latinos
2820 1009 2876 1050 et
2905 995 3234 1050 catholicam
3264 995 3551 1048 veritatem

280 1081 618 1145 evomuisse,
650 1079 810 1134 testis
839 1088 924 1132 est
958 1078 1100 1132 inter
1134 1077 1274 1131 alios
1302 1077 1571 1146 Georgius
1606 1075 1954 1142 Scholarius,
1985 1084 2080 1151 qui
2113 1099 2178 1136 ex
2212 1084 2516 1138 schismate
2547 1085 2673 1144 fuit,
2707 1084 2760 1138 in
2794 1083 3069 1138 Promiuio
3097 1085 3165 1138 de
3197 1087 3554 1154 processinne

280 1167 524 1236 Spiritus
550 1168 726 1220 sancti
759 1176 950 1220 contra
982 1164 1226 1218 Latinos.
1259 1164 1398 1219 Cum
1428 1166 1578 1218 enim
1611 1164 1678 1218 de
1727 1165 1796 1219 iis
1826 1168 2196 1237 scriptoribus
2226 1181 2448 1237 ageret,
2477 1172 2570 1239 qui
2603 1181 2794 1226 contra
2826 1171 3052 1227 Latinos
3081 1173 3354 1227 calamum
3386 1187 3554 1226 acue-

281 1265 427 1319 rant,
463 1267 586 1326 post
615 1256 886 1324 judicium
918 1255 985 1308 de
1016 1254 1430 1323 antiquioribus
1463 1255 1757 1324 probatum
1791 1271 1804 1309 ε

2052 1258 2174 1310 Τῶν
2200 1259 2254 1311 δὲ
2289 1259 2530 1325 ὑστέρων
2561 1259 2823 1312 ἁπάντων
2854 1259 3065 1328 βέλτιον
3097 1261 3197 1329 μὲν
3223 1260 3320 1312 καὶ
3350 1258 3552 1314 ἱκανὼ-

276 1361 465 1413 τερον,
499 1347 592 1397 καὶ
622 1345 700 1411 τῷ
737 1343 956 1414 μεγέθει
987 1343 1085 1413 τῆς
1123 1341 1255 1406 ὕλης
1285 1342 1492 1412 ταύτης
1529 1343 1886 1413 συμμέτρως,
1919 1345 2154 1412 μάλιστα
2193 1347 2291 1414 μὲν
2323 1347 2350 1399 ὃ
2380 1365 2441 1399 τε
2475 1347 2762 1409 θεσπέσιος
2797 1347 3015 1412 Νεῖλος,
3049 1351 3144 1402 καὶ
3175 1351 3204 1402 ὁ
3241 1350 3385 1418 ἱερὸς
3419 1349 3551 1401 Θεο-

279 1435 495 1502 ιξάνης,
543 1434 660 1502 μετ’
689 1434 888 1493 αὐτοὺς
934 1433 991 1485 δὲ
1038 1434 1133 1486 καὶ
1174 1431 1285 1483 τῶν
1336 1430 1496 1500 ἱερῶν
1540 1431 1862 1501 Γρηγορίων
1905 1432 1954 1484 oi
2000 1431 2282 1500 ὁμώνυμοί
2329 1451 2384 1486 τε
2441 1437 2536 1486 καὶ
2584 1436 2833 1502 άκριῆεῑς
2875 1434 3072 1487 ὀπαδοὶ
3115 1433 3549 1505 συνεγράψαντο.

279 1524 645 1577 l’osteriorum
690 1538 812 1576 uero
855 1522 1092 1574 omnium
1137 1519 1328 1573 melius
1371 1519 1620 1590 quidem,
1664 1529 1713 1573 et
1756 1519 1926 1589 magis
1970 1520 2307 1590 suﬁicienter,
2349 1531 2398 1574 el
2443 1538 2539 1592 pro
2582 1524 2818 1578 materie
2862 1524 3078 1593 hujusce
3118 1524 3382 1594 dignitate
3424 1525 3554 1577 satis

275 1619 630 1680 congruenter
667 1610 880 1664 divinus
922 1608 1101 1672 Nilus,
1139 1617 1189 1661 et
1232 1623 1384 1662 sacer
1429 1607 1768 1677 Theophanes
1811 1622 1831 1660 :
1873 1618 1987 1676 post
2040 1623 2124 1660 eos
2165 1608 2310 1661 sacri
2350 1606 2590 1678 Gregorii
2633 1611 3004 1679 cognomines,
3045 1620 3095 1664 et
3138 1610 3383 1680 ﬁdissimi
3425 1614 3553 1666 socii

276 1701 723 1768 conscripserunt.
763 1697 918 1752 Alter
959 1696 1064 1750 fuit
1106 1697 1354 1751 Palamas
1396 1693 1841 1765 Gregorius,qui
1883 1693 2122 1763 pluiima
2167 1697 2220 1749 in
2264 1695 2490 1750 Latinos
2533 1698 2832 1752 oblatravit
2872 1716 2888 1753 :
2928 1700 3070 1754 alter
3111 1698 3412 1768 Gregorius
3456 1699 3548 1752 hic

275 1789 512 1860 Cyprius
551 1789 862 1858 patriarcha
902 1786 1589 1855 Constantiuopolitanus,
1629 1786 1724 1855 qui
1763 1784 2014 1840 eamdem
2053 1794 2292 1850 spartam
2330 1785 2397 1838 ad
2434 1796 2742 1838 extremum
2785 1801 2960 1855 usque
2999 1785 3255 1856 spiritum
3300 1787 3546 1840 coluere.

274 1877 520 1930 Joannes
552 1875 682 1929 item
711 1875 944 1937 Veccus,
971 1885 1112 1929 orat.
1147 1874 1202 1940 5,
1234 1872 1299 1926 ad
1333 1873 1717 1927 Constantiu.:
1751 1867 1797 1924 0‘

2044 1888 2190 1934 τινες
2223 1872 2320 1941 μὲν
2349 1872 2557 1925 τούτων
2586 1872 2679 1925 ὑπ’
2704 1873 2934 1944 ἀρχηγῷ
2965 1877 3196 1944 Κυπρίῳ
3225 1864 3547 1942 ταττόμενοι

278 1965 418 2033 πρὸς
446 1966 560 2027 τοῖς
592 1963 778 2024 ἄλλοις
810 1966 950 2016 κατὰ
977 1962 1071 2015 τοῦ
1103 1960 1365 2023 εὐσεϐοῦς
1395 1977 1530 2029 φασι
1555 1961 1848 2029 δόγματος,
1879 1954 1976 2013 καί
2003 1963 2082 2022 εἰς
2110 1960 2435 2029 ὁμωνυμίαν
2464 1959 2810 2013 διαϐάλλουσι
2837 1964 3191 2032 ὲκπόρευσιν.
3225 1962 3378 2016 Nosti
3410 1979 3545 2016 non-

277 2050 455 2104 nullos
489 2065 552 2103 ex
584 2051 663 2103 his
695 2051 789 2120 qui
818 2054 1003 2103 ducem
1036 2049 1293 2120 Cyprium
1327 2057 1626 2118 sequuntur
1655 2048 1794 2101 inter
1821 2046 1930 2102 alia
1951 2089 1966 2115 ,
1995 2063 2113 2117 qua:
2144 2048 2393 2102 adversus
2425 2051 2571 2117 pium
2600 2049 2792 2120 dogma
2822 2049 3126 2117 oblatrant,
3159 2052 3547 2118 processionem

275 2153 538 2210 tanquam
568 2139 916 2209 (eqttivocam,
948 2139 1323 2192 condemnare.

352 2229 595 2283 Scoriaci
635 2229 689 2282 in
727 2228 983 2282 biblioth.
1025 2228 1192 2298 Regia
1233 2227 1433 2297 legitur
1475 2227 1780 2297 Γρηγορίου
1817 2242 1875 2278 πι

2019 2242 2157 2295 ηρχου
2194 2226 2820 2290 Κωνσταντινουπόλεως
2855 2225 2948 2280 τοῦ
2975 2225 3224 2296 Κυπρίου
3247 2226 3542 2297 Ἀπολογία

276 2320 355 2379 si;
395 2317 493 2388 τὴν
514 2318 837 2387 Ἐπιστολὴν
873 2319 1109 2388 Μάρκου
1147 2316 1239 2369 τοῦ
1269 2317 1518 2385 Ἐφέσου.
1549 2315 1789 2385 Gregorii

2017 2315 2144 2367 rchce
2177 2314 2756 2384 Constantinopolitani
2792 2313 2976 2384 Cyprii
3012 2313 3273 2384 Apologia
3310 2315 3366 2368 in
3406 2312 3540 2386 Epi-

273 2406 470 2461 stolam
499 2404 676 2460 Marci
709 2406 944 2476 Ephesii,
983 2405 1068 2469 Vl,
1118 2421 1273 2460 uum.
1311 2406 1396 2470 14,
1431 2420 1540 2458 non
1573 2404 1715 2470 sine,
1750 2412 1812 2457 ut
1845 2395 1997 2472 puto,
2030 2401 2387 2470 exscriptoris
2418 2401 2638 2454 mendo.
2673 2400 2778 2467 Qui
2811 2401 2956 2454 enim
2987 2403 3170 2469 potuit
3201 2403 3540 2470 reSpondere

271 2496 509 2567 Cyprius
534 2497 638 2550 sub
664 2496 984 2551 Andronico
1013 2495 1234 2550 seniore
1286 2494 1470 2548 Marco
1499 2492 1739 2562 Ephesio
1766 2490 1998 2544 antistiti
2025 2491 2128 2546 sub
2153 2488 2368 2543 JOanne
2400 2488 2726 2558 Palaeologo,
2753 2489 3038 2558 antiquior
3063 2498 3287 2544 centum
3314 2491 3540 2562 triginta

273 2583 340 2638 ad
380 2584 565 2638 minus
600 2598 777 2637 annos
807 2583 1058 2652 iuniori?
1087 2583 1271 2649 Quare
1307 2581 1605 2636 delendum
1645 2589 1732 2635 est
1768 2580 1796 2633 il

2024 2578 2152 2647 prii,
2186 2578 2278 2632 τοῦ
2323 2577 2598 2647 Κυπρίου,
2629 2588 2684 2630 et
2723 2578 3172 2632 substitueudum
3213 2580 3541 2648 Πρωτοσυγ-

272 2672 465 2738 γέλλου
503 2672 903 2742 Protosyncelli
939 2671 1044 2742 (ﬂ;
1092 2671 1139 2726 is
1166 2671 1314 2726 cuitu
1347 2670 1402 2723 in
1433 2669 1675 2723 Marcum
1708 2667 2010 2736 Ephesium
2044 2665 2300 2735 scripsit,
2330 2674 2386 2717 et
2414 2663 2708 2718 calumniis
2740 2663 2891 2718 illius
2921 2666 2978 2718 in
3009 2665 3315 2720 Romanam
3347 2666 3540 2721 Eccle-

272 2767 410 2815 siam
438 2760 742 2830 respondit,
777 2769 835 2814 ut
867 2775 936 2813 ex
965 2759 1118 2813 edito
1141 2759 1252 2828 jam
1283 2773 1450 2826 opere
1481 2765 1608 2827 post
1635 2755 1934 2809 concilium
1966 2754 2345 2808 Florentinum
2376 2765 2625 2822 apparet.

340 2847 604 2904 Servatur
640 2862 808 2917 penes
848 2862 934 2902 me
969 2847 1091 2910 Blo;
1132 2847 1228 2900 καὶ
1262 2846 1542 2909 πολιτεία,
1579 2846 1673 2897 καὶ
1716 2843 1920 2912 μερικὴ
1956 2846 2249 2911 θαυμάτων
2283 2845 2535 2914 διήγησις
2567 2843 2660 2896 τοῦ
2699 2845 2847 2898 ὁσίου
2892 2846 2985 2898 καὶ
3021 2845 3282 2914 θεοφόρου
3322 2846 3534 2918 [ἰατρὸς

267 2937 426 3006 ἡμῶν
457 2934 735 3005 Λαζάρου,
769 2935 865 2987 τοῦ
901 2937 959 2986 ἐν
995 2934 1073 3005 τῷ
1110 2934 1359 3005 Γαλησίῳ
1395 2932 1513 3002 ὖρει
1547 2932 1916 3001 ἀσκήσαντος,
1956 2937 2296 3004 συγγραφεῖς
2321 2937 2474 3002 παρὰ.
2498 2937 2593 2988 τοῦ
2630 2935 2940 3004 άγιωτάτου
2977 2935 3318 3008 πατριάρχου
3357 2937 3530 3004 κυροῡ

271 3024 596 3094 Γρηγορίου.
640 3022 792 3087 Vita,
830 3032 878 3077 et
915 3039 998 3077 res
1031 3034 1221 3094 gestae,
1257 3032 1306 3078 et
1343 3021 1630 3094 peculiaris
1666 3023 2048 3080 miraculorum
2079 3025 2322 3075 narratio
2374 3025 2555 3076 sancti
2598 3035 2648 3076 et
2692 3023 2859 3075 Deum
2899 3022 3115 3091 ferentis
3153 3024 3333 3078 l’atris
3366 3026 3535 3079 nostri

269 3115 489 3180 Lazari,
519 3117 607 3186 qui
633 3115 690 3168 in
717 3114 929 3169 Galesio
959 3124 1130 3168 monte
1159 3115 1322 3169 vitam
1350 3115 1636 3166 asceticam
1664 3112 1914 3172 excoluit,
1943 3102 2204 3174 descripta
2233 3124 2263 3158 a
2292 3108 2628 3160 sanctissimo
2657 3110 2971 3176 patriarcha
3000 3109 3211 3160 domino
3253 3106 3531 3177 Gregorio.

267 3205 372 3270 Qui
407 3219 515 3276 non
549 3203 693 3258 alius
723 3204 853 3268 erit,
881 3219 1049 3272 quam
1075 3202 1335 3272 Cyprius.
1363 3201 1613 3270 Namque
1641 3208 1766 3269 post
1792 3195 2023 3252 Romani
2052 3194 2412 3264 Argerphyli
2440 3194 2736 3263 imperium
2763 3196 2866 3249 sub
2894 3211 3004 3264 quo
3030 3195 3261 3250 ﬂorebat
3292 3195 3534 3252 Lazarus

267 3297 332 3348 ad
367 3293 642 3363 direptam
681 3308 854 3363 usque
896 3294 1126 3355 urbem,
1163 3302 1362 3363 praeter
1392 3289 1721 3360 Gregorium
1759 3287 2230 3357 Protosyncellum
2254 3285 2367 3348 ,ad
2404 3299 2564 3352 quem
2603 3285 2795 3338 relerri
2833 3287 3060 3338 minime
3100 3295 3314 3355 potest,
3346 3285 3534 3340 nullus

267 3384 410 3439 alius
443 3382 744 3452 Gregorius
779 3382 1216 3451 patriarcbatum
1253 3379 1683 3434 administravit.
1721 3373 2322 3440 Baronius,Annalium
2362 3388 2508 3425 anno
2545 3372 2685 3436 900,
2723 3388 2833 3426 non
2905 3373 3122 3428 alienus
3158 3373 3226 3428 ab
3265 3374 3367 3427 hac
3403 3389 3532 3428 scn-

270 3471 466 3532 tcntia,
492 3479 774 3525 auctorem
803 3469 937 3524 Vita:
966 3468 1260 3539 Georgium
1294 3466 1510 3522 vocavit
1540 3485 1554 3520 :
1589 3464 1796 3522 Claruit
1827 3469 1922 3518 hoc
1953 3477 2182 3533 tempore
2214 3464 2269 3514 in
2299 3463 2513 3515 Oriente
2547 3461 2608 3515 S.
2642 3460 2882 3516 Lazarus
2915 3466 3203 3517 monachus
3234 3465 3286 3516 in
3319 3462 3530 3519 Galesio

267 3569 441 3610 monte
468 3558 633 3628 juxta
668 3558 957 3629 Ephesum,
993 3557 1146 3627 cujus
1187 3558 1350 3611 vitam
1388 3555 1597 3624 scripsit
1635 3551 1889 3622 Georgius
1923 3554 2255 3623 patriarcha.
2292 3550 2532 3620 Scriptio
2568 3560 2654 3607 est
2691 3551 2828 3607 satis
2867 3553 3111 3623 elegans,
3151 3560 3207 3606 et
3244 3564 3525 3615 accurata,

265 3655 321 3697 et
353 3661 497 3700 rara.

335 3807 402 3878 (D
450 3805 754 3881 Gregorius
797 3807 1268 3881 Brotosyncellus,
1309 3809 1624 3880 patriarcha
1667 3808 1833 3864 CPol.
1944 3826 2000 3881 p.
2035 3810 2136 3864 112
2169 3810 2420 3881 seq.,ubi
2454 3809 2618 3866 etiam
2652 3809 2814 3865 docet
2843 3810 3088 3880 quinque
3121 3811 3299 3880 capita
3323 3809 3390 3881 iu
3425 3808 3524 3866 de-
3631 3815 3642 3821 ‘

264 3879 332 3950 ab
363 3893 491 3932 ann.
525 3879 664 3934 1445
692 3879 756 3934 ad
788 3879 960 3950 H55,
981 3879 1049 3934 de
1078 3879 1237 3950 cujus
1290 3879 1514 3949 scriptis
1542 3881 1833 3935 adeundus
1944 3879 2262 3936 l'eusionem'
2280 3882 2494 3936 concilii
2528 3881 2822 3936 Florentini
2849 3879 2919 3935 ab
2945 3879 3013 3936 eo
3037 3879 3274 3950 scripta,
3300 3880 3522 3936 diversa

267 3949 775 4022 Rctrus_Arcudius
821 3950 878 4022 in
925 3949 1218 4007 Concordia
1257 3952 1537 4022 utriusque
1585 3951 1837 4006 Ecclesia:
1945 3952 2139 4021 utique
2169 3968 2290 4008 esse
2323 3969 2350 4005 a
2385 3951 2610 4006 totidem
2643 3953 2918 4022 capitibus
2945 3967 3067 4022 qua:
3095 3949 3384 4007 Genuadio
3417 3952 3521 4005 ab-

263 4018 407 4074 circa
457 4019 765 4076 doctrinam
819 4020 887 4078 de
938 4021 1318 4090 sacramentis,
1372 4018 1474 4078 lib.
1529 4037 1589 4090 ιι,
1639 4036 1689 4076 c.
1747 4022 1834 4088 l5,
1941 4018 2190 4094 judicare
2223 4024 2394 4078 voluit
2421 4018 2838 4094 CaryOphyllus.
