3858 6522
297 405 365 474 17
1788 427 1989 489 Vl'l‘A.
3485 437 3550 501 18

1483 767 2387 950 GEORGII

1859 1067 1990 1125 seu
2005 1035 2018 1048 ”

746 1268 2039 1491 GREGOBII
2221 1236 3131 1526 CYPBII

1415 1612 2204 1746 PATBIARCHIE
2280 1657 2459 1746 αι).

1660 1879 2211 1993 νιΤΑ

359 2091 555 2167 ΟΠΞ
597 2093 721 2157 EX
763 2096 1070 2162 CODICE
1105 2100 2017 2166 LUGDUNO-BATAVENSI
2051 2106 2281 2168 NUNC
2332 2107 2695 2169 PRIMUM
2747 2103 3052 2171 GR/ECE
3092 2102 3193 2168 IN
3235 2066 3530 2164 LUCEM

791 2178 1116 2240 PRODIT
1159 2181 1344 2243 CUM
1377 2182 1693 2245 LATINA
1745 2183 2574 2249 INTERPRETATIONE
2621 2187 2741 2247 ET
2786 2184 3088 2252 NOTIS:

1606 583 3266 594 iw“__________________

1775 2348 2113 2393 ACCEDUNT

311 2441 997 2530 ΒΙξξξῌᾟΑΤΙΟΝΕΒ
1064 2453 1240 2516 DU}E
1299 2444 1750 2518 HISTORICZE
1808 2458 1912 2518 ET
1965 2456 2479 2530 DOGMATIC/E,
2546 2458 2711 2520 CUM
2769 2455 3161 2518 EPISTOLA
3206 2448 3562 2512 EIUSDEM

393 2522 811 2607 mentun
857 2531 1189 2604 AMICUM,
1239 2536 1338 2594 ET
1382 2535 2033 2605 MOSCHAMPERIS.
2100 2522 2982 2607 EXCHARTOPHYLACIS,
3055 2535 3160 2594 AD
3202 2531 3481 2602 IPSUM.

578 2604 817 2678 QUEIS
859 2609 1315 2673 ΒΥΖΑΝΤΙΝΑ
1361 2614 1694 2676 GEORGII
1736 2604 2250 2678 PACHYMERIS
2294 2615 2672 2679 HISTORIA
2714 2604 3301 2686 lLLUSTRATUR;

1822 2774 2062 2816 AUCTORE

1076 2897 1228 2963 PR.
1273 2897 1402 2962 JO.
1447 2898 1782 2963 PBANO.
1828 2903 2113 2967 BERN.
2155 2905 2258 2967 Μ.
2295 2905 2417 2966 DE
2449 2903 2813 2979 RUBEIS,

1528 3044 1790 3089 OBDINIS
1829 3045 2364 3093 PREDICATOBUM.

787 3143 1056 3205 (Veneliis,
1083 3143 1378 3204 “DCCLIII,
1413 3147 1543 3210 typis
1568 3145 1647 3196 Jo.
1668 3147 1810 3209 Bapt.
1837 3145 2086 3208 Pasquali,
2123 3146 2435 3210 superiorum
2463 3159 2708 3211 permissu
2733 3157 2790 3196 ac
2813 3141 3122 3207 privilegio.)

1505 3501 1653 3589 AD
1730 3501 2422 3593 LECTOREM.

393 3703 595 3776 Operis
643 3704 1048 3769 elucubra'ndi,
1113 3705 1496 3776 qualecunque
1543 3706 1727 3776 prodit
1767 3707 1822 3762 in
1865 3707 2082 3772 lucem,
2125 3708 2304 3762 datam
2354 3706 2702 3762 occasionem
2751 3706 3211 3776 propositumque
3275 3702 3569 3758 consilium

324 3794 520 3865 paucis
571 3792 785 3862 accipe,
833 3791 1034 3848 Lector
1073 3793 1361 3854 benevole.
1413 3795 1551 3850 Cum
1608 3796 1748 3866 typis
1787 3794 2012 3851 Venetis
2059 3795 2376 3865 Byzantina
2423 3793 2674 3850 Historia:
2714 3792 2990 3848 volumina
3038 3806 3186 3846 anno
3219 3791 3358 3846 1729
3389 3792 3578 3846 recudi

325 3891 506 3951 coepta
561 3881 770 3936 fuerint
793 3919 810 3944 ,
862 3894 1001 3935 nova
1035 3879 1152 3935 hzcc
1181 3881 1357 3936 editio
1389 3881 1627 3951 pretium
1661 3883 1882 3952 aliquod
1927 3889 1986 3936 ut
2014 3881 2268 3947 haberet,
2299 3882 2436 3936 nihil
2471 3883 2541 3938 ab
2576 3897 2643 3937 eo
2669 3882 2765 3952 qui
2797 3896 2988 3936 curam
3034 3880 3156 3950 ejus
3185 3891 3578 3949 assumpserat.

326 3969 758 4041 praetermissum
811 3966 1111 4036 diligentiae
1163 3967 1306 4033 fuit,
1341 3983 1452 4038 quo
1484 3968 1812 4023 accederent
1857 3984 1982 4023 cum
2016 3971 2388 4025 emolumento
2425 3985 2613 4041 opera,
2660 3971 2746 4025 vel
2781 3969 3069 4041 opuscula,
3112 3971 3158 4024 si
3189 3985 3294 4038 qua
3332 3969 3399 4024 ad
3432 3968 3578 4023 idem

327 4068 716 4128 argumentum
749 4059 1056 4128 spectantia
1097 4058 1341 4112 nondum
1372 4058 1521 4113 edita
1569 4058 1774 4113 forent.
1818 4059 1898 4112 Ad
1923 4059 2130 4114 amicos
2170 4059 2550 4129 litteratosque
2583 4060 2732 4114 viros
2764 4060 2905 4113 intra
2937 4065 3175 4115 etextra
3207 4057 3414 4112 Italiam
3441 4058 3580 4111 data:

327 4147 527 4202 littere
593 4153 725 4201 sunt
747 4186 760 4206 .
801 4146 958 4214 queis
1009 4147 1347 4216 urgebantur
1384 4146 1522 4217 ipsi,
1557 4157 1616 4200 ut
1650 4162 1780 4202 suas
1811 4163 1909 4216 pro
1942 4147 2284 4202 humanitate
2316 4148 2484 4202 veluti
2521 4147 2797 4219 sytnbolas
2825 4146 3148 4202 conferrent
3177 4146 3244 4200 ad
3271 4161 3425 4200 novae
3463 4146 3583 4200 edi-

331 4236 498 4288 tionis
541 4233 1044 4302 ampliﬁcationem.
1088 4233 1724 4304 Lugduno-Batavorum
1766 4235 2017 4305 epistola:
2063 4235 2314 4305 plurima:
2341 4246 2397 4290 et
2429 4237 2695 4304 opuscula
2728 4235 3041 4305 argumenti
3069 4236 3225 4295 varii,
3263 4250 3384 4304 quae
3411 4234 3582 4289 Geor-

327 4325 468 4392 gius.
495 4339 593 4377 seu
621 4321 918 4390 Gregorius
944 4320 1200 4393 Cyprius,
1227 4323 1534 4378 litterarum
1572 4324 1798 4378 nomine
1841 4323 2048 4388 clarus,
2077 4339 2142 4378 ac
2176 4325 2503 4394 patriarchae
2523 4324 3123 4394 Constantinopolitani
3150 4324 3417 4394 dignitate
3443 4338 3582 4377 con-

231 4423 252 4477 ι
329 4413 575 4480 spicuus,
629 4411 1016 4466 tertiodecimo
1060 4427 1182 4466 aet-aa
1227 4411 1553 4468 Christiana:
1583 4413 1784 4468 saeculo
1831 4412 2149 4480 scripserat,
2171 4413 2492 4466 transmissa
2539 4416 2718 4477 luere,
2749 4412 3126 4466 voluminibus
3153 4427 3313 4465 manu
3341 4415 3579 4465 exaratis

331 4503 726 4569 comprehensa
751 4502 988 4563 duobus,
1010 4516 1246 4571 quorum
1281 4503 1517 4557 alterum
1546 4503 1797 4557 Gracum
1835 4509 2042 4556 textura
2070 4500 2473 4570 complectitur,
2497 4499 2746 4555 Latinam
2771 4501 3084 4556 versionem
3106 4501 3337 4555 alterum
3362 4500 3430 4553 ah
3452 4516 3587 4554 ano-

334 4605 496 4659 nymo
540 4590 778 4659 quodam
819 4589 940 4659 ejus
986 4590 1094 4644 loci
1142 4592 1550 4646 concinnatam.
1595 4577 1837 4646 Editioni
1876 4589 2096 4643 Venetae
2151 4588 2226 4642 ita
2269 4590 2651 4644 consulentem
2684 4590 2942 4653 amicum,
2977 4604 3089 4658 pra:
3123 4589 3298 4643 oculis
3327 4589 3585 4643 habuisse

332 4678 641 4745 putaverim
677 4677 824 4731 Petri
871 4677 1183 4741 Lambecii,
1224 4679 1324 4730 viri
1373 4679 1744 4741 celeberrimi,
1792 4676 2204 4733 adnotationem
2260 4678 2326 4732 ad
2369 4677 2602 4732 similem
2637 4676 3582 4732 Cmsareo-Vindohonensemcodi-

333 4779 473 4826 cem,
526 4765 674 4819 lihro
718 4780 815 4818 vttt
840 4765 1198 4820 Bibliotheca:
1226 4768 1563 4821 recensitnin
1593 4783 1607 4822 :
1656 4767 1987 4836 οἰςηὶεδίιηιε
2011 4764 2250 4833 profecto
2279 4773 2423 4831 sunt,
2459 4766 2784 4835 inquientis,
2819 4780 2996 4818 omnes
3026 4763 3136 4818 illic
3161 4764 3395 4830 epistola!
3429 4763 3587 4831 (Grv—

333 4851 470 4922 gorii
503 4849 734 4923 Cyprii).
774 4860 831 4905 ut
861 4863 1114 4923 tanquam
1159 4855 1409 4908 eximium
1435 4853 1684 4924 Corporis
1718 4855 1968 4910 Historia:
2004 4858 2319 4931 Byzantina:
2346 4855 2796 4927 supplementum,
2827 4853 3010 4909 Grmce
3063 4863 3113 4908 et
3145 4853 3340 4907 Latine
3361 4892 3374 4915 ,
3404 4854 3457 4904 in
3501 4853 3587 4904 lu-

330 4955 442 4994 cem
492 4939 860 5010 proferantur,
884 4950 933 4994 et
967 4940 1176 5010 quidem
1202 4941 1529 5012 potissimum
1553 4950 1612 4996 ob
1646 4941 1854 5014 Georgii
1890 4943 2231 5018 Pachymeris
2272 4944 2568 4999 Historiam
2603 4943 2812 5014 imperii
2845 4941 3136 4996 Andronici
3163 4939 3454 5009 Palarologi
3501 4957 3586 4992 se-

332 5029 520 5091 nioris,
562 5031 753 5100 quippe
777 5045 896 5100 quae
927 5030 1119 5084 harum
1147 5031 1398 5098 beneﬁcio
1428 5030 1785 5100 epistularum
1845 5033 1980 5104 (imo
2010 5037 2178 5089 etiam
2206 5033 2646 5101 opusculorum),
2682 5033 2977 5086 innumeris
3013 5032 3122 5101 fere
3151 5029 3279 5084 locis
3315 5029 3587 5083 illustrari

330 5126 520 5187 potest.
561 5115 686 5172 Haec
734 5119 922 5173 eadem
968 5128 1054 5174 est
1080 5119 1324 5173 Danielis
1360 5119 1592 5174 Nesselii
1639 5121 2052 5177 animadversio
2090 5123 2142 5177 in
2166 5121 2426 5192 Catalogo
2455 5130 2607 5190 parte
2636 5118 2702 5183 V,
2742 5135 2892 5173 num.
2918 5119 3006 5174 Cl.
3042 5119 3236 5174 Manus
3275 5117 3467 5173 ultima
3491 5118 3587 5171 de-

332 5219 481 5258 mum
539 5205 766 5260 editioni
807 5205 1027 5261 Venetae
1079 5207 1335 5275 imposita
1372 5208 1477 5262 fuit
1501 5249 1515 5272 ,
1551 5209 1685 5278 quin
1726 5209 1914 5280 Cyprii
1967 5213 2083 5266 sive
2118 5211 2386 5280 epistolae,
2430 5210 2544 5262 sive
2570 5210 2835 5278 opuscula
2864 5223 2963 5278 pro
2993 5208 3138 5262 votis
3162 5207 3345 5261 locum
3383 5206 3436 5260 in
3469 5205 3587 5274 ipsa

333 5292 650 5358 habuerint,
704 5308 824 5347 eam
879 5296 1115 5348 fortasse
1170 5295 1242 5349 ob
1276 5311 1525 5357 causam.
1569 5313 1732 5364 quam
1785 5313 1909 5351 mox
1963 5299 2297 5368 aperiemus.
2326 5297 2569 5367 Contigit
2609 5308 2733 5368 post
2774 5312 2982 5360 annos,
3026 5294 3259 5366 utquod
3296 5294 3590 5365 Lugdunu-

332 5379 653 5433 Batavensis
677 5380 886 5434 codicis
923 5382 1309 5436 transmissum
1355 5383 1534 5439 fuerat
1573 5386 1948 5456 apographum
1973 5426 1988 5449 ,
2039 5390 2464 5457 neglectumque
2487 5388 2706 5457 jacebat
2729 5430 2743 5451 ,
2781 5386 3044 5457 singulari
3078 5385 3212 5440 mihi
3249 5388 3396 5438 dono
3431 5384 3593 5438 dare-

331 5480 424 5523 tur
455 5489 468 5524 :
525 5471 821 5540 statimque
866 5472 999 5526 mihi
1049 5488 1205 5528 mens
1242 5475 1544 5539 insederat,
1586 5487 1643 5530 ut
1687 5475 2012 5546 patriarchae
2041 5474 2640 5544 Constantinopolitani
2670 5475 3109 5537 lucubrationes,
3143 5489 3282 5543 quas
3303 5473 3446 5527 docti
3484 5471 3627 5525 viri-

331 5557 688 5629 expetebant,
738 5570 835 5613 aut
882 5576 1073 5615 omnes
1097 5602 1112 5628 ,
1166 5573 1260 5616 aut
1297 5563 1559 5632 majorem
1591 5575 1829 5634 partem,
1874 5564 2152 5632 publicam
2191 5565 2477 5634 prodirent
2525 5565 2578 5618 in
2614 5566 2815 5618 lucem.
2852 5563 3160 5628 Quominus
3195 5577 3327 5616 vero
3363 5575 3592 5628 compos

333 5657 592 5701 votorum
639 5647 828 5703 ﬁerem
851 5689 866 5714 ,
917 5649 1110 5704 Latina
1139 5652 1344 5710 versio.
1395 5668 1517 5721 quae
1567 5652 1890 5706 transmissa
1923 5657 2128 5714 fuerat,
2165 5651 2428 5717 inhibuit,
2465 5660 2656 5720 utpote
2679 5665 2801 5721 qua:
2834 5649 2988 5704 rudis
3023 5648 3324 5703 admodum
3361 5659 3581 5716 reperta

331 5734 426 5797 sit,
478 5737 769 5806 minusque
820 5753 1060 5792 consona
1089 5740 1276 5798 textui
1312 5738 1525 5804 Graeco,
1569 5740 1678 5794 into
1708 5753 1858 5796 certe
1899 5756 2255 5810 repugnans:
2291 5757 2414 5810 quae
2445 5741 2680 5795 fortasse
2719 5755 2882 5794 causa
2918 5738 3120 5800 fuerit,
3157 5754 3224 5791 ne
3256 5737 3309 5790 in
3340 5735 3592 5790 editione

334 5825 545 5879 Veneta
594 5823 852 5882 Historia:
888 5826 1199 5896 Byzantinae
1238 5828 1420 5882 locum
1470 5829 1791 5884 obtinerent
1823 5839 2138 5884 memorata:
2165 5829 2352 5900 Cyprii
2383 5827 2852 5885 elucubrationes.
2877 5825 3156 5896 Praecipua
3179 5841 3275 5896 Spe
3301 5825 3592 5893 deceptus,

329 5910 484 5970 haud
519 5928 700 5986 opera
742 5913 1092 5985 dispendium
1125 5915 1243 5974 fore
1283 5915 1641 5974 nihilominus
1669 5917 2120 5988 cxistimaverim,
2160 5918 2204 5975 si
2243 5919 2362 5976 leve
2391 5920 2588 5975 saltem
2624 5916 2782 5974 istius
2810 5915 3018 5971 codicis
3051 5915 3341 5970 exhibeam
3394 5910 3580 5982 speci~
