3838 6362
300 299 368 365 ts
1252 307 1578 368 GEORGII
1616 308 1871 369 CYPttll
1909 309 2015 372 ce.
2057 311 2574 373 PA'I‘RlAttCll/E
2728 292 2734 301 ’
3350 277 3355 282 ’
3477 307 3550 370 20

298 427 426 467 men
474 412 692 484 aliquod
740 430 753 467 :
798 415 1048 483 epistolis
1088 434 1285 488 nempe
1328 421 1586 476 omnibus
1630 430 1685 476 et
1722 421 2022 490 opusculis,
2051 439 2173 492 qua:
2201 424 2257 478 in
2281 440 2349 479 eo
2370 426 2746 488 continentur,
2780 423 3101 494 singillatim
3134 422 3396 478 indicatis
3426 441 3442 478 :
3476 439 3546 480 ac

300 501 444 555 binis
487 502 649 555 etiam
695 503 942 571 epistolis
987 522 1204 575 unoque
1250 509 1515 576 opusculo
1561 525 1707 563 nunc
1740 509 2132 578 primumcum
2168 528 2306 565 nova
2339 512 2531 567 Latina
2575 515 3032 581 interpretatione
3060 513 3116 566 in
3157 512 3336 567 lucem
3368 512 3537 568 emisr

297 591 393 645 eis.
450 590 585 643 illud
629 592 774 645 inter
820 596 1082 663 opuscula
1139 597 1402 650 selectum
1442 608 1559 662 est,
1601 598 1747 667 quod
1783 599 1851 651 ab
1895 598 2014 668 ipso
2047 598 2251 668 Cyprio
2280 600 2355 654 De
2385 603 2535 655 rebus
2566 604 2671 656 suis
2700 601 3048 670 inscriptum,
3081 600 3320 667 primum
3350 601 3539 656 locum

296 686 468 742 tenet,
528 687 641 731 tum
691 681 816 748 quia
866 681 918 734 in
962 682 1644 741 Ccsareo-Vindobonensi
1692 686 1881 740 codice
1928 688 2177 742 mutilum
2210 699 2386 749 exstat
2422 707 2435 742 :
2485 698 2597 742 tutu
2640 690 2803 742 etiam
2841 689 2990 757 quod
3020 688 3125 742 viri
3155 689 3409 751 illustris,
3445 704 3545 743 va-

294 764 488 832 rioque
532 765 645 821 fato
685 767 941 831 celebris,
992 769 1413 839 diligentissime
1455 789 1579 827 cum
1635 772 1808 843 patria
1849 776 2061 830 natales
2113 776 2320 838 refert.
2359 792 2553 846 genus,
2590 776 2875 841 indolem;
2914 778 3089 845 prima
3125 776 3332 840 studia,
3360 793 3423 830 ac
3453 777 3546 831 iti-

292 867 424 905 nera
458 852 525 906 ad
561 854 817 909 eximiam
842 856 1150 912 litterarum
1183 859 1438 929 peritiam
1473 861 1873 929 assequendam
1898 874 2188 932 suscepta;
2215 864 2588 919 ecclesiastica
2620 864 2832 927 munia,
2867 862 3289 933 principemque
3317 864 3370 917 in
3403 866 3541 918 urbe

294 942 440 1008 regia
484 957 694 997 sacram
724 943 1045 1012 dignitatem
1075 964 1087 1010 ;
1124 957 1421 1017 partesque
1459 948 1706 1002 diversas
1737 950 1879 1020 ejus,
1909 949 2155 1020 itemque
2184 953 2443 1007 adversas
2464 953 2518 1006 in
2545 969 2634 1018 ea,
2659 968 2782 1023 quae
2807 961 2939 1007 tunc
2960 952 3253 1021 utriusque
3277 952 3537 1007 Ecclesia:

290 1030 425 1085 inita
480 1034 774 1088 concordia
817 1035 920 1088 fuit
959 1053 974 1090 :
1016 1047 1179 1106 atque
1211 1037 1432 1093 demum
1465 1040 1836 1108 potissimum,
1868 1040 2014 1111 quod
2047 1039 2175 1093 inde
2219 1040 2356 1093 mihi
2386 1039 2608 1093 daretur
2634 1056 2790 1101 ansa.
2828 1048 2886 1092 ut
2916 1039 3404 1110 Pachymerianam
3437 1041 3541 1094 Mi-

289 1121 499 1175 chaelis
555 1121 862 1192 Pabcologi,
914 1135 970 1179 et
1010 1126 1307 1181 Andronici
1357 1125 1451 1181 lilii
1497 1133 1897 1197 lmperatorum
1949 1128 2238 1183 historiam
2275 1127 2423 1181 baud
2468 1127 2710 1193 modico,
2742 1136 2801 1180 ut
2833 1126 3116 1196 putabam,
3149 1128 3541 1182 emolumento

290 1206 647 1265 illustrarem.
676 1212 807 1266 Eam
841 1214 1084 1283 intelligo
1114 1212 1367 1270 Historia:
1394 1230 1425 1272 a
1456 1216 1788 1287 Pachymere
1816 1215 2038 1284 scripta:
2072 1222 2307 1284 partem,
2326 1228 2449 1283 quae
2478 1215 2693 1283 negotia
2727 1214 3103 1268 Ecelesiarum
3129 1223 3343 1283 spectat
3369 1232 3382 1268 :
3421 1215 3541 1267 sive

291 1312 414 1365 quae
452 1298 555 1351 sub
584 1293 851 1357 Michaele
894 1300 1203 1373 Palaeologo
1234 1312 1358 1358 acta
1392 1312 1524 1360 sunt
1550 1304 1605 1359 in
1635 1304 1907 1373 dogmatis
1934 1303 2279 1358 discussione
2305 1301 2373 1357 de
2414 1304 2772 1370 processione
2804 1301 3049 1371 Spiritus
3078 1302 3256 1355 sancti
3287 1318 3318 1354 a
3352 1302 3539 1364 Patre.

289 1394 345 1437 et
384 1400 413 1438 a
450 1386 612 1447 Filio.
649 1389 736 1442 vel
779 1404 879 1459 per
922 1390 1141 1455 Filium,
1175 1407 1238 1446 ac
1269 1391 1399 1446 inita
1432 1393 1723 1462 utriusque
1755 1391 2013 1447 Ecclesia:
2056 1392 2111 1445 in
2149 1394 2489 1445 meumenics
2523 1391 2738 1461 synodo
2784 1390 3139 1459 Lugdunensi
3174 1392 3404 1455 unione,
3440 1406 3536 1444 ea-

288 1471 528 1544 demque
577 1485 765 1546 postea
808 1487 966 1548 rupta
995 1494 1060 1534 ac
1085 1496 1277 1536 eversa
1311 1483 1414 1536 sub
1450 1481 1765 1536 Andronico
1808 1494 2130 1534 successore
2163 1499 2175 1533 :
2225 1480 2340 1534 sive
2378 1496 2500 1549 quas
2525 1481 2807 1549 pertinent
2836 1482 2905 1533 ad
2943 1480 3383 1550 patriarcharum
3415 1495 3543 1533 suc-

287 1562 624 1626 cessionem,
655 1564 750 1632 qui
782 1580 885 1635 pro
910 1567 1065 1621 vario
1094 1569 1330 1637 partium
1361 1569 1545 1622 studio
1568 1569 2037 1638 promovebantur
2062 1569 2116 1623 in
2143 1567 2403 1622 Ecclesia:
2428 1569 2714 1631 thronum,
2745 1582 2810 1622 ac
2837 1568 3039 1622 throno
3070 1566 3537 1621 detrudebantur.

288 1649 424 1703 llntc
474 1667 605 1708 vero
640 1653 1048 1711 Dissertationes
1088 1660 1228 1720 dum.
1264 1660 1553 1725 historiae,
1581 1669 1629 1714 et
1656 1661 1985 1730 dogmaticw,
2013 1672 2135 1726 quae
2170 1655 2505 1727 pnecipuam
2532 1655 2718 1724 operis
2746 1664 2958 1723 partem
2988 1653 3315 1716 coniiciunt,
3340 1653 3533 1707 elucu-

289 1741 455 1793 bruta)
482 1752 632 1806 sunt,
670 1759 733 1798 ac
769 1744 915 1800 binis
948 1746 1113 1801 etiam
1146 1747 1492 1816 locupletataa
1513 1748 1763 1818 epistolis
1790 1746 1977 1801 Graec
2002 1745 2281 1814 simulque
2304 1744 2499 1798 Latine
2526 1758 2677 1797 nunc
2716 1744 2955 1812 primum
2980 1741 3167 1796 editis.
3195 1740 3539 1796 Gravissima

287 1842 388 1896 pro
441 1830 712 1886 catholico
766 1834 1016 1902 dogmate
1067 1845 1345 1889 momenta
1390 1852 1421 1889 a
1473 1837 1824 1907 Pachymere,
1870 1835 2220 1889 schismatico
2253 1832 2383 1890 licet
2430 1833 2571 1895 viro,
2621 1832 2881 1895 iudicata,
2929 1846 2996 1884 ac
3015 1831 3539 1884 wstuschismatico

286 1915 583 1983 aliquando
618 1920 905 1988 despecta.
956 1922 1292 1976 validissime
1322 1923 1676 1978 vindicantur
1709 1940 1725 1979 :
1768 1923 2151 1991 chronicaeque
2182 1919 2529 1977 dimeultates
2563 1922 2770 1991 plures,
2799 1918 2863 1974 ad
2914 1920 3351 1990 patriarcharum
3377 1921 3542 1990 regia:

286 2006 441 2059 urbis
488 2006 634 2075 quod
685 2009 881 2062 attinet
930 2010 1362 2073 successionem,
1418 2011 1473 2065 in
1513 2012 1634 2080 ejus
1666 2023 2023 2067 occurrentes
2060 2011 2319 2073 Historia,
2359 2025 2464 2064 nec
2504 2011 2641 2063 adeo
2669 2009 2905 2063 feliciter
2939 2023 2977 2065 a
3008 2006 3333 2061 doctissimo
3368 2008 3540 2062 inter-

283 2104 438 2163 prete
481 2097 642 2151 Petro
674 2098 927 2161 Possim).
962 2100 1193 2169 aliisque
1234 2111 1357 2170 post
1402 2102 1580 2167 ipsum
1610 2102 1965 2172 peritissimis
2010 2100 2138 2153 viris
2176 2100 2468 2168 expeditae,
2505 2113 2707 2151 novum
2744 2105 3076 2152 revocantur
3098 2096 3164 2149 ad
3191 2111 3448 2159 examen,
3473 2113 3539 2151 ac

280 2196 413 2235 sane
449 2183 661 2239 felicius
695 2184 859 2255 (absit
884 2187 1052 2241 verbo
1105 2188 1314 2241 invidia
1343 2190 1381 2257 l)
1411 2188 1645 2244 fortasse
1676 2191 2066 2259 expediuntur.
2099 2188 2222 2242 [Lee
2250 2189 2415 2257 igitur
2439 2188 2569 2240 mihi
2603 2186 2733 2241 data
2756 2185 3119 2240 clucubrandi
3148 2186 3408 2252 opusculi
3437 2200 3533 2239 oc-

283 2270 457 2333 casio,
504 2271 702 2326 Lector
732 2276 1030 2340 benevole,
1070 2277 1174 2330 hoc
1218 2279 1382 2331 etiam
1428 2282 1772 2348 propositum
1819 2279 1954 2333 mihi
2002 2280 2059 2333 in
2088 2294 2155 2331 eo
2192 2278 2541 2332 eonticiendo
2563 2277 2878 2331 consilium.
2912 2274 3156 2329 Labores
3187 2284 3537 2346 conatusque

288 2373 463 2426 meos,
506 2363 720 2417 tametsi
747 2362 938 2429 exiles,
971 2379 1069 2435 pro
1105 2374 1195 2418 tua
1226 2365 1468 2435 excipias
1510 2366 1852 2422 humanitate
1883 2387 1896 2422 :
1925 2367 1969 2421 si
2003 2368 2206 2437 quidve
2236 2367 2339 2435 ipsi
2374 2366 2663 2421 attulerint
2691 2362 3073 2427 emolumenti,
3110 2376 3209 2431 pro
3234 2371 3327 2417 tua
3354 2363 3535 2434 arqui-

291 2454 402 2501 ute
433 2450 654 2506 tuearis.

342 2631 805 2651 mm...

1061 2803 1198 2857 ΤΟΥ
1237 2804 1639 2859 ΣυΦΩΤΔΤΟΥ
1679 2806 1799 2861 ΚΑΙ
1837 2805 2277 2861 ΛΟΓΙΩΤΑΤΟΥ
2317 2805 2764 2861 ΠΑΤΡΙΔΡΧΟΥ

1478 2942 2307 3002 ΚΩΝΣΤΔΝΤΙΝΟΥΠΟΛΕΩΣ

765 3100 870 3233 Γ
878 3095 1744 3232 ΡΗΓΟΡΙΟΥ
1828 3095 2178 3233 ΤΟΥ
2253 3097 3036 3231 ΚΥΠΡΙΟΥ

1055 3344 1685 3433 ΔΙΗΓΗΣΕΩΣ
1760 3344 2258 3435 ΜΕΡΙΚΗΣ
2332 3342 2707 3429 ΛΟΓΟΣ

1403 3511 1493 3564 TA
1534 3508 1693 3564 ΚΑΘ⁹
1733 3505 2009 3593 ΕΑΥΤΟΝ
2052 3506 2403 3559 ΠΕΡΙΕΧΩΝ

1850 3666 1928 3707 ’⁸3

957 3806 1543 3869 SAPIENTISSIMI
1586 3806 1689 3869 AC
1733 3802 2269 3868 DISERTISSIMI
2319 3800 2875 3866 PATRIABCHE

1545 3946 2231 3995 CONSTANTINOPOLBOB

1023 4121 1962 4281 GBEGORII
2003 4092 2087 4176 “’
2140 4125 2790 4281 CYPRII

673 4412 1728 4528 PARTICULARIS
1828 4416 2567 4515 HISTORIA:
2654 4421 2798 4512 SE
2838 4417 3117 4509 ιιΜο

1447 4613 1581 4675 RES
1617 4614 1795 4674 SUAS
1821 4612 2214 4673 CONTINENS
2240 4614 2340 4688 (2).
2380 4680 2381 4683 η

1034 4806 1083 4861 ἡ

347 4938 392 5007 ι
426 4937 639 5010 Cyprus
677 4935 855 4991 insula
884 4934 932 4989 ei
963 4935 1141 5006 patria
1175 4932 1302 5000 fuit,
1338 4934 1433 5003 qui
1464 4934 1668 4989 librum
1696 4934 1846 4989 hunc

2029 4937 2234 5008 Πατρὶς
2255 4936 2358 5007 μὲν
2383 4934 2462 5007 τῷ
2495 4934 2845 5006 συντεταχότι
2887 4933 2987 5006 τὴν
3020 4932 3207 5006 βίϐλον
3239 4935 3466 5007 Κύπρος
3498 4939 3531 5007 ή

271 5028 627 5087 concinnavit
659 5030 758 5098 (ὅ).
801 5027 991 5083 Patres
1019 5040 1203 5083 autem
1237 5035 1293 5082 et
1322 5028 1410 5082 avi
1448 5029 1527 5096 (ι)
1548 5043 1787 5098 οιιιηεδᾳ

2015 5033 2120 5101 ise;
2146 5044 2161 5059 '
2182 5031 2420 5102 πατέρες
2447 5028 2503 5083 δὲ
2530 5028 2623 5083 καὶ
2659 5027 2916 5098 πατέρων
2966 5026 3225 5097 πατέρες,
3254 5032 3347 5083 καὶ
3395 5028 3531 5094 ὅλως

273 5122 654 5195 progenitores
701 5122 907 5192 primas
955 5121 1273 5177 habuerunt
1317 5121 1373 5176 in
1418 5121 1650 5188 divitiis,
1694 5133 1750 5175 et

2023 5126 2135 5180 ἀνω
2172 5123 2267 5178 τοῦ
2301 5122 2492 5190 γένους
2524 5121 2704 5191 carpi,
2754 5120 2805 5172 οι
2839 5118 3075 5173 πλούτου
3126 5134 3187 5171 τε
3239 5119 3301 5171 τὰ
3339 5118 3533 5189 πρῶτα

275 5216 492 5285 patria,
534 5228 825 5285 quousque
866 5214 1070 5269 Graecis
1115 5230 1226 5268 non
1271 5214 1471 5285 obtigit
1518 5214 1592 5269 ibi
1638 5213 1784 5269 servi

2019 5217 2053 5271 tl.
2079 5216 2179 5287 τῆς
2201 5214 2462 5286 πατρίδος
2488 5213 2724 5284 ἔχοντες,
2760 5212 2866 5275 ἕως
2894 5210 3047 5264 οὔπω
3071 5208 3381 5295 Βαρδάροις
3412 5209 3535 5264 ἐλα-

274 5310 530 5367 Barbaris
587 5309 801 5367 Latinis
854 5309 951 5383 (5).
1002 5309 1297 5381 Postquam
1346 5327 1474 5366 vero
1530 5312 1790 5367 servitute

2016 5330 2051 5364 .v
2082 5308 2307 5371 Ἰταλοῖς
2333 5307 2394 5360 τὸ
2419 5307 2599 5360 ἐκεῖσε
2645 5303 2922 5359 δουλεύειν
2985 5302 3323 5373 Ἑλληνικόν.
3375 5303 3532 5353 Ἐπεὶ

275 5400 603 5465 subierunt,
651 5400 961 5477 communis
998 5399 1327 5455 calamitatis
1352 5412 1406 5457 et
1429 5402 1531 5471 ipsi
1557 5402 1791 5469 particip

2030 5401 2372 5464 ἑδούλευσαν,
2406 5398 2627 5469 καὶτῆς
2677 5396 2863 5467 κοινῆς
2910 5396 3197 5467 συμφορᾶς
3252 5394 3347 5448 καὶ
3375 5393 3535 5448 αὐτοί

276 5489 457 5546 etlecti
498 5498 654 5553 sunt.
694 5491 1045 5547 mediocriter
1075 5490 1443 5562 possidentes,
1481 5501 1537 5546 et
1571 5491 1792 5546 honora

2016 5495 2338 5566 εμετέσχον,
2400 5493 2602 5563 μέτρια
2656 5494 2749 5544 καὶ
2801 5490 3042 5561 ἔχοντες,
3070 5488 3165 5542 καὶ
3198 5486 3532 5558 τιμώμενοι,

278 5600 453 5655 eaque
496 5584 764 5639 habentes
807 5602 927 5654 quae
968 5602 1069 5640 nec
1106 5584 1477 5655 pauperibus.
1515 5594 1571 5640 et
1620 5582 1794 5655 plebei

2018 5588 2053 5641 tl.
2084 5588 2184 5639 ὅσα
2213 5584 2340 5656 μήτ’
2366 5586 2444 5645 εἰς
2464 5586 2707 5654 πένητας
2746 5582 2965 5646 αὐτοὺς,
3008 5581 3103 5636 καὶ
3141 5580 3269 5642 τοὺς
3300 5578 3534 5641 πολλοὺς

283 5690 337 5731 ct
366 5678 566 5734 vilibus
595 5682 1067 5736 connumerabant
1111 5681 1279 5750 ipsos,
1335 5696 1434 5737 nec
1477 5679 1621 5736 inter
1667 5691 1799 5750 potet

2018 5681 2052 5732 ti.
2083 5680 2303 5743 ἀδόξους
2330 5677 2623 5748 ἐνέγραφε.
2656 5678 2786 5749 μήτ’
2820 5677 2896 5739 εἰς
2928 5676 3053 5738 τοῦς
3091 5672 3284 5744 ἁδροὺς
3310 5672 3402 5726 καὶ
3436 5669 3534 5742 βας

288 5781 373 5829 tcs
412 5788 476 5831 ac
519 5773 823 5831 ditissimos
856 5775 1289 5832 constituebant.

1125 5775 1289 5829 :bant.
1963 5772 2025 5822 ϐυ
2036 5766 2293 5830 πλούτους
2330 5768 2641 5822 συνέταττε.
