3858 6472
291 332 359 404 21
1836 350 2035 412 νιτΑ.
3280 382 3285 385 ν
3474 350 3549 412 ‘22

359 456 622 511 Γεννᾶται
652 455 838 510 τοίνυν
869 455 929 509 ἐν
1076 457 1247 527 νήσῳ,
1298 460 1393 510 καί⁵
1429 459 1690 529 τρέφεται
1720 432 1871 530 παρὰ

2047 464 2103 518 ln
2155 463 2259 518 hac
2289 464 2455 536 igitur
2506 464 2682 521 insula
2706 474 2885 556 ‘natus
2912 474 3015 529 est,
3043 472 3099 520 et
3121 464 3262 533 apud
3295 477 3551 535 parentes

290 550 403 613 τοῖς
430 548 707 617 γονεῦσιν,
736 546 845 611 ἕως
870 549 1037 602 αὑτὸν
1064 549 1175 602 ἔδει
1213 552 1405 621 φοιτᾷν
1435 553 1513 613 εἰς
1550 566 1870 621 γραμματι-

294 642 457 699 στῶν.
493 641 586 704 Ὧς
621 641 679 696 δὲ
720 641 821 711 τῆς
867 641 1077 696 τούτων
1123 643 1431 712 ἐπιστήμης
1473 643 1720 713 παρῆλθε
1772 643 1869 709 τὴν

291 734 506 807 χρείαν,
536 734 788 806 παρῆλθε
814 734 873 789 δι
899 734 1058 788 ἐννέα
1087 735 1228 788 πάνυ
1259 738 1324 806 τῇ
1358 720 1567 807 ἡλικίᾴ.
1604 735 1780 788 δοκῶν
1810 730 1867 788 εὖ

270 825 608 897 ’πεφυκέναι
632 827 734 898 τὴν
757 827 936 899 ψυχὴν
960 828 1097 898 πρὸς
1126 827 1449 898 μαθήματα,
1500 830 1595 882 καὶ
1646 829 1871 882 ἀδικοῖτ’

291 921 622 992 (άδικοῖσθ’)
653 919 722 975 ἂν
784 920 863 990 μὴ
915 918 1132 982 τούτοις
1164 917 1624 989 ἐμϐιϐαζόμενος,
1661 919 1743 978 εἰς
1774 917 1872 988 τὴν
1912 941 1931 958 ο

292 1011 726 1066 Καλλινικισέων
756 1009 1005 1072 πλείονος
1051 1009 1387 1072 παιδεύσεως
1435 1010 1624 1062 ἕνεκεν
1658 1010 1874 1078 πέμπε-

291 1122 406 1169 ται,
438 1103 708 1158 δοκοῦσάν
732 1119 794 1157 τε
818 1102 894 1165 ὡς
923 1102 1024 1174 τὴν
1053 1102 1209 1156 πόλιν
1239 1102 1456 1172 ἐκείνην
1484 1101 1694 1172 ἀνδρῶν
1718 1102 1873 1154 εὐτυ-

293 1199 410 1266 χεῖν
438 1196 580 1250 πολὺ
615 1194 779 1250 πλέον
807 1194 1032 1249 εἰδότων
1066 1196 1217 1260 παρὰ
1241 1195 1369 1258 τοὺς
1409 1194 1468 1259 ἐξ
1517 1193 1693 1265 ἀρχῆς
1744 1210 1873 1248 παι-

290 1286 510 1350 δευτὰς,
541 1286 648 1340 κᾶν
700 1286 922 1357 εὐτύχει
980 1289 1100 1350 ταῖς
1136 1286 1421 1356 ἀληθείαις
1472 1285 1595 1348 ἐνὸς
1632 1285 1873 1349 οὐδενός.

292 1380 403 1434 Καὶ
427 1381 564 1451 γὰρ,
585 1379 661 1443 ὡς
684 1374 754 1447 ἦν
774 1379 1000 1433 ἀκούειν
1018 1379 1130 1432 τῶν
1153 1378 1545 1449 πρεσϐυτέρων
1569 1377 1874 1446 ἐξηγουμέ-

240 1506 241 1513 η
292 1489 420 1535 νων,
452 1469 747 1540 ἑξηκοστὸν
779 1470 899 1534 ἔτος
955 1472 1037 1534 εἰς
1066 1470 1267 1532 αὐτοὺς
1294 1464 1462 1533 εἶναι,
1502 1468 1563 1535 ἐξ
1592 1469 1764 1535 οὗπερ
1795 1471 1875 1534 εἰς

294 1562 736 1631 ἐτερογλώσσους
767 1564 838 1615 τὰ
868 1564 967 1633 τῆς
996 1563 1163 1635 νήσου
1194 1564 1373 1634 κράτη
1410 1565 1877 1634 μετέτεσε(μετε-

1974 554 2474 620 educatus,donec
2518 554 2823 626 ipsum'ire
2874 558 3122 626 oportuit
3165 556 3232 611 ad
3281 572 3546 627 gramma-

1978 647 2126 711 ticae,
2165 662 2261 701 seu
2308 648 2605 718 primarum
2652 648 2959 703 litterarum
3011 648 3378 703 institutores.
3413 647 3553 704 Cum

1979 752 2109 791 vero
2151 741 2397 808 ipsorum
2435 740 2725 809 disciplina
2759 754 2898 808 opus
2933 754 3043 794 non
3069 740 3308 810 amplius
3333 738 3551 802 habuit,

1973 832 2150 887 aetatis
2197 847 2308 886 διιοε
2355 848 2550 887 novem
2597 833 2824 887 omnino
2882 842 3196 887 excesserat
3233 848 3405 887 annos
3451 832 3552 901 (6).

1973 923 2222 991 Cumque
2272 922 2493 991 ingenio
2543 921 2825 977 videretur
2872 920 2954 977 ad'
2988 922 3308 990 disciplinas
3355 922 3554 977 idoneo

1976 1021 2162 1076 natus,
2213 1024 2271 1068 et
2315 1014 2513 1085 injuria
2551 1011 2713 1077 allici,
2753 1013 2798 1067 si
2828 1012 2895 1068 iis
2927 1028 3035 1066 non
3071 1013 3462 1082 applicaretur,
3498 1012 3552 1064 in

1972 1105 2413 1162 Callinicensium
2452 1104 2642 1159 urbem
2668 1104 2907 1158 mittitur
2932 1105 3034 1173 (7),
3061 1103 3285 1173 majoris
3327 1102 3554 1156 institu-

1980 1199 2247 1268 tionist
2285 1213 2448 1252 causa
2497 1215 2511 1251 :
2560 1213 2683 1267 qua:
2718 1196 2856 1251 viris
2893 1196 3091 1251 ﬂorere
3133 1194 3556 1250 existimabatur

1977 1290 2320 1346 doetioribus
2372 1290 2474 1355 iis,
2521 1289 2615 1358 qui
2663 1289 2902 1359 primum
2958 1288 3113 1344 fuere
3148 1296 3552 1357 praeceptores;

1980 1384 2193 1439 tametsi
2233 1397 2424 1437 revera
2455 1380 2677 1436 ﬂoreret
2708 1381 2928 1435 nemine
2954 1395 3085 1435 uno.
3120 1379 3248 1434 Erat
3274 1380 3439 1433 etiam
3468 1390 3556 1432 se—

1978 1476 2163 1530 niores
2213 1474 2408 1530 audire
2454 1483 2766 1539 narrantes,
2801 1472 3205 1542 sexagesimum
3243 1471 3311 1525 ad
3342 1486 3439 1525 eos
3470 1486 3563 1524 us-

1978 1584 2084 1639 que
2125 1567 2350 1623 ﬂuxisse
2393 1581 2623 1631 annum,
2675 1581 2742 1621 ex
2783 1582 2894 1636 quo
2927 1563 3473 1620 insulae'dominatio
3504 1562 3559 1614 in

292 1655 424 1726 τέθη
442 1656 489 1726 ),
534 1656 629 1709 καὶ
686 1656 817 1727 παρ’
869 1656 990 1710 ὅλον
1044 1658 1255 1710 τουτονὶ
1298 1657 1390 1709 τὸν
1440 1656 1637 1725 χρόνον
1668 1656 1877 1726 μηδένα

1990 1662 2207 1719 alterius
2244 1662 2447 1733 linguae
2487 1661 2742 1716 homines
2784 1659 3051 1714 translata
3107 1658 3287 1712 fuerat
3327 1659 3404 1725 (8)
3449 1674 3462 1710 :
3498 1671 3562 1709 ac

295 1748 535 1815 φανῆναι
561 1746 690 1803 ἄλλο
720 1766 775 1802 τι
802 1749 958 1819 παρὰ
994 1749 1061 1802 τά
1077 1747 1284 1820 συνήθη
1308 1747 1487 1801 ταῦτα
1526 1749 1619 1802 καὶ
1644 1749 1876 1801 ταπεινά

1990 1768 2079 1822 per
2126 1761 2301 1807 totum
2343 1752 2489 1807 istud
2526 1760 2744 1821 tempus
2780 1751 3103 1820 apparuisse
3132 1747 3436 1811 neminem,
3465 1746 3558 1815 qui

292 1837 406 1890 τῶν
435 1839 781 1909 γραμμάτων
814 1829 1175 1911 ἀσκήσαντα*
1242 1839 1314 1895 τὰ
1361 1839 1470 1910 πρὸ
1509 1840 1705 1893 τούτου
1738 1841 1792 1893 δὲ
1823 1841 1871 1892 εἰ

1990 1853 2180 1915 praeter
2218 1853 2479 1899 consueta
2527 1859 2593 1899 ac
2641 1844 2870 1898 humilia
2907 1843 3217 1897 litterarum
3248 1838 3562 1893 rudimenta

297 1930 410 2001 ἄρα
435 1946 521 1993 τις
541 1932 734 2001 γέγονε
758 1931 868 1986 τῶν
889 1932 1199 2001 λεγομένων
1228 1950 1431 2002 σοφων,
1462 1932 1661 2003 ἄδηλον
1685 1933 1873 1996 αὐτοῖς

1990 1936 2261 2006 quidpiam
2308 1936 2533 1990 doceret
2569 1952 2584 1990 :
2614 1951 2743 1989 num
2772 1949 2907 1989 vero
2951 1944 3109 1988 antea
3138 1930 3344 2001 aliquis
3370 1946 3561 1985 eorum

295 2019 461 2088 εἶναι,
490 2025 586 2077 καὶ
615 2024 800 2093 λέγειν
834 2023 911 2096 μὴ
939 2024 1228 2080 δύνασθαι.
1255 2023 1421 2078 ὐθεν
1454 2027 1549 2078 καὶ
1572 2022 1651 2086 ὡς
1687 2022 1786 2076 οῦκ
1807 2019 1876 2092 ἦν

1990 2028 2282 2093 exstiterit,
2330 2028 2425 2098 qui
2505 2027 2771 2082 dicuntur
2825 2026 3130 2095 sapientes,
3178 2025 3426 2095 ignotum
3482 2023 3565 2077 eis

293 2115 409 2168 οὐδ’
444 2115 680 2170 ἐνταῦθα
701 2116 852 2183 ἄξιόν
880 2135 937 2171 τι
966 2117 1069 2188 τῆς
1092 2116 1310 2187 φύσεως
1336 2117 1665 2188 ἐκμελετᾷν,
1692 2115 1878 2169 δεύτεο

300 2222 418 2276 ρος,
450 2208 479 2260 δ
508 2224 665 2276 φασι,
700 2209 870 2273 πλοῦς
902 2212 1000 2265 καὶ
1040 2211 1120 2273 εἰς
1157 2210 1525 2280 παιδευτήρια
1578 2207 1876 2277 Ῥωμαίων

304 2296 491 2368 φοιτᾷ,
520 2301 924 2369 γραμματικῆς
959 2302 1021 2353 ὲν
1060 2298 1274 2364 τούτοις
1303 2299 1404 2369 τῆς
1461 2300 1606 2354 κατὰ
1648 2299 1748 2369 τὴν
1775 2299 1878 2352 πά-

296 2404 453 2458 τριον
476 2389 726 2445 Λατίνων
779 2392 1220 2465 παραδιδομένης
1252 2394 1469 2464 φωνήν,
1518 2390 1741 2455 Τούτοις
1778 2390 1877 2461 μὲν

293 2476 398 2536 οῦν
439 2483 749 2555 ἐνδιέτριψε
816 2485 1010 2557 χρόνον
1063 2488 1185 2558 οὐχὶ
1219 2488 1436 2557 συχνὸν,
1482 2488 1581 2540 καὶ
1617 2487 1779 2548 σκιᾶς
1813 2502 1875 2553 γε

290 2573 446 2641 εδοξε
480 2578 903 2650 γραμματικῆς,
942 2580 1061 2633 ἀλλ’
1085 2580 1186 2634 οὐκ
1223 2580 1399 2650 αὐτῆς
1426 2595 1490 2648 γε
1529 2579 1632 2648 τῆς
1681 2579 1879 2647 τέχνης

297 2667 633 2724 ἀπόνασθαι.
699 2670 886 2726 Αἴτιον
923 2671 981 2726 δὲ
1020 2672 1056 2742 ἦ
1107 2689 1168 2725 τε
1221 2671 1320 2726 τοῦ
1348 2672 1546 2741 χρόνου
1577 2670 1877 2741 βραχύτης.

300 2763 402 2815 καὶ
424 2763 457 2831 ἡ
488 2761 596 2816 τῶν
619 2763 958 2819 διδασκάλων
992 2764 1144 2836 φωνὴ
1168 2765 1467 2836 άλλόθρους
1487 2782 1571 2824 τις
1599 2760 1738 2819 οὖσα
1784 2766 1881 2818 καὶ

296 2853 483 2920 νόθος,
518 2855 614 2908 καὶ
635 2854 712 2925 τῷ
734 2856 839 2927 νέῳ
878 2860 978 2911 σὺν
1007 2857 1187 2927 πολλῷ
1209 2859 1306 2911 καὶ
1342 2857 1565 2928 μεγάλῳ
1596 2855 1882 2925 καταλαμ-

300 2946 582 3017 ϐανομένη
616 2948 697 3019 τῷ
738 2949 948 3020 μόχθῳ,
993 2944 1062 3021 ἧς
1096 2950 1227 3004 ἄνευ
1258 2951 1369 3004 οὐδ’
1425 2945 1493 3021 ἦν
1535 2950 1634 3019 τῆς
1682 2949 1881 3019 τέχνης

297 3030 809 3112 άποπειράσασθαι.
855 3043 1021 3097 Ὥστε
1044 3045 1142 3098 καὶ
1179 3044 1490 3107 συνέϐαινε,
1513 3042 1737 3097 διπλοῦν
1763 3040 1880 3095 ἀνθ’

1980 2132 2119 2184 esse,
2163 2132 2340 2188 neque
2371 2118 2560 2172 dicere
2593 2130 2777 2186 posse.
2804 2114 2921 2181 Qua
2950 2116 3019 2169 de
3043 2128 3208 2169 causa
3243 2128 3369 2168 cum
3395 2114 3562 2167 etiam

1981 2211 2057 2265 ibi
2108 2212 2324 2281 ingenio
2375 2209 2601 2279 dignum
2652 2217 2971 2280 suppeteret
3017 2210 3191 2271 nihil,
3247 2209 3301 2262 in
3351 2222 3463 2275 quo
3506 2220 3565 2258 se

1979 2312 2291 2366 exerceret,
2315 2304 2576 2368 secunda,
2614 2313 2671 2359 ut
2697 2305 2875 2368 aiunt,
2900 2304 3271 2373 navigatione,
3292 2303 3568 2357 Romano-

1980 2410 2103 2450 rum
2132 2396 2367 2459 ;scholas
2398 2396 2546 2462 adit,
2577 2396 2672 2451 ubi
2729 2396 3088 2466 grammatica
3114 2393 3437 2449 tradebatur
3468 2408 3565 2461 pa-

1982 2487 2087 2542 tria
2135 2488 2457 2543 Latinorum
2500 2488 2684 2561 lingua
2718 2490 2818 2560 (9).
2863 2489 2925 2543 In
2970 2487 3056 2542 his
3099 2496 3316 2556 tempus
3353 2485 3567 2540 insunt.

1985 2581 2093 2649 psit
2140 2595 2251 2635 non
2300 2581 2531 2636 multum
2569 2599 2583 2636 :
2626 2590 2683 2637 et
2723 2581 2917 2636 umbra
2945 2582 3317 2652 grammath
3340 2578 3571 2632 videba~

1986 2682 2095 2736 tur,
2130 2687 2240 2727 non
2273 2673 2390 2744 ipsa
2416 2680 2533 2729 arte
2563 2674 2754 2745 potiri.
2789 2672 2966 2729 Causa
3002 2682 3122 2728 erat
3152 2671 3418 2742 temporis
3450 2672 3575 2725 bre-

1982 2766 2141 2829 vitas,
2185 2774 2242 2820 et
2292 2781 2399 2821 vox
2434 2772 2820 2838 magistrorum
2854 2778 3061 2832 extera,
3094 2778 3151 2823 et
3194 2767 3381 2836 spuria
3417 2766 3556 2837 (10),

1983 2865 2037 2909 et
2066 2872 2095 2909 a
2119 2856 2322 2927 juvene
2352 2873 2460 2911 non
2489 2858 2609 2912 sine
2639 2858 2815 2913 multo
2839 2867 2895 2914 et
2934 2873 3131 2928 magno
3173 2857 3451 2912 intellecta
3490 2857 3569 2910 la-

1991 2946 2148 3010 bore,
2189 2947 2309 3001 sine
2344 2963 2451 3016 qua
2491 2964 2672 3017 neque
2711 2948 2969 3017 possibile
3010 2962 3129 3002 erat
3175 2949 3314 3003 artis
3355 2961 3576 3001 assecu-

1985 3038 2187 3094 tionem
2235 3049 2463 3095 lentare.
2516 3041 2659 3096 Hinc
2697 3041 3025 3106 eveniebat,
3058 3051 3119 3097 ut
3151 3041 3424 3112 duplicem
3474 3055 3576 3108 pro

298 3133 476 3190 ἁπλοῦ
508 3137 600 3188 τὸν
633 3136 798 3189 πόνον
836 3135 1196 3205 ὑφίστασθαι,
1223 3134 1389 3189 τοῦτο
1437 3135 1540 3206 μὲν
1566 3135 1665 3198 τὰς
1698 3133 1882 3201 φωνὰς

1990 3134 2228 3203 simplici
2284 3134 2475 3189 subire
2520 3135 2766 3191 laborem
2818 3135 3046 3191 deberet
3088 3156 3101 3192 :
3158 3151 3266 3190 una
3304 3152 3372 3191 ex
3419 3144 3575 3205 parte

295 3228 327 3280 ὃ
356 3244 411 3281 τι
447 3228 513 3299 δὴ
545 3228 639 3281 καὶ
694 3228 1013 3298 σημαίνοιεν
1049 3227 1307 3299 ζητοῦντι
1377 3228 1592 3298 μαθεῖν,
1644 3225 1807 3279 τοῦτο
1829 3225 1888 3279 δὲ

1992 3241 2157 3282 voces
2198 3225 2487 3281 addiscere
2534 3243 2816 3297 quaerens,
2860 3238 2918 3283 et
2955 3228 3097 3312 quid
3123 3229 3256 3299 ipsa:
3300 3228 3580 3299 signiﬁca-

297 3320 523 3381 καὶτὰς
560 3319 662 3389 τῆς
692 3320 1071 3391 ὑποκειμένης
1110 3320 1307 3392 τέχνης
1339 3321 1625 3391 περινοίας
1650 3319 1890 3373 καταλα-

297 3410 437 3466 ϐεῖν.
482 3410 623 3465 ’Υπδ
681 3411 740 3465 δὲ
794 3414 894 3482 τῆς
927 3412 1101 3482 αὐτῆς
1154 3413 1338 3476 αἰτίας
1374 3412 1499 3466 οὐδὲ
1528 3412 1627 3481 τῆς
1662 3412 1891 3479 λογικῆς

310 3496 723 3568 Ἀριστοτέλους
759 3498 998 3555 ἐνταῦθα
1026 3501 1430 3572 διδασκομένης
1461 3502 1614 3568 ἄξιόν
1647 3518 1701 3554 τι
1729 3500 1891 3570 λόγου

299 3592 637 3664 παρείληφε,
681 3576 825 3664 πλὴν
857 3595 984 3648 ὅσον
1018 3594 1089 3647 τά
1122 3596 1205 3657 εἰς
1240 3594 1556 3666 εἰσαγωγὴν
1583 3594 1679 3649 τοῦ
1715 3594 1894 3664 μαθή-

302 3702 480 3754 ματος
515 3686 742 3751 εἰδέναι,
778 3689 873 3741 καὶ
897 3686 1079 3741 ταῦτά
1110 3704 1230 3751 πως
1266 3687 1557 3759 ἀμυδρῶς.
1590 3687 1893 3756 Δυσχέρεια

301 3778 416 3848 γὰρ
435 3778 772 3848 ἐμϐαθύνειν
799 3782 914 3844 τοῖς
943 3780 1268 3851 λεγομένοις
1298 3782 1425 3842 τοὺς
1450 3781 1543 3833 καὶ
1565 3777 1673 3831 τῶν
1701 3777 1896 3846 φωνῶν

304 3870 492 3924 αὐτῶν
521 3872 597 3934 ὡς
623 3872 887 3944 ἐλάχιστα
916 3873 1230 3935 ἐπαῖοντας.
1281 3871 1424 3925 Ἀλλ’
1476 3869 1551 3932 ὡς
1587 3870 1781 3923 ἑαυτὸν
1830 3869 1894 3922 οὐ

304 3961 433 4016 κατ’
463 3961 767 4032 ἐπιθυμίαν
801 3961 1179 4032 προϐαίνοντα
1206 3960 1379 4032 ἐώρα,
1412 3958 1682 4022 αὐθάδους
1712 3956 1895 4028 λαχὼν

308 4052 557 4124 φύσεως.
592 4054 687 4107 καὶ
725 4055 913 4107 πονεῖν
948 4054 1052 4107 οὐκ
1079 4054 1422 4123 ἀνεχομένης
1446 4091 1460 4114 ,
1489 4052 1523 4124 ἢ
1560 4051 1670 4120 γὰρ
1700 4050 1808 4104 ἔδει
1834 4051 1897 4103 τὸ

305 4147 423 4200 πᾶν
454 4146 600 4217 ἔχειν
621 4147 1018 4217 κατειληφυῖαν
1037 4146 1057 4217 (
1074 4145 1115 4200 f.
1143 4143 1549 4216 καταληφθὲν),
1578 4144 1613 4216 ἢ
1640 4142 1899 4208 καθάπαξ

308 4241 602 4310 ὀλιγωρεῖν
675 4241 771 4293 τοῦ
834 4240 1256 4309 σπονδάσματος
1283 4279 1298 4302 ,
1375 4238 1898 4308 προσταλαιπωρεῖν

306 4330 519 4400 ἥκιστα
549 4329 886 4399 βουλομένην
916 4326 1336 4401 (βουλόμενος),
1369 4329 1464 4381 ἐπὶ
1499 4328 1600 4398 τὴν
1633 4325 1898 4398 πατρῴαν

307 4423 504 4475 ἑστίαν
536 4421 687 4490 άγων
717 4424 784 4474 ἐκ
811 4422 1081 4491 γενέσεως
1110 4421 1231 4484 ἔτος
1257 4421 1744 4475 πεντεκαιδέκατον
1766 4422 1899 4474 ἁνα-

312 4514 516 4585 στρέφε
526 4532 564 4567 ι.
997 4521 1002 4526 “

386 4607 498 4659 Καὶ
522 4607 617 4660 τοῦ
648 4608 840 4664 λοιποῦ
868 4608 1218 4679 κυνηγεσίων
1244 4608 1345 4681 μὲν
1380 4608 1555 4674 αὐτῷ,
1585 4608 1687 4660 καὶ
1719 4605 1897 4659 τοιού·

306 4717 424 4752 των
453 4702 618 4753 τινῶν
640 4701 804 4772 ἔμελε
829 4702 1123 4773 διατριϐῶν
1144 4718 1159 4734 ο
1185 4702 1361 4769 λόγων
1381 4701 1440 4755 δὲ
1476 4700 1746 4769 ἐπεθύμει
1773 4700 1897 4768 μὲν,

308 4793 687 4862 ἐπεστρέφετο
735 4795 792 4848 δὲ
818 4794 894 4858 ὡς
941 4795 1148 4866 ἣκιστα
1182 4795 1260 4865 τῷ
1286 4796 1363 4863 μὴ
1397 4794 1546 4863 ἔχειν
1575 4792 1773 4854 αὐτοὺς
1828 4794 1897 4863 τῇ

324 4884 602 4956 Ἐλλήνων
634 4888 1091 4959 παραλαμϐάνειν
1127 4893 1304 4961 φωνῇ,
1336 4888 1407 4943 δι’
1439 4884 1507 4952 ἦς
1532 4886 1599 4941 ἂν
1630 4884 1781 4956 αὐτῷ
1804 4885 1900 4938 καὶ

311 4976 497 5048 ῥᾴστη
529 4980 563 5048 ἡ
618 4981 844 5035 ἐκείνων
896 4982 1116 5052 ἐγένετο
1173 4981 1432 5052 άσκησις.
1490 4982 1601 5034 Καὶ
1629 4979 1810 5032 τοίνυν
1834 4978 1900 5030 ἐκ

309 5071 417 5140 τῆς
454 5072 751 5139 ἐπιθυμίας
789 5074 991 5146 ταύτης
1037 5076 1270 5146 ἠρεμεῖν
1303 5075 1404 5128 οὐκ
1443 5074 1900 5144 ἐπιτρεπόμενος.

310 5166 553 5238 ὀχληρὸς
583 5166 719 5235 ὁμοῦ
745 5167 839 5220 καὶ
871 5166 1114 5239 λυπηρὸς
1147 5170 1261 5231 τοῖς
1311 5166 1536 5236 γονεῦσι
1574 5164 1896 5228 καθίστατο,

307 5259 626 5327 ἐφοδιάζειν
653 5260 717 5312 ἐκ
736 5260 847 5313 τῶν
873 5260 1121 5322 ἐνόντων,
1152 5261 1368 5330 καὶτῆς
1397 5258 1658 5329 πατρίδος
1685 5257 1900 5327 ἐκπέμ-

309 5369 445 5408 πειν
476 5352 682 5423 ζητῶν,
719 5353 811 5406 καί
843 5371 906 5422 γε
934 5354 1338 5423 παραπέμπειν
1368 5354 1426 5416 ὲς
1481 5357 1579 5415 τὰς
1609 5354 1669 5407 ἐν
1694 5351 1902 5423 Νικαίᾳ

305 5448 629 5518 διατριϐὰς,
674 5447 807 5500 ὃπου
862 5448 957 5500 καὶ
997 5446 1154 5515 λόγος
1199 5446 1448 5516 ἐκράτει,
1484 5445 1763 5515 γενομένῳ
1792 5444 1902 5497 τινὶ

307 5542 494 5604 αὐτὰς
533 5541 737 5608 ἐξεῖναι
765 5540 943 5595 δοκεῖν
963 5540 1033 5595 τά
1063 5539 1116 5608 γ’
1149 5542 1207 5604 ἐς
1230 5537 1414 5606 σοφῶν
1474 5537 1686 5606 ἀνδρῶν
1732 5536 1902 5606 ἀφθο-

309 5640 441 5693 νίαν
483 5637 584 5698 τὰς
617 5634 855 5699 παλαιὰς
912 5634 1145 5705 Ἀθήνας
1179 5633 1332 5704 ὁρᾷν.
1369 5631 1435 5685 Ol
1490 5630 1549 5684 δὲ
1589 5630 1807 5699 φύσεώς
1841 5646 1899 5684 τε

307 5730 413 5784 καὶ
449 5729 811 5798 ἰσχυροτέρας
842 5727 1087 5796 ἀνάγκης
1116 5724 1339 5793 δεσμοῖς
1377 5720 1629 5792 ἐχόμενοι
1649 5719 1743 5774 τοῦ
1768 5736 1902 5773 παι-

305 5826 430 5891 δὸς,
466 5824 573 5877 οὐκ
623 5819 690 5877 ἂν
722 5819 750 5875 ὃ
806 5836 857 5875 τι
905 5820 1117 5890 γένοιτο
1179 5816 1438 5888 μεθήσειν
1489 5814 1732 5885 ἔφασκον
1761 5830 1774 5846 ο
1809 5814 1901 5868 καὶ

1927 4530 1975 4588 ὓ

1992 3328 2116 3374 rent
2153 3337 2167 3374 :
2208 3328 2260 3373 et
2305 3335 2372 3374 ex
2406 3320 2576 3375 altera
2603 3361 2616 3383 ,
2651 3321 2914 3393 subjecta:
2952 3322 3183 3377 vocibus
3214 3324 3348 3377 artis
3380 3336 3578 3377 sensus

1995 3422 2306 3482 penetrare.
2347 3411 2496 3466 Hanc
2533 3414 2603 3467 ob
2641 3429 2862 3468 causam
2891 3430 3071 3483 neque
3101 3415 3291 3484 logica:
3313 3415 3580 3469 Aristote-

1994 3502 2136 3567 licz,
2162 3519 2285 3572 qua:
2312 3505 2387 3559 ibi
2422 3504 2746 3570 docebatur,
2770 3506 2977 3576 aliquid
3012 3517 3321 3561 memoratu
3351 3506 3576 3576 dignum

1993 3596 2241 3667 percepit
2285 3605 2486 3666 praeter
2527 3613 2591 3651 ea
2654 3614 2779 3668 quae
2812 3600 2878 3652 ad
2930 3600 3105 3669 ipsius
3143 3599 3278 3653 artis
3310 3599 3571 3668 isagogen

1995 3688 2310 3757 pertinent;
2369 3698 2427 3743 et
2475 3689 2593 3744 haec
2643 3690 2868 3760 quidem
2926 3690 3287 3745 subobscure.
3348 3688 3579 3743 Diﬂicile

1995 3780 2144 3833 enim
2191 3788 2313 3843 est,
2369 3791 2428 3836 ut
2474 3781 2749 3851 profunde
2787 3782 2839 3851 3
2888 3782 3162 3837 dictorum
3203 3796 3399 3836 sensus
3429 3796 3581 3835 asse-

1997 3857 2261 3940 quant'ur,
2295 3873 2389 3941 qui
2419 3887 2584 3928 voces
2614 3873 2762 3945 ipsas
2796 3890 2906 3929 non
2944 3875 3279 3945 intelligunt.
3311 3873 3419 3929 Sed
3449 3889 3576 3929 cum

1997 3979 2107 4018 non
2150 3979 2216 4018 ex
2272 3974 2398 4020 voto
2437 3981 2498 4021 se
2533 3966 2801 4036 proﬁcere
2834 3965 3067 4028 videret.
3101 3976 3158 4023 et
3185 3968 3424 4022 indolem
3463 3982 3582 4021 mo-

1998 4057 2266 4111 rosiorem
2315 4058 2544 4112 sortitus
2588 4068 2766 4121 esset.
2817 4074 2881 4114 ac
2936 4059 3148 4114 laboris
3199 4060 3577 4129 impatientem

1999 4150 2317 4217 (oportebat
2344 4151 2496 4205 enim
2527 4152 2614 4206 vel
2643 4167 2805 4207 omne
2828 4154 3324 4222 comprehendere.
3347 4152 3433 4207 vel
3461 4161 3583 4206 stu-

1998 4239 2149 4294 dium
2196 4241 2416 4311 penitus
2465 4243 2762 4313 negligere)
2787 4283 2802 4307 ,
2841 4245 3035 4298 nolens
3063 4245 3300 4314 amplius
3336 4244 3474 4299 adeo
3505 4244 3584 4299 fa-

1998 4334 2179 4404 tigari.
2213 4345 2273 4389 et
2305 4335 2566 4390 miserum
2595 4351 2741 4401 esse,
2779 4335 2845 4390 ad
2887 4336 3096 4405 patrios
3144 4336 3289 4390 lares
3317 4350 3580 4390 reversus

1998 4434 2103 4492 est,
2137 4428 2453 4498 quindecim
2489 4438 2650 4488 natus
2676 4444 2851 4485 annos
2886 4430 3026 4498 (ll).

2071 4607 2281 4666 Exinde
2315 4611 2390 4665 rei
2423 4610 2689 4665 ven'atieaa
2715 4623 2945 4679 operam
2969 4608 3159 4677 dabat,
3190 4609 3582 4681 similibusque.

1997 4702 2507 4759 exercitationibus.
2538 4701 2877 4757 Liberalium
2908 4701 3133 4772 quidem
3157 4702 3580 4771 disciplinarum

1997 4796 2275 4852 desiderio
2329 4800 2624 4850 tenebatur
2674 4794 2789 4865 (12)
2842 4812 2855 4848 :
2908 4796 3005 4850 sed
3065 4806 3124 4850 ut
3153 4796 3442 4850 minimum
3470 4812 3578 4850 cu-

2001 4902 2117 4942 ram
2169 4885 2239 4942 de
2289 4887 2359 4941 iis
2410 4886 2681 4952 faciebat,
2730 4886 2877 4957 quod
2906 4901 3001 4941 eas
3036 4885 3352 4942 Grmcornm
3392 4887 3582 4959 lingua

2002 4963 2447 5049 percipere‘non
2498 4989 2708 5049 posset,
2760 4995 2858 5050 per
2905 4995 3066 5049 quam
3115 4980 3439 5035 facillimum
3475 4982 3581 5050 ipsi

1997 5072 2194 5128 fuisset
2235 5087 2357 5127 sese
2398 5072 2454 5127 in
2497 5072 2707 5127 eisdem
2737 5087 3018 5129 exercere.
3048 5074 3120 5127 At
3160 5073 3481 5145 huiusmodi
3516 5090 3581 5128 ex

2000 5165 2278 5222 desiderio
2316 5180 2440 5221 cum
2485 5165 2771 5235 quiescere
2820 5182 2933 5221 non
2984 5167 3404 5237 permitteretur
3442 5167 3584 5239 (15),

2000 5257 2356 5313 turbulentus
2388 5255 2666 5326 simulque
2720 5256 2986 5312 molestus
3021 5255 3350 5325 parentibus
3381 5255 3583 5321 evasit,

2000 5363 2259 5420 quaerens
2312 5364 2380 5405 ex
2422 5349 2670 5419 ipsorum
2712 5349 2876 5405 bonis
2922 5361 3293 5406 commeatum
3346 5350 3417 5404 ad
3474 5351 3583 5404 iter

2001 5441 2296 5511 agendum,
2350 5450 2406 5496 et
2460 5442 2637 5497 emitti
2682 5456 2714 5497 e
2742 5443 2938 5511 patria.
2967 5450 3024 5497 et
3063 5443 3304 5497 Nicaeam
3338 5442 3479 5497 mitti
3516 5442 3583 5495 ad
3624 5483 3628 5487 «

2001 5534 2219 5589 scholas
2242 5533 2378 5602 (N).
2413 5534 2505 5588 ubi
2538 5535 2683 5589 fama
2712 5535 2985 5590 clamabat
3016 5550 3175 5602 posse
3203 5536 3376 5588 videri
3404 5537 3454 5588 ei
3486 5536 3583 5603 qui

2002 5627 2078 5681 ibi
2124 5626 2531 5691 diversabatur,
2571 5626 2643 5681 ob
2668 5628 2976 5697 sapientum
3009 5627 3255 5681 virorum
3296 5630 3587 5682 abundan-
3691 5640 3716 5660 ο

2005 5718 2155 5779 tiam,
2203 5727 2416 5773 veteres
2465 5717 2651 5771 videre
2702 5718 2967 5773 Athenas.
3017 5716 3193 5772 Puero
3236 5719 3587 5773 adluerentcs

2006 5811 2107 5877 illi,
2145 5818 2352 5866 natura:
2386 5819 2439 5866 et
2476 5809 2721 5864 fortioris
2761 5811 3101 5867 necessitatis
3134 5811 3384 5867 vinculis.
3418 5826 3475 5866 sc
3501 5810 3589 5866 di-
