3858 6468
232 331 303 400 23
812 378 819 383 .
1084 378 1089 389 .
1200 334 1525 396 GEORGII
1565 340 1822 399 Cl'l’RIl
1859 326 1997 400 ce.‘
2021 339 2538 401 PATRlARClLE
3418 345 3488 409 ει

233 452 453 512 cebant.
502 446 773 520 quidquid
802 445 1027 501 evenire
1064 458 1274 515 pitsset,
1307 463 1416 501 non
1445 446 1811 510 dimissuros;

1931 449 2187 520 πρότερον
2222 448 2456 518 ἑτοίμως
2477 450 2626 521 ἔχειν
2655 449 2912 504 ἐνδιδόναι
2947 451 3024 522 τῷ
3060 451 3369 526 βουλομένῳ
3385 457 3488 528 τὴν

232 552 289 597 et
337 541 520 612 potius
561 547 782 608 paratos
819 554 965 603 esse,
1000 536 1167 591 vitam
1197 538 1418 592 auferre
1449 537 1655 593 volenti
1688 533 1815 609 per-

235 636 472 695 mittere,
533 647 696 702 quam
748 641 943 699 sponte
980 630 1286 691 sustinere.
1323 637 1383 683 ut
1424 630 1518 684 tali
1574 632 1627 685 in
1650 639 1811 685 aetate

234 727 289 781 in
348 726 664 797 peregrinas
706 733 881 778 terras
943 721 1085 776 (ilius
1134 723 1467 777 mitteretur.
1526 721 1811 777 Dissensio

233 818 420 888 itaque
458 818 720 885 utrinque
748 824 870 870 erat
909 831 925 869 :
971 824 1027 870 et
1074 814 1128 869 in
1174 829 1236 868 ea
1275 814 1511 869 duorum
1540 828 1810 869 annorum

233 918 450 978 tempus
478 907 944 979 (l5)insumptum
974 912 1079 969 est,
1101 904 1278 959 donec
1309 904 1653 975 perspiciens
1673 903 1811 960 ado-

232 998 471 1062 lescens,
499 1006 758 1070 parentes
785 1013 1006 1068 semper
1030 996 1296 1061 victuros,
1318 996 1361 1050 si
1395 1006 1584 1066 aperte
1608 997 1664 1069 4
1682 1012 1811 1051 cum

233 1092 373 1161 ipsis
415 1092 751 1162 loqueretur,
810 1090 1085 1161 deponere
1115 1105 1176 1144 se
1207 1091 1536 1146 sententiam
1565 1090 1811 1157 simulat,

234 1182 478 1252 quietam
533 1184 698 1236 vitam
741 1196 932 1250 agere,
979 1190 1033 1235 et
1080 1179 1544 1249 quemadmodum
1591 1181 1684 1250 qui
1714 1180 1812 1234 do-

236 1272 374 1328 mini
411 1281 574 1330 erant
610 1282 664 1327 et
694 1283 969 1341 parentes,
999 1272 1149 1343 jussa
1178 1272 1397 1336 darent,
1427 1272 1656 1342 obsequi
1685 1272 1811 1327 illis.

235 1364 315 1420 lla
373 1368 676 1428 simulans,
727 1382 793 1420 ac
846 1365 1002 1421 brevi
1055 1366 1242 1435 aliquo
1302 1376 1551 1435 tempore
1606 1365 1813 1421 ﬁctioni

236 1461 621 1529 acquiescens,
653 1470 708 1513 ut
730 1459 1046 1527 Opinionem
1069 1459 1133 1513 de
1161 1460 1544 1530 permansione
1568 1475 1665 1513 sua
1688 1474 1817 1512 con-

235 1550 506 1615 firmaret,
552 1551 929 1622 ignorantibus
952 1552 1274 1606 domesticis
1309 1561 1365 1606 et
1394 1551 1666 1619 cognatis,
1702 1550 1817 1604 dis-

238 1647 446 1700 cedens
516 1660 547 1699 e
608 1649 805 1714 patria,
856 1654 913 1698 et
961 1644 1144 1698 navim
1213 1644 1621 1709 conscendens,
1659 1652 1715 1698 et
1758 1642 1814 1697 in

237 1738 585 1805 navigatione
620 1737 865 1793 secundo
903 1749 1066 1792 vento
1109 1753 1271 1802 usus,
1307 1739 1466 1793 tertia
1512 1736 1601 1792 die
1635 1736 1819 1792 Ptole-

1915 536 2063 603 ζωὴν
2102 541 2381 609 ἀφαιρεῖν,
2410 541 2541 608 πρὶν
2571 539 2797 603 ἑκόντας
2832 542 2889 594 δν
2932 543 3173 614 τοσούτῳ
3212 545 3311 614 τῆς
3369 547 3490 617 ἡλι-

1915 628 2040 691 κίας
2078 629 2159 693 είς
2187 629 2348 699 ξένην
2382 629 2703 685 στέλλεσθαι
2726 631 2817 685 τὸν
2842 632 2957 686 υίὸν
2992 638 3325 704 συγχωρεῖν.
3353 636 3491 692 Στά-

1917 737 1999 782 σις
2031 719 2123 773 οὖν
2148 720 2493 791 ἑκατέρωθεν
2517 716 2607 793 ἦν.
2648 722 2757 775 Καὶ
2785 724 2851 791 τῇ
2897 724 3084 777 στάσει
3136 724 3280 778 δυοῐν
3312 725 3485 779 ίτέοιν

1914 816 2104 884 χρόνος
2128 814 2401 884 ἐτρίϐετο,
2430 814 2535 878 ἕως
2579 814 2810 868 συνιδὼν
2846 817 2875 868 ό
2912 818 3153 881 νεανίας,
3180 818 3262 871 ὅτι
3288 819 3487 890 νικῷεν

1915 907 1981 961 ἂν
2008 908 2057 959 οἱ
2092 908 2344 968 τεκόντες
2368 907 2457 960 ἀεὶ
2486 907 2550 960 ὲκ
2586 906 2681 960 τοῦ
2716 909 2954 977 φανεροῦ
3006 909 3115 963 τῶν
3139 909 3318 979 λόγων
3349 911 3487 982 πρὸς

1913 1000 2112 1063 αὐτοὺς
2134 1000 2462 1069 γινομένων,
2494 1000 2804 1071 σκήπτεται
2834 1002 3082 1073 μεθεῖναι
3112 1003 3215 1073 τὴν
3238 1002 3487 1074 γνώμην,

1912 1093 2142 1165 ἡσυχίαν
2164 1094 2220 1146 δὲ
2253 1094 2430 1160 ἄγειν,
2467 1095 2563 1147 καὶ⁵
2612 1093 2735 1147 καθ’
2782 1095 2810 1147 ὅ
2841 1111 2894 1147 τι
2935 1094 3002 1148 ἂν
3050 1097 3248 1149 ὲκείνοι
3306 1094 3487 1165 κύριοι

1914 1188 2012 1242 καὶ
2048 1189 2223 1257 γονεῖς
2247 1187 2405 1250 ὄντες
2439 1185 2745 1250 κελεύοιεν,
2769 1186 3019 1242 ἕπεσθαι.
3068 1186 3228 1241 υῢτω
3277 1187 3491 1258 σκηψάο

1917 1297 2102 1351 μενος,
2159 1281 2253 1333 καί
2293 1296 2416 1334 τινα
2448 1279 2646 1350 χρόνον
2684 1279 2764 1350 τῷ
2813 1279 3100 1349 πλάσματι
3130 1281 3489 1350 εφησυχάσας

1917 1372 2145 1445 βραχὺν,
2183 1372 2271 1426 ῐνα
2296 1372 2441 1425 οὕτω
2470 1374 2571 1441 τὴν
2610 1372 2706 1426 τοῦ
2742 1373 2926 1443 μένειν
2948 1372 3317 1443 βεϐαιώσηται
3342 1372 3491 1442 γνώο

1920 1482 2049 1536 μην,
2078 1464 2253 1517 λαθὼν
2290 1464 2472 1518 πᾶσαν
2505 1464 2725 1517 πάντων
2754 1464 3011 1534 αἴσθησιν
3059 1463 3277 1516 οἰκείων
3304 1480 3363 1517 τε
3388 1465 3487 1516 καὶ

1919 1557 2223 1626 συγγενῶν,
2247 1558 2569 1621 ἀπαναστὰς
2589 1557 2694 1626 τῆς
2724 1556 3004 1627 πατρίδος,
3037 1558 3165 1626 νηός
3191 1554 3242 1608 τ’
3268 1555 3486 1618 ἐπιϐὰς,

1917 1655 2012 1707 καὶ
2040 1650 2284 1721 ἐπιφόρῳ
2315 1651 2469 1719 παρά
2493 1652 2585 1704 τὸν
2616 1650 2781 1703 πλοῦν
2811 1651 3160 1721 χρησάμενος
3189 1648 3487 1721 πνεόματι,

1916 1717 2161 1815 τριταῖος
2199 1717 2267 1806 te
2298 1717 2646 1813 Πτολεμαΐδα
2669 1743 2767 1811 τὴν
2794 1717 2860 1794 ικῖ
2885 1741 3223 1812 Παλαιστίνῃ
3256 1717 3493 1807 κατάγε-

238 1832 499 1894 tuaidem,
553 1834 674 1901 quae
712 1842 795 1885 est
841 1833 894 1884 in
937 1831 1265 1893 Palaestina.
1314 1831 1627 1885 deducitur.
1685 1829 1816 1883 lnde

1931 1854 2031 1891 ται.
2092 1836 2157 1887 κ’
2208 1835 2458 1888 ἐντεῦθεν
2492 1836 2572 1898 είς
2626 1837 2860 1887 ΙἈναιαν
2902 1833 3002 1903 τῆς
3034 1832 3222 1895 Ἀσίας
3251 1830 3490 1900 δευτέρῳ

238 1926 462 1979 Auream
501 1924 642 1979 Asia:
679 1925 849 1978 altera
893 1924 1240 1992 navigatione
1282 1924 1514 1990 diﬂieili,
1566 1939 1631 1979 ac
1663 1922 1817 1978 valde

239 2019 573 2089 periculosa,
613 2020 851 2090 indeque
900 2021 1177 2091 Ephesum
1208 2020 1360 2075 venit
1391 2019 1526 2088 (l6),
1568 2019 1669 2072 Hic
1692 2033 1818 2073 cum

240 2110 490 2175 audiret,
528 2111 583 2165 in
630 2111 831 2165 vicinia
879 2112 1247 2182 Blemmydam
1279 2110 1526 2164 habitare
1561 2108 1700 2179 (l7),
1735 2107 1820 2162 vi-

242 2219 390 2268 rum,
430 2214 488 2258 ut
517 2205 822 2271 dicebatur,
857 2222 967 2261 non
994 2206 1173 2261 solum
1218 2206 1361 2258 inter
1394 2203 1613 2259 (ira-cos
1642 2204 1821 2257 nostri

244 2299 539 2370 temporis,
591 2316 776 2353 verum
827 2300 994 2355 etiam
1040 2300 1187 2355 inter
1228 2313 1421 2355 omnes
1477 2297 1824 2368 sapientissi-

244 2405 418 2455 mum,
465 2390 776 2445 vehementi
820 2390 1099 2448 desiderio
1130 2390 1409 2446 ferebatur
1445 2390 1511 2445 ad
1539 2405 1665 2445 eum
1695 2405 1825 2459 pro-

247 2483 560 2547 ﬁciscendi,
599 2484 870 2553 utipsum
902 2484 1134 2541 videret.
1170 2484 1300 2555 Ejus
1331 2493 1510 2538 tamen
1543 2484 1821 2538 desiderio

246 2575 540 2630 obstabant
599 2576 701 2629 viri
750 2575 998 2645 Ephesii,
1028 2576 1297 2638 dicentes,
1334 2584 1394 2629 ut
1427 2575 1594 2630 etiam
1628 2591 1821 2629 verum

246 2678 389 2733 erat,
418 2669 564 2734 quod
593 2685 700 2722 non
726 2670 904 2724 solum
932 2668 1291 2738 philosophus
1318 2668 1405 2722 ille
1430 2669 1618 2722 videre
1642 2667 1822 2736 ipsum

246 2762 529 2827 iuvenem,
546 2772 602 2817 et
624 2763 993 2833 peregrinum,
1014 2770 1380 2831 etpauperetn
1396 2760 1819 2830 dedignaretur:

250 2853 347 2917 sed
385 2855 431 2909 is
453 2856 641 2920 etiam,
666 2855 758 2924 qui
795 2870 920 2909 cum
958 2854 1077 2923 ipso
1101 2855 1414 2923 sapientum
1446 2852 1655 2906 chorus
1682 2859 1823 2913 erat,

250 2946 431 3015 ipsum
457 2949 898 3017 appropinquare
935 2949 1269 3001 monasterio
1299 2962 1407 2999 non
1455 2946 1823 3014 permitteret.

251 3038 352 3093 llis
371 3038 666 3102 addebant,
686 3038 911 3109 perinde
927 3039 983 3092 in
1006 3037 1183 3108 ipsqu
1203 3034 1827 3108 [Blermnydam]dicen-

252 3140 357 3194 tes,
386 3132 565 3185 virum
583 3146 704 3185 esse
720 3129 1019 3195 dilIicilem,
1036 3130 1292 3200 rigidum.
1311 3138 1365 3183 et
1384 3128 1608 3192 elatum,
1627 3129 1825 3182 etsim-

252 3223 551 3295 plicitatem
573 3223 795 3279 minime
831 3236 1151 3280 curantem:
1187 3224 1367 3277 locum
1393 3222 1556 3276 etiam
1581 3223 1825 3277 inacces-
1853 3200 1896 3258 ο

254 3334 399 3383 sum,
439 3334 503 3374 ac
546 3317 846 3388 discipulos
863 3318 1011 3387 ipsos
1039 3316 1281 3386 praebere
1298 3331 1358 3370 se
1379 3314 1626 3369 diliiciles
1643 3314 1709 3368 ad
1731 3327 1829 3368 eos

255 3411 613 3476 adeuntibus,
638 3411 949 3481 utpote'qui
972 3410 1115 3465 istud
1136 3418 1263 3464 ante
1282 3408 1427 3463 aliud
1447 3422 1608 3462 omne
1633 3422 1661 3461 a
1692 3422 1829 3476 prae-

256 3514 484 3575 ceptore
516 3504 906 3560 documentum
939 3498 1722 3574 accepissentsapientissimo.
1740 3497 1830 3553 Sic

256 3597 327 3652 ab
354 3597 512 3655 initio
536 3599 721 3653 statim
748 3596 1026 3651 desiderio
1055 3610 1159 3650 suo
1192 3593 1417 3659 excidit,
1448 3602 1504 3647 et
1539 3591 1832 3646 videbatur

258 3693 367 3746 hoc
391 3705 503 3746 non
532 3689 736 3745 bonum
763 3688 1088 3744 inlaturum
1115 3687 1165 3757 5
1190 3685 1501 3758 augurium.
1537 3685 1832 3753 Postquam

259 3798 357 3853 spe
407 3783 677 3841 lrustatus
722 3792 828 3849 est,
875 3782 1069 3839 abiens
1116 3781 1334 3849 Epheso
1379 3778 1515 3849 (18).
1565 3793 1662 3847 per
1690 3785 1833 3830 totos

259 3892 356 3934 sex
398 3892 633 3940 menses,
679 3891 886 3944 eosque
940 3874 1055 3929 fere
1086 3868 1389 3944 hybernos,
1434 3884 1561 3925 cum
1617 3866 1831 3937 magnis

262 3971 533 4033 miseriis,
574 3969 805 4038 aliisque
863 3982 1045 4022 rerum
1087 3965 1521 4021 necessariarum
1552 3958 1825 4033 peuuriis,

261 4064 499 4119 Nicaeam
537 4065 590 4118 in
626 4063 991 4134 Bithynorum
1020 4060 1368 4132 metropolim
1404 4059 1577 4114 venit.
1615 4054 1835 4111 Insunt-

265 4156 375 4225 psit
404 4171 535 4210 vero
567 4156 708 4210 adeo
740 4156 973 4210 multum
1003 4154 1211 4209 interea
1256 4165 1496 4222 tempus,
1545 4165 1655 4205 non
1688 4146 1834 4217 quod

264 4248 644 4316 longissimum
693 4248 801 4303 iter
840 4257 1010 4309 esset,
1048 4262 1150 4302 nec
1176 4256 1414 4309 tantum,
1443 4255 1501 4297 ut
1532 4242 1839 4296 coniicere-

270 4350 393 4405 tur,
434 4341 700 4411 temporis
726 4340 971 4409 exigeret
1008 4356 1022 4393 :
1063 4339 1159 4394 sed
1204 4338 1334 4407 quia
1378 4339 1534 4408 prius
1571 4335 1628 4390 in
1657 4341 1837 4390 castra

268 4435 413 4505 regis
447 4436 795 4504 perveniens,
838 4442 892 4487 et
926 4433 1143 4503 aliquos
1175 4432 1246 4486 ibi
1279 4430 1583 4500 potentium
1619 4426 1836 4493 adiens,

1921 1927 2041 1997 πλῷ
2089 1925 2309 1996 χαλεπῷ
2356 1926 2531 1997 τούτῳ
2557 1926 2650 1979 καὶ
2704 1925 2822 1978 λίαν
2851 1923 3197 1992 ἐπικινδύνῳ.
3229 1924 3493 1977 κάκεῖθεν

1920 2021 2000 2082 είς
2024 2018 2263 2085 Ἔφεσον
2314 2018 2465 2089 ἥκει.
2504 2019 2676 2071 Ἐνθα
2708 2017 2806 2071 καὶ
2838 2016 2912 2079 ὡς
2941 2019 2999 2070 εν
3030 2014 3291 2084 γειτόνων
3325 2011 3494 2066 οἰκῶν

1919 2111 2006 2180 εἴη
2024 2111 2053 2163 ό
2076 2110 2401 2181 Βλεμμύδης
2424 2109 2730 2179 πυθόμενος
2755 2109 2919 2180 ἀνὴρ,
2947 2108 3025 2172 ὼς
3044 2108 3290 2176 ἐλέγετο,
3310 2106 3371 2159 οὐ
3400 2105 3498 2177 μό-

1920 2219 2013 2256 νον
2047 2202 2322 2274 Ἐλλήνων
2346 2203 2455 2256 τῶν
2485 2202 2570 2272 ἐφ’
2604 2202 2787 2272 ἡμῶν,
2832 2202 2973 2254 ἀλλὰ
3003 2199 3100 2253 καὶ
3150 2200 3372 2254 πάντων
3406 2200 3501 2251 ἀν-

1922 2296 2065 2367 δρῶν
2100 2297 2437 2365 σοφώτατος,
2484 2296 2652 2359 πολὺς
2701 2296 2914 2365 γίνεται
2945 2294 3084 2364 πρὸς
3137 2292 3303 2346 αὐτὸν
3356 2290 3499 2344 κατὰ

1924 2387 2056 2441 θέαν
2086 2388 2417 2459 πορεύεσθαι
2454 2388 2551 2459 τὴν
2594 2374 2783 2441 αὑτοῦ.
2821 2385 3084 2455 Ἐπέσχον
3132 2385 3189 2438 δὲ
3221 2386 3371 2453 ὅμως
3407 2382 3499 2437 ἀν-

1921 2484 2049 2557 δρες
2095 2484 2332 2552 Ἐφέσιοι
2373 2485 2472 2554 τῆς
2527 2484 2729 2554 ὁρμῆς,
2786 2481 3097 2554 είρηκότες,
3132 2482 3276 2551 ὅπερ
3306 2481 3399 2534 καὶ
3429 2474 3500 2551 ἦν

1923 2582 2147 2651 ἀληθὲ;,
2171 2584 2247 2645 ώς
2270 2583 2331 2635 οὐ
2363 2583 2524 2652 μόνον
2552 2581 2717 2636 αὑτὸν
2739 2578 3043 2646 ἀπαξιώσοι
3070 2579 3200 2633 ίδεῖν
3219 2580 3249 2631 δ
3279 2577 3496 2647 φιλόσο-

1925 2692 2025 2742 φος
2050 2676 2168 2729 νέον
2212 2675 2364 2737 ὄντα,
2411 2676 2505 2728 καὶ
2551 2673 2727 2739 ξένον,
2756 2675 2848 2726 καὶ
2894 2672 3123 2743 πένητα,
3153 2670 3291 2724 ἀλλὰ
3340 2670 3437 2723 καὶ
3464 2671 3493 2722 ό

1926 2770 2056 2838 περὶ
2085 2768 2251 2821 αὐτὸν
2282 2768 2443 2839 χορδς
2495 2767 2607 2819 τῶν
2636 2765 2819 2833 σοφῶν
2880 2766 3229 2835 μοναστηρίῳ
3257 2777 3501 2831 προσπε-

1926 2860 2090 2915 λάσαι
2121 2860 2222 2913 οὐκ
2247 2860 2313 2913 ἂν
2348 2861 2786 2930 συγχωρήσαιεν.
2833 2857 2962 2920 Τοῖς
3003 2858 3114 2926 γὰρ
3160 2852 3284 2908 κατ’
3338 2854 3504 2907 αὐτὸν

1926 2953 2145 3020 ἐπίσης,
2177 2954 2257 3006 ὅτι
2303 2953 2442 3023 ἀνὴρ
2495 2952 2792 3021 ἀπρόσιτος
2843 2950 3081 3019 ἔφασαν,
3139 2948 3366 3017 ἀκλινὴς
3401 2946 3502 3011 ῶν,

1927 3049 2020 3100 καὶ
2043 3046 2339 3117 μετέωρος,
2358 3050 2454 3098 καὶ
2476 3046 2680 3116 ἥκιστα
2705 3045 2984 3108 εὐτελείας
3006 3044 3499 3115 ἐπιστρεφόμενον

1928 3140 1956 3192 ὅ
1983 3155 2040 3190 τε
2074 3140 2249 3209 χῶρος
2283 3138 2629 3203 ἀνεπίϐατος,
2663 3138 2759 3189 καὶ
2814 3137 2863 3189 οί
2900 3136 3146 3206 μαθηταὶ
3216 3133 3372 3187 αὐτοὶ
3420 3133 3498 3195 ὼς

1931 3232 2052 3285 λίαν
2083 3231 2486 3295 δυσέντευκτοι,
2540 3230 2658 3283 ἀντ’
2708 3229 2872 3283 ἄλλου
2939 3228 3141 3291 παντὸς
3176 3227 3501 3296 μαθήματος

1930 3324 2090 3377 τοῦτο
2118 3325 2254 3395 πρὸς
2286 3323 2381 3376 τοῦ
2422 3321 2800 3392 καθηγεμόνος
2850 3319 3253 3392 παρειληφότες
3274 3317 3367 3372 τοῦ
3402 3318 3504 3387 μὲν

1934 3416 2273 3486 σοφωτάτου.
2313 3414 2411 3468 Ἐκ
2435 3414 2742 3486 προοιμίων
2773 3413 2936 3476 εὐθὺς
2978 3411 3156 3475 οὕτως
3184 3409 3506 3479 ἀποτυγχά-

1932 3524 2038 3574 vet,
2064 3506 2158 3560 καὶ
2215 3507 2391 3560 ἐδόκει
2439 3505 2603 3560 τοῦτό
2633 3523 2698 3575 γε
2729 3506 2832 3560 οὐκ
2882 3505 3088 3572 ἀγαθὸς
3119 3504 3254 3572 πρὸς
3283 3504 3353 3556 τὰ
3376 3502 3505 3570 ἑξῆς

1932 3600 2141 3663 οἰωνός.
2189 3598 2332 3652 Ἀλλ’
2364 3598 2440 3662 ὡς
2491 3599 2791 3668 ἀπέτυχεν,
2843 3596 2985 3668 ἀρας
3012 3598 3077 3649 ἐκ
3123 3598 3223 3665 τῆς
3247 3596 3503 3665 Ἐφέσου,

1932 3693 2001 3746 δι’
2035 3694 2173 3746 ὅλων
2207 3692 2396 3762 μηνῶν
2440 3691 2519 3758 ἒξ,
2554 3693 2651 3744 καὶ
2693 3691 2905 3744 τούτων
2962 3689 3148 3759 σχεδὸν
3182 3689 3503 3759 χειμερίων,

1935 3785 2071 3853 ὁμοῦ
2106 3785 2372 3855 μεγάλαις
2412 3783 2845 3854 ταλαιπωρίαις,
2897 3782 3090 3844 ἄλλαις
3146 3799 3206 3833 τε
3252 3783 3346 3833 καὶ
3384 3783 3504 3843 ταῖς

1934 3876 2043 3928 τῶν
2077 3875 2390 3943 ἀναγκαίων
2447 3875 2796 3944 στερήσεσιν,
2831 3874 2913 3935 είς
2941 3873 3042 3942 τὴν
3092 3871 3205 3924 τῶν
3262 3870 3507 3923 Βιθυνῶν

1938 3967 2269 4039 μητρόπολιν
2297 3966 2535 4022 Νίκαιαν
2558 3967 2803 4039 ἔρχεται.
2863 3965 3066 4019 Ἐποίει
3105 3965 3161 4018 δὲ
3200 3963 3367 4016 πολὺν
3416 3964 3508 4014 τὶν

1941 4061 2143 4131 μεταξὺ
2174 4059 2365 4113 τοῦτον
2416 4059 2610 4129 χρόνον
2643 4059 2704 4111 οὺ
2737 4059 2800 4112 τὸ
2831 4059 2931 4129 τῆς
2968 4058 3086 4110 ὀδοῦ
3124 4058 3391 4128 μήκιστον
3422 4054 3503 4119 ὃν,

1937 4152 2029 4207 καὶ
2058 4151 2310 4205 τοσούτου
2340 4152 2583 4221 βαδίζειν
2607 4151 2883 4220 δεόμενον,
2907 4150 3023 4203 ἀλλ’
3047 4150 3130 4201 ὅτι
3159 4148 3425 4218 πρότερον
3447 4148 3508 4209 ές

1939 4245 1998 4296 τὸ
2032 4242 2291 4313 βασιλέως
2317 4243 2623 4311 ἀφιγμένος
2663 4240 3050 4311 στρατόπεδον,
3081 4238 3167 4309 ἐφ’
3198 4232 3241 4307 ᾧ
3262 4254 3371 4291 τισι
3395 4236 3507 4289 τῶν

1939 4337 2180 4392 δυνατῶν
2213 4334 2477 4406 προσιὼν,
2511 4333 2721 4403 τροφὰς
2755 4332 2933 4403 ἐαυτῷ
2969 4333 3067 4395 τάς
3110 4332 3240 4403 παρ’
3266 4331 3386 4384 ὅλον
3416 4330 3511 4383 τὸν

1940 4430 2039 4499 τῆς
2073 4428 2363 4499 μαθήσεως
2394 4428 2587 4497 χρόνον
2615 4426 2713 4494 τὴν
2736 4425 2879 4495 ζωὴν
2912 4425 3103 4488 ἱκανὰς
3134 4424 3378 4492 συνέχειν
3413 4438 3512 4474 υπο-

265 4528 474 4584 victum
524 4528 654 4595 sibi,
695 4528 787 4597 qui
840 4542 936 4596 per
975 4535 1149 4580 totum
1183 4523 1487 4593 disciplinae
1521 4532 1737 4592 tempus
1770 4520 1828 4575 ad

1948 4521 2192 4592 ρίσεταιο
2254 4519 2351 4571 καὶ
2405 4516 2609 4580 ταύτας
2645 4517 2795 4587 παρὰ
2838 4517 3066 4587 μηδενὸς
3091 4515 3367 4585 εὑρηκὼς,
3419 4514 3516 4565 τὸν

268 4624 436 4676 vitam
477 4619 777 4683 suﬂiceret,
829 4626 1084 4688 pararet;
1111 4632 1289 4686 eoque
1322 4632 1427 4670 non
1476 4616 1725 4679 invento,
1750 4614 1837 4668 di-

268 4723 420 4771 ctum
471 4724 688 4784 tempus
731 4712 1013 4767 coatrivit.
1065 4710 1475 4779 Hellespontum
1510 4708 1672 4764 simul
1714 4723 1840 4762 cum

269 4807 515 4862 exercitu
583 4816 968 4868 transvectus,
1019 4802 1118 4874 per
1164 4800 1454 4855 Thraciam
1510 4810 1693 4856 castra
1744 4813 1843 4869 per

266 4900 441 4956 otium
496 4899 770 4968 sequitur,
810 4908 865 4953 et
903 4897 1225 4968 Byzantium
1259 4894 1482 4948 advenit
1515 4913 1529 4948 :
1569 4893 1660 4948 ubi
1715 4904 1849 4947 tunc

270 5010 368 5050 rex
407 4994 701 5049 festinabat
738 4991 998 5049 obsidere
1042 4990 1259 5053 urbem,
1308 4995 1365 5042 et
1399 5001 1742 5059 oppugnare,
1783 5001 1848 5041 ac

270 5089 435 5143 etiam
483 5088 765 5141 devastare
820 5084 1068 5154 quidem,
1119 5084 1165 5136 si
1215 5091 1417 5151 posset.
1468 5081 1537 5135 At
1584 5081 1660 5134 illi
1714 5094 1853 5135 vero

272 5182 480 5251 placuit
525 5179 756 5235 Nicaeam
812 5179 1090 5244 secedere,
1144 5192 1270 5233 cum
1317 5176 1374 5231 in
1417 5190 1558 5241 eam,
1606 5190 1729 5245 qua:
1773 5172 1844 5227 ibi

176 5290 182 5298 '
277 5285 460 5338 esset,
500 5273 772 5328 intentum
814 5272 1045 5331 haberet
1073 5272 1341 5337 animum,
1384 5267 1720 5324 eruditionis
1745 5266 1848 5320 mi-

276 5382 394 5421 ram
439 5366 840 5437 praestantiam,
878 5365 1285 5433 amabilemque
1333 5364 1581 5428 fontem;
1611 5361 1665 5415 in
1684 5375 1847 5430 quam

277 5461 441 5516 etiam
465 5476 532 5516 ex
556 5460 734 5528 Cypro
747 5474 988 5530 pergere
1010 5458 1385 5513 anhelaverat.
1420 5455 1527 5511 Sed
1553 5456 1657 5509 hoc
1685 5470 1849 5525 quam

280 5554 440 5607 aliter
488 5554 688 5608 accidit
735 5553 878 5624 (l9)!
928 5552 1144 5607 Etenim
1176 5556 1380 5619 praeter
1410 5547 1850 5617 grammaticam,

280 5658 332 5701 et
376 5648 605 5715 poesim,
632 5658 687 5700 et
713 5643 1123 5715 superﬁciarias
1155 5643 1308 5706 istas,
1328 5639 1538 5709 reperit
1565 5638 1672 5693 loci
1705 5638 1853 5692 illius

280 5740 576 5807 sapientes,
617 5738 711 5809 qui
766 5737 902 5793 nihil
934 5736 1151 5804 ;docerc
1208 5732 1353 5787 aliud
1400 5730 1627 5786 scirent.
1669 5728 1855 5795 Qualis

279 5839 431 5898 enim
467 5832 659 5905 gloria,
704 5831 1043 5889 disserentes
1076 5828 1269 5884 audire
1305 5825 1527 5897 quidcm
1561 5822 1629 5878 de
1666 5820 1850 5877 rheto-

1945 4613 2237 4683 εἰρημένον
2276 4615 2468 4681 χρόνον
2506 4610 2825 4681 κατέτριψε.
2863 4611 2967 4662 Τόν
3015 4610 3073 4663 ’θ’
3117 4609 3517 4679 Ἑλλήσποντον

1946 4707 2062 4771 ἅμα
2089 4704 2167 4775 τῷ
2233 4704 2452 4775 στρατῷ
2505 4704 2814 4768 διαϐαίνων,
2873 4703 2963 4756 διὰ
2995 4703 3217 4775 Θιρᾴκης
3250 4700 3518 4771 σχολαίως

1949 4794 2452 4867 συμπορευόμενος,
2486 4795 2581 4846 καὶ
2614 4795 2669 4855 ες
2693 4794 2987 4856 Βυζάντιον
3017 4793 3188 4862 ἥκων,
3233 4792 3367 4845 ὅπου
3395 4791 3519 4843 τότε

1947 4889 2044 4943 καὶ
2077 4886 2333 4958 βασιλεὺς
2380 4886 2633 4954 ἔσπευδε,
2686 4885 3183 4956 περικαθιούμενος
3236 4886 3390 4945 αὐτὸ,
3425 4887 3521 4937 καὶ

1948 4982 2356 5053 πολιορκήσων,
2395 4981 2474 5033 ἔτι
2502 4996 2565 5047 γε
2598 4980 2707 5049 μὴν
2738 4982 2834 5033 καὶ
2878 4978 3259 5049 ἐκπορθήσων,
3297 4978 3365 5032 ἄν
3415 4980 3525 5047 ἄρα

1949 5077 2269 5144 δυνήσεται.
2323 5075 2475 5144 Πλὴν
2525 5072 2672 5137 εδοξε
2707 5073 2809 5143 τὴν
2843 5073 3081 5127 Νίκαιαν
3134 5074 3526 5142 ἀναχορεᾷσαι,

1953 5170 2276 5225 καταλαϐὼν
2303 5168 2377 5232 ώς
2398 5171 2537 5242 αὐτῇ
2570 5170 2623 5239 γ’
2646 5171 2878 5232 imas-ti;
2932 5175 3000 5241 τῇ
3054 5170 3162 5222 τῶν
3194 5170 3369 5239 λόγων
3394 5172 3529 5222 θαυ-

1958 5263 2131 5334 μασία
2160 5268 2255 5315 καὶ
2276 5261 2627 5329 πολυεράστῳ
2658 5262 2833 5332 πηγῇ,
2855 5262 2943 5328 ἐφ’
2994 5262 3062 5331 ἢν
3104 5263 3200 5315 καὶ
3234 5261 3529 5329 Κυπρόυεν

1954 5358 2236 5429 ἠπείγετο.
2275 5356 2347 5406 'l'b
2379 5354 2436 5407 δὲ
2482 5354 2558 5417 ώς
2588 5354 2793 5425 ἑτέρως
2849 5356 3168 5408 συνέπιπτε.
3248 5356 3358 5408 Καὶ
3412 5362 3527 5422 γὰρ

1958 5451 2097 5520 πλὴν
2149 5446 2551 5521 γραμματικῆς
2574 5462 2631 5500 τε
2686 5447 2782 5499 καὶ
2812 5447 3129 5517 ποιητικῆς,
3185 5448 3529 5500 ἑπιπολαίιιιν

1959 5538 2294 5605 καὶτούτων,
2319 5532 2477 5607 εὗρεν
2498 5536 2695 5601 αὐτοὺς
2722 5538 2903 5591 ἐκεῖσε
2933 5540 3132 5609 σοφοὺς
3163 5539 3356 5608 ἕτερον
3380 5540 3533 5593 διδά-

1959 5651 2112 5687 σκειν
2130 5632 2341 5693 εἰδότας
2369 5629 2542 5684 οὐδέν.
2581 5629 2815 5684 Φάσκειν
2840 5632 2895 5683 δὲ
2929 5633 3227 5704 ῥητορικῆς
3259 5635 3354 5689 καὶ
3377 5634 3532 5702 φιλο·

1959 5726 2173 5795 σοφίας,
2212 5725 2307 5777 καὶ
2330 5722 2439 5775 τῶν
2463 5720 2640 5775 ἄλλων
2672 5722 2773 5775 ὅσα
2826 5724 3129 5795 μαθήματα
3154 5708 3525 5797 διαφερόντως

1963 5821 2207 5889 μετιέναι
2237 5821 2333 5873 καὶ
2369 5811 2568 5866 εἰδέναι
2595 5812 2867 5886 ἀνθρώπῳ
2900 5820 3187 5888 προσήκει,
3231 5820 3389 5885 κλέος
3418 5814 3535 5876 οἷον
