3858 6472
250 333 319 396 25
755 413 758 418 _
1793 350 1988 417 VITA.
3453 351 3525 416 :26

251 449 475 504 ἀκούειν
497 465 512 482 ⁶
550 453 845 518 γινώσκειν
878 457 1064 526 μέντοι
1112 461 1308 523 αὐτοὺς
1342 462 1370 516 ὅ
1404 481 1456 516 τι
1509 464 1638 518 ποτέ
1680 468 1839 530 εἰσιν,

1948 469 2098 534 rica,
2153 479 2208 524 et
2270 471 2656 540 philosophia,
2708 472 2941 542 aliisque
2983 469 3332 541 disciplinis,
3389 486 3527 542 quas

251 545 300 595 εί
333 545 442 612 ἄρα
464 546 560 599 καὶ
582 547 745 612 εἰσὶν,
785 549 1059 619 οὐδαμῶς.
1094 553 1257 606 Ὥστε
1296 557 1391 608 καὶ
1425 557 1721 627 δυσθυμίαι
1745 561 1832 613 διὰ

249 634 423 686 ταῦτα
452 634 600 705 εἶχον
629 640 794 692 αὐτὸν
827 643 918 694 καὶ
946 646 1265 713 μετάμελοι.
1295 643 1455 717 Εἶχον
1475 649 1531 703 δὲ
1559 651 1654 703 καὶ
1686 652 1838 720 μάλα

249 725 481 788 δικαίως
504 744 519 759 θ
559 731 607 782 εί
640 733 876 801 πατρίδα
912 734 1013 801 μὲν
1041 737 1327 803 κατέλιπε,
1372 741 1608 809 στοργὴν
1637 743 1693 794 δὲ
1734 760 1830 808 γο-

249 820 388 871 νέων
414 823 674 890 ἠθέτησε,
709 825 922 895 δάκρυα
954 829 1012 880 δὲ
1047 833 1294 900 παρεῖδε,
1330 836 1544 906 πελάγη
1571 837 1626 889 δὲ
1655 837 1837 891 διέϐα-

252 911 348 965 λεν
375 915 450 977 ώς
493 918 594 984 μὲν
628 919 837 988 μακρὰ,
892 920 969 984 ὡς
1026 921 1085 974 δὲ
1136 924 1350 993 χαλεπὰ
1415 931 1510 980 καὶ
1565 930 1834 983 κινδύνων

258 1010 474 1074 μεστά·
534 1011 764 1081 ἧπειρον
811 1013 868 1066 δὲ
923 1015 1197 1086 τοσαύτην
1247 1018 1527 1089 διέδραμε,
1586 1021 1732 1091 ζωῆς
1777 1023 1834 1077 δὲ

255 1099 520 1166 καθάπαξ
558 1103 872 1172 ἠφείδησεν.
908 1101 1008 1159 εἴτ’
1043 1111 1166 1163 ἀντὶ
1198 1108 1407 1163 τούτων
1427 1110 1571 1165 οὕτω
1598 1115 1833 1181 μεγαλοι-

257 1187 370 1256 φυῆ
403 1195 685 1259 κομιεῖται
719 1195 934 1263 μισθὸν,
970 1198 1181 1263 κλίσεις
1207 1201 1491 1272 ὀνομάτων
1529 1205 1836 1272 ὲκμελητῆ-

259 1295 376 1343 σαι,
412 1284 508 1333 καὶ
538 1285 801 1352 ῥημάτων
835 1293 1255 1360 σχηματισμοὺς
1297 1296 1393 1346 καὶ
1436 1298 1701 1362 κινήσεις,
1739 1299 1835 1350 καὶ

253 1368 331 1432 ώς
361 1372 394 1440 ἡ
421 1372 716 1444 Τυνδάρεω
750 1379 882 1441 παῖς
903 1381 1155 1450 ἡρπάγη,
1203 1382 1302 1436 καὶ
1337 1386 1369 1454 ὴ
1430 1386 1681 1456 Πριάμου
1738 1389 1836 1440 πέ-

256 1478 448 1515 πτωκε
477 1466 637 1529 πόλις
678 1469 932 1524 πολυετεῖ
984 1472 1074 1526 διὰ
1125 1474 1225 1542 τὴν
1276 1478 1513 1544 γυναῖκα
1573 1480 1833 1548 καμοῦσα

255 1553 510 1623 πολέμῳ,
543 1559 636 1611 καὶ
660 1559 736 1622 ὡς
766 1563 816 1613 οἱ
839 1565 1030 1627 παῖδες
1082 1566 1365 1625 Οἰδίποδος
1410 1569 1532 1622 κατ’
1567 1571 1834 1641 ἀλλήλους

255 1646 528 1713 μανέντες
572 1649 664 1702 ὐπ’
695 1652 940 1723 ἀλλήλων
969 1656 1273 1722 ἀπώλοντο,
1321 1659 1417 1712 καὶ
1463 1661 1635 1714 τᾶλλα
1672 1663 1769 1715 ὅσα
1805 1665 1835 1716 ό

253 1740 545 1806 ποιητικὸς
586 1744 747 1812 χορὸς
783 1747 926 1800 κατά
951 1765 1073 1800 τινα
1119 1751 1221 1820 τῆς.
1268 1751 1467 1823 τέχνης
1501 1753 1834 1825 αὐτονομίαν

1942 562 2176 614 nmxime
2207 564 2415 617 ambire
2447 580 2512 618 ac
2544 580 2708 619 nosse
2741 565 3002 619 convenit
3029 563 3276 628 homini;
3301 563 3526 617 minime

1940 668 2070 705 vero
2120 666 2518 723 cognoscentes
2568 658 2700 725 quid
2749 657 2857 711 illa:
2904 658 3035 719 sint,
3068 658 3179 710 imo
3208 666 3264 710 et
3301 657 3344 710 si
3379 656 3523 711 sint?

1938 757 2276 815 quapropter
2329 750 2557 804 trisritia
2630 758 2686 804 et
2729 749 3078 818 paenitudine
3126 748 3522 802 afﬁciebatur:

1939 845 1995 890 et
2044 838 2264 905 quidem
2313 841 2618 909 justissima
2667 842 2734 894 de
2789 857 2976 903 causa,
3040 840 3299 909 quoniam
3344 840 3400 908 6
3430 855 3524 907 pa-

1938 929 2098 984 triam
2162 934 2483 1002 reliquerat,
2533 943 2822 1004 parentum
2879 928 3125 988 amorem
3195 942 3522 1001 aspernatus

1936 1038 2092 1090 erat,
2142 1028 2414 1098 lacrymas
2455 1043 2650 1082 eorum
2683 1027 2845 1082 nihili
2880 1027 3121 1090 fecerat,
3158 1026 3330 1079 maria
3363 1025 3525 1091 traje-

1937 1135 2086 1180 cerat
2125 1126 2398 1193 spatiosa.
2449 1129 2506 1176 et
2540 1121 2806 1186 difﬁcilia,
2843 1135 2907 1174 ac
2944 1119 3208 1189 periculis
3237 1118 3430 1188 plena,
3469 1125 3525 1170 et

1939 1227 2022 1272 ῑοι
2073 1228 2248 1274 terras
2299 1225 2700 1285 percurrerat,
2751 1224 2806 1268 ει
2863 1214 3090 1267 omnino
3120 1219 3525 1279 εοιιιειιῳειτιιι

1937 1312 2139 1374 vitam;
2188 1327 2252 1366 ac
2289 1310 2491 1364 deinde
2542 1295 2660 1375 pro'
2695 1308 2783 1362 bis
2833 1307 3092 1361 omnibus
3121 1315 3229 1358 tam
3267 1302 3524 1370 magnifi-

1935 1417 2053 1456 cam
2111 1403 2309 1456 tulerat
2366 1400 2712 1462 mercedem,
2769 1398 3172 1452 declinationes
3226 1395 3520 1448 nominum

1935 1494 2169 1554 callere,
2217 1502 2273 1546 et
2336 1492 2730 1547 vocabulorum
2795 1489 3154 1543 formationes
3223 1485 3524 1540 motiones-

1935 1600 2078 1653 que.
2126 1594 2180 1639 et
2224 1585 2504 1654 quomodo
2555 1580 2827 1653 Tyndarei
2881 1580 2988 1633 lilia
3045 1587 3197 1646 rapta
3247 1575 3433 1637 fuerit,
3469 1582 3526 1633 et

1936 1673 2138 1730 Priami
2191 1677 2324 1730 urbs
2371 1675 2636 1730 ceciderit
2683 1674 2846 1740 longo
2900 1670 3044 1723 bello
3075 1677 3269 1722 vexata
3301 1673 3526 1736 propter

1940 1784 2183 1822 amorem
2242 1769 2520 1831 mulieris,
2574 1776 2630 1821 et
2678 1766 2772 1820 lilii
2833 1761 3156 1832 ()Edipodis,
3191 1761 3246 1813 in
3277 1758 3338 1811 'se
3376 1757 3523 1811 invi-

252 1829 486 1929 πλάττει
513 1849 573 1885 τε
595 1837 690 1887 καὶ
719 1839 1037 1908 μυθεύεται,
1059 1841 1255 1910 ἡδονῆς
1288 1845 1387 1911 μὲν
1412 1845 1478 1896 τὰ
1510 1846 1682 1900 πολλὰ
1705 1865 1830 1902 στο-

1946 1875 2063 1914 cem
2095 1861 2428 1914 insanientes
2453 1859 2739 1929 perierint,
2780 1866 2836 1910 et
2881 1856 2985 1909 alia
3024 1865 3364 1923 quaecunque
3395 1863 3526 1918 poe-

250 1917 584 1992 χαζόμενος,
613 1925 772 1995 ὀλίγα
799 1926 856 1980 δὲ
885 1928 984 1998 τῆς
1019 1931 1282 2000 ἀληθείας
1311 1934 1642 2004 φροντίζων.

323 2187 512 2244 Ταῦτά
541 2209 624 2244 τοι
660 2195 755 2247 καὶ
791 2195 978 2262 δεινῶς
1009 2199 1174 2253 αὐτὸν
1209 2201 1491 2273 ἠνώχλουν
1525 2207 1574 2260 οί
1626 2207 1726 2278 τῆς
1757 2209 1837 2273 είς

251 2284 498 2352 πατρίδα
544 2286 901 2361 ὑποστροφῆς
971 2293 1247 2364 λογισμοί.
1301 2299 1414 2353 Καὶ
1467 2301 1838 2374 ὑποστρέφειν

253 2374 487 2442 εὐθέως,
511 2379 561 2430 εί
589 2382 682 2433 καὶ
710 2382 769 2434 τὸ
789 2383 968 2452 ῥᾴδιον
990 2386 1140 2454 ἐώρα
1173 2391 1378 2457 προσὸν
1413 2391 1492 2462 τῷ
1521 2394 1833 2464 πράγματι,

252 2471 375 2521 νυνὶ
411 2473 504 2523 καὶ
535 2473 894 2540 ἀπορώτατον
923 2473 1013 2549 ἦν.
1071 2481 1219 2552 Ilaij
1255 2499 1315 2534 τε
1349 2483 1458 2552 γὰρ
1495 2484 1604 2538 ἔδει
1639 2487 1837 2556 μέχρις

263 2562 489 2628 ’Δναίας
519 2569 677 2620 πόλιν
723 2569 985 2639 βαδίζειν.
1025 2574 1260 2642 Προσέτι
1297 2575 1354 2628 δὲ
1407 2579 1502 2630 καὶ
1542 2580 1836 2649 ἀναλωμά-

169 2737 184 2744 ν
252 2671 368 2708 των
399 2658 434 2711 ἃ
466 2661 544 2730 μὴ
582 2661 748 2729 μόνον
780 2662 880 2716 οὐκ
904 2659 972 2735 ἧν
1015 2666 1166 2734 αὐτῷ
1206 2668 1343 2737 πρὸς
1387 2669 1486 2740 τὴν
1522 2672 1643 2723 κατ’
1677 2672 1837 2742 ἠπει-

258 2765 358 2818 ρον
407 2754 503 2805 καὶ
528 2754 805 2809 θάλατταν
858 2758 1084 2828 πορείαν
1117 2760 1392 2832 αὐτάρκη,
1439 2764 1556 2816 ἀλλ’
1611 2765 1719 2817 οὐδ’
1747 2768 1832 2834 ἐφ’

255 2844 504 2914 ἡμέραις
531 2847 682 2912 ὅλαις
715 2853 866 2920 τρισὶ
888 2851 1166 2923 γλίσχρως
1191 2857 1288 2908 καὶ
1310 2858 1584 2928 πενιχρῶς
1619 2858 1837 2928 διατρέ-

254 2937 481 3002 φεσθαι,
510 2941 584 3007 μή
638 2958 785 3005 τινος
817 2943 1015 3006 ἔξωθεν
1047 2952 1477 3017 χορηγήσαντος,
1514 2951 1606 3004 καὶ
1636 2955 1702 3021 τῇ
1740 2953 1836 3005 δα-

256 3029 405 3098 πάνῃ
433 3032 976 3104 προσϐοηθήσαντας.
1005 3035 1166 3109 Εἶχον
1200 3043 1301 3108 μὲν
1331 3041 1422 3096 οὖν
1454 3044 1618 3097 αὐτὸν
1651 3045 1706 3096 αί
1727 3061 1836 3097 τοι-

252 3121 418 3174 αῦται
471 3124 582 3176 τῶν
631 3127 899 3196 ἀποριῶν,
950 3133 1044 3184 καὶ
1075 3136 1323 3204 κατεῖχον
1357 3137 1504 3205 παρὰ
1534 3137 1832 3191 Νικαεῦσιν

254 3216 450 3287 ὥσπερ
473 3219 674 3288 δεσμά.
737 3222 817 3276 Τὰ
850 3223 896 3275 δ’
946 3223 1200 3280 ἐντεῦθεν
1253 3228 1314 3280 οὐ
1365 3229 1535 3293 πολὺς
1591 3233 1779 3301 χρόνος
1809 3235 1837 3285 ὁ

257 3309 403 3377 μετὰ
427 3313 620 3379 ταῦτα,
654 3316 832 3369 καὶτὸ
863 3319 1007 3387 μέγα
1036 3320 1334 3383 Βυζάντιον
1361 3324 1498 3378 ἄστυ
1538 3324 1837 3395 Ῥωμαίοις

255 3399 417 3464 αὖθις
449 3403 583 3466 Θεὸς
620 3405 747 3469 τοὺς
782 3409 1048 3474 Λατίνους
1087 3413 1428 3482 ἀφελόμενος
1458 3415 1664 3470 δίδωσι.
1728 3417 1838 3470 Καὶ

255 3494 358 3547 τοῦ
419 3496 817 3566 Ἀκροπολίτου
873 3505 1175 3571 τηνικαῦτα
1227 3507 1390 3560 πλέον
1420 3509 1529 3560 τῶν
1564 3509 1738 3563 ἄλλων
1770 3511 1838 3564 τὰ

255 3588 341 3648 είς
365 3587 560 3654 λόγους
589 3590 743 3655 δντος
776 3595 944 3663 σοφοῦ
976 3595 1116 3666 ὑπὲρ
1143 3597 1252 3650 τῶν
1281 3598 1476 3667 λόγων,
1518 3602 1601 3654 ὅτι
1635 3601 1701 3673 δὴ
1739 3620 1840 3655 πο-

255 3679 358 3742 λὺς
409 3683 590 3737 αὐτῶν
626 3687 840 3755 αὐχμὸς
871 3690 929 3739 ὲν
976 3691 1097 3750 ταῖς
1130 3690 1240 3744 τῶν
1273 3690 1583 3761 ἀνθρώπων
1613 3695 1839 3764 ἐκράτει

255 3773 461 3842 ψυχαῖς
485 3776 950 3847 δυσχεραίνοντος,
977 3783 1075 3850 τήν
1105 3799 1163 3834 τε
1186 3782 1364 3853 ψυχὴν
1393 3787 1722 3854 πάσχοντος,
1747 3789 1840 3840 καὶ

261 3867 485 3936 βοηθεῖν
518 3870 597 3931 εἰς
634 3871 868 3941 δύναμιν
892 3873 1162 3939 θέλοντος,
1199 3875 1527 3945 αἰσθόμενος
1559 3879 1837 3948 βασιλεὺς,

261 3959 453 4028 ἀνίησι
476 3961 584 4012 τών
621 3963 900 4032 δημοσίων
932 3967 1258 4034 φροντίδων.
1311 3968 1407 4021 καὶ
1461 3966 1681 4037 βοηθεῖν
1712 3986 1843 4037 συγ-

261 4056 461 4120 χωρεῖ,
489 4054 580 4105 καὶ
617 4055 692 4116 ώς
746 4056 1029 4126 πρόθυμον
1065 4058 1262 4111 ἑαυτὸν
1297 4061 1430 4122 ,τοῖς
1493 4059 1842 4129 βουλομένοις

263 4147 576 4212 ἀκροᾶσθαι
611 4149 827 4211 καθίζει
851 4150 1195 4215 διδάσκαλον,
1229 4149 1508 4222 ἐξηγητὴν
1539 4131 1649 4205 τῶν
1673 4152 1843 4206 λαὸυσ·

267 4236 472 4306 ρίνθων
519 4239 963 4310 Ἀριστοτέλους⁹
1027 4241 1173 4296 οὓτω
1233 4243 1342 4312 γὰρ
1393 4243 1506 4311 ἐγὼ
1545 4245 1696 4297 καλώ
1743 4247 1843 4308 τὰς

265 4330 486 4381 ἐκείνου
516 4331 730 4398 σοφίας,
757 4335 852 4385 καὶ
879 4333 1107 4400 πλοκὰς,
1138 4328 1228 4396 αἷς
1265 4336 1334 4389 τὰ
1351 4337 1547 4390 ἑαυτοῦ
1572 4339 1842 4407 περιϐάλ-

264 4425 404 4486 λων,
445 4423 655 4495 ἐργώδη
709 4430 994 4481 κατανοεῖν
1032 4427 1412 4500 ἀπεργάζεται
1433 4445 1448 4460 ο
1480 4430 1756 4502 ἐξηγητὴν
1785 4431 1842 4486 δὲ

1939 1958 2114 2008 tarum
2148 1955 2350 2008 chorus
2388 1953 2622 2020 quadam
2673 1952 2806 2004 artis
2837 1948 3058 2004 licet'ttia
3085 1945 3260 2014 lingit,
3291 1953 3347 1996 et
3367 1958 3522 1995 com-

1941 2045 2282 2107 miniscitur,
2333 2045 2400 2098 ad
2454 2045 2792 2112 voluptatem
2826 2042 3156 2110 plerumque
3198 2035 3523 2105 respiciens,

1937 2151 2130 2206 parum
2157 2147 2338 2190 autem
2369 2136 2658 2190 veritatem
2690 2149 2913 2189 curans.

2010 2227 2153 2292 Haec,
2187 2238 2239 2282 et
2273 2228 2632 2296 cogitationes
2677 2227 2745 2282 de
2790 2226 2972 2280 reditu
3010 2224 3068 2278 in
3119 2223 3352 2294 patriam
3403 2236 3528 2293 gra:

1938 2320 2078 2374 viter
2121 2319 2298 2388 ipsum
2354 2317 2680 2373 turbabant.
2723 2317 2792 2371 Et
2839 2315 3064 2386 quidem
3105 2313 3287 2368 redire
3315 2313 3523 2376 statim,

1940 2408 2153 2462 tametsi
2205 2407 2362 2462 facile
2421 2408 2762 2477 perspiceret.
2815 2421 2921 2460 suo
2959 2405 3216 2461 conferre
3266 2404 3522 2474 negotio,

1937 2516 2086 2555 nunc
2124 2501 2202 2554 illi
2251 2510 2370 2555 erat
2404 2500 2808 2555 difﬁcillimum.
2840 2498 3017 2553 Pedes
3045 2499 3193 2552 enim
3224 2496 3520 2567 oportebat

1939 2607 2114 2662 usque
2148 2592 2364 2645 Anaeam
2399 2592 2583 2645 denuo
2613 2591 2719 2644 iter
2739 2605 2924 2662 agere.
2949 2590 3220 2644 Prazterea
3243 2595 3522 2668 sumptus,

1936 2684 2028 2754 qui
2062 2699 2171 2738 non
2201 2684 2377 2738 solum
2413 2698 2524 2737 non
2558 2691 2718 2737 erant
2755 2682 2834 2738 illi
2863 2681 2934 2735 ad
2970 2681 3074 2736 iter
3105 2696 3202 2750 per
3233 2691 3436 2733 terram
3470 2687 3526 2733 et

1937 2789 2109 2838 mare,
2163 2773 2258 2828 sed
2309 2790 2484 2843 neque
2535 2773 2602 2826 ad
2652 2787 2879 2841 parcum
2922 2781 2976 2825 et
3016 2785 3317 2840 pauperem
3356 2769 3522 2822 trium

1937 2868 2148 2922 dierum
2199 2867 2424 2931 victum,
2473 2882 2634 2920 nemo
2685 2865 2816 2919 foris
2860 2863 3286 2933 suppeditabat,
3342 2877 3523 2930 neque

1936 2975 2038 3029 pro
2077 2959 2356 3027 impendio
2400 2957 2664 3012 auxilium
2707 2955 3003 3023 pnebebat.
3047 2955 3234 3022 itaque
3295 2951 3526 3006 vexabat

1936 3068 2060 3108 eum
2119 3053 2235 3110 bare
2268 3053 2453 3122 inopia
2485 3051 2734 3114 consilii,
2786 3050 3173 3117 retinebatque
3205 3049 3385 3116 ipsum
3420 3046 3520 3100 Ni-

1943 3161 2089 3210 σωκ,
2136 3147 2214 3200 uti
2271 3145 2574 3200 vinculum.
2632 3143 2838 3198 Deinde
2871 3158 2980 3196 non
3020 3141 3193 3194 multo
3236 3148 3359 3207 post
3409 3139 3526 3192 haec

1945 3247 2212 3308 tempore,
2262 3254 2512 3307 magnam
2571 3239 2814 3308 Byzantii
2863 3238 3056 3291 urbem
3110 3237 3256 3289 Deus
3314 3232 3528 3286 Latinis

1940 3331 2194 3387 auferens
2239 3331 2446 3388 Graecis
2483 3319 2669 3386 reddit
2715 3332 2850 3402 (20).
2903 3329 3155 3398 Cumque
3211 3328 3521 3394 imperator

1940 3421 2301 3480 intellexisset
2359 3423 2730 3492 Acropolitam
2789 3422 2903 3492 t2!)
2961 3420 3371 3491 (Georgium),
3428 3416 3522 3484 qui

1941 3523 2071 3568 tunc
2118 3514 2327 3569 ceteris
2368 3513 2677 3568 eruditione
2732 3514 2781 3583 7
2829 3511 3179 3582 przecellebat
3223 3550 3238 3574 ,
3293 3508 3525 3562 moleste

1940 3605 2083 3661 ferre
2107 3608 2251 3677 quod
2289 3608 2592 3661 litterarum
2629 3607 2850 3676 squalor
2901 3605 2954 3658 in
3004 3604 3288 3658 hominum
3329 3600 3526 3654 animis

1942 3701 2297 3770 praevaleret,
2341 3709 2399 3754 et
2441 3701 2603 3769 hujus
2649 3701 2724 3753 rei
2772 3697 3126 3752 miseratione
3189 3702 3522 3749 commotum

1943 3793 2081 3847 velle
2117 3808 2232 3862 vpro
2288 3792 2429 3846 virili
2485 3807 2646 3859 opem
2700 3807 2857 3845 suam
2915 3799 3214 3858 praestare,
3267 3786 3526 3840 civilibus

1943 3884 2120 3954 ipsum
2149 3885 2298 3937 curis
2321 3883 2598 3946 liberavit,
2633 3899 2696 3937 ac
2725 3883 2987 3951 adjuvare
3019 3879 3275 3949 permisit
3306 3896 3319 3930 :
3346 3893 3521 3945 seque

1945 3979 2035 4032 ille
2070 3986 2316 4046 paratum
2350 3976 2690 4031 exhibuitiis
2717 3977 3000 4040 omnibus,
3036 3976 3130 4044 qui
3175 3973 3367 4026 audire
3398 3987 3525 4027 eum

1944 4071 2174 4136 vellent,
2220 4070 2568 4140 magistrum.
2598 4069 3074 4137 lnterpretabatur
3111 4076 3298 4120 autem
3325 4066 3530 4120 Aristo-

1944 4163 2069 4218 telis
2110 4163 2451 4233 labyrinthos
2489 4163 2612 4216 :sic
2645 4162 2792 4216 enim
2841 4165 3163 4215 obscuriora
3197 4161 3318 4230 ejus
3355 4160 3526 4221 dicta.

1943 4265 2000 4312 et
2052 4257 2440 4326 perplexitates
2484 4256 2718 4325 appello,
2773 4255 2977 4323 quibus
3024 4255 3352 4308 documenta
3425 4270 3526 4308 sua

1945 4348 2255 4411 involvens.
2313 4348 2594 4402 intellectu
2643 4347 2921 4400 dillicilem
2954 4363 3013 4401 se
3045 4346 3246 4401 reddit.
3278 4347 3531 4414 Expone-

1947 4440 2230 4494 bat'etiam
2257 4454 2599 4510 quaecunque
2646 4439 2904 4494 Euclides
2937 4448 2992 4490 et
3023 4439 3387 4494 Nicomachus
3408 4455 3528 4508 spe—

269 4519 374 4570 xai
405 4517 511 4570 τῶν
540 4518 827 4573 Εὐκλείδου
863 4521 959 4574 καὶ
1010 4520 1324 4593 Νικομάχου
1349 4524 1448 4576 ὅσα
1485 4523 1839 4595 τεθεωρήκα-

1945 4531 2109 4585 colati
2161 4538 2310 4592 sunt,
2351 4546 2584 4599 quorum
2636 4529 2850 4598 primus
2904 4539 3236 4599 geometras,
3270 4529 3528 4585 Nicoma-

270 4630 362 4666 σιν
391 4614 558 4679 οὗτοι,
594 4619 623 4668 ό
659 4619 758 4686 μὲν
798 4619 1141 4689 γεωμέτρας,
1165 4619 1484 4689 Νικόμαχος
1517 4620 1575 4673 δὲ
1599 4619 1843 4692 ἀριθμησ

269 4710 465 4771 τικούς
503 4708 932 4771 ἐκδιδάσκοντες.
987 4710 1289 4781 Σννέρῤεον
1339 4711 1478 4780 πρὸς
1529 4713 1696 4766 αὐτὸν
1745 4713 1845 4764 οὐκ

189 4828 196 4832 ε
269 4802 450 4870 ὀλίγοι
479 4802 640 4872 ἔρωτι
673 4802 922 4864 παιδείας
955 4803 1259 4872 ἑλκόμενοι.
1286 4802 1580 4872 Ἦπείγετο
1618 4805 1709 4857 καὶ
1761 4806 1845 4858 ὅδε

276 4897 548 4961 νεώτατος
591 4897 688 4966 μὲν
725 4895 820 4949 τοῦ
874 4896 1038 4966 χοροῦ
1064 4937 1081 4958 ,
1135 4896 1482 4950 πλεονεκτεῖν
1509 4897 1566 4950 δὲ
1589 4898 1756 4951 αὐτοῦ
1787 4901 1846 4952 ὲν

270 4993 345 5059 τῇ
396 4989 721 5060 μαθήματος
760 4991 1062 5060 καταλήψει
1115 4991 1237 5044 οὐδὲ
1290 4991 1399 5043 τῶν
1459 4990 1848 5060 πρεσϐυτέρων

272 5081 627 5151 παραχωρῶν
649 5082 848 5137 οὐδενί.
892 5082 1003 5149 Τῆς
1032 5083 1213 5135 τοίνυν
1271 5080 1691 5149 συλλογιστικῆς
1754 5080 1849 5132 καὶ

269 5177 607 5245 ἀναλυτικῆς
665 5176 846 5238 καλῶς
903 5177 982 5247 τῷ
1019 5169 1326 5246 διδασκάλῳ
1392 5175 1846 5246 σαφηνισθείσης,

271 5272 350 5332 ὼς
384 5270 623 5340 ἐπῆλθεν
662 5267 815 5338 αὐτῷ
853 5269 949 5322 καὶ
1003 5272 1082 5332 είς
1123 5273 1190 5322 τὰ
1241 5271 1338 5336 τῆς
1381 5270 1682 5337 ῥητορικῆς
1721 5267 1849 5330 τοὺς

269 5365 544 5433 ὁμιλητάς
565 5362 911 5430 ὲμῦιόάζειν,
954 5362 1084 5432 πρίν
1111 5378 1234 5414 τινα
1273 5361 1530 5430 δεύτερον
1555 5362 1663 5413 τῶν
1703 5360 1851 5430 Ἀρι-

273 5454 603 5509 στοτελικῶν
630 5454 856 5524 βαθμῶν
895 5455 1197 5523 ὶπιχειρεῖν
1225 5451 1562 5515 ἀναϐαίνειν,
1613 5453 1850 5506 ἐνταῦθα

271 5546 648 5617 τούναντίονῆ
682 5545 954 5614 πρότερον
995 5547 1123 5614 περὶ
1183 5544 1278 5598 τὸν
1332 5545 1566 5607 ἐκείνοις
1622 5545 1849 5614 ἄριστον

270 5646 487 5696 τουτονὶ
547 5643 795 5711 ὑπῆρχεν
837 5639 992 5710 όρᾷν.
1053 5637 1144 5692 Ἐν
1193 5640 1301 5708 γὰρ
1340 5642 1460 5703 ταῖς
1516 5641 1851 5707 γυμνασίαις

270 5738 396 5791 καθ’
429 5737 495 5798 ἃς
527 5736 635 5788 ἔδει
658 5735 971 5805 γράφοντας
1003 5731 1413 5786 ἐπιδείκνυσθαι
1444 5731 1540 5801 τὴν
1574 5735 1702 5801 περὶ
1732 5732 1849 5784 τόδε

269 5833 374 5902 τῆς
404 5830 584 5902 ψυχῆς
615 5829 1055 5900 ἐπιτηδειότητα,
1092 5829 1292 5891 πάντες
1331 5828 1430 5897 μὲν
1464 5827 1628 5881 αὐτοὶ
1666 5827 1848 5897 κρείτ-

1951 4623 2090 4676 chus
2121 4631 2304 4676 autem
2341 4623 2565 4676 instruit
2590 4621 2973 4676 arithmeticos
3011 4638 3026 4676 :
3070 4621 3528 4690 confluebantquc

1950 4715 2016 4768 ad
2067 4715 2244 4783 ipsmu
2276 4730 2385 4770 non
2424 4715 2606 4784 pauci,
2647 4713 2981 4768 eruditionis
3021 4728 3211 4767 amore
3241 4713 3525 4781 pertracti.

1950 4806 2255 4862 Festinavit
2303 4807 2469 4877 igitur
2515 4815 2571 4860 et
2625 4806 2728 4860 iste
2773 4806 2930 4858 chori
2983 4805 3128 4858 illius
3173 4805 3526 4862 noviSsimus.

1951 4899 2202 4969 superari
2245 4914 2305 4954 se
2348 4899 2405 4952 in
2451 4898 2809 4953 scientiarum
2856 4897 3206 4951 assecutione
3237 4911 3266 4948 a
3298 4911 3528 4963 provec-

1951 4993 2155 5047 tiorum
2183 4991 2404 5045 neruine
2431 4990 2775 5060 permittens.
2817 4988 3002 5057 Itaque
3034 4987 3372 5058 syllogistica
3409 4999 3528 5041 arte

1951 5093 2006 5138 et
2047 5081 2315 5157 analytica
2360 5084 2493 5137 satis
2520 5099 2548 5135 a
2581 5081 2841 5150 magistro
2868 5079 3142 5149 exposita,
3183 5089 3240 5132 ut
3275 5081 3324 5132 ei
3361 5079 3531 5132 disci-

1952 5175 2114 5246 pulos
2163 5175 2440 5229 rbetorica
2488 5174 2735 5226 imbuere
2788 5171 2843 5224 in
2873 5181 3112 5225 mentem
3143 5172 3317 5234 venit,
3353 5171 3532 5240 prius-

1952 5286 2116 5339 quam
2182 5271 2249 5324 ad
2309 5269 2477 5324 alium
2521 5268 2760 5336 aliquem
2808 5283 2872 5321 ex
2924 5267 3295 5322 Aristotelicis
3342 5267 3530 5335 gradi-

1953 5365 2058 5418 bus
2099 5363 2211 5432 (22)
2263 5377 2356 5416 eos
2404 5361 2641 5414 evehere
2693 5359 3006 5428 inciperet,
3061 5360 3402 5414 contrarium
3468 5376 3531 5414 ac

1953 5466 2114 5511 antea
2167 5455 2312 5508 circa
2369 5469 2496 5508 eum
2544 5454 2636 5522 qui
2685 5453 2829 5507 inter
2885 5454 3021 5508 alios
3073 5454 3319 5518 Optimus
3373 5465 3529 5516 erat,

1954 5546 2229 5617 apparuit.
2290 5544 2868 5599 lnexcrcitationibus
2923 5544 3112 5606 enim,
3168 5546 3374 5612 quihus
3430 5559 3527 5597 cos

1954 5639 2244 5707 oportebat
2289 5635 2494 5707 ingenii
2539 5635 2623 5690 sui
2677 5635 3036 5703 rapacitatem
3085 5635 3293 5703 scripto
3338 5645 3532 5686 ostiu-

1954 5731 2107 5791 dere.
2149 5742 2344 5784 omnes
2389 5728 2483 5781 illo
2533 5726 2847 5795 superiores
2898 5737 3075 5793 erant,
3121 5728 3399 5797 ipse.\cro
3429 5743 3523 5781 nc-

1903 5860 1907 5865 -
1958 5823 2090 5880 mini
2150 5819 2459 5894 praestabat.
2512 5817 2682 5890 Cujus
2739 5817 2822 5874 rei
2876 5818 3108 5877 fortasse
3161 5834 3326 5875 causa
3383 5828 3525 5884 erat.
