3838 6362
328 334 399 395 27
1324 329 1583 389 GEORG
1600 329 1652 386 ll
1695 328 1910 389 CYPRl

2018 324 2103 391 2P.
2144 324 2423 389 PATRIA
2437 325 2659 385 ΗΟΗᾸΞ

241 453 251 461 '
330 438 480 510 quod
543 438 589 493 is
639 451 764 492 cum
820 438 1226 493 Aristotelicam
1285 439 1695 509 philosophiam
1752 437 1911 493 valde

2018 455 2141 501 τους
2171 432 2335 508 ἦσαν,
2392 438 2556 493 αὖτἰς
2599 437 2655 491 δὲ
2684 436 2990 508 ὑπέρτερος
3014 434 3250 499 οὐδενός.
3285 436 3359 488 Τὸ
3384 434 3430 488 δ’
3453 435 3588 497 ἴσως

329 537 563 593 amaret,
605 538 659 583 et
698 527 826 582 huic
862 543 922 582 se
950 530 1128 598 ipsum
1164 531 1483 594 addixisset,
1523 532 1896 587 Aristotelem-

329 637 438 691 que
493 636 659 692 supra
703 636 896 676 omnes
940 623 1079 675 alios
1105 622 1463 690 philosophos
1491 625 1549 694 8
1578 625 1902 687 honoraret,

328 716 517 767 mith
566 714 926 776 rhetoricam,
963 714 1271 768 industrius
1304 714 1431 768 licet
1456 725 1602 770 esset
1643 718 1900 783 scriptor,

327 807 523 860 audire
540 808 782 861 curavit:
806 807 1054 876 adeoque
1072 820 1264 862 ornate
1283 809 1491 873 dicere,
1516 810 1904 879 rhetoremque

288 886 489 966 agere
538 899 614 953 illi
666 915 812 954 curat
863 916 973 954 non
1026 911 1165 955 erat.
1213 902 1321 956 Sed
1370 904 1474 958 hoc
1506 903 1583 957 illi
1613 918 1761 958 cura:
1791 918 1901 957 non

326 990 453 1050 fuit,
499 990 676 1044 donec
722 994 843 1059 ejus
873 993 1238 1063 condiscipuli
1263 994 1633 1057 quiescerent,
1667 1009 1731 1050 ac
1762 1010 1905 1049 non-

325 1082 456 1135 dum
493 1084 698 1151 apertis
728 1085 974 1140 dicteriis
1015 1087 1503 1153 morderenteum,
1541 1104 1605 1143 ac
1634 1088 1805 1143 veluti
1835 1088 1902 1143 ad

326 1175 453 1227 talia
506 1177 751 1246 ineptum
794 1180 1171 1235 traducerent.
1202 1180 1498 1256 Postquam
1532 1196 1664 1237 vero
1697 1183 1733 1238 ii
1766 1198 1902 1237 con-

327 1276 406 1320 tm
455 1268 633 1337 ipsum
680 1273 939 1326 commoti
971 1283 1118 1335 sunt.
1147 1282 1203 1328 et
1245 1276 1605 1345 opprobrium
1636 1277 1757 1345 ejus
1786 1293 1904 1330 uta-

329 1358 586 1411 nil'estum
642 1360 848 1415 factum
894 1374 1012 1427 est,
1062 1365 1171 1419 late
1218 1380 1410 1435 sparso
1462 1383 1725 1432 rumore;
1765 1368 1905 1421 hanc

328 1464 436 1502 non
477 1453 601 1505 tulit
632 1453 723 1507 ille
756 1454 1129 1519 insolentiam,
1159 1473 1252 1511 seu
1282 1460 1464 1528 potius
1496 1470 1902 1529 contemptum,

326 1558 450 1594 rum
478 1545 561 1595 sui
604 1553 750 1599 esset
791 1547 1018 1603 honoris
1049 1552 1483 1619 amantissimus,
1512 1565 1565 1606 et
1589 1553 1899 1621 zelotypus.

329 1633 467 1686 lluic
493 1635 679 1687 studio
713 1653 773 1691 se
809 1649 982 1693 totum
1022 1641 1267 1707 tradidit,
1302 1643 1409 1698 sibi
1443 1644 1735 1713 magistros
1767 1660 1903 1699 con-

325 1726 582 1791 stituens,
602 1744 708 1782 nou
730 1746 871 1799 quos
890 1733 970 1787 illi
995 1733 1291 1797 habebant,
1312 1747 1735 1804 corrumpcntes
1751 1734 1899 1804 quod

3512 324 3586 386 23

2012 527 2203 591 αἴτιον,
2262 529 2345 582 ὅτι
2407 527 2508 592 τῆς
2546 527 2991 597 Μριπατητικῆς
3051 526 3379 596 φιλοσοφίας
3440 528 3586 595 ἄγαν

2010 620 2172 693 ἐρῶν,
2205 621 2300 673 καὶ
2326 619 2500 690 ταύτῃ
2526 619 2719 673 ἑαυτὸν
2752 620 3068 687 ὲπινείμας,
3108 618 3495 689 Ἀριστοτέλην
3524 638 3585 673 τε

2007 712 2082 774 ὼς
2114 711 2309 765 ούδένα
2339 712 2647 779 φιλοσόφων
2704 711 3007 775 ἐκθειάζων
3041 711 3152 764 τῶν
3187 710 3385 773 ἄλλων,
3419 706 3587 783 ¹ἧττον

2006 803 2106 874 τὴν
2129 804 2429 876 ῥητορικὴν
2449 804 2627 872 δεξιὸς
2657 805 2753 858 καὶ
2773 804 3118 873 λογογράφος
3145 805 3369 859 ἀκούειν
3392 807 3594 876 ὲφρόν-

2007 898 2156 963 τιζιο
2186 899 2283 953 καί
2309 916 2373 967 γε
2407 901 2559 969 αὐτῷ
2591 901 2682 955 διὰ
2731 901 2908 954 ταῦτα
2943 901 3374 973 κεκομψευμένα
3424 902 3594 971 ἐξαγ-

2007 989 2223 1054 γέλλειν
2242 992 2338 1044 καὶ
2374 991 2699 1062 ῥητορεύειν
2738 993 2839 1044 οὐκ
2880 992 3097 1063 ἔμελεν.
3163 993 3309 1047 ‘AD.’
3339 994 3441 1046 οὐκ
3462 994 3595 1062 έμε-

2005 1080 2119 1144 λεν,
2151 1081 2256 1145 ἕως
2279 1083 2468 1136 καὶτὰ
2497 1083 2608 1137 τῶν
2635 1084 3024 1154 συμφοιτητῶν
3046 1084 3275 1154 ἠρέμει,
3309 1085 3406 1139 καὶ
3433 1085 3595 1139 οῦπω

2008 1173 2258 1238 πλατέως
2299 1175 2466 1229 αὐτὸν
2523 1177 2820 1242 σκώπτειν,
2868 1178 2963 1230 καὶ
3008 1178 3287 1247 διασύρειν
3331 1178 3407 1240 ὡς
3444 1180 3595 1249 ἀφυῆ

2008 1269 2137 1336 περὶ
2167 1268 2235 1321 τὰ
2263 1268 2488 1322 τοιαῦτα
2516 1269 2795 1337 ἑξήγοντο.
2843 1270 3004 1323 Ἐπεὶ
3053 1269 3111 1322 δὲ
3158 1271 3469 1341 κεκίνηντο,
3499 1287 3592 1325 κει

2004 1362 2032 1413 ό
2070 1359 2274 1422 ὄνειδος
2304 1360 2559 1431 λαμπρὸς
2586 1358 2657 1433 ἦν
2686 1365 2780 1416 ἐπὶ
2813 1364 2950 1417 πολὺ
2977 1367 3068 1419 τοῦ
3095 1366 3260 1434 λόγου
3282 1366 3594 1436 διαδιδομέ-

2006 1463 2120 1515 νου,
2152 1451 2355 1505 δδόθκ
2410 1454 2663 1523 ἠνείχετο
2716 1455 2812 1508 τοῦ
2875 1459 3249 1528 φρονήματος,
3312 1459 3347 1529 ἢ
3388 1459 3596 1529 μᾶλλον

2006 1543 2185 1596 εἰπεῖν
2211 1540 2306 1595 τοῦ
2335 1548 2857 1616 καταφρονήματος,
2898 1549 3185 1619 φιλότιμος
3210 1550 3287 1604 ὢν
3322 1553 3381 1614 ὲς
3422 1552 3598 1618 ὑπερ⁹

2006 1636 2193 1704 σολὴν,
2225 1637 2343 1707 ἅμα
2368 1637 2426 1691 δὲ
2459 1641 2556 1694 καλ⁵
2613 1641 2942 1713 ζηλότυπος.
3008 1646 3343 1717 Ἐπαφίησιν
3398 1646 3595 1699 ἑαυτὸν

2005 1728 2070 1796 τῇ
2104 1726 2303 1799 μελέτῃ
2337 1728 2532 1803 ταύτῃ.
2562 1731 2924 1797 διδασκάλους
2972 1736 3428 1804 προστησάμενος
3491 1733 3593 1802 οὐχ

326 1819 380 1870 in
424 1819 698 1875 rhetorica
734 1825 1027 1893 pulchrum
1060 1836 1164 1892 est,
1194 1836 1248 1881 et
1296 1829 1543 1897 ipsarum
1595 1829 1902 1883 dictionum

2018 1817 2105 1881 οῦς
2147 1820 2344 1873 ἑκεῖνοι
2378 1823 2507 1884 τοὺς
2543 1825 2969 1896 διαφθείραντας
3025 1830 3094 1884 τὰ
3128 1828 3266 1882 ἄλλα
3306 1829 3409 1881 ὅσα
3451 1827 3595 1881 καλά

324 1912 579 1979 gratiam,
613 1924 668 1967 et
695 1916 1055 1984 atticismum,
1080 1929 1136 1973 et
1166 1928 1531 1982 venustatem,
1559 1930 1615 1973 ct
1638 1921 1783 1989 quod
1823 1930 1910 1973 est

326 2018 515 2057 revera
535 2004 915 2062 Graecanicum
944 2010 1073 2063 :sed
1094 2011 1449 2080 antiquorum
1481 2013 1771 2066 rhetorum
1798 2012 1911 2067 cla-

324 2094 590 2155 rissimos.
613 2109 668 2151 et
692 2099 826 2153 artis
850 2100 1043 2170 ipsius,
1076 2110 1135 2156 ut
1161 2102 1233 2156 ita
1268 2102 1471 2169 dicam,
1513 2103 1828 2158 inventores
1851 2114 1909 2159 et

324 2192 530 2253 patres.
566 2187 726 2243 Brevi
764 2191 907 2245 alius
933 2207 1003 2245 ex
1044 2193 1155 2247 alio
1188 2194 1365 2248 l'actus
1396 2203 1503 2259 est,
1528 2209 1636 2248 non
1668 2194 1909 2263 amplius

325 2277 543 2334 derisus
586 2290 644 2335 ut
674 2291 858 2345 antea,
895 2292 951 2338 et
977 2294 1327 2354 contemptus
1382 2286 1452 2340 ab
1483 2288 1551 2341 iis
1578 2288 1908 2356 quibuscum

324 2379 465 2434 erat,
516 2386 637 2425 sese
679 2373 732 2427 in
768 2376 1114 2432 orationibus
1146 2393 1442 2443 exercens,
1472 2388 1533 2435 et
1558 2395 1651 2435 eas
1678 2395 1910 2450 compo-

324 2477 465 2517 nens
496 2479 511 2518 :
545 2465 619 2519 ita
658 2478 717 2520 ut
757 2470 943 2523 multis
976 2470 1266 2526 videretur
1304 2474 1436 2527 satis
1457 2488 1601 2538 esse,
1631 2490 1732 2543 pro
1759 2473 1910 2527 omni

324 2557 435 2610 alio
468 2558 613 2611 istud
660 2544 974 2631 exemplum
1003 2563 1274 2618 aemulari.
1311 2564 1366 2619 Si
1396 2565 1528 2635 quid
1566 2573 1747 2620 autem
1777 2580 1910 2620 vere

328 2649 556 2719 dignum
623 2653 785 2705 laude
825 2664 880 2706 et
919 2658 1271 2712 aemulatione
1305 2659 1437 2713 huic
1469 2659 1683 2713 auctori
1718 2660 1911 2714 elucu-

325 2741 489 2795 brare
543 2743 689 2797 circa
722 2746 1095 2814 eloquentiam
1131 2750 1460 2819 contigerit,
1499 2751 1785 2819 inquirere
1819 2768 1911 2802 το-

328 2834 569 2890 lcntibus
609 2837 724 2892 haec
757 2841 1065 2910 syngrapha
1100 2842 1421 2896 exhibebit:
1462 2842 1544 2897 sic
1567 2845 1715 2897 enim
1748 2858 1907 2909 voco,

327 2926 422 2996 qui
467 2942 578 2993 prae
626 2930 882 2985 manibus
914 2941 1021 2999 est,
1055 2934 1330 2989 libellum.
1364 2933 1477 2989 Cur
1507 2950 1641 2989 vero
1677 2949 1906 3005 operum

326 3034 620 3075 numerum
662 3039 771 3077 non
820 3026 1057 3087 auxerit,
1102 3027 1197 3080 alii
1233 3028 1458 3097 quidem
1491 3027 1654 3081 aliam
1683 3042 1904 3081 causam

325 3110 540 3177 dicunt,
586 3122 641 3167 et
691 3129 813 3166 eam
846 3116 1081 3185 quilibet
1123 3118 1284 3171 allert
1319 3132 1483 3187 quam
1509 3116 1644 3169 vult.
1679 3115 1783 3182 Qui
1812 3131 1908 3170 au-

330 3305 547 3364 tempus
595 3298 797 3367 quietis
856 3313 1052 3353 revera
1106 3299 1517 3355 brevissimum.
1574 3299 1766 3355 Studia
1816 3315 1914 3370 ag-

330 3401 554 3456 gressus
582 3400 687 3457 est,
716 3405 843 3446 cum
867 3407 1073 3445 annum
1097 3402 1285 3463 ageret
1310 3393 1641 3448 vicesimum
1669 3402 1911 3460 sextum;

332 3480 498 3553 desiit
529 3498 658 3539 vero
684 3467 846 3541 natus
871 3502 1047 3542 annos
1081 3498 1191 3542 tres
1218 3503 1283 3543 ac
1312 3487 1534 3558 triginta
1562 3488 1699 3559 (23).

406 3753 762 3810 Postmodum
810 3772 945 3813 vero
990 3759 1311 3828 huiusmodi
1373 3775 1543 3831 opera
1589 3762 1916 3818 elucubrare

336 3850 741 3919 prohibuerunt
769 3854 970 3920 partim
998 3854 1066 3909 de
1097 3854 1206 3909 vita
1259 3854 1486 3909 timores
1511 3894 1526 3919 ,
1570 3869 1709 3925 quos
1749 3856 1825 3910 illi
1861 3865 1918 3911 et

335 3939 462 3995 aliis
494 3942 679 3995 multis
709 3942 1015 3998 intulerunt
1062 3945 1206 3999 circa
1237 3946 1493 4016 dogmata
1526 3946 1830 4011 innovatio,
1863 3957 1920 4001 et

336 4032 431 4103 qui
472 4034 793 4101 supervenit
834 4035 1090 4091 Ecclesiae
1138 4037 1301 4092 turbo
1329 4038 1465 4107 (ΞΑ),
1496 4040 1695 4107 partim
1747 4038 1915 4092 animi

334 4142 507 4191 curae,
542 4127 597 4181 in
628 4142 765 4196 quas
795 4128 961 4183 modo
1012 4128 1175 4185 dictis
1221 4130 1515 4185 timoribus
1541 4132 1756 4193 solutis,
1791 4146 1921 4200 per-

339 4228 549 4273 tractus
581 4227 636 4272 et
659 4219 893 4274 traditus
913 4229 997 4273 est
1019 4219 1131 4290 (25)
1157 4238 1169 4274 :
1201 4236 1389 4275 secum
1422 4230 1684 4289 reputans
1716 4221 1914 4275 mirum

336 4311 475 4377 fore,
510 4311 557 4366 si
596 4310 759 4365 vitam
785 4310 1021 4381 negotiis
1051 4325 1279 4366 vacuam
1307 4313 1495 4366 vivere
1532 4320 1753 4382 posset,
1785 4327 1922 4382 qua-

336 4405 445 4459 lem
489 4403 858 4474 philosopho,
897 4406 1062 4473 eique
1103 4404 1302 4469 libero,
1324 4407 1624 4461 convenire
1679 4406 1918 4462 diceres.

2013 1915 2078 1984 τῇ
2120 1915 2412 1986 ῥητορικῇ,
2447 1918 2544 1971 καὶ
2576 1919 2763 1987 μέντοι
2806 1920 2909 1989 τῆς
2957 1920 3156 1985 λέξεως
3186 1920 3359 1990 αὐτῆς
3406 1921 3468 1971 τὸ
3493 1919 3597 1988 χά-

2013 2021 2150 2073 ριεν,
2185 2007 2279 2059 καὶ
2307 2006 2577 2075 Ἀττικὸν,
2612 2012 2703 2064 καὶ
2732 2013 2954 2083 σεμνὸν,
3008 2013 3102 2065 καὶ
3144 2012 3314 2075 ὅντως
3346 2010 3596 2080 Ἐλληνι-

2011 2096 2128 2160 κῆν,
2158 2098 2284 2161 τοὺς
2321 2099 2368 2151 δ’
2409 2101 2882 2166 ἐπιφανεστάτους
2933 2104 3045 2157 τῶν
3102 2105 3272 2158 πάλαι
3321 2106 3593 2174 ρητόρων,

2010 2188 2104 2241 καὶ
2129 2190 2227 2258 τῆς
2267 2190 2485 2262 τέχνης,
2514 2192 2588 2255 ὡς
2619 2196 2815 2254 εἰπεῖν.
2839 2197 3140 2266 ἐφευρετὰς
3185 2197 3279 2249 καὶ
3319 2197 3589 2265 πατέρας.

2010 2281 2221 2334 Θᾶττον
2244 2281 2438 2351 ἔτερος
2470 2285 2697 2352 γέγονεν
2738 2286 2796 2353 ἐξ
2846 2289 3060 2358 ἑτέρου,
3093 2287 3349 2342 τοσοῦτον
3376 2291 3437 2341 οὐ
3482 2289 3597 2342 δια-

2010 2374 2322 2442 γελώμενος
2353 2376 2429 2438 ὡς
2460 2377 2521 2429 τὸ
2547 2377 2839 2448 πρότερον,
2871 2394 2965 2433 και
2992 2382 3495 2451 περιφρονούμενος
3535 2383 3597 2433 ὲν

2009 2458 2091 2524 οἷς
2113 2463 2377 2533 ἐτύγχανε
2399 2465 2594 2534 λόγους
2623 2469 2965 2540 ἐπιτηδεύων
2992 2471 3087 2524 καὶ
3110 2470 3381 2533 συντιθείς
3403 2488 3418 2503 ο
3448 2470 3593 2523 ὥστε

2012 2556 2105 2607 καὶ
2139 2556 2357 2621 πολλοῖς
2396 2558 2545 2625 δόξαι
2574 2559 2696 2614 ἀνθ’
2744 2562 2937 2632 ἑτέρου
2973 2563 3177 2626 παντὸς
3209 2559 3595 2633 παραδείγμα-

2009 2663 2102 2710 τος
2147 2648 2421 2717 ζηλοῦντα
2450 2652 2548 2704 τοῦ
2580 2652 2637 2706 δὲ
2672 2654 2887 2724 ἀρκεῖν.
2946 2655 3008 2708 Εἰ
3046 2654 3147 2725 μὲν
3174 2654 3268 2709 οὖν
3298 2658 3393 2709 καὶ
3421 2656 3591 2724 ζήλου

2003 2739 2130 2797 ,ταῖς
2186 2739 2473 2809 ἀληθείαις
2527 2741 2682 2806 ἄξιον
2733 2744 2830 2797 καὶ
2890 2744 3050 2813 λόγου
3083 2744 3213 2815 περὶ
3242 2747 3370 2807 τοὺς
3397 2745 3596 2814 λόγους

2011 2831 2293 2899 ἐξεγένετο
2328 2835 2678 2906 κατορθῶσαι
2714 2837 2792 2906 τῷ
2842 2843 3178 2910 συγγραφεῖ,
3224 2841 3322 2912 ἥδε
3349 2858 3595 2915 πουπα-

2012 2926 2277 2993 ραστήσει
2327 2927 2440 2989 τοῖς
2471 2925 2752 2992 ἔξετάζειν
2806 2928 3220 3002 βουλομένοιςή
3271 2932 3591 3001 συγγραφή.

2012 3012 2181 3065 Καλῶ
2225 3014 2335 3084 γὰρ
2383 3014 2529 3069 οὕτω
2565 3016 2664 3070 νῦν
2693 3017 2792 3090 τὴν
2831 3020 2936 3072 ἀνὰ
2966 3022 3157 3089 χεῖρας
3197 3021 3448 3074 πυκτίδα.
3484 3021 3597 3075 Τοῦ

2012 3103 2070 3157 δὲ
2090 3107 2169 3167 είς
2210 3106 2383 3159 πολὺν
2410 3108 2502 3161 τὸν
2537 3107 2646 3161 τῶν
2677 3111 3010 3179 πονημάτων
3048 3111 3284 3181 ἀριθμὸν
3317 3113 3391 3181 μὴ
3416 3115 3599 3166 ἐκτετ-

212 3266 231 3271 ”
329 3213 438 3259 tem
486 3204 544 3275 9
575 3206 747 3275 probe
795 3208 976 3277 ipsum
1032 3218 1324 3272 noverant,
1375 3224 1503 3264 eum
1536 3208 1724 3263 dicere
1757 3210 1913 3265 aiunt

2018 3210 2106 3249 ναι
2128 3195 2276 3249 ἄλλοι
2307 3196 2405 3265 μὲν
2434 3197 2604 3264 ἄλλην
2625 3198 2876 3261 λέγουσιν
2900 3201 3081 3254 αίτίαν
3102 3219 3116 3234 ’
3146 3202 3237 3255 καὶ
3270 3202 3381 3271 γὰρ
3405 3202 3599 3289 λόγου·

2018 3302 2102 3339 σιν
2135 3287 2205 3359 ἢν
2234 3288 2463 3351 ἕκαστος
2489 3288 2740 3358 βούλεται
2762 3306 2778 3323 ⁸
2830 3293 2994 3353 αὑτὸν
3027 3294 3086 3347 δὲ
3139 3294 3372 3363 φάσκειν
3427 3287 3601 3363 φασὶν

2015 3378 2069 3432 οἴ
2096 3379 2147 3446 γ’
2174 3378 2421 3449 ἀκριϐῶς
2451 3383 2663 3435 ἑκείνον
2692 3382 2924 3447 ειδότες,
2950 3386 3042 3438 τὸν
3070 3390 3267 3456 χρόνον
3288 3384 3429 3441 εἶναι
3458 3387 3599 3456 βρα-

2015 3472 2249 3543 χύτατον
2272 3471 2402 3525 δντα
2422 3475 2512 3526 τὸν
2535 3474 2638 3544 τῆς
2666 3476 2931 3540 ἀνέσεως.
2963 3478 3230 3531 Ἐπέσαλε
3267 3482 3366 3549 μὲν
3394 3475 3487 3533 οῦν
3524 3483 3597 3551 τῇ

2019 3566 2222 3635 σπουδῇ
2257 3566 2418 3620 ἕκτον
2467 3570 2567 3623 καὶ
2621 3570 2873 3623 εἰκοστὸν
2933 3568 3075 3641 έχων
3130 3571 3287 3631 ἔτος·
3345 3573 3503 3641 mea
3538 3574 3601 3628 δὲ

2016 3660 2343 3727 τριακοστὸν
2366 3660 2515 3728 ἄγων
2542 3662 2639 3714 καὶ
2667 3662 2875 3733 τρίτον.

2088 3751 2237 3804 res:
2270 3751 2397 3822 ἑξῆς
2436 3753 2662 3807 τοιαῦτα
2701 3760 2909 3817 πονεῖν.
2959 3757 3120 3811 τοῦτο
3156 3758 3255 3827 μὲν
3298 3758 3347 3810 oi
3383 3758 3508 3828 περὶ
3538 3760 3601 3813 τὸ

2021 3839 2122 3911 ζῇν
2159 3838 2429 3911 ἀπείρξαν
2465 3842 2643 3910 φόϐοι,
2694 3844 2788 3908 οὓς
2814 3847 2964 3916 αὐτῷ
3000 3863 3059 3900 τε
3100 3850 3194 3902 καὶ
3227 3849 3443 3911 πολλοῖς
3476 3849 3606 3901 ἑτέ-

2023 3949 2139 4003 ροις
2173 3934 2205 4004 η
2234 3936 2363 4005 περὶ
2403 3934 2472 3988 τὰ
2497 3935 2747 4005 δόγματα
2779 3943 3129 4011 καινοτομία,
3161 3944 3251 3994 καὶ
3277 3944 3307 4011 ἡ
3334 3943 3433 4010 τῆς
3472 3944 3603 3996 Ἐκ-

2022 4025 2253 4096 κλησίας
2280 4027 2549 4097 ἐπέστησε
2578 4028 2741 4099 ζάλη,
2774 4029 2937 4084 τοῦτο
2966 4032 3023 4084 δὲ
3056 4035 3151 4085 καὶ
3184 4043 3214 4102 η
3265 4034 3372 4086 τῶν
3408 4034 3604 4103 ψυχῶν

2022 4118 2268 4188 φροντὶς,
2305 4122 2383 4181 είς
2408 4120 2475 4190 ἢν
2505 4121 2615 4173 τῶν
2636 4121 2951 4191 εἰρημένων
2979 4124 3181 4178 αὐτίκα
3201 4125 3384 4193 φόὸων
3415 4126 3606 4179 λυθένο

2022 4229 2152 4276 των,
2191 4212 2412 4266 ἕλκεται
2439 4215 2535 4267 καὶ
2566 4214 2927 4283 παραδίδοται
2947 4230 2959 4245 ⁸
2992 4218 3089 4269 καὶ
3142 4217 3317 4271 ταῦτα
3351 4218 3507 4283 δόξας
3543 4222 3604 4272 ιν

2022 4299 2202 4369 ἑαυτῷ
2242 4301 2354 4369 βίον
2380 4302 2722 4372 ἀπράγμονα
2750 4302 2847 4356 τοῦ
2881 4303 3073 4358 λοιποῦ
3100 4306 3368 4376 ζήσεσθαι
3390 4307 3610 4376 θαυμα-

2026 4394 2171 4458 στὸν,
2206 4389 2320 4468 οἷον
2347 4397 2534 4448 ὁποῖον
2581 4394 2650 4450 ἂν
2677 4398 2775 4450 καὶ
2801 4399 3085 4468 φιλοσόφῳ
3116 4400 3298 4454 είτουν
3325 4400 3609 4472 ἐλευθέρῳ

337 4494 419 4549 Ad
465 4510 741 4549 summum
782 4495 1220 4564 patriarcharum
1276 4497 1601 4552 conscendit
1632 4498 1913 4559 thronum,

2026 4490 2225 4556 φήσεις
2247 4489 2570 4560 προσήκειν.
2623 4491 2720 4554 Εἰς
2747 4492 2859 4561 γὰρ
2892 4492 2983 4545 τὸν
3023 4492 3331 4563 ὑπέρτατον
3359 4494 3468 4547 τῶν
3497 4510 3611 4548 πα-

339 4586 623 4658 seu,quod
677 4587 865 4643 verius
914 4596 999 4643 est
1051 4587 1256 4651 dicere,
1281 4599 1589 4659 pertractus
1626 4600 1712 4647 est
1754 4611 1767 4646 :
1807 4594 1920 4647 ha'c

338 4683 487 4737 cnim
539 4683 721 4736 omnia
762 4690 967 4752 praater
1015 4684 1136 4755 ejus
1198 4684 1492 4738 consilium
1531 4686 1679 4739 circa
1741 4686 1918 4756 ipsum

339 4782 557 4844 peracta
593 4783 742 4828 sunt.
777 4771 843 4825 Et
880 4772 933 4826 in
971 4781 1215 4843 tempora
1265 4774 1460 4829 incidit
1492 4774 1655 4830 dubia
1682 4792 1747 4829 ex
1776 4777 1922 4831 schi-

336 4866 695 4920 smaticorum
756 4864 962 4928 furore,
993 4874 1051 4921 et
1084 4866 1324 4921 uillicilia
1358 4867 1490 4937 (26),
1545 4869 1730 4939 qualia
1778 4885 1924 4925 nun-

338 4972 503 5027 quam
536 4958 712 5022 l‘uere,
748 4958 952 5028 quibus
993 4969 1176 5014 metus
1203 4961 1383 5014 omnis
1412 4962 1679 5016 relaxatio
1721 4963 1924 5032 cuique

341 5057 466 5106 data
497 5052 608 5123 (σε-ι)
632 5054 922 5123 plerosque
955 5055 1168 5124 magnis
1201 5056 1357 5109 malis
1391 5055 1588 5119 allecit,
1625 5069 1778 5110 suam
1813 5060 1927 5112 sin-

342 5144 484 5212 gulis
512 5146 872 5215 voluptatem,
898 5155 954 5200 et
982 5147 1233 5217 gloriam,
1263 5157 1318 5202 et
1342 5147 1747 5216 beueplacitum
1776 5164 1927 5219 quae-

346 5235 597 5291 rentibus
627 5252 727 5305 pro
749 5252 815 5291 eo
839 5278 854 5302 ,
884 5238 1030 5307 quod
1063 5239 1196 5293 utile
1226 5239 1449 5309 Deoque
1472 5251 1685 5309 gratum
1702 5252 1786 5296 est
1817 5259 1830 5296 :
1872 5250 1929 5295 et

345 5328 644 5384 Erclcsiam
685 5332 834 5385 omni
881 5341 1117 5385 tremore
1147 5342 1203 5386 et
1262 5334 1680 5402 perturbatione
1730 5335 1928 5403 imple-

342 5422 444 5483 vit,
479 5424 738 5478 omnibus
766 5423 823 5477 in
854 5440 919 5478 ea
969 5424 1243 5493 imperare
1271 5427 1629 5495 cupientibus
1656 5469 1671 5493 ,
1709 5431 1929 5483 nemine

334 5502 530 5571 autem
582 5532 641 5571 se
695 5517 1046 5581 submittere,
1080 5534 1145 5574 ac
1191 5518 1397 5575 diriuis
1433 5537 1627 5591 parcre
1679 5522 1927 5590 legibus;

348 5610 421 5663 ita
452 5619 511 5663 ut
540 5611 723 5664 verius
754 5620 899 5665 esset
937 5611 1072 5666 illud
1110 5613 1354 5669 Platonis
1396 5614 1652 5679 dicentis,
1673 5631 1781 5670 non
1817 5630 1933 5668 om-

353 5703 517 5757 nibus
536 5702 793 5771 cxpedire
824 5703 1159 5770 libertatem,
1181 5705 1313 5761 utile
1340 5723 1473 5761 vero
1500 5722 1621 5762 esse
1657 5709 1931 5777 aliquibus

355 5800 559 5852 serrirc
586 5805 640 5850 ct
668 5797 853 5851 vivere
886 5797 987 5852 sub
1031 5799 1226 5855 timore
1260 5801 1326 5856 ad
1362 5813 1700 5857 senectutem
1736 5819 1930 5871 usque,

2022 4583 2305 4656 τριαρχῶν
2360 4585 2710 4657 ἁνεληλυθὼς
2753 4588 2967 4659 θρόνον,
3004 4590 3037 4659 ἧ
3065 4590 3127 4643 τό
3156 4590 3208 4657 γ’
3238 4590 3611 4660 ἀληθέστερον

2022 4684 2201 4733 εἰπεῖν
2230 4682 2610 4749 ἀνελκυσθεὶς,
2646 4684 2834 4737 πάντα
2875 4686 2983 4755 γὰρ
3013 4684 3191 4738 ταῦτα
3231 4685 3382 4754 παρὰ
3413 4686 3613 4753 προαί-

2026 4791 2178 4844 ρεσιν
2224 4775 2323 4845 τὴν
2352 4775 2522 4828 αὑτοῦ
2549 4778 2801 4848 ἐπράχθη
2837 4780 2968 4848 περὶ
2999 4778 3185 4831 αὐτόν.
3240 4779 3351 4831 Καὶ
3388 4781 3612 4848 καιροῖς

2025 4866 2418 4935 ὲντετοχτικῶς
2447 4868 2901 4940 (ἐντετυχηκὼς)
2932 4870 3246 4938 ἀνωμάλως
3268 4873 3334 4924 ἐκ
3364 4873 3464 4941 τῆς
3486 4871 3604 4924 τῶν

2027 4958 2414 5027 Σχισματικῶν
2452 4961 2672 5031 μανίας,
2698 4963 2795 5015 καὶ
2821 4963 3168 5033 δυσχερέσιν,
3209 4962 3415 5024 ὁποίοις
3443 4963 3614 5029 ἄλλος

2026 5052 2305 5118 οὐδέποτε,
2341 5056 2461 5115 καθ’
2489 5054 2583 5119 οὓς
2616 5056 2800 5119 ἄνεσις
2829 5057 3037 5120 δειλίας
3072 5058 3294 5128 ἁπάσης
3325 5060 3493 5111 παντὶ⁸
3519 5056 3615 5112 60‘-

2029 5143 2209 5211 θεῖσα,
2249 5146 2374 5210 τοὺς
2412 5147 2514 5216 μὲν
2569 5147 2860 5210 πλείστους
2919 5146 3138 5210 κακίαις
3197 5148 3468 5219 μεγάλαις
3496 5149 3615 5201 an.

2029 5236 2242 5304 έζευξε,
2270 5238 2369 5307 τὴν
2410 5239 2610 5292 ἑαυτοῦ
2646 5256 2767 5292 τινα
2812 5239 3049 5294 ἕκαστον
3080 5240 3279 5311 ἡδονὴν
3312 5242 3408 5294 καὶ⁸
3439 5242 3616 5311 τιμὴν

2029 5331 2128 5385 καὶ
2153 5331 2446 5401 ἀρέσκειαν
2470 5333 2577 5402 πρὸ
2603 5332 2700 5386 τοῦ
2730 5334 3107 5402 συμφέροντος
3139 5335 3233 5387 καὶ
3262 5334 3360 5387 τοῦ
3391 5333 3466 5404 τῷ
3487 5334 3617 5405 Θεῷ

2030 5424 2318 5489 δοκοῦντος
2350 5426 2645 5495 ζητοῦντα,
2677 5428 2781 5499 τὴν
2818 5429 2877 5481 δὲ
2928 5426 3265 5494 Ἐκκλησίαν
3291 5428 3477 5498 πάσης
3510 5446 3618 5483 τα-

2037 5520 2206 5588 ραχῆς
2262 5520 2357 5572 καὶ
2407 5520 2635 5585 ἀταξίας
2691 5522 2983 5592 ἐνέπλησε,
3047 5523 3269 5576 πάντων
3326 5522 3523 5594 ἄρχειν
3554 5524 3619 5575 ἐν

2034 5612 2197 5682 αὐτῇ,
2221 5612 2315 5665 καὶ
2349 5612 2665 5684 νομοθετεῖν
2686 5612 3048 5681 ἀγαπώντων,
3105 5612 3374 5682 ἄρχεσθαι
3421 5613 3477 5665 δὲ
3515 5616 3615 5666 καὶ

2037 5706 2202 5768 θείοις
2232 5706 2421 5776 νόμοις
2452 5706 2853 5760 ὑποτάττεσθαι
2886 5706 3103 5769 οὐδενός
3124 5721 3138 5737 ο
3180 5706 3255 5767 ὡς
3282 5705 3620 5776 συμϐαίνειν

2037 5801 2131 5853 καὶ
2162 5799 2309 5871 μάλα
2359 5800 2559 5870 ἀληθὲς
2612 5802 2673 5853 τὴ
2706 5800 2799 5852 τοῦ
2852 5799 3137 5859 Πλάτωνος
3172 5795 3337 5867 εἶναι,
3367 5800 3442 5869 μὴ
3476 5800 3620 5854 πᾶσι
