3858 6460
221 355 295 419 29
1172 370 1179 375 ε
1658 346 1803 425 IV!

1912 394 1929 410 ο
2116 372 2119 377 ‘
3396 342 3470 406 3')

219 458 478 526 λυσιτελῆ
501 457 599 526 τὴν
635 453 957 525 ἐλευθερίαν
982 453 1236 521 λέγοντος
1285 448 1453 517 εἶναι,
1484 454 1791 525 συμφέρειν

1911 460 2086 531 [oet
2112 469 2365 515 mortem.
2402 460 2591 544 itaque
2616 460 2672 514 in
2705 459 2809 513 hac
2836 472 3021 511 rerum
3053 456 3470 526 perturbatione

219 554 279 609 δέ
304 570 417 606 τισι
455 552 557 618 τὴν
586 547 862 611 δουλείαν,
897 552 991 600 καὶ
1022 547 1127 600 ὑπὸ
1158 546 1327 615 φόϐον
1355 547 1456 616 ζῇν
1491 550 1654 617 μέχρι
1682 550 1785 616 γή-

223 664 334 719 ρως
375 642 543 697 αὐτοῦ
590 642 688 697 καὶ
735 641 994 695 θανάτου.
1025 639 1171 694 Ἀλλ’
1196 635 1289 693 οὖν
1322 641 1380 692 ἐν
1411 641 1636 711 τοιαύτη
1663 656 1794 708 συγ-

223 739 375 808 χύσει
406 736 759 807 πραγμάτων
781 734 861 796 είς
894 734 955 785 τὸ
992 732 1156 802 μέσον
1196 731 1565 793 συνελασθεὶς,
1614 731 1693 793 εἰς
1731 748 1791 783 τε

222 831 323 896 τὴν
349 830 552 900 ἀρχὴν,
593 827 670 890 ὡς
693 829 775 889 είς
806 825 972 895 ἄλλην
1018 824 1143 876 τινὰ
1171 823 1488 892 δυστυχίαν,
1524 824 1582 890 ἐξ
1616 822 1796 875 εὐδαί-

224 937 387 988 μονος
418 919 513 972 καὶ
555 918 835 987 μακαρίας
869 914 1017 982 ζωῆς
1047 910 1490 980 ἀποπεπτωκὼς,
1535 914 1628 966 καὶ
1655 909 1797 979 ἀφύ-

222 1029 373 1074 κτοις
396 1012 666 1077 ἀνάγκαις
690 1008 1010 1074 ὐποζυγεὶς,
1044 1001 1134 1068 αἷς
1158 1006 1259 1074 τὴν
1280 1003 1675 1058 ῦποπεσοῦσαν.
1693 1003 1796 1073 ψυ-

221 1105 326 1174 χὴν
346 1104 446 1156 οὐκ
468 1103 535 1156 ἂν
564 1099 675 1170 ἐγώ
704 1117 834 1153 ποτε
859 1099 1054 1167 λόγους
1082 1098 1296 1168 ἁξιοίην
1325 1097 1642 1151 ἀποτίκτειν
1666 1113 1795 1164 γεν-

222 1198 543 1267 ναιοτέρους
563 1211 578 1226 ⁸
603 1194 796 1263 ῶσπερ
825 1192 939 1246 οὐδ’
973 1190 1281 1262 ἀνθρώπων
1325 1191 1418 1244 τὸν
1452 1190 1797 1260 δρομικώτα-

219 1308 310 1343 τον
331 1289 551 1359 τρέχειν
575 1286 781 1356 σιδήρῳ
806 1285 943 1355 πρὸς
970 1284 1273 1351 ἀσφάλειαν
1298 1281 1640 1352 διειλημὲνον
1670 1282 1796 1345 τοὺς

220 1382 409 1443 πόδας.
470 1379 579 1433 Καὶ
607 1377 757 1434 ἄκων
813 1370 906 1430 τοῦ
968 1377 1284 1430 συντάττειν
1328 1374 1623 1430 ἐπαύσατο.
1686 1373 1794 1427 Τοῦ

225 1476 326 1543 ίοὲν
380 1472 565 1526 τοίνυν
627 1470 703 1540 μὴ
732 1469 966 1532 πολλοὺς
1026 1465 1169 1523 εῖναι
1218 1468 1347 1531 τοὺς
1384 1466 1581 1535 λόγους
1625 1461 1794 1522 αὐτοῦ

218 1561 395 1614 ταῦτα
439 1560 509 1613 τὰ
547 1560 718 1614 αἴτια.
762 1559 871 1612 και
900 1558 1036 1630 πρὸς
1062 1558 1274 1621 τούτοις
1326 1561 1381 1611 αἱ
1410 1558 1652 1613 ποικίλαι
1701 1559 1796 1612 τοῦ

221 1657 480 1723 σώματος
508 1653 681 1717 νόσοι,
707 1651 802 1705 καὶ
843 1651 1086 1721 μάλιστά
1108 1668 1172 1719 γε
1203 1654 1257 1706 αἱ
1285 1652 1394 1705 ἀπὸ
1421 1652 1521 1723 τῆς
1549 1652 1798 1720 κεφαλῆς

220 1749 275 1802 οἶ
294 1748 552 1818 ἤσκησαν
579 1746 766 1812 αὐτὸν,
807 1745 904 1800 καὶ
943 1747 1000 1809 ἐς
1037 1746 1100 1799 τὸ
1151 1742 1539 1815 χαλεπώτατον
1585 1744 1797 1815 ἤγαγον

1896 554 2158 622 prodiens
2208 554 2262 608 in
2314 555 2580 618 medium,
2611 560 2666 605 et
2697 555 2752 604 in
2785 550 3151 619 principatum
3202 549 3370 602 veluti
3408 547 3464 600 in

1894 645 2043 701 aliud
2071 646 2345 716 quoddam
2376 645 2760 704 infortunium,
2790 658 2819 695 e
2854 641 3114 695 felicitate
3139 648 3195 694 et
3230 639 3473 694 beatitu-

1895 740 2024 794 dine
2050 741 2175 793 vitze
2216 739 2440 800 excidit,
2473 747 2525 790 et
2572 733 2984 791 inevitabilibus
3041 730 3471 785 necessitatibus

1894 832 2178 903 subjectus
2202 840 2307 895 est,
2339 832 2390 884 in
2421 845 2558 898 quas
2601 828 2815 881 animus
2862 841 2986 878 cum
3030 823 3305 884 inciderit,
3360 837 3471 875 non

1895 933 2099 993 posset,
2149 931 2206 977 ut
2247 938 2349 993 ego
2381 922 2603 990 quidem
2655 929 2789 989 puto
2820 960 2834 984 ,
2886 915 3187 971 nobiliores
3217 928 3474 984 promere

1893 1014 2170 1069 orationes
2204 1032 2217 1067 :
2275 1011 2736 1082 quemadmodum
2773 1023 2950 1079 neque
3004 1008 3203 1067 homo,
3242 1005 3346 1058 etsi
3407 1005 3469 1056 ad

1895 1105 2229 1160 currendum
2252 1102 2587 1173 aptissimus,
2615 1115 2842 1155 currere
2871 1101 3038 1161 valet,
3068 1090 3303 1166 pedibus
3327 1094 3476 1149 ferro

1894 1196 2129 1249 ﬂrtniter
2175 1193 2442 1263 trajectis,
2495 1192 2702 1246 Invitus
2732 1189 2968 1244 cessavit
2997 1202 3027 1241 a
3076 1184 3477 1255 componendis

1894 1286 2259 1342 orationibus.
2295 1286 2359 1340 Et
2411 1285 2527 1339 haec
2579 1293 2662 1338 est
2695 1297 2897 1343 causa,
2931 1294 3103 1350 quare
3157 1292 3268 1331 non
3315 1275 3477 1329 multi

1895 1379 2015 1451 ejus
2039 1384 2255 1433 exstent
2302 1392 2585 1433 sermones
2621 1374 2757 1445 (98).
2806 1373 2958 1428 Adde
2995 1370 3180 1426 varios
3230 1367 3479 1437 corporis

1895 1472 2120 1527 morbos
2148 1482 2203 1526 et
2236 1471 2538 1541 praesertim
2584 1469 2777 1538 capitis
2808 1466 2943 1537 (29),
2976 1465 3071 1535 qui
3122 1463 3273 1516 illum
3319 1476 3478 1515 exer-

1897 1579 2061 1619 cuere
2091 1582 2106 1618 :
2135 1563 2624 1628 diﬂicillimumque
2653 1560 2708 1613 in
2731 1566 2937 1614 statum
2965 1555 3314 1609 adduxerunt
3351 1565 3474 1604 cum

1897 1670 2060 1728 potus
2088 1671 2353 1727 aquarum
2381 1671 2410 1709 a
2431 1655 2689 1726 pueritia.
2719 1651 2978 1721 quoniam
3005 1665 3033 1702 a
3060 1646 3345 1701 nativitate
3364 1643 3475 1694 vini

1899 1765 2060 1804 usum
2114 1748 2478 1804 fastidiebat:
2534 1755 2591 1800 et
2626 1745 2850 1799 labores
2900 1739 3077 1810 (adde)
3108 1741 3164 1793 itt
3220 1734 3481 1791 transcri-

221 1842 284 1895 αἴ
314 1858 376 1895 τε
419 1839 665 1913 ἀρχῆθεν
704 1840 1048 1910 ῦδροποσίαι.
1095 1839 1287 1909 ἐπειδὴ
1346 1838 1449 1911 τὴν
1503 1841 1597 1892 τοῦ
1646 1838 1794 1892 οίνου

1911 1843 2106 1898 bendis
2130 1850 2380 1895 veterum
2429 1839 2735 1907 sapientum
2772 1830 3249 1888 lucubrationibus
3273 1827 3483 1895 impen-

221 1931 423 2001 χρῆσιν
455 1930 515 1996 ἐξ
544 1930 713 2000 αὐτῆς
739 1928 1010 1999 γενέσεως
1042 1929 1437 2001 ἀπεστρέφετο,
1473 1931 1567 1983 καὶ
1594 1932 1643 1982 ot
1665 1930 1795 1998 περὶ

218 2024 283 2075 τὸ
312 2021 726 2092 μετεγγράφειν
746 2022 815 2075 τὰ
839 2019 948 2073 τῶν
998 2022 1168 2075 πάλαι
1216 2021 1398 2089 σοφῶν
1434 2021 1797 2089 ὲκπονήματπι

220 2117 400 2169 πόνοι.
424 2116 625 2185 Ἔτυχε
647 2115 758 2185 γὰρ
789 2116 819 2168 ὁ
850 2114 993 2182 ἀνὴρ
1025 2113 1122 2167 καὶ
1148 2113 1317 2184 πένης
1358 2109 1521 2178 εῖναι,
1553 2112 1648 2165 καὶ
1689 2113 1798 2163 τῶν

223 2208 453 2278 βιϐλίων
496 2206 824 2281 κατακόρως
882 2205 1048 2277 ἐρῶν.
1108 2205 1306 2276 Ἔτυχε
1362 2205 1419 2257 δὲ
1452 2205 1545 2256 καὶ
1575 2207 1704 2274 περὶ
1738 2202 1800 2256 τὸ

221 2302 462 2372 γράφειν
527 2299 791 2369 μετρίως,
849 2298 1064 2367 ἀγαθὰς
1108 2297 1252 2369 ἔχων
1299 2299 1397 2359 τὰς
1446 2300 1659 2366 χεῖραλ.
1694 2294 1801 2348 Καὶ

223 2393 415 2462 ἐπειδὴ
457 2393 590 2462 περὶ
634 2393 918 2464 χρήμασιν
955 2392 1056 2445 οὐκ
1111 2387 1181 2462 ἦν
1207 2392 1274 2445 τὰ
1330 2391 1564 2460 φίλτατα
1596 2392 1803 2459 κτήσα-

226 2490 379 2552 σθαι,
429 2490 543 2551 τοῖς
580 2487 738 2549 ἰδίοις
787 2485 1009 2557 ἱδρῶσιν
1061 2486 1354 2554 ἐκτήσατο.
1417 2484 1530 2537 Καὶ
1582 2482 1803 2552 βιϐλίων

224 2578 606 2649 ἀντί-γραφεὺς
634 2577 887 2652 γέγονεν⁹
943 2577 1068 2631 ὅσον
1097 2575 1208 2629 οὐδ’
1265 2568 1345 2638 εἷς
1401 2574 1587 2644 σχεδὸν
1614 2570 1802 2640 ἕτερος

224 2671 339 2724 τῶν
373 2672 554 2739 λόγων
582 2671 728 2741 φημὶ
779 2671 1095 2740 μετιόντων.
1129 2664 1239 2720 Τοῦ
1269 2667 1326 2720 δὲ
1368 2665 1445 2737 μὴ
1472 2663 1679 2726 πάντας
1705 2663 1805 2731 τῆς

226 2765 402 2836 αὐτῆς
432 2759 573 2817 εἶναι
599 2763 841 2832 σπουδῆς
893 2761 1157 2832 πρόδηλος
1212 2756 1365 2830 οἶμαι
1416 2760 1444 2811 ὁ
1482 2756 1660 2827 λόγος.
1697 2754 1805 2807 Καὶ

227 2859 343 2927 γὰρ
379 2858 519 2927 ὅπερ
568 2857 665 2910 ἐπὶ
721 2854 831 2909 τῶν
865 2852 1215 2925 βαναυσικῶν
1266 2852 1508 2922 δρῶμεν,
1552 2848 1713 2903 τοῦτο
1742 2846 1807 2918 δὴ

226 2948 519 3004 κάνταῦθα
550 2947 867 3016 λογίζεσθαι
900 2946 1003 3001 δεῖ.
1053 2944 1311 3007 Ἐκείνοις
1347 2943 1446 3013 μὲν
1468 2942 1577 3013 γὰρ
1600 2937 1808 3010 προῖὼν

226 3045 258 3095 ὁ
290 3046 392 3112 τῆς
412 3042 704 3111 ἀσκήσεως
734 3041 928 3111 χρόνος
961 3037 1160 3108 βελτίω
1189 3036 1297 3090 τῶν
1328 3031 1808 3105 προηγησαμένων

1905 1934 2144 2004 505(50).
2170 1933 2302 1987 Erat
2332 1932 2481 1986 enim
2521 1931 2625 1992 vir,
2653 1936 2707 1982 et
2740 1942 2970 1997 pattper,
2994 1934 3051 1978 et
3088 1922 3354 1976 libroruin
3389 1932 3484 1970 cu-

1906 2026 2263 2098 pidissimus:
2314 2023 2697 2090 scribebatque
2749 2019 2884 2074 satis
2928 2015 3225 2075 concinne,
3276 2016 3483 2080 optima

1906 2119 1973 2171 ad
2004 2115 2058 2170 id
2106 2113 2368 2185 praeditus
2415 2127 2603 2166 manu.
2654 2110 2717 2163 Et
2762 2108 3022 2177 quoniam
3062 2100 3312 2174 pecuniis
3372 2114 3483 2152 non

1909 2222 2091 2280 possm
2121 2224 2242 2278 quae
2260 2205 2367 2261 sibi
2396 2214 2555 2261 erant
2576 2201 2900 2257 charissima
2927 2192 3488 2269 possidere,propriis

1910 2303 2205 2360 sudoribus
2252 2299 2590 2370 acquirebat.
2639 2295 2794 2352 Unde
2846 2293 3023 2347 evasit
3070 2289 3336 2344 librorum
3396 2300 3489 2338 ex-

1910 2398 2150 2467 scriptor
2169 2395 2345 2463 qualis
2377 2408 2540 2446 nemo
2567 2391 2738 2444 ferme
2766 2386 2908 2443 alius
2939 2386 3085 2440 inter
3110 2395 3206 2436 eos
3232 2376 3357 2441 fuit,
3392 2375 3487 2445 qui

1912 2488 2140 2548 litteras,
2196 2485 2440 2553 inquam,
2504 2478 2760 2535 liberales
2809 2468 3241 2551 amattt.\Quod
3302 2475 3486 2522 autem

1913 2583 2190 2637 orationes
2219 2580 2335 2651 ejus
2365 2594 2473 2633 non
2503 2591 2696 2630 omnes
2713 2573 2960 2645 ejusdem
2987 2564 3374 2624 essent‘studii
3424 2576 3492 2615 ac

1913 2672 2250 2745 diligentiae,
2308 2684 2496 2732 causa,
2547 2676 2605 2721 ut
2636 2675 2791 2737 puto,
2828 2662 3119 2719 manifesta
3173 2667 3278 2715 est.
3331 2655 3490 2723 Quod

1914 2767 2063 2821 enim
2116 2766 2170 2819 in
2224 2761 2437 2816 artibus
2485 2758 2822 2815 tnechanicis
2878 2752 3338 2815 videtnus,videm
3388 2751 3493 2803 hac

1913 2861 2079 2916 etiam
2119 2858 2179 2913 in
2220 2872 2278 2910 re
2308 2853 2733 2910 existimandum
2761 2860 2848 2906 est
2875 2867 2888 2903 :
2918 2847 3228 2921 procedens
3253 2844 3400 2900 enim
3432 2842 3491 2896 in

1915 2948 2310 3006 exercitatione
2355 2956 2577 3017 tempus
2634 2944 2861 2999 meliora
2905 2942 3005 3012 ιι
3053 2936 3494 3011 praecedentibus

1921 3042 2235 3098 manifestat
2287 3054 2455 3109 opera
2527 3036 2859 3108 posteriora.
2916 3033 3009 3088 Sic
3060 3030 3388 3099 scriptorum
3437 3034 3496 3080 et

226 3137 300 3190 τὰ
335 3136 480 3207 μετά
514 3134 688 3188 ταῦτα
738 3133 1012 3187 δείκνυσιν
1079 3131 1236 3200 ἔργα.
1296 3127 1407 3182 Καὶ
1438 3124 1806 3195 λογογράφοις

1918 3142 2204 3195 rhetorum
2233 3133 2435 3189 seniles
2463 3129 2873 3185 lucubrationes
2908 3125 3201 3181 nobilitate
3233 3127 3495 3192 praestant

227 3188 445 3293 τοίνυν,
470 3188 575 3282 καὶ
614 3228 846 3298 ῥήτορσι
884 3225 953 3280 τὰ
990 3226 1048 3279 ὲν
1071 3188 1219 3295 γῇρᾳ
1243 3188 1537 3292 πονήματα
1564 3188 1806 3286 γενναιό-

1911 3188 2266 3302 juvenilibus.
2297 3225 2594 3293 Propterea
2624 3235 2692 3275 ex
2733 3216 2997 3289 subjectis
3036 3188 3318 3286 opusculis
3348 3215 3494 3281 (quae

228 3339 372 3395 τερα
399 3322 469 3376 ἂν
497 3319 586 3391 εῐη
615 3321 724 3373 τῶν
754 3319 816 3384 ἐξ
847 3318 1047 3390 ἀρχῆς.
1072 3317 1173 3370 Διὰ
1207 3315 1358 3369 τοῦτο
1402 3312 1495 3367 atati.
1539 3311 1648 3365 τῶν
1677 3310 1813 3362 ὐπο-

230 3415 514 3486 κειμένων
542 3414 644 3466 ὅσα
678 3412 777 3483 μὲν
811 3412 1101 3475 σπουδαῖα,
1142 3411 1210 3480 τῇ
1253 3408 1409 3478 ἀκμῇ
1439 3401 1726 3474 λογιστέαο
1773 3398 1810 3453 ἃ

228 3508 291 3565 δὲ
328 3510 407 3577 μὴ
437 3505 690 3570 τοιαῦτα,
739 3507 808 3575 τῇ
845 3503 1064 3573 νεότητι
1123 3499 1535 3571 προσνεμητέα,
1594 3498 1689 3549 καὶ
1728 3491 1808 3563 τῷ

230 3603 421 3658 dum
470 3600 572 3669 τῆς
628 3599 942 3668 ἀσκήσεως.
984 3597 1065 3650 Τά
1121 3611 1185 3664 γε
1222 3593 1328 3665 μὴν
1354 3593 1472 3663 εἴδη
1525 3588 1809 3654 τοῦλόγου

230 3694 335 3751 εἰτ’
376 3696 578 3766 ἄριστα
620 3694 895 3763 ,κέκριται
951 3690 1081 3760 παρ’
1114 3687 1289 3759 αὐτῷ,
1324 3687 1427 3741 εἴθ’
1457 3685 1532 3749 ὡς
1584 3686 1811 3753 ἑτέρως,

232 3791 334 3847 καὶ
355 3790 432 3854 ὡς
454 3788 776 3858 ἁπανταχοῦ
816 3785 1178 3856 ἀγωνιστικός
1212 3787 1353 3848 ἐστι,
1395 3780 1492 3835 καὶ
1516 3779 1815 3850 σχημάτων

233 3886 548 3955 ὶξαλλαγῆς
590 3884 744 3952 αὐτῷ
800 3883 975 3952 μέλει,
1016 3881 1167 3951 μέλει
1223 3880 1281 3934 δὲ
1338 3880 1435 3932 καὶ
1478 3872 1813 3945 εὑκρινιίας,

237 3978 535 4050 μεγέθους,
588 3973 948 4045 σεμνότητος,
992 3970 1354 4040 γοργότητος,
1407 3965 1502 4019 καὶ
1556 3962 1665 4016 τῶν
1721 3958 1816 4013 τοῦ

234 4072 406 4143 ἦθους
436 4068 624 4122 καλῶν
678 4068 820 4135 μετά
851 4082 1002 4129 τινος
1053 4062 1384 4132 εὐρυθμίας,
1412 4059 1509 4113 κοιλ⁸
1541 4055 1816 4124 συνθήκης

234 4164 340 4216 οὐκ
370 4158 659 4229 ἀγεννοῦς,
689 4159 802 4225 ἐγὼ
830 4156 931 4227 μὲν
958 4154 1062 4208 οὐκ
1091 4152 1225 4224 ἐρῶ,
1259 4150 1335 4221 μὴ
1382 4151 1478 4203 καὶ
1506 4146 1588 4208 είς
1639 4144 1817 4213 μῆκος

235 4253 473 4307 ἐκτείνω
522 4251 613 4305 τὸν
661 4249 844 4315 λόγον,
898 4246 974 4318 μὴ
1001 4246 1099 4301 καὶ
1148 4243 1362 4314 τάνδρὶ,
1407 4242 1525 4296 ίσον
1563 4238 1607 4291 δ’
1639 4236 1815 4289 εἰπεῖν

235 4343 493 4414 ἐμαυτῷ,
538 4340 874 4412 χαρίζεσθαι
895 4338 1055 4404 δόξω.
1121 4334 1395 4406 Ἐμαυτὸν
1434 4331 1544 4401 γὰρ
1609 4328 1816 4382 ἐκεῖνον

235 4438 484 4508 ἥγημαι,
512 4434 608 4487 καὶ
638 4430 940 4497 καλῶ,ητῆς
974 4429 1153 4496 ἄκρας
1192 4425 1351 4497 ὴμῶν
1386 4421 1637 4484 ἑνὼσεως
1667 4415 1819 4471 τοῦθ’

236 4528 390 4583 οῦτω
409 4527 504 4581 καὶ
532 4526 716 4590 λέγειν
758 4520 1019 4589 ἀσφαλῶς
1076 4520 1175 4573 δια)⁸
1235 4517 1455 4588 φρονεῖν
1495 4511 1817 4573 δεδωκυίας.

1911 3323 1971 3377 in
2019 3320 2132 3375 hoc.
2156 3315 2432 3371 volumine
2487 3312 2860 3379 continentur)
2913 3308 3090 3364 aetatis
3145 3304 3332 3361 robori
3373 3319 3497 3374 quae

1911 3411 2140 3482 probata
2170 3415 2320 3469 sunt,
2351 3403 2549 3460 ascribi
2603 3401 2848 3458 debent:
2902 3415 3024 3470 qua:
3059 3413 3188 3452 vero
3225 3412 3333 3451 non
3364 3402 3499 3449 sunt

1916 3503 2067 3567 talia,
2094 3516 2160 3557 ea
2182 3494 2457 3570 juventuti
2488 3505 2617 3550 sunt
2651 3493 2965 3558 tribuenda,
3000 3503 3050 3548 et
3083 3488 3498 3546 exercitationis

1916 3590 2176 3665 defectui.
2206 3588 2300 3655 ,Ad
2328 3586 2595 3644 orationis
2631 3586 2862 3640 fortnam
2916 3587 3064 3654 quod
3099 3583 3319 3646 attinet,
3381 3579 3499 3634 sive

1916 3684 2124 3755 Optima
2165 3696 2330 3753 penes
2385 3680 2565 3750 ipsum
2609 3677 2852 3747 jndicata
2913 3683 3020 3739 est,
3054 3675 3172 3728 sive
3219 3672 3400 3735 aliter,
3435 3685 3500 3725 ea

1914 3775 2118 3844 ubique
2140 3770 2307 3826 veluti
2338 3784 2554 3838 pugnax
2585 3775 2688 3831 est,
2709 3776 2767 3819 et
2805 3763 3119 3818 certatoria.
3158 3762 3486 3830 Figurarunn

1916 3864 2241 3919 varietatem
2274 3868 2431 3915 curat
2464 3856 2553 3911 ille
2591 3873 2603 3910 :
2647 3864 2804 3910 curat
2846 3851 3283 3925 distinctionem,
3324 3848 3500 3905 subli-

1918 3956 2186 4019 mitatem,
2253 3949 2574 4021 gravitatem
2598 3986 2613 4009 ,
2663 3943 3090 3999 concitationem
3110 3978 3125 4006 ,
3152 3950 3212 3994 et
3239 3939 3385 4009 quod
3445 3937 3501 3991 in

1915 4046 2212 4105 aﬂ‘ectibus
2244 4044 2505 4099 decorum
2540 4048 2625 4095 est
2665 4054 2789 4094 cum
2818 4036 3052 4106 quadam
3106 4032 3500 4095 concinnitate,

1918 4150 1976 4196 et
2013 4154 2208 4195 vocum
2257 4133 2608 4205 copulatione
2634 4146 2742 4186 non
2775 4128 3025 4200 ignobili.
3075 4126 3185 4198 Ego
3228 4139 3358 4180 vero
3393 4139 3505 4178 non

1919 4235 2120 4298 dicam,
2140 4248 2208 4287 ne
2232 4229 2501 4301 prolixius
2529 4240 2838 4282 sermonem
2865 4222 3202 4293 protraham,
3219 4229 3275 4275 et
3294 4235 3363 4273 ne.
3383 4219 3506 4272 viro

1917 4329 2107 4383 videar
2150 4339 2305 4396 aeque
2344 4338 2409 4377 ac
2456 4320 2592 4374 mihi
2651 4318 2753 4389 ipsi
2809 4315 3127 4388 gratiﬁcari.
3164 4314 3324 4369 lllum
3357 4313 3507 4366 enim

1921 4429 2115 4492 reputo
2163 4433 2250 4472 me
2315 4415 2494 4486 ipsum
2541 4411 2675 4482 (5|),
2705 4419 2761 4465 et
2789 4424 2925 4464 voco
2954 4416 3178 4478 propter
3234 4420 3505 4460 summam

1927 4514 2101 4569 ttOslt‘i
2130 4512 2412 4571 unionem,
2437 4522 2559 4576 qua:
2593 4504 2721 4558 facit
2766 4510 2826 4556 ut
2862 4500 2969 4555 hoc
2993 4513 3188 4555 secure
3226 4498 3428 4563 dicam,
3453 4505 3510 4550 et

241 4618 370 4673 Κάν
407 4635 490 4677 τις
521 4617 634 4684 ἄρα
662 4612 794 4681 περὶ
825 4611 937 4665 τῶν
988 4609 1203 4663 ἐκείνου
1248 4607 1490 4678 χρηστόν
1541 4622 1618 4669 τι,
1652 4603 1686 4673 ἢ
1724 4602 1806 4655 xxi

1927 4606 2185 4676 cogitem.
2220 4603 2274 4657 Si
2315 4601 2439 4671 quis
2483 4599 2652 4670 igitur
2681 4596 2750 4653 de
2783 4595 2878 4650 illo
2930 4596 3012 4649 vel
3057 4592 3190 4664 quid
3225 4593 3354 4648 boni
3379 4630 3395 4655 ,
3424 4591 3511 4644 vel

245 4710 481 4776 θάτερον
523 4704 808 4777 μαρτυρῆ,
847 4702 926 4766 είς
958 4700 1029 4754 τὰ
1059 4697 1300 4769 ἐμαυτοῦ
1334 4696 1429 4751 καὶ
1457 4695 1521 4749 τὸ
1556 4693 1823 4764 σκῶμμα,

241 4806 327 4865 είς
368 4801 437 4854 τὰ
460 4797 703 4869 ἐμαυτοῦ
732 4795 829 4850 καὶ
855 4796 947 4850 τὸν
979 4794 1204 4849 ἔπαινον
1235 4791 1425 4863 φέρειν
1466 4789 1610 4860 φημί
1637 4804 1651 4818 ο
1697 4787 1827 4842 ὥστ’

239 4896 374 4966 ἐμοί
397 4896 450 4964 γ⁹
474 4893 623 4946 οὕτω
668 4891 738 4945 τὰ
764 4890 901 4962 πρὸς
930 4892 1142 4944 ἐκεῖνον
1176 4887 1359 4958 ἔχοντι
1389 4885 1600 4957 πρέπον
1641 4882 1708 4937 ἂν
1739 4883 1827 4951 είη

242 4990 434 5060 σιγᾷν.
477 4987 544 5042 'H
588 4987 649 5041 δέ
679 5003 783 5039 που
825 4986 1047 5048 πυκτίς,
1100 4983 1240 5053 ὅπερ
1279 4981 1374 5035 καὶ
1403 4977 1610 5034 ἄνωθεν
1664 4975 1827 5044 ἔφην,

241 5083 433 5145 καλῶς
468 5081 562 5133 τὸν
590 5080 808 5148 πατέρα
841 5080 952 5139 τοῖς
991 5074 1431 5144 ἀναγινώσκουσι
1467 5070 1660 5134 δείξει,
1683 5067 1826 5121 ὥστε

238 5172 588 5245 προσεκτέον
618 5172 757 5242 αὐτῇ
788 5170 886 5224 τοῦ
909 5168 1126 5223 λοιποῦ.
1158 5168 1272 5221 Καὶ
1303 5167 1378 5230 ὡς
1406 5165 1471 5219 ἂν
1501 5164 1641 5233 αὐτὴ
1659 5162 1825 5215 δώσει

236 5268 482 5339 κρίνειν,
514 5264 660 5320 οὕτω
689 5265 784 5317 καὶ
836 5263 965 5334 περὶ
1015 5262 1125 5316 τῶν
1162 5258 1477 5331 εἰρημένων
1519 5256 1620 5326 τὴν
1646 5254 1827 5324 ψῆφον

236 5360 588 5429 ἐξενεκτέον.

1935 4697 2273 4755 contrarium
2312 4693 2618 4764 perbibeat.
2667 4689 2724 4744 in
2770 4704 2856 4743 me
2896 4688 3074 4757 ipsum
3109 4692 3165 4739 et
3217 4684 3510 4738 dicterium

1931 4793 2066 4849 ferri
2099 4802 2155 4846 et
2202 4789 2421 4845 laudem
2456 4785 2579 4843 dico
2617 4801 2634 4840 :
2664 4783 2738 4838 ita
2771 4793 2831 4837 ut
2860 4782 3019 4847 mihi,
3050 4780 3142 4849 qui
3175 4794 3302 4847 erga
3334 4779 3512 4845 ipsum

1931 4885 2007 4940 ita
2058 4899 2145 4938 me
2177 4881 2375 4946 habeo,
2434 4888 2616 4934 tacere
2674 4874 2985 4931 conveniat.
3024 4870 3266 4925 Libellus
3298 4869 3386 4923 ltic
3417 4884 3514 4922 au-

1934 4988 2066 5043 tem,
2101 4984 2163 5031 ut
2208 4974 2374 5030 etiam
2429 4971 2685 5043 superius
2714 4967 2848 5034 dixi,
2898 4974 3106 5037 patrem
3150 4978 3311 5016 suum
3343 4963 3515 5032 probe

1936 5070 2242 5126 lectoribus
2274 5065 2530 5121 ostendet
2549 5064 2659 5134 ('52)
2689 5080 2702 5117 :
2735 5059 2879 5115 unde
2914 5058 3094 5129 quoad
3132 5056 3364 5125 reliqua,
3401 5056 3519 5124 ipse

1935 5162 2225 5218 adeundus
2246 5171 2348 5215 est.
2397 5157 2462 5213 Et
2493 5153 2957 5226 quemadmodum
2987 5149 3139 5205 dabit
3181 5148 3297 5217 ipse
3328 5146 3517 5216 (libel-

1935 5255 2044 5324 lus)
2072 5263 2133 5308 ut
2155 5252 2454 5324 judicetur,
2480 5248 2552 5303 ita
2605 5244 2925 5316 suﬁ‘ragium
2952 5242 3019 5297 de
3048 5242 3332 5310 hucusque
3356 5237 3521 5293 dictis

1941 5346 2235 5404 ferendum
2281 5353 2387 5400 est.
