3838 6362
335 318 399 384 3i
1326 329 1658 392 GEORGII
1697 331 1957 392 CYPRII
1997 332 2108 396 CP.
2154 332 2674 396 PA'I‘RIARCHlE
3516 337 3588 399 32

873 479 3559 512 .________._______.__________________________‘

1152 609 1253 680 ι²
1338 634 1775 748 NOTAE.
1877 640 2764 796 HISTORICZE,

1505 862 2010 908 cuneaosoetcs:
2053 864 2131 907 ET
2153 853 2155 856 ’
2174 867 2437 912 omnes:

814 989 890 1048 ΙΝ
941 991 1447 1052 ΒΟΡΕΗΙΟΙΙΕΜ
1498 992 1835 1054 GEORGII
1879 994 1912 1054 ε

2020 996 2023 1004 ’
2069 997 2466 1060 GREGORII
2511 1001 2771 1063 CYPRII
2823 1005 3113 1065 VITAM.

405 1276 483 1344 (Ι)
519 1275 779 1346 Gregorii.
810 1275 927 1330 Hoc
949 1275 1039 1330 ille
1063 1277 1368 1345 appellatus
1395 1288 1482 1333 est
1512 1280 1752 1345 nomine,
1783 1295 1908 1333 cum

2020 1299 2071 1334 τε
2097 1283 2392 1351 συλλέγων,
2423 1284 2821 1356 καλλιγραφεϊν
2833 1287 3049 1356 δίδωμι,
3075 1289 3400 1360 βουλόμενος
3426 1296 3598 1361 αὑτὰς

333 1367 665 1422 monachum
707 1367 905 1431 induit,
954 1375 1248 1434 antequam
1305 1368 1373 1422 ad
1407 1370 1559 1425 urbis
1603 1372 1764 1438 regiae
1810 1387 1908 1441 pa-

333 1459 687 1514 triarchalem
725 1460 984 1513 thronum
1039 1471 1502 1528 promoveretur:
1546 1463 1726 1518 dictus
1779 1479 1909 1517 vero

330 1553 505 1606 sacris
535 1553 587 1605 in
623 1553 782 1605 undis
811 1550 1086 1621 Georgius.
1109 1553 1476 1624 Pacliymcres
1509 1559 1561 1608 in
1593 1555 1909 1610 Andronico

331 1644 655 1714 Palaeologo,
691 1645 833 1698 libro
861 1661 898 1709 ι,
932 1647 1109 1714 capite
1137 1646 1326 1710 22,5ic
1357 1648 1434 1702 ait
1467 1665 1480 1700 :
1516 1648 1625 1701 Hoc
1655 1649 1907 1719 Gregorii

333 1751 519 1790 nomen
550 1737 742 1806 Cyprio
793 1739 1075 1800 insederat,
1120 1755 1184 1792 ex
1215 1740 1432 1810 Georgio
1471 1751 1730 1795 mutatum
1753 1783 1766 1804 ,
1793 1759 1909 1794 cum

331 1829 704 1898 professionem
730 1831 784 1882 in
836 1833 1224 1900 praeparatione
1253 1835 1643 1902 patriam/tatus
1677 1851 1910 1888 assume-

333 1927 412 1971 ret
445 1921 810 1974 monasticam.

406 2011 618 2078 (2)1ie3
677 2029 806 2065 suas
867 2015 1194 2071 continens:
1247 2015 1314 2067 τὰ
1375 2017 1496 2067 καθ’
1552 2018 1764 2071 ἑαυτόν.
1798 2018 1908 2073 Leo

330 2105 496 2157 etiam
535 2103 763 2157 Allztlius
796 2105 848 2158 in
893 2105 1133 2159 Diatriba
1181 2107 1246 2159 de
1289 2104 1536 2174 Georgiis
1565 2125 1628 2159 ex
1663 2108 1906 2162 Roberto

327 2195 686 2250 Constantino
715 2197 792 2250 sic
818 2198 980 2251 refert
1012 2216 1022 2250 ;
1061 2198 1193 2251 Item
1219 2200 1280 2252 de
1321 2201 1428 2254 vita
1450 2217 1548 2253 sua
1580 2210 1627 2253 et
1652 2201 1909 2270 Epistolte

331 2304 548 2340 numero
595 2287 712 2341 166.
744 2288 908 2343 Addit
935 2289 1206 2345 Allatius:
1243 2294 1325 2346 Αη
1371 2309 1499 2362 Opus
1546 2295 1640 2348 hoc
1685 2297 1748 2349 tle
1779 2298 1907 2360 vita,

330 2379 914 2449 inquiens,diversum
947 2391 1021 2435 est
1084 2383 1148 2436 ab
1209 2383 1477 2453 Epistolis,
1536 2388 1614 2440 vel
1656 2387 1910 2457 Epistolis

329 2472 452 2538 ipsis
471 2489 623 2526 suam
653 2475 814 2526 vitam
843 2477 1128 2543 exprimit?
1160 2475 1292 2530 Milli
1321 2479 1492 2531 adhuc
1523 2479 1778 2534 incertum
1810 2492 1906 2536 est.

328 2562 445 2619 Jatn
471 2574 680 2619 Certum
720 2581 868 2631 vero,
898 2566 966 2619 ab
983 2566 1241 2634 Epistolis
1275 2566 1546 2624 diversam
1581 2587 1700 2624 esse
1738 2571 1904 2624 Vitam

327 2657 468 2712 hanc
523 2657 761 2728 Georgii,
798 2674 893 2712 seu
942 2633 1193 2727 Gregorii
1224 2658 1425 2730 Cyprii,
1487 2675 1546 2714 ut
1599 2678 1667 2715 ex
1715 2674 1905 2716 nostro
1941 2633 1984 2689 Β

327 2750 516 2804 codice
560 2760 726 2820 patet,
756 2761 811 2805 et
849 2767 913 2804 ex
941 2748 1362 2807 Vindobonensi
1396 2753 1540 2822 apud
1575 2753 1904 2808 Nesseliutn.

329 2837 454 2893 Isin
489 2837 748 2910 Catalogo
781 2842 1129 2896 bibliothecae
1181 2841 1464 2906 Caesareae.
1506 2859 1603 2898 seu
1627 2844 1908 2898 Vindobo—

329 2933 517 2986 neusis
551 2943 704 3002 parte
735 2949 786 2997 v,
814 2934 1061 2989 codicem
1099 2934 1194 2988 lOl
1251 2945 1497 2990 recenset
1527 2954 1539 2990 :
1566 2953 1584 2988 t
1628 2937 1906 3008 Ερίδιοιαν.

328 3024 606 3092 inquiens.
668 3036 875 3079 centum
923 3029 1213 3096 nonaginta
1259 3037 1310 3080 ct
1345 3044 1475 3095 una,
1533 3043 1658 3082 cum
1710 3030 1907 3085 incerti

327 3117 613 3187 cujusdam
649 3119 895 3171 auctoris
927 3119 1247 3189 synchroui,
1282 3119 1440 3189 cujus
1463 3135 1661 3174 nomen
1705 3122 1774 3174 ob
1803 3123 1909 3176 ali-

330 3215 465 3275 quot
520 3207 775 3260 foliorum
835 3207 1108 3263 defectum
1179 3209 1500 3278 ignoratur,
1559 3209 1906 3282 Prwfatione,

329 3297 647 3352 continente
699 3299 895 3363 Vitam,
929 3315 1024 3354 seu
1063 3301 1246 3370 potius
1299 3301 1668 3357 laudationem
1707 3305 1847 3375 ejus.
1883 3326 1902 3357 ο

328 3390 547 3460 Integra
612 3392 664 3444 in
731 3405 924 3446 nostro
978 3395 1168 3449 codice
1229 3396 1343 3451 haec
1390 3397 1907 3470 prostatPrazfatio,

330 3497 428 3537 seu
465 3482 644 3551 pOtius
672 3498 852 3538 sermo
885 3483 958 3537 De
988 3486 1095 3538 vita
1143 3487 1226 3540 sui
1255 3487 1420 3558 ipsius
1446 3527 1459 3552 ,
1493 3488 1742 3558 pluribus
1773 3505 1913 3560 opu-

331 3575 500 3629 sculis
552 3576 915 3645 plurimisque
946 3579 1192 3646 epistolis
1227 3596 1336 3635 uno
1394 3581 1448 3634 in
1475 3584 1755 3638 volutuine
1799 3584 1912 3638 col-

331 3667 488 3722 lectis
517 3669 850 3737 prannissus.
874 3668 1151 3724 Dubitatio
1177 3672 1347 3741 ingeri.
1373 3674 1519 3727 nulla
1554 3685 1752 3742 potest,
1779 3678 1911 3746 quin

329 3759 575 3828 ejusdem
610 3762 879 3815 sermonis
923 3763 1036 3831 ipse
1073 3763 1342 3833 Georgius,
1378 3767 1462 3819 vel
1493 3765 1779 3836 Gregorius
1810 3769 1916 3839 Cy-

331 3853 479 3922 prius
521 3863 713 3907 auctor
743 3855 854 3907 sit:
895 3855 1218 3908 inscribitur
1263 3873 1457 3925 nempe
1517 3858 1591 3911 De
1639 3860 1744 3912 vita
1792 3877 1910 3924 sua,

331 3946 444 4000 sive
485 3946 548 3997 de
596 3947 661 3998 iis
694 3962 808 4016 qum
831 3946 898 3998 ad
930 3948 1156 4014 seipsum
1193 3951 1476 4016 pertinent.
1513 3950 1569 4004 Itt
1598 3955 1746 4006 calce
1777 3968 1914 4021 opu-

333 4037 474 4091 sculi
501 4037 614 4090 ltzcc
643 4037 916 4091 habentur
936 4044 1002 4091 de
1035 4051 1295 4093 auctore:
1327 4042 1427 4109 Μὴ
1457 4047 1549 4094 καὶ
1573 4043 1764 4112 ἀνδρὶ,
1801 4046 1914 4096 ἴσον

333 4127 380 4181 δ’
440 4131 614 4180 εἰπεῖν
646 4131 894 4198 ἐμαυτῷ,
955 4131 1281 4199 χαρίζεσθαι
1331 4132 1503 4198 δόξαν
1530 4137 1770 4203 ἐμαυτὸν
1806 4137 1913 4205 γὰρ

335 4223 545 4276 ἐκεῖνον
571 4223 677 4294 ἥγη
689 4242 806 4292 μαι,
834 4226 929 4276 καὶ
952 4223 1102 4276 καλῶ
1126 4225 1224 4292 τῆς
1249 4225 1421 4294 ἄκρας
1449 4228 1606 4295 ἡμῶν
1631 4228 1876 4291 ἑνώσεως
1897 4245 1913 4294 ;

333 4331 398 4368 ne
427 4315 608 4368 videar
665 4319 776 4368 viro
829 4333 974 4386 teque
999 4333 1061 4370 at:
1102 4317 1228 4370 mihi
1269 4318 1369 4388 ipsi
1408 4319 1726 4388 gratiﬁcari.
1755 4319 1918 4374 Illum

331 4408 465 4462 enim
493 4417 675 4476 reputo
699 4409 974 4478 meipsum,
995 4418 1042 4462 et
1065 4426 1190 4464 voco
1222 4424 1438 4480 propter
1461 4429 1725 4466 summam
1749 4417 1920 4470 nostri

333 4503 604 4555 unionem.
642 4503 759 4572 Ipse
787 4519 982 4571 nempe
1000 4501 1320 4573 Gregorius,
1342 4507 1433 4574 qui
1465 4511 1630 4561 vitam
1651 4509 1734 4560 sui
1759 4511 1917 4578 ipsius

331 4593 632 4658 scribebat,
664 4610 833 4663 seque
865 4607 1146 4648 auctorem
1171 4596 1580 4665 quodammodo
1610 4599 1790 4653 celare
1825 4615 1918 4654 voc

331 4688 455 4751 luit.
494 4688 783 4743 manifeste
819 4688 1042 4742 tandem
1077 4688 1322 4757 seipsum
1358 4691 1541 4759 prodit

388 4781 465 4852 (3)
486 4780 550 4834 Ei
567 4784 654 4850 qui
674 4780 866 4834 librum
882 4782 1021 4834 hunc
1038 4780 1392 4845 concinnavit,
1409 4783 1584 4851 patria
1603 4782 1702 4851 {uit
1715 4783 1919 4854 Cyprus

330 4875 532 4932 insula.
571 4875 708 4927 Hinc
734 4889 864 4926 vero
908 4873 1092 4926 dictus
1120 4873 1209 4926 ille
1247 4873 1497 4944 Cyprius.
1524 4873 1666 4930 Urbs
1703 4876 1916 4943 insulae,

331 4979 426 5023 aut
459 4969 613 5022 locus
643 4967 888 5019 occurrit
917 4965 1139 5027 nullibi.
1167 4965 1259 5020 ubi
1303 4967 1510 5021 natales
1541 4966 1818 5021 habuerit.
1857 4969 1916 5022 In

335 5071 485 5116 textu
523 5059 712 5114 Grasco
741 5058 973 5127 legimus
1010 5059 1255 5126 εῐΙατρὶς
1294 5059 1394 5127 μὲν
1427 5059 1502 5127 τῷ
1530 5058 1632 5128 l3
1665 5077 1920 5114 συντετα-

334 5157 451 5226 χότι
483 5155 580 5222 τὴν
615 5153 794 5221 βίῦλον
823 5151 1042 5220 Κύπρος
1079 5153 1108 5220 ὴ
1144 5154 1304 5219 νῆσος
1331 5169 1339 5179 ·
1372 5151 1576 5221 Cyprus
1617 5153 1795 5207 insula
1820 5155 1918 5224 fuit

333 5251 454 5304 huic
483 5250 681 5317 putria,
715 5250 804 5317 qui
828 5249 1016 5300 librum
1047 5247 1400 5309 concinnavit,
1453 5249 1799 5303 coordtnavit.
1828 5249 1917 5302 Li-

2013 1373 2090 1432 sl;
2120 1373 2346 1426 πυκτίον
2391 1373 2537 1441 ἔχειν
2586 1375 2832 1444 ὸθρόας,
2884 1375 3156 1444 Epistolas
3213 1395 3379 1442 meas,
3427 1381 3596 1435 aliam

2012 1460 2227 1514 aliunde
2260 1462 2531 1532 colligens,
2569 1473 2624 1516 ut
2658 1466 2793 1533 potis
2823 1481 2962 1528 sum,
2996 1464 3267 1536 eleganter
3297 1467 3597 1523 describen-

2011 1553 2107 1606 das
2162 1556 2338 1618 trado,
2387 1572 2475 1608 eas
2521 1555 2694 1610 volens
2747 1558 2801 1609 in
2854 1555 3032 1610 libello
3078 1557 3327 1612 collectas
3385 1561 3596 1617 habere.

2013 1644 2278 1700 \‘olumen
2320 1645 2486 1710 istud,
2511 1663 2621 1716 quo
2645 1655 2788 1710 utor,
2813 1657 2869 1701 et
2901 1663 2966 1700 ea
2995 1647 3208 1718 singula
3237 1665 3358 1718 quae
3392 1650 3447 1704 in
3478 1651 3598 1720 ipso

2011 1736 2384 1802 continentur,
2417 1737 2744 1807 diligentius
2776 1738 2916 1793 intra
2965 1740 3302 1794 recensenda
3340 1751 3488 1796 sunt.

2085 1828 2160 1897 (Δ)
2193 1826 2530 1882 Ραῑνεεύενο
2564 1837 2612 1882 et
2641 1832 2760 1895 avi,
2798 1840 2908 1886 etc.
2942 1830 3068 1884 llaec
3101 1832 3288 1894 verba.
3318 1847 3440 1886 cum
3473 1833 3599 1888 aliis

2013 1919 2306 1986 conjuncta
2335 1935 2457 1989 quae
2487 1930 2797 1990 sequuntur
2817 1959 2832 1985 ,
2861 1931 2922 1975 ut
2957 1931 3146 1990 postea
3180 1921 3593 1984 adnotabimus,

2013 2011 2272 2066 vitientur
2301 2014 2433 2068 satis
2493 2013 2858 2075 indicare,“
2905 2013 3106 2068 illustri
3167 2015 3335 2069 fuisse
3397 2033 3598 2084 genere

2012 2103 2295 2174 Cyprium,
2326 2105 2566 2174 itemque
2599 2103 2848 2158 Graecum
2882 2105 3182 2168 hominem.
3219 2116 3274 2160 et
3306 2122 3370 2159 ex
3399 2123 3599 2176 paron-

2015 2198 2163 2252 tibus
2190 2197 2394 2251 Graecis
2422 2206 2629 2250 natum.
2666 2197 2774 2250 Leo
2807 2198 3056 2263 Allatius,
3100 2199 3175 2251 De
3212 2197 3463 2252 Ecclesia:
3492 2199 3594 2255 0c-

2012 2291 2290 2345 cidentalis
2347 2299 2504 2359 atque
2559 2289 2847 2345 orientalis
2901 2300 3152 2360 perpetua
3210 2292 3594 2356 consensione,

2012 2382 2107 2436 lib.
2139 2397 2198 2441 tt.
2233 2398 2354 2449 cap.
2396 2380 2659 2444 15.uum.
2694 2381 2782 2442 12,
2811 2381 3105 2449 Georgium
3145 2379 3401 2449 Cyprium
3435 2392 3600 2435 vocat

2012 2473 2262 2527 Latinum
2295 2473 2624 2528 scribentem
2653 2481 2838 2528 contra
2870 2473 3110 2528 Latinos.
3144 2474 3201 2528 Id
3229 2489 3395 2528 unum
3433 2476 3601 2530 refert

2015 2566 2068 2620 iu
2105 2565 2342 2618 Diatriba
2376 2565 2442 2618 de
2469 2564 2738 2635 Georgiis.
2770 2565 3008 2618 eumdem
3043 2565 3186 2634 apud
3217 2565 3383 2619 Italos
3412 2574 3598 2619 natum

2011 2656 2060 2710 et
2101 2658 2360 2719 adultum,
2396 2673 2507 2710 sese
2530 2657 2858 2726 postmodum
2881 2658 3020 2709 inter
3061 2655 3270 2710 Grtccos
3295 2659 3598 2727 conjecisse.

2011 2748 2114 2802 Sed
2186 2751 2384 2803 iterum
2453 2749 2506 2802 in
2562 2749 2906 2818 llottingero,
2937 2749 3116 2818 capite
3166 2749 3252 2813 I9,
3282 2764 3397 2817 pag.
3465 2749 3595 2812 478,

2013 2837 2186 2907 ipsum
2215 2841 2431 2906 asserit,
2460 2840 2666 2894 Latinis
2698 2843 3003 2911 parentibus
3025 2849 3220 2894 ortum.
3245 2840 3388 2894 Nihil
3430 2839 3597 2894 basi-

2015 2942 2193 2987 tantes
2242 2931 2449 2987 Latinis
2488 2934 2668 3003 ipsum
2703 2933 3010 3004 parentibus
3052 2934 3105 2984 in
3147 2931 3322 3000 Cypro
3380 2941 3595 2994 natum,

2011 3036 2272 3078 euarrant
2295 3025 2620 3104 Guillelmus
2665 3024 2808 3080 Cave
2853 3026 2905 3078 in
2941 3025 3176 3078 Historia
3207 3014 3498 3078 Lt’tteraria
3528 3025 3597 3079 ad

2012 3133 2218 3171 annum
2255 3117 2431 3175 19.84:
2461 3117 2765 3172 Casimirus
2810 3117 3059 3172 Oudiuus
3089 3118 3142 3171 in
3185 3117 3598 3172 Commentario

1960 3238 1966 3242 -
2014 3209 2081 3266 de
2117 3211 2486 3280 scriptoribus
2521 3210 2911 3265 ecclesiasticis
2953 3220 3105 3264 tomo
3141 3211 3231 3275 IlI,
3285 3212 3354 3265 ad
3388 3227 3594 3266 annum

2020 3305 2246 3370 1280,et
2267 3305 2493 3359 Michael
2522 3303 2835 3375 Lequienus
2862 3305 2914 3357 in
2935 3303 3146 3359 Oriente
3177 3321 3350 3368 sacro,
3376 3315 3525 3358 tomo
3549 3305 3594 3369 l,

2015 3399 2070 3455 in
2099 3398 2428 3469 patriarchis
2461 3397 3108 3466 Constantinopolitanis.
3138 3396 3275 3450 Nota
3317 3397 3448 3450 milii
3481 3412 3593 3451 non

2013 3502 2143 3544 sunt
2204 3491 2430 3560 hujusce
2488 3489 2566 3542 rei
2631 3490 2858 3557 probata
2921 3496 3295 3540 monumenta.
3352 3487 3596 3541 Joannes

2014 3585 2241 3644 Beccus.
2275 3599 2343 3637 ex
2379 3581 2751 3652 patriarchatu
2794 3580 2960 3650 regiae
2992 3581 3148 3636 urbis
3176 3582 3332 3635 exsul
3364 3581 3595 3635 Prusam

2015 3677 2235 3738 missus,
2261 3685 2450 3729 contra
2485 3673 2778 3742 Georgium
2812 3672 2892 3726 vel
2945 3671 3270 3741 Gregorium
3305 3673 3384 3726 sic
3416 3672 3602 3726 aiebat

2015 3769 2157 3839 apud
2184 3769 2574 3836 Pacltymerem
2607 3767 2659 3818 in
2692 3764 3033 3826 Andronico.
3055 3765 3199 3819 libro
3224 3780 3265 3829 ι,
3292 3764 3470 3834 capite
3492 3765 3599 3819 διε

2015 3861 2104 3916 Me
2137 3860 2434 3914 Romanum
2459 3858 2576 3928 (seu
2604 3856 2874 3920 Grtecum)
2932 3857 3218 3922 hominem,
3248 3873 3276 3910 e
3319 3873 3460 3910 novae
3492 3856 3603 3911 Ro-

2018 3973 2116 4008 mae
2141 3951 2737 4020 (Constantinopoleos)
2768 3952 2960 4004 civibus
2997 3962 3206 4015 natum,
3233 3951 3557 4004 aversamini
3583 3970 3602 4008 :

2017 4048 2232 4100 interim
2298 4047 2424 4097 dum
2483 4059 2579 4114 pro
2637 4045 2947 4112 patriarcha
2975 4045 3302 4098 veneramini
3338 4045 3510 4115 ἄνδρα
3540 4046 3603 4098 δὲ

2019 4138 2152 4207 παρ’
2196 4137 2420 4197 Ἰταλοῖς
2453 4135 2788 4204 γεννηθέντα
2821 4151 2879 4187 τε
2934 4136 3028 4189 καὶ
3075 4138 3384 4207 τραφέντα,
3430 4136 3605 4189 virum

2021 4230 2164 4302 apud
2215 4229 2381 4283 Italos
2439 4227 2555 4299 (seu
2590 4227 2858 4295 Latinos),
2916 4237 3100 4281 natum
3133 4238 3180 4282 et
3231 4229 3471 4282 adultum
3524 4229 3606 4296 (in

2020 4323 2200 4379 insula
2243 4323 2456 4376 scilicet
2499 4319 2701 4392 Cypro,
2729 4321 2817 4374 cui
2853 4335 3008 4388 reges
3034 4320 3313 4376 Lusiniani
3348 4321 3607 4376 domina—

2021 4415 2289 4490 bantur)..
2324 4415 2522 4467 Petrus
2589 4413 2853 4467 Possiuus
2903 4427 2967 4466 ea
3013 4413 3178 4466 verba
3233 4414 3313 4467 sic
3379 4414 3602 4469 reddit:

2021 4507 2274 4576 Cyprium
2311 4508 2595 4570 advenam,
2643 4507 2700 4559 in
2755 4521 2816 4558 ea
2861 4504 3068 4558 Latinae
3104 4505 3318 4558 ditionis
3348 4505 3524 4560 insula
3579 4522 3607 4560 e

2021 4599 2223 4653 Latinis
2251 4600 2507 4669 genitum.
2540 4596 2670 4661 Sed,
2707 4597 2848 4664 apud
2888 4595 3136 4659 Latinos,
3183 4599 3366 4650 verior
3391 4607 3476 4652 est
3516 4599 3606 4652 in-

2023 4693 2367 4762 terpretatio.
2387 4692 2555 4746 Ortus
2580 4693 2720 4759 eius,
2745 4701 2800 4744 et
2828 4689 3084 4744 educatio
3113 4689 3166 4743 in
3184 4688 3381 4760 Cypro,
3399 4690 3608 4746 Latina:

2023 4786 2248 4840 ditionis
2278 4786 2480 4850 insula,
2516 4799 2704 4839 ansam
2745 4783 2960 4837 dederit
3011 4783 3242 4844 rumori.
3280 4783 3373 4853 qui
3410 4799 3474 4837 es
3503 4783 3610 4836 La-

2025 4879 2156 4934 tinis
2222 4879 2547 4948 parentibus
2609 4887 2799 4929 natum
2862 4874 3092 4928 ferebat.
3153 4874 3227 4928 Es
3276 4891 3339 4929 ea
3394 4875 3608 4945 origine

2025 4974 2280 5042 vulgares
2299 4973 2436 5026 alias
2463 4969 2805 5038 suspiciones
2853 4970 3140 5038 prodiisse,
3173 4969 3394 5022 adnotat
3446 4969 3610 5024 Nice-

2026 5068 2234 5134 pltorus
2280 5064 2551 5134 Gregoras
2602 5062 2745 5116 libro
2798 5077 2893 5124 vn,
2931 5061 3108 5130 capite
3163 5061 3216 5125 1,
3251 5076 3402 5115 num.
3437 5062 3492 5126 7,
3530 5061 3610 5116 Eo

2026 5164 2303 5223 prwtextu,
2373 5155 2647 5222 inquiens,
2703 5150 2842 5220 quod
2894 5151 3083 5219 viginti
3137 5160 3290 5202 natus
3341 5166 3532 5216 annos,
3585 5169 3612 5206 e

2028 5248 2202 5317 Cypro
2263 5247 2329 5298 ad
2391 5245 2658 5298 Romanos
2720 5259 2892 5296 mores
2936 5258 2989 5294 se
3033 5243 3359 5308 contulisset,
3413 5254 3500 5300 et.
3537 5284 3551 5296 .
3597 5285 3611 5299 .

335 5346 494 5399 brum
525 5340 766 5411 intellige
794 5344 1070 5405 volumen,
1127 5343 1180 5392 in
1216 5355 1326 5408 quo
1355 5339 1625 5410 Georgius
1657 5341 1918 5407 upuscula
1950 5329 2000 5390 D
2027 5340 2200 5394 locum
2239 5341 2457 5392 dedisset
2491 5338 2648 5407 vulgo
2677 5336 2986 5406 suspicaudi
3009 5377 3022 5402 ,
3059 5335 3264 5388 lectoris
3293 5337 3532 5389 ordinem
3567 5339 3615 5391 ei

338 5450 434 5488 sua
469 5434 648 5504 plura,
706 5449 942 5499 suasque
983 5431 1250 5499 plurimas
1305 5432 1569 5500 epistolas
1609 5449 1714 5487 una
1754 5431 1918 5486 simul

339 5527 744 5599 collegerit.Ad
778 5519 1150 5594 Epistolarum
1196 5525 1580 5578 collectionem
1605 5523 1750 5592 quod
1801 5525 1926 5577 atti-

344 5631 457 5685 net,
492 5622 608 5674 haec
641 5619 782 5673 idem
816 5617 1082 5688 Georgius
1139 5617 1301 5670 habet
1350 5617 1402 5670 in
1436 5616 1661 5685 epistola
1695 5617 1759 5670 ad
1817 5633 1927 5670 nia-

341 5733 509 5790 gnum
535 5716 892 5786 logotbetam,
939 5729 1060 5783 qua:
1105 5713 1156 5766 in
1205 5711 1393 5766 codice
1423 5723 1746 5765 numeratur
1771 5714 1871 5768 155
1907 5731 1921 5766 :

359 5813 687 5874 Ἐπιστολάς
713 5810 810 5874 τὰς
843 5807 1100 5881 ἐμαυτοῦ,
1133 5806 1355 5861 ἄλλοθεν
1399 5806 1584 5876 ἄλλην,
1608 5806 1680 5871 ὡς
1710 5807 1772 5862 ἂν
1816 5803 1924 5871 οἶός

2028 5430 2281 5484 collatum
2311 5429 2467 5498 fuisse
2509 5429 2612 5500 14
2634 5445 2665 5482 a
2697 5425 2922 5480 Latinis.
2946 5426 3148 5480 Textus
3169 5424 3410 5486 Gnecus,
3438 5443 3618 5495 κειρο-

2034 5523 2222 5576 οεσίαν
2278 5523 2429 5592 παρὰ
2469 5523 2715 5574 Λατίνων
2744 5519 2980 5584 ἐδέξατο,
3013 5517 3280 5578 redditur,
3324 5535 3354 5571 a
3383 5517 3614 5583 Latinis,

2033 5625 2094 5668 ut
2145 5615 2358 5668 diversa
2396 5611 2602 5668 evincit
2650 5609 2991 5666 constructio
3027 5625 3151 5662 cum
3192 5609 3434 5676 genitivo
3467 5609 3614 5680 apud

2035 5707 2349 5778 Gregoram,
2387 5721 2511 5760 cum
2545 5706 2728 5758 dativo
2771 5704 2913 5772 apud
2947 5703 3356 5772 l’acbymerem.

2103 5803 2180 5872 (5)
2217 5801 2427 5857 Servire
2457 5799 2709 5854 Barbttrts
2743 5788 2968 5849 Latinis.
3023 5795 3225 5848 Notum
3261 5797 3483 5864 cuique,
3511 5812 3618 5852 cat-
