3858 6484
258 410 320 472 :n
1510 392 1513 397 '
1604 400 1797 463 VITA.
1841 398 2180 480 —No'r.a.
3436 406 3508 473 34

258 538 395 582 teros
431 527 668 597 pepulos
702 528 890 585 vocari
925 542 954 580 a
981 522 1188 580 Graecis
1220 519 1571 577 consuevisse
1610 517 1824 572 Barba-
1851 518 1892 570 Α
1923 528 2070 568 anno
2113 514 2337 571 circiter
2369 515 2501 575 1241
2549 519 2754 575 natales
2787 519 3048 579 habuisse
3106 524 3389 597 Cyprium,
3425 529 3512 587 in-

255 636 352 673 ros.
382 619 723 690 Ducangium
763 618 990 673 consule
1038 616 1091 670 in
1141 630 1207 670 ea
1236 627 1371 669 voce
1418 611 1635 666 Latina.
1665 608 1828 663 Italos

254 710 490 780 intellige
525 710 774 772 Latinos,
801 710 896 780 qui
924 708 1164 780 Cyprum
1208 704 1443 759 insulam
1474 702 1580 757 sub
1606 700 1827 771 regibus

254 799 561 854 Lusinianis
588 799 925 854 incolebant.
948 794 1387 851 Montfauconius
1416 793 1471 847 in
1496 790 1685 844 Diario
1715 789 1827 844 Ita-

254 889 368 954 lico,
388 905 443 960 p.
476 890 564 952 ﬂ,
584 889 830 945 codicem
859 888 1057 943 Leonis
1074 885 1350 957 Sapientis
1371 898 1666 939 recensens
1684 882 1828 935 κατὰ

263 981 498 1043 Ἰταλῶν.
526 982 694 1036 vertit
721 989 907 1035 contra
946 977 1207 1041 ltalos,id
1237 984 1320 1031 est
1363 984 1549 1029 contra
1580 973 1823 1038 Latinos,

255 1082 312 1126 ut
366 1073 640 1128 Antonius
696 1071 863 1126 Maria
917 1068 1195 1126 Salvinius
1247 1065 1533 1121 adnotavit
1570 1064 1636 1117 ad
1669 1078 1823 1118 oram

250 1165 495 1235 ejusdem
533 1165 724 1229 Diarii,
768 1178 877 1234 quo
914 1162 1190 1216 utebatur.
1241 1157 1380 1215 Vide
1418 1157 1703 1228 Symbolas
1734 1155 1827 1209 lit-

252 1259 477 1313 tersrias
508 1255 800 1311 Florentiae
826 1255 1002 1310 editas
1032 1253 1141 1307 vol.
1170 1250 1257 1318 Vl,
1293 1261 1487 1319 opusc.
1536 1264 1613 1312 vn,
1647 1263 1702 1317 p.
1732 1247 1824 1302 44.

247 1347 426 1420 Cyprii
462 1347 677 1402 initium
720 1345 873 1416 regni
915 1353 1140 1400 enarrat
1173 1340 1501 1398 Guillelmus
1527 1339 1595 1393 de
1625 1337 1829 1408 Nangis

251 1442 302 1494 in
322 1439 603 1497 Chronico
624 1438 767 1510 apud
797 1438 1120 1492 Daeherium
1147 1436 1200 1489 in
1226 1433 1543 1504 Spicilegio,
1567 1442 1714 1486 tomo
1733 1431 1824 1496 lll,

251 1532 304 1586 in
329 1530 425 1585 fol.
453 1532 522 1584 ad
546 1546 751 1584 annum
788 1529 948 1589 1191,
988 1529 1074 1583 his
1117 1527 1301 1581 verbis
1333 1540 1348 1578 :
1379 1524 1673 1579 Richardus
1707 1540 1827 1578 uero

250 1640 342 1677 rex
371 1622 578 1693 Anglia:
599 1639 715 1675 cum
743 1622 945 1676 ratibus
972 1630 1020 1674 et
1040 1619 1204 1691 galeis
1229 1627 1343 1687 post
1372 1632 1545 1687 regem
1576 1614 1827 1670 Francite

250 1721 311 1769 de
342 1713 534 1769 Sicilia
569 1730 801 1775 movens,
830 1713 966 1767 venit
991 1714 1044 1766 in
1074 1710 1302 1782 Cyprum
1322 1727 1341 1774 ,'
1364 1708 1534 1778 ibique
1554 1707 1826 1761 inveniens

250 1808 529 1871 quemdam
576 1806 1171 1876 pseudo-imperatorem
1215 1803 1405 1856 insula:
1442 1802 1822 1875 dominantem.

1930 606 2098 662 ferins
2128 607 2394 664 dicemus.
2427 609 2622 665 insula:
2666 612 3056 669 dominabatur
3090 617 3361 674 Henricus
3392 622 3434 676 Ι.

1999 700 2074 770 (7)
2108 699 2172 754 In
2205 699 2642 757 Callinicensium
2677 704 2859 759 urbem
2907 707 3155 763 mittitur.
3214 711 3267 764 In
3321 710 3513 769 Grato!)

1928 802 2077 847 textu
2147 794 2399 862 legitur:
2459 797 2540 856 ei;
2597 796 2696 866 τὴν
2752 798 3205 855 Καλλινικισέων.
3242 804 3354 860 Vox
3407 806 3512 862 ista

1887 869 1893 881 ⁷
1927 880 2112 936 Grreca
2137 898 2243 937 non
2266 886 2513 939 occurrit
2536 886 2590 940 in
2617 888 2804 943 lexieis
2820 891 3200 960 geographicis
3219 910 3340 962 qua:
3360 896 3513 950 licuit

1926 976 2202 1031 evolvere.
2246 977 2479 1041 lntelligi
2516 980 2790 1034 Nicosiam
2821 993 2977 1051 puto,
3003 1000 3126 1053 quae
3158 994 3215 1039 et
3252 986 3511 1043 Leucosia

1931 1077 2242 1137 nuncupata
2268 1086 2283 1124 :
2308 1070 2527 1125 civilem
2552 1073 2742 1128 iusqu
2771 1077 3118 1144 metropolim
3153 1078 3255 1132 sub
3289 1082 3511 1148 regibus

1929 1156 2272 1216 Lusinianis:
2294 1162 2534 1233 itemque
2557 1165 3010 1229 ecclesiasticam,
3028 1169 3507 1239 archiepiseOpam

1927 1263 1995 1302 ex
2026 1249 2300 1305 Salamina
2332 1252 2735 1323 Famagustam,
2762 1263 2818 1311 et
2853 1272 2918 1313 es
2961 1257 3065 1312 hac
3105 1260 3368 1315 translato
3409 1261 3509 1316 Ni-

1927 1341 2152 1397 cosiam.
2212 1342 2552 1413 Lequienum
2629 1349 2856 1404 consule
2918 1349 2973 1404 in
3036 1353 3246 1406 Oriente
3306 1371 3502 1420 sacro,

1930 1437 2081 1485 tomo
2107 1429 2196 1498 lll,
2227 1448 2350 1504 pag.
2382 1435 2536 1491 ηοξ.
2558 1437 2711 1492 Hanc
2739 1438 2945 1508 primus
2974 1441 3499 1512 archiepiscopalem

1932 1522 2107 1577 tenuit
2139 1523 2325 1579 sedem
2374 1525 2710 1584 Durandus:
2751 1537 2864 1583 tum
2902 1545 3047 1585 anno
3083 1532 3242 1594 1211,
3274 1535 3360 1588 vel
3386 1534 3506 1603 ipse

1931 1612 2220 1670 [iurandus
2254 1615 2452 1671 iterum
2504 1617 2747 1688 legitime
2782 1623 3014 1686 electus,
3047 1623 3133 1677 vel
3189 1624 3509 1693 Anonymus

1926 1703 2149 1772 quidam
2175 1722 2188 1758 :
2216 1720 2362 1761 anno
2398 1707 2560 1774 1215,
2588 1709 2913 1780 Enstorgius
2933 1732 2946 1779 ;
2968 1729 3110 1768 anno
3137 1715 3292 1779 1240,
3318 1717 3505 1783 Elias;

1928 1801 1983 1847 et
2016 1809 2161 1849 anno
2215 1795 2354 1852 1250
2408 1798 2492 1854 vel
2528 1799 3063 1873 insequenti,Hugo.
3115 1802 3350 1860 Sedente
3399 1806 3510 1862 liu-

249 1903 417 1970 ipsum
441 1872 624 1965 cepit:
658 1897 932 1968 Cyproque
950 1897 1026 1950 sic
1063 1895 1542 1965 subjugata,gente
1580 1872 1680 1946 sua
1711 1908 1829 1947 eam
1858 1872 1905 1933 Β
1932 1897 2375 1956 gone,statutum
2405 1891 2473 1945 ab
2504 1892 2814 1949 Alexandro
2854 1895 2938 1958 IV,
2975 1872 3191 1952 summo
3224 1899 3506 1968 pontiﬁce,

250 1991 493 2046 muniuit.
528 1991 595 2045 Et
631 1993 697 2043 ad
729 2005 933 2044 annum
979 1988 1144 2044 “92:
1184 1987 1475 2041 Richardus
1506 2002 1600 2040 rex
1627 1985 1831 2055 Anglia:

248 2084 482 2138 uendidit
522 2082 753 2138 insulam
784 2081 945 2153 Cypri
991 2080 1215 2137 Cuidoni
1255 2079 1620 2149 (Lusiniano),
1664 2095 1833 2149 quon-

252 2177 374 2229 dam
393 2172 698 2229 Jerusalem
727 2175 873 2243 regi:
898 2172 991 2243 qui
1017 2187 1111 2225 rex
1142 2171 1242 2243 fuit
1272 2172 1462 2225 ibidem
1492 2171 1851 2224 constitutus.

254 2268 469 2323 Pseudo
521 2268 675 2322 illum
730 2268 1140 2335 imperatorem,
1168 2265 1263 2335 qui
1295 2263 1479 2335 Cypro
1511 2262 1833 2317 dominaba-

256 2371 366 2422 tur,
414 2358 686 2414 Isaacium
728 2358 1053 2413 Comnenum
1086 2342 1247 2411 vocat
1286 2355 1503 2409 Nicetes
1558 2353 1828 2409 Choniata

250 2454 393 2509 libro
420 2470 458 2508 η
484 2452 800 2516 Annalium,
827 2452 880 2505 in
908 2451 1036 2505 line.
1059 2449 1194 2517 Quis
1214 2449 1303 2503 ille
1325 2448 1509 2511 fuerit,
1530 2456 1587 2502 et
1611 2445 1832 2516 quando

252 2546 485 2601 insulam
539 2548 769 2615 ceperit,
825 2552 1009 2599 narrat
1056 2543 1200 2597 idem
1247 2542 1564 2601 Annalista,
1593 2540 1733 2594 libro
1772 2554 1829 2593 t:

255 2640 391 2694 Erat
448 2640 530 2693 uir
579 2638 793 2709 quidam
846 2637 1229 2700 nobilissimus,
1290 2633 1568 2716 inquiens,
1623 2633 1832 2686 nomine

251 2730 730 2793 Isaacius,lsaacii
751 2729 1209 2793 sebastocrutoris,
1244 2742 1394 2796 quem
1422 2725 1642 2794 fratrem
1672 2724 1833 2794 fuisse

256 2823 515 2877 Hunuelis
546 2824 880 2885 diximus,ex
921 2821 1039 2888 ﬁlia
1079 2834 1264 2889 nepos.
1295 2815 1352 2871 Is
1394 2816 1658 2871 Armenia:
1704 2816 1831 2869 vici-

252 2918 439 2985 nisque
488 2915 616 2969 locis
658 2913 914 2968 Romanae
949 2911 1184 2973 ditionis,
1234 2918 1282 2963 et
1319 2914 1478 2964 Tarso
1533 2927 1566 2964 α
1624 2908 1830 2978 majore

252 3021 451 3083 patruo
481 3005 730 3061 Manuele
760 3006 1091 3077 pra'positus,
1125 3003 1403 3056 commisso
1433 3017 1553 3055 cum
1598 3000 1831 3055 hostibus

251 3101 525 3154 Armeniis
555 3098 737 3165 proelio
761 3107 966 3165 captus,
1009 3093 1259 3179 Manuale
1295 3089 1692 3164 (imperatore),
1707 3092 1829 3160 jam

250 3192 498 3261 defuncto
526 3192 691 3262 (anno
729 3187 911 3258 1180),
942 3189 998 3241 in
1044 3187 1339 3241 custodiam
1376 3185 1557 3283 datur.
1603 3181 1670 3283 in
1723 3199 1829 3253 qua
1860 3227 1901 3283 ϐ

251 3299 373 3335 cum
424 3281 581 3350 longo
631 3289 858 3348 tempore
885 3279 1087 3349 fuisset.
1134 3315 1152 3331 .
1177 3316 1191 3331 .
1220 3316 1236 3332 .
1272 3276 1485 3331 tandem
1529 3275 1829 3344 redemptus

250 3375 585 3427 commodum
635 3373 693 3425 in
740 3373 972 3439 patriam
1017 3370 1247 3423 reditum
1286 3369 1487 3431 habuit,
1530 3367 1829 3420 Andronico

251 3461 627 3530 redemptionis
688 3461 934 3530 adjutore
977 3459 1091 3527 (qui
1130 3454 1679 3526 usurpatutnAlcxio
1732 3457 1834 3509 im-

250 3553 470 3625 perium
524 3552 673 3607 solus
725 3566 871 3624 anno
904 3550 1044 3605 1185
1087 3549 1475 3603 administrare
1529 3546 1715 3613 coepit,
1775 3555 1830 3602 et

246 3660 399 3698 anno
437 3642 572 3698 1185
602 3644 820 3698 occisus
842 3642 1023 3712 obiit).
1068 3640 1326 3701 Isaacius,
1357 3654 1477 3692 cum
1525 3638 1828 3691 Andronico

244 3735 453 3799 cedere,
488 3752 551 3788 ac
597 3735 652 3789 in
690 3736 924 3804 patriam
979 3733 1155 3786 redire
1195 3731 1355 3785 nollet
1395 3771 1408 3785 .
1442 3769 1456 3783 .
1497 3772 1511 3785 .
1541 3732 1633 3784 sed
1662 3732 1830 3802 impe-

246 3842 398 3891 rare,
426 3844 591 3898 quam
633 3828 854 3895 imperio
895 3841 1077 3879 carere
1124 3824 1308 3879 mallet
1340 3861 1356 3877 .
1390 3863 1405 3878 .
1431 3864 1446 3880 .
1478 3822 1650 3895 Cypro
1708 3840 1828 3878 cum

246 3935 451 3990 magna
501 3934 664 3973 manu
701 3926 990 3989 occupata,
1025 3918 1289 3988 principio
1331 3934 1387 3971 se
1444 3933 1539 3987 pro
1594 3916 1829 3987 legitimo

243 4020 480 4080 praetore
509 4013 600 4081 qui
628 4013 693 4065 ab
718 4012 1040 4081 imperatore
1076 4011 1266 4065 missus
1294 4017 1447 4074 esset,
1474 4011 1611 4080 gerit
1645 4009 1828 4065 litteris

246 4104 475 4158 ostensis
530 4105 905 4173 imperatoriis,
943 4118 1076 4173 quas
1128 4103 1239 4172 ipse
1287 4110 1694 4173 composuerat.

244 4209 435 4247 verum
489 4209 595 4248 non
640 4193 806 4249 multo
856 4202 973 4263 post
1016 4210 1071 4248 se
1109 4206 1396 4265 tyrannum
1428 4196 1692 4265 professus
1724 4201 1824 4249 est.

250 4282 408 4338 Hanc
434 4284 621 4354 itaque
649 4284 908 4349 insulam,
938 4299 1100 4352 quam
1132 4283 1484 4338 Andronicus
1505 4285 1824 4352 imperator,

245 4391 317 4431 ac
345 4390 636 4433 successor
660 4378 780 4448 ejus
800 4376 1038 4432 lsaacius
1066 4376 1328 4443 Angelus.
1352 4376 1566 4444 eripere
1594 4384 1828 4446 tyranno

246 4483 364 4522 non
414 4477 687 4538 potuere,
734 4467 1045 4538 subjugavit
1104 4466 1415 4522 Richardus
1468 4481 1563 4521 rex
1624 4465 1830 4536 Anglice

246 4574 401 4614 anno
425 4550 588 4622 1191,
614 4559 829 4630 sibique
854 4558 1132 4613 venditam
1179 4566 1429 4614 tenuere.
1458 4572 1613 4629 reges
1668 4555 1829 4611 Lusi—
1854 4582 1906 4641 υ

245 4652 427 4706 niani.
463 4650 671 4718 Varias,
707 4669 830 4723 quae
867 4652 1210 4717 acciderunt,
1237 4651 1433 4715 insulae
1455 4651 1636 4724 Cypro
1675 4653 1827 4707 cala-

246 4747 474 4799 mitates
518 4755 703 4800 narrat
756 4744 1074 4815 Neophytus
1104 4746 1391 4816 presbyter
1433 4744 1735 4799 monachus
1773 4753 1830 4799 et

247 4836 501 4891 inclusus
529 4837 673 4907 apud
713 4836 1046 4893 Cotelerium
1076 4838 1131 4890 in
1170 4834 1528 4890 Monumentis
1576 4834 1830 4890 Ecclesia:

247 4928 474 4986 Greece.
505 4938 654 4983 tomo
685 4928 752 4993 ll,
782 4926 885 4998 15
924 4944 1046 4999 pag.
1076 4928 1203 4982 457.
1236 4927 1476 4983 Guidoni
1525 4926 1828 4981 Lusiniano

245 5022 437 5090 primo
474 5021 638 5092 Cypri
674 5021 787 5090 regi
837 5035 981 5074 anno
1016 5020 1152 5074 1191
1189 5019 1455 5074 successit
1500 5017 1826 5072 Almcricus.

247 5113 415 5168 Hunc
456 5128 721 5183 excepere
790 5129 935 5168 anno
982 5112 1143 5176 i205,
1173 5111 1415 5183 ﬂugol;
1463 5126 1608 5165 anno
1658 5110 1828 5175 1218,

248 5207 532 5261 Henricus
582 5206 639 5273 l;
693 5221 839 5261 anno
900 5206 1059 5269 1255,
1116 5205 1271 5275 Hugo
1325 5205 1407 5270 ll;
1469 5218 1615 5258 anno
1667 5203 1826 5270 1Ξ67,

246 5296 412 5368 Hugo
439 5297 545 5364 Ill;
582 5311 723 5367 quos
755 5297 857 5350 hoc
887 5295 1009 5350 loco
1039 5294 1174 5350 satis
1207 5303 1293 5349 est
1317 5309 1701 5350 enumerasse.

324 5390 403 5461 (6)
433 5389 628 5444 Novem
651 5391 862 5443 omnino
884 5398 1174 5443 excesserat
1198 5403 1386 5442 annos.
1428 5386 1536 5442 Sua
1570 5387 1625 5441 in
1652 5387 1830 5457 patria

245 5483 624 5554 grammatica:
660 5481 986 5536 rudimentis
1019 5481 1072 5535 in
1121 5479 1464 5546 Latinorum,
1491 5487 1551 5534 ut
1587 5479 1827 5545 videtur,

246 5573 459 5629 scholis
480 5587 706 5642 operam
730 5571 879 5627 dedit
907 5572 1195 5642 Georgius,
1227 5580 1284 5625 ut
1330 5570 1472 5625 infra
1506 5571 1824 5626 dicendum.

242 5664 457 5721 Novem
480 5665 663 5720 aetatis
691 5678 864 5719 annos
894 5680 1019 5720 cum
1036 5664 1326 5733 explesset,
1359 5664 1466 5718 alio
1501 5662 1702 5719 missus
1721 5674 1826 5728 est,

244 5758 438 5814 nobi1e
459 5768 518 5815 et
548 5772 676 5815 acre
712 5758 990 5829 ingenium
1015 5800 1030 5823 ,
1063 5759 1222 5829 cujus
1251 5756 1553 5826 specimina
1576 5757 1824 5823 dederat,

240 5850 599 5909 exculturus.
615 5849 675 5906 ld
693 5851 959 5906 accidisse
979 5841 1129 5905 anno
1149 5848 1370 5905 circiter
1397 5847 1554 5912 1250,
1575 5847 1824 5915 adeoque

1931 1992 2077 2033 anno
2098 1978 2259 2045 i260,
2305 1981 2474 2036 latum
2505 1994 2610 2045 est,
2658 2002 2768 2055 quo
2789 1987 3140 2043 indicebatur
3168 2006 3182 2043 :
3220 2002 3348 2060 post
3368 1991 3508 2048 Ger-

1931 2071 2077 2124 mani
2125 2072 2300 2127 Grteci
2330 2075 2731 2148 archiepiscopi
2761 2079 2992 2146 obitum,
3030 2082 3146 2138 sive
3174 2084 3504 2153 cessionem,

1930 2161 2142 2216 nullum
2169 2162 2428 2236 deinceps
2454 2171 2857 2239 metropolitam
2902 2174 3152 2229 Graecum
3185 2177 3239 2230 in
3265 2176 3388 2245 ejus
3420 2179 3515 2235 lo-.

1931 2267 2055 2308 cum
2120 2255 2486 2314 ordinandum
2542 2277 2661 2318 esse
2704 2283 2715 2318 :
2776 2273 2831 2319 et
2871 2277 3109 2336 quatuor
3162 2269 3511 2327 solummodo

1931 2346 2318 2417 episcoporum
2351 2349 2525 2407 Gra-ci
2577 2356 2719 2411 ritus
2748 2359 2866 2412 fore
2908 2357 3090 2425 sedes,
3122 2358 3425 2417 Soliensem
3451 2363 3508 2417 in

1932 2438 2158 2495 diceeesi
2182 2441 2509 2511 Nicosiensi,
2532 2445 2927 2505 Arsinoensem
2963 2451 3017 2504 in
3052 2451 3343 2521 Paphensi.
3376 2454 3512 2510 Car-

1932 2531 2242 2600 pasiensem
2304 2534 2362 2589 in
2426 2536 2847 2607 Famagustsna,
2902 2551 2960 2597 et
3003 2542 3401 2602 Leucarensem
3454 2549 3511 2605 in

1931 2622 2298 2682 Nemosiensi.
2349 2627 2470 2695 Quo
2503 2627 2777 2686 Nicosiam
2817 2635 3028 2703 appulit
3053 2635 3322 2707 Georgius
3368 2651 3510 2697 tem-

1931 2728 2086 2781 pore,
2118 2719 2468 2788 metropolim
2496 2724 2921 2780 ecclesiasticam
2958 2716 3177 2784 tenebat
3206 2731 3377 2799 Elias,
3418 2744 3514 2790 aut

1933 2805 2110 2877 Hugo.
2147 2807 2421 2866 Henricus
2454 2813 2718 2878 Hilarius,
2759 2817 2815 2871 in
2853 2820 3000 2875 notis
3031 2830 3090 2876 et
3136 2824 3512 2883 additionibus
3600 2842 3603 2843 '

1931 2899 1998 2953 ad
2025 2900 2255 2972 Philippi
2290 2903 2470 2976 Cyprii
2518 2906 2836 2965 Chronicon
2865 2911 3125 2971 Ecclesia:
3156 2915 3380 2984 Graecae,
3405 2919 3510 2975 ad-

1933 3004 2107 3054 notat.
2134 2994 2427 3068 Georgium
2464 3015 2492 3053 e
2536 2999 2710 3070 Cypro
2737 3005 3037 3059 studiorum
3082 3011 3257 3076 gratia
3287 3011 3345 3064 in
3392 3009 3511 3068 Ita-

1935 3083 2063 3139 liam
2087 3089 2382 3158 nauigasse,
2412 3099 2463 3143 et
2485 3093 2538 3145 in
2561 3091 2822 3148 Graeciam
2842 3107 3022 3162 postea
3044 3099 3277 3154 rediisse.
3308 3100 3511 3157 Errare

1935 3177 2054 3233 sine
2071 3178 2239 3233 dubio
2264 3190 2457 3249 captus
2475 3193 2579 3244 est.
2594 3186 2758 3240 verba
2790 3187 2878 3241 illa
2899 3204 3006 3242 non
3036 3184 3372 3258 intelligens,
3390 3209 3514 3264 quae

1936 3285 1968 3324 a
1995 3268 2204 3326 Joanne
2234 3272 2408 3328 Becco
2426 3276 2573 3330 dicta
2592 3276 2831 3346 legebat.
2857 3279 3118 3349 Cyprium
3144 3283 3355 3338 scilicet
3375 3285 3515 3355 παρ’

1948 3359 2191 3426 Ἰταλοῖς,
2221 3366 2364 3433 apud
2388 3364 2578 3433 Italos,
2601 3369 2653 3422 id
2683 3379 2768 3424 est
2812 3368 3050 3432 Latinos,
3074 3374 3335 3430 adultum.
3377 3376 3512 3434 Vide

1935 3453 2101 3508 etiam
2131 3454 2272 3511 intra
2315 3470 2499 3512 notam
2533 3458 2616 3514 l6.

2008 3546 2084 3617 (8i
2111 3545 2507 3619 Sexagesimum
2530 3551 2600 3605 ad
2632 3568 2717 3606 eos
2747 3569 2914 3625 usque
2934 3557 3153 3624 ﬂuxisse
3182 3575 3407 3625 annum,
3446 3576 3514 3616 ex

1935 3653 2038 3706 quo
2084 3638 2141 3691 in
2188 3638 2412 3694 alterius
2459 3640 2657 3712 linguae
2696 3645 2927 3699 homines
2982 3648 3173 3703 insulw
3216 3650 3512 3707 dominatio

1938 3731 2250 3784 transierat.
2283 3732 2415 3786 Eam
2449 3734 2656 3789 scilicet
2686 3750 2832 3790 anno
2863 3737 2989 3792 1191
3031 3740 3347 3811 subjugavit
3381 3744 3512 3800 Rie-

1935 3820 2134 3874 cardus
2157 3836 2250 3875 rex
2292 3823 2500 3892 Angliae
2532 3843 2546 3878 :
2574 3825 2759 3896 ibique
2790 3844 3017 3898 regnum
3061 3831 3299 3886 instituit
3328 3832 3512 3892 Guido

1934 3908 2269 3968 Lusinianus
2296 3929 2440 3968 anno
2472 3915 2806 3987 insequenti.
2830 3918 2970 3975 Hine
2999 3925 3391 3994 sexagesimus,
3411 3928 3509 3997 qui

1935 4003 2042 4059 hoc
2073 4005 2198 4060 10cc
2230 4007 2299 4059 ab
2328 4005 2507 4061 insula
2548 4007 2837 4080 subjugata
2873 4027 2902 4066 a
2947 4012 3157 4070 Latinis
3186 4029 3511 4075 numeratur

1757 4139 1772 4156 ,
1807 4139 1831 4155 ,
1934 4109 2113 4149 annus
2165 4112 2288 4150 cum
2349 4112 2495 4152 anno
2559 4101 2799 4171 vulgaris
2860 4121 2982 4161 acra:
3035 4106 3176 4163 1250
3208 4113 3508 4170 concurrit.

1932 4184 2169 4256 Cyprius
2196 4202 2391 4243 novem
2421 4198 2550 4244 tunc
2581 4192 2757 4249 aetatis
2784 4209 2960 4249 annos
2991 4207 3154 4253 natus
3180 4210 3329 4256 erat:
3362 4203 3509 4260 unde

1934 4291 2065 4332 suos
2094 4293 2237 4332 anno
2261 4280 2481 4334 circiter
2520 4282 2653 4336 1241
2686 4284 2896 4339 natales
2933 4285 3150 4343 habuit.

2011 4367 2115 4438 ιϐ
2132 4369 2206 4440 (9)
2238 4368 2501 4437 Secunda,
2528 4382 2582 4425 ut
2600 4374 2778 4441 aiunt,
2796 4377 3133 4446 navigatione
3148 4378 3510 4441 Romanorum

1933 4461 2139 4515 scholas
2203 4464 2350 4524 adit,
2404 4465 2492 4517 ubi
2537 4468 2890 4535 grammatica
2946 4470 3275 4539 tradebatur,
3326 4479 3509 4544 patria

1935 4553 2248 4608 Latinorum
2285 4554 2486 4626 lingua.
2536 4558 2901 4630 Παιδευτήρια
2954 4561 3245 4631 Ῥωμαίων
3269 4606 3284 4633 ,
3316 4568 3509 4623 sobole

1933 4643 2287 4705 Romtearum.
2305 4663 2395 4700 seu
2434 4646 2816 4704 Romanorum.
2848 4651 3068 4708 Graecos
3114 4657 3282 4724 ipsos,
3316 4659 3509 4726 praeci-

1937 4751 2042 4805 pue
2065 4736 2724 4808 Constantinopolitanos,
2753 4759 2782 4795 a
2836 4757 2973 4796 nova
3003 4744 3174 4798 Roma
3196 4744 3507 4802 Constanti-

1936 4831 2118 4900 nopoli
2152 4832 2494 4901 frequentius
2527 4833 2704 4888 dictos
2736 4833 2970 4888 Romteos
3005 4846 3061 4890 et
3094 4836 3381 4905 Romanos,
3409 4854 3510 4893 no-

1936 4934 2050 4978 tum
2087 4926 2291 4979 cst.An
2315 4940 2446 4993 ergo
2474 4926 2708 4996 Cyprius
2729 4927 2781 4979 in
2799 4926 3114 4982 Graecorum
3158 4929 3506 5000 disciplinam

1936 5031 1996 5071 se
2018 5015 2250 5070 Nicosize
2277 5017 2607 5072 tradiderit?
2654 5019 2976 5087 Repugnant
3005 5029 3196 5089 aperte
3222 5060 3239 5087 ,
3273 5038 3395 5091 quae
3420 5039 3508 5079 se-

1935 5123 2146 5179 quuntu
2157 5126 2201 5163 r.
2213 5110 2711 5173 Scholaedieuntur,
2726 5111 2780 5163 in
2793 5111 2992 5180 quibus
3006 5115 3352 5183 grantmatica
3366 5119 3506 5170 κατὰ

1934 5202 2033 5271 τὴν
2059 5201 2285 5271 πάτριον
2305 5201 2551 5255 Λατίνων
2581 5204 2788 5273 φωνὴν,
2822 5205 3112 5258 secundum
3138 5210 3370 5276 patriam
3400 5207 3507 5262 La-

1935 5293 2164 5345 tinorum
2197 5291 2453 5361 linguam,
2478 5292 2801 5346 docebatur.
2851 5295 3170 5361 Mediocris,
3207 5305 3302 5351 aut
3338 5298 3510 5354 ferme

1935 5384 2142 5437 nullius
2166 5385 2220 5437 in
2251 5384 2335 5437 bis
2362 5385 2660 5453 gymnasiis
2680 5386 2962 5455 prolectus
2989 5404 3149 5441 causa
3170 5391 3510 5446 additurst

1934 5476 2271 5530 διδασκάλων
2313 5478 2467 5547 φωνὴ
2518 5470 2839 5548 ἁλλόθροῦς,
2878 5480 2975 5532 καὶ
3009 5481 3188 5546 νόθος,
3221 5485 3509 5552 magistro~

1935 5584 2052 5622 runt
2107 5583 2205 5622 vox
2243 5569 2450 5624 insueta
2477 5610 2492 5634 ,
2525 5577 2575 5622 et
2616 5572 2895 5640 peregrina
2918 5612 2933 5637 ,
2968 5586 3065 5628 seu
3110 5576 3315 5643 spuria.
3369 5573 3511 5630 Hinc

1934 5660 2252 5716 addisecndi
2282 5661 2517 5715 maxima
2547 5662 2845 5732 exponitur
2872 5662 3183 5730 diﬂicultas,
3214 5679 3339 5719 cum
3369 5679 3510 5733 opus

1933 5762 2100 5818 esset,
2149 5752 2401 5807 vocabula
2431 5754 2668 5823 primum
2713 5757 3026 5828 intelligere,
3062 5768 3176 5813 tum
3212 5771 3332 5827 quae
3371 5755 3507 5814 sub-

1938 5848 2089 5915 iectas
2123 5845 2402 5903 vocabulis
2436 5862 2525 5903 res
2565 5857 2771 5929 essent.
2799 5849 2993 5905 Nullus
3034 5850 3249 5914 dubito,
3285 5847 3509 5906 Latino-
