3858 6458
374 402 444 462 35
1364 394 1685 456 osonon
1729 393 1984 455 CYPRlI
2018 395 2124 460 cp.
2171 378 2683 455 PATRIARCHE
3545 384 3614 448 :36

371 531 492 569 rum
537 513 751 569 scholas
797 511 1169 581 frequentare.
1229 524 1354 565 cum
1414 508 1725 565 Graecorum
1776 508 1937 562 nulla!
1966 516 2009 572 Α
2041 510 2143 566 mis
2173 509 2306 564 viris
2336 525 2399 565 ac
2428 509 2708 580 magistris
2746 504 3027 562 abundare
3080 502 3272 559 urbem
3307 502 3477 559 illam.
3506 503 3615 558 An-

372 606 573 669 ἴοι-(ειη,
633 612 881 658 coactum
934 603 1103 655 fuisse
1155 598 1447 669 Georgium
1501 599 1785 671 Cyprium.
1821 598 1943 663 Quo

375 699 564 768 utique
604 712 769 751 sensu
820 696 1059 751 Joannes
1102 693 1311 747 Bcccus
1342 692 1464 746 loco
1493 692 1749 761 superius
1779 691 1945 745 citato

372 799 499 844 nota
547 788 579 841 ι
617 787 838 841 aiebat:
897 786 1073 854 ipsum
1106 785 1236 853 παρ’
1281 785 1524 845 Ἰταλοῖς,
1556 783 1696 852 apud
1726 781 1945 836 Latinos

375 889 562 933 natum
589 894 721 940 esse,
747 885 796 930 et
824 875 1088 929 adultum.
1115 874 1344 928 Carolus
1378 873 1455 927 Du
1488 873 1669 942 Gange
1705 872 1755 925 in
1789 871 1946 925 Glos-

374 988 519 1027 sarto
546 972 610 1024 ad
638 972 936 1038 scriptores
983 967 1175 1021 mediae
1207 977 1262 1021 et
1308 965 1507 1019 intima:
1538 966 1865 1027 Graecitatis,
1892 965 1947 1017 in

375 1074 509 1114 voce
560 1060 829 1127 Ῥωμαῖος
864 1058 1088 1113 adnotat
1122 1074 1137 1110 :
1170 1055 1420 1109 Latinum
1446 1071 1506 1107 ea
1542 1055 1835 1123 signilicari
1892 1054 1947 1108 in

376 1150 574 1207 Classis
617 1150 1034 1206 Grato-Latinis
1059 1163 1077 1201 :
1100 1158 1151 1201 et
1176 1148 1425 1201 Latinam
1452 1148 1685 1217 linguam
1713 1146 1818 1200 dici
1850 1144 1950 1198 Ro-

2043 613 2197 673 gusta
2226 618 2284 657 re
2322 601 2597 665 familiari,
2628 599 2909 669 nimioque
2945 607 3231 669 parentum
3273 609 3483 663 amore,
3511 597 3618 651 iter

2016 716 2017 721 η
2046 696 2264 764 aggredi
2298 694 2608 766 prohibitus
2636 704 2742 748 est.

2118 788 2228 858 (l5)
2265 788 2496 840 Duorum
2529 802 2796 862 annorum
2828 795 3034 853 tempus
3063 824 3078 837 .
3108 825 3121 838 .
3156 823 3171 839 .
3199 783 3397 839 Natum
3434 782 3621 852 viginti

2052 897 2219 934 annos
2255 880 2577 935 discessisse
2615 879 2908 949 Georgium
2932 877 3376 948 eCypro,narrat
3411 876 3621 948 Grego-

2050 987 2159 1034 ras.
2184 972 2283 1025 lib.
2312 986 2388 1034 vr,
2422 971 2599 1039 capite
2628 972 2679 1035 1,
2734 985 2887 1025 ηυω.
2920 969 2973 1025 7.
3008 964 3164 1023 Hunc
3196 967 3320 1037 ejus
3365 983 3395 1022 e
3446 967 3624 1036 patria

2058 1065 2361 1119 discessum
2390 1062 2492 1116 sub
2512 1062 2699 1116 oculos
2727 1062 2962 1115 habebat
2991 1058 3621 1129 prraemiusConstan—

2052 1158 2463 1226 tinopolitanns,
2492 1157 2584 1225 qui
2652 1158 2793 1224 apud
2846 1154 3208 1216 Allatium,in
3259 1151 3499 1207 Diatriba
3553 1150 3624 1204 de

377 1245 664 1298 manantia
690 1242 910 1296 Novella
938 1239 1059 1295 XXI
1088 1241 1405 1304 Justiniani,
1436 1241 1614 1309 capite
1649 1240 1699 1300 1.
1742 1238 1769 1309 §
1796 1238 1853 1301 2,
1883 1251 1949 1291 ac
2048 1245 2314 1315 Georgiis,
2344 1255 2400 1301 et
2437 1245 2578 1315 apud
2625 1244 2983 1308 Bandurium,
3019 1245 3115 1297 lib.
3146 1260 3243 1297 vm
3282 1244 3334 1296 in
3383 1242 3626 1311 Amiqui-

381 1335 552 1403 ipsius
581 1335 799 1388 demum
834 1332 1133 1389 Iustiniani
1166 1342 1322 1384 a'latc
1369 1330 1599 1384 nondum
1643 1330 1946 1391 invaluisse,

379 1438 434 1479 ut
481 1427 674 1489 (ἐνηνσῂ
709 1429 943 1480 maxime
985 1424 1270 1495 Byzantini
1296 1464 1309 1487 ,
1354 1431 1562 1492 recepta
1600 1422 1949 1493 appellatione

378 1518 608 1573 Romani
640 1518 1064 1589 appellarentur.
1096 1517 1153 1570 In
1197 1516 1435 1569 hominis
1464 1513 1647 1587 Cyprii
1697 1515 1805 1569 vita
1843 1515 1952 1570 Ro-

381 1612 526 1664 mani
575 1610 678 1663 dici
743 1610 939 1663 merito
995 1609 1528 1678 potuerantLatini.
1580 1608 1675 1677 qui
1719 1606 1955 1661 insulam

382 1702 716 1755 incolebant.
758 1701 870 1755 Hoc
919 1700 1227 1769 signiﬁcatur
1266 1715 1453 1753 vocem
1488 1700 1673 1758 illam.
1718 1697 1785 1751 de
1834 1697 1954 1768 ipso

382 1796 582 1865 Cyprio
621 1810 791 1864 agens
838 1804 1066 1862 usurpat
1092 1793 1361 1862 Gregoras
1381 1832 1394 1853 ,
1428 1791 1565 1844 libro
1588 1806 1666 1854 vr,
1687 1789 1863 1859 capite
1900 1789 1952 1856 1,

2052 1348 2186 1393 tates
2207 1337 2844 1406 Constantinopolitanas,
2879 1346 3026 1391 tomo
3057 1335 3120 1398 ll,
3152 1335 3231 1390 sic
3262 1336 3337 1387 ait
3368 1353 3380 1389 :
3432 1334 3624 1388 Patria

2053 1441 2378 1505 paterneque
2420 1432 2573 1484 domo
2617 1448 2648 1483 a
2679 1432 2849 1498 prima
2893 1438 3050 1484 attote
3079 1428 3306 1482 extorris
3326 1470 3340 1490 ,
3371 1418 3626 1479 eruditio-

2055 1544 2179 1580 num
2210 1543 2271 1579 ac
2295 1526 2671 1578 mathematum
2696 1540 2874 1577 amore
2902 1525 3139 1593 flagrans
3162 1562 3176 1583 ,
3200 1520 3270 1573 ad
3292 1518 3627 1573 Constantini

2055 1620 2232 1673 urbem
2270 1635 2323 1672 se
2354 1616 2618 1686 (domum)
2652 1617 2862 1686 recepit.
2905 1615 3211 1668 Discessum
3254 1613 3400 1665 hunc
3437 1621 3491 1664 et
3537 1609 3626 1662 in-

2055 1720 2350 1781 sequentes
2432 1709 2897 1779 peregrinationes
2970 1706 3057 1759 his
3119 1704 3381 1758 describit
3442 1701 3628 1755 verbis

2053 1801 2290 1857 Joannes
2319 1800 2523 1853 Beccus
2549 1796 2690 1867 apud
2724 1796 2982 1850 Allatiutn
3003 1796 3055 1848 in
3076 1793 3278 1850 Gra'cia
3299 1790 3622 1853 Orthodoxa,

383 1902 536 1941 nunt.
566 1888 595 1940 7
634 1905 646 1939 :
674 1886 1093 1950 Contendebant,
1122 1884 1393 1953 inquiens.
1422 1882 1560 1952 quod
1590 1883 1768 1953 viginti
1786 1896 1951 1934 annos

2066 1904 2204 1948 lOIIIO
2231 1894 2295 1957 ll,
2328 1892 2573 1945 oratione
2618 1890 2667 1951 1,
2700 1905 2853 1944 num.
2882 1888 2905 1941 1
2938 1903 2951 1939 :
2997 1885 3166 1940 Pestis
3202 1889 3311 1939 ha’c
3355 1902 3447 1955 per
3477 1898 3627 1936 mare

383 1988 541 2033 natus
567 2019 580 2039 .
609 1979 897 2048 Κυπραθεν
919 1979 1028 2039 τοῖς
1071 1977 1363 2044 Ῥωμαίων
1410 1974 1759 2044 ἐπιδημήσας
1783 1973 1962 2042 hbeat,

384 2074 477 2121 καὶ
510 2069 817 2121 Δατινικῶν
852 2067 998 2136 ἠθῶν
1026 2066 1176 2119 ἐστιν
1222 2065 1258 2118 ἃ
1319 2064 1679 2133 ἑπαγόμενος,
1716 2062 1761 2117 E
1786 2062 1959 2135 Cypro

383 2163 453 2217 ad
497 2160 759 2215 Romanos
785 2174 956 2213 mores
994 2175 1050 2212 se
1082 2157 1425 2221 contulisset,
1460 2164 1511 2208 et
1539 2158 1608 2208 ad
1645 2154 1959 2208 Latinorum

383 2254 629 2307 instituta
657 2251 937 2305 adductus.

456 2344 568 2414 (10)
603 2341 796 2401 Umbra
841 2341 1204 2411 grammatica!
1240 2340 1533 2397 videbatur.
1560 2355 1661 2392 non
1697 2340 1810 2409 ipsa
1849 2349 1963 2391 arte

384 2436 568 2507 potiri.
600 2434 776 2489 Causa
816 2440 933 2486 crat
960 2473 975 2487 .
1019 2471 1034 2485 .
1074 2474 1088 2485 .
1119 2440 1169 2485 ct
1215 2441 1395 2485 extera
1441 2433 1813 2501 magistrorum
1841 2446 1962 2495 vox,

384 2536 435 2583 et
464 2529 672 2598 spuria.
710 2526 959 2581 Graecum
987 2525 1266 2579 hominem
1306 2525 1421 2578 haec
1447 2526 1579 2578 satis
1606 2522 1871 2586 indicant,
1906 2531 1965 2576 et

384 2619 571 2676 Graece
617 2621 930 2687 loquentem
983 2634 998 2671 :
1064 2618 1158 2685 qui
1205 2615 1523 2670 Latinorum
1573 2616 1959 2683 magistrorum

386 2714 619 2782 patriam
673 2712 913 2779 linguam
946 2725 1143 2779 magna
1183 2723 1308 2763 cum
1339 2708 1655 2762 ditlicultate
1688 2707 1964 2776 intellige-

387 2817 493 2871 ret,
519 2819 695 2874 voque
719 2804 917 2873 linguae
934 2817 1135 2873 genere
1157 2802 1388 2855 traditas
1408 2801 1725 2871 disciplinas
1744 2800 1964 2868 assequi

385 2912 496 2951 non
532 2905 738 2964 posset.

444 2991 572 3060 .(ll)
607 2988 689 3043 Ad
722 2987 926 3056 patrios
958 2986 1118 3049 lares,
1142 2984 1438 3055 quindecim
1471 2993 1629 3037 natus
1669 2998 1836 3037 annos
1878 2999 1966 3036 re-

386 3098 564 3139 versus
594 3091 691 3136 est.
733 3082 790 3135 ln
821 3079 1143 3134 Latinorum
1179 3078 1383 3131 scholis
1409 3064 1792 3130 Aristotelicum
1824 3075 1965 3147 logi-

386 3191 500 3229 cam
530 3175 679 3228 nullo
713 3174 826 3228 iere
872 3171 1119 3241 profectu
1159 3170 1483 3224 audiverat:
1515 3177 1703 3239 utpote
1756 3170 1850 3237 qui
1895 3183 1963 3222 ex
1986 3219 2032 3277 ϐ
2065 3176 2201 3244 puti;
2241 3189 2259 3226 .-
2305 3174 2491 3228 Ἀναὶα
2514 3212 2528 3235 ,
2567 3173 2730 3227 Antea
2762 3212 2775 3226 .
2808 3211 2821 3225 .
2856 3210 2870 3224 .

387 3265 497 3320 illis
518 3276 685 3331 esset,
727 3268 822 3334 qui
856 3264 1022 3317 verba
1052 3277 1162 3316 non
1209 3262 1544 3330 intelligunt,
1585 3260 1787 3329 quibus
1841 3275 1959 3317 ma-

388 3358 629 3412 themata
662 3359 978 3418 tratluntur,
1016 3354 1131 3405 τῶν
1157 3354 1353 3421 φωνῶν
1382 3352 1564 3405 αὐτῶν
1592 3351 1667 3414 ὡς
1699 3352 1993 3420 aspera.

388 3450 698 3508 ὲπαῖοντας.
728 3448 880 3514 Quod
916 3447 1032 3516 ipse
1060 3455 1346 3513 propterea
1374 3443 1617 3497 studium
1653 3442 1962 3505 fastidiens,

388 3557 565 3611 neque
594 3540 817 3594 meliora
847 3540 1152 3593 litterarum
1192 3537 1519 3589 documenta
1549 3549 1798 3604 sperans,
1820 3532 1964 3587 redit

388 3633 445 3688 in
477 3634 706 3703 patriam
739 3647 878 3684 anno
907 3631 1078 3685 atatis
1105 3629 1306 3683 decimo
1344 3625 1526 3698 quinto
1552 3667 1566 3691 ,
1600 3637 1656 3681 et
1681 3642 1801 3681 serae
1837 3625 1962 3679 vul-

387 3728 535 3798 garis
565 3726 790 3779 circiter
825 3724 980 3777 1255.

395 3844 402 3851 ε
457 3818 572 3888 (l2)
600 3814 921 3869 Liberalium
943 3812 1345 3885 disciplinarum
1365 3812 1626 3867 desiderio
1652 3812 1960 3865 tenebatur:

387 3911 580 3978 Λόγων
629 3909 687 3960 δὲ
732 3909 831 3976 17
863 3907 1132 3976 ἐπεθύμει
1168 3907 1286 3975 μέν.
1330 3906 1410 3959 Ab
1439 3905 1528 3959 his
1560 3904 1741 3958 verbis
1768 3904 1965 3973 incipit

391 4000 815 4055 Yindobonense
848 3998 1099 4052 mutilum
1134 3996 1459 4066 apusculutn
1492 3997 1635 4066 apud
1657 3996 1962 4049 Nesselium

391 4103 546 4163 parte
579 4092 633 4156 5,
663 4090 849 4144 codice
882 4089 1004 4143 101.
1036 4088 1388 4143 Videnotatn
1411 4089 1465 4141 2.

460 4183 572 4253 (15)
624 4180 947 4250 Hujusmodi
987 4194 1053 4232 ea:
1092 4180 1378 4241 desiderio,
1414 4195 1532 4231 cum
1559 4179 1823 4250 quiescere
1856 4194 1962 4232 non

387 4282 800 4350 permitteretur.
833 4276 1110 4331 Hactenus
1142 4276 1337 4344 prima,
1367 4274 1607 4336 aclevia.
1635 4272 1965 4327 eruditionis

386 4382 444 4426 et
485 4371 770 4440 elegantiae
796 4371 850 4422 in
886 4366 1199 4427 scribendo,
1228 4380 1390 4434 quam
1426 4374 1613 4433 postea
1640 4363 1957 4432 acquisivit,

388 4463 710 4531 spe-cimina.
747 4460 1078 4529 Autplioretn
1112 4457 1417 4526 profectum
1445 4456 1589 4525 cepit
1636 4470 1701 4507 ex
1725 4456 1960 4508 lectione

2058 1994 2217 2039 antea
2253 2000 2473 2052 vagans,
2516 1991 2564 2034 et
2608 1980 2800 2049 palans
2828 2022 2841 2041 ,
2876 1981 2948 2033 ad
3000 1995 3091 2032 nos
3141 1978 3352 2031 tandem
3391 1975 3626 2045 deﬂeuit.

2059 2080 2185 2134 Post
2212 2079 2463 2130 amissam
2496 2090 2640 2127 anno
2674 2073 2809 2127 1187
2853 2088 2883 2126 a
2918 2071 3127 2126 Latinis
3170 2071 3629 2139 Hierosolymam,

2059 2167 2249 2239 togtlnl
2276 2169 2576 2223 Jerusalem
2606 2166 2763 2221 sedes
2797 2164 2900 2219 fuit
2927 2164 3259 2227 Ptolemais,
3286 2161 3428 2215 dicta
3460 2160 3625 2213 etiam

2059 2267 2220 2323 Acan.
2279 2263 2425 2316 Italis
2480 2262 2635 2320 Acri.
2670 2259 2836 2315 Gallis
2873 2256 3424 2312 Saint-Jean-d'Acre.
3479 2252 3631 2307 Hanc

2059 2356 2314 2411 Saraceni
2353 2370 2497 2406 anno
2532 2352 2662 2406 1291
2696 2351 3013 2420 eripuerunt
3049 2349 3391 2403 Christianis.
3417 2346 3475 2400 In
3504 2361 3629 2399 eam

2064 2450 2236 2517 pritna
2275 2446 2596 2515 provehitur
2625 2443 2964 2513 navigatione
2996 2442 3247 2513 Cyprius.
3276 2439 3411 2494 Cum
3446 2436 3634 2507 viginti

2060 2555 2247 2600 annos,
2280 2545 2415 2591 teste
2441 2535 2679 2604 Gregora
2705 2576 2720 2599 ,
2758 2543 2921 2587 natus
2952 2543 3130 2596 esset;
3167 2530 3218 2585 id
3249 2531 3513 2586 accidisse
3545 2528 3634 2582 di-

2061 2627 2293 2682 cendntn
2329 2635 2413 2679 est
2441 2641 2584 2677 anno
2632 2639 2755 2677 certe
2787 2622 3025 2692 vulgaris
3058 2620 3214 2676 12260.
3258 2619 3389 2673 Rem
3416 2634 3633 2673 sacram

2060 2720 2261 2774 ibidem
2293 2717 2710 2771 administrabat
2745 2716 2848 2769 hoc
2893 2727 3135 2784 tempore
3183 2712 3492 2767 Florentius
3514 2712 3636 2781 cpi-

2056 2825 2273 2878 scopus.
2302 2807 2638 2877 Lequienutn
2684 2806 2909 2860 consule
2938 2806 2991 2859 in
3030 2804 3238 2859 Oriente
3261 2820 3438 2865 sacro,
3471 2813 3507 2856 t.
3536 2801 3631 2866 Ill,

2060 2903 2163 2957 col.
2195 2894 2353 2955 1355.

2137 2995 2247 3064 (16)
2279 2992 2411 3047 Inde
2429 2994 2644 3045 Androm
2678 2989 2816 3044 Asia:
2846 3027 2865 3044 .
2895 3029 2910 3044 .
2949 3027 2965 3044 .
3006 2998 3054 3042 et
3077 2989 3198 3041 inde
3224 2986 3483 3058 Ephesum
3512 3003 3636 3058 pcr-

2065 3087 2221 3140 vcnit.
2265 3084 2577 3154 Stephanus
2621 3081 2727 3151 18
2773 3079 3063 3151 Byzantius
3107 3079 3181 3131 De
3212 3079 3423 3131 urbibus
3454 3086 3501 3129 et
3536 3093 3634 3146 po-

2929 3169 3050 3223 urbs
3102 3167 3302 3232 Cariw,
3350 3186 3378 3222 e
3421 3170 3636 3237 regione

2062 3266 2231 3322 Sami.
2260 3265 2412 3321 Hanc
2437 3266 2564 3319 olim
2598 3264 2758 3331 fuisse
2797 3263 3011 3324 urbem,
3048 3259 3338 3331 Thucydidi
3368 3277 3635 3313 memora-

2065 3368 2193 3421 tam,
2252 3358 2306 3411 in
2358 3356 2501 3410 notis
2552 3354 3031 3408 animadvertitur.
3083 3353 3167 3407 Au
3220 3369 3350 3423 ergo
3402 3351 3638 3423 Cyprius

2060 3449 2239 3504 locum
2277 3448 2478 3501 indicet
2503 3488 2517 3509 ,
2547 3445 2638 3499 ubi
2666 3446 2794 3497 olim
2829 3443 3031 3497 Antea?

2134 3538 2243 3606 (17)
2263 3537 2327 3591 In
2360 3538 2547 3591 vicinia
2574 3535 2813 3590 habitare
2842 3533 3208 3605 Blemmydam
3233 3574 3247 3589 .
3280 3574 3292 3587 .
3322 3574 3335 3588 .
3367 3534 3639 3604 Nici-pbo-

2062 3644 2181 3681 rutn
2214 3626 2584 3696 Blemmydam
2604 3634 2806 3679 norunt
2827 3639 3018 3679 omnes
3042 3625 3216 3679 virum
3250 3624 3392 3678 inter
3415 3626 3639 3681 Grzccos

2048 3719 2505 3805 lcelcberrimum,
2534 3718 2779 3788 apprime
2815 3717 3121 3787 disciplinis
3154 3720 3431 3774 excultum
3457 3722 3635 3776 omni-

2064 3809 2189 3873 bus,
2222 3817 2276 3861 et
2311 3809 2579 3862 catholico
2607 3808 2675 3861 de
2715 3809 3065 3878 processione
3105 3808 3340 3877 Spiritus
3372 3814 3546 3867 sancti
3602 3829 3635 3867 a

2062 3902 2222 3956 Patre
2250 3910 2306 3954 et
2343 3900 2502 3962 Filio,
2543 3915 2639 3954 seu
2673 3916 2769 3969 per
2800 3900 3019 3959 Filium.
3046 3901 3480 3956 addictissimum
3504 3905 3641 3975 dog-

2064 3994 2217 4047 mati.
2244 3992 2302 4047 In
2337 3992 2533 4063 Ephesi
2560 3992 2776 4055 vicinia,
2820 3993 2877 4044 ἐν
2909 3992 3167 4058 γειτόνων
3206 3994 3393 4057 οἰκῶν,
3424 3996 3640 4066 tlegisse

2065 4086 2239 4155 ipsum
2292 4086 2345 4139 in
2400 4083 2739 4147 monasterio,
2790 4092 3019 4138 testatur
3064 4094 3255 4139 auctor
3298 4086 3425 4140 Vitta
3473 4106 3640 4157 quam

2066 4177 2424 4232 illustramus.
2482 4176 2809 4247 Diligentius
2857 4177 2948 4232 alii
3000 4177 3317 4243 discutiant,
3358 4197 3426 4235 an
3491 4183 3638 4238 idem

2065 4271 2462 4324 monasterium
2518 4270 2626 4325 dici
2672 4270 3074 4339 debeat,quod
3128 4272 3196 4325 ab
3244 4278 3358 4340 ipso
3392 4287 3638 4332 erectum

2065 4374 2448 4432 sacratumque
2489 4362 2590 4417 fuit
2633 4362 2754 4431 Θεῷ
2784 4363 2859 4433 τῷ
2892 4362 3028 4428 ὄντι,
3069 4363 3175 4417 Deo
3204 4368 3292 4435 qui
3328 4378 3422 4432 est,
3462 4356 3497 4421 Ia
3534 4369 3641 4423 Pa-

2064 4458 2323 4528 chyntere
2349 4465 2711 4509 memoratum
2750 4455 2808 4509 in
2831 4454 3096 4510 Michaele
3128 4457 3430 4528 Pal-.eologo
3458 4461 3555 4515 lib.
3586 4478 3640 4527 ν,

388 4555 731 4623 antiquorum
764 4553 1033 4605 rhetorum
1061 4550 1143 4616 (ut
1168 4548 1398 4602 inferius
1424 4552 1723 4614 narratur),
1750 4554 1797 4599 et
1825 4548 1961 4600 artis
1996 4570 2039 4626 ι)
2065 4551 2241 4617 capite
2278 4547 2351 4601 2?

388 4647 501 4713 eius
534 4646 866 4699 inventorum
903 4659 966 4695 ac
1017 4653 1229 4709 patrum
1270 4656 1289 4705 ;
1320 4641 1707 4710 dictionumque
1730 4639 1963 4709 gratiam

388 4747 674 4793 assecutus
702 4749 806 4799 est,
834 4743 882 4790 et
905 4735 1253 4797 atticismum,
1294 4749 1356 4785 ac
1382 4741 1726 4795 venustatem,
1748 4741 1799 4785 et
1824 4730 1962 4801 quod

389 4848 573 4886 revera
624 4830 987 4885 Crtccanicum
1032 4841 1127 4880 est.
1168 4826 1248 4879 0b
1281 4826 1394 4879 haec.
1425 4837 1747 4879 ornamenta
1782 4826 1958 4896 ipsum

387 4920 644 4974 laudibus
673 4918 917 4972 celebrat
955 4916 1299 4984 Nicephorius
1333 4915 1622 4984 Gregoras.
1646 4916 1743 4970 lib.
1764 4932 1843 4976 γι,
1868 4931 1957 4970 ca-

388 5010 500 5081 pite
532 5010 583 5072 1,
615 5023 766 5062 num.
794 5008 851 5073 5,
901 5018 1086 5078 utpote
1114 5008 1205 5077 qui
1238 5007 1498 5076 elegantes
1526 5008 1724 5063 Cratere
1754 5009 1963 5062 littera-

387 5112 523 5155 turte
554 5116 822 5162 numeros,
848 5108 897 5153 et
927 5100 1158 5154 Atticam
1192 5098 1344 5152 illam
1375 5099 1612 5169 linguam
1634 5141 1649 5165 ,
1675 5100 1827 5171 longo
1842 5106 1963 5170 jam

388 5203 621 5261 tempore
653 5192 925 5245 oblivionis
958 5193 1166 5261 gurgite
1197 5192 1510 5255 demersam.
1555 5196 1748 5263 ingenii
1788 5195 1966 5247 dexte-

388 5288 572 5347 ritate.
604 5303 664 5340 ac
680 5286 942 5355 singulari
962 5286 1136 5338 studio
1163 5285 1216 5337 in
1252 5282 1416 5339 lucem
1445 5287 1714 5358 produxit,
1741 5305 1803 5341 ac
1824 5289 1965 5342 velut

387 5378 453 5433 ab
484 5379 662 5447 inferis
696 5380 973 5432 revocavit.

460 5472 571 5542 (li)
611 5469 846 5525 Nicteam
890 5472 1026 5524 mitti
1064 5472 1135 5525 ad
1171 5475 1397 5528 scholas.
1421 5473 1746 5528 Proﬁciendi
1776 5490 1960 5541 causa,

388 5564 493 5617 iter
519 5564 793 5634 cogitabat
821 5563 1057 5619 Nicaeam
1108 5568 1163 5620 in
1200 5547 1472 5638 Bithynia.
1513 5568 1587 5623 Ex
1616 5569 1764 5634 sede,
1797 5584 1960 5639 quam

388 5666 743 5725 postcaptam
765 5672 912 5711 anno
932 5657 1069 5712 i205
1099 5674 1130 5712 a
1165 5658 1372 5714 Latinis
1401 5660 1960 5729 Constantinopolim,

386 5749 461 5802 ibi
502 5751 821 5803 locaverant
880 5749 1243 5819 imperatores
1290 5750 1484 5815 Graeci,
1535 5763 1591 5806 et
1638 5753 1962 5821 patriarcha!

386 5840 992 5911 Constantinopolitani,
1046 5841 1205 5897 facile
1246 5842 1350 5899 sibi
1388 5843 1670 5913 suadebat,
1706 5844 1960 5900 doctissi-

2139 4643 2252 4714 (l8)
2282 4642 2471 4696 Abiens
2497 4641 2725 4714 Epheso.
2757 4640 2913 4695 Paria
2964 4651 3094 4696 sunt
3123 4659 3244 4712 qum
3281 4644 3648 4717 Pachyineres

2067 4742 2253 4786 narrat
2280 4733 2425 4785 libro
2452 4748 2514 4794 ιι,
2550 4748 2671 4801 cap.
2704 4732 2771 4786 14
2805 4750 2817 4785 :
2866 4729 3044 4784 Visum
3095 4742 3445 4802 opportunum
3476 4738 3647 4804 impe-

2066 4824 2236 4876 ratori
2268 4833 2342 4877 est
2389 4824 2661 4895 (Michaeli
2694 4821 3050 4892 Palmolom),
3081 4827 3392 4879 transmisso
3422 4825 3643 4883 Helles-

2065 4926 2245 4987 ponto.
2269 4918 2321 4969 in
2352 4932 2516 4986 nuper
2554 4926 2765 4986 captant
2797 4915 3092 4987 Selybn’am
3121 4918 3336 4989 {urbem
3367 4920 3642 4987 Thraciae,

2068 5009 2326 5078 Byzantio
2376 5024 2515 5063 xxxv
2572 5009 2641 5063 Μ.
2698 5009 2759 5063 Ρ.
2814 5010 3101 5063 distantem
3164 5010 3215 5064 in
3249 5014 3525 5081 occasum)
3586 5033 3646 5070 se

2067 5104 2336 5171 con(errc;
2373 5100 2549 5169 ibique
2580 5115 2644 5153 ex
2683 5101 2973 5170 propinquo
3029 5101 3250 5154 consilia
3301 5119 3517 5173 capere,
3552 5123 3649 5160 ra-

2070 5197 2336 5265 tionesque
2373 5197 2509 5249 inire
2558 5194 2701 5250 urbis
2728 5196 2997 5265 potiunda:
3024 5194 3645 5269 (Constantinopoleos).

2068 5288 2133 5341 Et
2168 5291 2343 5357 αίρὲίο
2374 5286 2488 5342 20:
2541 5285 2718 5357 Copiis
2785 5285 2956 5339 multis
3004 5288 3269 5357 variisque
3309 5287 3537 5343 collectis
3588 5293 3650 5346 in

2070 5398 2254 5445 unum,
2317 5380 2565 5437 Galatam
2614 5379 2964 5442 (suburbium
2989 5379 3514 5451 Coastantitmpolis)
3548 5400 3654 5455 ag-

2068 5491 2274 5545 gressus
2306 5482 2402 5527 est.
2432 5472 2581 5527 Haud
2613 5486 2793 5542 opera:
2842 5470 3185 5540 dispendium
3219 5472 3384 5526 fuerit
3420 5472 3648 5546 Georgii

2072 5567 2395 5637 Acropolita:
2454 5566 2617 5619 verba
2688 5567 2893 5619 referre
2943 5562 3095 5619 num.
3153 5565 3269 5619 8'5:
3335 5563 3649 5636 Imperator

2069 5658 2321 5730 (Michael
2374 5656 2750 5727 l’alzeo'logus),
2783 5663 3057 5726 appetente
3106 5672 3241 5717 vere.
3269 5655 3657 5713 Constantino-

2068 5752 2229 5822 polim
2261 5759 2555 5803 commeat.
2582 5788 2596 5801 .
2634 5789 2647 5801 .
2680 5789 2694 5803 .
2734 5746 2940 5803 Galam!
2992 5748 3241 5817 oppidum
3277 5750 3653 5821 oppugnabat.

2072 5849 2134 5900 lit
2179 5860 2327 5897 num.
2373 5842 2448 5898 84'
2486 5859 2499 5896 :
2560 5839 2957 5912 Hellespontum
3014 5849 3160 5893 trans
3193 5840 3318 5896 abiit
3362 5880 3376 5896 .
3411 5877 3470 5897 ..
3522 5848 3657 5900 Jum
