3858 6464
264 411 336 472 37
1608 408 1804 468 VITA.
1841 432 1910 443 —
1952 405 2194 470 NOTAE.
3460 408 3531 472 38

266 537 385 576 vero
417 527 578 574 restas
595 518 944 588 praterlapsa
977 518 1185 583 ruisset,
1219 531 1417 571 necnon
1448 518 1693 570 autumni
1719 525 1843 568 tem-
1870 524 1918 577 Α
1948 515 1998 585 (a
2034 513 2294 569 Kalendis
2350 510 2690 582 Septembris
2743 511 3058 581 propositus
3108 513 3352 583 ejusdem
3411 532 3534 573 arma

264 630 361 684 pus
400 611 722 666 excurrisset
749 650 764 666 .
801 649 817 665 .
850 650 867 667 .
914 611 1037 664 inde
1085 611 1338 664 discessit.
1372 608 1497 663 llaec
1529 624 1672 663 anno
1704 609 1843 662 1260

263 705 610 771 acciderunt,
642 718 706 757 ac
737 704 902 758 etiam
936 702 1162 757 ineunte
1184 718 1330 757 anno
1357 702 1516 756 1261.
1551 702 1709 756 Hisce
1734 700 1847 755 bel-

263 795 386 849 licis
418 795 664 848 motibus
698 809 757 847 se
781 792 1051 860 Georgius
1075 792 1311 862 Cyprius
1339 792 1653 848 interfuisse
1685 786 1848 847 testa-

263 896 355 939 tur
386 904 398 939 :
454 896 512 939 at
545 886 715 955 regiis
749 884 944 940 castris
988 885 1227 947 relictis,
1266 884 1510 940 Nicwam
1542 884 1843 949 revertitur,

262 980 332 1031 ad
354 994 517 1048 quam
548 993 577 1029 ο
624 976 796 1048 Cypro
827 975 1088 1047 impulsus
1127 978 1325 1047 fuerat,
1361 987 1420 1031 ut
1448 976 1722 1047 egregiam
1759 976 1847 1031 lit-

264 1071 397 1122 teris
424 1067 784 1122 addisccndis
817 1083 1040 1134 operam
1067 1068 1145 1122 ibi
1176 1077 1425 1138 poneret.

332 1161 446 1229 (19)
493 1157 608 1212 Hoc
637 1175 797 1229 quam
829 1159 988 1213 aliter
1014 1160 1248 1215 accidit!
1276 1159 1558 1226 Sapientes
1586 1160 1753 1223 viros,
1784 1174 1848 1214 ac

260 1251 578 1320 magistros,
613 1266 754 1319 quos
786 1251 1157 1322 perquirebat.
1192 1267 1302 1305 non
1351 1251 1559 1306 invenit
1603 1251 1796 1306 Nicone
1829 1265 1845 1302 :

262 1344 337 1398 ita
357 1355 413 1396 ut
434 1344 660 1397 reditum
682 1344 734 1395 in
756 1346 986 1414 patriam
1009 1346 1297 1413 cogitaret,
1322 1353 1379 1397 ut
1409 1344 1548 1399 inlra
1569 1355 1845 1401 narratur.

334 1438 449 1506 (20)
483 1438 685 1492 Deinde
716 1455 818 1491 non
849 1438 1014 1491 multo
1045 1449 1161 1507 post
1194 1441 1301 1492 htec
1330 1448 1846 1508 tempore,magnam

262 1529 516 1601 Byzantii
563 1531 744 1584 urbem
781 1530 885 1599 19
922 1530 1061 1584 Deus
1097 1531 1303 1585 Latinis
1354 1532 1620 1600 auferens.
1653 1529 1847 1586 Crazcis

261 1626 459 1678 reddit.
494 1623 749 1691 Recepta:
778 1621 931 1675 urbis
972 1622 1240 1690 epocham
1277 1622 1684 1677 accuratissime
1708 1622 1847 1676 assi-

261 1726 394 1785 gnat
426 1715 700 1785 Georgius
729 1713 1065 1782 Acropolita,
1100 1715 1402 1768 vicesimam
1431 1718 1667 1784 quintam
1699 1716 1845 1769 diem

263 1809 459 1861 mensis
486 1806 643 1869 Julii,
665 1806 999 1860 indictionem
1022 1814 1297 1875 quartam,
1319 1815 1366 1861 et
1397 1823 1598 1860 annum
1627 1806 1691 1860 ab
1723 1806 1846 1860 orbe

260 1901 475 1953 condito
504 1898 681 1971 ,ςψξίν
705 1897 1136 1961 sexmillesimunt
1161 1899 1674 1969 septingentesimum
1695 1914 1850 1952 sexa-
1882 1874 1922 1931 Β

260 1993 520 2059 gesimum
578 2008 795 2045 nonum.
842 1994 1033 2045 Annus
1078 2001 1161 2046 est
1208 2006 1333 2045 a'rae
1387 1991 1628 2061 vulgaris
1689 1990 1845 2055 1261,

262 2092 462 2150 quarta
503 2082 761 2150 praedicta
797 2083 1089 2151 insignitus
1121 2081 1443 2137 indictione.
1463 2086 1681 2136 Annum
1714 2099 1851 2153 prae-

264 2175 553 2228 cedentem
590 2174 729 2228 1260
765 2174 1030 2228 exhibent
1052 2171 1224 2227 Grieci
1273 2173 1494 2228 codices
1533 2188 1642 2228 non
1688 2173 1847 2242 pauci

268 2264 417 2333 apud
476 2265 740 2319 Joannem
803 2263 1091 2318 Boivinum
1134 2264 1189 2317 in
1232 2264 1375 2318 notis
1413 2263 1483 2319 ad
1532 2264 1737 2319 librum
1795 2279 1849 2318 tv

261 2356 562 2427 Nicephori
616 2354 926 2424 Gregorae:
986 2356 1081 2411 sed
1116 2355 1207 2408 alii
1242 2357 1311 2410 ab
1364 2355 1561 2410 eodem
1619 2356 1848 2412 Boivino

262 2448 471 2503 ibidem
546 2457 944 2509 recensentur,
1009 2447 1344 2517 Acropolitaa
1413 2449 1844 2504 consentientes.

263 2537 550 2606 Epocham
575 2524 865 2590 conﬁrmat
893 2537 1063 2591 codex
1104 2536 1266 2603 alius,
1301 2553 1465 2607 quem
1497 2538 1611 2608 ipse
1636 2553 1846 2592 memo-

264 2640 354 2683 rat
385 2630 470 2683 vir
493 2628 870 2691 doctissimus,
906 2629 996 2681 ubi
1027 2628 1288 2683 solemnis
1325 2627 1606 2684 Michaelis
1639 2629 1847 2683 Pulmo-

263 2721 374 2793 logi
417 2721 473 2774 in
525 2722 717 2776 urbem
770 2729 1048 2788 receptam
1117 2720 1398 2790 ingressus
1437 2721 1680 2791 illigatur
1730 2737 1847 2774 cum

261 2816 349 2867 die
374 2814 444 2867 15
475 2814 667 2865 mensis
718 2811 936 2881 Augusti
965 2811 1094 2865 anni
1127 2828 1218 2865 sea:
1251 2812 1515 2866 millesimi
1550 2815 1850 2884 septingen-

265 2905 445 2959 tesimi
463 2904 776 2975 sexagesimi
829 2905 975 2967 noni,
1001 2904 1246 2974 vulgaris
1296 2920 1418 2975 agt-ae
1448 2906 1658 2960 scilicet
1688 2907 1845 2961 1261.

267 2999 368 3053 llis
393 2998 742 3051 adhaerentes
767 2993 1281 3064 rcfertSpondanus
1305 2968 1527 3051 [Latinos
1548 2997 1849 3067 scriptores

261 3088 623 3145 Guillelmum
654 3085 950 3155 Naugium,
981 3088 1312 3141 monachum
1348 3089 1694 3154 Patavinum,
1715 3105 1848 3145 con-

264 3184 598 3236 tinuatorem
623 3180 843 3247 Parisii,
862 3180 1131 3237 Marinum
1162 3182 1455 3247 Sanutum,
1480 3194 1845 3253 cognomento
1871 3206 1913 3262 ο

263 3272 989 3328 Torsellum.Celeberrima
1032 3281 1214 3326 tamen
1245 3273 1297 3327 in
1339 3276 1441 3328 hac
1479 3276 1687 3344 epocha
1713 3291 1845 3329 con-

261 3366 546 3420 stituemla
581 3364 782 3417 mirum
811 3372 917 3429 est,
950 3374 1061 3418 tam
1101 3365 1281 3419 varias
1310 3365 1640 3433 scriptorum
1675 3366 1844 3422 fuisse

261 3458 591 3523 sententias,
621 3458 714 3525 qui
746 3472 948 3511 annum
978 3457 1252 3512 deﬁniunt
1273 3457 1357 3512 vel
1396 3458 1555 3524 1259,
1576 3459 1658 3512 vel
1684 3457 1843 3522 1260,

260 3565 329 3604 ac
358 3551 526 3603 etiam
565 3549 723 3604 1262.
761 3549 919 3603 Hune
945 3561 1152 3601 annum
1179 3548 1467 3601 constituit
1492 3547 1696 3602 Sethus
1721 3547 1846 3602 Cal-

262 3642 440 3697 visius
471 3645 526 3694 in
559 3642 724 3710 Opere
752 3655 853 3694 suo
885 3639 1300 3709 chronologico.
1344 3640 1575 3694 Michael
1612 3639 1847 3708 Lequiev

261 3752 373 3790 nus
400 3734 460 3788 in
490 3734 715 3788 Arsenio
753 3735 945 3785 iterum
985 3730 1297 3801 patriarcha
1339 3730 1847 3800 Constantinopoli-

264 3840 395 3881 tario
454 3826 627 3880 relert
674 3825 961 3877 chronicas
1018 3835 1177 3877 notas
1229 3822 1494 3879 solemnis
1548 3825 1601 3877 in
1650 3823 1880 3878 urbem‘

263 3920 471 3989 regiam
528 3921 857 3986 ingressus;
913 3931 1143 3969 mensem
1200 3915 1530 3984 Augustum,
1563 3916 1701 3970 diem
1756 3918 1844 3981 15,

260 4012 552 4066 indictione
576 4011 632 4072 4,
670 4017 717 4062 et
770 4025 968 4063 annum
1019 4009 1160 4064 6669
1197 4009 1402 4078 (6769),
1443 4010 1703 4078 additque
1735 4013 1846 4064 haec

265 4104 453 4169 verba,
512 4119 715 4157 artuum
752 4102 949 4157 scilicet
990 4102 1186 4158 Christi
1225 4103 1380 4158 1262.
1417 4102 1524 4158 Sed
1573 4118 1727 4157 error
1760 4113 1846 4175 ty-

263 4211 464 4267 porum
505 4195 695 4257 fuerit,
752 4211 990 4265 quorum
1052 4196 1310 4251 mendum
1360 4196 1508 4250 aliud
1562 4196 1728 4250 cubat
1791 4197 1845 4251 in

262 4290 423 4345 annis
474 4289 667 4343 mundi
692 4289 853 4344 6669.
889 4288 1031 4355 Quin
1066 4290 1175 4343 imo
1208 4291 1262 4343 in
1297 4288 1630 4343 Pantaleone
1679 4289 1849 4343 Justi—

262 4385 446 4449 niano,
498 4382 695 4436 Latino
745 4382 1072 4451 patriarcha,
1123 4397 1328 4435 annum
1365 4382 1525 4435 eﬂ‘ert
1560 4382 1651 4435 ille
1684 4382 1844 4447 1261,

259 4491 365 4543 quo
392 4475 715 4543 (inquiens,)
727 4476 888 4544 juxta
910 4476 1196 4529 exactiores
1226 4473 1566 4545 chronolugos
1596 4493 1627 4529 a
1653 4474 1847 4532 Grecis

260 4576 579 4638 recuperata
611 4580 684 4620 est
726 4568 861 4620 urbs
896 4572 1068 4636 regia.

336 4661 543 4714 Verum
592 4659 871 4712 enimvero
907 4660 1023 4713 haec
1064 4659 1192 4713 anni
1232 4659 1371 4714 1262
1412 4661 1655 4729 epocba,
1682 4675 1844 4729 quam

258 4753 335 4806 ab
365 4752 644 4820 aliquibus
680 4751 896 4805 deliniri
928 4767 1053 4805 eum
1107 4751 1403 4821 Spondano
1436 4754 1843 4815 adnotavimus,

258 4844 402 4897 oriri
441 4844 671 4896 fortasse
697 4842 874 4911 potuit
899 4858 963 4897 ex
994 4858 1057 4897 ea
1081 4843 1361 4909 methodo,
1383 4860 1545 4914 quam
1575 4846 1642 4898 ad
1674 4860 1846 4915 annos

261 4952 391 4991 tera
428 4934 1033 5005 Constantinopolitana:
1084 4937 1493 4992 connectendos
1524 4953 1648 4992 cum
1684 4938 1845 4993 annis

257 5044 386 5084 rem
415 5027 660 5095 vulgaris
690 5027 941 5083 nonnulli
983 5028 1208 5082 tradunt
1246 5030 1594 5097 chronologi.
1630 5027 1741 5084 Hac
1776 5030 1846 5085 de

258 5137 320 5176 re
358 5119 493 5173 mihi
535 5119 701 5173 liceat
735 5124 898 5189 paulo
934 5120 1111 5174 fusius
1145 5129 1506 5190 pertractare.
1536 5122 1845 5178 Gulielmus

257 5213 597 5281 Bcveregius
633 5212 687 5265 iu
724 5210 1171 5267 Institutionibus
1196 5214 1603 5285 chronologicis
1643 5217 1741 5270 lib.
1781 5233 1840 5284 ιι,

254 5305 441 5374 capite
480 5306 571 5365 11,
610 5304 689 5359 sic
736 5304 938 5359 docet:
968 5302 1134 5359 Num.
1169 5307 1247 5361 9:
1304 5307 1483 5361 Civilis
1536 5306 1843 5363 Gra'corum

253 5416 371 5453 «τινα
400 5403 501 5462 est,
534 5411 654 5467 qua:
677 5412 711 5449 a
750 5398 938 5451 mundi
966 5397 1271 5467 primordiis
1315 5399 1384 5452 ad
1416 5399 1610 5455 Christi
1638 5400 1844 5457 Nativi—

254 5499 424 5540 tatem
479 5502 649 5539 annos
683 5486 826 5542 5508
873 5487 1155 5558 completos
1207 5498 1470 5542 numerat.
1507 5489 1670 5545 Num.
1724 5492 1837 5547 10:
1882 5524 1889 5531 -

252 5583 442 5633 Annus
496 5579 657 5649 hujus
709 5593 831 5632 certe
864 5579 1004 5634 5509
1055 5581 1246 5649 incepit
1314 5597 1454 5634 anno
1510 5582 1681 5652 primo
1722 5601 1844 5639 certe

252 5674 581 5729 Christiana:
614 5710 631 5726 .
671 5711 687 5725 .
726 5705 742 5724 υ
770 5688 802 5724 a
825 5671 1080 5726 Kalendis
1110 5670 1519 5743 Septembribus.
1552 5673 1711 5729 Num.
1739 5676 1796 5730 11
1824 5692 1837 5730 :

252 5768 411 5818 Anno
446 5766 606 5832 hujus
641 5780 764 5818 terte
807 5767 1092 5835 preposito,
1111 5765 1362 5819 subtrahe
1392 5764 1553 5831 5508,
1599 5767 1838 5822 residuus

248 5867 325 5909 est
391 5873 568 5910 annus
640 5873 763 5910 (τι-α’
816 5854 1155 5919 Christiania,
1205 5873 1306 5927 quo
1388 5867 1631 5911 currente
1689 5860 1839 5927 coepit

1944 610 2169 678 annus).
2208 608 2466 676 Exempla
2531 622 2645 660 rem
2677 605 2921 660 declarat
2948 624 2960 660 :
2991 605 3050 661 Si
3080 609 3214 661 scire
3243 609 3422 670 velim.
3477 613 3532 664 in

1946 710 2164 767 quotum
2189 716 2390 753 annum
2417 697 2611 753 Christi
2646 699 2923 752 conueniat
2971 715 3021 754 υ.
3061 716 3115 770 g.
3148 718 3319 755 annus
3346 702 3532 757 mundi

1947 790 2105 853 6428,
2129 806 2193 844 ea:
2224 789 2375 844 6428.
2397 789 2626 843 subduco
2652 788 2814 855 5508,
2845 792 3113 845 residuum
3144 803 3217 846 est
3241 794 3364 851 920.
3387 794 3530 866 Ergo

1948 897 2089 934 anno
2144 879 2341 935 Christi
2379 880 2483 934 920
2536 897 2709 935 annus
2747 882 2830 935 hic
2864 883 3047 936 mundi
3081 884 3221 940 6128
3267 888 3459 955 incepit
3497 903 3532 940 a

1945 971 2203 1027 Kalendis
2250 971 2590 1039 Septembris.
2626 970 2794 1026 Porro
2849 975 2896 1028 si
2955 976 3097 1030 6128
3132 977 3241 1046 20
3272 981 3530 1047 partiaris

1946 1081 2039 1133 per
2070 1064 2157 1130 15,
2200 1066 2468 1119 residuum
2492 1073 2567 1119 est
2591 1078 2705 1119 octo
2740 1084 2754 1119 :
2791 1083 2913 1137 ergo
2935 1068 3151 1123 indictio
3185 1073 3284 1124 erit
3316 1082 3526 1127 octava.

1950 1157 2101 1211 Hane
2132 1159 2299 1224 igitur
2338 1159 2489 1227 juxta
2524 1159 2766 1228 regulam
2807 1160 2851 1213 si
2884 1175 3029 1214 anno
3058 1164 3336 1230 proposito
3363 1164 3525 1225 6769,

1947 1265 2059 1316 quo
2092 1257 2311 1317 recepta
2342 1249 2445 1303 luit
2482 1249 3022 1319 Constantinopolis,
3071 1253 3330 1309 detrahas
3354 1272 3531 1309 armos

1947 1339 2108 1404 5508,
2166 1339 2420 1396 residuus
2453 1340 2586 1396 1261
2647 1351 2732 1397 est
2777 1358 2952 1398 annus
2983 1360 3103 1399 arma
3136 1348 3396 1417 vulgaris,
3428 1364 3532 1417 quo

1947 1442 2187 1487 currente
2229 1434 2521 1489 dicendum
2572 1433 2979 1505 foret,cwpisse
3015 1458 3042 1492 a
3074 1439 3333 1495 Kalendis
3389 1444 3527 1510 Sep-

1951 1526 2176 1581 tembris
2229 1541 2434 1580 annum
2481 1527 2633 1583 illum
2687 1528 2848 1583 6769.
2884 1530 3152 1595 Quoniam
3185 1549 3316 1587 vero
3371 1543 3531 1603 capta

1949 1634 2124 1672 mense
2153 1618 2297 1672 Julia
2331 1619 2437 1673 fuit
2468 1620 2601 1674 urbs
2654 1622 2824 1690 regia,
2855 1623 2907 1677 id
2935 1626 3165 1679 omnino
3196 1626 3534 1681 transferen-

1949 1708 2078 1761 dam
2124 1718 2271 1763 esset
2325 1711 2390 1763 ad
2436 1727 2639 1765 annum
2687 1729 2809 1767 serae
2855 1716 3090 1785 vulgaris
3146 1718 3529 1787 insequentem

1952 1799 2109 1865 1262,
2145 1800 2213 1854 ad
2248 1817 2410 1869 quem
2440 1803 2684 1872 pertinet
2724 1804 2903 1860 Julius
2931 1809 3136 1863 mensis
3170 1814 3295 1863 anni
3327 1810 3529 1877 Grteci,

1950 1893 2098 1963 quia
2137 1893 2394 1948 Kalendis
2430 1893 2772 1965 Septembris
2807 1897 2861 1952 in
2896 1914 3041 1955 anno
3074 1901 3204 1955 1261
3231 1904 3454 1973 incepit.

2019 1984 2137 2039 Non
2174 1987 2248 2042 ita
2275 2000 2333 2042 se
2352 2003 2438 2041 res
2467 1987 2653 2043 habet.
2670 1989 3012 2047 Exactiorem
3034 2010 3331 2065 veramque
3366 1996 3533 2051 tradit

1951 2077 2192 2145 regulam
2225 2077 2707 2143 Ricciolins,libro
2734 2096 2770 2134 ιι
2808 2081 3212 2154 Chronologiae,
3256 2088 3433 2155 capite
3471 2087 3527 2152 2,

1950 2167 2095 2223 inter
2125 2185 2364 2226 canones
2400 2187 2498 2240 pro
2539 2189 2638 2227 usu
2687 2176 3020 2241 tabularum,
3063 2193 3272 2234 canone
3311 2180 3377 2234 11.
3412 2198 3431 2232 ι
3471 2181 3530 2237 Si

1950 2260 2078 2314 anni
2112 2272 2240 2341 sunt
2279 2262 2569 2331 pauciores
2599 2266 2762 2321 annis
2787 2267 2947 2331 5509,
2979 2269 3101 2325 illos
3124 2269 3210 2323 his
3238 2271 3528 2338 subtrahe,

1950 2356 2006 2401 et
2034 2348 2261 2403 habebis
2289 2366 2462 2405 annos
2496 2361 2620 2406 ante
2644 2353 2931 2422 Christum,
2959 2357 3244 2414 inchoatus
3271 2377 3301 2415 a
3327 2360 3530 2416 Kalen-

1949 2444 2030 2498 dis
2065 2443 2385 2513 Septembris
2438 2447 2569 2498 anni
2622 2450 2988 2521 praecedentis.
3021 2450 3263 2522 Exempli
3296 2456 3465 2523 gratia
3510 2471 3525 2507 :

1950 2534 2151 2588 dentur
2192 2539 2321 2590 anni
2363 2536 2556 2589 mundi
2602 2537 3189 2610 Conslantinopolitani
3220 2544 3393 2609 5508;
3429 2544 3530 2597 bos

1950 2627 2214 2681 subtrahe
2269 2628 2431 2682 annis
2481 2628 2618 2685 5509
2642 2670 2656 2693 ,
2690 2633 2918 2687 restabit
2952 2650 3129 2690 annus
3160 2638 3179 2689 1
3221 2649 3349 2693 ante
3396 2656 3530 2709 epo-

1949 2719 2108 2774 chain
2130 2718 2361 2786 Christi,
2384 2721 2673 2779 inchoatus
2702 2734 2881 2780 tamen
2913 2741 2944 2781 a
2977 2726 3238 2784 Kalendis
3273 2732 3532 2803 Septem-

1951 2808 2066 2863 bris
2085 2810 2211 2863 anni
2233 2821 2357 2863 aute
2383 2812 2861 2880 epochamChristi,
2882 2832 2914 2867 α
2934 2818 3114 2885 quibus
3137 2821 3325 2891 incepit
3353 2840 3529 2879 annus

1948 2902 2111 2967 5509,
2158 2918 2533 2957 concursurus
2554 2920 2650 2973 per
2667 2914 2791 2959 octo
2817 2922 3033 2962 menses
3052 2910 3273 2966 ultimos
3291 2915 3373 2967 sui
3398 2931 3524 2970 cum

1951 2993 2230 3063 prioribus
2261 3005 2384 3049 octo
2417 2998 2696 3050 mensibus
2725 3000 2857 3052 anni
2884 3003 3045 3067 primi
3066 3007 3274 3073 epocha:
3304 3006 3520 3065 Christi.

1949 3088 2020 3139 At
2055 3087 2099 3141 si
2134 3088 2260 3140 anni
2294 3089 2405 3142 dati
2453 3101 2583 3142 sunt
2613 3090 2753 3146 5509
2780 3093 2860 3147 vel
2891 3095 3100 3162 plures,
3122 3098 3383 3154 subtrahe
3420 3101 3527 3158 illis

1949 3193 2120 3230 annos
2149 3177 2288 3233 5508
2311 3219 2325 3244 ,
2350 3189 2405 3233 et
2434 3180 2659 3236 habebis
2685 3199 2858 3238 armos
2890 3186 3095 3242 Christi
3129 3202 3528 3249 concurrentes

1946 3283 1976 3321 a
2004 3269 2258 3324 Kalendis
2287 3271 2563 3327 Januariis
2607 3291 2767 3345 usque
2797 3278 2867 3331 ad
2914 3283 3175 3348 sequentis
3209 3282 3529 3354 Septembris

1944 3361 2240 3420 Kalendas.
2264 3365 2510 3434 Exempli
2531 3370 2701 3436 gratia
2723 3386 2737 3422 :
2760 3369 2921 3424 detur
2948 3389 3127 3427 annus
3153 3376 3339 3429 mundi
3364 3378 3527 3443 5509,

1948 3453 2056 3508 illis
2099 3457 2361 3509 subtrahe
2404 3456 2563 3518 5508,
2601 3471 2768 3514 restat
2815 3477 2993 3515 annus
3036 3464 3248 3533 primus
3300 3466 3529 3535 Christi,

1946 3562 2262 3601 concurrens
2289 3564 2414 3604 cum
2470 3550 2659 3604 mundi
2697 3569 2844 3607 anno
2871 3554 3031 3617 5509,
3065 3572 3236 3629 usque
3283 3562 3348 3614 ad
3382 3562 3530 3617 diem

1947 3638 2175 3707 primam
2208 3639 2583 3709 Septembris:
2619 3643 2745 3698 inde
2770 3647 2915 3700 enim
2948 3653 3227 3705 concurrit
3250 3670 3366 3707 cum
3390 3672 3532 3709 anno

1948 3728 2108 3784 5510.
2148 3750 2165 3780 ι
2196 3730 2381 3800 Itaque
2413 3733 2481 3786 ab
2513 3750 2658 3787 anno
2684 3736 2842 3798 6769,
2876 3755 2984 3805 quo
3010 3751 3223 3809 captam
3259 3743 3532 3801 Constan-

1951 3822 2232 3889 tinopolim
2265 3824 2513 3878 referunt
2538 3826 2838 3893 scriptorcs
2871 3830 3065 3893 Graeci.
3118 3834 3385 3892 subtrahe
3425 3855 3526 3893 an-

1951 3928 2050 3968 nos
2104 3915 2263 3969 5508.
2314 3914 2494 3972 Habes
2549 3934 2678 3973 vero
2737 3938 2938 3976 annum
2994 3924 3222 3993 Christi,
3260 3945 3354 3983 seu
3407 3947 3531 3986 tera:

1948 4009 2187 4078 vulgaris
2238 4011 2404 4071 1251.
2455 4027 2851 4070 concurrentem
2906 4019 3161 4076 videlicet
3212 4038 3335 4077 cum
3384 4042 3531 4082 anno

1947 4099 2549 4173 ConstantinOpolitano
2593 4107 2753 4174 6769,
2803 4127 2968 4182 usque
3003 4114 3074 4166 ad
3117 4115 3255 4168 diem
3302 4118 3531 4187 primam

1948 4192 2291 4264 Septembris,
2326 4196 2587 4267 deinceps
2622 4216 3021 4258 concursurum
3051 4222 3175 4260 cum
3196 4225 3340 4265 anno
3364 4211 3526 4266 6770.

1949 4283 2137 4354 Itaque
2187 4303 2364 4341 annus
2394 4290 2532 4344 6769
2580 4291 2788 4361 incepit
2816 4309 2846 4347 a
2895 4296 3149 4352 Kalendis
3186 4300 3530 4369 Septembris

1951 4376 2005 4430 in
2038 4378 2372 4446 praecedenti
2401 4398 2545 4435 anno
2577 4382 2795 4437 Juliano
2847 4386 3004 4453 1260,
3039 4400 3097 4445 et
3132 4394 3321 4448 mensis
3355 4395 3531 4451 Julius

1952 4471 2082 4523 anni
2116 4470 2701 4544 Constantinopolitani
2740 4476 2900 4543 6769,
2959 4497 3067 4549 quo
3099 4484 3230 4540 urbs
3263 4490 3408 4556 regia
3442 4506 3533 4545 re—

1872 4548 1927 4609 D
1953 4574 2110 4631 cepta
2144 4578 2245 4627 est,
2288 4566 2356 4619 ad
2392 4582 2597 4620 annum
2646 4570 2881 4638 pertinet
2913 4548 3192 4629 Julianum
3230 4548 3386 4635 1261.

2022 4656 2428 4712 Dubitationem
2481 4671 2727 4717 removet
2772 4678 2989 4719 omnem
3039 4668 3257 4722 indictio
3311 4680 3526 4740 quarta,

1950 4766 2056 4819 qua
2087 4750 2378 4819 insignitus
2429 4753 2759 4822 procedebat
2794 4769 2971 4811 annus
3023 4756 3533 4833 Constantinopoli-

1953 4852 2110 4895 tanus
2142 4842 2302 4905 6769,
2328 4860 2502 4905 quave
2556 4857 2777 4901 notatur
2807 4851 2972 4904 etiam
3024 4867 3202 4904 annus
3245 4869 3367 4907 tera;
3412 4857 3533 4911 vul-

1948 4937 2094 5005 garis
2141 4936 2299 4990 1261.
2364 4937 2528 5006 Atqui
2599 4940 2791 4994 eadem
2862 4953 3052 5012 quarta
3130 4946 3358 5001 indictio
3422 4948 3533 5005 Ro-

1951 5044 2156 5093 mano,
2224 5040 2318 5085 aut
2381 5034 2663 5100 pontiﬁcio
2718 5050 2868 5089 more
2931 5036 3127 5107 incipit
3188 5056 3215 5092 a
3272 5041 3530 5099 Kalendis

1948 5119 2224 5177 Januariis
2253 5123 2495 5193 ejusdem
2528 5126 2656 5178 anni
2694 5126 2823 5179 1261
2851 5145 2864 5192 ;
2906 5127 3189 5200 inceperat
3217 5149 3349 5187 vero
3382 5136 3528 5203 iuxta

1946 5211 2259 5267 Graecorum
2317 5230 2525 5267 morem
2575 5230 2605 5269 a
2654 5216 2911 5273 Kalendis
2938 5219 3356 5288 Septembribus
3399 5226 3530 5279 anni

1945 5305 2307 5375 praecedentis
2336 5305 2492 5360 1260.
2516 5305 2595 5360 Ah
2626 5308 2710 5363 his
2744 5325 2875 5380 ergo
2908 5311 3123 5367 initium
3157 5316 3325 5369 sumit
3352 5331 3530 5371 annus

1945 5398 2110 5453 etiam
2169 5400 2808 5469 Constantinopolitanus
2864 5404 3003 5461 6769
3051 5423 3176 5461 cum
3236 5423 3335 5463 sua
3379 5409 3528 5463 indi-

1947 5491 2128 5545 ctione
2160 5500 2352 5560 quarta
2374 5532 2387 5555 ,
2423 5508 2585 5562 quam
2621 5494 2735 5565 ipse
2772 5496 3028 5552 videlicet
3060 5514 3240 5554 almus
3263 5500 3402 5557 6769
3432 5517 3529 5572 per

1948 5582 2016 5636 15
2041 5581 2250 5637 divisus
2304 5584 2522 5650 reddit,
2555 5587 2703 5640 nulla
2752 5587 2890 5641 facta
2937 5590 3221 5647 additiune
3254 5604 3349 5646 aut
3400 5594 3530 5649 sub-

1949 5676 2216 5731 tractione
2257 5693 2272 5729 :
2301 5686 2358 5730 et
2382 5678 2450 5731 ab
2484 5678 2691 5733 eisdem
2731 5680 2950 5734 demum
2985 5683 3243 5739 Kalendis
3274 5685 3527 5755 Septem-

1945 5768 2137 5823 bribus
2189 5767 2317 5822 anni
2373 5769 2578 5824 Juliani
2650 5772 2788 5827 1260
2849 5775 3041 5844 incipit
3093 5778 3237 5848 apud
3306 5779 3527 5836 Graecos

1951 5875 2124 5915 novus
2155 5876 2331 5916 annus
2356 5860 2752 5921 incarnationis
2776 5866 2927 5922 1261.
2950 5868 3225 5939 2111.:nc
3255 5871 3525 5941 hodieque
