3838 6362
326 396 396 458 39
1260 385 1583 450 GEORGII
1631 383 1887 446 cvrnn
1962 383 2069 446 cr.
2114 380 2620 446 I‘ATRIARCHAE
3006 364 3022 378 ⁴
3518 381 3590 449 to

329 515 553 563 servant
596 504 701 575 ipsi
751 503 1231 566 consuetudinem.
1283 510 1346 557 ut
1388 501 1648 571 colligere
1680 500 1805 555 licet
1833 515 1900 554 ex
1927 521 1975 580 Α
2004 496 2619 566 Constantiimpolitano,
2655 495 2819 556 6651,
2853 491 2944 567 qui
2985 484 3245 551 Kalendis
3275 486 3590 561 Septembris

326 613 520 655 eorum
560 597 995 669 Ἢμερολογίοις,
1033 611 1155 666 qua:
1191 595 1420 665 singulis
1448 596 1609 649 annis
1634 594 1897 649 eduntur.

2006 592 2290 660 superioris
2317 589 2516 645 Christi
2552 590 2682 644 anni
2711 589 2895 661 (1142)
2945 590 3244 645 inchoatur.
3276 581 3357 642 Ab
3394 581 3584 641 eodem

327 691 482 747 Hanc
530 691 777 760 eamdem
815 691 1109 743 servabant
1156 689 1473 743 methodum
1509 687 1710 752 Russi;
1764 700 1902 754 quos
2009 701 2154 741 anno
2207 684 2336 738 6651
2375 683 2639 739 detractis
2684 684 2843 738 annis
2892 683 3052 747 5508,
3118 683 3353 739 habetur
3410 697 3592 737 annus

327 792 567 838 attamen
601 782 992 837 animadvertit
1021 780 1367 835 Christianus
1398 777 1633 832 Wolﬁus
1669 778 1722 831 in
1780 777 1904 830 Ele-

328 875 518 929 mentis
546 875 835 930 matheseos
867 876 1125 927 universa:
1150 914 1163 936 ,
1214 880 1361 925 tonio
1395 867 1487 930 IV.
1520 870 1573 923 itt
1605 869 1903 926 Elementis

260 1028 270 1051 ι
327 967 713 1037 οὴτοιιοιυςὶω,
754 967 931 1036 capite
960 966 1012 1029 5,
1032 980 1185 1018 num.
1215 962 1338 1027 195,
1364 962 1429 1016 ab
1464 961 1643 1031 aliquo
1672 971 1905 1033 tempore

329 1059 715 1112 Kalendarium
752 1058 1030 1111 lulianum
1089 1057 1378 1126 recepisse,
1410 1054 1664 1125 hodieque
1706 1071 1907 1109 annum

330 1152 600 1220 auspicari
623 1167 656 1202 a
680 1149 941 1204 Kalendis
976 1149 1248 1205 Januarii.

401 1240 556 1308 Quod
613 1242 723 1305 aio.
768 1241 899 1294 illud
959 1243 1135 1310 ipsum
1192 1238 1570 1295 disertissimis
1601 1238 1787 1293 verbis
1814 1253 1909 1291 cx-

332 1352 580 1403 prcssum
620 1335 740 1404 lego
762 1334 903 1404 apud
936 1333 1157 1403 Pagium
1187 1334 1251 1385 ad
1280 1347 1487 1386 annum
1523 1331 1681 1394 1145,
1712 1330 1805 1384 ubi
1839 1330 1909 1385 de

330 1428 621 1482 emortuali
652 1429 875 1481 Joannis
907 1426 1159 1482 Comneni
1181 1439 1325 1478 almo
1356 1440 1522 1494 agens
1554 1424 1634 1478 sic
1661 1424 1907 1477 aitnum.

334 1520 368 1573 9
397 1537 409 1572 :
438 1517 690 1583 Codinus,
727 1519 836 1572 sive
859 1517 1090 1588 quisquis
1126 1524 1310 1569 auctor
1354 1524 1429 1568 est
1455 1513 1701 1569 Chronici
1743 1513 1911 1567 eidem

332 1610 625 1680 subjuncti,
658 1612 832 1681 prodit
870 1626 989 1664 eum
1018 1610 1270 1663 denatum
1309 1623 1451 1661 anno
1483 1607 1689 1671 mundi,
1719 1604 1914 1660 scilicet

516 1794 643 1840 Anni
682 1792 969 1851 Dionysiani
1268 1791 1398 1840 Anni
1421 1791 1590 1838 mundi
1613 1789 1887 1838 secundum

339 2073 745 2082 ἡ..

758 2071 1143 2083 ____—.___—

1204 2739 1539 2746 *ης

702 3038 1135 3047 ν-ρ--.--υ-η

1196 3039 1516 3048 _—_—-——

1986 1797 1989 1837 ἐ
2006 1790 2138 1836 Anni
2163 1788 2517 1837 incarnationis
2535 1788 2813 1837 secundum
2830 1794 2834 1835 Ξ

1744 1920 1975 1930 ...α-.-

2013 2068 2425 2079 M

2015 2581 2403 2591 α*-

2008 794 2132 834 2rae
2166 776 2406 846 vulgaris
2430 776 2679 832 Julianus
2715 775 2892 843 “45;
2939 780 3081 831 unde
3109 791 3286 830 annus
3317 776 3590 832 Constan-

2013 866 2412 936 tinopolitanns
2439 867 2572 923 6651
2615 883 2723 920 non
2755 867 2947 936 incipit
2982 882 3012 921 a
3045 866 3301 922 Kalendis
3333 867 3593 936 Septem.

2012 960 2127 1015 bris
2145 958 2393 1029 ejusdem
2423 961 2552 1015 anni
2586 960 2743 1025 1115,
2778 962 2871 1014 sed
2904 960 3180 1029 inceperat
3206 961 3306 1014 abs
3336 960 3594 1015 Kalendis

2014 1052 2359 1123 Septembris
2382 1052 2527 1106 'anni
2571 1054 2874 1122 superioris
2931 1052 3111 1118 1142,
3145 1052 3215 1108 ab
3271 1052 3592 1122 eisdemque

2016 1145 2235 1200 initium
2285 1146 2451 1201 etiam
2509 1154 2819 1214 sumpserat
2857 1145 3089 1199 indictio
3135 1158 3328 1212 sexta,
3362 1158 3418 1199 et
3474 1146 3593 1214 ipse

2015 1254 2194 1293 annus
2218 1237 2622 1292 lncarnationis
2647 1237 2807 1301 1145,
2837 1239 2990 1309 juxta
3015 1253 3221 1293 morem
3250 1222 3588 1293 Grecorum.

2017 1327 2169 1383 Hanc
2195 1330 2415 1383 demum
2447 1343 2720 1382 annorum
2748 1328 3149 1383 connexionem
3181 1329 3597 1384 evidentissinte

2017 1420 2120 1476 sub
2145 1419 2336 1474 oculos
2385 1420 2546 1474 oﬂ'ert
2598 1419 2814 1474 initium
2855 1421 3055 1475 tabula:
3112 1423 3411 1490 sequentis.
3472 1437 3596 1488 qme

2020 1521 2228 1582 prostat
2271 1514 2325 1567 in
2367 1514 2614 1585 ejusdem
2649 1514 2799 1586 Pagii
2844 1514 3236 1570 Dissertatione
3265 1517 3331 1570 de
3364 1516 3595 1585 periodo

2017 1604 2502 1661 Graeco-Romana.

3079 1785 3386 1843 Indictiones

2186 1850 2277 1912 Cp.
2298 1864 2325 1899 a
2348 1851 2455 1900 Kal.
2481 1850 2623 1912 Sept.
2826 1848 2834 1912 |
3055 1863 3080 1896 a
3115 1848 3219 1897 Kal.
3252 1849 3395 1908 Sept.

2188 1939 2326 1988 Ante
2365 1936 2634 1990 Christum.

2428 2069 2810 2079 .—-————

2428 2581 2813 2595 ..ἠ-

2861 2733 3229 2743 ___._..__—_

1200 2886 1545 2894 —.—-————A‘
1612 2880 3595 2898 r—_-——_|——————————-————-I——|—_—_———__

341 1922 441 1929 *Ἴ
455 1865 485 1902 a
507 1854 746 1903 Kalendis
779 1855 1135 1931 Januarii;__
1159 1862 1164 1891 θ
1185 1926 1343 1933 φ-Ψ-
1358 1854 1499 1932 CpLa
1517 1852 1794 1931 KalLSfp‘t:

539 1943 673 1991 Ante
701 1940 948 2051 (grislum
1000 2016 1011 2031 Ι
1159 1952 1164 2003 ἶ
1506 1970 1651 2022 5507.

727 2301 774 2351 ιι
1160 2272 1168 2384 l
1516 2272 1664 2384 iiii:

350 2431 1144 2505 Memini—"’7'—
1161 2431 1169 2505 Ι
1188 2435 1666 2503 *Ἐδὶῐ

731 2514 778 2564 1.
1162 2514 1170 2564 Ι
1519 2516 1664 2564 5510.

347 2590 703 2598 “’“’ὺ“””’λ
725 2634 756 2682 ε
812 2587 1129 2599 Ψ
1162 2583 1981 2715 |""——ssm.——

761 2669 774 2683 '
1520 2666 1665 2715 5511.

686 2933 809 2989 ηδο
884 2920 889 2925 ⁷
1160 2904 1173 3014 |
1516 2904 1668 3014 23:23:

689 3088 832 3141 ηδιο
1160 3054 1172 3166 Ι
1518 3054 1664 3166 iiii:

422 3302 530 3370 22
560 3299 741 3354 Licuit
791 3299 846 3353 in
899 3299 1094 3353 tabella
1143 3298 1223 3353 sic
1271 3314 1447 3356 annos
1497 3299 1812 3368 disponere,
1866 3307 1927 3353 ut
1958 3305 2000 3363 Β
2028 3301 2159 3354 αηηὶ
2184 3299 2316 3354 6571
2357 3300 2576 3365 (Christi
2609 3297 2792 3366 l063).
2828 3299 3111 3357 indictione
3138 3301 3336 3370 prima.
3361 3300 3466 3356 Sed
3496 3318 3598 3359 an-

349 3398 534 3447 statim
586 3392 672 3446 vel
730 3392 876 3446 oculi
937 3392 1269 3447 intuentium
1318 3393 1754 3462 deprehendant,
1808 3391 1922 3446 dati

350 3485 480 3536 anni
508 3483 1102 3553 Constantinopolitani,
1134 3484 1248 3539 sive
1282 3485 1487 3549 mundi,
1519 3485 1633 3539 sive
1656 3482 1925 3538 Incarna-

347 3577 524 3637 tionis,
598 3591 814 3630 menses
859 3586 1096 3646 quatuor
1141 3577 1373 3646 priores,
1431 3592 1663 3648 quorum
1718 3577 1924 3646 primus

345 3666 644 3737 September
666 3678 774 3731 est,
804 3666 962 3721 alteri
987 3666 1269 3721 conveniri
1298 3681 1443 3721 anno
1486 3666 1836 3737 Dionysiano,
1870 3674 1926 3720 et

346 3760 505 3813 alteri
547 3774 765 3814 menses
795 3768 920 3813 octo
972 3759 1310 3829 posteriores
1345 3774 1364 3815 :
1396 3774 1506 3828 quo
1546 3763 1710 3813 etiam
1762 3759 1925 3813 modo

348 3852 648 3921 dispositas
683 3851 837 3905 vides
862 3850 1217 3914 indictinncs,
1240 3851 1552 3907 Grascorum
1586 3866 1740 3905 more
1772 3866 1923 3905 com-

347 3953 585 4013 putatas.
625 3943 897 4008 Quorsum
930 3958 1062 3999 vero
1093 3943 1209 3998 haec
1241 3946 1448 4007 omnia,
1482 3943 1777 4012 cateroqui
1804 3943 1924 3996 trita

349 4049 413 4088 ac
461 4033 722 4103 vulgaria,
773 4034 973 4088 iterum
1019 4035 1192 4089 veluti
1245 4035 1504 4090 recocta?
1544 4035 1816 4090 Nimirum
1867 4041 1927 4087 ut

351 4124 609 4179 ﬁdentius
629 4140 894 4189 asseram,
930 4126 1145 4195 regulas
1174 4142 1202 4180 a
1237 4125 1534 4197 Beveregio
1565 4135 1798 4182 statutas
1832 4134 1926 4180 aut

348 4213 710 4285 abjiciendas.
740 4223 832 4268 aut
856 4215 1041 4285 aliquo
1067 4216 1418 4284 corrigendas
1449 4216 1612 4271 modo
1638 4233 1652 4269 :
1687 4216 1925 4286 itemque

351 4316 411 4361 ut
433 4305 584 4359 omni
609 4306 761 4360 salva
785 4321 915 4376 erga
954 4307 1100 4360 viros
1126 4306 1475 4362 doctissimos
1503 4307 1832 4368 reverentia,
1858 4306 1926 4361 de

348 4397 576 4451 calculis
608 4411 825 4462 eorum,
850 4399 941 4467 qui
970 4413 1000 4451 a
1033 4399 1236 4452 nostris
1264 4398 1472 4453 dissoni
1512 4409 1642 4453 sunt
1662 4438 1678 4461 ,
1704 4408 1927 4451 senten-

350 4496 480 4542 tiam
508 4486 713 4542 dicam.

422 4579 863 4634 Montisuconius
916 4579 1338 4651 Palzeographize
1405 4579 1609 4635 Graecae
1671 4580 1817 4635 libro
1884 4596 1924 4643 ι,

2026 3408 2157 3447 num
2200 3392 2339 3446 1062
2377 3392 2583 3448 evincit
2628 3390 2844 3445 indictio
2887 3393 3087 3460 prima,
3117 3408 3292 3461 quaaa
3346 3392 3610 3448 Kalendis

2027 3485 2362 3557 Septembris
2390 3485 2635 3555 ejusdem
2664 3486 2795 3538 anni
2824 3484 2966 3539 1062
2998 3485 3223 3555 incepit.
3248 3485 3435 3539 Αιιιιιιε
3470 3488 3609 3543 l062

2025 3589 2247 3634 notatur
2280 3580 2465 3634 littera
2512 3578 2841 3633 Dominicali
2888 3575 2929 3630 F
2972 3588 3028 3633 et
3072 3592 3251 3631 annus
3304 3578 3610 3650 insequens

2027 3670 2164 3725 1065
2188 3670 2367 3725 littera
2408 3670 2729 3724 Dominicali
2779 3669 2840 3722 E.
2878 3666 2973 3722 Illa
3012 3682 3177 3731 vero,
3210 3683 3317 3723 non
3380 3670 3483 3723 ista
3533 3669 3611 3737 {e-

2027 3763 2162 3814 riam
2192 3744 2433 3832 quintam
2459 3762 2630 3832 illigat
2654 3776 2777 3816 cum
2808 3759 2900 3814 die
2928 3740 3153 3829 septinia
3189 3759 3519 3817 Novembris.

2096 3853 2224 3923 Pag.
2251 3853 2319 3907 58
2346 3853 2479 3908 :Die
2498 3854 2568 3907 20
2596 3852 2926 3916 Novembris,
2952 3851 3085 3922 feria
3107 3860 3279 3918 sexta,
3307 3870 3448 3907 anno
3466 3853 3609 3909 66⁸54

2030 3944 2108 4008 (id
2130 3952 2207 3998 est
2236 3942 2431 3999 Christi
2472 3945 2652 4013 “26).
2691 3946 2974 3999 indictione
3005 3954 3220 4014 quarta.
3283 3943 3480 3998 Iterum
3531 3946 3610 3998 in-

2027 4036 2189 4088 dictio
2222 4047 2417 4105 quarta
2444 4050 2646 4088 annum
2678 4036 2901 4089 exhibet
2934 4034 3095 4097 1126,
3145 4035 3420 4103 inceptum
3454 4051 3608 4090 more

2026 4125 2336 4183 Graecorum
2366 4144 2395 4181 a
2432 4127 2690 4182 Kalendis
2717 4126 3058 4195 Septembris
3083 4127 3212 4180 anni
3246 4127 3611 4195 praecedentis

2029 4218 2188 4273 “'25.
2238 4219 2452 4273 Feriam
2492 4233 2622 4273 vero
2664 4227 2865 4271 sextam
2899 4232 3023 4272 cum
3072 4216 3157 4271 die
3201 4218 3271 4271 20
3306 4216 3611 4271 Novembris

2028 4310 2232 4365 indicat
2283 4311 2458 4364 littera
2526 4307 2875 4363 Dominicalis
2923 4308 2966 4362 D
3008 4308 3141 4363 anni
3200 4306 3364 4374 1125,
3405 4323 3515 4363 non
3569 4309 3613 4362 ϐ

2028 4404 2158 4457 anni
2188 4403 2347 4457 1126.

2101 4494 2228 4564 Pag.
2267 4493 2329 4547 61
2362 4508 2380 4548 :
2427 4488 2756 4559 Ἐτελειὼοη
2786 4489 2844 4543 δὲ
2875 4489 2936 4542 ὲν
2970 4487 3083 4543 ἔτει
3127 4489 3206 4562 τῷ
3237 4489 3347 4543 ἀπὸ
3373 4489 3611 4557 atticen);

2030 4586 2234 4656 κόσμου
2253 4590 2457 4656 ,ς-χοςν,
2485 4585 2583 4639 ινδ.
2598 4591 2669 4647 α’.
2690 4584 2842 4654 ἡλίου
2872 4584 3058 4656 κύκλῳ
3078 4587 3170 4655 ιβ’,
3193 4584 3425 4655 σελήνης
3443 4585 3508 4647 ζ’,
3530 4587 3614 4648 εἰς

343 4673 523 4741 Capite
563 4672 615 4736 6,
645 4683 864 4726 veteres
889 4673 1246 4741 quamplures
1285 4688 1416 4726 mss.
1454 4673 1670 4727 codices
1710 4672 1917 4727 Graecos

2035 4686 2134 4746 τὰς
2161 4681 2222 4735 ιδ’
2255 4682 2350 4735 τοῦ
2385 4682 2749 4751 Δεκεμϐρίου,
2788 4683 2972 4752 ἡμέρᾳ
2997 4682 3059 4736 ε’.
3090 4681 3396 4751 Completus
3429 4692 3614 4735 autem

344 4773 597 4818 recenset
628 4776 644 4822 :
677 4771 945 4833 notasque
975 4764 1267 4818 chronic-as
1308 4764 1468 4818 aﬂ‘er‘t
1507 4780 1627 4833 qua:
1654 4765 1706 4817 in
1738 4765 1804 4819 iis
1836 4782 1930 4819 oc-

343 4865 595 4910 currunt.
625 4858 755 4927 Pag.
790 4856 860 4911 45
886 4873 901 4910 :
932 4855 988 4910 Is
1020 4856 1291 4911 absolutus
1322 4856 1423 4925 fuit
1457 4872 1598 4909 anno
1636 4854 1776 4910 6494
1813 4858 1928 4919 (hoc

347 4957 420 5002 est
448 4947 646 5002 Christi
674 4947 824 5020 986).
858 4948 1051 5003 Mensis
1078 4946 1387 5002 Novembris
1411 4949 1501 5003 27.
1544 4946 1707 5002 Feria
1741 4948 1931 5002 hebdo-

348 5042 520 5095 madis
576 5053 750 5095 sexta.
803 5040 980 5095 Verba
1020 5041 1237 5097 lineolis
1284 5041 1495 5095 inclusa
1541 5041 1796 5110 apposuit
1847 5040 1931 5095 vir

346 5134 719 5188 doctissimus.
777 5133 997 5187 Annum
1037 5149 1137 5203 ego
1191 5133 1297 5188 985
1355 5133 1757 5187 enuntiandum
1805 5147 1930 5187 esse

347 5227 484 5278 aio:
530 5225 695 5294 idque
742 5225 1019 5296 colligitur
1067 5241 1136 5279 ex
1190 5226 1279 5280 die
1326 5225 1394 5279 27
1441 5223 1744 5278 Novembris
1796 5224 1930 5294 feria

347 5327 517 5369 sexta.
552 5318 742 5372 Annus
778 5305 883 5373 986
942 5318 1155 5387 cyclum
1188 5317 1317 5371 solis
1365 5317 1531 5370 habet
1582 5333 1649 5370 xv
1690 5328 1746 5370 et
1783 5317 1929 5370 litte-

352 5424 467 5462 ram
504 5410 892 5465 Dominicalem
929 5411 993 5475 C,
1042 5426 1161 5479 quae
1216 5409 1271 5463 in
1310 5408 1633 5464 Kalendario
1674 5408 1820 5463 dicm
1860 5409 1930 5463 27

351 5500 676 5556 Novembris
701 5504 946 5557 ostendit
991 5518 1115 5557 esse
1166 5502 1463 5557 Sabbatum
1493 5519 1506 5555 :
1542 5510 1596 5555 at
1625 5506 1809 5572 cyelus
1841 5519 1931 5557 so-

350 5590 420 5645 lis
458 5606 546 5645 nv
595 5600 649 5645 et
693 5593 875 5647 littera
929 5592 1283 5646 Dominicalis
1325 5591 1364 5644 D
1405 5592 1461 5645 in
1514 5606 1659 5644 anno
1688 5590 1825 5653 985,
1861 5590 1929 5646 ad

326 5684 600 5739 eamdem
644 5684 971 5739 Novembris
1010 5685 1149 5738 diem
1179 5683 1246 5737 27
1281 5684 1527 5739 referunt
1570 5684 1760 5753 feriam
1814 5701 1933 5739 sea:-

351 5784 487 5827 tam.

423 5864 554 5934 Pag.
584 5865 884 5921 ὅὲεΜειιδίδ
918 5864 1222 5924 Novembris
1244 5871 1489 5941 septima,
1517 5872 1652 5941 feria
1669 5872 1930 5939 quinta...

2031 4784 2105 4830 est
2163 4792 2304 4829 anno
2360 4792 2393 4828 a
2443 4777 2708 4829 creatione
2758 4777 2940 4829 mundi
2974 4775 3115 4831 6676
3155 4774 3375 4833 (Christi
3428 4776 3611 4843 1168).

2026 4867 2208 4921 indict.
2246 4869 2265 4920 1
2294 4909 2309 4931 ,
2345 4865 2479 4937 cycli
2512 4865 2637 4919 salis
2668 4865 2719 4922 Χ
2739 4907 2756 4931 ,
2797 4865 2938 4920 luna:
2968 4865 3073 4920 VII
3097 4910 3112 4929 ,
3151 4866 3448 4919 Decembris
3478 4867 3614 4934 feria

2029 4959 2085 5012 4.
2114 4956 2212 5012 Ubi
2243 4957 2418 5028 cyclus
2434 4956 2562 5011 solis
2587 4974 2653 5012 ex
2680 4957 2868 5013 (ἱππικοί)
2899 4967 3046 5012 textu
3070 4958 3387 5012 reddendus
3405 4970 3488 5010 est
3512 4974 3614 5019 xu,

2032 5051 2272 5119 itemque
2327 5050 2461 5119 feria
2498 5049 2534 5103 V
2561 5051 2959 5113 enumeranda,
2992 5068 3056 5105 ac
3086 5052 3305 5104 demunt
3363 5050 3615 5104 addenda

2033 5142 2139 5195 dies
2173 5144 2234 5195 ts
2266 5141 2583 5196 Decembris.
2630 5142 2908 5212 Imprimis
2946 5159 3134 5198 mense
3170 5143 3442 5195 Decembri
3481 5143 3615 5198 anni

2029 5233 2231 5288 Juliani
2265 5235 2401 5290 1168
2428 5237 2538 5305 jam
2571 5251 2601 5290 a
2642 5236 2953 5306 Septembri
2997 5236 3322 5304 praecedenti
3356 5238 3616 5292 currebat

2034 5327 2679 5396 Constantinopolitanus
2729 5344 2908 5383 annus
2946 5326 3108 5389 6677,
3146 5326 3293 5394 quod
3346 5329 3513 5381 etiam
3546 5328 3615 5383 ad

2032 5419 2285 5472 eumdem
2314 5435 2515 5472 annum
2561 5420 2766 5474 Sethus
2796 5419 3068 5476 Calvisius
3115 5419 3346 5474 adnotat
3376 5436 3389 5473 :
3429 5421 3618 5476 Annus

1980 5489 1987 5495 ’
2028 5508 2648 5581 ConstantinOpolitanus
2678 5514 2818 5569 6677
2843 5515 3025 5581 incipit
3064 5512 3320 5568 Kalendis
3383 5512 3620 5571 Octobris

2033 5602 2172 5671 (lege
2200 5611 2253 5656 tu
2284 5602 2657 5675 Septembris).
2682 5605 2919 5660 Consule
2953 5606 3176 5676 Pagium
3210 5611 3261 5658 in
3299 5607 3519 5660 Dissert.
3549 5606 3621 5661 de

2033 5691 2269 5751 Periodo
2299 5695 2771 5751 Graeco~liomana
2800 5698 2905 5767 23
2928 5714 2957 5751 a
2990 5715 3144 5753 num.
3178 5698 3246 5752 70
3268 5708 3323 5753 et
3350 5715 3499 5751 num.
3523 5699 3616 5754 95.

2037 5785 2227 5856 Itaque
2254 5805 2431 5844 annus
2459 5787 3103 5859 Constantinopolitanus
3130 5790 3271 5844 6676
3300 5806 3330 5843 a
3359 5790 3621 5847 Kalendis

2040 5876 2377 5950 Septembris
2407 5881 2536 5936 anni
2570 5878 2771 5937 Juliani
2816 5882 2951 5938 1167
2988 5884 3295 5953 inceperat,
3335 5882 3625 5940 currebat-
