3858 6460
321 380 384 442 ll
1254 409 1263 417 ‘
1653 393 1846 455 ViTA.
1890 418 1957 428 -
1997 394 2235 463 NOTAE.
3510 406 3580 469 42

319 515 428 568 que
463 515 649 554 mense
681 502 954 558 Decembri
978 505 1222 575 ejusdem
1268 509 1418 563 anni.
1444 510 1578 564 Rem
1609 513 1884 566 conlirmal

2000 512 2207 565 veniam
2226 515 2562 584 gratiamque
2587 530 2711 584 erga
2744 514 3053 570 llolobolum
3078 529 3222 572 tuam
3248 524 3580 589 permittens.

320 592 535 644 indictio
562 593 757 661 prima,
814 612 935 663 qua:
984 598 1137 665 juxta
1172 598 1487 655 Cra-corum
1518 592 1728 657 morem
1768 619 1892 659 cum

319 697 463 735 novo
487 697 633 736 anno
662 684 730 738 ab
753 685 960 739 eisdem
1004 687 1261 741 Kalendis
1313 689 1731 761 Septembribus
1765 694 1895 747 anni

321 773 459 827 1167
492 774 711 827 initium
746 787 1073 846 sumpserat.
1117 780 1343 835 Accedit
1382 782 1782 838 demonstratio
1826 799 1895 839 ex

318 867 454 935 feria
499 864 558 931 γ,
595 882 717 935 qua:
752 884 917 933 anno,
951 886 1058 922 non
1090 870 1246 930 1168.
1284 873 1378 926 sed
1418 874 1553 929 “67
1602 876 1793 930 incidit
1840 878 1893 931 in

318 957 456 1008 diem
486 957 553 1011 H
591 955 907 1013 Decembris.
952 962 1142 1016 Annus
1190 944 1335 1017 11118
1385 964 1679 1036 insignitus
1707 982 1899 1035 proce-

314 1048 481 1102 debat
527 1049 706 1103 littera
748 1051 1070 1107 Dotninicali
1103 1054 1213 1119 GF,
1248 1056 1394 1112 unde
1423 1058 1542 1113 dtes
1581 1058 1897 1115 Decembris

314 1141 626 1194 duodecima
657 1142 759 1197 fuit
790 1143 925 1211 feria
955 1146 1165 1214 quinta.
1194 1148 1353 1201 Auno
1387 1149 1734 1218 princedente
1760 1151 1893 1205 1167

312 1230 575 1283 currebat
596 1231 776 1285 littera
802 1234 1156 1288 Dominicalis
1191 1239 1256 1299 Α,
1289 1254 1412 1306 quae
1435 1240 1626 1308 feriam
1654 1243 1896 1310 quintam

312 1322 598 1376 connectit
636 1340 755 1377 cum
804 1326 890 1379 die
943 1327 1010 1380 11
1058 1327 1375 1384 Decembris.
1422 1332 1670 1400 Denique
1717 1347 1896 1387 annus

313 1411 684 1483 L‘iouysiattus
741 1417 877 1471 1168
932 1428 984 1472 et
1029 1435 1207 1474 annus
1256 1420 1895 1494 Constantinopolitanus

311 1504 483 1557 (3676‘
518 1506 720 1562 habent
775 1509 981 1579 cyclam
1033 1511 1180 1575 solis,
1230 1513 1321 1568 ille
1353 1515 1623 1585 primum,
1676 1526 1730 1570 et
1791 1517 1893 1572 iste

309 1596 698 1663 duodecimum,
728 1605 1088 1671 eamdemque
1115 1604 1358 1660 litteram
1398 1608 1785 1662 llontiuicalcm
1805 1610 1895 1664 GF

308 1700 338 1736 τι
371 1685 630 1741 Kalendis
657 1689 971 1745 Januariis:
1001 1704 1056 1746 et
1096 1710 1242 1747 anno
1272 1700 1598 1763 pra-cedenti
1637 1700 1893 1754 currebat

306 1777 495 1843 cyclus
523 1778 656 1831 solis
687 1778 1053 1850 Dionysianus
1090 1783 1304 1842 XXVIII
1343 1796 1398 1840 et
1427 1785 1893 1859 Constantinopo-

308 1866 514 1917 Iitauus
552 1865 623 1918 Xl
670 1883 798 1921 cum
844 1872 1028 1924 littera
1078 1872 1406 1929 Dominicali
1461 1879 1527 1929 Α.
1555 1879 1671 1942 Qua
1719 1881 1787 1932 de
1831 1895 1887 1934 re
1924 1878 1967 1937 Β

303 1957 556 2025 expende
600 1959 851 2015 Tabulam
899 1962 1167 2032 cyclorum
1209 1966 1471 2021 solarium
1521 1977 1568 2021 et
1626 1970 1894 2025 lunarium

303 2052 360 2104 in
396 2052 519 2104 acris
561 2053 846 2107 mundanis
883 2053 1188 2113 Cra'corum
1231 2063 1370 2129 apud
1404 2061 1627 2131 Pagium
1683 2066 1737 2117 in
1775 2064 1894 2117 Di..-

304 2141 602 2194 sertatione
625 2143 693 2197 de
727 2146 957 2201 l’eriodo
992 2146 1485 2219 Graeco-Romana,
1519 2169 1890 2210 acnumet'um

302 2236 533 2289 consule
572 2236 658 2291 70.

380 2328 495 2381 Alia
526 2344 639 2382 non
681 2345 855 2397 pauca
885 2332 1086 2388 ibidem
1138 2341 1283 2406 apud
1318 2339 1788 2401 Montfauconium
1820 2352 1892 2405 si-

306 2418 456 2472 milia
501 2431 808 2477 occurrunt
845 2429 1113 2496 exempla.
1147 2428 1345 2485 Fateor
1367 2442 1604 2491 attamen
1633 2446 1890 2501 nontmlla

303 2521 582 2579 prostare,
621 2529 744 2581 qua:
786 2514 1063 2572 adversari
1118 2519 1401 2578 videntur.
1431 2525 1561 2597 Pag.
1593 2530 1661 2583 5.0
1696 2539 1891 2589 :Anaa

303 2601 448 2657 6558
482 2603 706 2673 (Christi
732 2606 914 2679 1050),
932 2626 1109 2665 mense
1141 2611 1377 2670 Octobris
1403 2619 1493 2685 25,
1526 2621 1660 2690 feria
1680 2628 1888 2695 quinta.

304 2695 525 2748 Annum
557 2697 880 2765 praedictum
913 2698 1189 2757 Julianum
1234 2705 1374 2762 1050
1406 2710 1677 2769 alliciebat
1706 2718 1888 2773 littera

305 2783 665 2842 Dominicalis
698 2790 765 2853 (ἱ,
809 2806 929 2860 qua:
962 2795 1151 2863 feriam
1183 2797 1225 2853 V
1275 2801 1533 2858 transfert
1572 2808 1625 2862 in
1657 2807 1792 2862 diem
1820 2810 1890 2866 '23

307 2876 553 2934 Octobris
582 2882 827 2952 ejusdem
851 2890 982 2943 anni
1013 2890 1173 2945 1050.
1202 2892 1271 2945 At
1292 2908 1449 2949 error
1468 2896 1700 2954 fortasse
1725 2905 1890 2958 cut-ct

305 2978 363 3026 tn
416 2970 577 3041 feria,
627 2975 711 3030 vel
748 2976 803 3031 in
833 2976 923 3032 die
955 2994 971 3032 :
1010 2984 1471 3048 quemadmodum
1505 2989 1641 3045 vitio
1680 2991 1889 3049 laborat

304 3064 530 3117 indictio
561 3065 647 3130 12,
694 3068 793 3123 ενδ.
826 3067 914 3138 ιβ’,
943 3087 1066 3141 qua:
1097 3073 1297 3144 legitur
1325 3094 1381 3131 tn
1449 3088 1596 3135 textu
1647 3083 1836 3139 θωπί)
1870 3106 1883 3141 :

303 3156 564 3210 Currebat
610 3158 759 3213 enim
807 3175 952 3216 anno
990 3163 1131 3221 1050
1183 3167 1410 3224 indictio
1439 3171 1493 3235 5,
1530 3189 1639 3227 non
1673 3176 1751 3231 12.
1793 3178 1884 3233 Vel

208 3252 215 3257 '
303 3249 473 3301 etiam
506 3266 606 3318 pro
628 3254 792 3321 genio
822 3254 1085 3312 librarius
1114 3275 1318 3316 annum
1378 3264 1519 3322 6558
1564 3283 1592 3321 a
1624 3269 1881 3327 Kaletnzts

298 3340 581 3397 Januariis
622 3353 1038 3406 numeraverit:
1074 3357 1218 3423 quod
1250 3372 1280 3410 a
1324 3357 1520 3415 Russis
1562 3362 1725 3418 hodie
1765 3366 1882 3420 liet'i

300 3448 428 3487 cum
479 3434 675 3492 Wollio
712 3440 1118 3501 adnotavimus.
1149 3448 1228 3503 Ex
1260 3450 1362 3505 hac
1396 3452 1880 3514 dissertatiuncubt
1968 3473 1973 3479 '

303 3528 450 3579 haud
472 3543 660 3597 parum
683 3534 1038 3592 emolumenti
1058 3541 1472 3612 percipiendum
1508 3558 1596 3602 est
1624 3554 1878 3619 sequenti

300 3619 361 3672 in
426 3618 821 3680 Dissertatioue
866 3627 908 3686 1.
945 3635 1123 3700 capite
1174 3634 1224 3697 1.
1260 3650 1416 3692 num.
1476 3638 1529 3704 4,
1578 3641 1633 3695 in
1680 3618 1880 3712 insigni

298 3715 541 3780 quadam
592 3718 979 3775 constituenda
1019 3726 1252 3795 epocha,
1303 3745 1467 3798 quam
1515 3731 1882 3805 Pachymeres

298 3798 585 3875 exprimit,
613 3822 677 3862 ac
707 3824 997 3879 perperam
1025 3816 1307 3887 l’ossinus,
1331 3822 1645 3880 Bandurius
1678 3838 1733 3881 et
1757 3827 1876 3881 Bol-

298 3900 546 3956 landiani
584 3900 919 3974 intelligunt.
948 3907 1235 3981 Chronica:
1267 3914 1387 3969 aliae
1413 3915 1762 3975 dillicuitates
1783 3936 1880 3976 oc-

296 4004 548 4059 current,
584 4012 708 4065 quae
727 4006 916 4055 nostra
944 4006 1297 4073 computandi
1317 4008 1578 4065 tnethodo
1608 4008 1879 4078 adhibita,

297 4098 665 4143 evanescunt.

374 4179 489 4249 (2|)
550 4180 856 4250 Imperator
885 4226 899 4239 .
942 4224 957 4239 .
992 4224 1010 4242 .
1064 4188 1428 4260 AcrOpolitam
1471 4237 1485 4251 .
1521 4237 1536 4251 .
1575 4237 1589 4253 .
1643 4207 1880 4257 civilibus

297 4271 474 4341 ipsum
513 4279 658 4329 curis
708 4275 947 4331 liberavit
976 4295 995 4333 :
1026 4296 1185 4353 seque
1236 4284 1327 4340 ille
1372 4301 1623 4357 paratum
1649 4298 1883 4350 exhibuit

296 4366 369 4418 iis
397 4367 659 4433 omnibus,
692 4370 782 4438 qui
823 4370 1010 4424 audire
1033 4389 1149 4426 eum
1187 4376 1379 4431 vellent
1415 4383 1747 4452 magistrum.
1778 4388 1880 4445 Cc-

302 4455 661 4512 lt»berrimum
692 4460 872 4513 virum
908 4462 1149 4535 intellige
1167 4465 1461 4538 Georgium
1484 4476 1876 4545 Acropolitam,

297 4548 369 4601 de
398 4565 508 4617 quo
530 4549 696 4607 latius
733 4554 843 4623 agit
873 4553 1105 4612 Allatius
1132 4560 1189 4612 in
1235 4559 1477 4618 Diatriba
1513 4565 1581 4621 de
1608 4566 1874 4640 Georgiis.
1896 4556 1959 4629 ’1)

297 4642 609 4697 Plurimum
643 4645 813 4700 valuit
846 4647 899 4700 in
932 4649 1050 4703 aula
1101 4649 1474 4720 imperatoria,
1525 4657 1736 4730 fuitque
1768 4663 1878 4718 Ma-

292 4748 438 4800 gnus
469 4733 766 4803 Logotheta
792 4778 804 4797 ,
839 4739 1156 4808 reipublica:
1184 4745 1716 4807 administrationem
1750 4774 1876 4811 cum

298 4826 631 4892 imperatore
663 4845 878 4898 gerens.
916 4828 1066 4889 llttnc
1097 4834 1412 4904 dignitatem
1450 4842 1691 4901 declarat
1719 4849 1879 4903 Jaco-

293 4916 402 4969 ltus
464 4916 612 4972 Goar
664 4920 716 4972 in
769 4923 913 4975 notis
961 4923 1028 4978 ad
1085 4926 1379 4984 Codinum.
1433 4934 1735 4995 Germanus
1783 4943 1873 5006 Ill,

293 5008 613 5077 patriarcha
654 5009 1314 5083 Constantinopolttanns,
1349 5023 1443 5091 qui
1487 5027 1742 5087 thnmtnn
1773 5031 1877 5087 Ee-

295 5103 482 5155 ciesia:
520 5117 664 5155 anno
695 5101 831 5156 1266
857 5102 967 5175 24
994 5106 1075 5159 vel
1111 5108 1419 5180 insequenti
1452 5110 1791 5184 conscendit,
1814 5141 1878 5179 ac

294 5193 519 5247 iniudico
543 5197 718 5248 tenuit
738 5205 1003 5264 tempore,
1029 5207 1087 5253 nt
1110 5200 1434 5272 Acmjtolitaa
1453 5209 1877 5271 subslit-seretur

292 5285 619 5351 llnlobolus,
656 5287 911 5355 publicus
970 5292 1362 5349 matltematutn
1427 5301 1702 5368 professor
1732 5346 1747 5370 ,
1788 5309 1875 5364 his

287 5376 485 5431 verbis
518 5392 779 5432 exorasse
828 5378 1152 5435 Michaelent
1181 5386 1562 5454 imperatorem
1590 5395 1875 5452 llldllCliur

286 5468 438 5537 apud
476 5468 870 5540 l’achymerem
896 5473 989 5528 lib.
1029 5490 1101 5538 tv,
1124 5477 1302 5546 capite
1338 5480 1436 5537 lt:
1460 5483 1787 5558 Acropolna,
1825 5506 1873 5548 et

282 5559 517 5631 Magnus
568 5560 854 5630 Logotheta
906 5562 1182 5636 Georgius,
1222 5577 1311 5623 tuo
1361 5572 1558 5630 dudum
1595 5582 1871 5654 (Auguste)

280 5653 462 5721 iussu,
501 5663 743 5707 versatus
792 5655 848 5706 in
905 5660 1176 5713 tradendis
1231 5663 1541 5733 disciplinis,
1592 5653 1871 5744 postquam

282 5745 469 5799 multis
504 5747 612 5807 iant
642 5748 797 5799 annis
839 5747 1104 5803 insudavit
1134 5753 1181 5805 ei
1204 5770 1413 5824 operae,
1446 5758 1627 5829 fractis
1662 5769 1872 5824 demum

278 5839 482 5893 viribus
514 5838 710 5906 fatiscit
743 5876 759 5892 .
786 5880 802 5895 .
839 5879 855 5894 .
896 5879 909 5893 .
938 5845 1125 5897 Annae
1161 5848 1320 5915 igitur
1355 5855 1627 5910 orantibus
1651 5861 1867 5921 nobis...

528 5935 808 5996 PATROL.
837 5941 932 6000 Gtt
988 5940 1081 5998 (ΣΧ
1096 5940 1221 6002 Lll.

2006 603 2194 659 l‘lures
2218 605 2402 675 itaque
2425 619 2599 660 annos
2620 605 3097 678 Constantinopoli
3124 612 3342 667 scholas
3365 631 3582 673 rexerat

2002 696 2337 765 Acropolita.
2389 695 2438 751 ls
2472 697 2638 751 etiam
2676 708 2782 765 est,
2814 700 2909 770 qui
2964 702 3048 755 sui
3083 707 3343 774 temporis
3395 707 3583 765 [listo-

2001 792 2136 843 riam
2180 789 2423 859 scripsit,
2469 792 2629 862 cujus
2677 808 2783 846 non
2826 808 2997 857 pauca
3034 793 3301 853 hactenus
3327 800 3584 860 dedimus

1999 892 2283 950 excerpta.
2309 882 2458 938 lnter
2473 882 2657 953 Cyprii
2681 885 2955 954 Epistolas
2985 890 3212 960 legimus
3236 878 3581 966 inscriptam,

1999 974 2316 1044 Acropolita:
2339 979 2591 1047 magistro
2619 995 2734 1033 suo.

2072 1066 2187 1135 (2'2)
2217 1065 2543 1137 Priusquam
2568 1070 2638 1123 ad
2664 1071 2832 1126 alium
2870 1072 3101 1143 aliquem
3134 1077 3199 1131 ea:
3236 1078 3582 1136 Aristotelic’s

1997 1160 2273 1226 gradibus,
2321 1173 2430 1216 etc.
2487 1162 2803 1219 lllethodum
2857 1169 3271 1235 animadverte,
3305 1191 3468 1243 quant
3527 1176 3580 1229 in

1998 1250 2308 1318 disciplinis
2339 1254 2619 1310 tradendis
2669 1256 2982 1328 Acropolita
3010 1264 3281 1319 servabat.
3311 1265 3584 1322 Tradebat

1996 1342 2235 1410 primunt
2284 1343 2694 1416 Syllogisticam
2741 1360 2798 1404 et
2852 1354 3191 1425 Analyticam
3247 1358 3581 1428 Aristotelis,

2000 1445 2111 1485 tum
2149 1434 2533 1503 lthetoricam,
2569 1456 2631 1494 ac
2688 1441 2950 1512 deinceps
2986 1449 3341 1516 proinndiora
3370 1454 3585 1510 Aristo-

1997 1525 2156 1581 tclica
2224 1528 2617 1601 Mctaphysica,
2670 1544 2725 1589 et
2783 1537 2849 1591 de
2909 1539 3140 1610 Physico
3175 1545 3363 1599 auditu
3413 1548 3584 1603 docu-

1999 1632 2205 1676 menta.

2069 1709 2181 1779 (25)
2216 1712 2507 1782 Aggtessus
2577 1718 2897 1784 eststudia,
2964 1738 3083 1776 cum
3137 1741 3338 1780 annum
3404 1742 3583 1801 ageret

1994 1803 2295 1856 vicesimum
2348 1817 2556 1859 sextum
2601 1848 2617 1873 ,
2685 1810 2854 1879 iisque
2897 1811 3060 1881 ﬁnem
3115 1818 3407 1887 imposuit,
3462 1842 3582 1878 cum

1996 1904 2174 1960 ageret
2198 1896 2525 1950 tricesimum
2551 1900 2787 1954 tertium.
2816 1900 2977 1957 Anno
3026 1905 3195 1976 igitur
3234 1908 3439 1964 Christi
3470 1913 3581 1966 cir-

1997 1986 2135 2039 citer
2182 1985 2321 2043 1261
2364 1988 2421 2043 in
2464 1989 2813 2062 disciplinam
2860 1997 3193 2068 Acropolitae
3242 2018 3302 2057 se
3357 2004 3585 2061 tradidit

1996 2073 2283 2146 Georgius.
2315 2079 2953 2142 Αιιιιο12751ῑιιεττιτὶοε
2983 2090 3206 2160 reliquit
3232 2095 3585 2152 exercitatio-

1997 2184 2114 2223 nes.
2153 2170 2289 2227 Vide
2319 2184 2476 2228 notas
2507 2174 2584 2246 (6)
2615 2188 2671 2230 et
2709 2176 2784 2247 (8)
2823 2190 2880 2233 et
2913 2181 3026 2244 (11)
3051 2195 3108 2238 et
3135 2185 3270 2254 (i6).

2068 2261 2183 2334 (‘25.)
2229 2263 2383 2319 Circa
2418 2265 2666 2337 dogmata
2713 2271 3007 2337 innovatio,
3044 2284 3089 2328 et
3125 2275 3374 2336 Ecclesia:
3407 2285 3584 2340 turbo.

1997 2353 2123 2410 llaac
2161 2356 2477 2426 significant
2528 2375 2836 2429 promotam
2887 2382 2917 2419 a
2962 2367 3227 2426 Micltaele
3272 2373 3583 2449 Pal'sologo

1996 2450 2364 2507 Ecclesiarum
2397 2457 2776 2521 concordiam,
2832 2460 3137 2534 initamque
3175 2482 3320 2524 anno
3352 2469 3491 2526 1274
3526 2473 3580 2526 in

1997 2544 2232 2600 concilio
2278 2545 2654 2617 Lugdunensi,
2697 2568 2761 2606 ae
2809 2553 2938 2610 inde
2972 2568 3193 2614 exortas
3233 2560 3287 2616 in
3335 2564 3579 2619 Ecclesia

1993 2637 2602 2709 tionstantinopolitana
2652 2643 2943 2703 factiones.
2979 2649 3182 2707 Eadem
3221 2657 3388 2712 verba
3412 2696 3430 2723 ,
3482 2660 3579 2712 τοῦ

1992 2730 2264 2801 seruatae
2285 2736 2623 2807 κοινθτομῐᾳ,
2651 2749 2882 2808 usurpat
2903 2741 3289 2805 schismaticus
3307 2748 3580 2822 Gregoras

1994 2822 2138 2878 libro
2170 2841 2246 2890 vr,
2278 2841 2399 2897 cap.
2434 2827 2486 2892 1,
2519 2844 2673 2883 num.
2706 2831 2760 2885 5.
2791 2831 3025 2903 Cyprius
3060 2836 3309 2896 Michaeli
3340 2843 3580 2915 impera-

1996 2916 2097 2972 tori
2140 2918 2394 2974 studebat
2430 2936 2445 2974 :
2476 2935 2586 2990 quo
2635 2921 2916 2992 defuncto,
2950 2938 3043 2982 aut
3084 2935 3411 2990 sententiam
3455 2955 3577 2994 mu-

1996 3007 2153 3070 tavit,
2180 3020 2276 3064 aut
2298 3023 2461 3079 quam
2494 3013 2642 3066 intus
2675 3014 2730 3067 in
2767 3015 2952 3071 animo
2983 3021 3294 3090 retinebat,
3322 3026 3573 3098 deposita

1993 3101 2366 3170 simulatione,
2399 3105 2574 3175 palam
2608 3106 2757 3163 fecit.
2778 3107 2890 3162 llac
2916 3108 2984 3166 de
3012 3128 3070 3168 re
3100 3115 3153 3170 in
3178 3117 3573 3181 Dissertatione

1992 3195 2269 3263 sequenti.

2063 3287 2174 3355 (Ξέ)
2213 3289 2390 3343 Animi
2419 3308 2583 3358 θηται,
2635 3296 2690 3346 in
2743 3313 2875 3366 quas
2912 3301 3065 3355 modo
3091 3302 3246 3359 dictis
3294 3308 3572 3364 timoribus

1988 3382 2199 3444 solutis,
2247 3394 2542 3450 pertractus
2610 3396 2663 3440 et
2726 3391 2955 3445 traditus
3007 3406 3104 3449 est.
3156 3398 3574 3459 Ecclesiasticos

1990 3474 2156 3537 viros,
2192 3476 2436 3546 aliosque
2467 3479 2532 3533 ad
2578 3483 2934 3541 concordiam
2967 3486 3335 3549 Ecclesiarum
3375 3497 3573 3553 ineun~

1990 3564 2133 3629 dam,
2168 3568 2454 3640 ridentque
2500 3572 2651 3628 initas
2701 3578 3163 3637 consentiendum
3219 3601 3328 3656 qua
3383 3591 3570 3656 minis,

1989 3672 2095 3724 qua
2132 3657 2359 3722 exsiliis,
2414 3661 2714 3731 imperator
2770 3667 3261 3729 vehementissime
3319 3683 3571 3749 urgebat.

1990 3747 2378 3820 Pachymeretn
2407 3751 2526 3821 lege
2566 3754 2710 3811 libro
2753 3773 2806 3822 ν,
2833 3775 2861 3813 s
2896 3762 3077 3829 capite
3106 3764 3192 3820 11.
3215 3767 3357 3825 Hine
3391 3747 3568 3829 animi

1988 3858 2127 3896 στένω
2149 3850 2198 3894 et
2223 3843 2607 3901 sollicitudines
2626 3848 2683 3902 in
2699 3849 2934 3923 Georgio
2951 3853 3153 3927 Cyprio
3174 3874 3190 3927 ;
3214 3876 3337 3930 quae.
3356 3875 3569 3935 postea,

1989 3933 2308 3990 Andronico
2379 3936 2520 3991 1282
2590 3954 2915 4010 capessentc
2984 3949 3281 4020 imperium
3304 3994 3336 4030 ,l
3362 3933 3567 4016 solante

1990 4026 2234 4082 fuerunt.
2272 4027 2410 4083 Tum
2450 4047 2580 4087 vero
2613 4034 2739 4090 aliis
2776 4037 2947 4093 animi
2991 4044 3138 4098 curis
3168 4026 3405 4118 Cyprius
3434 4052 3566 4109 alie-

1990 4128 2111 4172 ctus
2138 4130 2244 4181 est,
2269 4121 2536 4192 dignitate
2570 4128 2923 4196 patriarcbali
2956 4148 3205 4194 ornatus.

2064 4211 2177 4284 (26)
2222 4215 2304 4269 Ad
2350 4233 2616 4274 summum
2670 4224 3100 4290 patriarcharum
3155 4234 3402 4292 thronum
3446 4256 3571 4295 con-

1987 4306 2223 4360 scendit.
2249 4346 2264 4360 .
2300 4348 2317 4365 .
2349 4306 2547 4364 Incidit
2577 4314 2743 4368 etiam
2769 4317 2824 4370 in
2876 4329 3113 4391 tempora
3156 4326 3316 4382 dubia
3341 4346 3406 4384 ea;
3433 4333 3572 4387 schi-

1988 4396 2330 4450 smaticorum
2369 4399 2568 4469 furore,
2601 4414 2651 4458 et
2682 4405 2938 4476 difﬁcilia.
2985 4412 3279 4486 Georgium
3309 4420 3569 4495 Cyprium

1991 4487 2055 4540 ad
2091 4488 2508 4557 patriarchalem
2545 4496 2868 4566 dignitatem
2904 4487 3567 4581 promouitAndroiticns,

1991 4579 2155 4649 hujus
2198 4584 2441 4637 nominis
2480 4586 2782 4656 imperator
2829 4595 2896 4659 11,
2934 4597 3120 4655 dictus
3156 4604 3324 4659 etiam
3380 4606 3570 4664 Senior

1989 4685 2240 4741 respectu
2279 4676 2468 4730 habito
2508 4680 2614 4750 25
2649 4684 2716 4737 ad
2758 4686 3133 4746 Andronicum
3185 4696 3251 4749 111
3289 4710 3566 4767 nepotem.

1989 4764 2182 4819 Annus
2231 4768 2432 4824 (Lbristi
2501 4776 2822 4832 \olvcbatur
2876 4782 3028 4837 l285.
3086 4764 3449 4860 Pachymctes
3511 4798 3567 4851 in

1986 4858 2305 4915 Andronico
2370 4864 2515 4920 libro
2574 4884 2615 4930 ι.
2651 4875 2828 4941 capite
2881 4875 2978 4941 14,
3039 4858 3290 4937 Martium
3321 4901 3565 4944 mensem

1986 4954 2239 5007 enuntiat
2268 4943 2288 5016 ,i
2319 4973 2429 5025 quo
2475 4957 2712 5029 Cyprius
2752 4970 3111 5031 monasticam
3166 4978 3564 5042 professionem

1987 5042 2189 5102 enin-it.
2229 5059 2373 5100 novo
2406 5063 2690 5120 assumpto
2717 5059 2940 5113 nomine
2981 5061 3240 5135 Gregorii,
3271 5085 3334 5123 ac
3364 5074 3565 5127 celebre
3612 5058 3618 5065 ’

1988 5131 2300 5190 Palinurum
2333 5139 2522 5209 factum
2562 5147 2772 5213 statuit,
2810 5166 2919 5219 quo
2951 5154 3004 5208 in
3037 5161 3400 5227 patriam/tum
3421 5173 3566 5223 ordi-

1985 5239 2143 5280 num
2174 5239 2271 5282 est.
2299 5232 2495 5289 Aunus
2512 5252 2636 5292 terte
2676 5242 2914 5312 vulgaris
2944 5247 3079 5304 1283
3115 5252 3410 5324 insignitus
3438 5277 3566 5316 cur-

1986 5320 2143 5372 rebat
2176 5310 2331 5392 cyclo
2356 5327 2489 5409 sglis
2525 5328 2617 5395 ιν,
2640 5331 2818 5390 littera
2846 5337 3165 5401 Dominicali
3206 5349 3266 5416 C,
3302 5365 3357 5407 et
3379 5356 3563 5412 Aurea

1984 5424 2216 5467 numero
2244 5415 2324 5467 ll.
2353 5415 2492 5474 ilinc
2521 5438 2738 5480 sacrum
2761 5429 2969 5489 Pascha
3003 5436 3056 5491 in
3088 5415 3335 5500 dictnl8
3359 5449 3563 5517 Aprilis

1984 5502 2174 5559 incidit
2215 5525 2228 5560 :
2255 5515 2312 5562 et
2334 5510 2423 5565 die
2457 5515 2745 5574 undecima
2801 5523 3048 5592 ejusdem
3080 5536 3286 5590 mensis
3313 5540 3566 5599 iliuserat

1981 5594 2295 5652 Palinurum
2335 5601 2641 5663 Dominica.
2684 5610 2858 5677 Dubia
2887 5633 2951 5671 e1:
2992 5623 3443 5688 schismaticoram
3478 5638 3564 5704 [it-

1983 5704 2119 5751 rore,
2173 5700 2220 5742 et
2271 5692 2504 5763 dilﬁcilia
2535 5700 2797 5758 dicuntur
2839 5725 2901 5761 ea
2950 5720 3214 5786 tempora.
3276 5692 3558 5793 Siquidem

1982 5780 2307 5847 patriarchae
2342 5801 2442 5854 pro
2474 5793 2709 5858 partium
2757 5801 2939 5855 studio
2979 5780 3417 5869 dcirudebantur
3444 5859 3457 5883 ,
3500 5837 3566 5875 ac

1981 5875 2482 5941 promovebantur:
2514 5883 2711 5941 Joanni
2744 5889 2922 5948 Becco
2963 5896 3162 5967 injuste
3195 5903 3443 5974 deposito
3472 5912 3563 5966 Jo-

3004 5996 3090 6035 ιι)
