3838 6362
281 343 348 410 Π
1250 347 1581 408 GEORGII
1620 348 1876 410 CYPRII

1973 350 2029 412 P.
2088 345 2599 410 PATIlI.\RCll/E
3470 339 3540 401 ξς

354 462 760 533 Μοεοαηῳενὶε,
812 462 903 516 τοῦ
942 461 1317 534 Μθσχάμπερ.
1381 462 1754 531 Pachyntcres
1798 463 1852 517 in

1970 465 2290 519 innocentiae
2319 462 2627 518 reddendo.
2670 458 2856 515 Gnece
2886 456 3090 529 prodiit
3121 455 3356 525 epistola
3390 456 3538 523 apud

277 555 589 609 Andronico
618 556 762 610 libro
792 556 861 616 ll.
899 556 1078 626 capite
1117 557 1171 619 5,
1209 555 1293 609 sic
1328 554 1541 610 habet:
1584 553 1849 620 Quiddam

277 664 434 719 porro
465 650 602 717 quod
622 649 836 715 contigit
863 647 1004 700 circa
1061 644 1590 717 eachartophylacem
1630 646 1780 716 (nam
1801 652 1851 698 et

277 738 648 808 Moschompar
696 739 858 807 paulo
900 730 1023 793 ante
1063 745 1287 791 cesserat
1331 737 1515 806 ofﬁcio,
1551 744 1599 789 et
1626 752 1658 787 a
1687 735 1853 805 patri-

276 833 437 885 archa
464 846 520 884 se
550 841 867 896 removerat,
918 829 1231 903 quibusdam
1281 826 1670 898 offensiunculis
1703 842 1850 881 aver-

275 939 396 977 sus:
424 933 719 977 consortem
751 938 953 993 quoque
1011 920 1308 976 simultatis
1333 936 1516 974 secum
1553 919 1746 973 habens
1805 925 1857 972 et

278 1017 901 1088 Quinquecclesicnsem),
936 1016 1084 1069 auxit
1114 1013 1390 1083 utriusque
1415 1010 1855 1081 inpatriarcham

273 1116 474 1168 alliam.
525 1113 684 1167 Fides
711 1108 977 1183 Gregorio
1038 1108 1206 1164 datur
1256 1106 1324 1161 de
1381 1103 1697 1161 testimonio
1736 1103 1857 1173 ejus

1962 555 2312 610 Lambeeinm
2347 565 2402 609 ct
2440 553 2755 608 Oudinum:
2788 565 2953 621 quam
2992 563 3097 603 nos
3130 548 3317 619 Graece
3346 557 3403 602 et
3432 548 3542 601 La-

1960 651 2072 703 tiue
2104 650 2212 719 30
2243 650 2515 703 dabimus.
2560 646 2618 700 In
2668 646 2860 701 codice
2912 644 3165 699 Cmsareo
3185 641 3540 697 —Vindobo-

1958 737 2111 792 nensi
2146 738 2500 793 inscribitur:
2531 735 2890 806 Ἀνακήρυξις
2919 736 3019 805 τῆς
3050 731 3331 795 εὐσεϐείας
3367 728 3536 785 αὐτοῦ

1957 830 2113 900 παρὰ
2145 831 2257 883 τῶν
2284 830 2673 901 ὑποσχομένων
2717 828 2888 895 αὐτῷ.
2930 827 3148 896 Incipit,
3203 825 3534 893 Εὑλογητός.

2026 922 2117 976 24.
2153 923 2512 992 Παραετησις,
2547 920 2743 984 Cessio,
2798 936 2895 976 seu
2928 919 3170 975 Libellus
3226 917 3538 974 abdicatio-

1961 1013 2047 1067 nis
2081 1013 2264 1067 throui
2327 1030 2356 1067 a
2402 1011 2668 1083 Gregorio
2691 1011 2873 1066 datus.
2908 1010 3092 1065 Exstat
3123 1009 3311 1065 Graece
3343 1008 3399 1062 et
3426 1007 3536 1061 La-

1943 1104 2073 1158 ‘tine
2119 1102 2259 1172 apud
2282 1100 2689 1175 Pachymerem
2735 1102 2865 1158 loco
2917 1101 3083 1157 citato
3133 1101 3312 1171 capite
3372 1100 3427 1155 9.

282 1258 3519 1294 Wﬂ

1144 1430 2123 1551 DISSERTATIO
2212 1429 2656 1541 PRIMA

1336 1663 1782 1725 HISTORICA
1824 1662 1927 1724 ET
1971 1660 2459 1723 DOGMATICA

351 1839 452 1902 De
500 1836 840 1919 prteripuis
876 1832 1159 1908 Georgii,
1200 1847 1311 1892 seu
1345 1828 1635 1919 Gregorii
1679 1824 1897 1919 Cyppii
1936 1823 2173 1902 gestis:
2223 1825 2432 1919 detque
2476 1825 2894 1892 Processionc
2938 1828 3204 1908 Spiritus
3258 1832 3456 1893 sancti

1276 1926 1317 1971 -δ
1354 1904 1530 1970 Patre
1576 1916 1636 1967 et
1674 1904 1941 1977 aiFilio,
1984 1919 2099 1964 seu
2130 1920 2257 1983 per
2295 1904 2549 1966 Filium.

1856 2073 1927 2090 *

846 2195 949 2270 31
977 2193 1205 2255 CAPUT
1240 2193 1295 2250 "l.

278 2318 670 2379 Nonnullorum
716 2314 1144 2384 patriarcharum
1205 2307 1561 2384 natitia,_qui
1605 2303 1856 2384 Gregorio

353 2375 546 2462 Cyprio
572 2375 966 2462 prrrcesserunt.
1000 2388 1193 2462 annus
1232 2380 1668 2462 expenditurquo
1702 2375 1859 2462 Arae:

357 2450 475 2516 nius
527 2450 716 2515 iterum
776 2454 1104 2526 patriarcha,
1159 2450 1424 2526 depositus
1456 2460 1551 2526 ,θέει
1582 2465 1601 2510 ;
1632 2450 1857 2526 itemgue

350 2515 523 2587 annus
548 2547 650 2601 quo
685 2515 995 2601 dignitatem
1045 2515 1292 2601 sumpsit,
1311 2528 1389 2601 net
1415 2518 1672 2571 abdicavit
1723 2515 1859 2601 (Ser.-

354 2587 578 2656 manus':
614 2587 1202 2657 l’ossinus,Bandurius
1225 2599 1272 2643 et
1305 2589 1539 2657 Cuperns
1571 2587 1855 2657 emendati.

351 2677 533 2727 Annus
607 2672 764 2721 etiam
830 2656 995 2720 euecti
1077 2671 1144 2716 att
1196 2656 1394 2713 sedem?
1445 2656 1856 2728 patriarrhalem

352 2744 565 2809 Joscp/n'
593 2740 894 2796 Galesiotat.
920 2735 1344 2805 Arsanianorum
1383 2738 1430 2782 et
1460 2728 1857 2798 Joscpltitarum

353 2815 630 2883 factiones.

357 2956 397 3009 1.
436 2950 760 3007 Theodorus
788 2943 1057 3004 Lascaris,
1089 2953 1252 3011 quem
1308 2936 1525 2992 tertium
1558 2934 1726 3003 hujus
1769 2944 1860 2985 no.

272 3048 449 3105 minis
476 3045 791 3102 Grzccorum
854 3039 1238 3106 imperatorem
1278 3038 1500 3093 vocant,
1562 3028 1673 3080 vita
1714 3039 1861 3078 mor-

284 3141 378 3196 tali
415 3152 557 3193 anno
588 3149 710 3189 a'rze
741 3129 982 3199 vulgaris
1003 3125 1140 3180 1259
1190 3125 1245 3178 in
1273 3133 1591 3176 autumnum
1618 3125 1862 3186 vergente

284 3238 621 3292 decesserat,
659 3235 719 3278 ut
764 3224 840 3277 ait
866 3221 1227 3291 Pacbymeres
1260 3216 1312 3270 in
1360 3211 1625 3268 Michaele
1658 3210 1862 3264 Palan-

276 3330 411 3398 ‘logo
477 3323 619 3377 libro
652 3335 690 3379 t.
726 3319 904 3385 capite
946 3314 1031 3376 l3,
1094 3311 1147 3365 id
1199 3319 1286 3366 est
1335 3320 1531 3362 mense
1583 3304 1857 3372 Augusto.

276 3390 580 3486 >luiperiu‘m
611 3420 897 3479 paternum
932 3401 1144 3471 accepit
1178 3399 1322 3453 illius
1356 3401 1495 3465 ejus,
1525 3394 1765 3449 Joannes
1794 3390 1859 3446 IV

287 3504 558 3565 Lascaris,
584 3501 678 3570 qui
715 3497 894 3552 artatis
930 3508 1135 3548 annum
1177 3498 1273 3545 aut
1299 3499 1541 3554 sextum,
1575 3492 1671 3540 aut
1710 3492 1860 3540 octa-

1890 2192 1938 2252 B
1969 2203 2112 2244 unus

2185 2186 2444 2254 Michael,
2523 2189 2805 2257 przeterilo
2873 2205 3046 2259 puero
3121 2190 3533 2262 despectoque,

1958 2294 2220 2333 coronam
2261 2278 2492 2348 accepit.
2534 2278 2656 2335 Haec
2713 2280 2978 2335 latissime
3035 2291 3288 2337 enarrata
3337 2300 3366 2338 a
3424 2285 3532 2339 Pa-

1962 2371 2224 2442 ehyinere
2282 2372 2460 2441 capite
2515 2372 2546 2424 7
2601 2383 2660 2427 et
2721 2373 2776 2439 8,
2823 2374 2998 2430 satius
3042 2373 3147 2428 fuit
3197 2378 3533 2445 compendio

1957 2462 2318 2541 contraxisse.

2029 2556 2280 2610 Arsenius
2327 2556 2657 2626 patriarcha,
2715 2558 2823 2610 sive
2852 2566 3103 2626 reputans
3156 2558 3258 2613 sibi
3291 2560 3533 2624 illusum,

1959 2649 2249 2702 interversa
2298 2650 2646 2703 coronatione
2682 2650 2832 2719 pueri
2885 2650 3114 2719 Augusti
3164 2652 3353 2719 (verba
3407 2664 3537 2706 sunt

1962 2740 2313 2811 Pacbymeris
2354 2741 2498 2795 libro
2529 2757 2590 2803 ιι,
2627 2757 2747 2810 cap.
2785 2741 2934 2811 15),
2971 2743 3287 2812 indigneque
3339 2745 3534 2814 ferens,

1960 2832 2165 2885 lnerede
2190 2832 2401 2903 imperii
2427 2847 2744 2899 contempto,
2772 2849 3006 2904 peneque
3058 2839 3113 2887 in
3159 2837 3397 2889 ordinem
3455 2854 3540 2890 re—

1960 2923 2134 2984 dacto,
2161 2923 2229 2976 ad
2253 2933 2439 2976 nutum
2462 2925 2616 2980 unius
2647 2924 2942 2994 Palleologt
2962 2934 3160 2979 cuncta
3205 2926 3537 2996 gubernari:

1959 3012 2064 3065 sive
2105 3012 2471 3065 indormivisse
2512 3011 2611 3064 sibi
2636 3013 2874 3066 conscius
2906 3053 2920 3066 .
2946 3052 2961 3066 .
2994 3053 3009 3068 .
3039 3051 3054 3067 .
3103 3028 3197 3066 seu
3227 3014 3344 3082 quis
3399 3015 3538 3068 alius

1958 3102 2144 3157 urebat
2168 3103 2402 3156 occultus
2434 3102 2585 3157 dolor
2618 3142 2633 3156 .
2667 3142 2682 3158 .
2715 3144 2729 3159 .
2761 3143 2775 3157 .
2812 3102 2883 3158 ad
2908 3112 3122 3174 portam
3150 3107 3293 3158 urbis
3346 3103 3542 3159 Nicaea

1965 3194 2080 3265 (ubi
2140 3210 2262 3248 cum
2323 3195 2751 3264 imperatoribus
2786 3204 2925 3266 post
2957 3204 3175 3265 captam
3237 3211 3267 3249 a
3325 3195 3541 3249 Latinis

1956 3285 2494 3356 Constantinopolim
2521 3286 2788 3341 sedebant
2827 3286 3200 3357 patriarchas),
3231 3278 3540 3358 progressus

1964 3391 2084 3434 est:
2125 3395 2356 3451 seseque
2416 3381 2638 3435 contulit
2678 3382 2747 3435 ad
2804 3384 3186 3436 monasterium
3242 3382 3539 3446 Paschasii,

1967 3473 2037 3528 ad
2056 3473 2406 3542 tranquillam
2432 3477 2655 3544 quietem
2686 3484 2980 3544 opportune
3012 3477 3197 3528 situm.
3232 3474 3358 3529 Haec
3392 3491 3541 3528 anno

276 3616 440 3665 “xm,
502 3545 618 3651 θξηι
656 3600 806 3647 ωηο
860 3602 1088 3648 "unum,
1149 3599 1249 3655 κο
1306 3582 1459 3637 νηπία
1525 3581 1858 3649 scriptorum
1886 3545 2106 3620 c1260
2157 3565 2529 3665 contigerunt.
2564 3564 2804 3619 Mensem
2853 3564 3101 3634 ejusdem
3132 3565 3258 3617 anni
3301 3565 3542 3633 Aprilem

277 3685 751 3758 chronographia,
811 3682 900 3735 vix
965 3678 1225 3747 indeptus
1302 3676 1501 3729 fuerat.
1583 3670 1859 3741 lmpuberi

292 3777 523 3850 principi
586 3783 797 3827 tutores
863 3775 1026 3823 erant
1088 3763 1359 3835 Georgius
1416 3759 1862 3828 Muzalo,proto-

284 3870 607 3931 vestiarius,
627 3877 695 3921 et
750 3863 1030 3922 Arsenitts,
1102 3864 1466 3928 cognomento
1512 3852 1858 3913 Autort'antts,

290 3964 386 4036 qui
445 3963 513 4016 ab
570 3973 715 4014 anno
769 3955 905 4009 1255
927 3951 1114 4008 sedem
1144 3950 1361 4004 tenebat
1412 3943 1858 4036 patriarchalem.

292 4033 682 4125 lﬁclrymc'rem
749 4048 911 4099 latius
971 4042 1335 4096 disserentem
1368 4036 1595 4092 consule
1626 4035 1749 4089 loco
1788 4033 1866 4087 ci-

287 4156 407 4201 tato
432 4142 609 4213 capite
641 4139 729 4193 15.
786 4133 1260 4190 Protovestiarium
1287 4130 1687 4198 interpretatur
1718 4127 1863 4180 Boa-

295 4252 389 4292 rus
433 4234 491 4289 in
546 4231 691 4287 notis
728 4228 795 4284 ad
835 4235 1001 4296 caput
1036 4224 1072 4278 2
1119 4220 1339 4290 Georgii
1364 4219 1572 4275 ‘Codinl
1617 4219 1864 4287 Curopa-

292 4331 415 4385 lata:
440 4330 596 4380 num.
657 4322 747 4389 l9,
787 4316 944 4390 Regii
965 4314 1191 4371 cubiculi
1243 4314 1580 4382 Magistrum.

364 4419 556 4484 Erupit
615 4415 679 4467 de
745 4411 932 4466 tutela
972 4407 1240 4477 principis
1270 4404 1572 4460 contentio.
1601 4401 1867 4472 Georgius

295 4515 348 4565 et
370 4505 700 4564 Theodorus
716 4499 1032 4557 Mttzalonos
1064 4499 1135 4552 ab
1155 4497 1409 4553 exercitu
1445 4496 1500 4549 in
1533 4495 1863 4550 seditionem

292 4601 568 4656 concitato
601 4593 859 4649 trucidati
890 4613 902 4646 :
940 4591 1366 4658 declaratusque
1420 4585 1576 4655 pueri
1602 4585 1869 4656 principis

299 4698 449 4742 tutor
477 4684 711 4740 Michael
740 4681 1098 4751 Paizeologus,
1131 4679 1224 4747 qui
1259 4676 1525 4746 dignitate
1555 4673 1869 4743 potiebatur

297 4777 649 4839 Contestauli,
693 4789 791 4830 seu
828 4768 1157 4829 Conestauli,
1193 4767 1245 4822 id
1284 4778 1366 4821 εει
1422 4766 1637 4822 Comitis
1675 4763 1870 4818 stabuli

295 4870 649 4943 imperatorii.
700 4868 938 4925 Goarum
970 4864 1097 4920 vide
1136 4863 1257 4916 loco
1296 4860 1464 4915 citato
1514 4874 1665 4913 num.
1705 4858 1760 4921 2,
1814 4865 1869 4911 et

295 4964 687 5034 l‘acbymerem
730 4973 854 5028 cap.
918 4956 981 5009 17
1039 4963 1095 5008 et
1151 4952 1245 5015 ‘21,
1285 4958 1341 5004 et
1407 4949 1719 5019 insequenti
1771 4947 1863 5002 22.

295 5056 434 5109 Tum
467 5054 558 5108 ille
617 5050 804 5121 Magni
834 5047 990 5102 Ducis
1025 5044 1184 5099 titulo
1208 5050 1461 5106 ornatus,
1499 5040 1870 5095 renuntiatus-

295 5160 403 5214 que
433 5144 674 5211 despota,
703 5147 763 5193 ut
792 5145 978 5192 [narrat
1006 5135 1261 5188 laudatus
1315 5129 1613 5187 historicus
1644 5146 1764 5200 cap.
1796 5130 1868 5184 ‘25

294 5248 350 5291 et
373 5234 468 5299 27,
501 5234 706 5304 majora
736 5227 1129 5284 molirisanimo
1156 5225 1347 5295 erepit,
1401 5238 1673 5277 summum
1725 5223 1873 5275 scili‘

298 5342 386 5384 eet
427 5326 641 5396 imperii
690 5325 957 5379 honorem
1006 5330 1250 5390 captare.
1305 5317 1439 5372 item
1498 5317 1740 5371 obtinuit
1771 5329 1871 5384 pro

299 5422 480 5477 votis:
516 5419 785 5473 salutatus
815 5416 1134 5483 imperator,
1164 5409 1271 5479 32
1311 5424 1409 5463 seu
1452 5406 1664 5477 Collega
1712 5407 1870 5475 pueri

296 5512 644 5582 imperatoris
691 5521 837 5563 auito
876 5505 1036 5568 1260.
1088 5502 1225 5573 ipsis
1280 5499 1546 5555 Kalendis
1576 5497 1873 5564 Januariis,

297 5612 435 5660 teste
466 5603 798 5673 Pachymere
836 5599 979 5655 libro
1006 5612 1067 5661 ιι,
1100 5592 1282 5663 capite
1299 5592 1353 5647 4.
1381 5591 1672 5661 Designata
1703 5590 1876 5644 insta—

297 5698 392 5751 bat
439 5696 672 5749 duorum
707 5697 1082 5765 Augustorum
1141 5684 1423 5742 coronatio
1445 5683 1601 5753 juxta
1654 5691 1808 5750 pacta
1841 5695 1873 5735 a

299 5785 563 5842 Michaele
608 5787 918 5858 juramento
959 5781 1212 5837 ﬁrmata:
1276 5774 1371 5830 sed
1408 5774 1582 5843 pactis
1629 5769 1870 5838 viOlatis,

1964 3657 2157 3712 delinit
2183 3657 2382 3712 Petrus
2408 3655 2669 3711 Pessinus
2695 3657 2835 3712 libro
2866 3657 2933 3711 Ill
2971 3655 3430 3712 Observationum
3485 3658 3540 3710 iu

1963 3750 2350 3821 Pachymerem
2380 3750 2558 3819 capite
2584 3749 2639 3815 5,
2664 3766 2815 3803 num.
2846 3750 2903 3805 2.
2935 3749 3153 3803 Annum
3187 3749 3547 3803 illumineun-

1954 3850 2066 3896 tem
2109 3842 2306 3897 statuit
2341 3841 2635 3897 Anselmus
2682 3840 3015 3903 Bandurius,
3081 3841 3135 3895 in
3182 3841 3544 3912 Autiquitates

1963 3932 2577 4003 ConstantinOpolitanas
2605 3932 2701 3986 lib.
2723 3947 2818 3986 mi
2839 3949 2854 3997 ;
2876 3930 3084 3985 Possini
3105 3932 3333 3988 calculis
3353 3933 3547 4003 acqui-

1962 4026 2099 4080 escit
2128 4024 2455 4081 Guilielmus
2476 4023 2729 4094 Cuperus
2781 4025 2837 4078 in
2872 4025 3118 4079 Historia
3169 4025 3544 4097 chronoIOgica

1957 4117 2391 4186 patriarcharum
2423 4114 2881 4186 Constantinopol.
2906 4130 3029 4185 qua:
3075 4116 3268 4170 tomol
3315 4118 3545 4187 Augusti

1966 4210 2111 4264 inter
2142 4211 2274 4264 Acta
2322 4218 2635 4263 sanctorum
2686 4216 2913 4276 prostat.
3028 4216 3031 4217 '

2033 4300 2287 4363 Arsenio,
2319 4299 2618 4354 secundum
2655 4299 2798 4368 juris
2825 4299 3345 4355 l'ormulas'ntinime
3377 4300 3546 4371 depo-

1966 4395 2095 4457 sito,
2142 4391 2546 4447 substituerunt
2601 4389 2979 4462 Nicephorum,
3017 4394 3183 4463 littjus
3210 4394 3450 4448 nominis
3479 4394 3546 4460 II,

1966 4486 2062 4556 qui
2121 4498 2253 4541 tunc
2295 4485 2630 4554 Ephesinam
2695 4485 3045 4553 inclropolim
3103 4485 3546 4542 administrabat.

1968 4578 2301 4649 Pacbyusere
2340 4586 2478 4631 teste
2530 4577 2713 4646 capite
2742 4576 2835 4639 22.
2899 4577 3174 4631 uidebatur
3203 4576 3550 4648 Nicephorus

1971 4668 2149 4723 multis
2170 4668 2411 4721 intrastis
2451 4666 2506 4720 in
2536 4666 2949 4735 patriarcltalem
2982 4670 3247 4734 thronum,
3300 4685 3403 4724 non
3434 4680 3549 4725 tam

1970 4760 2106 4832 quod
2130 4760 2423 4814 translatus
2441 4774 2505 4813 ex
2524 4757 2788 4828 Ephesina
2810 4758 2956 4824 sede,
2973 4775 3133 4829 quam
3149 4762 3286 4829 quod
3315 4761 3550 4831 legitiono

1902 4883 1945 4941 υ
1973 4857 2139 4907 adhuc
2155 4853 2358 4907 vivente
2386 4852 2690 4923 patriarcha
2718 4850 3009 4905 translatus
3025 4852 3225 4920 fuisset.
3246 4851 3424 4922 Ipsum
3442 4870 3551 4908 non

1974 4947 2177 5015 integro
2213 4960 2355 4998 anno
2386 4943 2775 5014 patriarchatui
2804 4946 3097 5013 prwluisse,
3133 4945 3337 4999 diserte
3395 4956 3554 5000 notat

1968 5038 2236 5108 Georgius
2269 5034 2584 5104 Acropolita
2622 5034 2675 5088 in
2731 5033 2966 5088 Historia
2996 5051 3147 5090 num.
3197 5035 3285 5090 84.
3322 5036 3548 5090 Mortem

1970 5129 2087 5196 ejus
2145 5144 2269 5182 cum
2334 5141 2525 5182 mense
2584 5127 2877 5182 Novembri
2929 5127 3177 5195 ejusdem
3231 5128 3358 5181 anni
3414 5129 3550 5182 1260

1973 5222 2181 5291 illigant
2230 5218 2512 5280 Pessinus,
2566 5217 2893 5282 Bandurius,
2931 5218 3204 5286 Capetus.

2049 5314 2151 5368 Pro
2202 5312 2418 5365 Arsenii
2491 5312 2841 5366 restitutione
2895 5318 3160 5364 exoratur
3207 5309 3549 5382 imperator:

1975 5407 2068 5462 sed
2101 5421 2163 5459 ea
2226 5420 2335 5458 non
2388 5403 2571 5457 statim
2626 5401 2886 5456 admissa.
2935 5402 3156 5456 Interim
3209 5417 3355 5457 anno
3398 5404 3556 5458 inse-

1977 5494 2169 5567 quenti
2223 5493 2357 5547 1261
2429 5494 2620 5548 urbem
2707 5492 2932 5562 Regiam
2991 5490 3549 5561 Constantinopolim,

1975 5587 2186 5641 Latinis
2209 5595 2476 5656 ereptam,
2502 5593 2789 5653 recuperat
2842 5583 3071 5638 Michael
3107 5583 3197 5638 die
3225 5583 3298 5636 25
3346 5586 3556 5641 mensis

1973 5677 2103 5733 Julii
2131 5692 2145 5729 :
2179 5675 2378 5745 dieque
2431 5674 2499 5730 15
2519 5675 2748 5745 Augusti
2774 5675 2828 5728 in
2873 5689 2993 5728 eam
3030 5672 3354 5743 ingreditur,
3387 5673 3508 5739 pedi
3530 5688 3554 5727 s

1975 5783 2200 5825 currum
2238 5783 2477 5838 sequens
2515 5766 2928 5838 triumphalem.
2964 5766 3096 5820 item
3126 5774 3309 5820 narrat
3338 5764 3555 5825 Pachy-
