3858 6504
277 438 357 503 59-

1447 449 1643 512 Vl'l‘A.
1687 475 1758 485 —
1798 448 2303 509 DlS‘SEli’I’ATlO
2335 449 2384 513 Ῐῖ

3474 444 3549 509 56

273 570 455 611 meres
495 554 644 612 libro
677 572 741 622 ll,
775 556 955 628 capite
1004 558 1065 611 3i
1094 575 1107 613 :
1147 557 1398 617 Arsenias
1461 564 1652 617 iterum
1687 561 1856 632 patri-
1881 560 1931 620 Α
1961 558 2362 615 retrocedendo
2386 557 2454 614 ad
2482 557 2781 614 Sabbatum
2806 557 3019 629 quinta:
3047 554 3411 612 hebdomadze
3438 554 3557 627 34

269 649 440 706 archa
465 651 842 706 renuntiatur.
875 651 1203 720 Acropolitte
1234 654 1400 713 verba
1454 657 1643 724 accipe
1699 671 1854 711 num.

267 742 373 799 88:
397 741 628 809 Quando
658 760 779 799 vero
802 754 853 799 et
882 747 1204 816 patriarchae
1243 748 1519 818 (Arsenio)
1554 750 1853 820 ingredien-

267 841 395 888 dum
409 844 530 889 erat
551 835 1067 908 Constantinopolim
1091 846 1210 910 post
1233 840 1611 897 nonnullorum
1649 842 1857 897 dierum

268 941 550 980 excursum
584 928 929 997 (absoletnui
962 929 1311 999 imperatoris
1374 931 1623 1002 ingressu
1650 930 1705 1002 :)
1750 947 1863 986 ser-

269 1018 510 1072 monibus
541 1021 978 1092 suasionibusque
1029 1022 1289 1078 adductus
1335 1024 1522 1079 introit
1572 1027 1866 1093 imperator

269 1107 330 1161 in
385 1125 601 1165 sacram
654 1111 879 1181 regiam.
939 1112 1011 1167 ad
1054 1113 1364 1168 cathedram
1394 1113 1636 1184 pontiﬁci
1691 1114 1865 1168 consi-

269 1201 551 1270 gnandam
584 1241 600 1258 .
633 1240 651 1258 .
679 1240 695 1256 .
739 1241 756 1257 .
788 1201 872 1257 lbi
904 1204 1194 1276 imperator
1246 1223 1469 1261 manum
1541 1208 1864 1275 patriarchae

272 1280 553 1347 continens
578 1308 595 1348 :
621 1292 1006 1364 Tene,'inquit,
1022 1297 1273 1351 thronum
1293 1296 1400 1367 33
1421 1307 1589 1364 tuum,
1611 1299 1820 1355 domine
1843 1314 1863 1354 :

270 1387 324 1431 et
356 1396 389 1433 a
417 1396 526 1448 qua
555 1383 744 1436 tandiu
768 1384 1053 1451 aberrasti,
1097 1386 1352 1441 cathedra
1380 1387 1579 1457 fruere.
1616 1387 1743 1444 llaec
1778 1405 1866 1444 so-

274 1471 480 1526 lemnis
514 1488 658 1528 nova
692 1474 915 1533 Arsenii
944 1477 1271 1548 patriarcha:
1296 1479 1634 1535 renuntiatio
1668 1483 1861 1538 eodem

271 1563 529 1633 Augusto
559 1581 747 1620 mense
770 1568 903 1622 auni
936 1568 1064 1624 1261
1101 1578 1322 1639 peracta
1357 1572 1593 1627 videtur.
1622 1575 1867 1631 Allectus

275 1655 373 1710 ille
414 1657 724 1714 honoribus
746 1660 814 1716 ab
847 1660 1215 1730 imperatore:
1246 1663 1508 1721 Ecclesiae
1556 1679 1866 1735 proventus

276 1744 523 1812 adaucti,
557 1761 956 1820 sacrorumque
987 1751 1372 1808 ministrorum
1417 1755 1689 1824 stipendia
1718 1757 1866 1829 large

274 1836 510 1893 collata.
562 1839 702 1895 llinc
730 1856 858 1896 vero
908 1843 1156 1898 inductus
1206 1854 1286 1899 est
1314 1845 1580 1903 Arsenius
1653 1851 1737 1909 (ut
1790 1851 1868 1905 ait

1965 650 2433 722 Quadragesinue,
2480 666 2546 706 ac
2600 650 2800 706 festum
2854 649 3211 713 Acathistum,
3235 649 3550 719 reperimus

1963 741 2018 795 id
2053 742 2322 796 accidisse
2347 741 2400 795 in
2439 742 2652 795 tertium
2710 739 2910 810 Aprilis
2938 756 2957 793 :
2987 740 3080 809 qui
3112 739 3232 794 dies
3257 738 3546 808 aptissime
3580 768 3583 769 ν

1962 833 2214 902 congruit
2235 834 2290 888 in
2327 832 2481 888 illam
2514 832 2848 887 mentionem
2893 832 3183 901 ἱσταμένου
3203 831 3547 903 Βοηδρομιῶ-

1962 941 2073 990 νος,
2098 925 2398 993 incipientis
2435 923 2655 995 Aprilis.
2698 942 2716 976 ι
2748 922 3006 979 Calculus
3033 923 3253 979 Possini
3272 923 3554 994 approbat

1962 1015 2217 1086 Cuperus
2239 1017 2365 1073 loco
2383 1017 2551 1075 citato
2580 1033 2739 1072 num.
2768 1017 2896 1073 980.

2033 1108 2153 1165 Non
2210 1111 2330 1166 sine
2386 1110 2623 1167 maxima
2656 1110 3049 1181 trepidatione,
3076 1125 3242 1182 quam
3296 1109 3397 1165 viri
3458 1109 3554 1165 do-

1964 1205 2197 1262 ctissimi
2244 1207 2447 1278 ingerit
2480 1208 2804 1274 auctoritas,
2826 1208 3011 1263 eidem
3052 1207 3335 1262 adversari
3362 1220 3555 1278 cogor.

1965 1287 2157 1355 Annus
2180 1316 2301 1355 mra:
2327 1302 2570 1372 vulgaris
2606 1299 2766 1363 1266,
2803 1311 2860 1355 et
2892 1300 3115 1356 Pcriodi
3139 1298 3370 1356 Juliante
3387 1297 3551 1364 5979,

1965 1390 2109 1462 cyclo
2159 1393 2288 1447 solis
2347 1392 2413 1446 15
2480 1402 2537 1448 et
2593 1391 2776 1447 littera
2803 1390 3131 1445 Dontinicali
3168 1390 3209 1448 C
3239 1389 3556 1459 insignitus,

1966 1489 2163 1557 utique
2193 1486 2477 1549 currebat,
2508 1485 2739 1541 minime
2788 1500 2922 1541 vero
2980 1483 3126 1556 cyclo
3158 1484 3301 1538 lunai
3328 1483 3418 1544 11.
3458 1482 3557 1537 sed

1969 1578 2058 1634 15.
2117 1579 2259 1634 llinc
2316 1580 2446 1634 luna
2485 1579 2759 1650 paschalis
2785 1579 3049 1647 coacmpit
3084 1593 3235 1634 anno
3271 1576 3561 1631 numerari

1966 1671 2037 1726 ab
2059 1672 2351 1728 undecima
2384 1671 2474 1726 die
2506 1670 2693 1733 Martii,
2722 1689 2735 1725 :
2772 1670 3077 1739 inciditque
3107 1667 3562 1738 lunaquartadc-

1966 1764 2107 1820 cima
2132 1765 2187 1818 in
2221 1764 2366 1820 diem
2400 1765 2473 1818 21
2496 1763 2745 1832 ejusdem
2772 1762 3000 1825 tuerit-is,
3034 1762 3225 1831 feriam
3254 1768 3510 1831 quartam
3537 1775 3557 1813 :

1967 1865 2019 1910 et
2050 1867 2301 1911 sanctum
2339 1856 2548 1912 Pascha
2585 1856 2670 1909 die
2716 1856 2786 1911 28
2842 1855 3033 1910 Martii
3081 1854 3421 1910 celebratum
3450 1861 3560 1910 est.

278 1927 651 1999 l'acbymeres
704 1932 850 1987 libro
890 1950 973 2000 ut,
1010 1936 1192 2005 capite
1241 1937 1323 2008 2.)
1372 1939 1442 1992 ad
1498 1941 1862 1996 coronandum
1896 1930 1937 1988 Β
1977 1948 2035 2004 td
2060 1948 2343 2012 evincunt.
2368 1949 2648 2004 calculisa
2713 1966 2802 2003 me
2855 1947 3126 2004 institutis
3152 1956 3212 2001 ut
3243 1944 3560 2015 praesidium

275 2017 593 2086 muniﬁcum
651 2021 984 2094 largitorem,
1037 2027 1192 2082 nulla
1254 2024 1474 2098 prorsus
1531 2032 1678 2102 facta
1725 2049 1874 2087 men-

278 2108 425 2163 tione
454 2119 551 2165 aut
571 2114 875 2184 signiﬁcata
906 2120 1164 2174 memoria
1193 2119 1420 2176 Joannis
1471 2123 1694 2193 pupilli.

354 2200 606 2271 Pupillus
641 2204 1063 2266 infelicissimus
1085 2210 1596 2286 JoannesJubente
1611 2215 1877 2275 Iicbaele

280 2293 642 2366 imperatore,
673 2312 978 2359 excaecatus
1029 2313 1139 2373 est,
1158 2316 1217 2362 et
1264 2308 1320 2362 in
1378 2323 1563 2364 arcem
1596 2311 1878 2384 Dacibyzre

279 2386 564 2454 inclusus,
591 2389 686 2445 ubi
716 2403 989 2463 perpetuo
1019 2397 1416 2454 custodiretur.
1469 2400 1703 2471 lmpium
1738 2403 1877 2460 laci-

154 2548 175 2567 .
280 2492 395 2534 nus
460 2482 660 2539 eodem
710 2501 856 2543 anno
907 2487 1037 2545 1261
1103 2501 1420 2561 peractum.
1475 2494 1575 2549 Die
1631 2498 1870 2552 omnium

278 2575 625 2631 sanctissima
685 2577 789 2649 (ut
839 2580 919 2636 ait
961 2582 1330 2655 Pachymeres
1399 2589 1582 2657 capite
1656 2588 1769 2658 10),
1829 2598 1880 2643 et

284 2665 523 2720 maxime
583 2668 795 2738 festiva,
857 2670 1056 2729 Christi
1126 2672 1425 2732 Saluatoris
1466 2681 1633 2734 nostri
1673 2682 1881 2738 natali.

288 2753 542 2811 lmmane
574 2757 799 2816 facinus
822 2762 1021 2819 dolens
1073 2768 1390 2845 patriarcha
1421 2772 1711 2838 Arsenius,
1741 2786 1883 2831 con;

286 2854 489 2902 vocata
523 2851 738 2920 synodo
769 2867 917 2908 anno
945 2855 1085 2911 1262
1125 2858 1373 2926 ineunte,
1399 2865 1742 2929 pronuntiato
1782 2883 1883 2936 pa-

290 2937 429 3005 lam,
498 2949 549 2996 et
605 2945 797 3000 merita
847 2951 1131 3004 severitate
1157 2953 1441 3023 objurgato
1477 2953 1753 3012 Michaelis
1781 2960 1890 3014 Au-

289 3035 440 3101 gusti
498 3036 732 3103 scelere;
785 3040 959 3111 ipsum
1018 3039 1257 3114 prolata'
1288 3046 1509 3117 legitimi
1563 3050 1747 3115 iudicii
1780 3052 1890 3122 for-

292 3129 472 3197 mula,
505 3134 782 3203 spirituali
805 3139 1031 3193 sectione
1067 3158 1100 3194 a
1143 3144 1509 3198 communione
1531 3144 1739 3200 Christo
1766 3163 1883 3202 cre-

1976 2039 2325 2093 auctoritatis
2343 2038 2623 2109 adjiciam,
2650 2036 2864 2093 Tabula:
2920 2053 3209 2095 annorum.
3244 2049 3368 2105 quae
3394 2032 3562 2089 editae

1979 2139 2235 2207 prostant
2283 2131 2430 2199 apud
2488 2131 2827 2202 Ducangium
2877 2131 2935 2184 in
2976 2128 3256 2205 Glogsario
3285 2126 3479 2181 mediae
3507 2133 3566 2181 et

1978 2222 2182 2279 intimae
2237 2224 2579 2287 Latinitatis,
2636 2241 2688 2279 v.
2717 2224 2950 2291 'Annus,
2994 2221 3217 2292 etapud
3246 2219 3473 2290 Pagiunt
3507 2219 3565 2272 in

1978 2313 2265 2369 Breviario
2313 2315 2608 2371 histurico-
2628 2314 3025 2385 chronologico
3049 2344 3068 2354 -
3089 2311 3291 2366 critico
3360 2298 3566 2365 Bouia-

1981 2423 2183 2463 norum
2253 2412 2599 2479 poutilicum,
2661 2410 2936 2479 aliosque.
2987 2406 3147 2461 Addo
3177 2402 3575 2461 Calvisiumiu

1981 2498 2163 2569 Opere
2209 2501 2604 2571 chronologico
2688 2499 2759 2555 ad
2815 2498 3068 2554 eumdem
3126 2513 3332 2553 annum
3395 2494 3566 2556 1266.

1984 2591 2228 2662 itemque
2252 2593 2540 2664 Cuperum
2563 2593 2687 2648 loco
2719 2593 2891 2648 citato
2922 2607 3076 2647 num.
3110 2590 3238 2652 988,
3276 2587 3448 2643 Falsa
3472 2588 3569 2657 lig-

1983 2686 2185 2757 pothesi
2234 2686 2424 2741 nititur
2480 2685 2758 2749 Possinus,
2809 2684 3180 2754 inquieutem,
3224 2682 3352 2736 dum
3379 2681 3570 2734 asserit

1988 2777 2199 2834 Pascha
2248 2794 2390 2832 anno
2453 2777 2591 2834 1266
2645 2778 2701 2832 in
2744 2780 2882 2832 diem
2919 2777 3001 2833 ,18
3054 2775 3252 2846 Aprilis
3299 2773 3567 2828 incidisse.

1984 2869 2127 2925 Nam
2176 2871 2338 2942 juxta
2391 2886 2570 2925 omnes
2618 2869 2751 2926 alios
2801 2868 3169 2938 chronologos,
3197 2876 3246 2922 et
3274 2882 3338 2921 ex
3360 2863 3574 2920 calculo

1986 2964 2341 3017 astronomico
2387 2972 2615 3026 constat,
2668 2961 2762 3016 illo
2821 2976 2964 3016 anno
3020 2958 3158 3015 1266
3214 2957 3426 3012 Pascha
3489 2956 3574 3009 die

1989 3053 2061 3108 28
2119 3052 2313 3110 Martii
2361 3051 2684 3107 celebratum
2753 3052 2935 3123 fuisse.
2980 3050 3120 3105 Hinc
3173 3062 3305 3103 vero
3337 3044 3573 3102 edicitur

1992 3145 2217 3201 demum
2283 3146 2486 3199 festum
2536 3144 2630 3198 τοῦ
2693 3142 3018 3197 Ἀκαθίστου
3069 3140 3230 3195 irrito
3258 3146 3456 3193 conatu
3488 3137 3573 3191 itt-

295 3220 537 3337 dentium
562 3227 662 3280 rite
684 3240 905 3286 resecat.
942 3232 1070 3288 Haec
1117 3234 1286 3290 habet
1315 3236 1684 3309 Pachymeres
1711 3240 1890 3309 capite
1921 3280 1966 3337 ϐ
1997 3238 2142 3307 quiri
2175 3237 2369 3293 eodem
2406 3252 2551 3292 anno
2581 3236 2728 3291 inter
2779 3235 2899 3290 dies
2924 3234 3123 3305 Aprilis
3148 3231 3465 3301 ἱσταμένου,
3488 3230 3579 3283 in-

297 3312 393 3370 M.
457 3314 571 3372 Cur
632 3319 898 3378 Pessinus
955 3325 1098 3381 hanc
1145 3327 1365 3382 diﬂ‘erat
1416 3330 1773 3399 imperatoris
1800 3348 1894 3388 ex-

296 3412 871 3472 communicationem
924 3418 983 3475 in
1037 3436 1249 3476 annum
1302 3421 1461 3489 l265,
1508 3439 1573 3480 ac
1599 3425 1647 3480 si
1677 3430 1896 3483 acerbus

298 3505 611 3573 perpetrati
661 3511 892 3566 sceleris
948 3514 1169 3568 nuntius
1230 3515 1453 3570 nonnisi
1504 3525 1633 3588 post
1689 3534 1897 3575 annum

296 3593 377 3648 ad
413 3611 581 3654 aures
618 3603 950 3671 patriarcha:
977 3608 1316 3677 pervenerit,
1370 3609 1518 3665 haud
1548 3611 1685 3668 satis
1707 3613 1894 3683 capio.

387 3690 457 3747 ll.
492 3692 723 3748 Frustra
750 3711 852 3766 per
871 3696 1096 3769 longum
1151 3701 1388 3773 spatium
1449 3705 1717 3765 temporis
1744 3706 1897 3760 solu-

303 3787 390 3841 tio
443 3787 679 3851 vinculi,
732 3804 841 3860 quo
898 3792 1190 3848 tenebatur
1247 3794 1552 3866 Augustus,
1600 3796 1671 3851 ab
1701 3798 1895 3853 eodem

308 3878 507 3949 petita.
550 3878 688 3934 Hinc
738 3881 832 3936 sub
868 3883 1102 3939 .initium
1149 3884 1371 3955 Aprilis,
1409 3887 1664 3943 solemnis
1695 3889 1895 3960 jejunii

310 3979 549 4041 tempore
603 3973 790 4044 (verba
842 3986 974 4031 sunt
1010 3977 1366 4048 Pachymeris
1420 3979 1520 4036 lib.
1568 3995 1646 4046 tv,
1681 3996 1805 4053 cap.
1841 3982 1898 4051 5)

310 4067 441 4116 dum
467 4065 660 4133 festum
694 4075 960 4138 ageretur,
996 4069 1137 4140 quod
1156 4070 1487 4126 Acathistum
1507 4073 1664 4144 vulgo
1686 4086 1896 4142 vocant,

316 4156 526 4212 libellus
589 4162 1021 4217 accusationibus
1084 4161 1271 4234 plenus
1305 4166 1620 4236 imperatori
1666 4170 1903 4225 traditur

315 4256 510 4302 contra
567 4250 939 4318 patriarcham
1014 4253 1332 4317 Arsaniam.
1377 4266 1534 4311 noctu
1587 4266 1705 4326 post
1739 4259 1902 4329 ﬁnem

317 4338 637 4406 hymnodiaz.
667 4340 932 4399 Pessinus
965 4343 1019 4399 in
1052 4346 1329 4402 Glossario
1354 4347 1569 4404 Rituale
1586 4350 1901 4407 Graecorum

318 4430 504 4496 altert,
567 4432 623 4488 in
659 4449 771 4501 quo
796 4435 911 4491 ha:c
944 4436 1219 4495 habentur
1248 4456 1263 4495 :
1306 4441 1654 4504 Ἀκάθιστον.
1686 4445 1904 4499 Acathi-

317 4533 480 4589 stum,
511 4524 828 4582 celebratur
854 4526 1084 4584 Sabbato
1138 4533 1336 4603 quinta:
1388 4533 1728 4590 hebdomadis
1758 4536 1905 4602 Qua-

2002 3330 2268 3397 cipientis.
2297 3329 2374 3384 Ea
2403 3328 2587 3389 Grieca
2617 3341 2752 3385 voce
2769 3325 3105 3395 Beveregius
3148 3318 3591 3388 adnotatlibrol.

2005 3420 2421 3476 institutionum
2458 3418 2982 3489 chronoIOgicarum
3037 3414 3218 3485 capite
3283 3413 3372 3477 15,
3421 3425 3576 3465 nutu.

2006 3515 2058 3576 5.
2110 3514 2415 3585 signiﬁcari
2477 3513 2625 3585 apud
2684 3511 2907 3567 Graecos
2961 3508 3315 3564 consuevisse
3375 3514 3603 3577 partem.

2005 3608 2200 3662 mensis
2230 3609 2484 3678 primam,
2504 3607 2695 3661 decem
2721 3603 2935 3676 priores
2961 3602 3080 3658 dies
3099 3600 3580 3671 complectentem.

2005 3696 2359 3753 Duires’nium
2385 3699 2611 3753 consule
2667 3698 2720 3752 in
2775 3695 2925 3767 tton
2984 3692 3052 3748 ad
3084 3692 3256 3747 Annae
3286 3689 3597 3745 Comuenas

2008 3789 2213 3845 librum
2245 3806 2263 3845 ι
2297 3790 2583 3844 Alexiados
2628 3788 2724 3843 ubi
2756 3787 3057 3856 scriptores
3111 3782 3341 3838 Latinos
3369 3779 3606 3849 aliquos.

2008 3887 2298 3945 memorat,
2350 3879 2444 3950 qui
2504 3879 2622 3940 suis
2674 3879 2730 3932 in
2773 3874 3056 3931 chronicis
3089 3888 3322 3927 mensem
3353 3879 3586 3924 stantem

2006 3971 2289 4042 accipiunt
2336 3985 2436 4041 pro
2499 3985 2674 4025 mense
2721 3978 2964 4032 exeunte,
2998 3969 3297 4021 Auctorem
3332 3952 3585 4018 chronici

2011 4066 2287 4130 Barensis,
2341 4065 2691 4135 Anonymqu
2738 4063 2796 4118 in
2857 4061 3001 4139 serie
3061 4059 3325 4115 comitum
3363 4056 3611 4123 Capuw,.

2009 4159 2378 4217 Romualdum
2416 4158 2853 4223 Salernitanum,
2888 4155 3152 4225 aliosque.

2081 4239 2392 4312 Chronicus
2424 4252 2713 4308 character
2741 4266 2812 4307 ex
2851 4248 3044 4305 eodem
3099 4245 3420 4300 ’Λκαοιστου
3448 4241 3590 4297 festo

2008 4347 2283 4402 deductus
2307 4346 2515 4415 optime
2540 4359 2687 4398 anno
2716 4341 3029 4412 insequenti
3071 4339 3205 4399 l267
3243 4337 3587 4397 conveniret,

2009 4449 2120 4503 quo
2145 4447 2362 4489 sacrum
2392 4430 2601 4486 Pascha
2623 4430 2961 4486 celebratum
2989 4437 3077 4484 est
3097 4427 3187 4482 die
3226 4427 3292 4482 1⁵1
3332 4425 3538 4495 Aprilis
3569 4440 3609 4483 ε,

2010 4533 2194 4588 littera
2255 4527 2582 4587 Dominicali
2635 4527 2681 4582 B
2765 4534 3078 4591 currente;
3117 4520 3590 4579 siccnimfestum

323 4618 658 4686 dragesimat.
687 4618 808 4684 Quo
832 4635 898 4675 ex
927 4622 1068 4678 festo
1097 4623 1189 4679 die
1240 4626 1313 4680 ita
1371 4626 1612 4682 calculos
1671 4627 1778 4683 init
1835 4645 1887 4682 at

2009 4626 2143 4684 illud
2195 4624 2388 4680 incidit
2448 4626 2503 4678 in
2540 4624 2682 4679 diem
2705 4621 2741 4677 2
2763 4621 3005 4693 eiusdem
3038 4620 3237 4690 Aprilis
3273 4618 3589 4689 ἱσταμένου.

322 4723 532 4762 annum
582 4709 954 4782 indagandum
1002 4714 1102 4768 lib.
1137 4729 1199 4769 ιιι
1250 4714 1709 4772 Observationum
1737 4716 1899 4772 cbroo

324 4801 607 4872 nologico,
664 4804 846 4873 capite
891 4804 943 4866 5.
979 4820 1133 4861 num.
1165 4806 1222 4861 5.
1261 4824 1281 4858 ι
1313 4807 1562 4863 Diximus
1593 4809 1645 4862 in
1677 4807 1901 4863 Glossa-

328 4894 438 4958 rio,
491 4893 675 4950 Verbo
709 4895 1028 4961 ἀκάθιστος,
1055 4897 1258 4953 festum
1299 4899 1432 4953 illud
1465 4899 1734 4954 celebrari
1761 4899 1898 4955 soli-

330 4996 446 5040 tum
474 4987 649 5042 fuisse
679 4986 911 5043 Sabbato
937 4991 1135 5061 quinta:
1175 4991 1516 5046 hebdomadis:
1535 4992 1684 5046 verni
1702 4992 1907 5063 jejunii

329 5080 695 5151 quadraginta
720 5081 961 5147 dierum,
998 5084 1258 5138 sexdecim
1308 5084 1486 5139 diebus
1519 5092 1642 5139 ante
1678 5084 1902 5140 Pascha.

329 5172 468 5228 Cum
508 5184 718 5237 autem,
745 5187 807 5230 ut
828 5185 912 5232 est
933 5175 1308 5237 manifestum.
1339 5190 1452 5231 non
1484 5177 1733 5247 quolibet
1760 5192 1906 5233 anno

332 5266 625 5321 Sabbatum
680 5267 885 5336 quintae
934 5267 1294 5323 hebdomadis
1332 5268 1906 5349 quadragesimalisin

334 5361 534 5431 Aprilis
554 5361 766 5415 initium
797 5364 849 5428 (a
871 5361 1209 5433 Pachymere
1259 5362 1585 5428 indicatum)
1617 5362 1906 5429 incideret,

333 5466 565 5525 apparet
622 5455 710 5510 his
754 5457 940 5512 verbis
995 5456 1267 5512 contineri
1335 5457 1711 5513 charaaerem
1782 5458 1913 5513 anni

338 5564 501 5618 quem
535 5550 861 5620 quaerimus.
885 5549 1035 5606 Ordo
1071 5565 1255 5606 rerum
1282 5558 1561 5621 gestarum
1593 5550 1648 5605 in
1676 5549 1909 5622 Synopsi

339 5658 616 5711 expensus
675 5642 829 5697 ducit
883 5657 984 5698 nos
1044 5642 1109 5697 ad
1138 5659 1339 5697 annum
1371 5641 1565 5697 Christi
1591 5641 1748 5698 I266.
1778 5642 1913 5698 Nam

341 5736 430 5790 hic
455 5750 640 5789 anuus
664 5734 764 5788 luit
788 5734 1002 5804 periodi
1029 5733 1260 5789 Juliana:
1282 5732 1438 5789 '5979
1458 5774 1471 5797 ,
1499 5732 1627 5803 cycli
1658 5731 1782 5788 solis
1826 5733 1912 5799 15,

339 5830 471 5897 cyeti
516 5828 662 5882 tuine
710 5828 796 5884 11.
831 5826 1037 5881 [lorum
1069 5826 1349 5897 cyclorum
1373 5825 1681 5881 certissimo
1705 5827 1914 5880 indicio

344 5924 611 5981 habemus
656 5923 865 5979 Pascha
909 5923 1003 5978 illo
1024 5937 1171 5979 anno
1206 5921 1375 5977 fuisse
1400 5921 1603 5986 Aprilis
1643 5923 1727 5977 18.
1761 5921 1916 5979 Unde

2003 4718 2109 4775 Sed
2143 4718 2291 4772 hunc
2318 4716 2404 4771 vel
2436 4719 2554 4787 ipse
2586 4713 2861 4771 Possinus
2910 4712 3092 4784 rejicit
3115 4726 3320 4767 annum
3351 4730 3363 4764 :
3392 4709 3460 4763 ab
3492 4722 3592 4762 eo-

2001 4828 2109 4883 que
2129 4819 2451 4883 argumenta
2471 4824 2574 4865 nos
2620 4807 2932 4870 retrahunt,
2974 4820 3097 4875 qua:
3133 4803 3389 4858 dabimus
3427 4801 3589 4856 infra.

2005 4905 2181 4977 Rejici
2208 4904 2377 4960 debet
2399 4917 2577 4959 annus
2600 4900 2762 4966 1265,
2790 4915 2903 4969 quo
2928 4896 3139 4952 Pascha
3165 4894 3593 4949 celebraverunt.

2004 4997 2318 5055 Orientales
2340 5003 2407 5052 et.
2423 4980 2810 5051 Occidentales
2822 4987 3122 5045 Christiani
3160 4985 3252 5042 die
3278 4986 3312 5041 5
3340 4985 3547 5054 Aprilis
3575 4999 3590 5048 ;

2006 5102 2063 5148 at
2078 5088 2392 5161 praecedens
2407 5085 2667 5144 convenit
2683 5082 2908 5141 omnino
2922 5096 3103 5138 annus
3119 5079 3279 5135 1261.
3304 5077 3493 5150 Cyclas
3513 5093 3596 5131 ιο-

2008 5186 2073 5239 lis
2102 5181 2360 5239 currebat
2391 5181 2479 5239 13.
2508 5188 2566 5234 et
2605 5178 2781 5232 littera
2832 5174 3180 5231 Dominicalis
3204 5171 3310 5237 FE,
3342 5181 3391 5225 et
3417 5170 3592 5240 caelus

2011 5277 2152 5331 lance
2175 5272 2575 5338 ll,undeluna
2608 5268 2892 5326 “incidit
2913 5268 2969 5324 in
3004 5268 3149 5323 diem
3184 5267 3251 5323 15
3274 5263 3498 5336 Aprilis,
3516 5264 3594 5316 te—

2012 5374 2148 5425 riam
2196 5367 2437 5432 tertiam,
2470 5373 2519 5419 et
2550 5378 2765 5419 sacrum
2785 5361 2994 5419 Pascha
3017 5361 3071 5415 in
3096 5360 3239 5414 diem
3256 5360 3325 5414 20
3346 5358 3592 5428 ejusdem

2014 5461 2241 5519 mensis.
2267 5457 2493 5513 Festum
2520 5456 2690 5525 igitur
2734 5455 3061 5508 Ἀκαθῑστου
3107 5452 3446 5507 celebratum
3486 5450 3593 5503 fuit

2014 5555 2105 5612 die
2138 5553 2172 5608 5
2194 5550 2445 5622 ejusdem
2477 5547 2583 5619 35
2618 5547 2847 5616 Aprilis,
2880 5544 3111 5601 Sabbato
3157 5544 3356 5612 quinta
3402 5541 3598 5596 hebete-

2018 5647 2190 5702 modo:
2238 5642 2428 5716 ieiunii
2484 5639 3003 5710 quadragesimalis.
3059 5638 3333 5692 Nimirum
3380 5646 3593 5703 scptcm

2020 5738 2453 5794 hebdomadibus
2506 5732 2789 5804 jejunium.
2841 5731 2987 5786 istud
3042 5729 3215 5786 Graeci
3283 5735 3473 5798 agunt,
3531 5740 3597 5781 ac

2021 5830 2219 5901 incipit
2268 5829 2404 5884 feria
2428 5828 2465 5881 2
2488 5834 2691 5881 nostra:
2720 5823 3219 5893 Quinquagcsimm,
3251 5837 3371 5888 qum
3397 5819 3592 5875 eodem

2021 5938 2162 5978 anno
2198 5922 2330 5976 1264
2370 5921 2473 5975 luit
2513 5919 2630 5973 dies
2685 5918 2848 5971 tertia
2911 5914 3086 5969 Martii
3130 5932 3143 5969 :
3177 5916 3425 5984 adeoque
3460 5913 3597 5969 hci)-
