3858 6506
294 439 361 505 bl

1248 439 1573 501 GEORGII
1613 438 1870 502 CYPRII
1916 440 2026 502 cp.
2070 392 2591 501 mammona

3496 444 3568 508 52

294 552 527 608 dmnada
581 553 1035 624 quinta'desinit
1088 555 1150 639 in
1205 554 1474 624 Sabbato,
1535 557 1726 627 quinta
1785 557 1872 611 die
1903 560 1948 616 Α
1979 554 2313 621 Bandnrius,
2379 556 2473 626 qui
2526 555 2746 610 Arsenii
2796 552 3205 627 depositionem
3260 571 3386 612 eum
3419 573 3564 614 anno

293 647 520 716 Aprilis.
552 647 867 702 Graecorum
911 646 1271 720 Ἦμερόλογια
1301 650 1450 705 vide.

366 741 537 796 Datus
573 756 706 810 ergo
737 743 1105 796 accusationis
1153 752 1344 797 contra
1384 744 1674 798 Arsenium
1700 744 1871 813 patri-

294 834 520 888 archam
579 834 802 889 libellus
859 835 985 897 fuit,
1043 836 1169 888 dum
1223 836 1411 904 festum
1439 837 1715 906 agebatur,
1738 838 1875 907 quod

292 927 623 979 Acnthistum
644 926 794 991 vulgo
814 936 1024 988 vocant,
1043 936 1208 979 noctu
1234 936 1349 995 post
1364 926 1523 995 ﬁnem
1542 927 1838 996 hymnodia:
1858 966 1873 990 ,

293 1017 385 1070 die
438 1016 471 1070 5
520 1019 722 1086 Aprilis
756 1021 882 1073 anni
946 1019 1223 1074 1264.1“!
1277 1022 1492 1076 scilicet
1553 1021 1870 1085 vocabatur,

295 1108 443 1178 quod
481 1126 508 1163 a
540 1112 763 1182 populo,
796 1114 867 1166 ob
896 1112 1092 1167 urbem
1145 1122 1229 1168 ter
1259 1122 1533 1169 servatam
1559 1131 1663 1186 ope
1696 1116 1874 1171 beata:

261 1199 558 1271 d’irginis,
615 1206 709 1272 per
751 1211 916 1257 totam
968 1214 1171 1258 noctem
1214 1212 1416 1266 stante,
1475 1208 1588 1260 sine
1623 1209 1873 1273 sessione,

294 1294 598 1361 gratiarum
645 1296 886 1352 actionis
932 1299 1144 1351 cantica
1173 1300 1603 1355 cxsolvebantnr
1631 1300 1873 1358 Sabbato

293 1386 350 1438 in
406 1384 681 1441 Matutinis
728 1387 1089 1444 hebdomadas
1141 1391 1731 1464 quinttejejuniorum.
1767 1394 1875 1449 Du-

293 1480 552 1549 cangium
613 1482 844 1537 consule
893 1483 947 1535 in
979 1481 1261 1540 Glossario
1294 1485 1509 1541 Graeco.
1542 1483 1870 1543 Historieam
1911 1496 1919 1504 '

294 1572 531 1642 hujusce
558 1575 635 1629 rei
668 1574 1043 1629 narrationem
1100 1578 1243 1648 typis
1288 1579 1466 1634 edidit
1501 1581 1872 1637 Contbefisius

295 1675 425 1734 post
449 1665 745 1723 Historiam
780 1669 1265 1725 Monethelitarum
1296 1688 1419 1743 pag.
1457 1673 1582 1729 805.
1617 1673 1873 1746 Synodus

294 1768 618 1823 convocata,
675 1776 798 1830 quae
843 1761 1128 1832 negotium
1168 1764 1497 1832 patriarchae
1526 1766 1867 1822 discuteret:

295 1850 503 1907 indicta
555 1851 677 1908 dies
718 1854 873 1925 juxta
930 1854 1075 1926 juris
1118 1855 1405 1923 formulas,
1449 1857 1558 1913 lata
1591 1860 1869 1915 sententia

295 1944 664 2014 depositionis
698 1987 714 2013 ,
754 1947 1154 2019 depositusque
1210 1950 1475 2006 Arseuius
1527 1951 1583 2005 in
1617 1945 1874 2007 exsilium

294 2035 448 2092 abire
496 2038 710 2108 jussus,
768 2049 919 2094 nocte
974 2042 1182 2094 circiter
1210 2050 1448 2097 extrema
1506 2045 1877 2110 Πυαντιῶνος,

294 2122 434 2181 Maii
467 2128 680 2189 mensis,
704 2129 901 2198 «idem
928 2146 1075 2186 anno
1108 2130 1268 2189 1264.
1307 2134 1473 2190 Plura
1511 2136 1654 2206 apud
1671 2137 1882 2209 Pachy-

296 2230 504 2271 merem
533 2216 654 2287 lege
683 2219 827 2274 libro
858 2236 933 2284 tv,
969 2224 1139 2278 citato
1163 2225 1338 2292 capite
1367 2226 1422 2292 8,
1457 2227 1546 2283 ubi
1587 2228 1707 2283 loco
1728 2232 1880 2285 vocis

301 2308 651 2373 Πυαντιῶνος
679 2314 1056 2382 reponendam
1100 2330 1289 2372 vocem
1318 2333 1442 2373 esse
1473 2310 1878 2391 Πυανεψιῶνος,

295 2403 689 2460 animadvertit
750 2406 1018 2464 Possinus
1078 2410 1132 2465 in
1202 2412 1696 2471 Observationibus
1739 2415 1880 2470 libro

295 2512 358 2552 ιιι
415 2496 831 2569 chronologico,
890 2503 1072 2571 capite
1134 2505 1184 2564 1.
1243 2514 1300 2560 et
1348 2507 1528 2576 capite
1557 2501 1612 2572 δ,
1634 2524 1790 2568 num.
1824 2507 1878 2564 6.

294 2590 485 2646 Altera
521 2607 759 2661 namque
781 2592 885 2647 hac
921 2610 1056 2651 voce
1070 2598 1491 2655 contentissime
1514 2600 1881 2669 Pacbymercs

299 2697 547 2738 mensem
578 2683 784 2739 Maium
809 2700 1005 2741 vocare
1053 2690 1214 2750 solet,
1264 2693 1394 2746 etin
1437 2693 1628 2748 codice
1677 2693 1879 2748 Barbe-

299 2777 449 2839 riuo,
512 2791 624 2846 quo
674 2779 794 2848 ipse
847 2780 1131 2843 utebatur,
1191 2800 1220 2836 e
1275 2785 1500 2853 regione
1547 2786 1695 2842 illius
1734 2787 1882 2842 vocis

299 2870 648 2933 Πυαντιῶνος
672 2871 729 2924 in
763 2886 1009 2943 margine
1036 2874 1262 2945 antiqua
1296 2893 1460 2933 manu
1487 2878 1687 2947 legitur
1703 2880 1880 2934 Malm

301 2964 528 3032 scripta.
586 2962 961 3019 Constitutum
1013 2966 1377 3038 depositionis
1417 2970 1639 3026 Arsenii
1674 2987 1878 3026 annum

302 3053 444 3109 1264
472 3054 829 3125 amplectitur
862 3055 1175 3115 Bandurius
1206 3075 1220 3113 :
1256 3067 1312 3112 ut
1365 3070 1442 3127 ut,
1493 3062 1771 3132 inquiens,
1804 3062 1883 3116 di-

301 3156 387 3209 cat
420 3147 695 3205 Possinus.

371 3242 463 3300 Ill.
505 3243 695 3301 Refert
735 3246 1101 3319 Pacliymeres
1152 3249 1394 3320 capite9
1446 3251 1635 3307 turbas
1670 3251 1880 3307 excitas

285 3336 374 3390 'ob
433 3337 653 3393 Arsenii
715 3341 1142 3410 depositionem.
1195 3344 1289 3403 Sic
1323 3345 1494 3400 habet
1532 3362 1665 3401 vero
1700 3346 1884 3417 capite

304 3427 373 3481 10
400 3443 415 3480 :
446 3426 607 3484 Multi
648 3433 893 3486 monachi
918 3440 968 3488 et
1031 3434 1155 3490 laici
1209 3453 1237 3491 e
1292 3437 1477 3506 plebe,
1520 3438 1884 3493 abscindentes

306 3536 420 3575 sese
468 3539 501 3576 ιι
557 3527 923 3581 communione
966 3544 1147 3584 eorum
1187 3530 1276 3600 qui
1306 3531 1696 3586 damnaverunt
1722 3532 1886 3587 Arse-

304 3615 472 3681 niunt,
531 3619 751 3673 seorslm
779 3632 1133 3676 convenerunt
1164 3662 1180 3677 .
1216 3662 1230 3678 .
1258 3664 1272 3678 .
1301 3662 1315 3678 .
1351 3622 1613 3679 therum
1657 3628 1887 3696 impera-

306 3718 411 3777 tor,
477 3710 778 3782 intelligens
834 3724 959 3770 non"
981 3732 1132 3785 posse
1176 3717 1402 3788 relinqui
1430 3717 1725 3772 Ecclesium
1762 3719 1886 3771 sine

308 3809 542 3868 pastore,
596 3801 905 3857 electionem
962 3808 1283 3868 patriarchte
1340 3807 1519 3862 liberis
1587 3809 1889 3863 antistitum

307 3894 578 3964 suffragiis
604 3898 867 3964 permisit.
895 3897 962 3951 At
1022 3900 1250 3970 episwpi
1298 3902 1547 3967 (narrare
1584 3900 1765 3970 pergit
1795 3900 1887 3954 ille

309 3987 491 4053 capite
528 3986 615 4050 12)
649 3988 909 4057 facultate
965 4001 1179 4062 accepta
1229 3990 1460 4062 eligendi
1493 3991 1669 4046 liberis
1694 3993 1888 4062 suffra-

310 4078 408 4147 giis
441 4116 454 4131 .
500 4114 515 4130 .
547 4117 562 4134 .
593 4119 607 4133 .
637 4082 864 4135 universi
890 4092 1245 4136 convenerunt
1281 4085 1335 4136 in
1361 4082 1657 4148 Germano,
1698 4084 1889 4139 Adria-

311 4169 560 4237 nopoleos
612 4173 850 4243 episcopo
885 4213 899 4227 .
932 4213 946 4229 .
983 4214 997 4227 .
1025 4174 1345 4245 Imperator,
1385 4175 1691 4229 election:m
1747 4192 1885 4229 com-

307 4260 565 4328 probans,
612 4280 930 4335 magnopere
1002 4266 1340 4320 incumbebat
1419 4276 1475 4319 ut
1518 4267 1888 4337 profecturam

310 4354 719 4410 ecclesiasticam
764 4369 1079 4428 capesseret,
1132 4360 1365 4429 quotidie
1405 4354 1610 4424 adieni,
1649 4369 1699 4413 et
1744 4360 1886 4413 omni

310 4448 715 4515 persuasionum
764 4459 811 4502 et
864 4450 1282 4504 obsecrationum
1344 4451 1542 4522 impetu
1605 4451 1886 4521 adurgens.

311 4534 408 4590 His
428 4536 519 4592 ille
548 4538 789 4610 precibus
823 4542 1023 4595 ntoveri‘
1069 4557 1126 4596 se
1175 4543 1391 4596 tandem
1439 4559 1626 4613 passus
1686 4541 1888 4613 (capite

1981 648 2120 702 1264
2163 648 2334 718 illigat
2356 689 2371 713 ,
2399 649 2663 705 Germani
2714 650 3121 706 successionem
3154 648 3337 706 differt
3368 653 3432 706 ad
3463 668 3565 707 an-

1977 742 2108 794 num
2140 741 2278 795 1267
2295 758 2358 796 ac
2391 756 2638 796 mensem
2663 739 2888 795 Junium
2929 740 3178 810 ejusdem
3205 743 3357 796 anni.
3391 742 3563 797 Arse-

1977 837 2054 891 nii
2087 837 2418 906 depositioni
2441 852 2651 891 annum
2689 837 2828 892 1266
2853 839 3229 908 assignaverat
3259 838 3565 894 Pessinus:

1976 930 2288 998 eodemque
2318 944 2490 995 anno,
2522 929 2609 985 vel
2659 930 2844 999 potius
2895 929 3207 999 insequenti
3262 929 3399 985 1267
3430 931 3569 984 sub-

1978 1022 2136 1076 stitui
2165 1021 2498 1077 Germanum
2531 1022 2779 1092 potuisse
2815 1021 3006 1086 tradit,
3040 1037 3143 1092 pro
3173 1032 3407 1092 utraque
3443 1039 3571 1078 sen-

1978 1116 2148 1168 tentia
2197 1115 2349 1169 varia
2414 1115 2777 1170 accumulans
2829 1124 3178 1185 argumenta.
3228 1114 3335 1170 Sed
3380 1115 3560 1183 ipsum

1974 1207 2215 1276 denique
2271 1222 2419 1264 anno
2471 1207 2670 1263 eodem
2729 1206 2871 1263 1267
2917 1208 3152 1264 cessisse
3182 1209 3564 1279 patriarcltatu

1976 1301 2066 1356 die
2088 1300 2157 1354 14
2205 1298 2564 1369 Septembris,
2602 1310 2743 1355 certo
2789 1308 3053 1365 constare,
3106 1302 3286 1372 inquit
3327 1302 3451 1358 loco
3481 1303 3567 1356 ci-

1976 1403 2088 1448 tato
2149 1393 2333 1463 capite
2383 1392 2418 1448 6
2483 1409 2637 1448 num.
2697 1394 2752 1450 1.
2803 1393 3568 1465 Chronologicislmplicitus

1974 1485 2395 1542 difﬁcultatibus
2452 1485 2729 1557 Cuperus,
2783 1486 2942 1542 Circa
2974 1487 3204 1541 alterum
3238 1482 3443 1541 aimum
3477 1489 3563 1541 ni-

1973 1579 2051 1634 hil
2095 1577 2330 1634 absolute
2373 1577 2569 1647 deﬁnio
2598 1578 2831 1648 ((inquit
2881 1593 3035 1633 num.
3090 1578 3217 1650 992)
3252 1594 3267 1631 :
3308 1578 3414 1633 Sed
3462 1580 3571 1632 ini-

1975 1672 2105 1724 tium
2140 1668 2391 1723 Germani
2442 1684 2584 1722 anno
2636 1666 2836 1722 Christi
2893 1667 3034 1722 1Ξ66
3092 1667 3174 1721 uel
3223 1667 3359 1721 1267
3387 1668 3565 1737 uirgo.

1976 1763 2369 1818 Abdicationem
2392 1770 2570 1815 autem
2602 1761 2780 1832 (num.
2828 1760 2957 1830 995)
3007 1776 3148 1814 anno
3190 1758 3392 1814 Christi
3425 1759 3556 1813 1267

1976 1856 2178 1927 factum
2224 1870 2352 1918 esse,
2385 1869 2451 1907 ea;
2494 1853 2649 1907 initio
2689 1852 3008 1907 successoris
3058 1852 3222 1922 ipsius
3239 1858 3421 1922 postea
3442 1866 3569 1904 con-

1981 1950 2166 2005 stabit.

2057 2039 2216 2095 Viros
2268 2037 2625 2095 doctissimos
2678 2038 2898 2109 impulit
2953 2036 3256 2108 Nicephori
3309 2035 3570 2105 Gregoraa

1981 2131 2322 2195 auctoritas,
2382 2139 2444 2186 ut
2490 2129 2751 2187 Germani
2818 2130 3226 2186 abdicationem
3275 2128 3328 2183 in
3362 2140 3567 2182 annum

1984 2221 2123 2278 1267
2179 2222 2473 2280 referrent.
2517 2224 2716 2280 Narrat
2746 2224 2839 2280 ille
2881 2223 2977 2279 lib.
3012 2240 3088 2286 tv,
3124 2223 3304 2294 capite
3334 2224 3387 2286 8,
3411 2236 3566 2277 num.

1982 2320 2037 2383 ι,
2076 2319 2260 2373 sedem
2310 2317 2736 2387 patriarchalem
2788 2333 2819 2373 a
2867 2317 3144 2374 Germano
3205 2316 3565 2377 relic1am,in

1979 2422 2212 2478 eamque
2245 2419 2495 2463 evectum
2512 2407 2813 2478 Josephum
2844 2408 3199 2464 Galesiotam.
3235 2408 3372 2463 Tum
3407 2422 3565 2464 num.

1980 2499 2017 2554 2
2064 2499 2312 2566 adnotat,
2366 2500 2462 2554 sub
2519 2502 2616 2554 hoc
2640 2508 2844 2571 tempus
2886 2499 3015 2555 luna
3039 2499 3200 2554 solem
3228 2500 3567 2554 obscuratum

1982 2608 2137 2647 esse.
2167 2633 2181 2648 .
2232 2632 2247 2647 .
2281 2592 2389 2647 .25
2447 2593 2532 2646 die
2577 2593 2730 2647 Maii.
2792 2592 2948 2650 Hauc
3010 2594 3149 2649 solis
3204 2594 3567 2649 defectionem

1983 2684 2279 2753 contigisse
2325 2684 2514 2739 eadem
2544 2684 2635 2740 die
2665 2683 2737 2739 25
2784 2684 2910 2740 Maii
2967 2701 3108 2739 artno
3141 2684 3301 2747 1267.
3336 2685 3570 2740 demon-

1982 2786 2165 2833 strant
2216 2777 2549 2841 astronomi,
2608 2776 2813 2832 Setbus
2858 2776 3164 2842 Calvisius,
3216 2790 3273 2834 et
3328 2778 3569 2835 Jacobus

1982 2871 2338 2934 Grantamus,
2397 2881 2454 2925 et
2497 2870 2740 2927 Joannes
2795 2872 3039 2943 Baptista
3099 2870 3399 2927 Ricciolius
3423 2872 3568 2941 apud

1984 2961 2276 3017 Possinum
2330 2964 2473 3019 libro
2526 2981 2581 3020 ιιι
2639 2965 3065 3037 chronologico,
3117 2969 3298 3037 capite
3347 2971 3399 3023 7.
3432 2969 3570 3023 Hinc

1984 3058 2517 3127 argumentationem
2540 3061 2621 3114 sic
2675 3075 2828 3114 suam
2865 3061 3110 3117 instituit
3151 3063 3417 3116 Pessinus
3457 3062 3567 3116 ibi-

1986 3151 2114 3206 dem
2170 3151 2350 3221 capite
2406 3153 2576 3207 citato
2627 3168 2641 3206 :
2701 3152 2962 3224 Gregoras
3014 3155 3258 3208 describit
3306 3156 3571 3225 insignem

1910 3269 1949 3326 C
1982 3260 2196 3314 prorsus
2239 3253 2289 3299 et
2336 3244 2653 3299 horrendam
2711 3244 2834 3300 solis
2883 3245 3228 3316 defectionem
3269 3247 3575 3303 Constanti-

1986 3339 2167 3408 nopoli
2204 3338 2392 3401 visam,
2418 3336 2579 3406 paulo
2614 3347 2737 3390 ante
2766 3354 2928 3404 quam
2970 3349 3408 3393 exauctoraretur
3433 3338 3569 3395 Ger-

1988 3446 2200 3495 manus,
2259 3441 2307 3484 et
2363 3430 2621 3500 Iosephus
2670 3432 2725 3483 in
2775 3431 2890 3498 ejus
2956 3429 3126 3484 locum
3179 3432 3568 3485 substituendus

1989 3525 2273 3595 eligeretur
2312 3564 2327 3580 .
2364 3563 2376 3577 .
2413 3562 2427 3577 .
2464 3562 2480 3577 .
2523 3522 2703 3589 Quare
2759 3526 2808 3579 si
2858 3525 3228 3580 demonstrare
3279 3527 3570 3593 poterimus

1987 3616 2092 3685 ﬁde
2155 3615 2486 3680 tabularum,
2536 3625 2587 3669 et
2657 3617 2952 3672 ratiociniis
2993 3619 3386 3684 astronomicis,
3442 3619 3569 3674 solis

1988 3711 2275 3779 deliquium
2328 3717 2439 3763 tam
2502 3708 2733 3764 notabile
2760 3748 2776 3764 .
2808 3748 2825 3765 .
2858 3751 2872 3765 .
2903 3710 2998 3764 illo
3025 3726 3203 3765 revera
3233 3712 3395 3782 fuisse
3418 3729 3565 3766 com-

1990 3805 2206 3858 missum
2243 3818 2384 3856 anno
2432 3801 2614 3873 (1267)
2638 3842 2653 3867 ,
2687 3819 2836 3857 nemo
2876 3820 2978 3858 non
3012 3805 3149 3859 videt
3177 3822 3427 3876 magnum
3447 3806 3569 3859 inde

1989 3876 2383 3963 firmamentum
2431 3908 2764 3948 accessurum
2843 3896 3137 3949 ratiociniis
3189 3897 3403 3951 nostris.
3453 3896 3567 3952 ιηιο

1988 3986 2202 4041 nullum
2232 3985 2443 4040 Possini
2476 3985 2786 4051 sententiae,
2831 3988 2926 4056 qui
2957 3987 3220 4043 Germani
3261 3989 3569 4044 cessionem

1990 4092 2137 4133 anno
2209 4077 2347 4132 1267
2400 4076 2590 4149 adigit,
2620 4079 3029 4134 ﬁrmamentum
3065 4080 3328 4136 accedere
3361 4089 3567 4151 potest,

1989 4171 2099 4226 nisi
2150 4171 2303 4240 prius
2355 4179 2509 4225 certo
2557 4184 2622 4225 ac
2647 4171 2944 4241 perspicue
2971 4175 3381 4226 demonstretur
3402 4213 3417 4239 ,
3444 4173 3571 4227 solis

1991 4264 2129 4318 illud
2151 4262 2470 4333 deliquium,
2524 4261 2673 4334 quod
2714 4261 2806 4318 die
2833 4263 2906 4318 25
2933 4264 3056 4319 Maii
3119 4265 3370 4338 contigit,
3399 4267 3570 4322 uisum

1991 4352 2453 4425 Constantinopoli
2506 4354 2667 4423 [uisse
2714 4354 2879 4425 paulo
2904 4367 3029 4409 ante
3057 4372 3219 4427 quam
3249 4366 3569 4413 exauctora-

1991 4455 2139 4500 retur
2191 4442 2507 4499 Germanus.
2556 4446 2723 4515 Atqui
2765 4461 2901 4501 vero
2944 4446 2997 4501 id
3037 4445 3315 4519 Gregoras
3344 4449 3571 4503 minime

1993 4544 2208 4600 asserit.
2264 4543 2462 4599 Narrat
2518 4542 2628 4596 imo
2660 4557 2699 4597 t.
2731 4539 3066 4597 Germanum
3118 4542 3462 4598 abdicavisse
3490 4544 3572 4597 di-

312 4632 426 4701 15.)
481 4633 648 4701 μηνὸς
680 4632 1210 4703 Μαιμακτηριῶνος,
1236 4633 1294 4685 ἐν
1323 4637 1389 4703 τῇ
1420 4632 1513 4686 τοῦ
1544 4632 1700 4701 ἁγίου
1720 4630 1883 4684 Ilvati-

1995 4637 2257 4708 gnitatem
2292 4651 2306 4689 :
2338 4648 2504 4704 quam
2533 4634 2601 4688 ab
2627 4633 2746 4701 ipso
2797 4632 3105 4687 abdicatam
3160 4632 3332 4687 fuisse
3396 4632 3484 4687 die
3506 4632 3573 4686 M

313 4743 480 4791 ματος
546 4727 730 4797 ἑορτῇ,
783 4742 957 4780 mense
998 4725 1165 4780 Iunio
1195 4728 1248 4781 in
1276 4727 1407 4798 festo
1433 4728 1604 4781 sancti
1634 4725 1887 4797 Spiritus,

311 4819 649 4873 concordibus
710 4819 1000 4895 suffragiis,
1070 4821 1375 4888 patriarcha
1446 4818 1750 4872 declaratus
1791 4830 1888 4872 est.

313 4912 440 4967 llaec
488 4911 674 4982 peragi
735 4910 957 4965 nonnisi
1013 4912 1354 4981 perlongum
1393 4919 1608 4979 tempus
1633 4910 1884 4971 Possino,

315 5014 374 5060 et
438 5005 738 5070 Bandurio,
798 5003 935 5058 mihi
986 5018 1119 5059 vero
1178 5002 1319 5059 intra
1352 5003 1518 5058 breve
1548 5003 1764 5057 dierum
1790 5003 1891 5057 ali~

314 5107 452 5168 quin
501 5098 761 5168 Spatium,
818 5096 1068 5168 potuisse
1110 5098 1387 5152 videntur.
1438 5095 1539 5151 Hic
1582 5096 1893 5152 Germanus

313 5201 645 5246 numeratur
695 5191 892 5247 tertius
936 5191 989 5246 in
1020 5192 1163 5247 serie
1195 5191 1304 5262 36
1329 5190 1768 5261 patriarcharum
1803 5206 1896 5243 ur-

318 5286 404 5340 bis
468 5287 651 5355 regiae.
703 5283 809 5341 Sed
852 5285 1135 5354 indeptam
1163 5284 1426 5338 abdicare
1453 5283 1677 5338 demum
1714 5282 1892 5353 digni-
1932 5326 1946 5342 .

316 5390 483 5434 tatem
536 5379 848 5445 Septembri
920 5393 1107 5433 mense
1166 5387 1417 5431 coactum
1470 5375 1661 5435 fuisse,
1710 5383 1895 5428 Itﬂl‘l‘nl

315 5474 431 5542 ipse
462 5473 831 5543 Pachyinercs
862 5470 1041 5541 capite
1067 5470 1159 5535 21,
1205 5469 1418 5532 mensis,
1455 5466 1716 5537 inquiens
1761 5466 1893 5519 inie-

320 5573 406 5618 rat
443 5564 768 5635 September,
803 5563 1129 5632 Γαμηλιὼν,
1170 5572 1217 5615 et
1269 5560 1526 5632 agebatur
1582 5557 1897 5611 ueneranda:

314 5662 481 5715 crucis
508 5661 718 5728 festum,
749 5658 887 5729 quod
922 5658 1321 5712 Esaltationrm
1354 5650 1708 5723 appellamus.
1734 5649 1800 5704 In
1832 5666 1912 5716 ea,

314 5757 479 5809 sacris
525 5752 773 5807 ultimum
826 5751 1046 5806 vestibus
1096 5752 1335 5817 indutus,
1366 5760 1627 5813 sacraque
1648 5743 1752 5797 diei
1780 5743 1895 5812 ejus

315 5846 536 5915 liturgia
572 5847 669 5898 rite
689 5847 920 5915 functus,
943 5860 1155 5914 vespere
1172 5842 1268 5897 sub
1288 5842 1656 5913 crepusculum
1677 5841 1893 5896 recedit.

385 5939 462 6006 De
512 5954 658 5993 anno
692 5952 801 6007 quo
832 5938 946 5994 tunc
976 5935 1230 5991 accidere
1262 5934 1532 5992 di~sident
1577 5934 1894 6004 scriptores.

1997 4725 2356 4799 Septembris,
2408 4723 2579 4779 refert
2629 4723 3027 4794 Pacbymeres;
3071 4724 3127 4787 Ξ.
3153 4722 3209 4777 in
3239 4723 3359 4794 ejus
3385 4723 3571 4777 locum

1991 4819 2291 4889 Josepltum
2341 4815 2669 4872 Galcsiotem
2725 4816 3040 4879 sutfectum,
3097 4815 3312 4871 scilicet
3354 4815 3446 4869 die
3501 4815 3572 4869 ‘28

1993 4910 2355 4982 Septembris,
2381 4909 2489 4980 37
2522 4908 2717 4963 eodem
2765 4915 2908 4963 teste
2939 4907 3301 4979 Pacbymere,
3342 4917 3402 4961 ut
3429 4907 3574 4962 infra

1994 5004 2325 5070 dicendum;
2352 5002 2408 5056 5.
2440 5014 2760 5055 concessam
2797 5000 3118 5069 imperatori
3168 4999 3576 5055 absolutionem

1995 5113 2023 5149 a
2079 5110 2223 5152 novo
2244 5092 2555 5163 patriarcha
2576 5092 2668 5146 die
2699 5091 2929 5153 indicta,
2960 5108 3126 5161 quam
3159 5093 3352 5147 statuit
3380 5107 3573 5146 secun-

1995 5190 2120 5243 dam
2144 5185 2426 5241 Februarii
2455 5184 2818 5255 Pachymeres
2857 5182 3000 5238 libro
3032 5199 3107 5249 Iv,
3133 5199 3255 5254 cap.
3288 5183 3381 5238 25.
3413 5183 3578 5238 Hisce

1997 5281 2258 5344 narratis,
2323 5277 2466 5331 κατὰ
2520 5274 2712 5330 τοῦτον
2745 5275 2838 5327 τὸν
2869 5274 3081 5346 χρόνον,
3115 5274 3210 5328 sub
3233 5276 3328 5328 hoc
3352 5282 3578 5343 tempus,

1995 5375 2076 5429 vel
2106 5374 2201 5428 hoc
2220 5373 2431 5427 circiter
2456 5378 2711 5441 tempore,
2738 5369 2919 5438 inquit
2947 5368 3211 5438 Grcgors,
3243 5367 3369 5421 luna
3410 5368 3581 5422 solem

1996 5467 2291 5521 obscuravit
2322 5464 2395 5518 25
2453 5464 2534 5517 die
2555 5462 2708 5517 Maii.
2741 5462 2879 5526 Quis
2942 5474 3076 5531 ergo
3120 5476 3230 5515 non
3266 5461 3451 5515 videat
3483 5476 3583 5516 so-

1997 5561 2169 5615 larem
2230 5557 2600 5613 defectionem
2641 5554 2866 5621 referri,
2894 5569 3016 5624 qua:
3048 5563 3171 5624 post
3197 5552 3455 5608 Germani
3480 5554 3586 5608 ab-

1997 5653 2325 5707 dicationem
2384 5659 2440 5705 et
2493 5649 2720 5719 Iosephi
2772 5648 3255 5715 inaugurationem
3324 5647 3589 5703 accidere

1998 5745 2285 5815 potuerit?
2324 5742 2401 5797 lta
2430 5759 2491 5799 se
2521 5759 2637 5799 rem
2670 5741 2879 5796 habere
2906 5756 3006 5811 pro
3040 5750 3196 5795 certo
3228 5739 3427 5805 habeo,
3449 5755 3589 5795 cum

1999 5853 2145 5893 anno
2190 5837 2326 5892 1266
2372 5837 2605 5893 cadente
2654 5847 2712 5891 et
2764 5834 3196 5905 patriarcbatum
3238 5833 3596 5889 abdicaverit

1999 5930 2327 5997 Germanus,
2384 5938 2441 5985 et
2499 5929 2651 5986 illum
2719 5928 2978 5999 indeptus
3001 5926 3485 5998 fueritlosephus,
3522 5938 3592 5984 ut

2616 6082 2641 6107 Ο

3636 3340 3671 3363 θ
