  <div class='ocr_page' id='page_1' title='image "/cluster/home/n/w/nwhite01/storage/ocr_20150623/142/hvd.32044012457388/032.png"; bbox 0 0 3858 6458; ppageno 0'>
   <div class='ocr_carea' id='block_1_1' title="bbox 256 378 3542 473">
    <p class='ocr_par' dir='ltr' id='par_1_1' title="bbox 256 378 3542 473">
     <span class='ocr_line' id='line_1_1' title="bbox 256 378 3542 473; baseline -0.008 0"><span class='ocrx_word' id='word_1_1' title='bbox 256 410 343 473; x_wconf 81' lang='lat'><strong>53.</strong></span> <span class='ocrx_word' id='word_1_2' title='bbox 1383 402 1584 466; x_wconf 61' lang='lat' dir='ltr'><strong>VITA.</strong></span> <span class='ocrx_word' id='word_1_3' title='bbox 1629 421 1700 437; x_wconf 75' lang='grc' dir='ltr'><strong>-ο</strong></span> <span class='ocrx_word' id='word_1_4' title='bbox 1741 400 2258 460; x_wconf 71' lang='lat' dir='ltr'><strong>DlSSERTAT&#39;lO</strong></span> <span class='ocrx_word' id='word_1_5' title='bbox 2298 378 2379 461; x_wconf 80' lang='lat' dir='ltr'><strong>&#39;t;&#39;</strong></span> <span class='ocrx_word' id='word_1_6' title='bbox 3475 384 3542 448; x_wconf 68' lang='lat' dir='ltr'><strong>rt</strong></span> 
     </span>
    </p>
   </div>
   <div class='ocr_carea' id='block_1_2' title="bbox 255 508 3549 622">
    <p class='ocr_par' dir='ltr' id='par_1_2' title="bbox 255 508 3549 622">
     <span class='ocr_line' id='line_1_2' title="bbox 255 508 3549 595; baseline -0.007 -15"><span class='ocrx_word' id='word_1_7' title='bbox 255 541 498 581; x_wconf 81' lang='lat' dir='ltr'><strong>numero</strong></span> <span class='ocrx_word' id='word_1_8' title='bbox 527 523 781 595; x_wconf 74' lang='lat' dir='ltr'><strong>sequenti</strong></span> <span class='ocrx_word' id='word_1_9' title='bbox 818 521 1138 584; x_wconf 84' lang='lat' dir='ltr'><strong>dicendum,</strong></span> <span class='ocrx_word' id='word_1_10' title='bbox 1201 527 1257 573; x_wconf 83' lang='lat' dir='ltr'><strong>et</strong></span> <span class='ocrx_word' id='word_1_11' title='bbox 1282 533 1426 573; x_wconf 88' lang='lat' dir='ltr'><strong>anno</strong></span> <span class='ocrx_word' id='word_1_12' title='bbox 1468 517 1606 573; x_wconf 80' lang='grc'>1267</span> <span class='ocrx_word' id='word_1_13' title='bbox 1638 514 1857 571; x_wconf 82' lang='lat' dir='ltr'><strong>accide-</strong></span> <span class='ocrx_word' id='word_1_14' title='bbox 1886 520 1927 575; x_wconf 76' lang='grc' dir='ltr'><strong>Α</strong></span> <span class='ocrx_word' id='word_1_15' title='bbox 1961 516 2229 577; x_wconf 66' lang='lat' dir='ltr'><strong>sedisset;</strong></span> <span class='ocrx_word' id='word_1_16' title='bbox 2281 519 2392 588; x_wconf 84' lang='lat' dir='ltr'><strong>jam</strong></span> <span class='ocrx_word' id='word_1_17' title='bbox 2448 518 2591 573; x_wconf 85' lang='lat' dir='ltr'><strong>intra</strong></span> <span class='ocrx_word' id='word_1_18' title='bbox 2656 516 2799 573; x_wconf 87' lang='lat' dir='ltr'><strong>istud</strong></span> <span class='ocrx_word' id='word_1_19' title='bbox 2848 513 3255 585; x_wconf 81' lang='lat' dir='ltr'><strong>patriarchatus</strong></span> <span class='ocrx_word' id='word_1_20' title='bbox 3310 508 3549 580; x_wconf 76' lang='lat' dir='ltr'><strong>spatium</strong></span> 
     </span>
     <span class='ocr_line' id='line_1_3' title="bbox 298 597 3548 622; baseline 0 0"><span class='ocrx_word' id='word_1_21' title='bbox 298 620 305 622; x_wconf 62' lang='grc'>,</span> <span class='ocrx_word' id='word_1_22' title='bbox 433 616 470 622; x_wconf 88' lang='grc'><strong>--</strong></span> <span class='ocrx_word' id='word_1_23' title='bbox 552 617 562 622; x_wconf 83' lang='grc'><strong>-</strong></span> <span class='ocrx_word' id='word_1_24' title='bbox 1066 597 1084 622; x_wconf 73' lang='grc' dir='ltr'><strong>ο</strong></span> <span class='ocrx_word' id='word_1_25' title='bbox 2141 609 2198 622; x_wconf 71' lang='grc' dir='ltr'><em>η.</em></span> <span class='ocrx_word' id='word_1_26' title='bbox 2253 610 2265 620; x_wconf 75' lang='grc' dir='ltr'>ι</span> <span class='ocrx_word' id='word_1_27' title='bbox 2306 611 2338 622; x_wconf 74' lang='grc' dir='ltr'><strong>,ι</strong></span> <span class='ocrx_word' id='word_1_28' title='bbox 2384 610 2511 622; x_wconf 69' lang='grc' dir='ltr'><strong>ιΑΑ-</strong></span> <span class='ocrx_word' id='word_1_29' title='bbox 2782 621 2787 622; x_wconf 63' lang='lat'><strong><em>,</em></strong></span> <span class='ocrx_word' id='word_1_30' title='bbox 2830 609 2851 622; x_wconf 71' lang='grc' dir='ltr'><em>ι</em></span> <span class='ocrx_word' id='word_1_31' title='bbox 2916 616 2925 622; x_wconf 81' lang='grc'><strong>.</strong></span> <span class='ocrx_word' id='word_1_32' title='bbox 3061 606 3098 622; x_wconf 75' lang='lat' dir='ltr'><strong>n</strong></span> <span class='ocrx_word' id='word_1_33' title='bbox 3138 606 3150 622; x_wconf 90' lang='lat' dir='ltr'><strong>I</strong></span> <span class='ocrx_word' id='word_1_34' title='bbox 3222 620 3307 622; x_wconf 33' lang='grc' dir='ltr'><strong>,ηπ</strong></span> <span class='ocrx_word' id='word_1_35' title='bbox 3337 618 3365 622; x_wconf 65' lang='lat'><strong><em>__</em></strong></span> <span class='ocrx_word' id='word_1_36' title='bbox 3452 615 3548 622; x_wconf 48' lang='grc' dir='ltr'><strong>--ηΑ</strong></span> 
     </span>
    </p>
   </div>
   <div class='ocr_carea' id='block_1_3' title="bbox 260 616 620 686">
    <p class='ocr_par' dir='ltr' id='par_1_3' title="bbox 260 616 620 686">
     <span class='ocr_line' id='line_1_4' title="bbox 260 616 620 686; baseline -0.006 -15"><span class='ocrx_word' id='word_1_37' title='bbox 260 620 338 672; x_wconf 83' lang='lat' dir='ltr'><strong>rit</strong></span> <span class='ocrx_word' id='word_1_38' title='bbox 365 616 620 686; x_wconf 78' lang='lat' dir='ltr'><strong>eclipsis.</strong></span> 
     </span>
    </p>
   </div>
   <div class='ocr_carea' id='block_1_4' title="bbox 334 698 1859 770">
    <p class='ocr_par' dir='ltr' id='par_1_4' title="bbox 334 698 1859 770">
     <span class='ocr_line' id='line_1_5' title="bbox 334 698 1859 770; baseline -0.007 -8"><span class='ocrx_word' id='word_1_39' title='bbox 334 708 447 763; x_wconf 77' lang='lat' dir='ltr'><strong>Hac</strong></span> <span class='ocrx_word' id='word_1_40' title='bbox 506 708 783 763; x_wconf 82' lang='lat' dir='ltr'><strong>submota.</strong></span> <span class='ocrx_word' id='word_1_41' title='bbox 832 704 1197 770; x_wconf 75' lang='lat' dir='ltr'><strong>dimcultate,</strong></span> <span class='ocrx_word' id='word_1_42' title='bbox 1254 702 1393 758; x_wconf 80' lang='lat' dir='ltr'><strong>nihil</strong></span> <span class='ocrx_word' id='word_1_43' title='bbox 1438 701 1629 769; x_wconf 90' lang='lat' dir='ltr'><strong>utique</strong></span> <span class='ocrx_word' id='word_1_44' title='bbox 1673 698 1859 754; x_wconf 83' lang='lat' dir='ltr'><strong>obstat</strong></span> 
     </span>
    </p>
   </div>
   <div class='ocr_carea' id='block_1_5' title="bbox 259 789 1859 870">
    <p class='ocr_par' dir='ltr' id='par_1_5' title="bbox 259 789 1859 870">
     <span class='ocr_line' id='line_1_6' title="bbox 259 789 1859 870; baseline -0.009 -14"><span class='ocrx_word' id='word_1_45' title='bbox 259 800 568 870; x_wconf 76' lang='lat' dir='ltr'><strong>quominus</strong></span> <span class='ocrx_word' id='word_1_46' title='bbox 617 799 927 854; x_wconf 79' lang='lat' dir='ltr'><strong>Germanus</strong></span> <span class='ocrx_word' id='word_1_47' title='bbox 971 796 1039 850; x_wconf 85' lang='lat' dir='ltr'><strong>Ill</strong></span> <span class='ocrx_word' id='word_1_48' title='bbox 1085 796 1298 850; x_wconf 89' lang='lat' dir='ltr'><strong>electus</strong></span> <span class='ocrx_word' id='word_1_49' title='bbox 1352 792 1515 847; x_wconf 82' lang='lat' dir='ltr'><strong>fuerit</strong></span> <span class='ocrx_word' id='word_1_50' title='bbox 1544 789 1859 860; x_wconf 70' lang='lat' dir='ltr'><strong>patriarcha</strong></span> 
     </span>
    </p>
   </div>
   <div class='ocr_carea' id='block_1_6' title="bbox 259 881 1861 960">
    <p class='ocr_par' dir='ltr' id='par_1_6' title="bbox 259 881 1861 960">
     <span class='ocr_line' id='line_1_7' title="bbox 259 881 1861 960; baseline -0.009 -12"><span class='ocrx_word' id='word_1_51' title='bbox 259 909 451 948; x_wconf 84' lang='lat' dir='ltr'><strong>mense</strong></span> <span class='ocrx_word' id='word_1_52' title='bbox 514 892 679 946; x_wconf 76' lang='lat' dir='ltr'><strong>Iunio</strong></span> <span class='ocrx_word' id='word_1_53' title='bbox 729 893 782 945; x_wconf 85' lang='lat' dir='ltr'><strong>in</strong></span> <span class='ocrx_word' id='word_1_54' title='bbox 839 890 973 960; x_wconf 80' lang='lat' dir='ltr'><strong>[esto</strong></span> <span class='ocrx_word' id='word_1_55' title='bbox 1024 888 1196 942; x_wconf 79' lang='lat' dir='ltr'><strong>sancti</strong></span> <span class='ocrx_word' id='word_1_56' title='bbox 1227 884 1486 955; x_wconf 87' lang='lat' dir='ltr'><strong>Spiritus,</strong></span> <span class='ocrx_word' id='word_1_57' title='bbox 1518 897 1664 937; x_wconf 89' lang='lat' dir='ltr'><strong>anno</strong></span> <span class='ocrx_word' id='word_1_58' title='bbox 1701 881 1861 939; x_wconf 70' lang='grc'>1264.</span> 
     </span>
    </p>
   </div>
   <div class='ocr_carea' id='block_1_7' title="bbox 260 973 1865 1053">
    <p class='ocr_par' dir='ltr' id='par_1_7' title="bbox 260 973 1865 1053">
     <span class='ocr_line' id='line_1_8' title="bbox 260 973 1865 1053; baseline -0.007 -16"><span class='ocrx_word' id='word_1_59' title='bbox 260 998 379 1053; x_wconf 88' lang='lat' dir='ltr'><strong>quo</strong></span> <span class='ocrx_word' id='word_1_60' title='bbox 430 984 701 1038; x_wconf 76' lang='lat' dir='ltr'><strong>Arsenius</strong></span> <span class='ocrx_word' id='word_1_61' title='bbox 757 997 936 1035; x_wconf 80' lang='lat' dir='ltr'><strong>mense</strong></span> <span class='ocrx_word' id='word_1_62' title='bbox 989 978 1138 1033; x_wconf 78' lang='lat' dir='ltr'><strong>Maio</strong></span> <span class='ocrx_word' id='word_1_63' title='bbox 1193 977 1504 1032; x_wconf 86' lang='lat' dir='ltr'><strong>antistitum</strong></span> <span class='ocrx_word' id='word_1_64' title='bbox 1529 973 1796 1029; x_wconf 75' lang='lat' dir='ltr'><strong>sententia</strong></span> <span class='ocrx_word' id='word_1_65' title='bbox 1834 987 1865 1027; x_wconf 93' lang='lat' dir='ltr'><strong>e</strong></span> 
     </span>
    </p>
   </div>
   <div class='ocr_carea' id='block_1_8' title="bbox 198 1067 1879 1137">
    <p class='ocr_par' dir='ltr' id='par_1_8' title="bbox 198 1067 1879 1137">
     <span class='ocr_line' id='line_1_9' title="bbox 198 1067 1879 1137; baseline -0.01 -5"><span class='ocrx_word' id='word_1_66' title='bbox 198 1096 211 1107; x_wconf 87' lang='grc'><strong>·</strong></span> <span class='ocrx_word' id='word_1_67' title='bbox 258 1078 470 1132; x_wconf 82' lang='lat' dir='ltr'><strong>throno</strong></span> <span class='ocrx_word' id='word_1_68' title='bbox 496 1076 825 1130; x_wconf 71' lang='lat' dir='ltr'><strong>deturbatus</strong></span> <span class='ocrx_word' id='word_1_69' title='bbox 848 1073 976 1129; x_wconf 73' lang='lat' dir='ltr'><strong>fuit.</strong></span> <span class='ocrx_word' id='word_1_70' title='bbox 1003 1072 1165 1126; x_wconf 75' lang='lat' dir='ltr'><strong>Anno</strong></span> <span class='ocrx_word' id='word_1_71' title='bbox 1224 1071 1321 1123; x_wconf 89' lang='lat' dir='ltr'><strong>illo</strong></span> <span class='ocrx_word' id='word_1_72' title='bbox 1343 1067 1617 1137; x_wconf 81' lang='lat' dir='ltr'><strong>siquidem</strong></span> <span class='ocrx_word' id='word_1_73' title='bbox 1645 1077 1879 1118; x_wconf 78' lang='lat' dir='ltr'><strong>sacrum</strong></span> 
     </span>
    </p>
   </div>
   <div class='ocr_carea' id='block_1_9' title="bbox 262 1153 1865 1231">
    <p class='ocr_par' dir='ltr' id='par_1_9' title="bbox 262 1153 1865 1231">
     <span class='ocr_line' id='line_1_10' title="bbox 262 1153 1865 1231; baseline -0.011 -8"><span class='ocrx_word' id='word_1_74' title='bbox 262 1169 468 1223; x_wconf 81' lang='lat' dir='ltr'><strong>incidit</strong></span> <span class='ocrx_word' id='word_1_75' title='bbox 501 1167 714 1227; x_wconf 80' lang='lat' dir='ltr'><strong>Pascha</strong></span> <span class='ocrx_word' id='word_1_76' title='bbox 747 1167 815 1221; x_wconf 82' lang='lat' dir='ltr'><strong>in</strong></span> <span class='ocrx_word' id='word_1_77' title='bbox 829 1167 965 1219; x_wconf 84' lang='lat' dir='ltr'><strong>diem</strong></span> <span class='ocrx_word' id='word_1_78' title='bbox 1006 1165 1077 1220; x_wconf 57' lang='lat'><strong>34)</strong></span> <span class='ocrx_word' id='word_1_79' title='bbox 1101 1159 1324 1231; x_wconf 70' lang='lat' dir='ltr'><strong>Aprilis,</strong></span> <span class='ocrx_word' id='word_1_80' title='bbox 1352 1169 1408 1216; x_wconf 87' lang='lat' dir='ltr'><strong>et</strong></span> <span class='ocrx_word' id='word_1_81' title='bbox 1438 1158 1769 1214; x_wconf 67' lang='lat' dir='ltr'><strong>Pentecoste</strong></span> <span class='ocrx_word' id='word_1_82' title='bbox 1810 1153 1865 1206; x_wconf 87' lang='lat' dir='ltr'><strong>in</strong></span> 
     </span>
    </p>
   </div>
   <div class='ocr_carea' id='block_1_10' title="bbox 260 1247 1868 1317">
    <p class='ocr_par' dir='ltr' id='par_1_10' title="bbox 260 1247 1868 1317">
     <span class='ocr_line' id='line_1_11' title="bbox 260 1247 1868 1317; baseline -0.01 -1"><span class='ocrx_word' id='word_1_83' title='bbox 260 1262 419 1317; x_wconf 84' lang='lat' dir='ltr'><strong>diem</strong></span> <span class='ocrx_word' id='word_1_84' title='bbox 476 1259 706 1315; x_wconf 68' lang='lat' dir='ltr'><strong>Blunii.</strong></span> <span class='ocrx_word' id='word_1_85' title='bbox 765 1259 995 1314; x_wconf 82' lang='lat' dir='ltr'><strong>Sacrum</strong></span> <span class='ocrx_word' id='word_1_86' title='bbox 1032 1257 1390 1312; x_wconf 83' lang='lat' dir='ltr'><strong>Pentecostcs</strong></span> <span class='ocrx_word' id='word_1_87' title='bbox 1449 1250 1649 1305; x_wconf 76' lang='lat' dir='ltr'><strong>festum</strong></span> <span class='ocrx_word' id='word_1_88' title='bbox 1687 1247 1868 1301; x_wconf 69' lang='lat' dir='ltr'><strong>tribus</strong></span> 
     </span>
    </p>
   </div>
   <div class='ocr_carea' id='block_1_11' title="bbox 260 1339 1869 1420">
    <p class='ocr_par' dir='ltr' id='par_1_11' title="bbox 260 1339 1869 1420">
     <span class='ocr_line' id='line_1_12' title="bbox 260 1339 1869 1420; baseline -0.012 -10"><span class='ocrx_word' id='word_1_89' title='bbox 260 1355 472 1410; x_wconf 83' lang='lat' dir='ltr'><strong>diebus</strong></span> <span class='ocrx_word' id='word_1_90' title='bbox 498 1354 815 1408; x_wconf 75' lang='lat' dir='ltr'><strong>celebratur</strong></span> <span class='ocrx_word' id='word_1_91' title='bbox 846 1368 864 1406; x_wconf 87' lang='lat'><strong>:</strong></span> <span class='ocrx_word' id='word_1_92' title='bbox 893 1350 1142 1420; x_wconf 78' lang='lat' dir='ltr'><strong>illudque</strong></span> <span class='ocrx_word' id='word_1_93' title='bbox 1177 1355 1378 1403; x_wconf 85' lang='lat' dir='ltr'><strong>vocant</strong></span> <span class='ocrx_word' id='word_1_94' title='bbox 1409 1343 1580 1399; x_wconf 65' lang='lat' dir='ltr'><strong>Graeci</strong></span> <span class='ocrx_word' id='word_1_95' title='bbox 1644 1339 1869 1411; x_wconf 70' lang='grc' dir='ltr'><strong>Ἀργιον</strong></span> 
     </span>
    </p>
   </div>
   <div class='ocr_carea' id='block_1_12' title="bbox 261 1431 1871 1515">
    <p class='ocr_par' dir='ltr' id='par_1_12' title="bbox 261 1431 1871 1515">
     <span class='ocr_line' id='line_1_13' title="bbox 261 1431 1871 1515; baseline -0.008 -16"><span class='ocrx_word' id='word_1_96' title='bbox 261 1448 597 1515; x_wconf 69' lang='grc' dir='ltr'><strong>τριήμεροῖ.</strong></span> <span class='ocrx_word' id='word_1_97' title='bbox 651 1443 814 1511; x_wconf 84' lang='lat' dir='ltr'><strong>Quod</strong></span> <span class='ocrx_word' id='word_1_98' title='bbox 848 1457 980 1513; x_wconf 77' lang='lat' dir='ltr'><strong>ergo</strong></span> <span class='ocrx_word' id='word_1_99' title='bbox 1008 1441 1373 1511; x_wconf 79' lang='lat' dir='ltr'><strong>Pachytne-res</strong></span> <span class='ocrx_word' id='word_1_100' title='bbox 1402 1436 1593 1507; x_wconf 76' lang='lat' dir='ltr'><strong>festum</strong></span> <span class='ocrx_word' id='word_1_101' title='bbox 1628 1431 1871 1503; x_wconf 75' lang='lat' dir='ltr'><strong>appellat</strong></span> 
     </span>
    </p>
   </div>
   <div class='ocr_carea' id='block_1_13' title="bbox 259 1528 1870 1608">
    <p class='ocr_par' dir='ltr' id='par_1_13' title="bbox 259 1528 1870 1608">
     <span class='ocr_line' id='line_1_14' title="bbox 259 1528 1870 1608; baseline -0.008 -14"><span class='ocrx_word' id='word_1_102' title='bbox 259 1540 446 1595; x_wconf 85' lang='lat' dir='ltr'><strong>sancti</strong></span> <span class='ocrx_word' id='word_1_103' title='bbox 490 1537 746 1608; x_wconf 79' lang='lat' dir='ltr'><strong>Spiritus,</strong></span> <span class='ocrx_word' id='word_1_104' title='bbox 807 1535 1041 1605; x_wconf 75' lang='lat' dir='ltr'><strong>intelligi</strong></span> <span class='ocrx_word' id='word_1_105' title='bbox 1088 1537 1322 1588; x_wconf 80' lang='lat' dir='ltr'><strong>fortasse</strong></span> <span class='ocrx_word' id='word_1_106' title='bbox 1353 1529 1558 1602; x_wconf 77' lang='lat' dir='ltr'><strong>prima</strong></span> <span class='ocrx_word' id='word_1_107' title='bbox 1597 1528 1715 1583; x_wconf 86' lang='lat' dir='ltr'><strong>dies</strong></span> <span class='ocrx_word' id='word_1_108' title='bbox 1775 1541 1870 1595; x_wconf 85' lang='lat' dir='ltr'><strong>po—</strong></span> 
     </span>
    </p>
   </div>
   <div class='ocr_carea' id='block_1_14' title="bbox 265 1619 1867 1694">
    <p class='ocr_par' dir='ltr' id='par_1_14' title="bbox 265 1619 1867 1694">
     <span class='ocr_line' id='line_1_15' title="bbox 265 1619 1867 1694; baseline -0.007 -8"><span class='ocrx_word' id='word_1_109' title='bbox 265 1641 404 1694; x_wconf 84' lang='lat' dir='ltr'><strong>test.</strong></span> <span class='ocrx_word' id='word_1_110' title='bbox 464 1629 553 1684; x_wconf 81' lang='lat' dir='ltr'><strong>vel</strong></span> <span class='ocrx_word' id='word_1_111' title='bbox 618 1630 827 1690; x_wconf 87' lang='lat' dir='ltr'><strong>altera,</strong></span> <span class='ocrx_word' id='word_1_112' title='bbox 881 1636 980 1682; x_wconf 88' lang='lat' dir='ltr'><strong>aut</strong></span> <span class='ocrx_word' id='word_1_113' title='bbox 1030 1627 1214 1680; x_wconf 88' lang='lat' dir='ltr'><strong>tertia.</strong></span> <span class='ocrx_word' id='word_1_114' title='bbox 1274 1622 1414 1678; x_wconf 78' lang='lat' dir='ltr'><strong>Hine</strong></span> <span class='ocrx_word' id='word_1_115' title='bbox 1469 1631 1595 1690; x_wconf 85' lang='lat' dir='ltr'><strong>post</strong></span> <span class='ocrx_word' id='word_1_116' title='bbox 1648 1619 1867 1674; x_wconf 78' lang='lat' dir='ltr'><strong>Arsenii</strong></span> 
     </span>
    </p>
   </div>
   <div class='ocr_carea' id='block_1_15' title="bbox 264 1712 1870 1791">
    <p class='ocr_par' dir='ltr' id='par_1_15' title="bbox 264 1712 1870 1791">
     <span class='ocr_line' id='line_1_16' title="bbox 264 1712 1870 1791; baseline -0.007 -14"><span class='ocrx_word' id='word_1_117' title='bbox 264 1722 682 1791; x_wconf 87' lang='lat' dir='ltr'><strong>depositionem</strong></span> <span class='ocrx_word' id='word_1_118' title='bbox 751 1730 834 1775; x_wconf 86' lang='lat' dir='ltr'><strong>tot</strong></span> <span class='ocrx_word' id='word_1_119' title='bbox 863 1719 1081 1773; x_wconf 83' lang='lat' dir='ltr'><strong>dierum</strong></span> <span class='ocrx_word' id='word_1_120' title='bbox 1151 1715 1362 1771; x_wconf 74' lang='lat' dir='ltr'><strong>emuxit</strong></span> <span class='ocrx_word' id='word_1_121' title='bbox 1411 1712 1672 1784; x_wconf 80' lang='lat' dir='ltr'><strong>spatium,</strong></span> <span class='ocrx_word' id='word_1_122' title='bbox 1733 1720 1870 1782; x_wconf 87' lang='lat' dir='ltr'><strong>quot</strong></span> 
     </span>
    </p>
   </div>
   <div class='ocr_carea' id='block_1_16' title="bbox 266 1810 1871 1878">
    <p class='ocr_par' dir='ltr' id='par_1_16' title="bbox 266 1810 1871 1878">
     <span class='ocr_line' id='line_1_17' title="bbox 266 1810 1871 1878; baseline -0.007 -12"><span class='ocrx_word' id='word_1_123' title='bbox 266 1812 413 1867; x_wconf 86' lang='lat' dir='ltr'><strong>satis</strong></span> <span class='ocrx_word' id='word_1_124' title='bbox 447 1825 572 1865; x_wconf 85' lang='lat' dir='ltr'><strong>esse</strong></span> <span class='ocrx_word' id='word_1_125' title='bbox 594 1810 887 1875; x_wconf 78' lang='lat' dir='ltr'><strong>videntur,</strong></span> <span class='ocrx_word' id='word_1_126' title='bbox 909 1815 971 1863; x_wconf 92' lang='lat' dir='ltr'><strong>ut</strong></span> <span class='ocrx_word' id='word_1_127' title='bbox 988 1822 1051 1864; x_wconf 87' lang='lat' dir='ltr'><strong>ea</strong></span> <span class='ocrx_word' id='word_1_128' title='bbox 1074 1815 1490 1878; x_wconf 68' lang='lat' dir='ltr'><strong>peragerentur,</strong></span> <span class='ocrx_word' id='word_1_129' title='bbox 1526 1818 1651 1873; x_wconf 76' lang='lat' dir='ltr'><strong>qcre</strong></span> <span class='ocrx_word' id='word_1_130' title='bbox 1679 1812 1871 1857; x_wconf 84' lang='lat' dir='ltr'><strong>narrat</strong></span> 
     </span>
    </p>
   </div>
   <div class='ocr_carea' id='block_1_17' title="bbox 271 1901 952 1972">
    <p class='ocr_par' dir='ltr' id='par_1_17' title="bbox 271 1901 952 1972">
     <span class='ocr_line' id='line_1_18' title="bbox 271 1901 952 1972; baseline -0.007 -14"><span class='ocrx_word' id='word_1_131' title='bbox 271 1902 685 1972; x_wconf 77' lang='lat' dir='ltr'><strong>Pachymeres,</strong></span> <span class='ocrx_word' id='word_1_132' title='bbox 742 1901 952 1956; x_wconf 88' lang='lat' dir='ltr'><strong>omnia.</strong></span> 
     </span>
    </p>
   </div>
   <div class='ocr_carea' id='block_1_18' title="bbox 346 1982 1867 2066">
    <p class='ocr_par' dir='ltr' id='par_1_18' title="bbox 346 1982 1867 2066">
     <span class='ocr_line' id='line_1_19' title="bbox 346 1982 1867 2066; baseline -0.007 -16"><span class='ocrx_word' id='word_1_133' title='bbox 346 1995 612 2066; x_wconf 71' lang='lat' dir='ltr'><strong>Regimen</strong></span> <span class='ocrx_word' id='word_1_134' title='bbox 633 1982 896 2051; x_wconf 81' lang='lat' dir='ltr'><strong>Germani</strong></span> <span class='ocrx_word' id='word_1_135' title='bbox 922 1992 1067 2047; x_wconf 86' lang='lat' dir='ltr'><strong>intra</strong></span> <span class='ocrx_word' id='word_1_136' title='bbox 1088 1989 1483 2046; x_wconf 79' lang='lat' dir='ltr'><strong>brevissimum</strong></span> <span class='ocrx_word' id='word_1_137' title='bbox 1512 1989 1678 2043; x_wconf 78' lang='lat' dir='ltr'><strong>trium</strong></span> <span class='ocrx_word' id='word_1_138' title='bbox 1711 2002 1867 2043; x_wconf 88' lang='lat' dir='ltr'><strong>men-</strong></span> 
     </span>
    </p>
   </div>
   <div class='ocr_carea' id='block_1_19' title="bbox 270 2081 1860 2158">
    <p class='ocr_par' dir='ltr' id='par_1_19' title="bbox 270 2081 1860 2158">
     <span class='ocr_line' id='line_1_20' title="bbox 270 2081 1860 2158; baseline -0.005 -15"><span class='ocrx_word' id='word_1_139' title='bbox 270 2088 424 2143; x_wconf 83' lang='lat' dir='ltr'><strong>sium</strong></span> <span class='ocrx_word' id='word_1_140' title='bbox 461 2088 723 2158; x_wconf 85' lang='lat' dir='ltr'><strong>spatium,</strong></span> <span class='ocrx_word' id='word_1_141' title='bbox 746 2102 777 2141; x_wconf 91' lang='lat' dir='ltr'><strong>a</strong></span> <span class='ocrx_word' id='word_1_142' title='bbox 801 2086 963 2142; x_wconf 77' lang='lat' dir='ltr'><strong>lunia</strong></span> <span class='ocrx_word' id='word_1_143' title='bbox 989 2084 1061 2140; x_wconf 87' lang='lat' dir='ltr'><strong>ad</strong></span> <span class='ocrx_word' id='word_1_144' title='bbox 1123 2084 1270 2139; x_wconf 88' lang='lat' dir='ltr'><strong>diem</strong></span> <span class='ocrx_word' id='word_1_145' title='bbox 1305 2084 1370 2138; x_wconf 66' lang='lat' dir='ltr'><strong>li</strong></span> <span class='ocrx_word' id='word_1_146' title='bbox 1400 2081 1745 2153; x_wconf 76' lang='lat' dir='ltr'><strong>Septembris</strong></span> <span class='ocrx_word' id='word_1_147' title='bbox 1772 2096 1860 2135; x_wconf 92' lang='lat' dir='ltr'><strong>co-</strong></span> 
     </span>
    </p>
   </div>
   <div class='ocr_carea' id='block_1_20' title="bbox 270 2176 1869 2251">
    <p class='ocr_par' dir='ltr' id='par_1_20' title="bbox 270 2176 1869 2251">
     <span class='ocr_line' id='line_1_21' title="bbox 270 2176 1869 2251; baseline -0.002 -18"><span class='ocrx_word' id='word_1_148' title='bbox 270 2180 500 2247; x_wconf 88' lang='lat' dir='ltr'><strong>arctari,</strong></span> <span class='ocrx_word' id='word_1_149' title='bbox 521 2180 791 2235; x_wconf 76' lang='lat' dir='ltr'><strong>intellectu</strong></span> <span class='ocrx_word' id='word_1_150' title='bbox 820 2178 1030 2251; x_wconf 67' lang='lat' dir='ltr'><strong>difﬁcile</strong></span> <span class='ocrx_word' id='word_1_151' title='bbox 1083 2187 1239 2249; x_wconf 86' lang='lat' dir='ltr'><strong>putat</strong></span> <span class='ocrx_word' id='word_1_152' title='bbox 1261 2176 1513 2247; x_wconf 69' lang='lat' dir='ltr'><strong>Capetus</strong></span> <span class='ocrx_word' id='word_1_153' title='bbox 1543 2177 1614 2230; x_wconf 86' lang='lat' dir='ltr'><strong>ob</strong></span> <span class='ocrx_word' id='word_1_154' title='bbox 1645 2191 1708 2231; x_wconf 89' lang='lat' dir='ltr'><strong>ea</strong></span> <span class='ocrx_word' id='word_1_155' title='bbox 1744 2176 1869 2247; x_wconf 77' lang='lat' dir='ltr'><strong>plu-</strong></span> 
     </span>
    </p>
   </div>
   <div class='ocr_carea' id='block_1_21' title="bbox 270 2268 1870 2342">
    <p class='ocr_par' dir='ltr' id='par_1_21' title="bbox 270 2268 1870 2342">
     <span class='ocr_line' id='line_1_22' title="bbox 270 2268 1870 2342; baseline -0.003 -14"><span class='ocrx_word' id='word_1_156' title='bbox 270 2274 421 2328; x_wconf 84' lang='lat' dir='ltr'><strong>rima</strong></span> <span class='ocrx_word' id='word_1_157' title='bbox 448 2288 571 2341; x_wconf 73' lang='lat' dir='ltr'><strong>qua:</strong></span> <span class='ocrx_word' id='word_1_158' title='bbox 593 2283 784 2328; x_wconf 86' lang='lat' dir='ltr'><strong>narrat</strong></span> <span class='ocrx_word' id='word_1_159' title='bbox 808 2271 1173 2342; x_wconf 72' lang='lat' dir='ltr'><strong>Pachymeres</strong></span> <span class='ocrx_word' id='word_1_160' title='bbox 1202 2285 1230 2323; x_wconf 73' lang='grc' dir='ltr'><strong><em>λ</em></strong></span> <span class='ocrx_word' id='word_1_161' title='bbox 1259 2270 1440 2339; x_wconf 82' lang='lat' dir='ltr'><strong>capite</strong></span> <span class='ocrx_word' id='word_1_162' title='bbox 1469 2284 1568 2323; x_wconf 80' lang='lat' dir='ltr'><strong>xm</strong></span> <span class='ocrx_word' id='word_1_163' title='bbox 1597 2268 1663 2325; x_wconf 90' lang='lat' dir='ltr'><strong>ad</strong></span> <span class='ocrx_word' id='word_1_164' title='bbox 1701 2278 1870 2339; x_wconf 81' lang='lat' dir='ltr'><strong>caput</strong></span> 
     </span>
    </p>
   </div>
   <div class='ocr_carea' id='block_1_22' title="bbox 272 2360 1851 2435">
    <p class='ocr_par' dir='ltr' id='par_1_22' title="bbox 272 2360 1851 2435">
     <span class='ocr_line' id='line_1_23' title="bbox 272 2360 1851 2435; baseline -0.003 -16"><span class='ocrx_word' id='word_1_165' title='bbox 272 2380 455 2435; x_wconf 87' lang='lat' dir='ltr'><strong>usque</strong></span> <span class='ocrx_word' id='word_1_166' title='bbox 479 2380 593 2420; x_wconf 76' lang='lat' dir='ltr'><strong>ut.</strong></span> <span class='ocrx_word' id='word_1_167' title='bbox 621 2367 851 2421; x_wconf 77' lang='lat' dir='ltr'><strong>Annum</strong></span> <span class='ocrx_word' id='word_1_168' title='bbox 876 2364 1073 2419; x_wconf 88' lang='lat' dir='ltr'><strong>saltem</strong></span> <span class='ocrx_word' id='word_1_169' title='bbox 1131 2365 1406 2433; x_wconf 75' lang='lat' dir='ltr'><strong>integrum</strong></span> <span class='ocrx_word' id='word_1_170' title='bbox 1435 2367 1493 2417; x_wconf 89' lang='lat' dir='ltr'><strong>et</strong></span> <span class='ocrx_word' id='word_1_171' title='bbox 1523 2361 1734 2431; x_wconf 82' lang='lat' dir='ltr'><strong>aliquot</strong></span> <span class='ocrx_word' id='word_1_172' title='bbox 1766 2360 1851 2414; x_wconf 57' lang='lat' dir='ltr'><strong>inc</strong></span> 
     </span>
    </p>
   </div>
   <div class='ocr_carea' id='block_1_23' title="bbox 272 2453 1868 2525">
    <p class='ocr_par' dir='ltr' id='par_1_23' title="bbox 272 2453 1868 2525">
     <span class='ocr_line' id='line_1_24' title="bbox 272 2453 1868 2525; baseline -0.004 -14"><span class='ocrx_word' id='word_1_173' title='bbox 272 2472 449 2525; x_wconf 86' lang='lat' dir='ltr'><strong>super</strong></span> <span class='ocrx_word' id='word_1_174' title='bbox 474 2472 696 2513; x_wconf 81' lang='lat' dir='ltr'><strong>menses</strong></span> <span class='ocrx_word' id='word_1_175' title='bbox 727 2455 1102 2511; x_wconf 85' lang='lat' dir='ltr'><strong>numerandos</strong></span> <span class='ocrx_word' id='word_1_176' title='bbox 1138 2470 1283 2520; x_wconf 84' lang='lat' dir='ltr'><strong>esse,</strong></span> <span class='ocrx_word' id='word_1_177' title='bbox 1312 2454 1518 2509; x_wconf 81' lang='lat' dir='ltr'><strong>evincit</strong></span> <span class='ocrx_word' id='word_1_178' title='bbox 1538 2453 1868 2524; x_wconf 75' lang='lat' dir='ltr'><strong>gravissima</strong></span> 
     </span>
    </p>
   </div>
   <div class='ocr_carea' id='block_1_24' title="bbox 273 2545 1865 2620">
    <p class='ocr_par' dir='ltr' id='par_1_24' title="bbox 273 2545 1865 2620">
     <span class='ocr_line' id='line_1_25' title="bbox 273 2545 1865 2620; baseline -0.005 -14"><span class='ocrx_word' id='word_1_179' title='bbox 273 2549 594 2614; x_wconf 72' lang='lat' dir='ltr'><strong>difﬁcultas,</strong></span> <span class='ocrx_word' id='word_1_180' title='bbox 657 2565 823 2620; x_wconf 87' lang='lat' dir='ltr'><strong>quam</strong></span> <span class='ocrx_word' id='word_1_181' title='bbox 879 2550 1000 2620; x_wconf 90' lang='lat' dir='ltr'><strong>ipse</strong></span> <span class='ocrx_word' id='word_1_182' title='bbox 1051 2547 1310 2618; x_wconf 88' lang='lat' dir='ltr'><strong>Cuperns</strong></span> <span class='ocrx_word' id='word_1_183' title='bbox 1360 2545 1626 2618; x_wconf 74' lang='lat' dir='ltr'><strong>proponit</strong></span> <span class='ocrx_word' id='word_1_184' title='bbox 1656 2559 1865 2599; x_wconf 89' lang='lat' dir='ltr'><strong>anum.</strong></span> 
     </span>
    </p>
   </div>
   <div class='ocr_carea' id='block_1_25' title="bbox 282 2636 1869 2709">
    <p class='ocr_par' dir='ltr' id='par_1_25' title="bbox 282 2636 1869 2709">
     <span class='ocr_line' id='line_1_26' title="bbox 282 2636 1869 2709; baseline -0.004 -13"><span class='ocrx_word' id='word_1_185' title='bbox 282 2638 386 2696; x_wconf 80' lang='lat'><strong>991</strong></span> <span class='ocrx_word' id='word_1_186' title='bbox 444 2638 847 2709; x_wconf 82' lang='lat' dir='ltr'><strong>insolutamque</strong></span> <span class='ocrx_word' id='word_1_187' title='bbox 914 2638 1202 2708; x_wconf 83' lang='lat' dir='ltr'><strong>relinquit.</strong></span> <span class='ocrx_word' id='word_1_188' title='bbox 1239 2656 1259 2691; x_wconf 74' lang='grc' dir='ltr'>ι</span> <span class='ocrx_word' id='word_1_189' title='bbox 1292 2638 1587 2708; x_wconf 84' lang='lat' dir='ltr'><strong>Postquam</strong></span> <span class='ocrx_word' id='word_1_190' title='bbox 1654 2636 1869 2706; x_wconf 84' lang='lat' dir='ltr'><strong>Pachy-</strong></span> 
     </span>
    </p>
   </div>
   <div class='ocr_carea' id='block_1_26' title="bbox 278 2726 1869 2799">
    <p class='ocr_par' dir='ltr' id='par_1_26' title="bbox 278 2726 1869 2799">
     <span class='ocr_line' id='line_1_27' title="bbox 278 2726 1869 2799; baseline -0.002 -16"><span class='ocrx_word' id='word_1_191' title='bbox 278 2744 473 2785; x_wconf 83' lang='lat' dir='ltr'><strong>meres</strong></span> <span class='ocrx_word' id='word_1_192' title='bbox 525 2728 726 2796; x_wconf 77' lang='lat' dir='ltr'><strong>dilIusa</strong></span> <span class='ocrx_word' id='word_1_193' title='bbox 787 2729 1039 2785; x_wconf 85' lang='lat' dir='ltr'><strong>oratione</strong></span> <span class='ocrx_word' id='word_1_194' title='bbox 1090 2729 1368 2799; x_wconf 74' lang='lat' dir='ltr'><strong>exposuit,</strong></span> <span class='ocrx_word' id='word_1_195' title='bbox 1409 2726 1687 2798; x_wconf 88' lang='lat' dir='ltr'><strong>quomodo</strong></span> <span class='ocrx_word' id='word_1_196' title='bbox 1713 2727 1869 2798; x_wconf 77' lang='lat' dir='ltr'><strong>plebs</strong></span> 
     </span>
    </p>
   </div>
   <div class='ocr_carea' id='block_1_27' title="bbox 277 2820 1865 2891">
    <p class='ocr_par' dir='ltr' id='par_1_27' title="bbox 277 2820 1865 2891">
     <span class='ocr_line' id='line_1_28' title="bbox 277 2820 1865 2891; baseline -0.001 -16"><span class='ocrx_word' id='word_1_197' title='bbox 277 2821 560 2878; x_wconf 85' lang='lat' dir='ltr'><strong>Germano</strong></span> <span class='ocrx_word' id='word_1_198' title='bbox 613 2821 945 2891; x_wconf 76' lang='lat' dir='ltr'><strong>patriarchas</strong></span> <span class='ocrx_word' id='word_1_199' title='bbox 971 2820 1387 2886; x_wconf 77' lang='lat' dir='ltr'><strong>adversaretur,</strong></span> <span class='ocrx_word' id='word_1_200' title='bbox 1427 2834 1494 2875; x_wconf 91' lang='lat' dir='ltr'><strong>ac</strong></span> <span class='ocrx_word' id='word_1_201' title='bbox 1520 2820 1636 2891; x_wconf 83' lang='lat' dir='ltr'><strong>ipse</strong></span> <span class='ocrx_word' id='word_1_202' title='bbox 1689 2820 1865 2889; x_wconf 87' lang='lat' dir='ltr'><strong>impe-</strong></span> 
     </span>
    </p>
   </div>
   <div class='ocr_carea' id='block_1_28' title="bbox 278 2911 1866 2984">
    <p class='ocr_par' dir='ltr' id='par_1_28' title="bbox 278 2911 1866 2984">
     <span class='ocr_line' id='line_1_29' title="bbox 278 2911 1866 2984; baseline -0.002 -16"><span class='ocrx_word' id='word_1_203' title='bbox 278 2924 438 2968; x_wconf 86' lang='lat' dir='ltr'><strong>rator</strong></span> <span class='ocrx_word' id='word_1_204' title='bbox 466 2912 871 2969; x_wconf 83' lang='lat' dir='ltr'><strong>abdicationem</strong></span> <span class='ocrx_word' id='word_1_205' title='bbox 912 2914 1032 2984; x_wconf 83' lang='lat' dir='ltr'><strong>ejus</strong></span> <span class='ocrx_word' id='word_1_206' title='bbox 1065 2913 1284 2969; x_wconf 88' lang='lat' dir='ltr'><strong>occulte</strong></span> <span class='ocrx_word' id='word_1_207' title='bbox 1340 2921 1585 2981; x_wconf 69' lang='lat' dir='ltr'><strong>urgeret,</strong></span> <span class='ocrx_word' id='word_1_208' title='bbox 1611 2911 1761 2966; x_wconf 83' lang='lat' dir='ltr'><strong>libro</strong></span> <span class='ocrx_word' id='word_1_209' title='bbox 1790 2927 1866 2977; x_wconf 83' lang='lat' dir='ltr'><strong>tv,</strong></span> 
     </span>
    </p>
   </div>
   <div class='ocr_carea' id='block_1_29' title="bbox 278 3003 1868 3075">
    <p class='ocr_par' dir='ltr' id='par_1_29' title="bbox 278 3003 1868 3075">
     <span class='ocr_line' id='line_1_30' title="bbox 278 3003 1868 3075; baseline -0.004 -14"><span class='ocrx_word' id='word_1_210' title='bbox 278 3008 464 3075; x_wconf 76' lang='lat' dir='ltr'><strong>capite</strong></span> <span class='ocrx_word' id='word_1_211' title='bbox 498 3004 585 3072; x_wconf 85' lang='grc'><strong>18,</strong></span> <span class='ocrx_word' id='word_1_212' title='bbox 615 3005 895 3060; x_wconf 88' lang='lat' dir='ltr'><strong>subnectit</strong></span> <span class='ocrx_word' id='word_1_213' title='bbox 942 3005 1230 3074; x_wconf 85' lang='lat' dir='ltr'><strong>sequentia</strong></span> <span class='ocrx_word' id='word_1_214' title='bbox 1264 3019 1280 3057; x_wconf 89' lang='lat'><strong>:</strong></span> <span class='ocrx_word' id='word_1_215' title='bbox 1315 3003 1577 3059; x_wconf 71' lang='lat' dir='ltr'><strong>Craterum</strong></span> <span class='ocrx_word' id='word_1_216' title='bbox 1634 3003 1868 3072; x_wconf 81' lang='lat' dir='ltr'><strong>impera-</strong></span> 
     </span>
    </p>
   </div>
   <div class='ocr_carea' id='block_1_30' title="bbox 281 3094 1863 3169">
    <p class='ocr_par' dir='ltr' id='par_1_30' title="bbox 281 3094 1863 3169">
     <span class='ocr_line' id='line_1_31' title="bbox 281 3094 1863 3169; baseline -0.003 -17"><span class='ocrx_word' id='word_1_217' title='bbox 281 3108 412 3153; x_wconf 79' lang='lat' dir='ltr'><strong>tor.</strong></span> <span class='ocrx_word' id='word_1_218' title='bbox 456 3138 472 3153; x_wconf 91' lang='lat'><strong>.</strong></span> <span class='ocrx_word' id='word_1_219' title='bbox 510 3135 526 3152; x_wconf 89' lang='lat'><strong>.</strong></span> <span class='ocrx_word' id='word_1_220' title='bbox 585 3100 790 3169; x_wconf 76' lang='lat' dir='ltr'><strong>egregie</strong></span> <span class='ocrx_word' id='word_1_221' title='bbox 848 3099 1074 3168; x_wconf 83' lang='lat' dir='ltr'><strong>perstitit</strong></span> <span class='ocrx_word' id='word_1_222' title='bbox 1124 3097 1177 3150; x_wconf 86' lang='lat' dir='ltr'><strong>in</strong></span> <span class='ocrx_word' id='word_1_223' title='bbox 1232 3094 1574 3151; x_wconf 85' lang='lat' dir='ltr'><strong>simulatione</strong></span> <span class='ocrx_word' id='word_1_224' title='bbox 1656 3096 1863 3165; x_wconf 79' lang='lat' dir='ltr'><strong>fovendi</strong></span> 
     </span>
    </p>
   </div>
   <div class='ocr_carea' id='block_1_31' title="bbox 279 3190 1006 3261">
    <p class='ocr_par' dir='ltr' id='par_1_31' title="bbox 279 3190 1006 3261">
     <span class='ocr_line' id='line_1_32' title="bbox 279 3190 1006 3261; baseline 0.001 -17"><span class='ocrx_word' id='word_1_225' title='bbox 279 3190 688 3261; x_wconf 81' lang='lat' dir='ltr'><strong>protegendique</strong></span> <span class='ocrx_word' id='word_1_226' title='bbox 732 3192 906 3261; x_wconf 87' lang='lat' dir='ltr'><strong>ipsum</strong></span> <span class='ocrx_word' id='word_1_227' title='bbox 941 3232 953 3246; x_wconf 93' lang='lat'><strong>.</strong></span> <span class='ocrx_word' id='word_1_228' title='bbox 990 3229 1006 3245; x_wconf 93' lang='lat'><strong>.</strong></span> 
     </span>
    </p>
   </div>
   <div class='ocr_carea' id='block_1_32' title="bbox 282 3279 1868 3353">
    <p class='ocr_par' dir='ltr' id='par_1_32' title="bbox 282 3279 1868 3353">
     <span class='ocr_line' id='line_1_33' title="bbox 282 3279 1868 3353; baseline -0.001 -19"><span class='ocrx_word' id='word_1_229' title='bbox 282 3284 503 3353; x_wconf 71' lang='grc' dir='ltr'><strong>ἑορτῆς)</strong></span> <span class='ocrx_word' id='word_1_230' title='bbox 530 3282 851 3341; x_wconf 85' lang='lat' dir='ltr'><strong>Palmarum</strong></span> <span class='ocrx_word' id='word_1_231' title='bbox 882 3284 1034 3353; x_wconf 71' lang='lat' dir='ltr'><strong>(esto.</strong></span> <span class='ocrx_word' id='word_1_232' title='bbox 1081 3298 1182 3353; x_wconf 88' lang='lat' dir='ltr'><strong>quo</strong></span> <span class='ocrx_word' id='word_1_233' title='bbox 1229 3281 1477 3336; x_wconf 81' lang='lat' dir='ltr'><strong>solemnis</strong></span> <span class='ocrx_word' id='word_1_234' title='bbox 1504 3279 1628 3333; x_wconf 84' lang='lat' dir='ltr'><strong>duci</strong></span> <span class='ocrx_word' id='word_1_235' title='bbox 1655 3294 1748 3349; x_wconf 85' lang='lat' dir='ltr'><strong>per</strong></span> <span class='ocrx_word' id='word_1_236' title='bbox 1774 3296 1868 3333; x_wconf 54' lang='lat' dir='ltr'><strong>ur.</strong></span> 
     </span>
    </p>
   </div>
   <div class='ocr_carea' id='block_1_33' title="bbox 282 3372 1874 3444">
    <p class='ocr_par' dir='ltr' id='par_1_33' title="bbox 282 3372 1874 3444">
     <span class='ocr_line' id='line_1_34' title="bbox 282 3372 1874 3444; baseline -0.003 -13"><span class='ocrx_word' id='word_1_237' title='bbox 282 3378 398 3431; x_wconf 75' lang='lat' dir='ltr'><strong>bern</strong></span> <span class='ocrx_word' id='word_1_238' title='bbox 427 3377 751 3444; x_wconf 78' lang='lat' dir='ltr'><strong>supplicatio</strong></span> <span class='ocrx_word' id='word_1_239' title='bbox 773 3376 1045 3435; x_wconf 79' lang='lat' dir='ltr'><strong>consuevit</strong></span> <span class='ocrx_word' id='word_1_240' title='bbox 1075 3416 1090 3431; x_wconf 93' lang='lat'><strong>.</strong></span> <span class='ocrx_word' id='word_1_241' title='bbox 1127 3414 1144 3430; x_wconf 92' lang='lat'><strong>.</strong></span> <span class='ocrx_word' id='word_1_242' title='bbox 1187 3413 1202 3429; x_wconf 92' lang='lat'><strong>.</strong></span> <span class='ocrx_word' id='word_1_243' title='bbox 1242 3374 1387 3428; x_wconf 74' lang='lat' dir='ltr'><strong>misit</strong></span> <span class='ocrx_word' id='word_1_244' title='bbox 1420 3373 1511 3444; x_wconf 88' lang='lat' dir='ltr'><strong>(ad</strong></span> <span class='ocrx_word' id='word_1_245' title='bbox 1538 3372 1874 3428; x_wconf 84' lang='lat' dir='ltr'><strong>Germanum</strong></span> 
     </span>
    </p>
   </div>
   <div class='ocr_carea' id='block_1_34' title="bbox 284 3469 1878 3539">
    <p class='ocr_par' dir='ltr' id='par_1_34' title="bbox 284 3469 1878 3539">
     <span class='ocr_line' id='line_1_35' title="bbox 284 3469 1878 3539; baseline -0.004 -15"><span class='ocrx_word' id='word_1_246' title='bbox 284 3470 611 3539; x_wconf 83' lang='lat' dir='ltr'><strong>imperator)</strong></span> <span class='ocrx_word' id='word_1_247' title='bbox 687 3485 942 3539; x_wconf 87' lang='lat' dir='ltr'><strong>magnam</strong></span> <span class='ocrx_word' id='word_1_248' title='bbox 995 3469 1203 3539; x_wconf 80' lang='lat' dir='ltr'><strong>capiant</strong></span> <span class='ocrx_word' id='word_1_249' title='bbox 1281 3482 1434 3521; x_wconf 71' lang='lat' dir='ltr'><strong>cerere</strong></span> <span class='ocrx_word' id='word_1_250' title='bbox 1514 3474 1878 3535; x_wconf 72' lang='lat' dir='ltr'><strong>argenteaque</strong></span> 
     </span>
    </p>
   </div>
   <div class='ocr_carea' id='block_1_35' title="bbox 283 3558 1878 3635">
    <p class='ocr_par' dir='ltr' id='par_1_35' title="bbox 283 3558 1878 3635">
     <span class='ocr_line' id='line_1_36' title="bbox 283 3558 1878 3635; baseline -0.003 -18"><span class='ocrx_word' id='word_1_251' title='bbox 283 3574 585 3620; x_wconf 64' lang='lat' dir='ltr'><strong>monetae...</strong></span> <span class='ocrx_word' id='word_1_252' title='bbox 613 3581 774 3635; x_wconf 84' lang='lat' dir='ltr'><strong>quant</strong></span> <span class='ocrx_word' id='word_1_253' title='bbox 825 3565 1028 3634; x_wconf 84' lang='lat' dir='ltr'><strong>jactari</strong></span> <span class='ocrx_word' id='word_1_254' title='bbox 1056 3563 1220 3632; x_wconf 83' lang='lat' dir='ltr'><strong>jussit</strong></span> <span class='ocrx_word' id='word_1_255' title='bbox 1277 3563 1332 3616; x_wconf 88' lang='lat' dir='ltr'><strong>in</strong></span> <span class='ocrx_word' id='word_1_256' title='bbox 1385 3559 1658 3633; x_wconf 78' lang='lat' dir='ltr'><strong>populum.</strong></span> <span class='ocrx_word' id='word_1_257' title='bbox 1704 3558 1878 3613; x_wconf 70' lang='lat' dir='ltr'><strong>Grazci</strong></span> 
     </span>
    </p>
   </div>
   <div class='ocr_carea' id='block_1_36' title="bbox 284 3651 1876 3733">
    <p class='ocr_par' dir='ltr' id='par_1_36' title="bbox 284 3651 1876 3733">
     <span class='ocr_line' id='line_1_37' title="bbox 284 3651 1876 3733; baseline -0.003 -24"><span class='ocrx_word' id='word_1_258' title='bbox 284 3658 589 3725; x_wconf 83' lang='lat' dir='ltr'><strong>quotannis</strong></span> <span class='ocrx_word' id='word_1_259' title='bbox 619 3656 814 3725; x_wconf 76' lang='lat' dir='ltr'><strong>festum</strong></span> <span class='ocrx_word' id='word_1_260' title='bbox 854 3653 1171 3710; x_wconf 85' lang='lat' dir='ltr'><strong>Palmarum</strong></span> <span class='ocrx_word' id='word_1_261' title='bbox 1207 3654 1496 3710; x_wconf 89' lang='lat' dir='ltr'><strong>nobiscum</strong></span> <span class='ocrx_word' id='word_1_262' title='bbox 1531 3652 1680 3733; x_wconf 76' lang='lat' dir='ltr'><strong>circa</strong></span> <span class='ocrx_word' id='word_1_263' title='bbox 1712 3651 1876 3706; x_wconf 80' lang='lat' dir='ltr'><strong>linem</strong></span> 
     </span>
    </p>
   </div>
   <div class='ocr_carea' id='block_1_37' title="bbox 287 3745 1877 3822">
    <p class='ocr_par' dir='ltr' id='par_1_37' title="bbox 287 3745 1877 3822">
     <span class='ocr_line' id='line_1_38' title="bbox 287 3745 1877 3822; baseline -0.004 -16"><span class='ocrx_word' id='word_1_264' title='bbox 287 3751 744 3822; x_wconf 71' lang='lat' dir='ltr'><strong>Quadragesimae</strong></span> <span class='ocrx_word' id='word_1_265' title='bbox 790 3749 1096 3814; x_wconf 83' lang='lat' dir='ltr'><strong>celebrant,</strong></span> <span class='ocrx_word' id='word_1_266' title='bbox 1158 3757 1219 3802; x_wconf 93' lang='lat' dir='ltr'><strong>ut</strong></span> <span class='ocrx_word' id='word_1_267' title='bbox 1260 3749 1370 3803; x_wconf 88' lang='lat' dir='ltr'><strong>Leo</strong></span> <span class='ocrx_word' id='word_1_268' title='bbox 1397 3747 1636 3803; x_wconf 82' lang='lat' dir='ltr'><strong>Allatius</strong></span> <span class='ocrx_word' id='word_1_269' title='bbox 1668 3747 1724 3801; x_wconf 92' lang='lat' dir='ltr'><strong>in</strong></span> <span class='ocrx_word' id='word_1_270' title='bbox 1752 3745 1877 3801; x_wconf 86' lang='lat' dir='ltr'><strong>Dis-</strong></span> 
     </span>
    </p>
   </div>
   <div class='ocr_carea' id='block_1_38' title="bbox 286 3835 1883 3896">
    <p class='ocr_par' dir='ltr' id='par_1_38' title="bbox 286 3835 1883 3896">
     <span class='ocr_line' id='line_1_39' title="bbox 286 3835 1883 3896; baseline -0.002 -2"><span class='ocrx_word' id='word_1_271' title='bbox 286 3841 593 3896; x_wconf 85' lang='lat' dir='ltr'><strong>sertatione</strong></span> <span class='ocrx_word' id='word_1_272' title='bbox 640 3840 710 3895; x_wconf 88' lang='lat' dir='ltr'><strong>de</strong></span> <span class='ocrx_word' id='word_1_273' title='bbox 758 3839 1073 3894; x_wconf 84' lang='lat' dir='ltr'><strong>Dominicis.</strong></span> <span class='ocrx_word' id='word_1_274' title='bbox 1101 3849 1158 3894; x_wconf 89' lang='lat' dir='ltr'><strong>et</strong></span> <span class='ocrx_word' id='word_1_275' title='bbox 1191 3838 1641 3894; x_wconf 77' lang='lat' dir='ltr'><strong>Hebdomadibus</strong></span> <span class='ocrx_word' id='word_1_276' title='bbox 1665 3835 1883 3893; x_wconf 69' lang='lat' dir='ltr'><strong>Graeco-</strong></span> 
     </span>
    </p>
   </div>
   <div class='ocr_carea' id='block_1_39' title="bbox 289 3930 1880 3996">
    <p class='ocr_par' dir='ltr' id='par_1_39' title="bbox 289 3930 1880 3996">
     <span class='ocr_line' id='line_1_40' title="bbox 289 3930 1880 3996; baseline -0.002 -9"><span class='ocrx_word' id='word_1_277' title='bbox 289 3949 416 3988; x_wconf 88' lang='lat' dir='ltr'><strong>rum</strong></span> <span class='ocrx_word' id='word_1_278' title='bbox 452 3950 609 3990; x_wconf 90' lang='lat' dir='ltr'><strong>num.</strong></span> <span class='ocrx_word' id='word_1_279' title='bbox 644 3934 716 3990; x_wconf 86' lang='grc' dir='ltr'>2ο</span> <span class='ocrx_word' id='word_1_280' title='bbox 745 3941 981 3989; x_wconf 89' lang='lat' dir='ltr'><strong>testatur</strong></span> <span class='ocrx_word' id='word_1_281' title='bbox 1016 3932 1151 3987; x_wconf 88' lang='lat' dir='ltr'><strong>:ubi</strong></span> <span class='ocrx_word' id='word_1_282' title='bbox 1209 3932 1378 3988; x_wconf 87' lang='lat' dir='ltr'><strong>etiam</strong></span> <span class='ocrx_word' id='word_1_283' title='bbox 1416 3939 1610 3996; x_wconf 88' lang='lat' dir='ltr'><strong>notat,</strong></span> <span class='ocrx_word' id='word_1_284' title='bbox 1648 3939 1781 3985; x_wconf 90' lang='lat' dir='ltr'><strong>tunc</strong></span> <span class='ocrx_word' id='word_1_285' title='bbox 1809 3930 1880 3985; x_wconf 86' lang='lat' dir='ltr'><strong>ab</strong></span> 
     </span>
    </p>
   </div>
   <div class='ocr_carea' id='block_1_40' title="bbox 290 4022 1881 4097">
    <p class='ocr_par' dir='ltr' id='par_1_40' title="bbox 290 4022 1881 4097">
     <span class='ocr_line' id='line_1_41' title="bbox 290 4022 1881 4097; baseline -0.003 -15"><span class='ocrx_word' id='word_1_286' title='bbox 290 4028 725 4097; x_wconf 85' lang='lat' dir='ltr'><strong>imperatoribus</strong></span> <span class='ocrx_word' id='word_1_287' title='bbox 783 4036 853 4082; x_wconf 13' lang='lat' dir='ltr'><strong>et.</strong></span> <span class='ocrx_word' id='word_1_288' title='bbox 884 4025 1219 4097; x_wconf 70' lang='lat' dir='ltr'><strong>patriarchis</strong></span> <span class='ocrx_word' id='word_1_289' title='bbox 1245 4022 1881 4093; x_wconf 82' lang='lat' dir='ltr'><strong>Constantinopolitanis</strong></span> 
     </span>
    </p>
   </div>
   <div class='ocr_carea' id='block_1_41' title="bbox 291 4117 1882 4192">
    <p class='ocr_par' dir='ltr' id='par_1_41' title="bbox 291 4117 1882 4192">
     <span class='ocr_line' id='line_1_42' title="bbox 291 4117 1882 4192; baseline -0.003 -16"><span class='ocrx_word' id='word_1_290' title='bbox 291 4124 439 4177; x_wconf 91' lang='lat' dir='ltr'><strong>dona</strong></span> <span class='ocrx_word' id='word_1_291' title='bbox 508 4121 761 4192; x_wconf 71' lang='lat' dir='ltr'><strong>quaedam</strong></span> <span class='ocrx_word' id='word_1_292' title='bbox 817 4120 1024 4189; x_wconf 84' lang='lat' dir='ltr'><strong>populo</strong></span> <span class='ocrx_word' id='word_1_293' title='bbox 1091 4118 1353 4172; x_wconf 74' lang='lat' dir='ltr'><strong>distribui</strong></span> <span class='ocrx_word' id='word_1_294' title='bbox 1394 4117 1882 4172; x_wconf 76' lang='lat' dir='ltr'><strong>consucvisse.At</strong></span> 
     </span>
    </p>
   </div>
   <div class='ocr_carea' id='block_1_42' title="bbox 292 4205 1882 4285">
    <p class='ocr_par' dir='ltr' id='par_1_42' title="bbox 292 4205 1882 4285">
     <span class='ocr_line' id='line_1_43' title="bbox 292 4205 1882 4285; baseline -0.006 -15"><span class='ocrx_word' id='word_1_295' title='bbox 292 4216 574 4285; x_wconf 89' lang='lat' dir='ltr'><strong>quomodo</strong></span> <span class='ocrx_word' id='word_1_296' title='bbox 604 4213 913 4269; x_wconf 85' lang='lat' dir='ltr'><strong>Germanus</strong></span> <span class='ocrx_word' id='word_1_297' title='bbox 935 4211 1273 4282; x_wconf 80' lang='lat' dir='ltr'><strong>patriarcha,</strong></span> <span class='ocrx_word' id='word_1_298' title='bbox 1323 4209 1458 4281; x_wconf 46' lang='lat'><strong>38.</strong></span> <span class='ocrx_word' id='word_1_299' title='bbox 1487 4210 1720 4263; x_wconf 76' lang='lat' dir='ltr'><strong>instante</strong></span> <span class='ocrx_word' id='word_1_300' title='bbox 1745 4205 1882 4262; x_wconf 60' lang='lat' dir='ltr'><strong>Pal.</strong></span> 
     </span>
    </p>
   </div>
   <div class='ocr_carea' id='block_1_43' title="bbox 295 4303 1883 4378">
    <p class='ocr_par' dir='ltr' id='par_1_43' title="bbox 295 4303 1883 4378">
     <span class='ocr_line' id='line_1_44' title="bbox 295 4303 1883 4378; baseline -0.003 -17"><span class='ocrx_word' id='word_1_301' title='bbox 295 4324 508 4361; x_wconf 80' lang='lat' dir='ltr'><strong>marum</strong></span> <span class='ocrx_word' id='word_1_302' title='bbox 535 4308 692 4378; x_wconf 72' lang='lat' dir='ltr'><strong>festo,</strong></span> <span class='ocrx_word' id='word_1_303' title='bbox 722 4322 981 4361; x_wconf 87' lang='lat' dir='ltr'><strong>nummos</strong></span> <span class='ocrx_word' id='word_1_304' title='bbox 1007 4306 1270 4376; x_wconf 84' lang='lat' dir='ltr'><strong>dispersit</strong></span> <span class='ocrx_word' id='word_1_305' title='bbox 1301 4305 1353 4359; x_wconf 89' lang='lat' dir='ltr'><strong>in</strong></span> <span class='ocrx_word' id='word_1_306' title='bbox 1389 4305 1629 4375; x_wconf 86' lang='lat' dir='ltr'><strong>plebem,</strong></span> <span class='ocrx_word' id='word_1_307' title='bbox 1670 4304 1716 4359; x_wconf 89' lang='lat' dir='ltr'><strong>si</strong></span> <span class='ocrx_word' id='word_1_308' title='bbox 1737 4303 1883 4359; x_wconf 85' lang='lat' dir='ltr'><strong>dun-</strong></span> 
     </span>
    </p>
   </div>
   <div class='ocr_carea' id='block_1_44' title="bbox 294 4396 1881 4471">
    <p class='ocr_par' dir='ltr' id='par_1_44' title="bbox 294 4396 1881 4471">
     <span class='ocr_line' id='line_1_45' title="bbox 294 4396 1881 4471; baseline -0.001 -18"><span class='ocrx_word' id='word_1_309' title='bbox 294 4412 448 4456; x_wconf 74' lang='lat' dir='ltr'><strong>taxat</strong></span> <span class='ocrx_word' id='word_1_310' title='bbox 496 4417 530 4456; x_wconf 85' lang='lat' dir='ltr'><strong>a</strong></span> <span class='ocrx_word' id='word_1_311' title='bbox 578 4402 711 4471; x_wconf 77' lang='lat' dir='ltr'><strong>{esto</strong></span> <span class='ocrx_word' id='word_1_312' title='bbox 762 4401 1092 4455; x_wconf 73' lang='lat' dir='ltr'><strong>Pentecostes</strong></span> <span class='ocrx_word' id='word_1_313' title='bbox 1157 4415 1334 4466; x_wconf 87' lang='lat' dir='ltr'><strong>usque</strong></span> <span class='ocrx_word' id='word_1_314' title='bbox 1385 4399 1453 4453; x_wconf 89' lang='lat' dir='ltr'><strong>ad</strong></span> <span class='ocrx_word' id='word_1_315' title='bbox 1490 4397 1740 4452; x_wconf 87' lang='lat' dir='ltr'><strong>medium</strong></span> <span class='ocrx_word' id='word_1_316' title='bbox 1764 4396 1881 4452; x_wconf 79' lang='lat' dir='ltr'><strong>fere</strong></span> 
     </span>
    </p>
   </div>
   <div class='ocr_carea' id='block_1_45' title="bbox 294 4489 1882 4565">
    <p class='ocr_par' dir='ltr' id='par_1_45' title="bbox 294 4489 1882 4565">
     <span class='ocr_line' id='line_1_46' title="bbox 294 4489 1882 4565; baseline -0.003 -17"><span class='ocrx_word' id='word_1_317' title='bbox 294 4494 655 4565; x_wconf 67' lang='lat' dir='ltr'><strong>Septembrem</strong></span> <span class='ocrx_word' id='word_1_318' title='bbox 715 4493 964 4565; x_wconf 82' lang='lat' dir='ltr'><strong>ejusdem</strong></span> <span class='ocrx_word' id='word_1_319' title='bbox 1023 4492 1152 4547; x_wconf 78' lang='lat' dir='ltr'><strong>anni</strong></span> <span class='ocrx_word' id='word_1_320' title='bbox 1201 4489 1570 4554; x_wconf 72' lang='lat' dir='ltr'><strong>1267,tribns</strong></span> <span class='ocrx_word' id='word_1_321' title='bbox 1600 4490 1882 4546; x_wconf 65' lang='lat' dir='ltr'><strong>mensibus</strong></span> 
     </span>
    </p>
   </div>
   <div class='ocr_carea' id='block_1_46' title="bbox 1965 606 3554 670">
    <p class='ocr_par' dir='ltr' id='par_1_46' title="bbox 1965 606 3554 670">
     <span class='ocr_line' id='line_1_47' title="bbox 1965 606 3554 670; baseline -0.005 -8"><span class='ocrx_word' id='word_1_322' title='bbox 1965 624 2109 665; x_wconf 89' lang='lat' dir='ltr'><strong>anno</strong></span> <span class='ocrx_word' id='word_1_323' title='bbox 2136 609 2339 666; x_wconf 80' lang='lat' dir='ltr'><strong>Christi</strong></span> <span class='ocrx_word' id='word_1_324' title='bbox 2378 610 2511 667; x_wconf 83' lang='grc'>1267</span> <span class='ocrx_word' id='word_1_325' title='bbox 2541 621 2799 666; x_wconf 84' lang='lat' dir='ltr'><strong>occurret</strong></span> <span class='ocrx_word' id='word_1_326' title='bbox 2829 609 3026 663; x_wconf 83' lang='lat' dir='ltr'><strong>festum</strong></span> <span class='ocrx_word' id='word_1_327' title='bbox 3061 606 3392 663; x_wconf 84' lang='lat' dir='ltr'><strong>Palmarnm,</strong></span> <span class='ocrx_word' id='word_1_328' title='bbox 3442 615 3554 670; x_wconf 81' lang='lat' dir='ltr'><strong>quo</strong></span> 
     </span>
    </p>
   </div>
   <div class='ocr_carea' id='block_1_47' title="bbox 1963 695 3554 776">
    <p class='ocr_par' dir='ltr' id='par_1_47' title="bbox 1963 695 3554 776">
     <span class='ocr_line' id='line_1_48' title="bbox 1963 695 3554 776; baseline -0.008 -20"><span class='ocrx_word' id='word_1_329' title='bbox 1963 704 2277 772; x_wconf 88' lang='lat' dir='ltr'><strong>patriarcha</strong></span> <span class='ocrx_word' id='word_1_330' title='bbox 2318 705 2410 761; x_wconf 85' lang='lat' dir='ltr'><strong>ille</strong></span> <span class='ocrx_word' id='word_1_331' title='bbox 2435 706 2727 776; x_wconf 87' lang='lat' dir='ltr'><strong>pecuniam</strong></span> <span class='ocrx_word' id='word_1_332' title='bbox 2780 717 3040 772; x_wconf 81' lang='lat' dir='ltr'><strong>spargere</strong></span> <span class='ocrx_word' id='word_1_333' title='bbox 3087 695 3353 768; x_wconf 82' lang='lat' dir='ltr'><strong>potuerit.</strong></span> <span class='ocrx_word' id='word_1_334' title='bbox 3396 695 3554 749; x_wconf 78' lang='lat' dir='ltr'><strong>Atla-</strong></span> 
     </span>
    </p>
   </div>
   <div class='ocr_carea' id='block_1_48' title="bbox 1966 786 3555 853">
    <p class='ocr_par' dir='ltr' id='par_1_48' title="bbox 1966 786 3555 853">
     <span class='ocr_line' id='line_1_49' title="bbox 1966 786 3555 853; baseline -0.007 -3"><span class='ocrx_word' id='word_1_335' title='bbox 1966 813 2090 852; x_wconf 90' lang='lat' dir='ltr'><strong>men</strong></span> <span class='ocrx_word' id='word_1_336' title='bbox 2144 797 2291 852; x_wconf 80' lang='lat' dir='ltr'><strong>circa</strong></span> <span class='ocrx_word' id='word_1_337' title='bbox 2345 798 2676 853; x_wconf 85' lang='lat' dir='ltr'><strong>alterutrum</strong></span> <span class='ocrx_word' id='word_1_338' title='bbox 2703 811 2911 851; x_wconf 88' lang='lat' dir='ltr'><strong>annum</strong></span> <span class='ocrx_word' id='word_1_339' title='bbox 2958 792 3099 847; x_wconf 84' lang='lat' dir='ltr'><strong>nihil</strong></span> <span class='ocrx_word' id='word_1_340' title='bbox 3130 790 3384 845; x_wconf 84' lang='lat' dir='ltr'><strong>absolute</strong></span> <span class='ocrx_word' id='word_1_341' title='bbox 3420 786 3555 841; x_wconf 72' lang='grc' dir='ltr'><strong>(Μὶ-</strong></span> 
     </span>
    </p>
   </div>
   <div class='ocr_carea' id='block_1_49' title="bbox 1967 881 3556 952">
    <p class='ocr_par' dir='ltr' id='par_1_49' title="bbox 1967 881 3556 952">
     <span class='ocr_line' id='line_1_50' title="bbox 1967 881 3556 952; baseline -0.005 -10"><span class='ocrx_word' id='word_1_342' title='bbox 1967 888 2060 942; x_wconf 90' lang='lat' dir='ltr'><strong>nio</strong></span> <span class='ocrx_word' id='word_1_343' title='bbox 2094 925 2110 943; x_wconf 93' lang='lat'><strong>.</strong></span> <span class='ocrx_word' id='word_1_344' title='bbox 2142 925 2159 943; x_wconf 89' lang='lat'><strong>.</strong></span> <span class='ocrx_word' id='word_1_345' title='bbox 2204 927 2219 942; x_wconf 96' lang='lat'><strong>.</strong></span> <span class='ocrx_word' id='word_1_346' title='bbox 2258 927 2272 943; x_wconf 92' lang='lat'><strong>.</strong></span> <span class='ocrx_word' id='word_1_347' title='bbox 2317 889 2497 944; x_wconf 90' lang='lat' dir='ltr'><strong>donec</strong></span> <span class='ocrx_word' id='word_1_348' title='bbox 2549 890 2677 943; x_wconf 87' lang='lat' dir='ltr'><strong>huic</strong></span> <span class='ocrx_word' id='word_1_349' title='bbox 2738 887 2889 943; x_wconf 87' lang='lat' dir='ltr'><strong>nodo</strong></span> <span class='ocrx_word' id='word_1_350' title='bbox 2942 882 3269 942; x_wconf 80' lang='lat' dir='ltr'><strong>extricando</strong></span> <span class='ocrx_word' id='word_1_351' title='bbox 3324 881 3556 952; x_wconf 85' lang='lat' dir='ltr'><strong>peritior</strong></span> 
     </span>
    </p>
   </div>
   <div class='ocr_carea' id='block_1_50' title="bbox 1968 980 2595 1035">
    <p class='ocr_par' dir='ltr' id='par_1_50' title="bbox 1968 980 2595 1035">
     <span class='ocr_line' id='line_1_51' title="bbox 1968 980 2595 1035; baseline -0.002 -2"><span class='ocrx_word' id='word_1_352' title='bbox 1968 995 2162 1034; x_wconf 86' lang='lat' dir='ltr'><strong>manus</strong></span> <span class='ocrx_word' id='word_1_353' title='bbox 2196 980 2549 1035; x_wconf 87' lang='lat' dir='ltr'><strong>adhibeatur.</strong></span> <span class='ocrx_word' id='word_1_354' title='bbox 2578 999 2595 1032; x_wconf 73' lang='grc' dir='ltr'><strong><em>ι</em></strong></span> 
     </span>
    </p>
   </div>
   <div class='ocr_carea' id='block_1_51' title="bbox 2041 1065 3552 1144">
    <p class='ocr_par' dir='ltr' id='par_1_51' title="bbox 2041 1065 3552 1144">
     <span class='ocr_line' id='line_1_52' title="bbox 2041 1065 3552 1144; baseline -0.005 -17"><span class='ocrx_word' id='word_1_355' title='bbox 2041 1074 2370 1128; x_wconf 70' lang='lat' dir='ltr'><strong>l‘critiurem</strong></span> <span class='ocrx_word' id='word_1_356' title='bbox 2401 1090 2487 1128; x_wconf 89' lang='lat' dir='ltr'><strong>me</strong></span> <span class='ocrx_word' id='word_1_357' title='bbox 2519 1073 2783 1129; x_wconf 83' lang='lat' dir='ltr'><strong>adh‘ib‘ere</strong></span> <span class='ocrx_word' id='word_1_358' title='bbox 2808 1086 2970 1144; x_wconf 79' lang='lat' dir='ltr'><strong>posse</strong></span> <span class='ocrx_word' id='word_1_359' title='bbox 3002 1084 3250 1137; x_wconf 88' lang='lat' dir='ltr'><strong>manum,</strong></span> <span class='ocrx_word' id='word_1_360' title='bbox 3287 1065 3552 1123; x_wconf 78' lang='lat' dir='ltr'><strong>audacior</strong></span> 
     </span>
    </p>
   </div>
   <div class='ocr_carea' id='block_1_52' title="bbox 1969 1154 3549 1230">
    <p class='ocr_par' dir='ltr' id='par_1_52' title="bbox 1969 1154 3549 1230">
     <span class='ocr_line' id='line_1_53' title="bbox 1969 1154 3549 1230; baseline -0.008 -13"><span class='ocrx_word' id='word_1_361' title='bbox 1969 1161 2191 1225; x_wconf 58' lang='lat' dir='ltr'><strong>interim,</strong></span> <span class='ocrx_word' id='word_1_362' title='bbox 2221 1162 2267 1216; x_wconf 86' lang='lat' dir='ltr'><strong>si</strong></span> <span class='ocrx_word' id='word_1_363' title='bbox 2297 1162 2512 1219; x_wconf 78' lang='lat' dir='ltr'><strong>dixero.</strong></span> <span class='ocrx_word' id='word_1_364' title='bbox 2543 1163 2798 1216; x_wconf 88' lang='lat' dir='ltr'><strong>Attamen</strong></span> <span class='ocrx_word' id='word_1_365' title='bbox 2859 1159 3033 1230; x_wconf 78' lang='lat' dir='ltr'><strong>gratis</strong></span> <span class='ocrx_word' id='word_1_366' title='bbox 3066 1156 3298 1214; x_wconf 88' lang='lat' dir='ltr'><strong>omnino</strong></span> <span class='ocrx_word' id='word_1_367' title='bbox 3334 1154 3549 1208; x_wconf 85' lang='lat' dir='ltr'><strong>diceret</strong></span> 
     </span>
    </p>
   </div>
   <div class='ocr_carea' id='block_1_53' title="bbox 1969 1244 3550 1326">
    <p class='ocr_par' dir='ltr' id='par_1_53' title="bbox 1969 1244 3550 1326">
     <span class='ocr_line' id='line_1_54' title="bbox 1969 1244 3550 1326; baseline -0.007 -16"><span class='ocrx_word' id='word_1_368' title='bbox 1969 1256 2267 1326; x_wconf 80' lang='lat' dir='ltr'><strong>quispiam,</strong></span> <span class='ocrx_word' id='word_1_369' title='bbox 2330 1254 2560 1311; x_wconf 68' lang='lat' dir='ltr'><strong>Iunium</strong></span> <span class='ocrx_word' id='word_1_370' title='bbox 2650 1269 2895 1310; x_wconf 90' lang='lat' dir='ltr'><strong>mensem</strong></span> <span class='ocrx_word' id='word_1_371' title='bbox 2970 1268 3071 1325; x_wconf 92' lang='lat' dir='ltr'><strong>pro</strong></span> <span class='ocrx_word' id='word_1_372' title='bbox 3143 1264 3330 1306; x_wconf 90' lang='lat' dir='ltr'><strong>mense</strong></span> <span class='ocrx_word' id='word_1_373' title='bbox 3404 1244 3550 1301; x_wconf 80' lang='lat' dir='ltr'><strong>Maio</strong></span> 
     </span>
    </p>
   </div>
   <div class='ocr_carea' id='block_1_54' title="bbox 1970 1340 3550 1419">
    <p class='ocr_par' dir='ltr' id='par_1_54' title="bbox 1970 1340 3550 1419">
     <span class='ocr_line' id='line_1_55' title="bbox 1970 1340 3550 1419; baseline -0.008 -14"><span class='ocrx_word' id='word_1_374' title='bbox 1970 1351 2236 1419; x_wconf 73' lang='lat' dir='ltr'><strong>scriptum</strong></span> <span class='ocrx_word' id='word_1_375' title='bbox 2288 1347 2677 1414; x_wconf 72' lang='lat' dir='ltr'><strong>fuisse,.cum</strong></span> <span class='ocrx_word' id='word_1_376' title='bbox 2735 1346 2920 1403; x_wconf 89' lang='lat' dir='ltr'><strong>nullus</strong></span> <span class='ocrx_word' id='word_1_377' title='bbox 2983 1340 3242 1401; x_wconf 85' lang='lat' dir='ltr'><strong>occurrat</strong></span> <span class='ocrx_word' id='word_1_378' title='bbox 3294 1350 3550 1397; x_wconf 84' lang='lat' dir='ltr'><strong>vetustus</strong></span> 
     </span>
    </p>
   </div>
   <div class='ocr_carea' id='block_1_55' title="bbox 1970 1435 3549 1515">
    <p class='ocr_par' dir='ltr' id='par_1_55' title="bbox 1970 1435 3549 1515">
     <span class='ocr_line' id='line_1_56' title="bbox 1970 1435 3549 1515; baseline -0.006 -20"><span class='ocrx_word' id='word_1_379' title='bbox 1970 1441 2164 1503; x_wconf 81' lang='lat' dir='ltr'><strong>codex,</strong></span> <span class='ocrx_word' id='word_1_380' title='bbox 2222 1441 2315 1510; x_wconf 80' lang='lat' dir='ltr'><strong>qu‘i</strong></span> <span class='ocrx_word' id='word_1_381' title='bbox 2372 1440 2579 1515; x_wconf 71' lang='lat' dir='ltr'><strong>variata</strong></span> <span class='ocrx_word' id='word_1_382' title='bbox 2623 1440 2859 1509; x_wconf 87' lang='lat' dir='ltr'><strong>aliquam</strong></span> <span class='ocrx_word' id='word_1_383' title='bbox 2891 1435 3208 1508; x_wconf 86' lang='lat' dir='ltr'><strong>suppeditet</strong></span> <span class='ocrx_word' id='word_1_384' title='bbox 3233 1435 3549 1490; x_wconf 87' lang='lat' dir='ltr'><strong>lectionem.</strong></span> 
     </span>
    </p>
   </div>
   <div class='ocr_carea' id='block_1_56' title="bbox 1970 1523 3552 1600">
    <p class='ocr_par' dir='ltr' id='par_1_56' title="bbox 1970 1523 3552 1600">
     <span class='ocr_line' id='line_1_57' title="bbox 1970 1523 3552 1600; baseline -0.008 -12"><span class='ocrx_word' id='word_1_385' title='bbox 1970 1532 2202 1588; x_wconf 85' lang='lat' dir='ltr'><strong>Nomine</strong></span> <span class='ocrx_word' id='word_1_386' title='bbox 2254 1530 2446 1588; x_wconf 61' lang='lat' dir='ltr'><strong>Graeco</strong></span> <span class='ocrx_word' id='word_1_387' title='bbox 2477 1530 2981 1600; x_wconf 72' lang='grc' dir='ltr'><strong>Μαιμακτηριῶνος</strong></span> <span class='ocrx_word' id='word_1_388' title='bbox 3008 1526 3306 1598; x_wconf 87' lang='lat' dir='ltr'><strong>aliquando</strong></span> <span class='ocrx_word' id='word_1_389' title='bbox 3340 1523 3552 1594; x_wconf 77' lang='lat' dir='ltr'><strong>signiﬁ-</strong></span> 
     </span>
    </p>
   </div>
   <div class='ocr_carea' id='block_1_57' title="bbox 1971 1617 3552 1694">
    <p class='ocr_par' dir='ltr' id='par_1_57' title="bbox 1971 1617 3552 1694">
     <span class='ocr_line' id='line_1_58' title="bbox 1971 1617 3552 1694; baseline -0.006 -16"><span class='ocrx_word' id='word_1_390' title='bbox 1971 1626 2082 1679; x_wconf 69' lang='lat' dir='ltr'><strong>cari</strong></span> <span class='ocrx_word' id='word_1_391' title='bbox 2106 1623 2306 1678; x_wconf 80' lang='lat' dir='ltr'><strong>Maiam</strong></span> <span class='ocrx_word' id='word_1_392' title='bbox 2337 1622 2479 1693; x_wconf 85' lang='lat' dir='ltr'><strong>apud</strong></span> <span class='ocrx_word' id='word_1_393' title='bbox 2517 1624 2928 1694; x_wconf 82' lang='lat' dir='ltr'><strong>Pachymerem.</strong></span> <span class='ocrx_word' id='word_1_394' title='bbox 2972 1619 3304 1675; x_wconf 86' lang='lat' dir='ltr'><strong>imbecillior</strong></span> <span class='ocrx_word' id='word_1_395' title='bbox 3334 1617 3552 1686; x_wconf 76' lang='lat' dir='ltr'><strong>conjec-</strong></span> 
     </span>
    </p>
   </div>
   <div class='ocr_carea' id='block_1_58' title="bbox 1974 1700 3555 1785">
    <p class='ocr_par' dir='ltr' id='par_1_58' title="bbox 1974 1700 3555 1785">
     <span class='ocr_line' id='line_1_59' title="bbox 1974 1700 3555 1785; baseline -0.006 -13"><span class='ocrx_word' id='word_1_396' title='bbox 1974 1725 2094 1772; x_wconf 87' lang='lat' dir='ltr'><strong>tura</strong></span> <span class='ocrx_word' id='word_1_397' title='bbox 2126 1717 2285 1778; x_wconf 86' lang='lat' dir='ltr'><strong>l&#39;oret,</strong></span> <span class='ocrx_word' id='word_1_398' title='bbox 2319 1700 2479 1785; x_wconf 69' lang='lat' dir='ltr'><strong>quem</strong></span> <span class='ocrx_word' id='word_1_399' title='bbox 2511 1715 2991 1771; x_wconf 79' lang='lat' dir='ltr'><strong>conStaatissimus</strong></span> <span class='ocrx_word' id='word_1_400' title='bbox 3016 1713 3216 1768; x_wconf 79' lang='lat' dir='ltr'><strong>evertit</strong></span> <span class='ocrx_word' id='word_1_401' title='bbox 3243 1725 3376 1765; x_wconf 73' lang='lat' dir='ltr'><strong>usus</strong></span> <span class='ocrx_word' id='word_1_402' title='bbox 3407 1710 3555 1779; x_wconf 77' lang='lat' dir='ltr'><strong>ejus-</strong></span> 
     </span>
    </p>
   </div>
   <div class='ocr_carea' id='block_1_59' title="bbox 1972 1803 3556 1877">
    <p class='ocr_par' dir='ltr' id='par_1_59' title="bbox 1972 1803 3556 1877">
     <span class='ocr_line' id='line_1_60' title="bbox 1972 1803 3556 1877; baseline -0.007 -13"><span class='ocrx_word' id='word_1_403' title='bbox 1972 1807 2096 1864; x_wconf 89' lang='lat' dir='ltr'><strong>dem</strong></span> <span class='ocrx_word' id='word_1_404' title='bbox 2126 1809 2395 1874; x_wconf 80' lang='lat' dir='ltr'><strong>bistoriei,</strong></span> <span class='ocrx_word' id='word_1_405' title='bbox 2440 1823 2658 1872; x_wconf 76' lang='lat' dir='ltr'><strong>menses</strong></span> <span class='ocrx_word' id='word_1_406' title='bbox 2690 1810 2814 1861; x_wconf 85' lang='lat' dir='ltr'><strong>anni</strong></span> <span class='ocrx_word' id='word_1_407' title='bbox 2866 1806 3089 1877; x_wconf 76' lang='lat' dir='ltr'><strong>prpprio</strong></span> <span class='ocrx_word' id='word_1_408' title='bbox 3120 1803 3358 1874; x_wconf 82' lang='lat' dir='ltr'><strong>quodam</strong></span> <span class='ocrx_word' id='word_1_409' title='bbox 3404 1816 3556 1854; x_wconf 84' lang='lat' dir='ltr'><strong>more</strong></span> 
     </span>
    </p>
   </div>
   <div class='ocr_carea' id='block_1_60' title="bbox 1971 1895 3559 1972">
    <p class='ocr_par' dir='ltr' id='par_1_60' title="bbox 1971 1895 3559 1972">
     <span class='ocr_line' id='line_1_61' title="bbox 1971 1895 3559 1972; baseline -0.007 -15"><span class='ocrx_word' id='word_1_410' title='bbox 1971 1902 2296 1972; x_wconf 77' lang='lat' dir='ltr'><strong>appellantis</strong></span> <span class='ocrx_word' id='word_1_411' title='bbox 2355 1904 2404 1956; x_wconf 89' lang='lat'><strong>1.</strong></span> <span class='ocrx_word' id='word_1_412' title='bbox 2456 1901 2915 1972; x_wconf 69' lang='grc' dir='ltr'><strong>Ἑκατομϐαιῶνα</strong></span> <span class='ocrx_word' id='word_1_413' title='bbox 2938 1941 2953 1960; x_wconf 82' lang='lat'><strong>,</strong></span> <span class='ocrx_word' id='word_1_414' title='bbox 2981 1898 3329 1953; x_wconf 71' lang='lat' dir='ltr'><strong>Ianuarium.</strong></span> <span class='ocrx_word' id='word_1_415' title='bbox 3364 1896 3420 1950; x_wconf 81' lang='lat'><strong>‘2.</strong></span> <span class='ocrx_word' id='word_1_416' title='bbox 3451 1895 3559 1947; x_wconf 70' lang='grc' dir='ltr'><strong>Λν-</strong></span> 
     </span>
    </p>
   </div>
   <div class='ocr_carea' id='block_1_61' title="bbox 1970 1979 3554 2059">
    <p class='ocr_par' dir='ltr' id='par_1_61' title="bbox 1970 1979 3554 2059">
     <span class='ocr_line' id='line_1_62' title="bbox 1970 1979 3554 2059; baseline -0.009 -12"><span class='ocrx_word' id='word_1_417' title='bbox 1970 1994 2196 2054; x_wconf 80' lang='grc' dir='ltr'><strong>ναιῶνοι.</strong></span> <span class='ocrx_word' id='word_1_418' title='bbox 2255 1989 2637 2045; x_wconf 83' lang='lat' dir='ltr'><strong>Februarium.</strong></span> <span class='ocrx_word' id='word_1_419' title='bbox 2716 1990 2771 2045; x_wconf 81' lang='grc'>3.</span> <span class='ocrx_word' id='word_1_420' title='bbox 2852 1990 3106 2059; x_wconf 64' lang='grc' dir='ltr'><strong>Χρόνιον,</strong></span> <span class='ocrx_word' id='word_1_421' title='bbox 3167 1985 3440 2040; x_wconf 81' lang='lat' dir='ltr'><strong>Martium.</strong></span> <span class='ocrx_word' id='word_1_422' title='bbox 3500 1979 3554 2033; x_wconf 73' lang='grc' dir='ltr'>ι.</span> 
     </span>
    </p>
   </div>
   <div class='ocr_carea' id='block_1_62' title="bbox 1971 2075 3555 2156">
    <p class='ocr_par' dir='ltr' id='par_1_62' title="bbox 1971 2075 3555 2156">
     <span class='ocr_line' id='line_1_63' title="bbox 1971 2075 3555 2156; baseline -0.006 -19"><span class='ocrx_word' id='word_1_423' title='bbox 1971 2084 2386 2156; x_wconf 78' lang='grc' dir='ltr'><strong>Βοηδρομιῶνα,</strong></span> <span class='ocrx_word' id='word_1_424' title='bbox 2451 2082 2711 2153; x_wconf 74' lang='lat' dir='ltr'><strong>Aprilem.</strong></span> <span class='ocrx_word' id='word_1_425' title='bbox 2791 2082 2845 2136; x_wconf 79' lang='lat'><strong>5.</strong></span> <span class='ocrx_word' id='word_1_426' title='bbox 2905 2078 3290 2145; x_wconf 62' lang='grc' dir='ltr'><strong>Πυανεψιῶνα,</strong></span> <span class='ocrx_word' id='word_1_427' title='bbox 3329 2075 3555 2130; x_wconf 82' lang='lat' dir='ltr'><strong>Maium.</strong></span> 
     </span>
    </p>
   </div>
   <div class='ocr_carea' id='block_1_63' title="bbox 1970 2166 3556 2246">
    <p class='ocr_par' dir='ltr' id='par_1_63' title="bbox 1970 2166 3556 2246">
     <span class='ocr_line' id='line_1_64' title="bbox 1970 2166 3556 2246; baseline -0.009 -14"><span class='ocrx_word' id='word_1_428' title='bbox 1970 2177 2024 2232; x_wconf 80' lang='lat'><strong>6.</strong></span> <span class='ocrx_word' id='word_1_429' title='bbox 2093 2176 2601 2246; x_wconf 73' lang='grc' dir='ltr'><strong>Μαιμακτηριῶνα.</strong></span> <span class='ocrx_word' id='word_1_430' title='bbox 2657 2174 2902 2229; x_wconf 70' lang='lat' dir='ltr'><strong>Iunium.</strong></span> <span class='ocrx_word' id='word_1_431' title='bbox 2969 2174 3021 2226; x_wconf 87' lang='lat'><strong>7.</strong></span> <span class='ocrx_word' id='word_1_432' title='bbox 3085 2166 3556 2237; x_wconf 66' lang='grc' dir='ltr'><strong>⁸Ανθεεῐττηριῶνα.</strong></span> 
     </span>
    </p>
   </div>
   <div class='ocr_carea' id='block_1_64' title="bbox 1969 2256 3554 2335">
    <p class='ocr_par' dir='ltr' id='par_1_64' title="bbox 1969 2256 3554 2335">
     <span class='ocr_line' id='line_1_65' title="bbox 1969 2256 3554 2335; baseline -0.007 -16"><span class='ocrx_word' id='word_1_433' title='bbox 1969 2264 2197 2320; x_wconf 75' lang='lat' dir='ltr'><strong>Iulium.</strong></span> <span class='ocrx_word' id='word_1_434' title='bbox 2228 2256 2580 2335; x_wconf 68' lang='grc' dir='ltr'><strong>Γαμηλίὥνα,</strong></span> <span class='ocrx_word' id='word_1_435' title='bbox 2603 2260 2979 2333; x_wconf 79' lang='lat' dir='ltr'><strong>Septembrem.</strong></span> <span class='ocrx_word' id='word_1_436' title='bbox 3000 2261 3056 2315; x_wconf 86' lang='lat'><strong>9.</strong></span> <span class='ocrx_word' id='word_1_437' title='bbox 3088 2256 3554 2328; x_wconf 67' lang='grc' dir='ltr'><strong>Ἐλαφηϐολιῶνα,</strong></span> 
     </span>
    </p>
   </div>
   <div class='ocr_carea' id='block_1_65' title="bbox 1969 2348 3561 2426">
    <p class='ocr_par' dir='ltr' id='par_1_65' title="bbox 1969 2348 3561 2426">
     <span class='ocr_line' id='line_1_66' title="bbox 1969 2348 3561 2426; baseline -0.009 -14"><span class='ocrx_word' id='word_1_438' title='bbox 1969 2355 2261 2413; x_wconf 85' lang='lat' dir='ltr'><strong>Octobrem.</strong></span> <span class='ocrx_word' id='word_1_439' title='bbox 2295 2354 2383 2411; x_wconf 78' lang='grc'><strong>10.</strong></span> <span class='ocrx_word' id='word_1_440' title='bbox 2416 2355 2845 2426; x_wconf 54' lang='grc' dir='ltr'><strong>Μουννυχιῶνα.</strong></span> <span class='ocrx_word' id='word_1_441' title='bbox 2868 2351 3233 2408; x_wconf 70' lang='lat' dir='ltr'><strong>Nouembrem.</strong></span> <span class='ocrx_word' id='word_1_442' title='bbox 3281 2349 3368 2402; x_wconf 87' lang='grc'><strong>11.</strong></span> <span class='ocrx_word' id='word_1_443' title='bbox 3396 2348 3561 2417; x_wconf 75' lang='grc' dir='ltr'>Σκιῤ-</span> 
     </span>
    </p>
   </div>
   <div class='ocr_carea' id='block_1_66' title="bbox 1974 2440 3561 2521">
    <p class='ocr_par' dir='ltr' id='par_1_66' title="bbox 1974 2440 3561 2521">
     <span class='ocr_line' id='line_1_67' title="bbox 1974 2440 3561 2521; baseline -0.007 -17"><span class='ocrx_word' id='word_1_444' title='bbox 1974 2440 2307 2521; x_wconf 69' lang='grc' dir='ltr'><strong>ρςῗφοριῶνα,</strong></span> <span class='ocrx_word' id='word_1_445' title='bbox 2362 2448 2726 2503; x_wconf 77' lang='lat' dir='ltr'><strong>Decembrem.</strong></span> <span class='ocrx_word' id='word_1_446' title='bbox 2795 2445 3292 2517; x_wconf 73' lang='lat' dir='ltr'><strong>Paehymerianum</strong></span> <span class='ocrx_word' id='word_1_447' title='bbox 3349 2440 3561 2494; x_wconf 73' lang='lat' dir='ltr'><strong>tuens-is</strong></span> 
     </span>
    </p>
   </div>
   <div class='ocr_carea' id='block_1_67' title="bbox 1969 2531 3563 2612">
    <p class='ocr_par' dir='ltr' id='par_1_67' title="bbox 1969 2531 3563 2612">
     <span class='ocr_line' id='line_1_68' title="bbox 1969 2531 3563 2612; baseline -0.006 -17"><span class='ocrx_word' id='word_1_448' title='bbox 1969 2542 2205 2612; x_wconf 66' lang='lat' dir='ltr'><strong>Augusti</strong></span> <span class='ocrx_word' id='word_1_449' title='bbox 2260 2553 2465 2597; x_wconf 83' lang='lat' dir='ltr'><strong>nomen</strong></span> <span class='ocrx_word' id='word_1_450' title='bbox 2529 2557 2638 2596; x_wconf 90' lang='lat' dir='ltr'><strong>non</strong></span> <span class='ocrx_word' id='word_1_451' title='bbox 2692 2550 2924 2612; x_wconf 82' lang='lat' dir='ltr'><strong>apparet</strong></span> <span class='ocrx_word' id='word_1_452' title='bbox 2961 2546 3077 2593; x_wconf 89' lang='lat' dir='ltr'><strong>toto</strong></span> <span class='ocrx_word' id='word_1_453' title='bbox 3112 2539 3166 2590; x_wconf 92' lang='lat' dir='ltr'><strong>in</strong></span> <span class='ocrx_word' id='word_1_454' title='bbox 3210 2550 3400 2607; x_wconf 84' lang='lat' dir='ltr'><strong>opere.</strong></span> <span class='ocrx_word' id='word_1_455' title='bbox 3437 2531 3563 2587; x_wconf 69' lang='lat' dir='ltr'><strong>llwc</strong></span> 
     </span>
    </p>
   </div>
   <div class='ocr_carea' id='block_1_68' title="bbox 1970 2628 3560 2711">
    <p class='ocr_par' dir='ltr' id='par_1_68' title="bbox 1970 2628 3560 2711">
     <span class='ocr_line' id='line_1_69' title="bbox 1970 2628 3560 2711; baseline -0.007 -21"><span class='ocrx_word' id='word_1_456' title='bbox 1970 2635 2195 2711; x_wconf 68' lang='lat' dir='ltr'><strong>singula</strong></span> <span class='ocrx_word' id='word_1_457' title='bbox 2239 2635 2483 2691; x_wconf 84' lang='lat' dir='ltr'><strong>illustrat</strong></span> <span class='ocrx_word' id='word_1_458' title='bbox 2518 2634 2744 2690; x_wconf 83' lang='lat' dir='ltr'><strong>nomina</strong></span> <span class='ocrx_word' id='word_1_459' title='bbox 2807 2633 3073 2688; x_wconf 89' lang='lat' dir='ltr'><strong>Pessinus</strong></span> <span class='ocrx_word' id='word_1_460' title='bbox 3116 2630 3168 2684; x_wconf 90' lang='lat' dir='ltr'><strong>in</strong></span> <span class='ocrx_word' id='word_1_461' title='bbox 3203 2628 3560 2685; x_wconf 76' lang='lat' dir='ltr'><strong>Ohservatio~</strong></span> 
     </span>
    </p>
   </div>
   <div class='ocr_carea' id='block_1_69' title="bbox 1970 2726 2716 2798">
    <p class='ocr_par' dir='ltr' id='par_1_69' title="bbox 1970 2726 2716 2798">
     <span class='ocr_line' id='line_1_70' title="bbox 1970 2726 2716 2798; baseline 0.003 -16"><span class='ocrx_word' id='word_1_462' title='bbox 1970 2729 2136 2783; x_wconf 80' lang='lat' dir='ltr'><strong>nibus</strong></span> <span class='ocrx_word' id='word_1_463' title='bbox 2161 2727 2303 2784; x_wconf 89' lang='lat' dir='ltr'><strong>libro</strong></span> <span class='ocrx_word' id='word_1_464' title='bbox 2345 2742 2427 2791; x_wconf 78' lang='lat' dir='ltr'><strong>in,</strong></span> <span class='ocrx_word' id='word_1_465' title='bbox 2456 2728 2637 2798; x_wconf 71' lang='lat' dir='ltr'><strong>capite</strong></span> <span class='ocrx_word' id='word_1_466' title='bbox 2664 2726 2716 2784; x_wconf 89' lang='lat'><strong>1.</strong></span> 
     </span>
    </p>
   </div>
   <div class='ocr_carea' id='block_1_70' title="bbox 2039 2814 3553 2889">
    <p class='ocr_par' dir='ltr' id='par_1_70' title="bbox 2039 2814 3553 2889">
     <span class='ocr_line' id='line_1_71' title="bbox 2039 2814 3553 2889; baseline -0.005 -16"><span class='ocrx_word' id='word_1_467' title='bbox 2039 2819 2230 2888; x_wconf 80' lang='lat' dir='ltr'><strong>itaque</strong></span> <span class='ocrx_word' id='word_1_468' title='bbox 2263 2819 2466 2874; x_wconf 87' lang='lat' dir='ltr'><strong>nodum</strong></span> <span class='ocrx_word' id='word_1_469' title='bbox 2499 2834 2621 2889; x_wconf 72' lang='lat' dir='ltr'><strong>ego,</strong></span> <span class='ocrx_word' id='word_1_470' title='bbox 2657 2833 2760 2873; x_wconf 86' lang='lat' dir='ltr'><strong>nec</strong></span> <span class='ocrx_word' id='word_1_471' title='bbox 2816 2814 3139 2873; x_wconf 83' lang='lat' dir='ltr'><strong>secandum.</strong></span> <span class='ocrx_word' id='word_1_472' title='bbox 3186 2814 3553 2870; x_wconf 61' lang='lat' dir='ltr'><strong>nee-solvam</strong></span> 
     </span>
    </p>
   </div>
   <div class='ocr_carea' id='block_1_71' title="bbox 1970 2904 3555 2981">
    <p class='ocr_par' dir='ltr' id='par_1_71' title="bbox 1970 2904 3555 2981">
     <span class='ocr_line' id='line_1_72' title="bbox 1970 2904 3555 2981; baseline 0.001 -17"><span class='ocrx_word' id='word_1_473' title='bbox 1970 2908 2124 2976; x_wconf 89' lang='lat' dir='ltr'><strong>dum,</strong></span> <span class='ocrx_word' id='word_1_474' title='bbox 2158 2911 2326 2965; x_wconf 85' lang='lat' dir='ltr'><strong>ullum</strong></span> <span class='ocrx_word' id='word_1_475' title='bbox 2364 2911 2547 2966; x_wconf 71' lang='lat' dir='ltr'><strong>video.</strong></span> <span class='ocrx_word' id='word_1_476' title='bbox 2578 2909 2777 2965; x_wconf 69' lang='lat' dir='ltr'><strong>Nosne</strong></span> <span class='ocrx_word' id='word_1_477' title='bbox 2809 2926 3048 2981; x_wconf 86' lang='lat' dir='ltr'><strong>namque</strong></span> <span class='ocrx_word' id='word_1_478' title='bbox 3080 2904 3555 2978; x_wconf 82' lang='lat' dir='ltr'><strong>chronographia.</strong></span> 
     </span>
    </p>
   </div>
   <div class='ocr_carea' id='block_1_72' title="bbox 1969 3000 3559 3076">
    <p class='ocr_par' dir='ltr' id='par_1_72' title="bbox 1969 3000 3559 3076">
     <span class='ocr_line' id='line_1_73' title="bbox 1969 3000 3559 3076; baseline -0.003 -20"><span class='ocrx_word' id='word_1_479' title='bbox 1969 3004 2438 3076; x_wconf 83' lang='lat' dir='ltr'><strong>quemadmodum</strong></span> <span class='ocrx_word' id='word_1_480' title='bbox 2515 3002 2776 3059; x_wconf 81' lang='lat' dir='ltr'><strong>Germani</strong></span> <span class='ocrx_word' id='word_1_481' title='bbox 2816 3004 3146 3074; x_wconf 69' lang='lat' dir='ltr'><strong>patriarcha:</strong></span> <span class='ocrx_word' id='word_1_482' title='bbox 3179 3000 3559 3071; x_wconf 79' lang='lat' dir='ltr'><strong>inauguratio-</strong></span> 
     </span>
    </p>
   </div>
   <div class='ocr_carea' id='block_1_73' title="bbox 1972 3095 3560 3154">
    <p class='ocr_par' dir='ltr' id='par_1_73' title="bbox 1972 3095 3560 3154">
     <span class='ocr_line' id='line_1_74' title="bbox 1972 3095 3560 3154; baseline 0.001 -2"><span class='ocrx_word' id='word_1_483' title='bbox 1972 3113 2095 3152; x_wconf 87' lang='lat' dir='ltr'><strong>nem</strong></span> <span class='ocrx_word' id='word_1_484' title='bbox 2158 3099 2223 3154; x_wconf 89' lang='lat' dir='ltr'><strong>ad</strong></span> <span class='ocrx_word' id='word_1_485' title='bbox 2286 3114 2495 3154; x_wconf 90' lang='lat' dir='ltr'><strong>annum</strong></span> <span class='ocrx_word' id='word_1_486' title='bbox 2549 3098 2729 3154; x_wconf 77' lang='lat' dir='ltr'><strong>refert</strong></span> <span class='ocrx_word' id='word_1_487' title='bbox 2782 3098 2918 3153; x_wconf 64' lang='grc'>1264</span> <span class='ocrx_word' id='word_1_488' title='bbox 2964 3107 3020 3153; x_wconf 83' lang='grc' dir='ltr'><strong>οι</strong></span> <span class='ocrx_word' id='word_1_489' title='bbox 3059 3097 3126 3151; x_wconf 87' lang='lat' dir='ltr'><strong>ad</strong></span> <span class='ocrx_word' id='word_1_490' title='bbox 3162 3095 3560 3153; x_wconf 81' lang='lat' dir='ltr'><strong>Pcntccosten.</strong></span> 
     </span>
    </p>
   </div>
   <div class='ocr_carea' id='block_1_74' title="bbox 1046 3188 1874 3267">
    <p class='ocr_par' dir='ltr' id='par_1_74' title="bbox 1046 3188 1869 3260">
     <span class='ocr_line' id='line_1_75' title="bbox 1046 3188 1869 3260; baseline -0.01 -15"><span class='ocrx_word' id='word_1_491' title='bbox 1046 3229 1061 3245; x_wconf 89' lang='lat'><strong>.</strong></span> <span class='ocrx_word' id='word_1_492' title='bbox 1094 3188 1337 3245; x_wconf 82' lang='lat' dir='ltr'><strong>Instante</strong></span> <span class='ocrx_word' id='word_1_493' title='bbox 1390 3189 1507 3260; x_wconf 79' lang='grc' dir='ltr'><strong>(τῆς</strong></span> <span class='ocrx_word' id='word_1_494' title='bbox 1541 3188 1649 3240; x_wconf 82' lang='grc' dir='ltr'><strong>τῶν</strong></span> <span class='ocrx_word' id='word_1_495' title='bbox 1693 3188 1869 3242; x_wconf 70' lang='grc' dir='ltr'>Βαῒων</span> 
     </span>
    </p>
   </div>
   <div class='ocr_carea' id='block_1_75' title="bbox 1982 3188 3613 3267">
    <p class='ocr_par' dir='ltr' id='par_1_75' title="bbox 1982 3189 3613 3262">
     <span class='ocr_line' id='line_1_76' title="bbox 1982 3189 3613 3262; baseline -0.002 -18"><span class='ocrx_word' id='word_1_496' title='bbox 1982 3207 2094 3262; x_wconf 75' lang='lat' dir='ltr'><strong>qua:</strong></span> <span class='ocrx_word' id='word_1_497' title='bbox 2140 3206 2287 3246; x_wconf 83' lang='lat' dir='ltr'><strong>anno</strong></span> <span class='ocrx_word' id='word_1_498' title='bbox 2342 3192 2438 3247; x_wconf 81' lang='lat' dir='ltr'><strong>illo</strong></span> <span class='ocrx_word' id='word_1_499' title='bbox 2461 3207 2650 3247; x_wconf 87' lang='lat' dir='ltr'><strong>mense</strong></span> <span class='ocrx_word' id='word_1_500' title='bbox 2683 3190 2848 3248; x_wconf 70' lang='lat' dir='ltr'><strong>iunio</strong></span> <span class='ocrx_word' id='word_1_501' title='bbox 2873 3191 3149 3248; x_wconf 85' lang='lat' dir='ltr'><strong>celebrata</strong></span> <span class='ocrx_word' id='word_1_502' title='bbox 3174 3199 3259 3245; x_wconf 87' lang='lat' dir='ltr'><strong>est</strong></span> <span class='ocrx_word' id='word_1_503' title='bbox 3289 3205 3304 3243; x_wconf 89' lang='lat'><strong>:</strong></span> <span class='ocrx_word' id='word_1_504' title='bbox 3341 3190 3414 3244; x_wconf 87' lang='lat' dir='ltr'><strong>ita</strong></span> <span class='ocrx_word' id='word_1_505' title='bbox 3453 3189 3613 3242; x_wconf 79' lang='lat' dir='ltr'><strong>duo,</strong></span> 
     </span>
    </p>
   </div>
   <div class='ocr_carea' id='block_1_76' title="bbox 1976 3284 3565 3355">
    <p class='ocr_par' dir='ltr' id='par_1_76' title="bbox 1976 3284 3565 3355">
     <span class='ocr_line' id='line_1_77' title="bbox 1976 3284 3565 3355; baseline -0.004 -14"><span class='ocrx_word' id='word_1_506' title='bbox 1976 3286 2201 3341; x_wconf 78' lang='lat' dir='ltr'><strong>exhibet</strong></span> <span class='ocrx_word' id='word_1_507' title='bbox 2250 3286 2563 3341; x_wconf 82' lang='lat' dir='ltr'><strong>Palmarum</strong></span> <span class='ocrx_word' id='word_1_508' title='bbox 2626 3287 2787 3355; x_wconf 78' lang='lat' dir='ltr'><strong>festa,</strong></span> <span class='ocrx_word' id='word_1_509' title='bbox 2846 3300 2994 3341; x_wconf 89' lang='lat' dir='ltr'><strong>anno</strong></span> <span class='ocrx_word' id='word_1_510' title='bbox 3028 3284 3162 3339; x_wconf 75' lang='grc'>1265</span> <span class='ocrx_word' id='word_1_511' title='bbox 3206 3285 3470 3354; x_wconf 86' lang='lat' dir='ltr'><strong>primum,</strong></span> <span class='ocrx_word' id='word_1_512' title='bbox 3506 3292 3565 3336; x_wconf 86' lang='lat' dir='ltr'><strong>et</strong></span> 
     </span>
    </p>
   </div>
   <div class='ocr_carea' id='block_1_77' title="bbox 1978 3377 3562 3449">
    <p class='ocr_par' dir='ltr' id='par_1_77' title="bbox 1978 3377 3562 3449">
     <span class='ocr_line' id='line_1_78' title="bbox 1978 3377 3562 3449; baseline -0.002 -17"><span class='ocrx_word' id='word_1_513' title='bbox 1978 3392 2127 3433; x_wconf 83' lang='lat' dir='ltr'><strong>anno</strong></span> <span class='ocrx_word' id='word_1_514' title='bbox 2198 3378 2340 3434; x_wconf 66' lang='lat'><strong>19.66</strong></span> <span class='ocrx_word' id='word_1_515' title='bbox 2395 3380 2657 3447; x_wconf 83' lang='lat' dir='ltr'><strong>alterum,</strong></span> <span class='ocrx_word' id='word_1_516' title='bbox 2715 3394 2827 3449; x_wconf 91' lang='lat' dir='ltr'><strong>quo</strong></span> <span class='ocrx_word' id='word_1_517' title='bbox 2854 3390 3134 3449; x_wconf 78' lang='lat' dir='ltr'><strong>acceptam</strong></span> <span class='ocrx_word' id='word_1_518' title='bbox 3163 3377 3232 3432; x_wconf 89' lang='lat' dir='ltr'><strong>ab</strong></span> <span class='ocrx_word' id='word_1_519' title='bbox 3262 3378 3562 3447; x_wconf 85' lang='lat' dir='ltr'><strong>imperato-</strong></span> 
     </span>
    </p>
   </div>
   <div class='ocr_carea' id='block_1_78' title="bbox 1980 3468 3562 3543">
    <p class='ocr_par' dir='ltr' id='par_1_78' title="bbox 1980 3468 3562 3543">
     <span class='ocr_line' id='line_1_79' title="bbox 1980 3468 3562 3543; baseline -0.003 -16"><span class='ocrx_word' id='word_1_520' title='bbox 1980 3488 2040 3527; x_wconf 78' lang='lat' dir='ltr'><strong>re</strong></span> <span class='ocrx_word' id='word_1_521' title='bbox 2083 3470 2375 3541; x_wconf 87' lang='lat' dir='ltr'><strong>pecuniam</strong></span> <span class='ocrx_word' id='word_1_522' title='bbox 2412 3474 2616 3543; x_wconf 92' lang='lat' dir='ltr'><strong>populo</strong></span> <span class='ocrx_word' id='word_1_523' title='bbox 2671 3480 2941 3542; x_wconf 76' lang='lat' dir='ltr'><strong>erogavit.</strong></span> <span class='ocrx_word' id='word_1_524' title='bbox 2971 3471 3089 3528; x_wconf 85' lang='lat' dir='ltr'><strong>Una</strong></span> <span class='ocrx_word' id='word_1_525' title='bbox 3130 3481 3388 3542; x_wconf 80' lang='lat' dir='ltr'><strong>superest</strong></span> <span class='ocrx_word' id='word_1_526' title='bbox 3422 3468 3562 3523; x_wconf 77' lang='lat' dir='ltr'><strong>ditii-</strong></span> 
     </span>
    </p>
   </div>
   <div class='ocr_carea' id='block_1_79' title="bbox 1979 3563 3559 3634">
    <p class='ocr_par' dir='ltr' id='par_1_79' title="bbox 1979 3563 3559 3634">
     <span class='ocr_line' id='line_1_80' title="bbox 1979 3563 3559 3634; baseline -0.001 -16"><span class='ocrx_word' id='word_1_527' title='bbox 1979 3565 2156 3619; x_wconf 80' lang='lat' dir='ltr'><strong>eultas</strong></span> <span class='ocrx_word' id='word_1_528' title='bbox 2196 3564 2265 3619; x_wconf 89' lang='lat' dir='ltr'><strong>de</strong></span> <span class='ocrx_word' id='word_1_529' title='bbox 2326 3579 2472 3619; x_wconf 88' lang='lat' dir='ltr'><strong>anno</strong></span> <span class='ocrx_word' id='word_1_530' title='bbox 2525 3581 2636 3634; x_wconf 90' lang='lat' dir='ltr'><strong>quo</strong></span> <span class='ocrx_word' id='word_1_531' title='bbox 2662 3566 3099 3634; x_wconf 87' lang='lat' dir='ltr'><strong>patriarchatum</strong></span> <span class='ocrx_word' id='word_1_532' title='bbox 3129 3563 3408 3619; x_wconf 84' lang='lat' dir='ltr'><strong>abdicavit</strong></span> <span class='ocrx_word' id='word_1_533' title='bbox 3440 3563 3559 3632; x_wconf 85' lang='lat' dir='ltr'><strong>ipse</strong></span> 
     </span>
    </p>
   </div>
   <div class='ocr_carea' id='block_1_80' title="bbox 1979 3655 3557 3727">
    <p class='ocr_par' dir='ltr' id='par_1_80' title="bbox 1979 3655 3557 3727">
     <span class='ocr_line' id='line_1_81' title="bbox 1979 3655 3557 3727; baseline -0.003 -15"><span class='ocrx_word' id='word_1_534' title='bbox 1979 3655 2305 3724; x_wconf 86' lang='lat' dir='ltr'><strong>Germanus,</strong></span> <span class='ocrx_word' id='word_1_535' title='bbox 2368 3672 2433 3712; x_wconf 80' lang='lat' dir='ltr'><strong>ac</strong></span> <span class='ocrx_word' id='word_1_536' title='bbox 2482 3657 2746 3727; x_wconf 88' lang='lat' dir='ltr'><strong>indeptus</strong></span> <span class='ocrx_word' id='word_1_537' title='bbox 2792 3667 2877 3712; x_wconf 86' lang='lat' dir='ltr'><strong>est</strong></span> <span class='ocrx_word' id='word_1_538' title='bbox 2915 3657 3189 3726; x_wconf 75' lang='lat' dir='ltr'><strong>Josephus</strong></span> <span class='ocrx_word' id='word_1_539' title='bbox 3228 3656 3502 3710; x_wconf 81' lang='lat' dir='ltr'><strong>Galesiota</strong></span> <span class='ocrx_word' id='word_1_540' title='bbox 3542 3673 3557 3708; x_wconf 88' lang='lat'><strong>:</strong></span> 
     </span>
    </p>
   </div>
   <div class='ocr_carea' id='block_1_81' title="bbox 1980 3748 3561 3821">
    <p class='ocr_par' dir='ltr' id='par_1_81' title="bbox 1980 3748 3561 3821">
     <span class='ocr_line' id='line_1_82' title="bbox 1980 3748 3561 3821; baseline -0.001 -20"><span class='ocrx_word' id='word_1_541' title='bbox 1980 3765 2142 3821; x_wconf 86' lang='lat' dir='ltr'><strong>quem</strong></span> <span class='ocrx_word' id='word_1_542' title='bbox 2196 3765 2297 3820; x_wconf 70' lang='lat' dir='ltr'><strong>ego</strong></span> <span class='ocrx_word' id='word_1_543' title='bbox 2355 3749 2400 3804; x_wconf 81' lang='lat' dir='ltr'><strong>si</strong></span> <span class='ocrx_word' id='word_1_544' title='bbox 2460 3749 2952 3815; x_wconf 87' lang='lat' dir='ltr'><strong>demonstravero,</strong></span> <span class='ocrx_word' id='word_1_545' title='bbox 3006 3750 3382 3804; x_wconf 80' lang='lat' dir='ltr'><strong>deﬁniendum</strong></span> <span class='ocrx_word' id='word_1_546' title='bbox 3451 3748 3561 3818; x_wconf 78' lang='lat'><strong>39</strong></span> 
     </span>
    </p>
   </div>
   <div class='ocr_carea' id='block_1_82' title="bbox 1980 3842 3565 3913">
    <p class='ocr_par' dir='ltr' id='par_1_82' title="bbox 1980 3842 3565 3913">
     <span class='ocr_line' id='line_1_83' title="bbox 1980 3842 3565 3913; baseline -0.002 -15"><span class='ocrx_word' id='word_1_547' title='bbox 1980 3858 2105 3898; x_wconf 86' lang='lat' dir='ltr'><strong>esse</strong></span> <span class='ocrx_word' id='word_1_548' title='bbox 2161 3858 2367 3896; x_wconf 87' lang='lat' dir='ltr'><strong>annum</strong></span> <span class='ocrx_word' id='word_1_549' title='bbox 2421 3858 2546 3896; x_wconf 72' lang='lat' dir='ltr'><strong>terte</strong></span> <span class='ocrx_word' id='word_1_550' title='bbox 2600 3843 2845 3911; x_wconf 74' lang='lat' dir='ltr'><strong>vulgaris</strong></span> <span class='ocrx_word' id='word_1_551' title='bbox 2890 3843 3049 3907; x_wconf 75' lang='grc'>1266,</span> <span class='ocrx_word' id='word_1_552' title='bbox 3088 3842 3141 3895; x_wconf 88' lang='lat' dir='ltr'><strong>in</strong></span> <span class='ocrx_word' id='word_1_553' title='bbox 3188 3842 3565 3913; x_wconf 68' lang='lat' dir='ltr'><strong>tutojami-nt</strong></span> 
     </span>
    </p>
   </div>
   <div class='ocr_carea' id='block_1_83' title="bbox 1984 3934 3560 4005">
    <p class='ocr_par' dir='ltr' id='par_1_83' title="bbox 1984 3934 3560 4005">
     <span class='ocr_line' id='line_1_84' title="bbox 1984 3934 3560 4005; baseline 0 -16"><span class='ocrx_word' id='word_1_554' title='bbox 1984 3936 2579 3991; x_wconf 85' lang='lat' dir='ltr'><strong>hactenusconstituta</strong></span> <span class='ocrx_word' id='word_1_555' title='bbox 2610 3934 3055 4005; x_wconf 77' lang='lat' dir='ltr'><strong>patriarcharum</strong></span> <span class='ocrx_word' id='word_1_556' title='bbox 3089 3935 3560 4005; x_wconf 79' lang='lat' dir='ltr'><strong>chronographiu.</strong></span> 
     </span>
    </p>
   </div>
   <div class='ocr_carea' id='block_1_84' title="bbox 1982 4027 2286 4098">
    <p class='ocr_par' dir='ltr' id='par_1_84' title="bbox 1982 4027 2286 4098">
     <span class='ocr_line' id='line_1_85' title="bbox 1982 4027 2286 4098; baseline 0.007 -18"><span class='ocrx_word' id='word_1_557' title='bbox 1982 4027 2095 4098; x_wconf 67' lang='lat' dir='ltr'><strong>Age</strong></span> <span class='ocrx_word' id='word_1_558' title='bbox 2132 4042 2286 4084; x_wconf 86' lang='lat' dir='ltr'><strong>vero.</strong></span> 
     </span>
    </p>
   </div>
   <div class='ocr_carea' id='block_1_85' title="bbox 2060 4116 3566 4191">
    <p class='ocr_par' dir='ltr' id='par_1_85' title="bbox 2060 4116 3566 4191">
     <span class='ocr_line' id='line_1_86' title="bbox 2060 4116 3566 4191; baseline 0 -21"><span class='ocrx_word' id='word_1_559' title='bbox 2060 4116 2146 4172; x_wconf 77' lang='lat' dir='ltr'><strong>IV.</strong></span> <span class='ocrx_word' id='word_1_560' title='bbox 2214 4117 2544 4174; x_wconf 79' lang='lat' dir='ltr'><strong>Narrantem</strong></span> <span class='ocrx_word' id='word_1_561' title='bbox 2601 4118 2920 4178; x_wconf 78' lang='lat' dir='ltr'><strong>audivimus</strong></span> <span class='ocrx_word' id='word_1_562' title='bbox 2971 4117 3365 4191; x_wconf 84' lang='lat' dir='ltr'><strong>Pachymerem</strong></span> <span class='ocrx_word' id='word_1_563' title='bbox 3420 4116 3566 4173; x_wconf 74' lang='lat' dir='ltr'><strong>libro</strong></span> 
     </span>
    </p>
   </div>
   <div class='ocr_carea' id='block_1_86' title="bbox 1984 4210 3567 4283">
    <p class='ocr_par' dir='ltr' id='par_1_86' title="bbox 1984 4210 3567 4283">
     <span class='ocr_line' id='line_1_87' title="bbox 1984 4210 3567 4283; baseline 0.001 -18"><span class='ocrx_word' id='word_1_564' title='bbox 1984 4226 2060 4275; x_wconf 83' lang='lat' dir='ltr'><strong>tv,</strong></span> <span class='ocrx_word' id='word_1_565' title='bbox 2093 4210 2274 4281; x_wconf 83' lang='lat' dir='ltr'><strong>capite</strong></span> <span class='ocrx_word' id='word_1_566' title='bbox 2302 4210 2394 4276; x_wconf 81' lang='grc'>21,</span> <span class='ocrx_word' id='word_1_567' title='bbox 2418 4227 2556 4283; x_wconf 79' lang='lat' dir='ltr'><strong>suas</strong></span> <span class='ocrx_word' id='word_1_568' title='bbox 2588 4212 2643 4267; x_wconf 90' lang='lat' dir='ltr'><strong>in</strong></span> <span class='ocrx_word' id='word_1_569' title='bbox 2686 4212 2915 4267; x_wconf 87' lang='lat' dir='ltr'><strong>cellulas</strong></span> <span class='ocrx_word' id='word_1_570' title='bbox 2957 4211 3292 4267; x_wconf 85' lang='lat' dir='ltr'><strong>Germanum</strong></span> <span class='ocrx_word' id='word_1_571' title='bbox 3329 4224 3459 4266; x_wconf 86' lang='lat' dir='ltr'><strong>sese.</strong></span> <span class='ocrx_word' id='word_1_572' title='bbox 3481 4227 3567 4266; x_wconf 86' lang='lat' dir='ltr'><strong>rc-</strong></span> 
     </span>
    </p>
   </div>
   <div class='ocr_carea' id='block_1_87' title="bbox 1981 4302 3557 4375">
    <p class='ocr_par' dir='ltr' id='par_1_87' title="bbox 1981 4302 3557 4375">
     <span class='ocr_line' id='line_1_88' title="bbox 1981 4302 3557 4375; baseline 0.001 -19"><span class='ocrx_word' id='word_1_573' title='bbox 1981 4304 2194 4373; x_wconf 84' lang='lat' dir='ltr'><strong>ecpisse</strong></span> <span class='ocrx_word' id='word_1_574' title='bbox 2221 4302 2513 4373; x_wconf 80' lang='lat' dir='ltr'><strong>Septembri</strong></span> <span class='ocrx_word' id='word_1_575' title='bbox 2544 4321 2741 4372; x_wconf 83' lang='lat' dir='ltr'><strong>mense,</strong></span> <span class='ocrx_word' id='word_1_576' title='bbox 2769 4307 2823 4360; x_wconf 90' lang='lat' dir='ltr'><strong>in</strong></span> <span class='ocrx_word' id='word_1_577' title='bbox 2860 4305 2991 4375; x_wconf 75' lang='lat' dir='ltr'><strong>festo</strong></span> <span class='ocrx_word' id='word_1_578' title='bbox 3019 4306 3338 4360; x_wconf 79' lang='lat' dir='ltr'><strong>ueneranda:</strong></span> <span class='ocrx_word' id='word_1_579' title='bbox 3363 4304 3557 4369; x_wconf 82' lang='lat' dir='ltr'><strong>crucis,</strong></span> 
     </span>
    </p>
   </div>
   <div class='ocr_carea' id='block_1_88' title="bbox 1983 4394 3557 4467">
    <p class='ocr_par' dir='ltr' id='par_1_88' title="bbox 1983 4394 3557 4467">
     <span class='ocr_line' id='line_1_89' title="bbox 1983 4394 3557 4467; baseline 0 -19"><span class='ocrx_word' id='word_1_580' title='bbox 1983 4394 2129 4462; x_wconf 86' lang='lat' dir='ltr'><strong>quod</strong></span> <span class='ocrx_word' id='word_1_581' title='bbox 2154 4394 2559 4450; x_wconf 63' lang='lat' dir='ltr'><strong>Exultationem</strong></span> <span class='ocrx_word' id='word_1_582' title='bbox 2616 4398 2982 4467; x_wconf 81' lang='lat' dir='ltr'><strong>appellamus,</strong></span> <span class='ocrx_word' id='word_1_583' title='bbox 3012 4399 3095 4452; x_wconf 84' lang='lat' dir='ltr'><strong>die</strong></span> <span class='ocrx_word' id='word_1_584' title='bbox 3127 4397 3557 4467; x_wconf 85' lang='lat' dir='ltr'><strong>quartadecima.</strong></span> 
     </span>
    </p>
   </div>
   <div class='ocr_carea' id='block_1_89' title="bbox 1985 4489 3565 4565">
    <p class='ocr_par' dir='ltr' id='par_1_89' title="bbox 1985 4489 3565 4565">
     <span class='ocr_line' id='line_1_90' title="bbox 1985 4489 3565 4565; baseline 0.001 -22"><span class='ocrx_word' id='word_1_585' title='bbox 1985 4489 2499 4548; x_wconf 65' lang='lat' dir='ltr'><strong>llistoriamtesere</strong></span> <span class='ocrx_word' id='word_1_586' title='bbox 2548 4495 2728 4565; x_wconf 83' lang='lat' dir='ltr'><strong>pergit</strong></span> <span class='ocrx_word' id='word_1_587' title='bbox 2777 4495 2868 4551; x_wconf 89' lang='lat' dir='ltr'><strong>ille</strong></span> <span class='ocrx_word' id='word_1_588' title='bbox 2924 4496 3104 4560; x_wconf 84' lang='lat' dir='ltr'><strong>capite</strong></span> <span class='ocrx_word' id='word_1_589' title='bbox 3158 4495 3228 4550; x_wconf 69' lang='lat'><strong>23</strong></span> <span class='ocrx_word' id='word_1_590' title='bbox 3284 4513 3299 4553; x_wconf 88' lang='lat'><strong>:</strong></span> <span class='ocrx_word' id='word_1_591' title='bbox 3352 4496 3565 4559; x_wconf 75' lang='lat' dir='ltr'><strong>Amata,</strong></span> 
     </span>
    </p>
   </div>
   <div class='ocr_carea' id='block_1_90' title="bbox 293 4582 3570 4659">
    <p class='ocr_par' dir='ltr' id='par_1_90' title="bbox 293 4582 3570 4659">
     <span class='ocr_line' id='line_1_91' title="bbox 293 4582 3570 4659; baseline 0 -19"><span class='ocrx_word' id='word_1_592' title='bbox 293 4596 354 4639; x_wconf 87' lang='lat' dir='ltr'><strong>et</strong></span> <span class='ocrx_word' id='word_1_593' title='bbox 406 4587 621 4656; x_wconf 84' lang='lat' dir='ltr'><strong>aliquot</strong></span> <span class='ocrx_word' id='word_1_594' title='bbox 664 4587 880 4651; x_wconf 87' lang='lat' dir='ltr'><strong>diebus,</strong></span> <span class='ocrx_word' id='word_1_595' title='bbox 938 4589 1269 4647; x_wconf 85' lang='lat' dir='ltr'><strong>cathedram</strong></span> <span class='ocrx_word' id='word_1_596' title='bbox 1311 4586 1879 4658; x_wconf 79' lang='lat' dir='ltr'><strong>Constantinopolita-</strong></span> <span class='ocrx_word' id='word_1_597' title='bbox 1914 4591 1955 4644; x_wconf 85' lang='grc' dir='ltr'><strong>ῐ)</strong></span> <span class='ocrx_word' id='word_1_598' title='bbox 1987 4582 2267 4653; x_wconf 59' lang='lat' dir='ltr'><strong>inquiens,</strong></span> <span class='ocrx_word' id='word_1_599' title='bbox 2312 4602 2339 4638; x_wconf 88' lang='lat' dir='ltr'><strong>e</strong></span> <span class='ocrx_word' id='word_1_600' title='bbox 2394 4586 2513 4639; x_wconf 84' lang='lat' dir='ltr'><strong>sede</strong></span> <span class='ocrx_word' id='word_1_601' title='bbox 2574 4585 2864 4651; x_wconf 79' lang='lat' dir='ltr'><strong>Germano,</strong></span> <span class='ocrx_word' id='word_1_602' title='bbox 2912 4589 3162 4642; x_wconf 77' lang='lat' dir='ltr'><strong>idoneum</strong></span> <span class='ocrx_word' id='word_1_603' title='bbox 3192 4589 3282 4659; x_wconf 85' lang='lat' dir='ltr'><strong>qui</strong></span> <span class='ocrx_word' id='word_1_604' title='bbox 3331 4589 3570 4658; x_wconf 86' lang='lat' dir='ltr'><strong>patriar-</strong></span> 
     </span>
    </p>
   </div>
   <div class='ocr_carea' id='block_1_91' title="bbox 295 4680 1883 4752">
    <p class='ocr_par' dir='ltr' id='par_1_91' title="bbox 295 4680 1883 4752">
     <span class='ocr_line' id='line_1_92' title="bbox 295 4680 1883 4752; baseline 0.001 -19"><span class='ocrx_word' id='word_1_605' title='bbox 295 4696 424 4735; x_wconf 85' lang='lat' dir='ltr'><strong>uam</strong></span> <span class='ocrx_word' id='word_1_606' title='bbox 483 4682 767 4738; x_wconf 84' lang='lat' dir='ltr'><strong>tenuerit?</strong></span> <span class='ocrx_word' id='word_1_607' title='bbox 810 4683 941 4748; x_wconf 79' lang='lat' dir='ltr'><strong>Quis</strong></span> <span class='ocrx_word' id='word_1_608' title='bbox 988 4697 1055 4736; x_wconf 89' lang='lat' dir='ltr'><strong>eo</strong></span> <span class='ocrx_word' id='word_1_609' title='bbox 1112 4681 1376 4752; x_wconf 80' lang='lat' dir='ltr'><strong>temporis</strong></span> <span class='ocrx_word' id='word_1_610' title='bbox 1431 4682 1612 4752; x_wconf 84' lang='lat' dir='ltr'><strong>spatio</strong></span> <span class='ocrx_word' id='word_1_611' title='bbox 1635 4680 1883 4736; x_wconf 84' lang='lat' dir='ltr'><strong>inveniet</strong></span> 
     </span>
    </p>
   </div>
   <div class='ocr_carea' id='block_1_92' title="bbox 293 4770 1879 4843">
    <p class='ocr_par' dir='ltr' id='par_1_92' title="bbox 293 4770 1879 4843">
     <span class='ocr_line' id='line_1_93' title="bbox 293 4770 1879 4843; baseline 0 -18"><span class='ocrx_word' id='word_1_612' title='bbox 293 4772 497 4828; x_wconf 78' lang='lat' dir='ltr'><strong>festum</strong></span> <span class='ocrx_word' id='word_1_613' title='bbox 529 4771 861 4839; x_wconf 81' lang='lat' dir='ltr'><strong>Palmarum,</strong></span> <span class='ocrx_word' id='word_1_614' title='bbox 897 4772 1045 4843; x_wconf 83' lang='lat' dir='ltr'><strong>quod</strong></span> <span class='ocrx_word' id='word_1_615' title='bbox 1091 4774 1145 4827; x_wconf 91' lang='lat' dir='ltr'><strong>in</strong></span> <span class='ocrx_word' id='word_1_616' title='bbox 1197 4772 1442 4828; x_wconf 75' lang='lat' dir='ltr'><strong>Ecclesia</strong></span> <span class='ocrx_word' id='word_1_617' title='bbox 1496 4770 1683 4826; x_wconf 66' lang='lat' dir='ltr'><strong>Graeca</strong></span> <span class='ocrx_word' id='word_1_618' title='bbox 1719 4785 1879 4840; x_wconf 76' lang='lat' dir='ltr'><strong>teque</strong></span> 
     </span>
    </p>
   </div>
   <div class='ocr_carea' id='block_1_93' title="bbox 295 4864 1690 4921">
    <p class='ocr_par' dir='ltr' id='par_1_93' title="bbox 295 4864 1690 4921">
     <span class='ocr_line' id='line_1_94' title="bbox 295 4864 1690 4921; baseline -0.001 -3"><span class='ocrx_word' id='word_1_619' title='bbox 295 4880 364 4919; x_wconf 90' lang='lat' dir='ltr'><strong>ac</strong></span> <span class='ocrx_word' id='word_1_620' title='bbox 397 4864 594 4919; x_wconf 86' lang='lat' dir='ltr'><strong>Latina</strong></span> <span class='ocrx_word' id='word_1_621' title='bbox 619 4880 729 4920; x_wconf 88' lang='lat' dir='ltr'><strong>non</strong></span> <span class='ocrx_word' id='word_1_622' title='bbox 758 4864 856 4920; x_wconf 88' lang='lat' dir='ltr'><strong>diu</strong></span> <span class='ocrx_word' id='word_1_623' title='bbox 882 4875 1010 4920; x_wconf 87' lang='lat' dir='ltr'><strong>ante</strong></span> <span class='ocrx_word' id='word_1_624' title='bbox 1037 4865 1249 4920; x_wconf 84' lang='lat' dir='ltr'><strong>Pascha</strong></span> <span class='ocrx_word' id='word_1_625' title='bbox 1279 4864 1636 4921; x_wconf 82' lang='lat' dir='ltr'><strong>celebratur?</strong></span> <span class='ocrx_word' id='word_1_626' title='bbox 1672 4882 1690 4916; x_wconf 75' lang='grc' dir='ltr'><strong><em>ι</em></strong></span> 
     </span>
    </p>
   </div>
   <div class='ocr_carea' id='block_1_94' title="bbox 361 4956 1881 5028">
    <p class='ocr_par' dir='ltr' id='par_1_94' title="bbox 361 4956 1881 5028">
     <span class='ocr_line' id='line_1_95' title="bbox 361 4956 1881 5028; baseline -0.001 -17"><span class='ocrx_word' id='word_1_627' title='bbox 361 4956 448 5012; x_wconf 80' lang='lat' dir='ltr'><strong>An</strong></span> <span class='ocrx_word' id='word_1_628' title='bbox 521 4957 748 5028; x_wconf 70' lang='lat' dir='ltr'><strong>obiectae</strong></span> <span class='ocrx_word' id='word_1_629' title='bbox 808 4957 1120 5013; x_wconf 79' lang='lat' dir='ltr'><strong>dillicultati</strong></span> <span class='ocrx_word' id='word_1_630' title='bbox 1208 4957 1515 5014; x_wconf 81' lang='lat' dir='ltr'><strong>satisfaciat</strong></span> <span class='ocrx_word' id='word_1_631' title='bbox 1590 4956 1881 5026; x_wconf 77' lang='lat' dir='ltr'><strong>Cuperus?</strong></span> 
     </span>
    </p>
   </div>
   <div class='ocr_carea' id='block_1_95' title="bbox 293 5045 1877 5118">
    <p class='ocr_par' dir='ltr' id='par_1_95' title="bbox 293 5045 1877 5118">
     <span class='ocr_line' id='line_1_96' title="bbox 293 5045 1877 5118; baseline -0.001 -16"><span class='ocrx_word' id='word_1_632' title='bbox 293 5046 480 5102; x_wconf 77' lang='lat' dir='ltr'><strong>Verba</strong></span> <span class='ocrx_word' id='word_1_633' title='bbox 510 5048 628 5118; x_wconf 79' lang='lat' dir='ltr'><strong>ejus</strong></span> <span class='ocrx_word' id='word_1_634' title='bbox 655 5055 823 5104; x_wconf 89' lang='lat' dir='ltr'><strong>sunt:</strong></span> <span class='ocrx_word' id='word_1_635' title='bbox 860 5067 879 5101; x_wconf 73' lang='grc' dir='ltr'>ι</span> <span class='ocrx_word' id='word_1_636' title='bbox 911 5048 1134 5103; x_wconf 85' lang='lat' dir='ltr'><strong>Nullum</strong></span> <span class='ocrx_word' id='word_1_637' title='bbox 1188 5048 1359 5118; x_wconf 77' lang='lat' dir='ltr'><strong>igitur</strong></span> <span class='ocrx_word' id='word_1_638' title='bbox 1414 5046 1505 5102; x_wconf 85' lang='lat' dir='ltr'><strong>hic</strong></span> <span class='ocrx_word' id='word_1_639' title='bbox 1536 5045 1697 5102; x_wconf 77' lang='lat' dir='ltr'><strong>video</strong></span> <span class='ocrx_word' id='word_1_640' title='bbox 1734 5049 1877 5101; x_wconf 68' lang='lat' dir='ltr'><strong>eritt-</strong></span> 
     </span>
    </p>
   </div>
   <div class='ocr_carea' id='block_1_96' title="bbox 294 5137 1879 5209">
    <p class='ocr_par' dir='ltr' id='par_1_96' title="bbox 294 5137 1879 5209">
     <span class='ocr_line' id='line_1_97' title="bbox 294 5137 1879 5209; baseline -0.001 -18"><span class='ocrx_word' id='word_1_641' title='bbox 294 5138 468 5209; x_wconf 75' lang='lat' dir='ltr'><strong>gium,</strong></span> <span class='ocrx_word' id='word_1_642' title='bbox 518 5138 625 5194; x_wconf 87' lang='lat' dir='ltr'><strong>nisi</strong></span> <span class='ocrx_word' id='word_1_643' title='bbox 682 5138 954 5209; x_wconf 75' lang='lat' dir='ltr'><strong>quispiam</strong></span> <span class='ocrx_word' id='word_1_644' title='bbox 984 5137 1277 5205; x_wconf 72' lang='lat' dir='ltr'><strong>ostendat,</strong></span> <span class='ocrx_word' id='word_1_645' title='bbox 1310 5137 1456 5207; x_wconf 84' lang='lat' dir='ltr'><strong>apud</strong></span> <span class='ocrx_word' id='word_1_646' title='bbox 1489 5137 1879 5205; x_wconf 81' lang='lat' dir='ltr'><strong>Paehymerem</strong></span> 
     </span>
    </p>
   </div>
   <div class='ocr_carea' id='block_1_97' title="bbox 294 5220 1883 5302">
    <p class='ocr_par' dir='ltr' id='par_1_97' title="bbox 294 5220 1883 5302">
     <span class='ocr_line' id='line_1_98' title="bbox 294 5220 1883 5302; baseline -0.002 -17"><span class='ocrx_word' id='word_1_647' title='bbox 294 5232 523 5286; x_wconf 88' lang='lat' dir='ltr'><strong>nomine</strong></span> <span class='ocrx_word' id='word_1_648' title='bbox 566 5220 757 5287; x_wconf 55' lang='lat' dir='ltr'><strong>Gréco</strong></span> <span class='ocrx_word' id='word_1_649' title='bbox 808 5231 1017 5286; x_wconf 87' lang='lat' dir='ltr'><strong>mensis</strong></span> <span class='ocrx_word' id='word_1_650' title='bbox 1044 5231 1550 5302; x_wconf 77' lang='grc' dir='ltr'><strong>Μαιμακτηριῶνος</strong></span> <span class='ocrx_word' id='word_1_651' title='bbox 1581 5230 1883 5299; x_wconf 84' lang='lat' dir='ltr'><strong>aliquando</strong></span> 
     </span>
    </p>
   </div>
   <div class='ocr_carea' id='block_1_98' title="bbox 298 5319 1882 5395">
    <p class='ocr_par' dir='ltr' id='par_1_98' title="bbox 298 5319 1882 5395">
     <span class='ocr_line' id='line_1_99' title="bbox 298 5319 1882 5395; baseline -0.003 -16"><span class='ocrx_word' id='word_1_652' title='bbox 298 5323 509 5379; x_wconf 79' lang='lat' dir='ltr'><strong>Maium</strong></span> <span class='ocrx_word' id='word_1_653' title='bbox 580 5323 912 5393; x_wconf 76' lang='lat' dir='ltr'><strong>signiﬁcari,</strong></span> <span class='ocrx_word' id='word_1_654' title='bbox 960 5333 1075 5385; x_wconf 66' lang='lat' dir='ltr'><strong>aut,</strong></span> <span class='ocrx_word' id='word_1_655' title='bbox 1119 5336 1308 5395; x_wconf 86' lang='lat' dir='ltr'><strong>aperte</strong></span> <span class='ocrx_word' id='word_1_656' title='bbox 1372 5322 1573 5385; x_wconf 87' lang='lat' dir='ltr'><strong>cdieat,</strong></span> <span class='ocrx_word' id='word_1_657' title='bbox 1634 5319 1882 5377; x_wconf 77' lang='lat' dir='ltr'><strong>mensem</strong></span> 
     </span>
    </p>
   </div>
   <div class='ocr_carea' id='block_1_99' title="bbox 292 5416 1885 5489">
    <p class='ocr_par' dir='ltr' id='par_1_99' title="bbox 292 5416 1885 5489">
     <span class='ocr_line' id='line_1_100' title="bbox 292 5416 1885 5489; baseline -0.003 -15"><span class='ocrx_word' id='word_1_658' title='bbox 292 5418 518 5474; x_wconf 73' lang='lat' dir='ltr'><strong>Iunium</strong></span> <span class='ocrx_word' id='word_1_659' title='bbox 576 5418 654 5472; x_wconf 88' lang='lat' dir='ltr'><strong>ibi</strong></span> <span class='ocrx_word' id='word_1_660' title='bbox 694 5433 982 5489; x_wconf 84' lang='lat' dir='ltr'><strong>perperam</strong></span> <span class='ocrx_word' id='word_1_661' title='bbox 1041 5433 1142 5488; x_wconf 91' lang='lat' dir='ltr'><strong>pro</strong></span> <span class='ocrx_word' id='word_1_662' title='bbox 1198 5431 1386 5473; x_wconf 89' lang='lat' dir='ltr'><strong>mense</strong></span> <span class='ocrx_word' id='word_1_663' title='bbox 1436 5416 1579 5471; x_wconf 74' lang='lat' dir='ltr'><strong>Maio</strong></span> <span class='ocrx_word' id='word_1_664' title='bbox 1616 5416 1885 5485; x_wconf 87' lang='lat' dir='ltr'><strong>scriptum</strong></span> 
     </span>
    </p>
   </div>
   <div class='ocr_carea' id='block_1_100' title="bbox 295 5510 1888 5584">
    <p class='ocr_par' dir='ltr' id='par_1_100' title="bbox 295 5510 1888 5584">
     <span class='ocr_line' id='line_1_101' title="bbox 295 5510 1888 5584; baseline 0 -19"><span class='ocrx_word' id='word_1_665' title='bbox 295 5512 491 5568; x_wconf 76' lang='lat' dir='ltr'><strong>fuisse.</strong></span> <span class='ocrx_word' id='word_1_666' title='bbox 548 5511 612 5567; x_wconf 80' lang='grc' dir='ltr'><strong>ιη</strong></span> <span class='ocrx_word' id='word_1_667' title='bbox 650 5526 715 5567; x_wconf 85' lang='lat' dir='ltr'><strong>ea</strong></span> <span class='ocrx_word' id='word_1_668' title='bbox 746 5512 1034 5584; x_wconf 80' lang='lat' dir='ltr'><strong>bypothesi</strong></span> <span class='ocrx_word' id='word_1_669' title='bbox 1091 5521 1386 5581; x_wconf 70' lang='lat' dir='ltr'><strong>utrumque</strong></span> <span class='ocrx_word' id='word_1_670' title='bbox 1429 5510 1781 5581; x_wconf 81' lang='lat' dir='ltr'><strong>Pacbymeris</strong></span> <span class='ocrx_word' id='word_1_671' title='bbox 1809 5519 1888 5565; x_wconf 54' lang='lat' dir='ltr'><strong>tea</strong></span> 
     </span>
    </p>
   </div>
   <div class='ocr_carea' id='block_1_101' title="bbox 296 5603 1885 5674">
    <p class='ocr_par' dir='ltr' id='par_1_101' title="bbox 296 5603 1885 5674">
     <span class='ocr_line' id='line_1_102' title="bbox 296 5603 1885 5674; baseline -0.003 -14"><span class='ocrx_word' id='word_1_672' title='bbox 296 5622 325 5660; x_wconf 89' lang='lat' dir='ltr'><strong>s</strong></span> <span class='ocrx_word' id='word_1_673' title='bbox 348 5605 621 5660; x_wconf 88' lang='lat' dir='ltr'><strong>imonium</strong></span> <span class='ocrx_word' id='word_1_674' title='bbox 660 5605 804 5661; x_wconf 89' lang='lat' dir='ltr'><strong>inter</strong></span> <span class='ocrx_word' id='word_1_675' title='bbox 837 5621 897 5660; x_wconf 88' lang='lat' dir='ltr'><strong>se</strong></span> <span class='ocrx_word' id='word_1_676' title='bbox 927 5606 1212 5661; x_wconf 57' lang='lat' dir='ltr'><strong>conciliari</strong></span> <span class='ocrx_word' id='word_1_677' title='bbox 1245 5615 1447 5674; x_wconf 76' lang='lat' dir='ltr'><strong>posset.</strong></span> <span class='ocrx_word' id='word_1_678' title='bbox 1488 5604 1541 5660; x_wconf 90' lang='lat' dir='ltr'><strong>Si</strong></span> <span class='ocrx_word' id='word_1_679' title='bbox 1577 5603 1721 5657; x_wconf 86' lang='lat' dir='ltr'><strong>enim</strong></span> <span class='ocrx_word' id='word_1_680' title='bbox 1752 5603 1885 5658; x_wconf 85' lang='lat' dir='ltr'><strong>Ger-</strong></span> 
     </span>
    </p>
   </div>
   <div class='ocr_carea' id='block_1_102' title="bbox 294 5695 1885 5769">
    <p class='ocr_par' dir='ltr' id='par_1_102' title="bbox 294 5695 1885 5769">
     <span class='ocr_line' id='line_1_103' title="bbox 294 5695 1885 5769; baseline -0.003 -17"><span class='ocrx_word' id='word_1_681' title='bbox 294 5714 494 5753; x_wconf 87' lang='lat' dir='ltr'><strong>manus</strong></span> <span class='ocrx_word' id='word_1_682' title='bbox 524 5713 553 5752; x_wconf 92' lang='lat' dir='ltr'><strong>a</strong></span> <span class='ocrx_word' id='word_1_683' title='bbox 578 5698 903 5753; x_wconf 79' lang='lat' dir='ltr'><strong>Pentecoste</strong></span> <span class='ocrx_word' id='word_1_684' title='bbox 931 5698 1062 5752; x_wconf 85' lang='lat' dir='ltr'><strong>anni</strong></span> <span class='ocrx_word' id='word_1_685' title='bbox 1108 5697 1243 5753; x_wconf 83' lang='grc'>1266</span> <span class='ocrx_word' id='word_1_686' title='bbox 1297 5697 1429 5769; x_wconf 87' lang='lat' dir='ltr'><strong>(quo</strong></span> <span class='ocrx_word' id='word_1_687' title='bbox 1472 5696 1563 5751; x_wconf 83' lang='lat' dir='ltr'><strong>illa</strong></span> <span class='ocrx_word' id='word_1_688' title='bbox 1600 5696 1652 5750; x_wconf 79' lang='lat' dir='ltr'><strong>in</strong></span> <span class='ocrx_word' id='word_1_689' title='bbox 1686 5695 1885 5749; x_wconf 79' lang='lat' dir='ltr'><strong>Maium</strong></span> 
     </span>
    </p>
   </div>
   <div class='ocr_carea' id='block_1_103' title="bbox 293 5789 1882 5861">
    <p class='ocr_par' dir='ltr' id='par_1_103' title="bbox 293 5789 1882 5861">
     <span class='ocr_line' id='line_1_104' title="bbox 293 5789 1882 5861; baseline 0 -19"><span class='ocrx_word' id='word_1_690' title='bbox 293 5805 543 5845; x_wconf 82' lang='lat' dir='ltr'><strong>mensem</strong></span> <span class='ocrx_word' id='word_1_691' title='bbox 600 5790 853 5858; x_wconf 85' lang='lat' dir='ltr'><strong>incidit),</strong></span> <span class='ocrx_word' id='word_1_692' title='bbox 917 5807 1092 5861; x_wconf 85' lang='lat' dir='ltr'><strong>usque</strong></span> <span class='ocrx_word' id='word_1_693' title='bbox 1154 5790 1220 5846; x_wconf 88' lang='lat' dir='ltr'><strong>ad</strong></span> <span class='ocrx_word' id='word_1_694' title='bbox 1298 5790 1542 5845; x_wconf 85' lang='lat' dir='ltr'><strong>medium</strong></span> <span class='ocrx_word' id='word_1_695' title='bbox 1628 5789 1882 5858; x_wconf 79' lang='lat' dir='ltr'><strong>Septem-</strong></span> 
     </span>
    </p>
   </div>
   <div class='ocr_carea' id='block_1_104' title="bbox 294 5882 1884 5967">
    <p class='ocr_par' dir='ltr' id='par_1_104' title="bbox 294 5882 1884 5967">
     <span class='ocr_line' id='line_1_105' title="bbox 294 5882 1884 5967; baseline 0.001 -31"><span class='ocrx_word' id='word_1_696' title='bbox 294 5882 451 5967; x_wconf 80' lang='lat' dir='ltr'><strong>brem</strong></span> <span class='ocrx_word' id='word_1_697' title='bbox 504 5883 635 5939; x_wconf 89' lang='lat' dir='ltr'><strong>anni</strong></span> <span class='ocrx_word' id='word_1_698' title='bbox 699 5882 834 5939; x_wconf 78' lang='grc'>1267</span> <span class='ocrx_word' id='word_1_699' title='bbox 884 5884 941 5940; x_wconf 84' lang='lat' dir='ltr'><strong>in</strong></span> <span class='ocrx_word' id='word_1_700' title='bbox 974 5884 1237 5941; x_wconf 88' lang='lat' dir='ltr'><strong>cathedra</strong></span> <span class='ocrx_word' id='word_1_701' title='bbox 1267 5883 1884 5955; x_wconf 64' lang='lat' dir='ltr'><strong>Constantinotiolitana</strong></span> 
     </span>
    </p>
   </div>
   <div class='ocr_carea' id='block_1_105' title="bbox 1981 4674 3564 4750">
    <p class='ocr_par' dir='ltr' id='par_1_105' title="bbox 1981 4674 3564 4750">
     <span class='ocr_line' id='line_1_106' title="bbox 1981 4674 3564 4750; baseline 0.003 -23"><span class='ocrx_word' id='word_1_702' title='bbox 1981 4674 2124 4728; x_wconf 56' lang='grc' dir='ltr'><strong>ειεξιίί</strong></span> <span class='ocrx_word' id='word_1_703' title='bbox 2170 4676 2358 4728; x_wconf 84' lang='lat' dir='ltr'><strong>throno</strong></span> <span class='ocrx_word' id='word_1_704' title='bbox 2412 4680 2812 4747; x_wconf 85' lang='lat' dir='ltr'><strong>imponeretur,</strong></span> <span class='ocrx_word' id='word_1_705' title='bbox 2876 4680 3184 4750; x_wconf 83' lang='lat' dir='ltr'><strong>inquirebat</strong></span> <span class='ocrx_word' id='word_1_706' title='bbox 3242 4681 3564 4747; x_wconf 81' lang='lat' dir='ltr'><strong>imperator,</strong></span> 
     </span>
    </p>
   </div>
   <div class='ocr_carea' id='block_1_106' title="bbox 1982 4765 3563 4842">
    <p class='ocr_par' dir='ltr' id='par_1_106' title="bbox 1982 4765 3563 4842">
     <span class='ocr_line' id='line_1_107' title="bbox 1982 4765 3563 4842; baseline 0.002 -23"><span class='ocrx_word' id='word_1_707' title='bbox 1982 4765 2270 4838; x_wconf 62' lang='lat' dir='ltr'><strong>.Ioscpbum</strong></span> <span class='ocrx_word' id='word_1_708' title='bbox 2329 4767 2530 4823; x_wconf 84' lang='lat' dir='ltr'><strong>Galesii</strong></span> <span class='ocrx_word' id='word_1_709' title='bbox 2589 4770 2947 4839; x_wconf 66' lang='lat' dir='ltr'><strong>praefectum,</strong></span> <span class='ocrx_word' id='word_1_710' title='bbox 2995 4772 3151 4842; x_wconf 83' lang='lat' dir='ltr'><strong>justo</strong></span> <span class='ocrx_word' id='word_1_711' title='bbox 3188 4772 3563 4841; x_wconf 64' lang='lat' dir='ltr'><strong>suffragiorum</strong></span> 
     </span>
    </p>
   </div>
   <div class='ocr_carea' id='block_1_107' title="bbox 1985 4860 3568 4935">
    <p class='ocr_par' dir='ltr' id='par_1_107' title="bbox 1985 4860 3568 4935">
     <span class='ocr_line' id='line_1_108' title="bbox 1985 4860 3568 4935; baseline 0.002 -22"><span class='ocrx_word' id='word_1_712' title='bbox 1985 4860 2381 4930; x_wconf 74' lang='lat' dir='ltr'><strong>comprobatum</strong></span> <span class='ocrx_word' id='word_1_713' title='bbox 2437 4878 2680 4929; x_wconf 65' lang='lat' dir='ltr'><strong>numero,</strong></span> <span class='ocrx_word' id='word_1_714' title='bbox 2741 4863 2810 4918; x_wconf 85' lang='lat' dir='ltr'><strong>ad</strong></span> <span class='ocrx_word' id='word_1_715' title='bbox 2856 4866 3281 4930; x_wconf 69' lang='lat' dir='ltr'><strong>patriam/ratum</strong></span> <span class='ocrx_word' id='word_1_716' title='bbox 3331 4866 3568 4935; x_wconf 83' lang='lat' dir='ltr'><strong>impera-</strong></span> 
     </span>
    </p>
   </div>
   <div class='ocr_carea' id='block_1_108' title="bbox 1985 4953 3567 5028">
    <p class='ocr_par' dir='ltr' id='par_1_108' title="bbox 1985 4953 3567 5028">
     <span class='ocr_line' id='line_1_109' title="bbox 1985 4953 3567 5028; baseline 0.003 -24"><span class='ocrx_word' id='word_1_717' title='bbox 1985 4959 2069 5005; x_wconf 89' lang='lat' dir='ltr'><strong>tor</strong></span> <span class='ocrx_word' id='word_1_718' title='bbox 2112 4953 2301 5016; x_wconf 71' lang='lat' dir='ltr'><strong>evexit,</strong></span> <span class='ocrx_word' id='word_1_719' title='bbox 2356 4953 2526 5026; x_wconf 76' lang='grc' dir='ltr'>μηνὸς</span> <span class='ocrx_word' id='word_1_720' title='bbox 2580 4955 3055 5028; x_wconf 65' lang='grc' dir='ltr'><strong>Σκιρροφοριῶνος</strong></span> <span class='ocrx_word' id='word_1_721' title='bbox 3102 4958 3327 5027; x_wconf 75' lang='grc' dir='ltr'>εἰκοστῇ</span> <span class='ocrx_word' id='word_1_722' title='bbox 3377 4957 3567 5027; x_wconf 64' lang='grc' dir='ltr'><strong>ὀγδόη-</strong></span> 
     </span>
    </p>
   </div>
   <div class='ocr_carea' id='block_1_109' title="bbox 1985 5044 3567 5124">
    <p class='ocr_par' dir='ltr' id='par_1_109' title="bbox 1985 5044 3567 5124">
     <span class='ocr_line' id='line_1_110' title="bbox 1985 5044 3567 5124; baseline 0.002 -26"><span class='ocrx_word' id='word_1_723' title='bbox 1985 5046 2083 5116; x_wconf 79' lang='grc' dir='ltr'><strong>τῆς</strong></span> <span class='ocrx_word' id='word_1_724' title='bbox 2135 5044 2371 5118; x_wconf 83' lang='grc' dir='ltr'><strong>δεκάτης</strong></span> <span class='ocrx_word' id='word_1_725' title='bbox 2417 5049 2817 5119; x_wconf 81' lang='grc' dir='ltr'><strong>ὲπινεμήσεως,</strong></span> <span class='ocrx_word' id='word_1_726' title='bbox 2856 5049 2952 5104; x_wconf 82' lang='grc' dir='ltr'><strong>τοῦ</strong></span> <span class='ocrx_word' id='word_1_727' title='bbox 2989 5049 3167 5124; x_wconf 64' lang='grc' dir='ltr'><strong>,ςψοέ</strong></span> <span class='ocrx_word' id='word_1_728' title='bbox 3201 5050 3379 5115; x_wconf 71' lang='grc' dir='ltr'><strong>ἔτους,</strong></span> <span class='ocrx_word' id='word_1_729' title='bbox 3418 5067 3567 5103; x_wconf 86' lang='lat' dir='ltr'><strong>men-</strong></span> 
     </span>
    </p>
   </div>
   <div class='ocr_carea' id='block_1_110' title="bbox 1984 5140 3572 5214">
    <p class='ocr_par' dir='ltr' id='par_1_110' title="bbox 1984 5140 3572 5214">
     <span class='ocr_line' id='line_1_111' title="bbox 1984 5140 3572 5214; baseline 0.003 -21"><span class='ocrx_word' id='word_1_730' title='bbox 1984 5141 2058 5194; x_wconf 87' lang='lat' dir='ltr'><strong>sis</strong></span> <span class='ocrx_word' id='word_1_731' title='bbox 2092 5140 2391 5196; x_wconf 82' lang='lat' dir='ltr'><strong>Decembris</strong></span> <span class='ocrx_word' id='word_1_732' title='bbox 2420 5142 2504 5196; x_wconf 86' lang='lat' dir='ltr'><strong>die</strong></span> <span class='ocrx_word' id='word_1_733' title='bbox 2546 5156 2735 5197; x_wconf 85' lang='lat' dir='ltr'><strong>octava</strong></span> <span class='ocrx_word' id='word_1_734' title='bbox 2765 5161 2934 5214; x_wconf 85' lang='lat' dir='ltr'><strong>supra</strong></span> <span class='ocrx_word' id='word_1_735' title='bbox 2972 5146 3298 5205; x_wconf 79' lang='lat' dir='ltr'><strong>vicesimam.</strong></span> <span class='ocrx_word' id='word_1_736' title='bbox 3320 5145 3572 5199; x_wconf 72' lang='lat' dir='ltr'><strong>indictio-</strong></span> 
     </span>
    </p>
   </div>
   <div class='ocr_carea' id='block_1_111' title="bbox 1987 5233 3569 5307">
    <p class='ocr_par' dir='ltr' id='par_1_111' title="bbox 1987 5233 3569 5307">
     <span class='ocr_line' id='line_1_112' title="bbox 1987 5233 3569 5307; baseline 0.003 -23"><span class='ocrx_word' id='word_1_737' title='bbox 1987 5233 2069 5285; x_wconf 85' lang='lat' dir='ltr'><strong>m&#39;s</strong></span> <span class='ocrx_word' id='word_1_738' title='bbox 2104 5233 2341 5299; x_wconf 64' lang='lat' dir='ltr'><strong>decima,</strong></span> <span class='ocrx_word' id='word_1_739' title='bbox 2377 5237 2507 5290; x_wconf 89' lang='lat' dir='ltr'><strong>anni</strong></span> <span class='ocrx_word' id='word_1_740' title='bbox 2547 5237 2709 5292; x_wconf 81' lang='grc'>6775.</span> <span class='ocrx_word' id='word_1_741' title='bbox 2773 5237 3249 5307; x_wconf 66' lang='grc' dir='ltr'><strong>Ἑκατομϐαιῶνος</strong></span> <span class='ocrx_word' id='word_1_742' title='bbox 3284 5237 3341 5290; x_wconf 80' lang='grc' dir='ltr'><strong>δὲ</strong></span> <span class='ocrx_word' id='word_1_743' title='bbox 3365 5254 3569 5306; x_wconf 79' lang='grc' dir='ltr'><strong>νουμη-</strong></span> 
     </span>
    </p>
   </div>
   <div class='ocr_carea' id='block_1_112' title="bbox 1986 5326 3569 5397">
    <p class='ocr_par' dir='ltr' id='par_1_112' title="bbox 1986 5326 3569 5397">
     <span class='ocr_line' id='line_1_113' title="bbox 1986 5326 3569 5397; baseline 0.005 -21"><span class='ocrx_word' id='word_1_744' title='bbox 1986 5326 2076 5396; x_wconf 75' lang='grc' dir='ltr'><strong>νίᾳ</strong></span> <span class='ocrx_word' id='word_1_745' title='bbox 2105 5329 2527 5397; x_wconf 79' lang='grc' dir='ltr'><strong>χειροτονηθεὶς,</strong></span> <span class='ocrx_word' id='word_1_746' title='bbox 2559 5328 2686 5383; x_wconf 81' lang='lat' dir='ltr'><strong>Mea:</strong></span> <span class='ocrx_word' id='word_1_747' title='bbox 2741 5328 3003 5384; x_wconf 82' lang='lat' dir='ltr'><strong>Kalendis</strong></span> <span class='ocrx_word' id='word_1_748' title='bbox 3034 5329 3317 5385; x_wconf 77' lang='lat' dir='ltr'><strong>Ianuariis</strong></span> <span class='ocrx_word' id='word_1_749' title='bbox 3345 5330 3569 5384; x_wconf 83' lang='lat' dir='ltr'><strong>ordina-</strong></span> 
     </span>
    </p>
   </div>
   <div class='ocr_carea' id='block_1_113' title="bbox 1988 5418 3116 5494">
    <p class='ocr_par' dir='ltr' id='par_1_113' title="bbox 1988 5418 3116 5494">
     <span class='ocr_line' id='line_1_114' title="bbox 1988 5418 3116 5494; baseline 0.008 -25"><span class='ocrx_word' id='word_1_750' title='bbox 1988 5418 2181 5471; x_wconf 88' lang='lat' dir='ltr'><strong>tionem</strong></span> <span class='ocrx_word' id='word_1_751' title='bbox 2211 5419 2352 5473; x_wconf 86' lang='lat' dir='ltr'><strong>idem</strong></span> <span class='ocrx_word' id='word_1_752' title='bbox 2380 5423 2735 5494; x_wconf 77' lang='lat' dir='ltr'><strong>episcopalem</strong></span> <span class='ocrx_word' id='word_1_753' title='bbox 2764 5425 2861 5477; x_wconf 82' lang='lat' dir='ltr'><strong>rite</strong></span> <span class='ocrx_word' id='word_1_754' title='bbox 2896 5426 3116 5493; x_wconf 78' lang='lat' dir='ltr'><strong>accepit.</strong></span> 
     </span>
    </p>
   </div>
   <div class='ocr_carea' id='block_1_114' title="bbox 2060 5510 3571 5586">
    <p class='ocr_par' dir='ltr' id='par_1_114' title="bbox 2060 5510 3571 5586">
     <span class='ocr_line' id='line_1_115' title="bbox 2060 5510 3571 5586; baseline 0.009 -24"><span class='ocrx_word' id='word_1_755' title='bbox 2060 5510 2326 5566; x_wconf 79' lang='lat' dir='ltr'><strong>Pessinus</strong></span> <span class='ocrx_word' id='word_1_756' title='bbox 2379 5513 2521 5568; x_wconf 88' lang='lat' dir='ltr'><strong>libro</strong></span> <span class='ocrx_word' id='word_1_757' title='bbox 2571 5531 2654 5579; x_wconf 83' lang='grc' dir='ltr'>ιιι,</span> <span class='ocrx_word' id='word_1_758' title='bbox 2685 5516 2853 5570; x_wconf 84' lang='lat' dir='ltr'><strong>citato</strong></span> <span class='ocrx_word' id='word_1_759' title='bbox 2885 5516 3067 5586; x_wconf 79' lang='lat' dir='ltr'><strong>capite</strong></span> <span class='ocrx_word' id='word_1_760' title='bbox 3108 5518 3158 5581; x_wconf 88' lang='lat'><strong>6,</strong></span> <span class='ocrx_word' id='word_1_761' title='bbox 3194 5533 3347 5573; x_wconf 88' lang='lat' dir='ltr'><strong>num.</strong></span> <span class='ocrx_word' id='word_1_762' title='bbox 3375 5518 3445 5583; x_wconf 87' lang='grc'>2,</span> <span class='ocrx_word' id='word_1_763' title='bbox 3485 5521 3571 5575; x_wconf 82' lang='lat' dir='ltr'><strong>sic</strong></span> 
     </span>
    </p>
   </div>
   <div class='ocr_carea' id='block_1_115' title="bbox 1988 5602 3567 5666">
    <p class='ocr_par' dir='ltr' id='par_1_115' title="bbox 1988 5602 3567 5666">
     <span class='ocr_line' id='line_1_116' title="bbox 1988 5602 3567 5666; baseline 0.004 -10"><span class='ocrx_word' id='word_1_764' title='bbox 1988 5602 2106 5656; x_wconf 88' lang='lat' dir='ltr'><strong>ait:</strong></span> <span class='ocrx_word' id='word_1_765' title='bbox 2157 5622 2174 5654; x_wconf 79' lang='grc' dir='ltr'>ι</span> <span class='ocrx_word' id='word_1_766' title='bbox 2215 5605 2409 5660; x_wconf 76' lang='lat' dir='ltr'><strong>Annus</strong></span> <span class='ocrx_word' id='word_1_767' title='bbox 2436 5623 2559 5662; x_wconf 70' lang='lat' dir='ltr'><strong>mra:</strong></span> <span class='ocrx_word' id='word_1_768' title='bbox 2587 5608 2777 5663; x_wconf 76' lang='lat' dir='ltr'><strong>minuti</strong></span> <span class='ocrx_word' id='word_1_769' title='bbox 2828 5608 3147 5665; x_wconf 68' lang='lat' dir='ltr'><strong>Graecorum</strong></span> <span class='ocrx_word' id='word_1_770' title='bbox 3177 5611 3473 5666; x_wconf 86' lang='lat' dir='ltr'><strong>reducitur</strong></span> <span class='ocrx_word' id='word_1_771' title='bbox 3503 5612 3567 5664; x_wconf 85' lang='lat' dir='ltr'><strong>ad</strong></span> 
     </span>
    </p>
   </div>
   <div class='ocr_carea' id='block_1_116' title="bbox 1978 5697 3568 5765">
    <p class='ocr_par' dir='ltr' id='par_1_116' title="bbox 1978 5697 3568 5765">
     <span class='ocr_line' id='line_1_117' title="bbox 1978 5697 3568 5765; baseline 0.007 -18"><span class='ocrx_word' id='word_1_772' title='bbox 1978 5697 2269 5765; x_wconf 70' lang='lat' dir='ltr'><strong>.vulgarem</strong></span> <span class='ocrx_word' id='word_1_773' title='bbox 2324 5715 2448 5755; x_wconf 73' lang='lat' dir='ltr'><strong>terte</strong></span> <span class='ocrx_word' id='word_1_774' title='bbox 2504 5711 2707 5756; x_wconf 71' lang='lat' dir='ltr'><strong>nostra:</strong></span> <span class='ocrx_word' id='word_1_775' title='bbox 2746 5699 2987 5760; x_wconf 66' lang='lat' dir='ltr'><strong>Christi.</strong></span> <span class='ocrx_word' id='word_1_776' title='bbox 3035 5702 3381 5759; x_wconf 85' lang='lat' dir='ltr'><strong>detractione</strong></span> <span class='ocrx_word' id='word_1_777' title='bbox 3404 5704 3568 5758; x_wconf 66' lang='lat'><strong>5308.</strong></span> 
     </span>
    </p>
   </div>
   <div class='ocr_carea' id='block_1_117' title="bbox 1991 5788 3569 5867">
    <p class='ocr_par' dir='ltr' id='par_1_117' title="bbox 1991 5788 3569 5867">
     <span class='ocr_line' id='line_1_118' title="bbox 1991 5788 3569 5867; baseline 0.005 -24"><span class='ocrx_word' id='word_1_778' title='bbox 1991 5788 2116 5843; x_wconf 52' lang='lat' dir='ltr'><strong>lt‘nit</strong></span> <span class='ocrx_word' id='word_1_779' title='bbox 2156 5805 2287 5867; x_wconf 63' lang='lat' dir='ltr'><strong>ergo</strong></span> <span class='ocrx_word' id='word_1_780' title='bbox 2320 5791 2366 5847; x_wconf 89' lang='lat' dir='ltr'><strong>is</strong></span> <span class='ocrx_word' id='word_1_781' title='bbox 2404 5808 2583 5848; x_wconf 88' lang='lat' dir='ltr'><strong>annus</strong></span> <span class='ocrx_word' id='word_1_782' title='bbox 2614 5793 2821 5849; x_wconf 87' lang='lat' dir='ltr'><strong>Christi</strong></span> <span class='ocrx_word' id='word_1_783' title='bbox 2867 5794 3025 5856; x_wconf 84' lang='grc'>1267,</span> <span class='ocrx_word' id='word_1_784' title='bbox 3063 5796 3277 5867; x_wconf 82' lang='lat' dir='ltr'><strong>periodi</strong></span> <span class='ocrx_word' id='word_1_785' title='bbox 3312 5814 3442 5853; x_wconf 79' lang='lat' dir='ltr'><strong>vero</strong></span> <span class='ocrx_word' id='word_1_786' title='bbox 3473 5797 3569 5853; x_wconf 83' lang='lat' dir='ltr'><strong>Ju-</strong></span> 
     </span>
    </p>
   </div>
   <div class='ocr_carea' id='block_1_118' title="bbox 1993 5884 3567 5961">
    <p class='ocr_par' dir='ltr' id='par_1_118' title="bbox 1993 5884 3567 5961">
     <span class='ocr_line' id='line_1_119' title="bbox 1993 5884 3567 5961; baseline 0.004 -23"><span class='ocrx_word' id='word_1_787' title='bbox 1993 5884 2151 5939; x_wconf 83' lang='lat' dir='ltr'><strong>h-aua:</strong></span> <span class='ocrx_word' id='word_1_788' title='bbox 2201 5884 2357 5949; x_wconf 63' lang='lat'><strong>5980.</strong></span> <span class='ocrx_word' id='word_1_789' title='bbox 2413 5886 2516 5954; x_wconf 85' lang='lat' dir='ltr'><strong>Qui</strong></span> <span class='ocrx_word' id='word_1_790' title='bbox 2568 5902 2832 5945; x_wconf 82' lang='lat' dir='ltr'><strong>numerus</strong></span> <span class='ocrx_word' id='word_1_791' title='bbox 2887 5889 3097 5945; x_wconf 79' lang='lat' dir='ltr'><strong>divisus</strong></span> <span class='ocrx_word' id='word_1_792' title='bbox 3124 5890 3177 5945; x_wconf 92' lang='lat' dir='ltr'><strong>in</strong></span> <span class='ocrx_word' id='word_1_793' title='bbox 3220 5891 3567 5961; x_wconf 83' lang='lat' dir='ltr'><strong>quindecim,</strong></span> 
     </span>
    </p>
   </div>
  </div>
