3858 6514
333 359 405 425 55
1256 371 1579 434 GEORGII
1624 377 1880 438 CI'PRII
1918 381 2024 442 ΟΡ.
2073 382 2596 444 PATRIARCIIE
3518 383 3591 448 56

330 477 543 534 indicat
610 477 993 546 indictionem,
1051 482 1170 554 ejus
1203 485 1335 540 anni
1371 488 1904 555 characteristicam,
1940 505 1982 561 Α
2013 508 2143 553 sunt
2170 500 2355 554 omnia
2380 500 2553 555 dubio
2580 501 2766 571 procul
2792 501 3187 572 peremptoris.
3216 500 3421 556 Eadem
3457 517 3593 557 con-

331 570 625 634 decimam,
655 582 819 641 prout
840 574 1204 647 Pachymeres
1232 582 1467 635 notavit.
1502 582 1657 639 Unde
1674 583 1906 641 dubium

334 675 457 715 esse
511 676 624 715 non
678 672 882 732 potest,
941 667 1077 735 quin
1111 670 1521 738 patriarchatus
1550 675 1777 747 Iosephi
1807 678 1910 734 Ga-

332 753 457 808 Icsii
509 768 540 807 a
584 755 844 811 Kalendis
886 757 1166 817 Ianuariis
1210 764 1336 819 anni
1362 765 1567 823 Christi
1604 769 1744 825 1268
1782 788 1909 841 pro-

324 847 510 903 cedat.
548 865 567 899 ι
597 847 759 905 Paria
810 860 963 913 sunt,
1027 869 1150 922 quae
1196 856 1396 912 scribit
1456 859 1710 929 Cuperus
1749 880 1905 921 num.

326 935 454 991 997.
500 955 520 989 ί
560 940 755 996 Annus
812 942 1004 997 mundi
1062 945 1240 1009 6773,
1288 949 1442 1017 juxta
1472 949 1693 1011 Graecos
1716 970 1907 1011 recen-

328 1027 523 1093 tiores,
586 1040 644 1084 et
667 1029 899 1087 indictio
926 1033 991 1090 10
1023 1049 1148 1090 cum
1185 1046 1425 1107 utroque
1461 1056 1654 1097 mense
1686 1043 1776 1099 hic
1812 1061 1906 1098 ex-

324 1132 519 1185 presso
551 1120 857 1190 (Decembri
889 1133 945 1179 et
975 1124 1261 1199 Januario)
1308 1130 1471 1187 linem
1534 1134 1665 1188 anni
1696 1133 1904 1193 Christi

322 1210 463 1265 1267
490 1219 548 1269 et
571 1212 789 1269 initium
821 1219 951 1271 enni
981 1218 1117 1274 I268
1169 1222 1479 1278 certissime
1510 1225 1830 1297 designant.
1878 1248 1897 1281 ι

318 1302 477 1360 Ultro
542 1308 822 1363 consentit
877 1309 1193 1367 Bandurius
1230 1331 1244 1369 :
1290 1313 1549 1371 Successit
1574 1319 1629 1372 in
1662 1321 1901 1390 patriar-

318 1395 478 1455 chatu
537 1396 793 1467 Iosephus
833 1402 917 1455 die
967 1403 1215 1461 vicesima
1243 1415 1430 1462 octava
1470 1412 1661 1466 mensis
1688 1412 1901 1470 Decem-

316 1486 423 1541 bris
463 1490 598 1543 anui
632 1491 829 1547 Christi
863 1494 1022 1557 1267,
1073 1505 1121 1549 et
1154 1514 1276 1552 mox
1335 1499 1592 1557 Kalendis
1620 1502 1900 1562 Ianuariis

315 1582 592 1637 ordinatus
640 1585 780 1655 fuit.
812 1626 826 1640 .
853 1623 869 1641 .
900 1625 915 1640 .
940 1599 989 1642 et
1041 1590 1128 1643 die
1175 1592 1211 1645 2
1266 1590 1545 1651 Februarii
1593 1600 1725 1652 anni
1762 1598 1900 1655 1268

312 1673 472 1728 solvit
504 1677 887 1747 imperatorem
947 1685 1313 1739 anathemate.
1368 1682 1573 1742 Eadem
1599 1689 1766 1747 habet
1796 1690 1897 1746 Le-

314 1766 559 1834 qnienus
618 1770 672 1824 in
708 1772 1042 1839 patriarchis
1075 1771 1710 1849 Constantinopolitanis
1744 1790 1894 1839 tonio

314 1858 335 1912 I
367 1860 599 1917 Orientis
618 1867 780 1919 sacri.
902 1858 907 1864 ’

387 1954 614 2016 lterum.
675 1957 927 2027 trepidus
974 1961 1106 2017 licet
1147 1963 1219 2018 ob
1262 1962 1506 2021 virorum
1543 1964 1894 2024 doctissimo-

311 2060 435 2098 rum
490 2049 903 2114 auctoritatem,
970 2052 1108 2107 vitio
1161 2060 1344 2108 tamen
1396 2053 1642 2111 calculos
1698 2069 1891 2109 eorum

307 2135 567 2192 laborare
614 2151 826 2205 assero,
881 2143 1171 2213 perspicua
1224 2145 1305 2200 rei
1365 2145 1597 2203 veritate
1632 2145 1895 2201 ﬁdentior

306 2225 564 2284 eﬂ'ectus.
593 2230 731 2286 Dato
755 2247 902 2291 anno
939 2231 1551 2308 Constantinopolitano
1576 2237 1737 2303 6775,
1763 2239 1894 2298 sub-

309 2325 612 2393 tractisque
646 2326 809 2387 annis
842 2324 1003 2392 3508,
1060 2328 1286 2384 habetur
1325 2349 1495 2387 annus
1536 2328 1733 2395 Christi
1761 2330 1893 2389 I267

307 2431 646 2484 concurrens,
676 2420 758 2489 (ut
788 2421 864 2474 ait
892 2420 1242 2494 Ilicciolius),
1282 2440 1314 2481 α
1337 2423 1594 2480 Kalendis
1615 2426 1891 2480 Januarii:

302 2525 470 2579 usque
507 2511 579 2564 ad
606 2514 871 2582 sequentis
901 2512 1223 2588 Septembris
1267 2518 1534 2589 (ejusdem
1568 2520 1697 2574 anni
1732 2518 1890 2590 1267)

303 2597 605 2658 Kalendas.
648 2602 840 2675 Itaque
869 2618 1049 2661 annus
1081 2601 1242 2669 67⁸15Δ
1263 2608 1548 2678 inceperat
1576 2623 1607 2662 a
1632 2607 1892 2663 Kalendis

307 2693 655 2760 Septembris
709 2696 838 2751 anni
899 2700 1262 2768 prtecedentis
1323 2695 1482 2763 1266,
1510 2705 1564 2753 et
1588 2698 1753 2754 tinem
1795 2699 1891 2762 ha,-

303 2786 430 2841 Ivuit
477 2787 568 2841 die
631 2795 910 2858 postrema
962 2790 1193 2859 Augusti
1221 2791 1353 2846 anni
1386 2789 1545 2852 1267,
1575 2790 1890 2861 inccpitquc

302 2879 376 2933 ab
411 2878 834 2948 insequentibus
850 2882 1103 2949 ejusdem
1130 2883 1264 2942 anni
1299 2881 1435 2937 1267
1467 2882 1727 2938 Kalendis
1756 2881 1890 2952 Sep-

304 2972 615 3028 tembribus
637 2989 815 3029 annus
849 2974 1012 3033 6776.
1053 2975 1226 3045 Igitur
1277 2976 1398 3031 dies
1425 2976 1493 3031 14
1528 2974 1889 3047 Septembris,

304 3080 414 3133 qua
469 3065 782 3122 Germanus
836 3067 1113 3123 abdicavit
1166 3068 1623 3140 patriarchatnm,
1680 3080 1739 3124 et
1771 3068 1890 3123 dies

2020 588 2418 646 lirmareliceat
2451 593 2776 648 auctoritate
2833 594 2986 649 Selhi
3033 593 3277 648 Calvisii.
3304 593 3357 648 Is
3383 594 3452 648 ad
3491 609 3591 647 an-

2017 693 2148 735 num
2197 679 2333 735 1268
2354 682 2580 738 adnotat
2613 699 2627 735 :
2669 682 2810 752 (Iloc
2841 685 3007 753 anno)
3037 684 3217 753 incipit
3250 701 3424 738 annus
3457 684 3597 740 Con-

2013 773 2517 842 stantinopolitanae
2568 776 2705 832 6777
2757 778 2843 831 dic
2882 779 2906 832 1
2946 777 3209 832 Octobris.
3242 777 3594 849 Legendum,

2012 864 2177 931 die,1
2246 863 2588 936 Septembris,
2651 868 3146 925 animadvertimus
3200 869 3255 922 in
3310 877 3437 922 nota
3476 867 3594 937 (21)

2009 957 2264 1027 superius
2318 973 2641 1015 memorata.
2700 960 2890 1030 Itaque
2957 977 3138 1016 aunns
3181 961 3321 1016 6776
3381 960 3598 1029 incepit

2009 1060 2155 1099 anno
2180 1046 2337 1112 1267,
2371 1057 2427 1102 et
2460 1063 2638 1103 annus
2660 1048 2799 1104 6775
2833 1050 3036 1123 incepit
3059 1068 3204 1104 anno
3229 1051 3384 1113 I266,
3420 1051 3595 1103 adeo-

2009 1150 2116 1204 que
2145 1135 2469 1207 September
2499 1155 2563 1195 ac
2608 1140 2912 1197 December
2964 1143 3093 1197 anni
3119 1143 3261 1197 6775
3293 1142 3586 1212 pertinent

2008 1228 2075 1285 ad
2127 1243 2332 1284 annum
2384 1246 2509 1285 ειη-ιιι
2552 1232 2794 1302 vulgaris
2820 1234 2980 1288 1266.
3026 1233 3131 1289 Sed
3165 1233 3310 1287 hanc
3342 1232 3597 1302 denique

2010 1319 2254 1388 regulam
2282 1336 2346 1374 ac
2375 1322 2694 1377 methodnm
2724 1325 3014 1395 agnovisse
3039 1323 3261 1380 tandem
3293 1324 3590 1378 Possinum

2005 1422 2062 1464 ct
2092 1412 2444 1480 approbasse,
2478 1414 2794 1483 peritiorem
2848 1417 3048 1473 factum
3069 1458 3085 1484 ,
3105 1416 3407 1474 dicendum
3443 1415 3594 1471 infra

2004 1506 2181 1570 capite
2203 1503 2255 1561 5.
2283 1520 2437 1559 num.
2464 1504 2518 1559 6.

2074 1594 2193 1661 Quo
2232 1598 2410 1663 posito
2440 1596 2676 1661 calculo,
2734 1599 3043 1655 rectissime
3099 1599 3594 1669 Iluitchronogra-

2002 1685 2133 1755 phia
2186 1695 2398 1740 nostra.
2448 1685 2609 1739 Anno
2640 1687 2800 1748 1266,
2825 1689 2913 1743 die
2944 1688 3009 1744 14
3033 1688 3402 1757 Septembris,
3436 1687 3598 1741 thre-

2002 1788 2137 1831 mtm
2193 1776 2419 1848 reliquit
2456 1774 2786 1834 Germanus.
2846 1780 3055 1835 Eodem
3112 1795 3259 1835 anno
3292 1779 3460 1842 1266,
3493 1777 3596 1832 die

1925 1854 1971 1911 Β
2003 1869 2074 1923 28
2130 1870 2469 1932 Decembris.
2516 1870 2571 1925 in
2602 1873 3031 1939 patriarchalem
3062 1873 3324 1926 thronum
3355 1886 3595 1941 promo-

2005 1969 2095 2016 tus
2139 1971 2225 2017 est
2258 1961 2555 2031 Iosephus.
2607 1963 2765 2019 Anno
2800 1964 2954 2027 I267.
2995 1964 3254 2020 Kalendis
3282 1963 3591 2028 Ianuariis,

2004 2062 2217 2105 merant
2272 2052 2364 2106 ille
2423 2052 2670 2121 suscepit
2717 2054 3090 2123 pontificalem
3140 2055 3587 2109 ordinationem.

2000 2135 2161 2193 Anno
2215 2138 2409 2195 eodem
2476 2140 2634 2206 1267,
2680 2141 2772 2197 die
2814 2144 2849 2198 2
2908 2143 3221 2209 Februarii,
3245 2144 3469 2199 solutus
3501 2151 3595 2198 est

2002 2228 2302 2299 imperator
2348 2232 2694 2287 anathemate
2746 2250 2775 2289 a
2806 2234 3090 2304 Iosepho;
3121 2235 3432 2303 eodemque
3491 2233 3594 2288 de-

2002 2336 2155 2377 mum
2188 2339 2333 2380 anno
2365 2325 2497 2379 I267
2522 2327 2753 2397 contigit
2781 2327 3005 2397 eclipsis
3030 2328 3164 2383 solis
3195 2344 3223 2381 a
3260 2326 3587 2397 Nicephoro

1999 2414 2243 2488 Gregora
2299 2418 2559 2473 adnotata
2621 2419 2709 2474 die
2766 2419 2835 2475 25
2880 2419 3024 2474 Maii.
3097 2419 3591 2494 Methodoannos

2002 2513 2312 2566 mundaeos
2342 2511 2654 2567 Graecorum
2684 2510 3043 2580 computandi
3088 2512 3274 2566 minus
3319 2519 3591 2566 accurate

2001 2603 2272 2667 adhibita,
2299 2619 2485 2659 errare
2509 2616 2608 2673 pro
2657 2604 2900 2659 humana
2947 2604 3269 2660 conditione
3302 2604 3453 2658 viros
3487 2603 3592 2658 do-

1999 2694 2296 2755 ctissimos,
2331 2709 2620 2750 necessum
2650 2689 2772 2751 fuit.

2071 2789 2135 2843 γ.
2168 2787 2357 2843 Factio
2392 2790 2609 2859 vigebat
2662 2790 2715 2844 in
2764 2790 3010 2847 Ecclesia
3062 2790 3595 2862 Constantinopoli-

2000 2889 2150 2943 tana,
2190 2881 2624 2936 Arsenianorum
2670 2881 2776 2955 41
2831 2881 3119 2954 dicta,qui
3158 2883 3459 2939 Arsenium
3500 2882 3593 2936 his

1997 2988 2030 3028 e
2061 2972 2265 3029 throno
2296 2975 2647 3044 patriarchali
2676 2975 3011 3045 depositum,
3061 2992 3163 3045 pro
3197 2977 3454 3045 legitimo
3487 2992 3593 3046 pa-

1998 3065 2240 3136 triarcha
2324 3065 2755 3128 venerabantur,
2816 3074 3156 3137 cmterosque
3223 3065 3589 3134 rejiciehant,

303 3158 607 3212 vicesimus
651 3167 888 3214 octavus
937 3158 1265 3216 Decembris
1315 3160 1447 3215 anni
1477 3160 1640 3226 6375,
1662 3174 1770 3229 qua
1800 3158 1891 3215 Io-
1915 3171 1961 3234 η
1996 3159 2088 3225 qui
2152 3156 2432 3210 substituti
2465 3157 2704 3211 fuerant.
2760 3158 2960 3213 Recole
2990 3158 3354 3230 I‘achymeris
3380 3158 3589 3221 verba.

300 3253 534 3323 sephnm
588 3254 643 3308 in
696 3254 1071 3324 patriarcham
1147 3257 1426 3327 promovit
1472 3256 1798 3327 imperator.
1854 3271 1881 3311 ιι

297 3345 645 3416 Paehymere
667 3347 864 3412 notati,
897 3350 965 3402 ad
998 3346 1285 3406 Iulianum
1336 3364 1462 3405 aera:
1490 3350 1741 3421 vulgaris
1777 3348 1888 3422 40

299 3453 508 3493 annum
542 3440 806 3510 pertinet,
835 3454 946 3496 non
990 3441 1151 3507 1267,
1192 3442 1291 3496 sed
1342 3441 1504 3505 1266,
1534 3452 1590 3496 et
1630 3441 1887 3496 Kalendae

297 3529 604 3593 Ianuariae,
665 3533 872 3600 quibus
922 3531 1017 3586 ille
1042 3547 1196 3588 sacra
1221 3532 1522 3601 pontiﬁcali
1541 3532 1888 3588 ordinatione

301 3621 561 3679 initiatus
605 3624 735 3687 fuit,
787 3624 1055 3681 inchoant
1122 3625 1405 3682 Iulianum
1466 3640 1591 3680 serae
1646 3623 1889 3695 vulgaris

299 3732 530 3783 annulo,
559 3732 670 3773 non
703 3716 860 3782 I268,
883 3718 983 3773 sed
1042 3718 1199 3774 1267.
1237 3718 1502 3789 Regulam
1526 3718 1669 3772 hanc
1694 3718 1888 3771 certis-

300 3808 499 3865 simam
535 3808 843 3865 ratiociniis
874 3817 932 3864 et
960 3809 1231 3881 exemplis
1254 3807 1709 3864 conﬁrmavimus
1745 3807 1892 3861 inter

301 3911 464 3957 notas
489 3902 557 3957 ad
588 3902 769 3958 Vitam
802 3901 1057 3973 Gregorii
1083 3901 1298 3974 Cyprii,
1336 3909 1466 3954 nota
1501 3900 1715 3955 scilicet
1753 3898 1890 3969 (21).

375 3994 576 4065 Pagina
633 3994 692 4048 in
740 3992 1143 4050 Dissertatione
1201 3994 1270 4049 de
1290 3991 1529 4047 Periodo
1550 3991 1745 4048 Graeco
1779 3992 1893 4047 Ro-

302 4103 488 4151 mana,
520 4102 676 4144 num.
713 4087 807 4151 65,
857 4086 1165 4152 admonet,
1215 4086 1269 4139 in
1305 4084 1690 4156 conjungendis
1737 4086 1895 4139 annis

300 4181 588 4236 mundanis
631 4177 943 4236 amcorum
999 4195 1120 4233 cum
1154 4178 1314 4232 anuis
1349 4176 1692 4241 Dionysianis
1746 4176 1895 4246 (sive

295 4293 423 4332 cum
464 4278 627 4333 annis
665 4276 903 4332 Iulianis
941 4291 1067 4331 tera:
1108 4267 1401 4345 vulgaris),
1442 4272 1745 4344 faciliorem
1787 4287 1900 4326 esse

294 4373 636 4436 mcthodunt,
699 4372 905 4425 caeteris
968 4368 1211 4423 omnibus
1279 4366 1716 4436 praferendam,
1781 4380 1900 4434 qum

293 4465 529 4520 sumitur
586 4479 652 4519 ea:
700 4464 1016 4518 indictione.
1075 4462 1299 4516 Annum
1353 4458 1510 4514 illum
1571 4457 1713 4514 6775
1768 4471 1899 4514 vere

294 4555 623 4626 insignitum
679 4561 836 4608 notat
883 4551 1257 4622 Pachymeres
1314 4548 1603 4605 indictitme
1655 4549 1885 4602 decimo.
1923 4530 1964 4583 θ

295 4648 463 4719 Atqui
520 4661 650 4703 vero
678 4644 912 4701 indictio
965 4644 1206 4703 decima.
1253 4657 1409 4698 more
1460 4642 1749 4713 pontiﬁcio
1797 4651 1894 4695 aut

300 4739 554 4800 Romano
598 4743 944 4805 computata,
987 4733 1460 4803 amcitintegrum
1485 4749 1691 4789 annum
1730 4732 1889 4797 1267,

297 4854 326 4886 ιι
388 4832 651 4887 Kalendis
704 4828 958 4887 Ianuarii
1022 4843 1200 4897 usque
1251 4827 1321 4883 ad
1351 4825 1890 4883 KalendasIanuarii

297 4926 581 4980 exclusive
636 4923 767 4977 anui
824 4920 989 4983 1268,
1046 4920 1250 4990 quibus
1281 4919 1478 4990 incipit
1513 4918 1745 4974 indictio
1788 4935 1890 4972 un—

297 5019 538 5073 decima.
567 5016 675 5073 Sed
698 5014 894 5070 eadem
932 5013 1166 5069 indictio
1216 5013 1455 5071 decima.
1488 5013 1532 5067 si
1561 5028 1713 5067 more
1746 5010 1895 5066 Cra:-

299 5124 494 5165 ccrum
568 5114 947 5177 computetur,
994 5104 1218 5159 initium
1268 5105 1507 5174 sumpsit
1543 5119 1589 5195 ⁸ιι
1632 5102 1893 5158 Kalendis

298 5197 725 5270 Septembribus
760 5197 892 5251 anni
933 5195 1297 5266 przecedentis
1346 5187 1606 5260 1266,}t
1636 5211 1665 5249 a
1694 5191 1890 5248 Kalen-

299 5295 389 5349 dis
430 5290 778 5362 Septembris
827 5289 958 5344 anni
1008 5289 1143 5344 1267
1168 5289 1276 5344 alia
1310 5288 1602 5344 exorditur
1633 5286 1889 5349 indictio,

298 5387 518 5441 scilicet
553 5383 848 5438 undecima
869 5419 883 5435 .
909 5383 1151 5437 Rursum
1209 5395 1390 5435 annus
1424 5378 1892 5446 Constantinopo-

299 5480 508 5533 litanus
543 5474 683 5529 6775
715 5475 927 5529 divisus
964 5489 1063 5545 per
1089 5472 1177 5540 15,
1217 5472 1369 5527 nulla
1409 5470 1553 5525 facta
1587 5469 1707 5522 sive
1736 5465 1893 5521 addi-

303 5574 477 5637 tionc,
508 5569 626 5626 sive
660 5570 1066 5635 subtractione,
1126 5566 1491 5623 indictionem
1521 5563 1730 5624 reddit.
1764 5577 1891 5616 cum

299 5680 410 5736 qva
441 5661 635 5733 incipit
694 5680 724 5718 ει
766 5663 1027 5719 Kalendis
1077 5659 1522 5732 Septembribus.
1568 5653 1890 5711 Redditille

302 5772 436 5811 vero
493 5755 848 5811 indictiuncln
896 5756 1207 5815 decimam,
1245 5769 1366 5822 qum
1394 5750 1715 5805 Grrccorum
1736 5759 1891 5800 more

303 5866 335 5904 ιι
388 5847 653 5905 Kalendis
702 5848 1050 5919 Septembris
1084 5849 1214 5904 anni
1249 5846 1381 5902 I266
1427 5846 1732 5912 iuccpcral.
1769 5837 1891 5892 11ωο

1990 3264 2110 3317 qua:
2139 3248 2534 3317 descripsimus
2565 3266 2620 3303 ιι.
2648 3250 2701 3303 5.
2730 3250 2971 3320 Iosepho
3000 3250 3273 3306 Galesiota
3307 3252 3361 3305 in
3388 3251 3595 3307 sedem

1990 3341 2410 3413 patriarchalcm
2468 3351 2664 3396 evecto
2689 3382 2705 3407 ,
2732 3342 2840 3397 alia
2865 3342 3100 3398 invaluit
3128 3344 3296 3397 factio
3319 3343 3598 3413 Iosephi-

1973 3445 2192 3497 ‘tarum,
2222 3434 2316 3504 qui
2345 3449 2444 3504 pro
2468 3435 2660 3491 eodem
2692 3434 2912 3490 stabant
2970 3436 3214 3506 Iosepho
3245 3449 3443 3494 contra
3476 3441 3594 3494 Ar-

1990 3527 2232 3581 senium.
2261 3525 2412 3582 Satis
2442 3524 2612 3582 hocce
2639 3526 2708 3583 de
2754 3528 3050 3585 schismate
3098 3545 3273 3600 pauca
3298 3531 3594 3597 innuisse,

1992 3627 2054 3671 ut
2116 3633 2240 3686 quae
2285 3617 2518 3674 interius
2546 3617 2778 3673 dicenda
2822 3628 2975 3689 sunt,
3004 3619 3230 3677 facilius
3256 3623 3597 3693 intelligan-

1995 3719 2105 3766 IDI'.

2607 3850 2835 3908 CAPUT
2875 3853 2945 3910 II.

1995 3963 2247 4046 Georgius
2292 3966 2515 4046 Cyprius
2559 3969 2838 4046 ordinatus
2879 3969 3103 4046 lectore
3134 3972 3369 4043 Iosepho
3400 3979 3602 4046 patri-

2070 4038 2660 4109 archa,gascriptusque
2703 4042 2844 4094 clero
2878 4041 3159 4109 palatino,
3203 4038 3362 4098 titulo
3395 4038 3602 4109 proto-

2067 4107 2402 4180 apostolarii.
2445 4106 2705 4180 Unionem
2734 4106 3011 4180 utriusque
3046 4112 3323 4174 Ecclesiae.
3371 4106 3603 4173 Latini:

2068 4185 2118 4228 et
2146 4175 2365 4239 ercw,
2397 4179 2814 4232 constituendam
2851 4175 3004 4235 curat
3038 4181 3276 4238 Michael
3306 4185 3598 4241 Pola-olo-

2071 4262 2168 4315 gus
2211 4246 2522 4317 imperator.
2560 4246 2857 4303 Germanus
2896 4257 3269 4308 controversia
3312 4264 3496 4308 status
3528 4259 3602 4313 de

2071 4316 2400 4385 processione
2426 4316 2655 4385 Spiritus
2680 4322 2849 4373 sancti
2871 4336 2902 4372 a
2936 4321 3124 4383 Patre,
3151 4332 3202 4376 et
3233 4342 3267 4378 ιι
3300 4325 3466 4384 Filio.
3493 4346 3601 4381 seu

2073 4384 2175 4463 per
2199 4384 2414 4441 Filium.
2447 4384 2603 4441 Matre
2627 4393 2996 4463 controuersia:
3021 4400 3290 4463 tempora.
3328 4392 3603 4463 Impera-

2074 4459 2175 4509 tori
2206 4472 2420 4530 9pera_m
2444 4474 2596 4510 suam
2630 4474 2748 4530 cum
2781 4459 2902 4512 aliis
2928 4472 3149 4530 praestat
3181 4459 3428 4530 Cyprius
3452 4483 3599 4519 con-

2063 4536 2147 4579 tra
2190 4525 2474 4595 Iosephum
2520 4529 2886 4592 patriarclmm
2929 4525 2983 4582 et
3034 4525 3304 4586 Joannem
3350 4533 3605 4591 Beccum

2068 4597 2524 4667 eltartophylacem
2541 4635 2558 4654 .
2592 4656 2603 4661 λ

2072 4732 2115 4787 1.
2183 4731 2439 4787 Pnblicas
2493 4731 2722 4801 regebat
2783 4731 3275 4804 Constantinopoli
3352 4737 3608 4793 scholas

1993 4826 2267 4896 Georgius
2312 4823 2652 4894 Acropolita,
2686 4840 2919 4894 magnus
2978 4827 3289 4896 logotheta.
3350 4830 3410 4884 In
3464 4831 3609 4902 ejus

1993 4917 2345 4988 disciplinam
2379 4916 2641 4984 traditus,
2674 4918 3017 4989 proprioque
3047 4920 3291 4976 maxime
3320 4922 3613 4978 excultus

1994 5012 2184 5067 labore
2217 5010 2487 5081 Georgius
2512 5009 2770 5081 Cyprius,
2804 5027 2906 5081 pro
2936 5028 3155 5068 summa
3191 5030 3302 5085 qua
3330 5016 3614 5085 pollebat

1995 5103 2201 5172 ingenii
2244 5102 2321 5167 vi,
2371 5101 2440 5156 ad
2477 5101 2697 5158 culmen
2747 5103 3035 5173 sapientia:
3082 5108 3373 5175 pervenit,
3412 5117 3478 5162 ut
3515 5112 3616 5167 ait.

1993 5195 2342 5266 Ephraemius
2372 5193 3217 5265 Constantinopolitanus.Vide
3267 5209 3437 5257 notas
3490 5204 3609 5268 21,

1944 5312 1953 5323 -
1993 5285 2067 5340 22
2106 5294 2163 5341 et
2210 5285 2304 5341 23.
2359 5283 2572 5339 Fractis
2622 5285 2840 5340 viribus
2893 5286 3178 5343 Iatiscenti
3239 5292 3615 5360 AcrOpoIitze

1993 5377 2327 5433 substitutus
2358 5385 2444 5433 est
2473 5377 2666 5433 rhetor
2700 5377 3028 5445 Holobolus,
3069 5391 3271 5451 agente
3299 5381 3614 5441 Germano

1994 5468 2332 5539 patriarcha.
2378 5468 2515 5522 Rem
2560 5477 2749 5523 narrat
2775 5467 3149 5542 Pachymeres
3194 5472 3346 5528 libro
3379 5489 3460 5538 tv,
3497 5490 3615 5532 ca-

1996 5562 2108 5629 pite
2169 5560 2255 5613 15.
2311 5557 2648 5612 Litterarum
2708 5560 3047 5616 commercia
3106 5575 3237 5616 cum
3304 5562 3420 5617 isto
3486 5564 3619 5620 ha-

1995 5651 2181 5705 buisse
2216 5648 2503 5720 Cyprium,
2559 5664 2626 5705 ex
2678 5650 2933 5721 epistolis
2987 5661 3163 5723 patet,
3205 5668 3335 5724 quin
3384 5666 3617 5712 nostro

1995 5748 2213 5796 exstant
2276 5742 2329 5795 in
2395 5742 2715 5812 apographo
2785 5743 2997 5800 codicis
3064 5745 3620 5817 Lugdune-Bata-

1995 5850 2198 5889 \‘CIISIS.
