3858 6482
283 374 355 438 57
1412 377 1609 441 νιΤΑ.
1649 402 1719 414 ·-
1756 379 1854 438 Dif

1962 379 2263 442 ZRTATIO
2300 384 2353 445 Ι.
3467 384 3537 451 58

353 490 503 549 Idem
536 490 924 564 Paeltymeres,
953 492 1023 550 de
1051 494 1409 566 patriareltali
1444 495 1710 567 dignitate
1751 497 1853 567 Cy-
1885 505 1926 558 Α
1958 497 2149 565 Pauli,
2223 516 2361 569 quas
2414 499 2784 572 ptmlegebau:
2808 542 2824 570 ,
2885 501 3020 559 dicti
3083 502 3249 561 etiam
3308 513 3533 575 aposto.

282 584 408 655 prio
438 585 640 657 collata
668 601 838 658 agens
863 587 918 641 in
951 588 1265 643 Andronico
1292 588 1623 657 imperatore
1647 589 1790 643 libro
1816 604 1855 651 ι,

281 677 466 744 capite
496 679 581 740 Η,
616 679 698 735 sic
735 680 858 736 ait:
903 679 1224 749 Ἐκλέγεται
1262 682 1361 751 μὲν
1397 683 1476 745 εἰς
1505 680 1859 752 πατριάρχην

281 769 375 820 τὸν
400 771 466 823 ἐκ
496 771 727 841 Κύπρου
752 772 1048 844 Γεώργιον,
1082 772 1250 843 ἄνδρα
1279 774 1455 841 λόγοις
1493 775 1858 844 ὲντραφὲντα,

280 864 380 914 καὶ
422 866 696 933 σφραγῖδα
731 865 826 919 τοῦ
867 867 1207 938 πατριάρχου
1250 866 1453 937 Ἰωσὴφ
1500 866 1753 937 φέροντα,
1800 867 1859 920 τὸ

279 954 379 1007 τοῦ
403 958 992 1030 πρωτοαποστολαρίου
1017 960 1096 1022 εἰς
1121 960 1441 1030 ἀνακτόρων
1463 959 1861 1029 ἐπιφερόμενον

282 1048 576 1117 σέμνωμα.
626 1053 759 1116 Qua:
804 1055 970 1111 verba
1009 1054 1087 1107 ita
1140 1055 1307 1107 vortit
1352 1053 1656 1107 Possinus:
1690 1052 1858 1121 Eligit

277 1141 447 1210 igitur
478 1145 530 1197 in
564 1146 927 1213 patrium/tum
987 1148 1269 1202 oriundum
1294 1162 1321 1199 e
1345 1145 1521 1216 Cypro
1548 1144 1857 1213 Georgium,

274 1236 454 1288 virum
515 1237 773 1295 doctrinis
830 1240 1184 1302 innutritum,
1255 1256 1409 1309 quem
1470 1236 1858 1293 commendaret

274 1327 571 1397 Josephitis
602 1347 634 1383 o
669 1330 893 1401 Joseplto
926 1334 1233 1400 patriarcha
1266 1331 1553 1386 benedictio
1595 1340 1808 1399 accepta
1842 1349 1857 1385 :

276 1424 481 1489 quippe
537 1422 691 1477 illum
745 1424 815 1477 ad
865 1424 1186 1494 {unctionem
1239 1425 1488 1494 primarii
1537 1422 1857 1479 ecclesiastis

278 1511 544 1581 palatium
580 1516 847 1569 contionis
869 1554 884 1575 .
920 1528 1171 1570 consueta
1204 1517 1371 1569 sacris
1417 1514 1604 1567 ritibus
1643 1514 1741 1566 tali
1774 1531 1860 1567 oc-

278 1605 499 1658 casione
537 1604 663 1659 bene
703 1608 956 1676 precandi
990 1607 1221 1672 formula
1264 1606 1447 1677 palam
1481 1622 1512 1659 a
1549 1621 1607 1660 se
1646 1605 1860 1676 delega-

278 1704 421 1760 tum,
463 1707 603 1750 certo
642 1699 949 1754 charactere
975 1715 1088 1754 suae
1127 1698 1527 1769 approbationis
1571 1699 1633 1752 dc
1659 1698 1857 1768 favoris

276 1786 565 1858 Joscpltus,
595 1791 720 1845 dum
753 1795 966 1856 viveret,
996 1794 1360 1863 insigniverat“.
1396 1791 1504 1863 42
1535 1791 1594 1848 id
1620 1806 1790 1846 unum
1827 1808 1857 1847 a

1965 591 2109 646 lnrii.

2035 684 2184 739 inter
2231 685 2510 755 simplices
2562 687 2804 744 lectores
2853 696 2949 743 aut
3006 689 3378 759 apestolarios
3424 705 3535 747 non

1962 777 2115 835 stetit
2144 776 2434 849 Georgius.
2465 780 2666 835 Narrat
2690 781 3042 850 Epitraamius
3067 781 3541 852 ConstantinOpo-r

1960 868 2168 923 litanus
2216 871 2360 939 apud
2392 872 2651 928 Allatium
2688 883 2746 928 et
2783 873 3126 933 Bandurium
3154 890 3169 928 :
3200 871 3333 927 Εἶτα
3367 892 3537 928 κατα-

1962 963 2094 1026 στὰς
2121 965 2396 1036 γνώριμος
2421 966 2772 1037 στεφηφόρῳ,
2802 967 2897 1021 καὶ
2927 968 3217 1035 συνταγεὶς
3248 967 3438 1038 κλήρῳ
3471 984 3536 1034 γε

1959 1055 2054 1112 τοῦ
2084 1056 2347 1111 tralaticio
2368 1098 2382 1124 ,
2414 1059 2591 1128 ipsum
2622 1058 2863 1129 denique
2902 1058 3186 1130 Cyprium,
3219 1069 3273 1112 ut
3304 1061 3540 1130 impera-

1962 1149 2065 1206 tori
2107 1150 2358 1214 innotuit,
2411 1154 2552 1205 clero
2593 1149 2782 1221 palatii
2829 1151 3119 1221 ascriptum
3160 1151 3346 1218 fuisse.
3377 1148 3543 1206 Hunc

1960 1238 2353 1308 imperatorem
2382 1240 2651 1296 libentius
2676 1239 3043 1313 intelliget-em
3087 1241 3412 1297 Micltaelem
3436 1240 3538 1295 Pa‘

1960 1329 2269 1400 lteologum,
2304 1330 2399 1399 qui
2442 1329 2707 1400 Cyprium
2755 1331 3073 1387 ordinatum
3123 1331 3387 1387 lectorem
3439 1339 3540 1383 aut

1960 1419 2067 1493 43
2096 1420 2495 1492 apostolarittm
2523 1438 2555 1494 ξ
2588 1422 2856 1492 Josepho,
2886 1423 3040 1477 clero
3064 1422 3316 1492 palatino
3363 1423 3537 1476 ascri-

1960 1516 2156 1585 pserit,
2188 1512 2506 1584 dixeritque
2557 1514 3148 1582 Protoapostolarium.
3203 1514 3537 1569 Primarium

1960 1605 2229 1661 Palatina:
2259 1608 2526 1661 concionis
2567 1606 2922 1660 Ecclesiasten
2969 1606 3533 1678 intelligitPossinus.

1962 1700 2264 1769 [intelligam
2319 1716 2422 1770 ego
2468 1699 2841 1769 Epistolarum
2890 1713 2946 1756 et
2999 1700 3422 1770 Propltetiarum
3478 1701 3536 1755 in

1961 1809 2117 1845 sacro
2151 1794 2262 1847 teda
2305 1791 2553 1862 palatina
2603 1791 2871 1846 lectorem.
2916 1791 3182 1856 Codinus,
3230 1792 3309 1845 De
3354 1792 3537 1861 ofﬁciis

272 1856 527 1950 Iosepho
566 1883 682 1939 ilth
706 1884 921 1940 Possini
956 1856 1354 1956 interpretatio
1385 1856 1591 1947 facium
1624 1885 1854 1948 indicat,
1885 1856 1933 1915 Β
1966 1885 2167 1938 Ιάιαιὶἱ
2218 1856 2823 1954 Constantinopolitani,
2881 1885 3060 1954 capite
3112 1901 3190 1948 rt,
3245 1856 3415 1954 agens
3467 1884 3537 1937 de

276 1974 432 2042 ιιυοά
481 1976 811 2045 ρτίωειτίυιη
858 1979 915 2039 in
962 1995 1118 2039 sacra
1149 1979 1270 2035 aede
1311 1979 1559 2048 palatina
1594 1962 1859 2033 ecclesia-

278 2074 433 2130 steti,
488 2081 587 2122 seu
642 2070 1095 2125 concionatorem
1149 2069 1524 2142 designaverit
1570 2068 1856 2141 Cyprium.

276 2153 425 2211 Hinc
452 2159 536 2212 vir
565 2159 924 2217 doctissimus
948 2162 1003 2216 in
1034 2161 1339 2225 Glossarin,
1373 2162 1440 2217 ad
1472 2176 1665 2229 vocem
1688 2179 1857 2231 σφρα-

278 2247 395 2312 γίς.
451 2251 534 2303 sic
573 2249 692 2304 ait:
748 2270 767 2302 ‹
825 2252 939 2321 Ego
984 2251 1073 2307 ltic
1111 2253 1406 2322 σφραγῖδα.
1447 2253 1857 2307 benedictionem

277 2342 449 2393 verti.
496 2341 751 2397 Intellexi
789 2345 936 2399 enim
966 2348 1175 2423 signum
1222 2346 1392 2400 crucis
1428 2361 1594 2400 manu
1632 2360 1859 2414 expres-

273 2445 402 2485 sum
430 2448 461 2486 a
490 2435 809 2503 patriarcha
842 2437 1090 2508 Josepho
1119 2453 1289 2507 super
1334 2438 1501 2494 istum
1532 2436 1855 2508 Georgium,

275 2540 390 2579 una
428 2529 794 2595 pronuntiata
844 2540 1000 2585 certa
1039 2531 1337 2585 verborum
1369 2529 1632 2594 formula,
1667 2547 1775 2600 qua
1814 2532 1858 2586 is

274 2619 493 2673 electus
554 2621 621 2673 ad
691 2620 930 2677 cilicium
998 2623 1159 2693 primi
1224 2621 1539 2676 ecclesiastis
1600 2623 1857 2693 palatina:

275 2709 571 2766 concionis
627 2712 755 2782 (hoc
816 2714 965 2768 enim
1006 2726 1165 2769 sonat
1222 2715 1856 2787 πρωτοαποστοὶ.ᾀριο;),

274 2800 391 2857 rite
437 2803 508 2857 ad
555 2804 898 2876 iungendum
949 2807 1004 2863 id
1052 2808 1431 2865 ministerium
1477 2809 1683 2864 missus
1719 2808 1856 2863 fuis—

274 2906 389 2952 set.
424 2919 444 2953 ι

353 2992 468 3049 Hac
520 2994 891 3063 pnetermissa
939 2996 1217 3060 versione,
1251 3012 1373 3065 quae
1420 2995 1655 3050 nimium
1698 3012 1856 3066 para-

280 3084 587 3154 phrastien.
649 3103 861 3156 proque
904 3089 1068 3158 genio
1124 3090 1456 3144 concinnata
1502 3089 1745 3149 videtur.
1800 3090 1852 3144 id

1963 1979 2151 2042 Feriis,
2182 1996 2300 2046 qua,
2327 1979 2384 2033 in
2420 1978 2635 2033 Palatio
2670 1981 2859 2048 feriari
2886 1979 3076 2035 solent.
3117 1997 3181 2033 ac
3211 1981 3441 2044 primum
3473 1980 3538 2031 de

1961 2071 2112 2125 Festo
2139 2071 2450 2126 Nativitatis
2480 2072 2719 2133 Domini.
2748 2071 2830 2126 sic
2857 2073 2933 2127 ait
2970 2088 3123 2126 num.
3155 2072 3219 2126 14
3248 2091 3261 2125 :
3291 2069 3535 2125 Psaltnos

1962 2163 2237 2219 Horarum
2271 2164 2392 2235 legit
2425 2148 2831 2223 archidiaconus
2854 2181 2872 2218 :
2914 2165 3276 2233 Drapltetiam,
3311 2175 3361 2216 et
3391 2163 3535 2231 Apo—

1958 2256 2153 2311 stolum
2204 2256 2782 2325 Protoapostolarius:
2829 2273 2894 2312 ea:
2943 2256 3252 2326 Evangeliis
3304 2256 3536 2326 primum

1960 2349 2170 2418 quidem
2220 2349 2345 2419 legit
2376 2358 2699 2420 protopapa,
2734 2349 2945 2419 reliqua
2978 2349 3079 2404 alii
3119 2349 3443 2411 sacerdotes.
3477 2347 3538 2403 In

1959 2437 2116 2492 Notis
2133 2437 2199 2492 ad
2228 2438 2377 2492 hunc
2409 2439 2590 2493 locum
2622 2438 3176 2496 JacobusGretserus
3199 2441 3314 2495 haec
3339 2438 3536 2495 habet:

1969 2546 1985 2578 ι
2036 2527 2578 2591 Protoapostolarius.
2616 2528 2782 2584 Vides
2808 2540 2866 2586 et
2897 2530 2988 2584 ltie
3016 2544 3219 2584 nomen
3259 2527 3535 2583 Graecani-

1959 2635 2036 2674 ca:
2082 2620 2455 2676 ambitionis:
2498 2623 2644 2691 quod
2693 2621 2838 2677 inter
2885 2622 3032 2686 illos,
3088 2622 3183 2691 qui
3234 2620 3537 2691 apostolum

1963 2709 2189 2767 Paulum
2218 2712 2443 2782 publice
2480 2714 2761 2783 legebant,
2805 2714 2910 2769 hoc
2940 2725 3027 2770 est
3077 2715 3223 2769 inter
3256 2713 3537 2782 Apostolu-

1960 2805 2088 2865 rios,
2137 2807 2435 2861 voluerunt
2483 2805 2691 2863 habere
2739 2805 3316 2876 Protoapostolarium.
3371 2823 3390 2856 ι
3450 2802 3547 2868 Al).

1958 2896 2131 2951 hocce
2160 2913 2386 2952 munere
2420 2898 2702 2954 diversum
2738 2913 2873 2968 ergo
2909 2898 3135 2953 videtur
3187 2912 3388 2952 munus
3434 2895 3539 2951 Ec-

1959 2989 2233 3054 clesiastis,
2263 2989 2358 3061 qui
2390 2992 2506 3046 sive
2528 2992 2878 3061 Apostolum,
2902 2991 3019 3047 sive
3047 2990 3337 3061 Evangelia
3365 3004 3535 3060 expo-

1961 3084 2142 3138 nebat.
2180 3083 2443 3148 Codinus,
2478 3087 2658 3155 capite
2690 3087 2740 3147 l,
2792 3084 2844 3138 in
2893 3086 3061 3139 tertio
3112 3082 3384 3149 Quinario
3424 3095 3537 3136 tne-

276 3194 474 3245 presse
504 3195 567 3233 ac
612 3196 741 3236 vere
786 3180 1103 3249 significant
1131 3181 1317 3237 Graeca
1351 3181 1702 3251 Pacltymeris
1731 3197 1854 3237 ver-

1962 3183 2139 3228 morat
2167 3175 2492 3229 διδάσκαλον
2518 3177 2612 3229 cui:
2645 3177 3005 3244 Εὑαγγελίου,
3037 3176 3328 3231 Doctorth
3357 3174 3536 3228 Evan-

276 3267 352 3321 ιιι
380 3287 394 3322 :
427 3268 812 3323 Andronicum
865 3271 1173 3339 Augustum
1224 3272 1279 3325 iu
1333 3271 1709 3340 patriarcbam
1743 3274 1855 3328 ele-

276 3359 426 3428 gisse
458 3359 743 3431 Georgium
770 3361 1042 3431 Cyprium,
1074 3364 1246 3416 virum
1272 3364 1599 3417 sermonibus
1627 3364 1855 3418 innutri-

278 3457 418 3515 tum,
451 3459 499 3503 et
526 3452 834 3505 ordinatum
868 3471 901 3507 a
934 3454 1243 3523 patriarcha
1282 3452 1537 3524 Joseplto.
1570 3462 1855 3523 protoupo-

272 3540 489 3596 statarii
556 3543 816 3612 dignitate
874 3543 929 3597 in
990 3542 1199 3613 palatio
1246 3545 1673 3599 condecoratum.
1730 3544 1856 3598 Haec

275 3634 474 3687 eadem
518 3635 703 3689 versio
757 3646 845 3690 est
885 3634 1087 3692 Leonis
1136 3636 1322 3691 Allatii
1378 3635 1432 3690 in
1486 3636 1733 3692 Diatriba
1785 3637 1853 3692 de

275 3725 553 3796 Georgiis.

348 3818 824 3883 Existimaverim,
871 3821 1059 3877 verbis
1103 3821 1237 3885 illis,
1282 3822 1586 3876 ordinatum
1619 3839 1651 3875 a
1686 3821 1858 3888 patri-

275 3914 447 3967 archa
487 3912 734 3980 Joseptto,
782 3915 1054 3982 σφραγῖδα
1102 3914 1197 3966 τοῦ
1250 3914 1599 3985 πατριάρχου
1654 3915 1854 3985 Ἰωσὴφ

277 4007 543 4073 φέροντα,
596 4006 1005 4060 ordinationem
1058 4005 1386 4076 significari,
1434 4022 1543 4074 qua
1590 4005 1853 4078 Cyprium

280 4099 341 4151 in
367 4097 635 4152 lectorem
658 4098 1277 4165 initiaveritloscphus.
1300 4100 1437 4153 llinc
1464 4115 1654 4154 vocem
1681 4101 1852 4163 illam,

282 4189 582 4258 σφριγῖδα,
611 4204 821 4243 meram
840 4191 1253 4244 benedictionem
1284 4191 1430 4245 haud
1464 4191 1854 4256 intellexerim,

276 4279 378 4332 sed
414 4295 668 4332 manuum
702 4280 848 4333 illam
881 4282 1420 4350 impositionem,qua
1453 4282 1690 4337 lectores
1708 4288 1854 4353 apud

275 4373 501 4428 Graecos
551 4372 939 4426 iuitiabantur.
990 4372 1195 4428 Vocem
1246 4374 1497 4429 eamdem
1568 4389 1857 4443 exponens

273 4464 366 4519 Jo.
392 4462 599 4533 Caspar
614 4463 875 4519 Stticerus
904 4464 1153 4527 adnotat.
1172 4465 1428 4521 illauuum
1459 4468 1853 4536 impositiunem

1959 3267 2106 3338 gelii,
2145 3267 2235 3337 qui
2280 3267 2665 3337 interpretatur
2711 3268 2844 3321 illud
2871 3285 2890 3323 :
2936 3278 2995 3323 et
3054 3265 3384 3321 διδάσκαλον
3439 3264 3536 3319 τοῦ

1974 3358 2326 3423 Ἀποστὸλου,
2357 3359 2624 3415 doctorem
2649 3359 2913 3429 Apostoli.
2960 3361 3051 3430 qui
3088 3358 3232 3413 illius
3270 3361 3536 3428 interpres

1960 3460 2055 3503 est.
2095 3448 2233 3505 Hinc
2282 3465 2436 3514 vero,
2483 3450 2785 3508 adnotante
2818 3452 3101 3523 Ducaugio
3153 3451 3206 3506 in
3260 3449 3536 3507 Glossario

1960 3539 2143 3597 (ἔνατα
2176 3559 2191 3597 :
2226 3541 2527 3604 διδάσκειν,
2560 3543 2775 3613 preprie
2802 3550 2877 3596 est
2907 3545 3211 3596 concionem
3238 3541 3431 3595 habere
3463 3539 3535 3594 ad

1956 3635 2208 3701 populum
2266 3635 2325 3687 in
2377 3634 2618 3690 Ecclesia
2668 3651 2688 3690 :
2736 3651 2800 3690 ac
2850 3634 3125 3705 ejusmodi
3172 3634 3533 3704 concionato-

1958 3740 2047 3780 res
2106 3728 2177 3781 ab
2230 3726 2494 3797 episcopo
2551 3728 2932 3798 seligebantur
2987 3742 3054 3781 ex
3113 3726 3299 3780 ordine
3352 3740 3530 3780 sacer-

1956 3818 2161 3874 (totum.

2031 3913 2219 3984 Cyprii
2268 3928 2471 3968 munus
2523 3920 2695 3982 patet,
2727 3927 2839 3982 quo
2885 3910 3220 3982 fungebatur
3270 3909 3326 3964 in
3382 3907 3536 3964 clero

1960 4005 2227 4076 palatino.
2270 4004 2411 4059 Huic
2461 4004 2525 4058 ab
2575 4005 2925 4074 imperatore,
2959 4000 3314 4072 στεφηφόρῳ,
3362 4000 3534 4055 ascri-

1962 4108 2116 4167 ptum
2154 4096 2345 4160 luisse.
2387 4096 2556 4151 tradit
2588 4095 2973 4164 Epitrmmius:
3007 4110 3186 4164 neque
3224 4104 3406 4146 tamen
3438 4090 3536 4144 ab-

1961 4188 2203 4253 nuerim,
2240 4187 2476 4241 formula
2529 4185 2766 4254 quadam
2802 4182 3214 4238 benedictionis
3259 4180 3533 4238 adhibita,

1959 4281 2027 4336 ad
2059 4281 2193 4335 illud
2242 4280 2343 4335 rite
2384 4279 2702 4335 obeundum
2736 4293 2961 4341 munus,
2992 4276 3221 4330 missum
3284 4273 3455 4327 fuisse
3503 4285 3536 4324 a

1958 4371 2201 4441 Joseplto
2233 4372 2571 4440 patriarcha.
2605 4369 2735 4425 llaec
2767 4370 2841 4423 ita
2876 4384 2999 4425 sese
3030 4368 3075 4425 si
3127 4368 3400 4424 habeant.
3439 4364 3539 4418 de-

1959 4462 2306 4532 relinquendi
2327 4470 2454 4519 sunt
2471 4462 2801 4532 Spondanus
2817 4463 2883 4515 ad
2901 4474 3107 4515 annum
3132 4458 3292 4521 1283,
3308 4474 3460 4512 num.
3482 4456 3539 4521 9,

273 4557 584 4627 designari.
611 4574 729 4628 qua:
768 4560 928 4626 ﬁebat
953 4562 1023 4613 ad
1051 4560 1465 4621 ordinationem.
1498 4571 1543 4614 et
1571 4562 1853 4630 consigna-
1885 4573 1931 4632 ε)
1957 4565 2014 4609 ct
2062 4555 2371 4609 Gulielmus
2413 4555 2579 4625 Cave,
2630 4555 2847 4609 aientes
2879 4570 2895 4610 :
2943 4553 3206 4625 Cyprium
3254 4569 3285 4604 a
3328 4551 3537 4606 Latinis

275 4653 354 4705 tio
393 4653 701 4717 dicebatur;
732 4653 863 4723 quia
909 4660 1019 4706 tum
1054 4670 1275 4707 manum
1304 4655 1631 4723 imponerent
1670 4656 1852 4724 capiti,

272 4750 391 4795 tum
417 4744 628 4813 signum
655 4744 824 4796 crucis
862 4744 919 4797 in
957 4745 1129 4813 capite
1172 4746 1517 4799 consecrandi
1564 4745 1851 4815 faciebant.

274 4834 483 4887 Favcnt
538 4835 730 4890 Isaat-ii
799 4836 1023 4893 Haberti
1080 4838 1523 4905 observationes,
1591 4838 1647 4894 in
1706 4839 1853 4894 libro

273 4926 588 4981 Pontilicaii
631 4926 893 4983 Ecclesia:
926 4930 1153 4985 Graecis.
1206 4929 1381 4985 Docet
1424 4946 1625 5001 nempe
1661 4933 1853 4988 obser-

270 5029 387 5073 vat.
426 5018 470 5073 ll
524 5024 590 5073 ad
623 5031 837 5089 partem
881 5038 935 5077 tv
972 5023 1238 5095 Liturgia
1266 5025 1550 5088 ordinum,
1583 5041 1696 5081 non
1726 5041 1851 5083 esse

272 5109 502 5163 solitum
535 5110 683 5177 apud
734 5110 957 5167 Graecos
983 5112 1301 5183 quempiam
1332 5121 1561 5171 tonsura
1594 5113 1848 5184 insigniri

272 5211 403 5256 ante
452 5202 731 5259 lectorum
781 5204 1035 5261 ordinem
1078 5223 1094 5263 :
1145 5208 1285 5262 hanc
1331 5216 1614 5263 tonsuram
1665 5209 1849 5264 vocari

274 5296 553 5366 σφραγῖδα
604 5297 705 5366 τῆς
744 5299 1128 5370 ἐπικουρεδος·
1179 5301 1423 5356 ordinari
1465 5301 1707 5357 lectores
1757 5318 1855 5372 per.

273 5405 534 5443 manuum
582 5389 968 5457 impositionem
1006 5406 1026 5444 :
1074 5391 1187 5447 illis
1227 5392 1397 5448 etiam
1447 5393 1591 5448 tradi
1640 5392 1845 5447 librum

270 5481 667 5551 apostolicum,
703 5480 755 5534 id
778 5489 866 5539 est
910 5479 1066 5537 Pauli
1093 5483 1325 5552 apostoli
1371 5482 1633 5552 epistolas
1671 5484 1847 5547 conti-

271 5583 498 5628 tuentem
542 5590 557 5626 :
596 5587 905 5640 eorumque
949 5572 1175 5626 demum
1228 5570 1469 5627 cilicium
1504 5569 1846 5640 praecipuum

272 5667 443 5720 situm
480 5663 657 5719 fuisse
712 5663 771 5718 in
804 5663 1142 5734 prtelectioue
1169 5662 1429 5731 Apostoli,
1492 5662 1847 5732 aliarumque

270 5777 441 5816 saeue
475 5759 782 5827 Scriptura:
812 5756 1051 5827 partium
1097 5771 1283 5811 coram
1339 5755 1542 5825 pepulo
1585 5755 1637 5810 in
1687 5769 1843 5811 sacra

270 5852 485 5910 svnasi.
544 5851 682 5906 llinc
734 5851 970 5907 lectores
1007 5850 1150 5920 apud
1183 5850 1403 5905 Graecos
1455 5849 1522 5904 ab
1583 5849 1845 5918 Epistols

1958 4649 2205 4701 lectorem
2249 4649 2559 4702 ordinatum
2606 4650 2790 4716 fuisse.
2836 4648 2934 4703 llis
2980 4649 3146 4702 etiam
3202 4645 3537 4700 adversatur

1955 4740 2304 4809 Nicephorus
2342 4739 2636 4810 Gregoras,
2693 4742 2989 4808 datamque
3038 4739 3376 4808 suspicimus
3434 4737 3537 4790 bu-

1948 4834 2106 4903 juscc
2132 4834 2481 4889 occasionem
2508 4834 2689 4904 aperit
2724 4833 2869 4889 libro
2896 4850 2973 4896 vr.
2995 4832 3177 4901 Cupite
3211 4832 3265 4894 1,
3301 4846 3457 4883 num.
3476 4831 3533 4895 7,

1957 4924 2036 4978 Eo
2083 4934 2367 4997 prietextu,
2406 4926 2690 4997 inquiens,
2743 4925 2946 4997 Cyprio
2995 4924 3245 4980 nonnulli
3276 4924 3536 4979 adversa-

1955 5022 2176 5081 bantur,
2208 5019 2346 5086 quod
2382 5020 2572 5091 uiginti
2604 5026 2762 5072 natus
2793 5035 2986 5083 annos,
3036 5034 3064 5071 e
3112 5016 3289 5088 Cypro
3321 5018 3393 5071 ad
3428 5017 3532 5071 llo-

1953 5128 2140 5166 manus
2165 5128 2334 5167 mores
2351 5128 2405 5166 se
2428 5094 2763 5175 contulisset,
2790 5119 2838 5164 et
2865 5111 3183 5181 quibusdam
3212 5109 3535 5165 Latinorum

1952 5203 2136 5258 ritibus
2184 5220 2359 5258 secum
2407 5203 2613 5265 allatis.
2666 5204 2840 5257 locum
2883 5203 3112 5259 dedisset
3151 5204 3307 5274 vulgo
3350 5204 3531 5272 suspi-

1952 5298 2130 5360 candi,
2163 5296 2373 5350 lectoris
2404 5298 2646 5350 ordinem
2669 5298 2715 5350 ei
2738 5294 2993 5352 collatum
3024 5297 3188 5368 fuisse
3214 5314 3247 5350 α
3278 5294 3485 5351 Latinis
3507 5312 3529 5351 :

1949 5390 2056 5443 sive
2105 5389 2160 5442 id
2207 5388 2494 5443 malevolus
2546 5392 2815 5460 quispiam
2880 5399 3002 5446 ante
3054 5392 3361 5461 sparsisset,
3417 5391 3527 5446 sive

1950 5482 2242 5538 zelotarum
2278 5482 2591 5551 improbitas
2622 5499 2686 5538 ex
2732 5493 2968 5554 tempore
3003 5484 3364 5553 conﬁnxisset.
3412 5483 3534 5549 Quo

1951 5577 2170 5631 demum
2206 5576 2431 5631 circiter
2458 5591 2604 5647 anno
2634 5575 2896 5647 Cyprium
2933 5577 2988 5630 in
3039 5577 3304 5633 lectorem
3341 5576 3535 5631 initia-

1949 5669 2092 5723 verit
2116 5669 2413 5738 Josrphtts,
2461 5679 2588 5725 nota
2623 5670 2887 5726 chronica
2919 5671 3067 5727 nulla
3100 5670 3368 5735 occurrit,
3405 5685 3532 5741 quae

1951 5764 2001 5819 id
2035 5766 2168 5821 satis
2197 5765 2421 5820 indicet.

2020 5857 2084 5911 ll.
2127 5859 2316 5913 Annus
2358 5875 2479 5915 eme
2526 5860 2765 5930 vulgaris
2823 5859 2947 5916 127!
3005 5860 3348 5924 rolvebatur,
3395 5872 3510 5929 quo
