3858 6468
314 377 386 440 59

316 488 622 558 'l‘healdus,
672 489 989 547 vicecomes
1037 493 1416 554 Placentinus.
1469 495 1896 550 archidiaconus
1927 502 1970 555 Α

315 584 660 649 Leodiensis,
719 584 804 639 vir
857 594 1087 641 sanctus
1133 599 1190 641 et
1246 590 1569 657 religiosus,
1626 592 1682 644 in
1741 589 1894 660 Syria

315 690 668 730 commorans
707 675 764 729 in
810 677 1139 747 obsequium
1187 679 1416 746 Christi,
1449 682 1638 735 audito
1689 698 1800 736 sue
1842 681 1894 734 in

317 768 629 821 Romanum
651 767 970 836 pontiﬁcem
999 763 1291 824 elect'iouis
1313 772 1528 827 nuntio.
1553 787 1676 840 qua:
1701 771 1896 838 eodem

323 874 471 913 anno
508 860 638 914 iii?!
672 872 899 930 peracta
931 873 1015 916 est
1043 862 1131 916 die
1163 863 1232 916 25
1259 863 1512 932 Augusti,
1559 865 1690 918 dum
1724 880 1751 917 e
1798 864 1899 931 Sy-

325 955 408 1007 ria
454 955 524 1007 ad
569 955 664 1007 hoc
696 953 922 1008 Romam
952 955 1375 1026 proﬁcisceretur
1403 956 1513 1027 ΑΕ,
1547 957 1738 1026 (verba
1771 965 1898 1009 sunt

319 1039 697 1114 Pacbymeris.
727 1043 870 1098 libro
908 1060 964 1104 ν.
993 1044 1173 1115 capite
1216 1041 1325 1111 Η),
1376 1061 1407 1101 e
1455 1062 1511 1100 re
1548 1062 1649 1101 sua
1683 1047 1900 1102 censuit

317 1135 529 1186 mittere
561 1135 632 1187 ad
654 1132 1030 1204 imperatorem
1066 1144 1239 1189 certos
1264 1137 1502 1190 homines
1530 1151 1648 1190 cum
1681 1137 1896 1202 litteris,

319 1228 410 1294 qui
448 1226 813 1286 declararent.
860 1228 1063 1298 ingenti
1100 1245 1155 1282 se
1188 1229 1376 1282 ardere
1417 1230 1676 1282 desiderio
1715 1246 1901 1300 procu-

318 1317 506 1371 randa:
544 1319 688 1386 pacis
731 1317 1114 1376 Ecclesiarum.
1155 1327 1202 1371 et
1241 1319 1409 1388 ﬁrm
1447 1319 1585 1372 inter
1609 1336 1694 1373 eos
1727 1321 1901 1374 conci-

323 1411 522 1464 lianda
561 1412 877 1466 concordia.
923 1411 1047 1479 Ipse
1097 1427 1337 1479 namque
1373 1413 1672 1476 Thealdus,
1709 1423 1899 1484 postea

325 1502 704 1573 GregoriusX
752 1504 806 1557 in
850 1504 1176 1574 pontiﬁcatu
1238 1506 1570 1575 appellatus.
1603 1507 1899 1571 audiverat,

320 1599 446 1667 quid
496 1599 562 1651 ab
599 1599 714 1669 ipso
761 1599 1139 1670 (imperatore)
1183 1601 1377 1654 moveri
1448 1608 1671 1669 raptum
1717 1602 1787 1655 de
1807 1601 1903 1656 hoc

319 1703 510 1756 genere
542 1690 767 1759 fuisset:
797 1691 986 1762 quidve
1002 1693 1123 1762 jam
1160 1709 1315 1762 super
1347 1710 1408 1746 ea
1439 1709 1493 1746 re
1526 1695 1784 1748 decessori
1806 1711 1900 1748 suo

323 1779 521 1848 (ipsius
549 1779 826 1854 Gregorii)
860 1800 1013 1854 papa:
1059 1783 1313 1840 Clementi
1349 1786 1713 1839 nuntiandum
1763 1804 1795 1840 a
1847 1801 1902 1840 se

320 1881 561 1926 curasset
591 1874 738 1928 Idem
770 1877 1072 1946 Augustus.

396 1965 688 2020 Summum
755 1968 1077 2036 pontiﬁcem
1133 1968 1473 2023 Clementem
1531 1967 1599 2022 ιν
1655 1968 1905 2036 intellige

321 2072 470 2112 anno
503 2057 642 2112 l265
677 2059 940 2121 electum,
975 2060 1328 2127 maximeque
1357 2074 1753 2128 prmcessorem
1784 2062 1905 2130 eius

322 2146 608 2200 l'rbanum
642 2146 732 2212 ιν,
769 2155 828 2200 ιιι
861 2148 982 2217 ejus
1025 2164 1093 2202 ex
1129 2149 1337 2202 litteris
1373 2158 1545 2218 patet,
1581 2151 1724 2205 datis
1757 2165 1904 2204 anno

326 2239 487 2303 ηδε»,
515 2249 573 2294 et
617 2256 765 2294 anno
802 2242 1119 2310 insequenti
1155 2243 1314 2296 1264.
1348 2243 1454 2296 Eas
1491 2243 1741 2296 relerunt
1780 2243 1905 2298 Wa-

326 2331 552 2400 dingus,
600 2342 658 2387 et
717 2334 1060 2405 Raynaldus,
1094 2347 1151 2389 et
1196 2335 1532 2388 Laurentius
1575 2334 1774 2398 Cozza,
1809 2336 1903 2404 qui

325 2441 426 2480 sua
460 2426 515 2479 in
552 2425 794 2480 Historia
827 2428 1100 2497 polemiea
1141 2428 1210 2482 de
1259 2429 1572 2484 Grmcorum
1609 2429 1906 2484 schismate

324 2531 442 2570 rem
474 2515 618 2569 hanc
661 2516 1089 2586 diligentissime
1123 2528 1454 2588 pertractat.
1483 2519 1661 2574 Hocce
1696 2520 1805 2574 imo
1839 2519 1906 2574 de

329 2608 556 2678 negotio
583 2609 668 2678 agi
701 2611 845 2664 votis
875 2611 1290 2666 ardentioribus
1319 2621 1561 2680 emptum
1598 2613 1776 2669 fuerat
1805 2612 1906 2666 sub

324 2697 542 2754 Joanne
578 2700 748 2763 Duca,
782 2702 934 2756 dicto
971 2701 1239 2765 Vatatzio,
1277 2705 1369 2772 qui
1406 2703 1689 2758 Orientale
1731 2703 1906 2772 impeo

325 2790 474 2845 rium
498 2807 647 2846 anno
688 2792 828 2845 1222
855 2794 1232 2862 capessiverat
1268 2810 1281 2847 :
1317 2795 1614 2860 sedemque
1667 2793 1906 2857 tenebat,

329 2891 491 2951 capta
539 2899 567 2935 a
617 2881 828 2937 Latinis
852 2884 1360 2954 Constantinopoli,
1397 2884 1592 2938 Nica'a:
1629 2885 1683 2937 in
1723 2884 1908 2954 Bithy-

328 2974 445 3028 nia.
479 2972 655 3029 Vitam
702 2977 899 3043 agebat
936 2977 1041 3030 hoc
1074 2988 1322 3046 tempore
1373 2977 1458 3030 vir
1507 2977 1910 3031 celeberrimus

327 3063 678 3133 Nieepltorus
705 3066 1036 3133 Blemmida,
1070 3071 1162 3138 qui
1205 3069 1447 3138 plurima
1495 3083 1597 3137 pro
1633 3068 1909 3122 catholico

330 3158 399 3212 de
433 3160 789 3227 processione
836 3161 1084 3230 Spiritus
1127 3161 1305 3217 sancti
1363 3162 1619 3230 dogmate
1664 3162 1907 3230 scripsit.
1938 3193 1981 3249 ο

331 3247 560 3320 Scripta
607 3253 729 3322 ejus
757 3255 1172 3321 elegantissima
1207 3255 1418 3324 vulgari
1448 3260 1650 3324 empta.
1683 3258 1912 3308 adnotat

332 3342 668 3410 Spondanus
703 3361 853 3398 anno
883 3346 1051 3407 4235,
1085 3347 1179 3400 sed
1215 3361 1276 3399 ea
1313 3347 1378 3399 ad
1411 3361 1617 3399 annum
1653 3345 1912 3409 1261,\'el

332 3431 522 3501 potius
555 3436 620 3486 ad
651 3449 830 3489 armos
879 3436 1238 3505 insequentes
1271 3436 1374 3489 sub
1421 3435 1682 3488 Michaelc
1714 3434 1913 3488 Pali-o-

332 3524 460 3590 logo
499 3525 832 3591 ditl‘erenda,
879 3537 1035 3596 putat
1086 3527 1390 3583 Casimirus
1423 3526 1675 3580 Oudiuus
1710 3528 1763 3580 in
1795 3528 1915 3580 Elo-

335 3617 426 3685 ιςἰο
456 3611 775 3672 Bletntnidze
809 3619 874 3673 ad
903 3635 1108 3673 annum
1143 3620 1300 3674 1250.
1328 3620 1559 3674 Fallitur
1598 3619 1718 3673 sine
1746 3619 1916 3673 dubio

335 3707 500 3763 homo
535 3719 782 3779 apostata
810 3749 826 3771 .
873 3712 1402 3781 impcritissimeque
1448 3711 1697 3765 abutitur
1728 3721 1916 3765 aucto-

336 3803 499 3856 titaL-
528 3801 828 3872 Nicephori
864 3801 1144 3873 Grcgorae,
1187 3803 1279 3873 qui
1315 3803 1688 3858 disertissime
1729 3802 1808 3856 sic
1843 3802 1920 3856 ait

336 3894 482 3948 libro
516 3912 569 3958 ν,
598 3911 719 3964 cap.
757 3897 810 3960 Ξ,
843 3911 997 3950 num.
1023 3896 1056 3949 6
1087 3915 1098 3949 :
1145 3915 1162 3947 ι
1199 3897 1254 3949 In
1292 3904 1531 3950 mentem
1564 3895 1715 3949 venit
1745 3896 1919 3965 impe-

340 3990 514 4044 ratori
549 3989 666 4060 (qui
710 3990 982 4044 Joannem
1017 3989 1259 4043 Beccum
1311 3988 1502 4043 unioni
1544 3988 1918 4044 Ecclesiarum

341 4092 748 4151 repugnantem
769 4097 995 4136 carcere
1016 4083 1295 4136 inclusum
1317 4082 1762 4137 detinebatanno
1785 4082 1922 4136 1275

340 4183 393 4227 ct
429 4175 656 4228 ineunte
691 4175 993 4244 sequenti).
1037 4174 1288 4228 eamdem
1323 4188 1440 4227 rem
1486 4188 1515 4228 a
1559 4173 1773 4227 Latinis
1800 4183 1923 4226 ante

346 4281 515 4320 annos
532 4269 766 4337 quinque
789 4274 838 4320 et
859 4268 1046 4338 viginti
1069 4266 1342 4337 (adeoque
1364 4277 1492 4320 ante
1515 4282 1722 4321 annum
1738 4266 1920 4334 lilia),

341 4360 554 4416 Joanne
591 4361 741 4414 Duca
774 4376 963 4415 rerum
1014 4361 1286 4430 potiente,
1316 4361 1576 4428 agitatam
1610 4359 1782 4414 luisse
1811 4374 1826 4412 :
1862 4375 1926 4414 ac

344 4465 461 4508 tum
496 4454 722 4509 doctum
775 4453 1062 4508 exstitisse
1092 4453 1298 4516 virum,
1335 4452 1711 4521 Nicephorum
1745 4452 1923 4506 Blem-

341 4547 573 4608 midam,
625 4546 942 4601 divinarum
997 4546 1316 4600 litterarum
1354 4544 1774 4613 peritissimum.
1830 4547 1913 4611 qui

2031 4531 2424 4589 constituenda
2469 4532 2659 4584 habito
2709 4545 2774 4584 ea
2818 4530 2984 4583 verba
3031 4532 3336 4600 protulerit
3384 4549 3399 4584 τ

341 4653 464 4690 cum
515 4653 574 4692 se
621 4636 677 4692 in
725 4639 900 4692 otium
937 4638 1296 4702 contulisset,
1330 4637 1499 4690 multa
1531 4652 1739 4690 esacra
1783 4634 1926 4690 Scri-

341 4739 499 4798 ptura
530 4731 856 4792 testimonia.
882 4746 999 4799 qum
1026 4729 1218 4800 dogma
1253 4728 1569 4782 Latinorum
1605 4727 1926 4793 conﬁrmare

341 4823 668 4885 uiderentur,
700 4823 952 4894 colligere
981 4824 1240 4890 ccepisset,
1261 4837 1325 4875 ac
1357 4831 1544 4891 postea
1575 4822 1741 4875 etiam
1767 4819 1836 4874 de
1858 4819 1928 4872 iis

344 4914 687 4981 scripsisset.
733 4932 751 4964 ι
786 4913 906 4968 Jam
943 4922 1097 4982 patet
1124 4913 1227 4966 sub
1258 4913 1468 4967 Joanne
1503 4910 1648 4967 Duca
1676 4910 1927 4966 Vatatzio

345 5020 446 5073 pro
475 5004 795 5058 Latinorum
830 5003 1488 5074 dogmate,Blemmidam
1515 5003 1818 5056 laborasse.
1858 5005 1929 5056 At

347 5096 551 5164 scripta
576 5095 753 5150 edidit
778 5095 946 5151 etiam
969 5096 1106 5149 clam
1134 5094 1339 5165 quidem
1367 5094 1458 5147 ille
1483 5094 1580 5161 (ait
1605 5093 1925 5162 Gregoras),

346 5195 561 5256 propter
605 5189 878 5242 vitandam
932 5189 1220 5242 multorum
1265 5188 1644 5257 suspicionem,
1699 5187 1787 5236 tta
1832 5184 1929 5252 τὴν

351 5281 463 5332 τῶν
504 5283 721 5334 πἰ).).‹ἶ›ν
761 5281 1057 5351 ὑπόληψιν.
1097 5282 1388 5347 Quomodo
1431 5296 1561 5334 vero
1604 5279 1655 5332 id
1692 5277 1831 5330 clam
1864 5277 1931 5330 ab

350 5373 475 5440 ipso
519 5372 728 5426 factum
762 5372 953 5436 fuerit,
995 5387 1124 5427 cum
1169 5387 1266 5426 sua
1301 5371 1568 5442 dirigeret
1609 5371 1816 5438 scripta
1863 5368 1928 5420 ad

353 5464 708 5518 Theodorum
758 5464 1042 5520 Lascarim
1086 5465 1404 5536 juniorcm,
1458 5463 1553 5532 qui
1603 5477 1750 5515 anno
1802 5459 1936 5513 19.35

351 5566 649 5624 paternum
691 5567 1017 5627 susceperat
1075 5557 1409 5627 imperium,
1445 5567 1502 5610 et
1546 5555 1614 5609 ad
1664 5555 1932 5609 Jacebunt

357 5647 629 5717 Bulgaria
651 5648 1132 5721 archiepiscopum
1160 5652 1183 5704 ἲ
1214 5652 1447 5705 virecta:
1480 5651 1544 5703 ad
1571 5657 1937 5716 eosprostant

356 5739 649 5795 Orationes
704 5741 827 5798 dua:
882 5745 936 5798 in
985 5743 1193 5800 Gracia
1241 5745 1561 5802 orthodoxa,
1601 5753 1750 5795 torno
1797 5739 1840 5800 ι,
1884 5746 1938 5790 et

362 5833 507 5900 apud
539 5835 905 5900 Raynaldurn,
961 5848 1112 5894 tomo
1158 5836 1278 5893 Xlll
1322 5835 1634 5892 Annalium.
1673 5833 1726 5885 in
1763 5829 1933 5884 calce.

1241 379 1564 440 GEORGII
1609 378 1874 440 CYPRll
1912 379 2020 440 (ΣΡ.
2063 377 2582 440 ΡΑΤΒΙΑΒΕΗΕ

3515 373 3598 434 60

2001 496 2151 564 Opus
2184 508 2486 560 utrumque
2524 503 2794 551 memorat
2825 496 2930 568 55
2955 495 3344 566 Paehymeres,
3376 491 3476 546 lib.
3500 505 3586 551 vr.

2001 588 2181 656 capite
2221 587 2340 640 28:
2392 587 2697 641 lnciderunt
2750 587 2904 658 forte,
2949 586 3232 657 inquiens,
3281 583 3334 637 in
3386 597 3588 636 manus

2000 679 2150 736 Becci
2200 680 2509 749 (Michaele
2571 680 2906 750 imperatore
2951 675 3410 742 transmittente)
3463 688 3591 744 qua?

1999 770 2424 838 sapientissimus
2473 769 2804 825 Blemmidas
2834 771 2902 822 ad
2933 771 3311 841 imperatorem
3345 767 3592 840 Theodo-

2003 879 2121 915 rum
2149 864 2506 932 scripserat...
2545 873 2593 916 et
2627 865 2696 916 ad
2723 863 2996 917 'Jacobum
3030 862 3324 933 Bulgaria.
3358 858 3591 915 Gravis-

2001 954 2202 1008 simum
2251 955 2454 1016 virum,
2499 954 2705 1010 litteris
2738 970 2802 1010 ac
2853 956 3102 1010 moribus
3132 951 3588 1013 ornatissimum,

2003 1061 2166 1114 quem
2209 1061 2369 1099 suum
2417 1046 2676 1101 laudatus
2704 1045 3033 1100 Theodorus
3079 1045 3331 1099 Lascaris
3367 1057 3592 1113 praece-

2003 1148 2219 1208 ptorem
2264 1139 2556 1199 habuerat.
2604 1139 2671 1194 ad
2704 1137 3380 1207 Constantinopolitanum
3431 1135 3592 1188 thro-

2002 1247 2134 1285 num
2169 1245 2313 1285 anno
2343 1231 2480 1286 1955
2511 1231 2918 1301 designaverat,
2951 1239 3092 1284 teste
3121 1227 3367 1294 Gregora
3391 1245 3403 1279 :
3429 1224 3591 1294 quod

2003 1322 2121 1390 ipse
2151 1321 2396 1390 recipere
2428 1321 2942 1390 splendidissimum
2979 1335 3180 1373 munus
3213 1316 3597 1373 rettuit.Mor-

2005 1421 2115 1467 tem
2145 1413 2382 1481 denique
2413 1413 2554 1467 obiit
2579 1428 2728 1466 anno
2758 1412 2913 1469 1272.
2944 1411 3164 1466 Laudes
3195 1411 3320 1480 ejus
3352 1408 3590 1476 amplis-

2004 1507 2160 1561 simis
2184 1505 2368 1560 verbis
2394 1505 2638 1560 celebrat
2660 1504 2915 1561 laudatus
2946 1504 3337 1575 Pachymeres,
3359 1501 3506 1554 libro
3529 1515 3591 1562 ν,

2005 1598 2184 1666 capite
2211 1599 2266 1652 ‘2.

2078 1689 2429 1758 Propositum
2478 1704 2506 1744 a
2574 1688 2822 1745 Thealdo
2877 1688 2947 1744 de
2999 1701 3136 1763 pace
3187 1683 3593 1740 constituenda

2007 1772 2298 1835 consilium
2333 1780 2719 1834 lubentissime
2758 1781 2828 1834 ab
2859 1780 3196 1850 imperatore
3238 1785 3592 1844 susceptum.

2006 1869 2240 1946 Causam
2271 1871 2642 1943 Pachymeres
2667 1887 2782 1926 non
2817 1872 2982 1925 aliam
3015 1873 3197 1933 aﬂ'ert,
3230 1868 3374 1922 libro
3402 1883 3459 1929 ν,
3503 1864 3592 1918 ci-

2007 1973 2140 2028 tato,
2191 1979 2313 2031 cap.
2370 1964 2459 2025 Η.
2519 1965 2623 2018 nisi
2676 1964 3177 2035 pusillanimitutem
3239 1961 3382 2030 eius.
3443 1959 3593 2013 Metu

2008 2073 2237 2115 namque
2270 2065 2637 2110 consternatus
2664 2065 3025 2126 apparatuum
3049 2053 3254 2113 Caroli,
3287 2053 3493 2120 inquit,
3522 2051 3598 2104 ad

2007 2149 2150 2202 istud
2179 2148 2533 2217 procuranda:
2567 2152 2710 2210 pacis
2746 2147 3025 2201 consilium
3071 2145 3281 2214 appulit
3316 2145 3592 2205 animum,

2008 2240 2213 2294 nullam
2251 2257 2484 2310 unquam
2520 2241 2739 2310 (absque
2760 2240 2855 2293 hoc
2894 2239 3074 2308 (oret),
3116 2239 3193 2290 rei
3226 2235 3354 2289 talis
3389 2235 3598 2304 cogita-

2010 2336 2205 2388 tionem
2240 2343 2594 2401 suscepturus.
2633 2331 2892 2387 Carolum
2929 2333 3390 2402 Andegavensem
3425 2328 3600 2381 intel-

2010 2433 2138 2500 lige,
2158 2431 2358 2487 Siciliae
2387 2445 2593 2501 regem,
2621 2447 2784 2499 quem
2815 2445 2939 2485 cum
2965 2430 3090 2485 aliis
3111 2426 3464 2498 principibus
3483 2423 3600 2476 lto-

2010 2524 2157 2578 maui
2191 2522 2451 2588 nominis,
2473 2522 2817 2577 cruceetiam
2851 2521 3164 2590 praedicata,
3197 2533 3398 2586 magno
3433 2515 3596 2570 exci-

2011 2625 2229 2670 taverat
2277 2618 2462 2670 studio
2495 2614 2752 2670 Urbanus
2779 2614 2845 2668 IV
2874 2622 3065 2667 contra
3106 2610 3453 2671 Michaelem,
3489 2606 3602 2660 La-

2013 2707 2114 2760 tini
2177 2705 2783 2776 Constantiuopolitani
2864 2703 3078 2772 imperii
3152 2703 3597 2768 destructorem.

2011 2797 2150 2853 llinc
2184 2815 2328 2852 anno
2358 2798 2516 2861 1262,
2558 2813 2622 2852 ac
2673 2800 2870 2852 iterum
2902 2810 3046 2849 anno
3075 2793 3232 2856 i264,
3293 2791 3364 2844 ab
3391 2789 3598 2843 eodem

2014 2879 2364 2960 imperatore-
2400 2890 2553 2943 missi
2593 2889 2660 2944 ad
2691 2888 2975 2944 Urbanum
3011 2885 3220 2954 Legati,
3253 2883 3347 2952 qui
3373 2881 3604 2936 Grazco-

2014 2998 2135 3036 rum
2164 2998 2288 3035 eum
2313 2981 2522 3034 Latinis
2551 2981 2808 3035 unionem
2842 2988 3116 3050 peterent.
3154 2978 3293 3032 Hinc
3324 2977 3496 3030 etiam
3530 2975 3603 3028 de

2013 3089 2076 3127 ea
2103 3075 2206 3127 sub
2249 3073 2536 3126 Clemente
2570 3072 2636 3125 IV
2669 3081 2853 3125 actum
2885 3089 2898 3124 :
2929 3085 2992 3123 ac
3010 3071 3233 3122 demum
3286 3065 3521 3120 Thealdi
3544 3065 3603 3118 in

2014 3167 2323 3220 Romanum
2346 3165 2663 3234 pontilicem
2684 3163 2843 3217 electi
2866 3161 3284 3214 adhortationes
3313 3167 3562 3225 exceptze
3585 3171 3606 3219 ;

2016 3258 2189 3313 rebus
2247 3257 2437 3325 utique
2495 3256 2612 3310 suis
2654 3263 2714 3307 ut
2764 3253 3076 3308 consuleret
3123 3253 3450 3320 imperator,
3505 3249 3610 3301 sed

2015 3349 2184 3402 animi
2227 3363 2445 3417 quoque
2479 3347 2847 3415 propensione
2881 3344 3162 3400 induetus.

2089 3438 2274 3492 nam
2322 3437 2658 3503 poutillciam
2704 3437 2938 3490 thiaram
2983 3450 3132 3489 anno
3183 3433 3344 3496 1272,
3385 3433 3477 3486 die
3535 3434 3609 3486 ‘27

2017 3530 2196 3586 Martii
2231 3529 2440 3598 accepit
2472 3527 2770 3593 Thealdus,
2804 3528 2989 3581 dictus
3023 3525 3327 3595 Cregorius
3362 3523 3434 3578 Χ.
3478 3523 3612 3591 Ipso

2019 3621 2375 3694 pontiﬁcatus
2435 3620 2612 3685 initio,
2679 3619 2946 3674 Kalendis
3001 3618 3230 3687 Aprilis,
3293 3617 3610 3672 concilium

2019 3713 2272 3784 generale
2319 3712 2539 3776 indixit,
2591 3711 2845 3782 Lugduni
2879 3711 3301 3766 celebrandum.
3335 3710 3416 3765 Ex
3446 3709 3605 3766 Urbe

2022 3805 2208 3860 Veteri
2236 3805 2327 3860 die
2377 3805 2448 3858 ομ
2481 3804 2735 3858 Octobris
2762 3803 2827 3858 ad
2853 3803 3247 3872 imperatorem
3283 3802 3620 3858 Graecorum

2024 3911 2087 3950 ac
2122 3895 2422 3964 Josephum
2451 3895 2821 3964 patriarcham
2860 3894 3014 3947 missi
3046 3893 3236 3962 legati.
3270 3893 3366 3962 qui
3402 3907 3506 3946 eos
3544 3892 3618 3946 ad

2027 3987 2289 4042 unionem
2342 3987 2665 4050 invitarent,
2718 3985 3040 4054 indictoque
3075 3985 3351 4039 interesse
3396 3985 3624 4038 vellent

2024 4079 2284 4142 concilio,
2327 4088 2423 4131 aut
2455 4093 2663 4146 magna:
2691 4077 2884 4131 saltem
2929 4077 3085 4130 viros
3125 4075 3486 4130 auctoritatis
3529 4077 3622 4130 di-

2031 4171 2297 4242 rigerent.
2360 4169 2600 4223 Litteras
2639 4168 2888 4222 referunt
2917 4167 3224 4234 Wadingus
3253 4178 3310 4220 et
3341 4167 3631 4220 concilio-

2026 4276 2149 4315 rum
2200 4260 2544 4314 collectores.
2615 4257 2729 4311 Hos
2792 4257 2938 4311 inter
3001 4257 3325 4326 pontilicios
3399 4257 3627 4326 legatos

2025 4351 2292 4408 Joannem
2325 4350 2618 4421 quemdam
2653 4350 2950 4402 Parastron
2998 4358 3267 4402 memorat
3307 4348 3627 4418 Pachyme-

2030 4458 2139 4506 res,
2194 4442 2338 4495 libro
2371 4458 2424 4504 γ,
2463 4439 2641 4510 capite
2673 4439 2760 4503 li,
2799 4439 2896 4507 qui
2948 4438 3002 4492 in
3052 4437 3318 4492 Tractatu
3355 4439 3426 4492 de
3483 4455 3628 4506 pace

3462 4531 3629 4586 Uta

2033 4623 2244 4679 Latinis
2274 4624 2821 4686 dimisso.,amotoque
2852 4619 3150 4672 additionis
3199 4619 3269 4670 ad
3301 4617 3630 4688 Symbolum

2035 4723 2087 4790 (a
2114 4718 2316 4774 Grtecis
2342 4717 2602 4770 videlicet
2631 4712 2936 4783 exigendae)
2953 4712 3212 4766 scandala
3231 4714 3390 4781 (voce
3412 4729 3633 4780 nempe

2038 4821 2331 4880 usurpata,
2362 4824 2526 4877 quam
2564 4821 2676 4876 pra:
2710 4821 2806 4859 ore
2837 4805 3010 4859 Graeci
3056 4805 3400 4874 habebant);
3450 4807 3633 4859 simul

2037 4904 2200 4958 etiatu
2242 4899 2412 4954 Grarci
2453 4899 2682 4950 rationes
2731 4911 2834 4949 non
2869 4907 3310 4965 aspernarentur,
3357 4912 3494 4964 quas
3527 4913 3635 4966 pro

2038 4992 2404 5046 additamenta
2420 4987 2599 5041 Latini
2617 4985 2913 5054 allegarent
2934 4998 2951 5035 :
2971 4994 3237 5038 ueterum
3261 5002 3395 5037 vero
3419 4986 3634 5054 dogma

2039 5084 2186 5138 idem
2207 5081 2466 5136 omnibus
2481 5093 2774 5132 commune
2794 5076 2962 5130 foret.
2986 5076 3346 5145 Imperatoris
3363 5092 3633 5146 operam,

2039 5175 2243 5234 studia.
2297 5186 2591 5239 curasque,
2648 5169 2740 5224 ad,
2769 5183 2960 5234 pacem
3017 5183 3147 5222 suos
3202 5177 3263 5221 ut
3323 5169 3639 5224 induceret

2039 5268 2280 5326 Graecos,
2310 5263 2542 5317 interius
2570 5260 2936 5315 narrabimus.

2113 5357 2202 5413 lll.
2241 5353 2528 5410 Genuinus
2561 5351 2977 5412 controversiae,
3008 5367 3130 5419 qua:
3177 5362 3316 5406 tunc
3377 5353 3644 5423 agitaba-

2044 5466 2154 5514 tur,
2186 5460 2363 5504 status
2395 5445 2754 5515 exponendas
2784 5444 2894 5522 46
2927 5456 3028 5497 est.
3061 5445 3162 5509 Qui
3195 5446 3471 5500 Photiano
3495 5449 3640 5502 olim

2045 5548 2266 5599 intecto
2293 5538 2603 5600 schismati,
2634 5537 3056 5604 instauratoque
3086 5554 3116 5589 a
3148 5536 3418 5592 Michaele
3451 5538 3649 5594 Ceru-

2043 5639 2206 5694 lario,
2246 5630 2624 5692 adhz—erehant,
2657 5627 2925 5696 Spiritum
2962 5640 3215 5682 sanctum
3247 5630 3565 5698 procedere
3609 5650 3644 5686 a

2043 5731 2186 5794 Filio
2244 5725 2676 5780 inficiabautur:
2715 5723 2896 5790 ipsum
2954 5737 3087 5775 vero
3131 5723 3254 5778 dari
3305 5731 3355 5776 et
3409 5726 3558 5776 mitti
3607 5745 3646 5778 ιι

2049 5821 2211 5876 Filio.
2263 5819 2550 5877 ipsumque
2596 5829 2684 5866 uer
2721 5811 2920 5866 Filium
2959 5815 3236 5890 vrocederc
3271 5833 3300 5868 α
3335 5815 3533 5879 Putre,
3568 5819 3648 5872 de
