3858 6528
264 421 332 485 6|
1419 437 1620 499 \‘lTA.
1664 461 1732 472 —
1768 436 2287 498 DISSERTATIO
2332 437 2371 500 r.
3466 437 3539 499 62

273 542 674 611 temporalium
737 543 1018 602 donorum
1065 547 1397 619 elargitione
1452 550 1855 620 intelligehant.
1886 569 1929 618 ,Α
1962 567 2083 620 qua!
2111 566 2236 605 cum
2267 551 2429 604 Patre
2458 548 2830 611 hahetFilius.
2850 550 3032 605 locum
3060 549 3267 606 habere
3292 550 3537 621 spirandi

273 634 425 689 Mota
477 635 684 691 iterum
716 637 823 694 hoc
859 656 978 695 aevo
1026 647 1448 697 controversia:
1482 643 1861 710 disputatum-

270 743 384 796 que
412 726 481 783 de
512 737 746 795 eterna,
772 746 838 787 ac
870 733 1249 799 substantiali,
1279 743 1333 789 et
1360 735 1705 806 hypostatica
1738 734 1862 804 Spi-

273 821 418 875 ritus
447 822 807 891 processione
843 840 952 878 non
980 825 1165 880 solum
1203 841 1234 880 a
1269 825 1454 890 Patre,
1490 825 1585 880 sed
1629 824 1799 879 etiam
1828 840 1858 878 a

272 913 438 977 Filio,
479 916 599 968 sive
624 931 724 985 per
751 916 973 971 Filium.

346 1003 505 1059 Hane
533 1006 775 1075 Spiritus
804 1007 980 1062 sancti
1028 1008 1302 1077 originem
1331 1010 1403 1064 ita
1452 1008 1635 1064 Latini
1683 1027 1858 1079 expo-

274 1096 517 1160 nebant,
558 1112 624 1153 ac
669 1099 770 1175 viri
816 1099 1129 1157 doctissimi
1190 1103 1337 1157 inter
1394 1102 1636 1159 Graecos.
1692 1106 1859 1160 Pater

270 1200 539 1252 Meritus,
590 1190 922 1260 principium
968 1194 1091 1248 sine
1158 1195 1461 1263 principio,
1512 1208 1856 1266 quaecunque

273 1278 449 1335 habet
471 1296 501 1334 a
536 1298 594 1336 se
614 1284 823 1347 omnia,
844 1300 941 1339 sua
967 1296 1198 1356 excepta
1216 1288 1492 1356 personali
1512 1289 1862 1357 paternitatis

272 1371 640 1437 proprietate,
661 1371 1010 1429 divinitatem
1043 1376 1278 1440 sciiicet,
1293 1377 1524 1447 ejusque
1555 1378 1856 1440 attributa.

271 1461 532 1529 adeoque
580 1469 638 1515 et
688 1464 798 1516 vim
853 1464 1123 1533 spirandi,
1176 1480 1273 1520 seu
1325 1467 1692 1537 spirationem
1721 1468 1860 1523 acti-

271 1565 424 1611 vam.
479 1551 625 1607 Filio
674 1556 1051 1611 communicat
1101 1557 1378 1627 gignendo
1417 1559 1647 1629 ipsum:
1687 1561 1858 1629 igitur

270 1642 743 1711 quemadmodum
793 1647 976 1711 Pater,
1011 1658 1069 1704 et
1118 1650 1292 1705 Filius
1341 1650 1455 1706 duo
1487 1660 1621 1708 sunt
1650 1666 1858 1723 suppo—

269 1734 401 1798 sita,
432 1752 556 1805 quae
590 1752 755 1793 unam
792 1739 1002 1795 habent
1034 1742 1382 1799 divinitatem
1410 1784 1427 1810 ,
1464 1745 1538 1799 ita
1588 1745 1700 1801 duo
1730 1756 1858 1801 sunt

268 1829 582 1897 supposita,
609 1847 730 1901 quae
763 1848 869 1888 una
910 1835 1198 1904 potiuntur
1228 1839 1433 1893 virtute
1464 1837 1734 1907 spirandi,
1760 1848 1857 1893 aut

1965 644 2100 696 vim.
2150 643 2244 698 Ait
2286 658 2419 697 vero
2470 642 2688 699 Filius:
2723 644 2798 697 De
2846 660 2962 697 meo
3005 646 3226 714 accipiet
3273 643 3534 714 Spiritus.

1961 735 2102 802 Quid
2152 751 2285 790 vero
2334 736 2403 791 de
2448 736 2587 792 Filio
2639 737 2926 807 accipiat?
2964 737 3167 808 Utique
3206 738 3534 794 scientiam:

1964 825 2090 880 Non
2121 827 2262 879 enim
2308 826 2552 891 loquetur
2579 844 2611 881 α
2634 828 2937 897 semetipso,
2970 828 3061 880 sed
3092 843 3423 897 quaecunque.
3443 844 3542 881 att-

1960 918 2089 979 diet.
2120 917 2387 987 loquetur.
2415 917 2708 983 Quomodo
2735 929 2916 973 autem
2947 917 3235 973 scientiam
3267 917 3543 986 accipiat?

1962 1009 2300 1080 Aecipiendo
2360 1010 2574 1067 scilicet
2623 1010 2693 1066 ab
2750 1010 2873 1080 ipso
2923 1020 3177 1065 naturam
3216 1018 3312 1064 aut
3346 1024 3541 1065 essen-

1961 1099 2114 1153 tiam.

2030 1191 2170 1246 Num
2207 1205 2469 1261 reponas.
2517 1192 2587 1247 de
2632 1192 2772 1248 Filio
2804 1192 3092 1249 scientiam
3138 1192 3389 1264 accipere
3416 1191 3543 1261 Spi-

1959 1283 2128 1337 ritum
2165 1293 2441 1346 sanctum.
2465 1286 2598 1355 quia
2622 1285 2761 1341 nihil
2794 1286 2861 1342 iis
2886 1286 3180 1345 adversum
3213 1285 3396 1348 docet,
3420 1300 3542 1355 qua

1960 1375 2148 1430 docuit
2178 1376 2400 1431 Filius?
2433 1376 2849 1441 Animadverte,
2891 1377 3028 1432 illud
3066 1378 3235 1432 etiam
3271 1376 3403 1439 diei,
3433 1394 3540 1431 non

1961 1467 2204 1535 loquetur
2256 1485 2288 1522 α
2340 1469 2619 1538 semetipso
2648 1484 2668 1523 .'
2712 1469 2858 1539 quod
2905 1480 2992 1524 est
3037 1480 3225 1539 aperte
3273 1470 3539 1532 indicare,

1958 1556 2243 1631 scientiam
2295 1557 2527 1626 Spiritui
2566 1566 2758 1613 sancto
2809 1558 3208 1613 communicari
3261 1573 3291 1611 a
3338 1558 3538 1621 Patre,

1959 1646 2229 1718 Filioque.
2274 1647 2416 1705 Num
2471 1650 2604 1704 illud
2661 1657 2957 1720 prieterea,
3004 1651 3080 1704 De
3126 1667 3262 1714 meo,
3298 1664 3541 1721 exponas

1959 1740 2024 1793 de
2054 1756 2164 1795 meo
2196 1742 2468 1807 thesauro,
2500 1745 2593 1811 qui
2637 1751 2721 1819 est
2760 1744 2959 1798 Pater?
2993 1744 3069 1798 Ac
3095 1744 3141 1799 si
3180 1743 3354 1799 Filius
3388 1743 3542 1798 dice-

1961 1841 2044 1884 ret
2093 1851 2106 1886 :
2161 1832 2295 1887 Inde
2339 1832 2576 1902 Spiritus
2624 1835 2878 1903 accipiet,
2917 1834 3058 1888 unde
3103 1844 3151 1888 et
3197 1850 3291 1907 ego
3338 1834 3537 1899 accepi.

266 1920 581 1987 spiratione
630 1924 832 1979 activa.
880 1925 1363 1992 Quemadmodum
1421 1945 1620 1988 rursus
1669 1931 1854 1994 Pater,
1890 1933 1930 1989 Β
1961 1921 2125 1977 Erras
2156 1939 2320 1992 quam
2367 1926 2627 1980 maxime.
2679 1925 2940 1981 Scientite
2969 1941 3205 1995 namque
3244 1925 3539 1979 thesaurus

266 2022 328 2065 et
360 2012 538 2070 Filius
569 2015 641 2070 ob
671 2018 942 2075 unitatem
977 2020 1306 2087 divinitatis,
1342 2025 1558 2079 tametsi
1593 2025 1705 2080 duo
1742 2026 1854 2081 sint

266 2108 583 2176 supposita,
619 2118 751 2165 sunt
796 2112 1163 2168 nihilominus
1207 2131 1356 2171 unus
1412 2117 1560 2172 Deus
1598 2136 1614 2172 :
1660 2118 1733 2173 ita
1781 2120 1852 2174 ob

267 2199 542 2254 unitatem
575 2202 824 2271 spirandi
861 2206 1106 2273 virtutis,
1137 2217 1232 2262 aut
1263 2209 1607 2279 spirationis,
1634 2212 1849 2266 tametsi

267 2286 385 2342 duo
431 2291 543 2344 sint
592 2292 900 2363 supposita,
938 2305 1068 2350 sunt
1109 2312 1281 2352 unum
1322 2307 1561 2353 attamen
1613 2300 1852 2369 Spiritus

266 2380 450 2435 sancti
501 2381 862 2454 principium.
914 2386 1107 2457 Itaque
1156 2389 1318 2444 sicuti
1354 2389 1594 2459 Spiritus
1627 2402 1852 2446 sanctus

265 2475 526 2548 procedit
556 2491 586 2530 a
609 2477 791 2539 Patre.
819 2479 947 2548 quia
979 2479 1032 2533 in
1065 2481 1222 2536 Patre
1254 2482 1497 2552 spirandi
1532 2464 1706 2539 virtus
1728 2495 1848 2540 est:

266 2565 347 2620 ita
374 2566 554 2637 ipsum
590 2570 895 2638 procedere
923 2588 950 2625 a
985 2571 1125 2627 Filio
1156 2574 1451 2628 dicendum
1491 2585 1598 2636 est.
1631 2577 1759 2644 quia
1792 2578 1846 2632 in

263 2659 414 2716 Filio
454 2676 563 2715 una
603 2671 658 2717 et
705 2664 924 2730 eadem,
970 2664 1080 2718 sibi
1118 2668 1524 2721 communicata
1579 2684 1607 2722 a
1664 2670 1848 2733 Patre,

265 2752 519 2823 spirandi
544 2753 732 2821 ,virtns
768 2756 1067 2824 reperitur.
1103 2755 1229 2812 Sive
1261 2768 1487 2813 sanctus
1510 2744 1644 2829 ergo
1674 2760 1850 2830 Spiri-

265 2854 364 2898 tus
419 2860 454 2897 a
515 2843 677 2900 Patre
720 2847 1008 2914 procedere
1039 2848 1258 2902 dicatur
1296 2857 1348 2902 et
1391 2867 1425 2904 a
1459 2849 1620 2916 Filio,
1654 2853 1768 2907 sive
1815 2873 1847 2909 a

263 2938 439 2992 Patre
473 2954 565 3007 per
594 2936 793 2993 Filium
819 2980 835 3005 ,
867 2940 1292 3010 aequipollentes
1326 2941 1558 3015 intelligi
1591 2945 1848 3014 proposi-

266 3027 453 3082 tiones
479 3027 707 3095 dehent,
735 3027 995 3084 virtutem
1023 3030 1269 3099 spirandi
1303 3030 1570 3101 Spiritum
1591 3044 1844 3088 sanctum

262 3120 652 3188 enuntiantes,
699 3136 823 3192 quae
867 3138 974 3177 una
1019 3123 1327 3195 eademque
1370 3126 1519 3182 Patri
1568 3128 1735 3191 inest,
1781 3144 1847 3185 ac

261 3212 433 3270 Filio.

340 3305 614 3373 Quoniam
664 3325 795 3366 vero
826 3311 1019 3368 eadem
1049 3313 1228 3369 virtus
1259 3313 1401 3370 inest
1427 3314 1579 3371 Patri
1605 3331 1635 3370 a
1663 3331 1744 3380 se,
1780 3330 1846 3372 ac

263 3397 417 3453 inest
465 3398 607 3455 Filio
655 3405 1054 3461 communicata
1097 3421 1126 3462 a
1178 3408 1379 3474 Patre,
1423 3406 1539 3463 sive
1589 3409 1844 3478 quoniam

264 3489 414 3544 inest
465 3491 613 3546 Patri
653 3502 911 3564 tanquam
964 3499 1242 3569 principio
1273 3499 1397 3554 sine
1448 3499 1745 3570 principio,
1789 3511 1847 3554 et

262 3584 415 3639 inest
462 3585 604 3640 Filio
651 3594 911 3658 tanquam
948 3590 1225 3662 principio
1256 3592 1325 3647 de
1366 3594 1679 3663 principio:
1718 3595 1845 3650 ideo

262 3677 382 3731 duo
414 3679 582 3733 veluti
612 3682 666 3734 in
689 3666 879 3745 Patre,
910 3692 968 3738 et
1003 3686 1060 3739 in
1091 3684 1232 3739 Filio
1265 3685 1652 3756 distinguenda
1681 3696 1841 3743 sunt:

262 3769 389 3836 ipsa
430 3785 625 3840 nempe
664 3774 914 3842 spirandi
953 3775 1152 3837 virtus,
1185 3792 1349 3846 quam
1401 3777 1606 3832 habent
1633 3778 1795 3833 ambo
1826 3819 1842 3842 ,

260 3877 333 3918 ac
380 3863 574 3917 modus
605 3879 727 3918 eam
764 3865 1028 3929 habendi,
1058 3881 1181 3937 quae
1216 3868 1364 3923 Patri
1406 3870 1549 3923 inest
1593 3886 1621 3923 a
1663 3886 1747 3932 se,
1789 3879 1845 3923 et

263 3952 414 4007 incst
453 3952 584 4008 Filio
601 3957 1001 4012 communicata
1027 3973 1057 4012 a
1075 3959 1258 4014 Patre.
1285 3958 1435 4012 Hanc
1471 3958 1661 4028 utique
1685 3960 1842 4015 inex-

262 4045 553 4100 s‘stentem
621 4046 771 4101 Patri
828 4047 1082 4119 Filioque
1110 4051 1390 4113 virtutem,
1423 4048 1556 4104 illia
1583 4065 1660 4113 se,
1696 4049 1785 4104 isti
1813 4065 1843 4104 a

258 4138 450 4200 Patre,
471 4138 793 4208 signiﬁcant
820 4155 985 4196 voces
1011 4142 1119 4197 illa:
1146 4151 1260 4196 tum
1296 4160 1329 4196 a
1358 4142 1524 4196 Patre
1555 4151 1606 4195 et
1631 4160 1662 4195 a
1684 4142 1842 4206 Filio.

262 4240 382 4285 tum
412 4248 445 4284 a
478 4228 649 4284 Patre
678 4247 775 4301 per
808 4231 1003 4286 Filium
1030 4249 1050 4287 :
1081 4233 1176 4288 sed
1218 4232 1556 4304 posteriores
1583 4232 1844 4289 videntur

260 4338 486 4393 quoque
513 4334 651 4396 aptae
682 4325 749 4379 ad
783 4325 1029 4397 ejusdem
1066 4327 1631 4382 communicationem
1664 4327 1843 4380 virtu-

261 4412 336 4467 tis
362 4414 807 4484 exprimendam,
846 4431 1018 4489 quam
1065 4431 1098 4470 a
1132 4413 1301 4472 Patre
1338 4417 1616 4472 nascendo
1643 4415 1845 4485 accipit

260 4504 460 4559 Filius.
1340 4512 1351 4523 ‘

1959 2029 2068 2068 non
2108 2025 2194 2068 est
2236 2032 2470 2084 persona
2517 2016 2698 2072 Patris
2735 2016 2962 2086 praecise
2997 2025 3058 2071 ut
3106 2031 3342 2086 persona
3372 2057 3389 2082 ,
3439 2015 3536 2069 sed

1955 2110 2196 2163 essentia
2249 2109 2460 2175 divina,
2506 2126 2629 2179 qua:
2675 2119 2759 2164 est
2810 2114 2864 2165 in
2917 2111 3100 2165 Patre.
3150 2109 3537 2164 Verumenim-

1954 2216 2085 2255 vero
2128 2201 2242 2255 hate
2279 2202 2423 2256 inest
2453 2203 2600 2258 Patri
2636 2217 2667 2255 a
2703 2216 2783 2266 se,
2833 2201 2975 2256 inest
3009 2201 3175 2255 etiam
3216 2199 3355 2254 Filio
3386 2215 3536 2254 cont-

1956 2294 2235 2346 municata
2280 2309 2308 2345 a
2349 2293 2512 2347 Patre
2562 2309 2576 2344 τ
2616 2292 2764 2347 unde
2829 2292 3073 2362 Spiritus
3129 2301 3405 2352 sanctus._
3438 2290 3533 2360 qui

1954 2386 2021 2437 de
2078 2386 2182 2440 hoc
2239 2386 2499 2439 thesauro
2553 2383 2778 2452 accipit,
2823 2383 3023 2455 accipit
3072 2397 3104 2437 a
3159 2383 3343 2448 Patre,
3397 2391 3455 2437 et
3504 2397 3534 2435 a

1954 2478 2113 2532 Filio.

2025 2569 2114 2621 Ait
2162 2582 2384 2623 rursum
2439 2566 2656 2622 Filius:
2697 2565 2769 2619 De
2797 2582 2912 2620 meo
2945 2567 3208 2638 accipiet;
3237 2566 3368 2636 quia
3408 2580 3536 2636 pro-

1951 2662 2156 2713 cedens
2198 2659 2267 2713 de
2324 2659 2462 2713 Filio
2508 2657 2771 2729 Spiritus,
2819 2674 2929 2714 non
2984 2668 3158 2713 totum
3216 2657 3420 2728 accipit
3470 2656 3526 2711 id

1951 2749 2096 2819 quod
2129 2758 2212 2803 est
2263 2751 2316 2803 itt
2372 2749 2535 2816 Filio,
2590 2765 2700 2804 non
2734 2750 2881 2803 enim
2935 2748 3150 2819 accepit
3194 2749 3532 2812 tiliationem,

1951 2842 2044 2894 sed
2080 2840 2405 2906 essentiam,
2438 2856 2505 2894 ex
2537 2855 2645 2909 qua
2694 2848 2751 2894 et
2804 2839 3092 2904 ﬁliationc,
3128 2847 3320 2894 nostro
3347 2839 3535 2894 conci-

1952 2932 2136 3001 piendi
2164 2932 2349 2993 modo,
2389 2932 2755 2987 constituitur
2786 2931 2979 2986 Filius.
3007 2930 3165 2998 Quod
3195 2931 3386 3000 utique
3412 2930 3532 2998 ipse

1950 3025 2124 3079 Filius
2158 3026 2365 3080 indicat
2399 3042 2412 3079 :
2450 3024 2643 3079 Omnia
2676 3041 2794 3092 quae
2832 3026 2990 3079 habet
3033 3022 3220 3089 I’ater,
3249 3023 3528 3093 inquiens,

1950 3137 2067 3174 mea
2091 3129 2215 3173 sunt
2236 3134 2257 3174 :
2290 3120 2404 3173 ideo
2442 3120 2554 3173 dixi
2589 3119 2758 3181 vobis,
2792 3119 2918 3188 quia
2948 3118 3013 3172 de
3046 3133 3157 3172 meo
3197 3117 3439 3182 accipiet,
3476 3116 3531 3171 id

1948 3218 2032 3263 est
2072 3209 2331 3279 accipiet,
2377 3226 2501 3280 quae
2535 3212 2668 3265 mihi
2714 3219 2771 3266 et
2804 3211 2953 3266 Patri
3005 3219 3136 3265 sunt
3192 3207 3529 3264 communia.

1952 3302 2350 3358 Dixeratlesus
2382 3303 2665 3369 Christus,
2686 3305 2868 3374 capite
2894 3320 2964 3359 xv
2992 3302 3242 3368 Joannis,
3261 3316 3406 3363 vers.
3424 3300 3528 3356 εστ

1952 3394 2215 3466 Spiritum
2253 3395 2622 3463 Paracletum,
2678 3415 2835 3470 quem
2889 3399 3005 3467 ipse
3052 3397 3227 3451 mittet
3270 3412 3301 3449 α
3344 3393 3529 3458 Patre,

1950 3489 2228 3557 procedere
2276 3507 2310 3543 a
2357 3489 2541 3544 Patre.
2577 3490 2673 3545 Ait
2707 3506 2838 3545 vero
2867 3491 3047 3561 capite
3079 3505 3191 3553 xw,
3226 3503 3374 3543 vers.
3414 3486 3483 3541 14
3513 3503 3527 3540 :

1950 3582 2049 3637 Ille
2080 3582 2346 3652 (Spiritus
2377 3583 2650 3650 veritatis)
2681 3582 2746 3637 de
2790 3599 2903 3637 meo
2945 3581 3183 3647 accipiet.
3227 3580 3354 3635 Haec
3385 3578 3533 3633 inter

1949 3675 2061 3730 duo
2083 3676 2229 3731 dicta
2277 3676 2699 3748 repugnantiam
2751 3676 2944 3730 adesse
2974 3674 3204 3735 nullam,
3242 3673 3403 3727 docet
3436 3670 3529 3724 ille

1948 3771 2200 3847 sequenti
2251 3787 2395 3826 vers.
2428 3769 2496 3824 15
2523 3787 2539 3823 :
2571 3769 2764 3824 Omnia
2798 3783 3117 3839 quaecunque
3144 3765 3297 3821 habet
3341 3767 3524 3825 Pater,

1949 3864 2226 3933 inquiens,
2274 3880 2390 3916 mea
2425 3870 2549 3916 sunt
2588 3879 2606 3927 ;
2660 3870 2945 3931 propterea
2978 3859 3112 3921 dixi,
3143 3859 3270 3926 quia
3305 3856 3368 3909 de
3413 3870 3530 3908 meo

1947 3955 2189 4026 accipiet.
2237 3955 2377 4009 Hinc
2411 3955 2531 4009 siue
2582 3953 2753 4007 dubio
2798 3952 3054 4016 edicitur,
3104 3948 3335 4021 perinde
3377 3962 3522 4008 esse.

1948 4048 2222 4118 Spiritum
2257 4059 2511 4102 sanctum
2555 4045 2857 4109 procedere
2882 4061 2911 4099 a
2942 4045 3128 4109 Patre,
3177 4051 3232 4098 et
3267 4041 3524 4111 accipere

1945 4142 2013 4195 de
2046 4140 2114 4194 iis
2146 4154 2268 4208 quae
2300 4148 2433 4194 sunt
2469 4139 2702 4203 Filii,ac
2726 4140 2907 4208 ipsum
2938 4138 3245 4208 procedere
3276 4135 3343 4188 ah
3375 4144 3528 4187 utro-

1945 4249 2076 4300 que,
2110 4234 2217 4287 sibi
2247 4234 2317 4289 ab
2354 4244 2589 4303 utroque
2616 4240 2816 4286 natura
2865 4230 3051 4285 divina
3093 4226 3522 4289 communicata.

1943 4334 2001 4380 et
2052 4325 2120 4379 iis
2164 4324 2593 4380 communicatis
2633 4324 2918 4386 omnibus.
2960 4337 3082 4393 quas
3132 4320 3361 4374 relative
3413 4334 3523 4373 non

1943 4427 2323 4487 opponuntur.
2359 4417 2602 4473 Tametsi
2630 4431 2765 4471 vero
2796 4416 2912 4471 haec
2946 4414 3189 4485 Spiritus
3217 4411 3392 4468 sancti
3431 4426 3527 4466 ac-

1944 4510 2127 4580 ceptio
2178 4510 2507 4575 sitmterna,
2559 4510 2721 4565 etab
2756 4519 3000 4564 aeterno:
3044 4508 3263 4575 accipiet
3315 4515 3522 4565 tamen.

333 4598 490 4654 Hanc
529 4599 840 4655 doctrinam
885 4599 1108 4670 eloquia
1139 4599 1329 4656 divina
1380 4602 1516 4659 satis
1562 4602 1834 4658 indicant.
1867 4622 1913 4675 ι)
1943 4601 2012 4656 de
2058 4601 2152 4655 illo
2181 4601 2406 4664 dicitur,
2441 4609 2737 4672 pmpterea
2763 4598 2916 4669 quod
2953 4613 3147 4653 omnes
3178 4597 3524 4651 differentias

254 4687 439 4743 Verba
462 4700 592 4742 sunt
605 4689 831 4745 Joannis
846 4691 1216 4761 evangelista,
1241 4694 1421 4762 capite
1439 4710 1548 4757 xvt,
1569 4691 1716 4750 vers.
1740 4695 1837 4749 15:

258 4779 397 4835 Cum
427 4783 629 4835 venerit
677 4781 771 4835 ille
805 4770 1038 4853 Spiritus
1068 4785 1567 4849 veritatis,-doccbit
1599 4803 1688 4840 vos
1729 4802 1844 4840 om-

256 4890 379 4926 nem
410 4876 690 4927 veritatem
716 4891 735 4940 ,'
768 4891 873 4927 non
907 4879 1046 4930 enim
1087 4876 1327 4947 loquetur
1359 4896 1392 4931 α
1426 4880 1724 4946 semetipso,
1750 4880 1842 4933 ted

255 4981 591 5041 quacunque
635 4967 841 5033 audiet,
873 4967 1133 5039 loquetur.
1157 4970 1319 5025 Vers.
1356 4970 1440 5026 15.
1480 4970 1579 5025 Ille
1609 4990 1691 5026 me
1724 4972 1839 5028 cla-

254 5058 513 5127 riﬁcabit.
541 5058 649 5131 47
685 5061 810 5127 quia
840 5061 905 5113 de
932 5078 1045 5115 meo
1070 5063 1291 5132 accipiet
1318 5064 1419 5132 (ἐκ
1444 5063 1541 5117 τοῦ
1572 5065 1708 5134 ἐμοῦ
1727 5066 1766 5133 ),
1791 5076 1840 5119 et

255 5152 603 5205 aununtiabit
636 5154 798 5207 vobis.
841 5152 1033 5209 Omnia
1078 5171 1406 5227 quotcunque
1452 5157 1605 5212 habet
1654 5157 1837 5222 Pater,

251 5259 374 5297 mea
406 5251 533 5298 sunt
580 5258 601 5297 :
647 5254 928 5315 propterea
955 5247 1067 5300 dixi
1097 5247 1259 5315 vobis,
1288 5251 1411 5320 quia
1443 5250 1505 5302 de
1536 5266 1652 5302 meo
1697 5251 1839 5302 acci-

252 5340 383 5410 piet.
433 5339 499 5391 Et
533 5340 717 5409 capite
749 5353 888 5401 xvu,
923 5354 1071 5393 vers.
1110 5339 1221 5395 l0:
1267 5340 1337 5394 Et
1383 5357 1500 5394 mea
1536 5342 1716 5395 omnia
1744 5350 1838 5395 tua

250 5442 400 5497 sunt,
438 5443 489 5487 et
520 5440 613 5486 tua
642 5448 758 5488 mea
786 5443 930 5487 sunt.
962 5433 1224 5489 Veterum
1275 5433 1500 5488 Patrum
1538 5436 1608 5489 ab
1642 5434 1837 5489 Eccleo

250 5527 351 5581 siae
389 5526 549 5579 initio
583 5525 881 5580 traditione
942 5525 1212 5589 discussa,
1252 5541 1475 5580 sensum
1512 5542 1834 5596 germanum

249 5615 491 5669 eliciunt
546 5614 785 5686 theologi
827 5631 842 5669 :
888 5614 1157 5685 quidquid
1215 5615 1379 5670 Pater
1417 5616 1603 5680 habet,
1659 5632 1833 5686 expo-

254 5716 477 5773 nentes,
514 5706 723 5762 habere
771 5707 936 5762 etiam
969 5708 1190 5771 Filium,
1225 5714 1339 5762 sola
1368 5717 1598 5779 excepta
1646 5720 1834 5778 pater.

249 5801 452 5855 uitatis
501 5800 791 5867 relatione,
845 5816 957 5872 qua
1010 5801 1173 5857 Pater
1219 5801 1520 5871 opponitur
1564 5800 1724 5866 Filio,
1766 5803 1832 5857 ah

250 5908 433 5965 eoque
470 5893 829 5965 distinguitur
857 5933 874 5963 ,
918 5909 981 5950 ac
1030 5895 1152 5951 ideo
1195 5891 1338 5950 i'nter
1365 5905 1560 5950 caetera
1608 5896 1789 5949 omnia
1814 5936 1829 5963 ,

1946 4702 2253 4762 temporum
2292 4691 2732 4746 eminentissime
2759 4688 3014 4745 'inelndit
3049 4689 3164 4761 [ιε
3193 4689 3473 4743 asternitas
3504 4704 3519 4742 :

1943 4802 2010 4841 ac
2049 4786 2205 4841 varia
2261 4795 2512 4855 tempora
2564 4787 2829 4855 exprimit
2879 4785 3028 4841 Deus
3078 4787 3134 4840 in
3186 4783 3520 4854 Scripturis,

1942 4885 2108 4947 prout
2138 4893 2223 4932 res
2252 4878 2515 4948 postulat.
2544 4877 2740 4947 Agitur
2769 4879 2875 4934 hoc
2910 4879 3033 4933 loco
3062 4877 3130 4932 de
3159 4877 3372 4946 Spiritu
3399 4891 3526 4931 san-

1940 4981 2051 5037 cto,
2081 4981 2341 5040 tanquam
2379 4972 2579 5040 legato,
2613 4970 2682 5025 ad
2715 4970 3020 5035 discipulos
3047 4969 3321 5024 mittendo
3347 4985 3377 5023 a
3412 4969 3521 5024 Pa-

1943 5073 2025 5114 tre
2062 5069 2118 5116 et
2150 5058 2333 5115 Filio:
2373 5062 2525 5116 unde
2555 5061 2601 5115 si
2629 5060 2907 5141 donorum
2956 5060 3178 5128 largitio
3217 5068 3519 5129 spectetur,

1940 5159 2069 5219 quae
2114 5162 2303 5222 postea
2350 5151 2640 5223 discipulis
2682 5151 2895 5207 edundi
2926 5151 3252 5215 debuerant,
3297 5152 3521 5222 accipiet

1942 5246 2133 5315 utique
2173 5245 2412 5314 Spiritus
2449 5256 2699 5310 sanctus,
2749 5261 2872 5314 qua:
2905 5244 3349 5300 substantialiter
3382 5260 3516 5315 pro-

1941 5339 2191 5393 cedendo
2220 5343 2290 5393 ab
2324 5348 2565 5408 utroque
2595 5348 2886 5408 acceperat
2916 5340 2972 5393 in
3003 5347 3209 5393 aeterna
3248 5353 3348 5393 sua
3389 5354 3521 5408 pro-

1940 5434 2210 5487 cessione.
2240 5432 2356 5487 Hoc
2385 5448 2550 5487 sensu
2582 5432 2931 5503 frequentius
2952 5433 3008 5488 in
3029 5432 3333 5502 Scripturis
3358 5432 3471 5486 dici
3501 5449 3516 5487 :

1941 5524 2202 5595 Spiritum
2232 5533 2477 5579 sanctum
2525 5526 2670 5587 dari.
2721 5535 2771 5579 et
2807 5528 2944 5580 mitti
2987 5544 3020 5580 α
3068 5523 3249 5590 Filio;
3289 5524 3519 5594 ejusque

1940 5628 2350 5687 temporaneam
2412 5619 2733 5674 missionem
2783 5629 2989 5675 aeterna
3044 5617 3207 5672 inniti
3238 5618 3358 5688 ejus
3393 5634 3517 5687 pro-

1936 5710 2188 5764 cessione
2218 5726 2248 5764 a
2279 5712 2437 5766 Patre
2470 5712 2720 5781 Filioque
2750 5712 2862 5783 jam
2916 5721 3152 5777 constat,
3188 5725 3251 5764 ac
3288 5709 3517 5763 uberius

1939 5803 2080 5856 inira
2114 5801 2353 5857 dicetur.
2384 5804 2457 5860 Ac
2479 5804 2645 5859 etiam
2682 5804 3016 5859 innotescit:
3046 5801 3304 5873 Spiritum
3330 5817 3514 5868 procc-

1936 5896 2062 5950 dere
2084 5912 2116 5951 a
2146 5892 2310 5966 Filia,
2342 5896 2462 5951 dari
2485 5897 2669 5964 etiam,
2697 5907 2745 5951 et
2767 5896 2910 5950 mitti
2934 5897 2998 5951 ab
3027 5912 3086 5950 eo
3115 5888 3342 5963 perinde
3365 5908 3511 5958 esse,
