3838 6362
359 357 428 416 63
635 427 643 435 _
1275 363 1600 425 GEORGII
1646 366 1908 426 CYPRII

2037 381 2058 428 ‘.
2106 370 2627 431 Ι’.³ι’1’111ΑΙ’1(ῙΙῙ.Ε
3537 374 3622 437 ϐλε-

360 485 422 523 ac
457 470 630 536 ipsum
667 487 762 539 per
795 469 994 528 Filium'
1029 479 1346 544 procedere,
1388 497 1450 535 ac
1485 483 1624 546 dari,
1667 495 1722 538 et
1755 486 1922 540 mitti.
1967 497 2000 548 Α
2033 485 2099 540 de
2150 487 2448 542 locutionis
2502 488 2666 541 modo
2715 487 2927 557 litigare
2965 489 3123 542 nolit.
3152 489 3393 557 Consule
3427 491 3608 560 ipsum

359 558 471 612 Cur
522 576 650 630 ergo
705 577 814 615 non
871 564 1125 623 dicamus
1176 570 1358 636 (obvia
1409 585 1468 624 ut
1514 588 1931 645 prreoccupetur

365 651 687 724 dillicultas)
764 655 964 711 Filium
1038 662 1325 729 producere
1385 663 1644 734 Spiritum
1686 680 1931 724 sanctum

359 758 453 813 per
487 743 745 814 Patrem,
796 752 1260 816 quemadmodum
1307 756 1362 809 in
1393 760 1595 813 creatis
1626 761 1732 814 dici
1765 762 1927 828 solet,

362 847 476 889 tum
528 854 697 906 regem
741 858 898 910 agerc
946 860 1040 912 per
1095 847 1417 913 ministrum,
1471 857 1583 902 tum
1629 853 1932 908 ministrant

359 946 517 998 agere
567 948 660 1000 per
716 935 940 1004 regem?
1003 935 1306 1008 Utrobique
1349 957 1587 1011 namque
1636 945 1929 1013 particula,

358 1038 473 1090 per,
523 1039 687 1077 sensu
731 1027 910 1080 activo
947 1028 1242 1097 accipitur.
1277 1030 1566 1088 Latissima
1601 1047 1801 1104 praesto
1845 1049 1933 1093 est

357 1111 698 1169 discriminis
761 1119 902 1173 ratio
953 1121 1098 1188 apud
1153 1133 1400 1177 sanctum
1462 1126 1808 1192 Thomam,t
1873 1148 1928 1200 p.

361 1215 550 1272 quaest.
582 1205 671 1270 56,
697 1218 802 1262 art.
843 1212 898 1274 5,
934 1211 1004 1265 ad
1035 1212 1089 1276 4,
1119 1222 1235 1268 tum
1265 1231 1330 1270 ex
1362 1221 1567 1272 unitate
1598 1223 1810 1276 virtutis
1839 1223 1934 1277 de-

360 1308 601 1368 sumpta,
631 1316 753 1369 quae
801 1302 946 1358 inest
991 1307 1236 1376 utrique.
1265 1308 1439 1372 Patri.
1495 1321 1550 1365 et
1594 1313 1730 1368 Filio
1763 1333 1777 1369 :
1816 1325 1930 1370 tum

359 1387 522 1440 etiam
564 1403 629 1440 ea:
667 1392 884 1456 ordine,
925 1395 1015 1462 qui
1062 1400 1356 1451 attenditur
1406 1401 1548 1454 inter
1595 1404 1832 1470 Patrem,
1883 1414 1932 1459 et

361 1477 582 1544 Filium,
613 1498 714 1533 non
745 1494 1004 1551 quantum
1033 1489 1103 1539 ad
1136 1489 1382 1547 rirtutem
1417 1492 1562 1562 (qua:
1609 1513 1713 1550 una
1747 1508 1831 1552 est
1877 1499 1929 1553 in

359 1569 524 1624 Patre
557 1587 586 1625 a
623 1588 703 1639 se,
750 1575 802 1627 in
838 1575 976 1630 Filio
1007 1593 1035 1631 a
1069 1579 1274 1650 Patre),
1321 1585 1413 1636 sed
1456 1585 1627 1638 solum
1673 1598 1932 1657 quantum

356 1659 429 1711 ad
453 1665 723 1732 supposita
755 1671 901 1735 (quae
928 1668 1036 1722 duo
1061 1682 1236 1741 sunt).
1263 1672 1582 1743 Superiora,
1612 1695 1731 1744 quae
1762 1696 1933 1735 sacra:

357 1751 660 1822 Scriptura:
709 1759 1074 1815 indicavimus
1114 1763 1254 1825 loca,
1315 1767 1533 1835 egregie
1590 1770 1828 1824 illustrat
1867 1788 1932 1827 ac

355 1844 698 1901 validissime
743 1849 985 1906 vindicat
1036 1854 1318 1921 Petavius,
1367 1849 1512 1913 lﬁiro
1564 1877 1623 1915 tu
1669 1862 1747 1917 De
1796 1882 1930 1919 san-
1969 1843 2007 1896 Β
2037 1853 2250 1922 Ρίθιηυε
2279 1855 2421 1910 hanc
2453 1872 2640 1912 "009'"

353 1935 594 1991 ctissime
635 1938 913 2008 Trinitate,
968 1946 1146 2014 capite
1178 1947 1229 2010 8,
1258 1950 1550 2006 adversum
1583 1954 1928 2013 Socinianos.

432 2029 589 2084 Paria
645 2034 894 2102 omnino,
945 2053 1063 2106 qua:
1109 2044 1177 2093 de
1212 2042 1424 2110 Spiritu
1470 2057 1682 2114 sancto,
1745 2050 1932 2108 habito

356 2133 611 2191 respectu
659 2125 726 2178 ad
773 2127 987 2182 Patrem
1015 2140 1071 2184 et
1112 2133 1178 2187 ad
1211 2136 1475 2204 seipsnm,
1498 2140 1800 2197 docentem
1834 2161 1933 2198 au-

354 2211 596 2270 divimus
641 2217 829 2273 Jesum
866 2220 1172 2292 Chrismm,
1204 2229 1273 2283 de
1304 2232 1490 2301 seipso
1533 2250 1753 2306 quoque
1787 2241 1932 2293 aﬂir-

356 2316 472 2361 mat
506 2309 619 2374 ille,
650 2322 910 2368 aeternam
959 2317 1200 2386 suipsius
1231 2325 1645 2390 generationem
1675 2344 1741 2384 ex
1770 2331 1930 2388 Patre

357 2398 700 2470 signiﬁcans,
765 2420 829 2458 ac
894 2409 1214 2465 missionem
1273 2429 1339 2467 ex
1397 2422 1781 2487 consequenti.
1839 2425 1929 2477 Ait

355 2507 554 2563 nempe
601 2497 746 2566 apud
798 2497 1090 2568 Joannem,
1140 2506 1316 2574 capite
1347 2525 1460 2569 vm.
1497 2527 1642 2566 vers.
1686 2514 1790 2568 '26:
1827 2515 1928 2580 Qui

355 2602 439 2639 mc
466 2588 628 2652 misit,
659 2606 820 2644 verna:
851 2602 926 2646 est
949 2610 968 2645 :
998 2609 1048 2648 et
1107 2613 1200 2666 ego
1243 2616 1361 2667 quia
1392 2603 1569 2656 audivi
1605 2604 1668 2658 ab
1704 2621 1784 2672 εο,
1818 2608 1928 2661 lucc

355 2677 545 2748 loquor
583 2683 637 2735 in
667 2685 883 2739 mundo.
931 2685 998 2740 Et
1044 2703 1191 2744 vers.
1225 2691 1339 2746 28:
1410 2693 1446 2746 Α
1510 2711 1592 2749 me
1644 2701 1755 2764 ipso
1790 2699 1927 2768 facio

356 2770 531 2836 nihil;
577 2773 668 2826 sed
711 2775 846 2828 sicut
895 2777 1074 2831 docuit
1114 2797 1194 2834 me
1243 2781 1421 2849 Pater,
1453 2788 1563 2840 ha’c
1609 2787 1809 2859 loquor.
1863 2793 1929 2847 Et

356 2873 478 2929 cap.
524 2878 620 2926 xit,
660 2881 806 2921 vers.
836 2867 942 2921 49:
981 2869 1092 2939 Ego
1136 2887 1201 2924 ea:
1259 2876 1456 2944 meipso
1485 2895 1588 2931 non
1618 2897 1737 2933 sum
1783 2881 1926 2936 locu-

358 2956 443 3003 tus
469 2965 488 3002 :
527 2954 619 3004 sed
659 2957 750 3023 qui
796 2959 937 3011 misit
973 2977 1055 3013 me
1084 2960 1268 3024 Pater,
1299 2964 1408 3034 ipse
1452 2970 1764 3024 mandatum
1804 2976 1930 3028 mihi

357 3040 518 3107 dedit,
565 3045 694 3111 quid
725 3046 922 3112 dicam,
971 3061 1021 3104 et
1067 3054 1194 3123 quid
1243 3056 1454 3125 loquar.
1511 3059 1579 3113 Et
1627 3063 1806 3132 capite
1835 3081 1924 3134 xv,

353 3147 501 3188 γει-ε.
553 3135 620 3189 15
653 3154 668 3189 :
703 3137 895 3193 Omnia
929 3158 1252 3215 quacunque
1283 3150 1459 3203 audivi
1502 3168 1533 3203 α
1574 3153 1740 3208 Patre
1790 3174 1924 3225 meo,
1951 3185 1997 3247 ρ

359 3229 484 3247 __,,_
520 3225 776 3247 ,Αμμ
837 3228 954 3247 ..μ
1039 3233 1072 3247 ,.
1355 3240 1364 3247 .
1443 3239 1461 3247 -
1603 3241 1652 3247 η-
1714 3244 1722 3247 -
1787 3245 1796 3247 ς
1851 3246 1854 3247 ν

359 3229 486 3276 nata
515 3225 613 3291 [hci
638 3227 799 3280 vobis.
837 3228 964 3284 llzec
998 3233 1186 3301 utique
1217 3240 1400 3291 orantia
1436 3239 1564 3294 Jesu
1593 3241 1800 3299 Christi
1828 3246 1924 3300 do-

354 3323 610 3369 cumenta
653 3317 951 3384 evincunt,
1009 3322 1188 3392 ipsum
1219 3343 1341 3382 esse
1384 3331 1550 3385 Deum
1583 3333 1650 3388 de
1687 3336 1818 3400 Deo,
1857 3337 1926 3393 ab

357 3412 564 3458 aeterno
603 3409 849 3476 genitum
881 3428 910 3466 a
946 3414 1131 3480 Patre,
1165 3422 1567 3478 communicata
1601 3426 1776 3482 eidem
1830 3446 1928 3500 per

353 3498 769 3567 generationem
805 3513 1028 3567 natura,
1065 3517 1121 3560 et
1148 3508 1440 3576 sapientia,
1484 3528 1547 3566 ac
1596 3498 1928 3572 ueteris—at-

360 3590 585 3645 tributis
625 3594 921 3661 omnibus;
969 3613 1033 3652 ac
1067 3599 1289 3653 demum
1321 3603 1389 3656 ab
1419 3615 1628 3659 aeterno
1660 3611 1927 3677 genitum,

361 3694 777 3752 assumpturum
814 3687 1099 3744 hominem
1147 3692 1203 3746 in
1245 3701 1516 3764 tempore,
1569 3713 1633 3751 ac
1678 3701 1932 3758 homines

364 3775 656 3830 docturum
710 3778 912 3834 divina:
946 3781 1232 3850 sapientia:
1282 3788 1559 3856 mysteria.
1609 3790 1745 3846 Cum
1778 3772 1932 3863 paria

360 3867 594 3922 omnino
629 3869 742 3922 sint
775 3872 843 3924 de
868 3869 1081 3940 Spiritu
1118 3881 1307 3930 sancto
1341 3876 1510 3942 dicta,
1546 3884 1878 3950 procedente
1901 3902 1931 3942 a

360 3960 545 4023 Patre,
589 3977 699 4014 non
732 3962 996 4031 loquente
1040 3980 1072 4020 a
1123 3966 1331 4036 seipse,
1369 3968 1674 4040 accipiente
1705 3990 1734 4027 a
1769 3976 1930 4043 Filio,

358 4051 491 4120 quia
522 4053 706 4109 omnia
737 4070 859 4125 quae
888 4065 1022 4112 sunt
1047 4059 1250 4126 Patris,
1281 4061 1405 4116 Filii
1433 4063 1600 4117 etiam
1641 4065 1752 4136 49
1781 4078 1929 4135 sunt,

357 4157 592 4220 excepta
643 4153 1000 4220 paternitatis
1032 4156 1334 4222 relatione;
1367 4159 1676 4213 necessaria
1710 4163 1932 4218 ratioci.

361 4242 589 4297 natione
617 4245 989 4315 colligendum
1014 4255 1118 4309 est,
1145 4263 1174 4301 a
1206 4249 1366 4304 Patre
1393 4250 1646 4321 Filioque
1667 4251 1931 4323 Spiritum

361 4341 616 4386 sanctum
666 4335 965 4404 procedere
1009 4354 1200 4393 verum
1255 4341 1448 4406 Deum,
1495 4342 1818 4414 largiturum
1873 4349 1932 4403 in

361 4431 610 4492 tempore
644 4425 965 4484 hominibus
1019 4430 1162 4486 dona
1223 4432 1434 4502 gratiae.
1481 4432 1598 4489 Hoc
1644 4435 1765 4490 loco
1817 4441 1930 4494 haec

359 4517 519 4569 satis.

433 4609 524 4663 Ν.
565 4608 689 4665 11ωο
720 4627 852 4669 sane
894 4629 1153 4684 germana
1187 4618 1329 4672 ratio
1358 4618 1636 4690 dogmatis
1669 4640 1683 4676 :
1719 4622 1789 4677 de
1821 4640 1930 4694 quo

361 4700 594 4756 nimium
643 4720 801 4759 acres
851 4716 1012 4761 moue
1041 4721 1168 4762 sunt
1203 4708 1430 4764 Latinos
1460 4711 1606 4765 inter
1629 4723 1684 4767 et
1713 4713 1932 4769 Graecos

358 4792 786 4863 disputationes,
808 4797 953 4852 edita
979 4797 1328 4866 frequentius
1356 4817 1453 4871 pro
1479 4801 1689 4858 Latinis
1709 4803 1928 4858 decreta

363 4886 488 4941 lidei
537 4889 592 4942 in
638 4890 889 4944 conciliis
937 4908 952 4944 :
998 4892 1240 4961 unioque
1289 4902 1496 4948 statuta
1539 4911 1664 4948 cum
1701 4894 1927 4960 Graecis,

359 4980 452 5033 sed
484 4981 552 5034 ab
584 4980 670 5035 his
695 4982 862 5035 etiam
899 4983 1200 5056 instaurata
1233 4984 1482 5039 dissidia.
1522 4986 1617 5041 Lis
1649 5000 1766 5041 acta
1799 5006 1930 5043 vero

359 5072 528 5128 variis
561 5075 923 5142 temporibus.
959 5073 1141 5131 Prima
1191 5078 1419 5148 hujusce
1455 5077 1675 5132 videtur
1706 5092 1930 5134 contro-

360 5165 554 5218 versiae
599 5166 810 5220 mentio
848 5167 994 5236 apud
1025 5167 1296 5224 Hilarium
1331 5185 1628 5225 occurrere
1660 5171 1805 5224 libro
1833 5190 1930 5228 \‘Ill

361 5253 437 5307 De
465 5254 742 5320 Trinitate,
776 5273 938 5327 quem
974 5259 1027 5312 in
1060 5261 1249 5314 exsilio
1290 5272 1418 5315 ante
1449 5279 1653 5315 annum
1703 5263 1806 5318 360
1839 5267 1930 5318 ab-

360 5348 618 5403 solverat.
652 5349 744 5404 Sic
773 5352 920 5407 enim
950 5355 1028 5408 ait
1057 5371 1212 5409 num.
1237 5355 1307 5410 20
1334 5375 1347 5410 :
1382 5357 1560 5426 Neque
1593 5359 1645 5410 in
1674 5361 1768 5410 hoc
1793 5376 1930 5412 nime

358 5439 656 5495 calumnior
705 5445 940 5500 libertati
986 5448 1092 5518 (al.
1153 5448 1485 5519 libertatem)
1538 5451 1927 5521 intelligentiw,

361 5543 542 5588 utrum
593 5555 656 5590 ea:
696 5540 880 5605 Patre,
915 5559 984 5595 an
1029 5559 1092 5596 ea:
1122 5541 1266 5597 Filio
1298 5543 1554 5612 Spiritum
1585 5543 1931 5597 Paraclutum

360 5637 542 5695 putent
591 5647 741 5686 esse:
774 5651 878 5688 non
911 5637 1050 5688 cnim
1077 5637 1132 5689 in
1166 5637 1367 5690 incerto
1403 5634 1656 5690 Dominus
1691 5636 1928 5705 reliquit.

359 5722 562 5791 Aperta
605 5742 760 5781 mens
803 5726 927 5794 ejus
973 5740 1097 5784 est:
1161 5729 1434 5783 incertum
1481 5728 1586 5784 sibi
1632 5744 1740 5782 non
1786 5744 1926 5793 esse,

361 5817 490 5883 quin
524 5835 552 5872 a
579 5817 739 5876 Patre
774 5820 1017 5892 Filioque
1048 5821 1117 5877 sit
1142 5822 1381 5892 Spiritus
1409 5832 1654 5886 sanctus,
1681 5819 1930 5888 quamvis

2037 579 2177 632 libro
2214 595 2272 640 ιι,
2304 596 2455 634 ntnn.
2491 580 2545 641 4,
2579 580 2669 633 ubi
2706 580 2902 634 Filium
2947 583 3184 651 appellat
3214 581 3444 652 Spiritus
3474 601 3618 638 sau-

2033 671 2102 721 cti
2134 668 2439 738 largitorem
2471 683 2517 722 et
2552 679 2847 726 auctorem.

2106 759 2284 813 Litetn
2337 763 2520 816 acrius
2571 763 2876 817 intentasse
2924 763 3146 817 videtur
3194 763 3606 828 Theodorclus,

2033 851 2158 921 Cyri
2208 854 2261 906 in
2295 853 2659 922 Euphratesia
2687 856 3008 924 episcopus.
3041 855 3157 911 Suo
3191 872 3430 925 namque
3461 857 3615 909 Ana—

2034 944 2371 996 thematismo
2399 943 2500 1006 IX,
2537 961 2699 1013 quem
2735 962 2860 1001 cum
2897 947 3022 1000 aliis
3049 935 3196 1001 anno
3240 947 3344 1001 450
3377 963 3444 1001 ex
3487 948 3627 1000 Alc-

2036 1031 2304 1086 xandrino
2324 1034 2559 1088 concilio
2583 1035 2648 1089 ad
2673 1035 2986 1090 Nestorium
3013 1036 3396 1092 transmiserat
3428 1035 3574 1107 Cyr=l

2033 1122 2116 1176 lus
2136 1124 2559 1187 Alexandrinus,
2592 1127 2877 1196 inquiebat
2903 1143 2917 1179 :
2947 1125 3207 1197 Spiritum
3234 1137 3500 1192 sanctum,
3518 1146 3616 1198 per

2033 1230 2186 1280 quem
2204 1217 2379 1269 divina
2399 1220 2550 1287 signa
2567 1219 2727 1272 edidit
2743 1219 2894 1274 Iesus
2913 1218 3175 1283 Christus,
3208 1222 3440 1290 ejusdem
3464 1221 3618 1288 (Iesu.

2033 1305 2260 1377 Christi)
2291 1312 2561 1377 proprium
2603 1327 2732 1364 esse.
2767 1310 2894 1366 Haec
2931 1313 3094 1366 verba
3133 1312 3515 1366 Theodoretus
3551 1313 3607 1364 in

2036 1396 2178 1452 libro
2224 1399 2292 1452 de
2319 1399 2507 1470 Cyrilli
2553 1404 3045 1458 Anatbentatismis
3074 1404 3141 1456 ad
3171 1403 3442 1458 Joannem
3492 1404 3608 1456 An-

2037 1489 2377 1555 tiochenum,
2427 1493 2594 1546 nimia
2637 1494 2922 1560 excipiens
2971 1496 3341 1549 morositate:
3392 1513 3410 1545 ς
3468 1494 3609 1547 Pro-

2035 1578 2211 1644 prium
2271 1589 2454 1633 autem
2513 1580 2775 1650 Spiritum
2824 1581 2968 1646 Filii,
3013 1584 3214 1652 inquit,
3260 1588 3306 1636 si
3355 1582 3602 1651 ejusdem

2035 1669 2254 1736 quidem
2287 1687 2414 1724 cum
2439 1687 2506 1726 eo
2547 1684 2776 1738 naturae,
2811 1684 2868 1728 et
2911 1689 2977 1728 ex
3019 1674 3178 1728 Patre
3213 1675 3611 1743 procedentem

2035 1761 2196 1827 dixit,
2230 1764 2394 1817 simul
2427 1766 2838 1830 conﬁtebimur,
2883 1776 2941 1818 et
2992 1775 3247 1834 tanquam
3280 1766 3424 1835 piam
3453 1767 3607 1820 exci-

2684 1875 2698 1912 :
2739 1858 2786 1912 si
2837 1874 2989 1924 vero,
3021 1859 3095 1922 ὠς
3127 1858 3188 1922 ἐξ
3217 1857 3375 1924 Υἱοῦ,
3414 1859 3507 1910 καὶ
3537 1857 3607 1910 δι’

2038 1947 2167 2000 Υἱοῦ
2207 1950 2306 2019 τὴν
2336 1948 2573 2019 ὓπαρξιν
2608 1951 2754 2020 ἕχον,
2787 1961 3047 2022 tauquam
3089 1967 3154 2004 ea:
3184 1951 3339 2013 Filio,
3388 1961 3482 2004 aut
3513 1967 3608 2020 per

2034 2039 2230 2093 Filium
2259 2043 2617 2095 exsisteutiam
2649 2043 2947 2107 habentem,
2995 2043 3100 2098 hoc
3132 2053 3191 2096 ut
3221 2043 3602 2111 blasphemum

2033 2141 2088 2186 et
2115 2131 2346 2201 impium
2377 2135 2677 2204 rejicimus.
2720 2154 2738 2187 ι
2781 2135 3130 2200 Durioribus,
3161 2150 3282 2204 quae
3319 2134 3604 2198 videntur,

2034 2222 2373 2279 Theodoreti
2411 2225 2595 2280 verbis
2637 2241 2705 2280 ne
2738 2237 2917 2280 tamen
2972 2228 3202 2281 mereas.
3234 2225 3516 2280 Adnotare
3546 2225 3601 2277 in

2033 2324 2381 2370 antecessum
2429 2317 2616 2380 liceat,
2645 2333 2709 2372 ea
2740 2318 3150 2373 Theodoretum
3193 2316 3406 2371 ratione
3433 2316 3604 2370 dene-

2031 2423 2214 2475 gasse,
2244 2408 2510 2478 Spiritum
2549 2418 2801 2464 sanetum
2835 2410 3065 2476 habere,
3113 2425 3145 2463 a
3188 2408 3347 2475 Filio,
3377 2417 3472 2462 aut
3504 2423 3604 2478 per

2030 2499 2226 2553 Filium
2251 2501 2662 2568 cxsistentiam;
2693 2504 2818 2572 quia
2852 2501 3154 2557 Macedonii
3195 2513 3248 2556 et
3274 2499 3599 2568 Apollinarii

2031 2590 2198 2659 impia
2230 2601 2542 2645 commenta
2577 2594 2645 2646 iis
2685 2592 2921 2663 exprimi
2966 2593 3152 2646 verbis
3203 2591 3601 2647 arbitrabatur.

2028 2681 2268 2738 Mentem
2302 2685 2444 2740 hanc
2473 2701 2626 2741 suam
2653 2687 2830 2756 aperit
2866 2687 2924 2741 in
2951 2687 3191 2756 Epistola
3223 2685 3292 2740 ad
3328 2694 3606 2740 monaste-

2030 2775 2132 2839 ria,
2172 2791 2295 2845 quae
2323 2776 2523 2846 legitur
2562 2777 2856 2832 collatione
2905 2794 2958 2845 v,
3005 2780 3062 2833 in
3107 2778 3318 2849 synodo
3354 2794 3385 2832 v
3443 2793 3597 2831 (ncu-

2030 2868 2265 2924 meoica.
2320 2870 2411 2924 Ait
2465 2870 2613 2925 enitn
2682 2871 3002 2942 Cyrilliana:
3063 2871 3357 2926 sententia
3418 2870 3601 2923 inesse

2028 2961 2348 3028 Apollinarii
2373 2963 2634 3016 seminum
2660 2963 2891 3032 fructum
2913 2977 2933 3015 :
2965 2963 3059 3032 qui
3083 2961 3322 3016 adducto
3345 2959 3598 3028 exetiiplo

2030 3051 2183 3113 solis,
2219 3051 2384 3117 radii,
2415 3063 2472 3107 et
2515 3055 2848 3124 splendoris,
2892 3055 2986 3124 qni
3027 3071 3060 3107 a
3097 3052 3208 3107 sole
3245 3067 3338 3124 per
3385 3054 3609 3105 radium

2030 3142 2310 3204 emittitur,
2365 3143 2630 3212 Spiritum
2659 3158 2939 3199 xsanctum
2992 3161 3243 3213 magnum
3297 3143 3614 3205 asserebat.

2031 3231 2224 3286 Filium
2259 3235 2536 3302 maiorem.
2569 3244 2624 3289 et
2654 3236 2871 3290 Patrem
2906 3237 3192 3290 maximum
3221 3235 3600 3304 ;etquemad-

2031 3325 2253 3378 modum
2285 3326 2459 3381 Filius
2494 3327 2674 3382 minor
2708 3337 2852 3382 esset
2880 3329 3066 3393 Patre.
3105 3327 3230 3396 quia
3260 3338 3422 3380 natus
3451 3345 3479 3380 a
3500 3327 3603 3379 Pa-

2033 3426 2137 3485 tre,
2182 3419 2258 3472 ita
2288 3435 2509 3488 quoque
2539 3419 2780 3490 Spiritus
2809 3429 3030 3475 sanctus
3057 3421 3239 3474 minor
3272 3418 3602 3482 toretFiiio.

2030 3511 2157 3579 quia
2185 3511 2490 3581 procedens
2517 3527 2584 3567 ex
2606 3512 2765 3568 Filio.
2786 3512 2898 3570 liae
2925 3514 2993 3568 de
3014 3529 3073 3569 re
3099 3511 3416 3582 diligentius
3437 3527 3603 3582 agen-

2030 3601 2160 3654 dum
2202 3617 2323 3670 cap.
2360 3602 2414 3668 8,
2447 3618 2603 3655 num.
2631 3602 2686 3657 5.

2104 3691 2213 3763 50
2248 3692 2424 3748 Fuere
2467 3693 2862 3758 Monothelitm,
2895 3693 2986 3762 qui
3033 3710 3262 3750 sensum
3301 3695 3595 3766 dogmatis,

2031 3799 2143 3855 quo
2178 3785 2248 3840 de
2285 3785 2518 3856 agimus;
2553 3787 2716 3855 primi
2748 3797 3159 3857 oppugnarunt.
3186 3787 3468 3843 Eternam
3530 3806 3598 3843 ac

2031 3878 2447 3933 substantialem
2470 3877 2711 3947 Spiritus
2733 3879 2908 3933 sancti
2939 3878 3344 3950 processionem
3375 3897 3400 3930 a
3434 3878 3597 3945 Filio,

2031 3979 2127 4024 aut
2146 3986 2245 4040 per
2267 3970 2466 4025 Filium
2494 3969 2722 4024 inliciati
2746 3979 2902 4036 sunt,
2925 3970 3167 4047 ejusque
3190 3972 3601 4039 processionem,

2031 4077 2063 4116 a
2089 4063 2347 4118 Patribus
2386 4062 2566 4117 omnis
2599 4063 2701 4118 aevi
2730 4064 2932 4133 passim
2971 4072 3236 4116 assertam
3264 4080 3357 4132 per
3379 4063 3599 4119 Filium.

2035 4153 2356 4208 intellexere
2387 4154 2780 4223 temporalem;
2812 4152 2964 4222 quod
3020 4152 3137 4220 ipse
3189 4152 3448 4206 nimirum
3497 4170 3601 4221 per

2032 4245 2233 4300 Filium
2258 4247 2630 4302 iunotesccret
2651 4246 2996 4307 hominibus,
3027 4262 3091 4300 ac
3117 4246 3260 4300 dona
3291 4246 3602 4316 spiritualia

2031 4337 2384 4394 concederet.
2430 4337 2566 4392 Item
2621 4339 2829 4394 evincit
2881 4338 3114 4396 Michael
3165 4338 3483 4408 Lequienus
3541 4339 3602 4393 in

2038 4431 2429 4486 Dissertatione
2460 4433 2480 4486 l
2523 4431 2937 4495 Damasceniea,
2976 4447 3132 4485 num.
3170 4431 3260 4491 48,
3287 4447 3351 4485 ex
3388 4431 3610 4486 confes-

1959 4525 2192 4591 Dsione
2241 4524 2460 4579 Macarii
2509 4524 2859 4586 Antiocheui,
2913 4523 3158 4578 ltaaretici
3207 4523 3607 4578 Monothelitas.

2035 4615 2256 4670 Prostat
2292 4632 2358 4669 ea
2408 4617 2466 4669 in
2510 4616 2663 4670 Actis
2711 4615 2934 4669 concilii
2968 4614 3107 4668 sexti
3142 4614 3469 4668 meumenici
3503 4631 3609 4668 an-

2034 4722 2106 4760 no
2137 4707 2231 4762 681
2268 4708 2555 4770 celebrati,
2601 4711 2820 4762 actione
2852 4709 2907 4772 8,
2942 4707 3035 4760 ubi
3059 4707 3126 4762 de
3160 4708 3375 4776 Spiritu
3409 4717 3611 4762 sancto

2036 4799 2152 4856 haec
2185 4800 2502 4854 habentur:
2537 4802 2645 4853 Καὶ
2670 4800 2751 4863 εἰς
2787 4800 2846 4852 τὸ
2881 4799 3103 4869 Πνεῦμα
3142 4799 3202 4851 τὸ
3241 4799 3398 4866 ἅγιον
3431 4801 3492 4851 τὸ
3539 4802 3611 4852 ἐκ

2032 4890 2126 4945 τοῦ
2157 4891 2376 4961 Πατρὸς
2407 4893 2865 4961 ὲχπορευᾶμενον,
2904 4892 3000 4946 καὶ
3049 4889 3118 4942 δι’
3166 4889 3295 4943 Υἱοῦ
3338 4891 3606 4960 πεφηνὸς,

2031 4981 2231 5050 δηλαδὴ
2263 4985 2370 5040 τοῖς
2395 4982 2703 5049 ἀνθρώποις
2725 5024 2740 5048 ,
2784 4981 2850 5035 Et
2886 4984 2940 5036 in
2983 4982 3241 5049 Spiritum
3272 4997 3511 5039 sanctum
3541 5002 3610 5040 ea:

2036 5071 2202 5125 Patre
2254 5075 2642 5144 procedentem,
2673 5083 2720 5128 et
2771 5090 2862 5143 per
2904 5075 3100 5128 Filium
3150 5076 3451 5140 micantem,
3502 5092 3606 5133 seu

2035 5165 2455 5234 manifestatum.
2497 5166 2735 5220 uidelicet
2763 5166 3081 5219 hominibus.

2103 5258 2302 5312 Metam
2333 5261 2500 5312 etiam
2534 5275 2564 5312 a
2599 5258 2980 5313 Monothelitis
3027 5257 3206 5318 litem.
3241 5258 3496 5314 novimus
3537 5277 3608 5316 ex

2031 5360 2226 5405 sancto
2261 5351 2516 5413 Maximo,
2551 5350 2646 5418 qui
2703 5350 2758 5404 in
2792 5349 3028 5420 epistola
3061 5348 3128 5400 ad
3175 5348 3443 5402 Marinum
3477 5365 3607 5418 pre-

2034 5444 2319 5514 sbyterum
2369 5443 2448 5496 sic
2494 5443 2572 5496 ait
2611 5460 2624 5495 :
2671 5441 2900 5496 Latinos
2948 5439 3427 5508 reprehendebant
3461 5441 3614 5496 Con-

2034 5537 2534 5606 stantinopolitani,
2585 5536 2798 5590 scilicet
2839 5533 3236 5596 Monothelitae,
3285 5533 3414 5602 quia
3453 5533 3616 5589 dicc-

2036 5642 2180 5696 rcnt,
2233 5630 2515 5700 procedere
2561 5629 2718 5682 etiam
2765 5643 2830 5680 ea;
2874 5625 3012 5679 Filio
3044 5624 3304 5694 Spiritum
3337 5634 3606 5681 sanctum.

2036 5728 2238 5783 Verum
2268 5724 2447 5778 Latini
2490 5741 2509 5774 ι
2546 5718 2907 5776 consonantia
2942 5717 3296 5787 protulerunt
3345 5715 3602 5772 testimo-

2038 5820 2126 5875 nia
2162 5819 2483 5872 Latinorum
2514 5817 2761 5894 Patrum,
2797 5827 3014 5867 necnon
3051 5819 3106 5866 ct
3147 5808 3336 5880 Cyrilli
3368 5809 3610 5864 Alexan-
