3858 6474
214 400 299 465 C5
1362 405 1560 466 VlTA.
1603 429 1667 441 -
1713 405 2222 467 DlSSEii’l‘ATIO
2259 405 2309 464 Ι.
3407 403 3479 469 66

219 516 374 571 drini
434 516 505 571 de
560 530 722 571 sacro
766 516 941 587 ipsius
988 533 1184 589 opere,
1240 522 1385 589 quod
1448 525 1499 576 in
1551 520 1801 578 sanctum
1832 534 1880 589 Α
1908 529 1956 575 et
1986 524 2270 576 secundum
2302 520 2557 590 quiddam
2604 534 2705 571 non
2753 516 3030 582 procedere
3062 516 3322 587 Spiritum
3355 534 3484 573 san-

212 611 623 677 evangelistam
646 609 780 666 fecit
807 611 1069 666 Joannem
1100 630 1111 666 :
1146 627 1210 667 ex
1237 613 1436 683 quibus
1463 630 1569 672 non
1602 616 1802 678 αἰτίαν,

214 718 450 756 causam
490 701 725 773 Spiritus
759 704 932 757 sancti
965 703 1162 758 Filium
1189 721 1245 758 se
1274 705 1449 771 facere
1476 715 1807 760 monstraue-

216 803 375 849 runt.
409 795 581 851 Unam
622 796 771 850 enim
802 806 1007 853 norunt
1041 814 1260 852 causam
1302 798 1455 862 Filii,
1487 809 1535 852 et
1571 800 1805 871 Spiritus

224 904 341 942 esse
395 887 618 941 Putrem
660 904 681 943 :
728 889 956 944 alterius
1007 893 1311 946 secundum
1349 894 1803 965 generationem;

222 989 283 1034 et
331 979 561 1034 alterius
603 982 894 1035 secundum
941 983 1294 1053 ὲκπὸρευσιν,
1344 987 1733 1055 processionem
1786 1003 1805 1041 :

238 1071 384 1124 ‘AD.’
409 1072 497 1124 ἵνα
527 1074 591 1124 τὸ
620 1074 687 1125 δι’
710 1072 878 1127 αὐτοῦ
904 1072 1153 1141 προϊέναι
1185 1075 1489 1146 δηλώσωσι,
1509 1080 1601 1130 καὶ
1631 1077 1807 1151 ταύτῃ

222 1165 287 1216 τὸ
329 1164 570 1231 συναφὲς
593 1165 692 1233 τῆς
719 1166 909 1229 οὐσίας
945 1167 1038 1221 καὶ
1061 1169 1486 1238 ἀπαράλλακτον
1522 1171 1803 1240 παρειστή-

226 1273 403 1321 emat;
438 1256 530 1309 sed
554 1266 608 1308 ut
638 1258 778 1311 hunc
806 1274 900 1325 per
934 1275 1053 1313 eum
1087 1261 1298 1327 prodire
1332 1262 1665 1315 insinuarent
1695 1278 1714 1315 :
1751 1272 1807 1316 ct

1910 623 2073 667 ctum.
2122 632 2139 664 ι
2191 613 2312 668 Non
2370 612 2668 681 procedere
2703 610 2748 662 ‘a
2809 609 2969 676 Filio,
3013 622 3070 679 ut
3123 626 3151 663 a
3204 610 3482 681 principio

1909 706 2029 760 siue
2100 705 2422 775 principio,
2489 720 2520 758 a
2598 718 2657 757 se
2730 703 2988 756 virtutem
3068 702 3310 772 spirandi
3386 704 3482 759 ha-

1911 801 2110 865 bente;
2154 798 2455 868 procedere
2491 797 2560 851 ab
2594 796 2739 864 ipso,
2780 804 2839 850 ttt
2869 810 2897 849 a
2933 794 3204 864 principio
3237 794 3304 849 de
3334 800 3484 864 priu—

1909 892 2077 962 cipio,
2123 908 2155 947 a
2206 892 2366 946 Patre
2420 906 2518 960 per
2573 888 2991 958 generationem
3022 888 3326 959 accipiente
3373 892 3485 944 vir-

1911 996 2111 1039 tutem.

1978 1077 2204 1141 Acrius,
2236 1084 2542 1144 apertoque
2577 1083 2775 1137 marte,
2808 1072 3002 1143 dogma
3039 1074 3185 1129 istud
3218 1074 3486 1144 impetere

1908 1177 2202 1240 cmperunt
2250 1166 2625 1231 lconomachi,
2676 1167 3025 1237 maximeque
3086 1168 3190 1222 sub
3252 1168 3486 1236 imperio

1908 1258 2253 1316 Constantini
2315 1258 2671 1330 Copronymi,
2732 1268 2927 1313 octavo
2986 1260 3187 1313 ateculo
3242 1259 3485 1315 labente.

212 1350 334 1402 hac
374 1348 707 1420 (locutione)
735 1349 1050 1406 substantia:
1083 1355 1528 1414 communionem.
1563 1363 1612 1407 et
1644 1354 1810 1439 innis-
1904 1353 2046 1408 Cum
2084 1354 2362 1407 haereseos
2393 1352 2496 1420 ipsi
2521 1351 2590 1406 ab
2623 1350 3075 1407 Occidentalibus
3102 1352 3489 1406 insimularet:-

218 1439 639 1495 similitudinem
682 1442 1132 1497 demonstrarent.
1173 1462 1191 1495 ο
1242 1443 1659 1511 Animadverte,
1704 1445 1808 1499 La-

226 1533 361 1589 tinis
396 1549 644 1588 consona
696 1535 904 1590 sentire
949 1534 1238 1606 Cyrillum,
1279 1538 1650 1607 inquientem,
1689 1537 1809 1609 Spi-

214 1627 393 1678 ritum
429 1633 673 1679 sanctum
701 1643 732 1679 a
768 1625 929 1681 Patre
963 1644 1058 1698 per
1106 1627 1308 1684 Filium
1336 1630 1573 1701 prodire,
1605 1642 1665 1687 ut
1708 1634 1807 1687 hac

216 1715 516 1772 locutione
569 1718 882 1772 substantia:
942 1723 1242 1775 communio
1307 1724 1805 1777 demonstraretur.

223 1809 473 1880 Insignia
524 1809 783 1865 dabimus
822 1810 962 1865 infra
1013 1813 1193 1868 Patris
1245 1814 1602 1869 Alexandrini
1657 1816 1811 1869 testi-

1912 1453 2042 1505 tur,
2097 1442 2480 1497 Occidentales
2534 1445 2700 1512 ipsos,
2757 1441 2932 1495 vicem
2978 1451 3039 1495 ut
3095 1443 3486 1509 rependerem,

1911 1536 2200 1590 haereticos
2260 1535 2577 1597 vocabant,
2641 1532 2907 1603 Spiritum
2962 1544 3212 1587 sanctum
3264 1552 3297 1587 a
3353 1533 3488 1589 Filio

1910 1627 2191 1699 procedere
2239 1638 2574 1682 asserentes.
2614 1628 2754 1681 Tum
2791 1628 2943 1686 tero.
2971 1641 3035 1681 ac
3066 1626 3328 1696 deinceps
3358 1643 3490 1696 pro.

1902 1722 2073 1773 cessio
2104 1738 2137 1774 a
2169 1718 2329 1774 Patre
2360 1736 2453 1789 per
2486 1718 2710 1783 Filium,
2753 1736 2879 1789 qua:
2916 1720 3228 1774 innumeris
3261 1719 3487 1773 Patrum

1913 1812 2245 1867 testimoniis
2296 1812 2586 1877 asseritur,
2617 1813 2684 1867 de
2737 1812 3026 1881 temporali
3074 1812 3335 1865 missione
3367 1812 3492 1880 Spi-

225 1902 446 1957 monia.
480 1901 763 1972 Agebatur
794 1918 928 1973 ergo
961 1902 1030 1959 de
1061 1905 1303 1960 naturali
1338 1922 1402 1961 ac
1445 1917 1649 1961 aeterna
1682 1909 1808 1977 Spi-
1842 1893 1881 1946 Β
1910 1906 2056 1958 ritus
2085 1906 2285 1970 sancti,
2317 1906 2550 1975 ejusque
2588 1903 2879 1975 temporali
2915 1904 3359 1959 manifestatione
3392 1920 3489 1972 per

222 1998 374 2053 ritus
410 1998 587 2052 sancti
623 2002 997 2067 processione.
1053 2000 1297 2057 Rursum
1349 2004 1551 2060 adnota
1587 2003 1806 2061 Patrem

223 2090 336 2144 dici
376 2106 596 2144 causam
624 2092 775 2157 Filii,
809 2101 866 2148 et
898 2093 1142 2164 Spiritus
1170 2096 1372 2164 sancti,
1407 2098 1558 2153 illius
1590 2115 1686 2169 per
1716 2116 1807 2170 ge-

225 2183 596 2247 nerationem,
665 2193 720 2240 et
749 2185 909 2241 istius
955 2203 1049 2257 per
1092 2190 1481 2257 proccssiouem
1522 2208 1542 2245 :
1584 2207 1808 2247 causam

218 2275 468 2342 Scilicet,
508 2277 680 2332 veluti
712 2279 1034 2347 primariam
1061 2291 1119 2334 et
1166 2269 1515 2353 originalem,
1549 2300 1672 2353 qua:
1713 2284 1811 2339 ha-

226 2368 329 2423 bet
361 2383 393 2421 a
424 2383 482 2423 se
514 2370 625 2424 vim
671 2371 972 2441 generandi
1004 2373 1230 2440 Filium,
1260 2385 1315 2430 et
1350 2375 1596 2445 spirandi
1635 2376 1811 2447 Spiri-

228 2470 350 2513 tum
384 2469 641 2515 sanctum
674 2479 689 2516 :
724 2477 906 2533 eoque
938 2479 1105 2519 sensu
1137 2465 1336 2520 Filium
1374 2484 1481 2522 non
1523 2485 1630 2522 esse
1681 2486 1810 2523 cau-

218 2567 349 2605 sam
420 2551 655 2622 Spiritus
709 2554 903 2609 sancti.
967 2556 1364 2612 Animadverte
1426 2561 1681 2621 tandem,
1736 2561 1808 2614 ita

224 2651 486 2698 sanctum
538 2644 908 2700 nihilominus
967 2648 1272 2716 procedere
1329 2664 1357 2701 a
1424 2649 1586 2705 Patre
1638 2650 1812 2720 Spiri-

223 2744 373 2799 tum,
436 2745 493 2788 ttt
551 2736 720 2790 etiam
775 2753 869 2806 per
910 2736 1114 2793 Filium
1155 2741 1405 2810 prodeat,
1457 2740 1598 2796 Filio
1653 2744 1806 2798 scili-

220 2839 321 2883 cet
380 2828 584 2883 virtute
642 2830 891 2898 spirandi
946 2836 1353 2888 communicata
1413 2850 1444 2889 a
1500 2834 1687 2900 Patre,
1718 2852 1810 2891 eo-

219 2923 474 2992 demque
509 2925 565 2977 in
598 2938 773 2978 unum
825 2939 951 2979 cum
1001 2925 1163 2981 Patre
1219 2928 1568 2983 coalescente
1602 2928 1812 2998 princi-

219 3012 410 3083 pium.

302 3107 495 3161 Sancti
535 3106 758 3162 Maximi
800 3117 1040 3163 mentem
1090 3108 1288 3162 eodem
1326 3110 1588 3179 estposuit
1646 3112 1810 3166 utodo

220 3196 558 3251 Anastasius
590 3197 1055 3252 Bihliotltecarius
1086 3198 1140 3251 in
1165 3199 1404 3268 epistola
1435 3199 1502 3253 ad
1536 3201 1805 3256 Joannem

1917 3194 2254 3249 Meliteniota
2284 3235 2298 3258 ,

220 3292 549 3354 diaconum,
583 3301 733 3345 tonio
769 3289 863 3344 Xll
901 3290 1150 3345 Biblioth.
1177 3290 1279 3362 51
1311 3292 1539 3347 Patrum
1566 3293 1806 3365 Lugdun.

232 3404 255 3434 ι
296 3383 523 3438 Frustra
554 3386 771 3439 causari
810 3393 1000 3440 contra
1034 3401 1135 3440 nos
1172 3385 1353 3439 innuit
1384 3385 1603 3442 Graecos
1632 3405 1646 3442 :
1679 3404 1807 3443 cum

218 3492 335 3532 nos
384 3495 487 3531 non
538 3495 782 3541 causam,
835 3478 917 3532 vel
950 3478 1266 3549 principium
1312 3478 1514 3535 Filium
1559 3481 1809 3537 dicamus

214 3570 479 3639 Spiritus
502 3572 707 3637 sancti,
739 3579 802 3625 ut
834 3578 1125 3629 autumant
1159 3573 1403 3642 (causam
1447 3573 1681 3637 scilicet,
1712 3582 1810 3628 aut

222 3663 587 3733 principium,
624 3662 716 3718 cui
770 3679 886 3719 ase
938 3664 1072 3718 insit
1115 3666 1293 3719 virtus
1343 3666 1665 3737 spirandi),
1711 3665 1808 3721 sed

219 3759 493 3812 unitatem
543 3758 858 3812 substantiis
907 3755 1090 3812 Patris
1135 3767 1185 3812 et
1233 3757 1361 3837 Filii
1417 3762 1493 3830 (et
1538 3763 1806 3818 unitatem

221 3852 482 3920 Spirandi
538 3852 762 3907 virtutis
823 3851 878 3905 in
938 3849 1266 3922 utroque):
1320 3867 1432 3907 non
1492 3854 1809 3910 nescientes

229 3943 371 4011 (imo
426 3941 738 3995 rectissime
794 3938 1228 4011 intelligentes),
1286 3941 1432 3996 sicut
1475 3944 1727 4011 procedit
1777 3961 1808 4000 a

226 4036 413 4097 Patre,
460 4033 538 4086 ita
565 4048 693 4087 eum
735 4030 1042 4100 procedere
1070 4030 1346 4087 fateamur
1376 4046 1445 4085 ex
1489 4030 1653 4098 Filio,
1686 4034 1810 4089 mis-

218 4128 428 4180 sionem
469 4123 732 4178 nimirum
776 4123 918 4194 (lege
967 4122 1375 4194 emissionem),
1422 4126 1808 4192 processioncm

224 4217 623 4286 intelligentes.
684 4234 704 4267 ι
764 4215 873 4270 Vox
925 4213 1057 4277 illa,
1109 4215 1354 4279 emissio,
1412 4214 1468 4269 itt
1533 4216 1806 4271 Anastasii

222 4320 437 4365 textum
487 4309 740 4362 restituta
789 4306 1091 4361 immunem
1127 4305 1308 4361 reddit
1336 4320 1569 4361 censura
1600 4305 1808 4362 Biblio—

222 4404 561 4465 thecartum,
601 4413 708 4467 qua
756 4397 937 4467 ipsum
982 4396 1184 4451 acerbe
1224 4406 1380 4450 notat
1410 4394 1688 4462 Petavius,
1739 4398 1806 4452 li-

219 4497 328 4550 bro
359 4509 436 4549 vtt
475 4493 550 4546 De
582 4490 872 4555 Trinitate,
905 4504 1026 4559 cap.
1065 4487 1149 4553 l7,
1193 4505 1348 4545 num.
1387 4491 1475 4546 11.
1527 4490 1803 4546 Combel‘t-

1908 1996 2179 2050 douorum
2208 1997 2580 2066 spiritualium
2617 1997 2987 2066 largitionem,
3032 1999 3233 2066 passim
3269 1998 3490 2052 intelle-

1910 2097 1998 2143 cta
2029 2104 2058 2142 a
2101 2087 2321 2148 Photio,
2369 2100 2427 2143 et
2474 2088 2739 2143 Michaele
2792 2087 3099 2155 Cerulario,
3159 2090 3489 2159 carterisque

1911 2182 2303 2236 schismaticis.
2354 2181 2405 2237 ls
2443 2197 2576 2250 ergo
2628 2182 2732 2236 sub
2763 2181 2975 2236 Joanne
3015 2182 3160 2236 Duca
3210 2183 3486 2245 Vatatzio,
3541 2176 3543 2179 ’

1912 2276 2260 2343 maximeque
2293 2274 2396 2329 sub
2423 2273 2685 2328 Michaele
2719 2273 3025 2342 Palaeologo
3067 2277 3489 2331 contentionum

1912 2368 2077 2422 cardo
2127 2377 2268 2433 erat,
2317 2384 2387 2420 an
2427 2366 2660 2437 Spiritus
2707 2385 2739 2420 α
2776 2365 2941 2420 Patre
2986 2384 3078 2435 per
3117 2365 3323 2421 Filium
3367 2370 3492 2423 sult-

1864 2461 2240 2517 ‘stautialitcr
2300 2462 2685 2530 procederet:
2741 2477 2853 2529 quo
2906 2460 3148 2515 admisso
3201 2462 3488 2529 dogmate,

1911 2567 2258 2622 consequens
2281 2563 2402 2607 erat
2428 2553 2659 2623 perinde
2683 2568 2828 2616 esse,
2851 2567 2916 2607 ac
2934 2554 3202 2622 Spiritqu
3234 2565 3490 2610 sanctum

1912 2661 1946 2698 a
1979 2643 2142 2699 Patre
2172 2645 2474 2712 procedere.
2507 2656 2557 2700 et
2593 2665 2624 2701 a
2660 2644 2819 2702 Filio.

1986 2736 2050 2790 V.
2080 2735 2248 2790 'llattc
2292 2737 2738 2802 substantialem,
2773 2753 2837 2794 ac
2885 2751 3173 2801 aeternam.
3206 2748 3261 2795 et
3313 2741 3492 2811 hypo-

1910 2826 2163 2879 staticatn
2218 2825 2460 2896 Spiritus
2506 2828 2681 2881 sancti
2720 2843 2751 2882 a
2792 2828 2950 2883 Patre
2988 2844 3085 2898 per
3130 2829 3327 2911 Filium
3362 2846 3494 2900 pro-

1912 2917 2233 2971 ductionem
2267 2922 2624 2988 protnovehat
2675 2922 2996 2990 imperator,
3025 2936 3080 2975 ut
3116 2920 3221 2991 52
3258 2939 3360 2993 pax
3394 2923 3494 2980 de-

1912 3026 2061 3063 mum
2090 3010 2454 3065 Ecclesiarum
2489 3011 2614 3064 iniri
2648 3021 2855 3081 posset.
2891 3011 3056 3067 Suam
3089 3012 3334 3082 Augusto
3357 3031 3492 3082 prte-

1911 3105 2133 3157 stahant
2161 3118 2384 3172 operam
2422 3102 2529 3157 viri
2581 3103 2754 3159 erci
2803 3104 3134 3172 doctissimi,
3167 3105 3493 3163 Theodorus

2353 3195 2625 3265 Georgius
2672 3196 3009 3261 Metochita,
3069 3197 3263 3251 rhetor
3322 3198 3489 3252 etiam

1916 3283 2242 3353 Holobolus,
2273 3286 2543 3359 Georgius
2566 3286 2799 3358 Cyprius
2825 3306 2838 3341 :
2883 3288 3086 3358 quibus
3104 3298 3299 3358 postea
3332 3290 3492 3344 aliis-

1913 3397 2021 3450 que
2060 3395 2182 3435 sese
2232 3380 2485 3452 adjunxit
2530 3381 2772 3437 Joannes
2818 3380 3048 3448 Beccus,
3095 3382 3350 3438 catholici
3390 3382 3492 3438 do-

1911 3475 2111 3545 gmatis
2165 3474 2370 3529 vindex
2418 3476 2671 3529 omnium
2721 3475 3128 3532 nobilissimus.
3177 3495 3197 3529 ‹
3244 3477 3491 3544 Quadam

1913 3567 2084 3639 igitur
2111 3567 2198 3622 die
2218 3567 2598 3639 (Pachymeris
2617 3567 2787 3622 verba
2820 3577 2952 3622 sunt
2975 3566 3119 3623 libro
3147 3585 3199 3633 v,
3227 3585 3347 3637 cap.
3376 3567 3490 3639 1‘2.)

1911 3674 2038 3714 cum
2087 3659 2483 3715 convenissent
2523 3658 2695 3731 (anno
2729 3660 2885 3726 1275)
2915 3662 3061 3731 apud
3095 3662 3489 3732 imperatorem

1911 3751 2231 3820 patriarcha
2262 3751 2607 3822 (Josephus),
2641 3752 2936 3818 antistites,
2973 3761 3024 3807 et
3063 3768 3131 3807 ex
3171 3754 3324 3809 clero
3364 3756 3489 3825 qui-

1910 3843 2066 3909 dam;
2124 3843 2427 3899 instantius
2481 3845 2548 3898 iis
2602 3843 2669 3898 de
2722 3844 2874 3914 pacis
2913 3846 3136 3915 negotio
3184 3849 3489 3917 imperator

1909 3935 2247 3991 disseruit...
2302 3934 2669 4008 Adjungebat,
2702 3936 2841 3989 nihil
2874 3950 2997 3991 esse
3035 3940 3270 4006 periculi
3306 3941 3360 3993 in
3396 3956 3487 3994 as—

1908 4028 2202 4086 sentiendo
2240 4028 2455 4085 Latinis
2492 4027 2638 4098 quod
2671 4038 2960 4097 cuperent,
2996 4030 3187 4086 multis
3220 4032 3274 4085 id
3321 4034 3492 4086 ratio-

1908 4123 2074 4180 nibus
2128 4123 2544 4179 demonstrans.
2574 4120 2823 4177 llabebat
2849 4124 3021 4189 enim,
3056 4127 3148 4194 qui
3204 4126 3392 4180 talium
3434 4127 3488 4182 ei

1909 4226 2368 4288 argumentorum
2399 4217 2615 4287 copiam
2653 4224 3037 4297 suggerercnt,
3070 4227 3333 4273 auctores
3364 4231 3489 4274 stu-

1908 4307 2097 4365 diosos
2147 4309 2270 4378 ejus
2322 4308 2510 4378 pacis,
2557 4306 3013 4362 archidiaconum
3066 4309 3485 4376 Meliteniotem,

1908 4400 2473 4471 protoapostolarium
2521 4398 2823 4471 Georgium
2860 4401 3145 4472 Cyprium,
3195 4413 3252 4457 et
3300 4407 3487 4461 minus

1910 4494 2177 4548 ardenter
2226 4507 2291 4546 ac
2336 4474 2720 4562 superﬁc‘iarie
2770 4492 3048 4549 rhetorem
3078 4494 3343 4551 Ecclesiae
3376 4499 3491 4552 llo-

222 4592 372 4644 sium
439 4586 668 4641 consule
725 4595 875 4641 tonio
929 4583 973 4638 ll
1031 4582 1273 4653 Opernm
1327 4584 1504 4639 sancti
1562 4583 1805 4650 Maximi,
1840 4587 2183 4645 Diabolum.
2229 4605 2247 4638 ι
2304 4585 2720 4649 Animadverte,
2751 4586 3015 4658 Cyprium
3049 4588 3154 4645 hoc
3177 4594 3488 4649 annolsns

217 4700 349 4755 pag.
401 4680 507 4745 69;
542 4688 601 4735 et
655 4677 1003 4747 Lequienum
1057 4678 1111 4731 in
1169 4677 1568 4731 Dissertatione
1608 4675 1800 4730 Dama-

215 4775 443 4830 scenica
475 4773 517 4834 l.
547 4787 703 4826 num.
744 4768 833 4836 10,
854 4778 910 4825 et
945 4769 1004 4824 in
1038 4769 1296 4839 Panoplia
1329 4779 1518 4824 contra
1566 4769 1802 4824 schisma

217 4868 567 4929 Graecorum;
623 4863 824 4929 saeculo
855 4877 976 4925 xm,
1020 4862 1203 4932 capite
1244 4861 1299 4928 4,
1350 4876 1503 4916 num.
1548 4860 1644 4940 l6;
1691 4874 1801 4930 quo

214 4961 389 5015 etiam
420 4960 567 5021 loco,
601 4972 703 5027 pro
747 4971 815 5012 eo
843 4969 955 5026 quo
996 4954 1239 5025 pollebat
1274 4953 1479 5025 ingenii
1523 4952 1799 5019 acumine,

214 5064 415 5109 vocem
487 5051 632 5105 hanc
701 5050 1033 5104 emissionem
1098 5046 1527 5110 animadvertit,
1591 5047 1800 5117 passivo

214 5162 399 5209 sensu,
426 5160 532 5197 non
579 5142 752 5196 activo
786 5141 1064 5210 usurpari,
1103 5146 1160 5192 ut
1184 5140 1405 5193 cmersio
1434 5154 1498 5193 ac
1528 5141 1799 5194 emanatio

212 5237 625 5308 signiﬁcaretur
653 5249 675 5297 ;
710 5234 942 5303 ipseque
973 5229 1146 5291 Filius
1180 5232 1587 5301 intelligeretur
1625 5231 1799 5286 veluti

215 5329 464 5393 ntedius,
528 5342 597 5381 ex
661 5340 797 5395 quo,
849 5335 904 5379 et
960 5338 1061 5393 per
1117 5339 1282 5393 quem
1340 5324 1582 5393 Spiritus
1624 5324 1796 5379 veluti

212 5424 455 5494 emergit
495 5432 551 5475 et
604 5430 846 5475 emanat.
899 5418 1052 5473 lianc
1096 5416 1309 5488 Cyrilli,
1355 5425 1410 5471 et
1466 5416 1687 5479 Basilii,
1718 5419 1799 5471 ‘et

210 5514 472 5585 Gregorii
528 5512 783 5583 Nysseni,
840 5508 1187 5578 aliorumque
1231 5509 1453 5562 Patrum
1502 5507 1795 5576 genuinam

210 5628 341 5668 esse
382 5608 719 5668 doctrinam,
767 5621 869 5662 suo
915 5606 1039 5660 loco
1087 5603 1404 5658 dicendum.
1446 5600 1627 5670 Pergit
1657 5601 1798 5654 Ana-

209 5704 471 5760 stasius:
521 5721 540 5754 ι
579 5700 674 5756 Pie
704 5700 1109 5767 interpretans,
1143 5703 1201 5750 et
1254 5694 1543 5762 utriusque
1596 5693 1796 5761 lingua:

209 5811 421 5869 gnaros
458 5795 525 5850 ad
561 5809 753 5865 pacem
787 5790 1071 5853 erudiens,
1108 5787 1235 5869 dum
1268 5794 1325 5841 et
1364 5800 1464 5840 nos
1496 5793 1553 5839 et
1578 5783 1796 5839 Grtecos

208 5895 416 5951 edocet
467 5887 826 5962 (Maximus):
860 5886 1143 5940 secundum
1181 5882 1435 5953 quiddam
1493 5881 1791 5950 procedere,

1884 4681 2017 4751 'jant
2073 4679 2223 4735 clero
2270 4677 2517 4749 palatino
2552 4680 2877 4749 ascriptum,
2928 4679 3250 4753 dictumque
3299 4696 3487 4754 proto—

1908 4764 2354 4843 apostolarium,
2420 4786 2484 4825 ac
2565 4771 2842 4841 dogmatis
2898 4770 3225 4827 Latinorum
3298 4779 3485 4832 vindi-

1908 4882 2053 4922 cem.

1979 4957 2252 5028 Josephus
2293 4959 2604 5029 patriarcha
2650 4961 3028 5031 exspectabat,
3062 4971 3123 5016 ut
3169 4966 3486 5036 chartoplty-

1909 5055 2002 5108 tua:
2029 5055 2171 5107 dicta
2200 5071 2296 5124 pro
2321 5052 2529 5108 Latinis
2571 5054 2857 5123 refelleret.
2889 5054 2938 5108 Is
2968 5062 3053 5109 est
3076 5054 3317 5111 Joannes
3346 5059 3484 5115 Bec-

1909 5163 2030 5213 cus,
2068 5150 2161 5216 qui
2213 5146 2355 5200 hanc
2400 5160 2546 5197 anno
2590 5145 2727 5198 1264
2761 5145 3083 5200 obtinuerat
3131 5147 3481 5217 dignitatem,

1908 5238 2030 5308 ipso
2059 5236 2396 5309 Pathymere
2445 5244 2586 5290 teste
2614 5236 2756 5290 libro
2786 5252 2870 5299 ιιι,
2904 5238 3084 5307 capite
3116 5239 3207 5293 24.
3243 5240 3485 5310 Dignita-

1908 5333 1976 5384 tis
2006 5328 2183 5383 ollicia
2231 5348 2295 5382 ac
2342 5342 2573 5382 munera
2621 5330 2744 5383 vide
2792 5336 2936 5398 apud
2968 5332 3206 5384 Goarutn
3238 5333 3292 5385 in
3323 5334 3481 5389 Notis

1905 5422 1973 5476 ad
2031 5421 2271 5490 primum
2318 5417 2515 5473 Codini
2576 5431 2760 5490 caput.
2816 5419 3016 5477 Jussus
3073 5422 3161 5476 ille
3211 5423 3478 5485 demunt:

1905 5516 2146 5584 Aliquos,
2196 5514 2294 5579 ait,
2336 5529 2445 5565 esse
2488 5514 2781 5576 Ita'reticos,
2828 5513 2947 5567 licet
2999 5530 3101 5567 non
3146 5515 3251 5567 dici
3280 5556 3294 5580 ,
3337 5526 3385 5569 et
3428 5519 3483 5570 iu

1904 5610 2042 5661 hanc
2073 5605 2292 5659 classem
2320 5590 2633 5676 redigendos
2660 5608 2849 5661 Italos.
2878 5608 3124 5676 Josepho
3149 5608 3483 5677 patriarcha:
3574 5609 3582 5617 ”

1905 5714 2159 5767 magnam
2184 5698 2387 5766 adjecit
2419 5701 2811 5755 conﬁdentiam
2847 5716 2908 5752 ea
2937 5700 3102 5753 libera
3136 5714 3252 5761 vox,
3286 5713 3482 5767 percu-

1905 5789 1966 5843 lit
1997 5801 2179 5843 antem
2214 5791 2630 5861 imperatorem.
2662 5791 2849 5845 Verum
2878 5791 3284 5844 archidiaconus
3307 5787 3483 5857 (Meli-

1907 5884 2156 5952 teniota),
2210 5893 2257 5937 et
2308 5885 2821 5956 protoapostolarius
2871 5886 3168 5955 (Cyprius),
3202 5884 3253 5936 in
3299 5898 3354 5935 os
3399 5884 3479 5936 illi
