3858 6468
400 350 470 413 67
1338 350 1671 414 GEORGII
1714 352 1975 414 CYPRIl
2014 356 2127 417 CP.
2169 353 2688 416 I‘ATlilARCH/E
3599 358 3669 421 ($8

402 464 729 519 vehementer
756 459 1024 513 obstitere.
1060 457 1201 513 Hinc
1237 474 1366 515 vero
1392 462 1603 517 carceri
1634 463 1982 534 mancipatus
2012 472 2056 528 Α
2089 466 2341 522 nimirum
2399 483 2463 521 ea:
2536 466 2699 521 Patre
2749 480 2841 533 per
2901 464 3093 520 Filium
3145 467 3360 539 proﬂuit
3416 465 3673 542 Spiritus-

408 557 526 627 ipse
559 555 788 609 Beccus.

472 644 669 715 Coepta
700 646 964 715 pergebat
997 642 1322 715 imperator.
1356 644 1980 720 Scriptus,inscrlptus-

404 738 512 805 que
554 737 676 805 ejus
712 736 938 790 nomine
981 736 1226 798 libellus,
1268 737 1471 791 missus
1509 740 1579 794 ad
1632 740 1975 795 Ecclesium:

404 825 464 880 in
492 840 601 894 quo
631 825 881 878 ex-oariis
912 824 1148 879 historiis
1197 836 1244 881 et
1272 827 1583 882 testimoniis
1615 829 1982 883 demonstrare

406 918 723 980 conabatur,
768 916 968 970 nullam
1015 919 1187 972 inesse
1239 916 1450 973 Latinis
1479 908 1736 976 hereseos
1783 922 1980 977 labem.

408 1008 666 1064 Studium
723 1023 1063 1079 operamque
1111 1010 1475 1066 conferebant
1550 1012 1690 1069 docti
1744 1015 1983 1069 homines

406 1101 494 1175 (ut
521 1102 599 1157 ait
627 1101 995 1172 Pachymeres
1026 1101 1120 1160 lib.
1153 1117 1209 1168 ν,
1241 1119 1366 1174 cap.
1406 1103 1522 1173 ﬂ),
1576 1123 1804 1177 quorum
1828 1109 1987 1179 primi

404 1195 859 1267 ualentissimique
891 1203 1047 1250 erant
1073 1197 1221 1267 prius
1256 1198 1539 1254 memorati
1587 1200 1987 1255 archidiaconus

406 1298 459 1344 et
486 1288 1024 1359 protoapostolarius.
1053 1290 1114 1346 In
1146 1291 1332 1347 studio
1367 1308 1502 1364 ergo
1535 1293 1689 1363 pacis
1718 1295 1989 1364 persiste-

404 1383 503 1438 bat
530 1381 804 1454 Georgius
827 1383 1087 1455 Cyprius,
1120 1384 1547 1456 viudicabatque
1567 1388 1764 1458 dogma
1796 1388 1989 1443 catho-

407 1475 600 1530 licum.
624 1478 705 1529 An
739 1476 858 1530 haec
884 1475 1055 1530 fuerit
1080 1476 1302 1532 sincera
1334 1478 1538 1533 mentis
1575 1479 1891 1549 persuasio,
1914 1493 1988 1534 an

408 1568 710 1631 simulatio,
748 1583 861 1622 non
911 1569 985 1624 ita
1018 1568 1181 1625 facile
1226 1569 1404 1626 dictu.
1439 1570 1889 1640 Simulationem,
1938 1572 1988 1627 si

411 1659 602 1723 fuerit,
637 1659 730 1714 diu
764 1661 1035 1715 sustinuit
1067 1678 1084 1715 :
1126 1662 1472 1734 mutavitque
1505 1662 1729 1719 demum
1761 1670 1988 1719 senten-

410 1751 568 1817 tiam,
600 1760 696 1807 aut
720 1751 1134 1807 simulationem
1165 1753 1388 1825 abjecit.

482 1843 768 1916 Synodum
819 1845 1125 1900 celebravit
1179 1844 1459 1916 Josephus
1515 1847 1863 1917 patriarcha,
1927 1856 1988 1903 ut
2020 1834 2062 1892 Β

409 1933 545 2004 quid
575 1935 662 2005 agi
696 1944 983 2005 oporteret
1010 1939 1154 1991 circa
1194 1938 1448 2006 scriptum
1497 1938 1991 2009 imperatoris,‘de-

410 2037 763 2083 cerneretur.
790 2029 977 2096 Adfuit
1006 2036 1057 2083 et
1084 2046 1236 2083 soror
1257 2029 1494 2100 ejusdem
1520 2030 1857 2101 imperatoris
1884 2030 1993 2085 Eu-

411 2119 574 2189 logia,
598 2135 763 2188 quam
789 2136 1104 2176 memorare
1129 2132 1351 2192 praestat
1375 2139 1390 2176 :
1427 2131 1621 2192 utpote
1648 2139 1771 2193 qua:
1801 2139 1988 2193 pacem

411 2208 636 2264 alratre
677 2210 871 2264 initam
908 2210 1108 2265 violari
1158 2213 1228 2265 ab
1275 2211 1595 2266 Andronico
1638 2229 1987 2280 successore,

412 2304 778 2372 persuaserit.
805 2289 1041 2374 Negotia
1074 2304 1130 2357 in
1166 2306 1375 2376 synodo
1408 2306 1681 2367 discusso,
1713 2306 1988 2374 repulsam

411 2395 482 2451 ab
519 2395 723 2466 Optatis
755 2395 884 2450 tulit
915 2396 1241 2465 imperator.

967 2508 1073 2580 53
1112 2510 1338 2567 CAPUT
1378 2510 1467 2567 ιιι.

403 2621 648 2679 Joannes
699 2623 917 2687 Bercus,
949 2624 1236 2694 diligenter
1268 2626 1515 2694 expensis
1566 2625 1794 2681 Patrum
1841 2628 1990 2681 testi-

487 2697 696 2756 moniis.
723 2704 896 2748 mutat
922 2695 1263 2765 sententiain,
1288 2706 1591 2765 pugnatque
1613 2713 1707 2765 pro
1733 2698 1989 2752 catholico

485 2766 770 2834 dogmate:
806 2765 1188 2834 nonnullorum
1222 2763 1450 2818 Patrum
1481 2763 1800 2821 testimonia.
1837 2768 1986 2822 Inita

483 2833 830 2888 conventione
875 2835 1130 2897 quadam.
1161 2833 1421 2902 Iosephus
1447 2837 1753 2903 patriarcha
1798 2841 1988 2891 tantis-

483 2921 578 2970 psr
622 2908 816 2959 secedit
859 2906 915 2958 in
967 2906 1368 2957 monasterium.
1418 2905 1571 2960 Missi
1605 2906 1674 2959 ad
1704 2907 1986 2961 concilium

484 2973 837 3045 Lugdunense
897 2976 1115 3045 legati:
1187 2974 1438 3029 Petavius
1490 2977 1822 3030 emendatur.
1884 2978 1989 3030 Ec-

483 3044 768 3099 clesiarum
810 3044 1341 3098 unio'conuituitur.
1382 3045 1661 3100 Decretum
1706 3047 1832 3115 fidei
1895 3063 1988 3101 ea:-

486 3116 725 3185 ponitur.

487 3228 528 3282 l.
570 3229 650 3282 All
696 3227 965 3283 Joannem
1016 3229 1274 3298 Deci-um,
1306 3232 1399 3301 qui
1439 3247 1661 3289 carcere
1701 3233 1989 3289 detineba.

413 3327 526 3383 tur,
581 3320 882 3389 Nicephori
950 3322 1270 3378 Blemmidze
1324 3326 1571 3396 scripta,
1633 3326 1989 3396 imperatoris

406 3411 592 3480 jussu,
629 3413 953 3466 transmissa
986 3422 1135 3468 sunt.
1184 3415 1260 3468 De
1300 3413 1390 3469 bis
1428 3415 1643 3487 egimus
1673 3418 1856 3488 capite
1892 3435 1988 3473 su-

407 3501 650 3572 periore,
708 3518 862 3559 num.
899 3503 966 3559 ll.
1016 3504 1112 3560 llis
1163 3503 1254 3559 ille
1313 3507 1486 3562 multa
1528 3526 1649 3564 cum
1693 3513 1990 3582 sagacitate

403 3591 650 3661 perlectis
708 3594 898 3665 (verba
939 3607 1070 3652 sunt
1118 3596 1375 3667 Gregora:
1419 3600 1566 3655 libro
1599 3618 1654 3666 ν,
1698 3607 1879 3673 capite
1926 3605 1984 3672 2,

406 3700 563 3739 num.
589 3685 666 3757 6),
696 3695 1004 3741 sanctorum
1044 3686 1223 3755 libros,
1255 3706 1282 3743 e
1332 3690 1514 3760 quibus
1555 3691 1870 3749 Plenimides
1925 3712 1987 3750 ea

409 3778 733 3831 testimonia’
764 3778 1077 3850 collegerat,
1133 3782 1438 3850 postulauit.
1499 3783 1736 3848 Quorum
1777 3788 1988 3858 copiam

406 3885 524 3922 cum
559 3870 849 3939 imperator
882 3870 1240 3926 lubentissime
1271 3873 1318 3927 ei
1358 3873 1586 3942 fecisset,
1622 3877 1677 3930 in
1707 3893 1767 3931 eo
1801 3879 1987 3933 deinde

407 3964 789 4033 occupabatur,
824 3971 879 4015 ut
911 3965 1195 4035 diligenter
1242 3965 1364 4020 illos
1400 3966 1618 4038 legeret,
1648 3972 1984 4040 expenderet,

405 4055 478 4109 ad
529 4055 746 4109 verbum
806 4057 1088 4127 conferret.
1139 4058 1329 4129 Itaque
1382 4062 1524 4115 brevi
1586 4072 1819 4133 tempore
1867 4081 1986 4118 eum

406 4149 829 4202 testimoniorum
874 4167 1121 4204 acervum
1163 4153 1349 4222 coegit,
1397 4169 1517 4223 qua:
1574 4155 1783 4225 integra
1836 4156 1986 4210 uolu-

406 4243 555 4295 mina
621 4243 887 4311 complere
954 4252 1186 4312 possent.
1246 4242 1313 4297 Et
1376 4247 1465 4314 qui
1520 4246 1722 4300 dudum
1788 4252 1989 4302 acerri-

405 4349 485 4387 me
542 4333 752 4388 Latinis
807 4336 1234 4400 adversabatur,
1296 4345 1505 4390 mutata
1557 4340 1853 4406 sententia,
1909 4342 1984 4394 ui-

402 4426 629 4480 ctoriam
664 4428 863 4497 {aceret
921 4428 1235 4500 ambiguous
1266 4429 1373 4499 (vel
1429 4432 1498 4484 ad
1554 4429 1673 4484 illos
1724 4433 1985 4502 transfer-

403 4521 527 4589 ret).

475 4608 631 4664 Paria
662 4620 851 4666 narrat
897 4611 1287 4683 Pacbymeres,
1323 4612 1470 4668 libro
1498 4614 1690 4680 citato.
1735 4630 1857 4685 cap.
1892 4616 1979 4679 l6,

322 4754 325 4757 .
400 4700 761 4757 schismatico
793 4703 1055 4774 scriptori
1087 4705 1133 4758 si
1160 4704 1298 4759 ﬁdes
1324 4704 1677 4774 adhibenda,
1711 4724 1983 4763 summam

312 4789 346 4814 "
400 4794 613 4848 demum
662 4797 864 4865 peccati
904 4797 1246 4861 Latinorum,
1293 4798 1471 4853 Becco
1522 4801 1700 4855 visum
1746 4800 1871 4863 fuit.
1924 4804 1981 4855 in

400 4885 766 4940 additamenta
809 4889 955 4942 uerbi
1006 4891 1162 4944 unius
1211 4890 1281 4944 ad
1323 4888 1632 4962 Symbolum
1673 4893 1979 4947 consistere.

399 4976 514 5032 Hac
554 4979 639 5033 de
677 4995 738 5034 re
797 4981 855 5035 in
905 4981 1303 5039 dissertatione
1355 4989 1611 5055 sequenti
1659 4987 1980 5056 diligentius

399 5070 535 5124 mihi
589 5072 885 5141 agendum.
933 5073 1017 5128 Ad
1064 5075 1244 5145 ipsum
1293 5078 1440 5146 quod
1494 5079 1695 5132 attinet
1748 5078 1978 5148 dogma.

398 5162 718 5215 consentire
780 5162 1059 5219 Ecclesias
1106 5180 1208 5234 pro
1248 5176 1400 5221 certo
1453 5165 1663 5221 Beccus
1715 5167 1979 5221 habebat.

399 5250 677 5308 Nonnulla
742 5254 918 5311 relert
970 5255 1280 5313 Historicus
1337 5258 1658 5315 testimonia
1720 5260 1978 5323 Patrum,

396 5345 603 5414 quibus
632 5348 781 5416 quod
823 5348 1008 5404 aiebat
1037 5349 1154 5419 ipse
1184 5350 1417 5416 Beccus,
1455 5354 1839 5407 conﬁrmaret.
1890 5351 1981 5404 ln-

396 5437 572 5504 signis
608 5440 853 5493 occurrit
881 5440 1037 5496 locus
1084 5444 1259 5497 sancti
1291 5443 1483 5514 Cyrilli
1520 5444 1666 5498 libro
1700 5458 1716 5496 ι
1749 5443 1823 5496 De
1853 5444 1982 5494 ado-

394 5531 604 5581 ratione
629 5532 680 5583 in
711 5533 901 5597 spiritu
959 5543 1008 5587 et
1049 5537 1270 5589 veritate
1296 5553 1316 5590 :
1345 5536 1619 5590 Mutabilis
1649 5536 1798 5588 nullo
1826 5536 1980 5589 modo

396 5616 630 5688 Spiritus
678 5632 822 5679 est...
854 5626 1114 5693 siquidem
1156 5638 1233 5681 est
1268 5628 1387 5691 Dei,
1426 5635 1475 5680 et
1506 5626 1713 5690 Patris,
1752 5637 1801 5680 et
1831 5624 1977 5691 Filii,

394 5711 508 5777 ille,
547 5716 637 5783 qui
661 5716 935 5783 οὐσιωδῶς
981 5719 1041 5785 ἐξ
1073 5720 1303 5789 ἀμφοῖν,
1357 5720 1531 5790 ἧγουν
1569 5719 1634 5771 tit
1665 5718 1881 5787 Harpb,‘
1913 5718 1980 5769 δι’

394 5801 526 5856 Υξοῦ
558 5809 929 5880 προχεόμενοι]
958 5850 973 5878 ,
1024 5814 1116 5881 qui
1156 5809 1585 5865 sulstantialiter
1624 5825 1688 5863 ex
1734 5817 1981 5878 utroque,

2089 560 2438 632 Temporalis
2483 560 2711 617 emissio
2747 560 2987 631 Spiritus
3016 562 3219 632 sancti,
3255 578 3354 620 seu
3386 564 3669 622 donorum

2088 663 2146 710 et
2170 654 2569 711 charismatum
2597 654 2840 725 largitio,
2874 654 2981 710 dici
3009 657 3202 726 nequit
3230 657 3521 728 οὗσιώδης,
3550 660 3675 714 sub-

2088 750 2381 805 stantialis.
2417 750 2544 820 Agit
2576 764 2709 820 ergo
2748 748 2987 820 Cyrillus
3021 748 3089 805 de
3135 758 3365 813 aeterna,
3394 767 3460 806 ac
3491 751 3674 820 hypo-

2089 843 2289 898 statica
2318 843 2693 912 processioue,
2732 857 2831 911 per
2871 858 3038 912 quam
3080 842 3324 913 Spiritus
3352 853 3582 898 sanctus
3605 859 3675 898 ex

2089 932 2273 999 Patre,
2299 943 2355 989 et
2382 949 2446 989 ex
2476 933 2616 989 Filio
2648 949 2805 990 suam
2839 935 3044 1005 accipit
3088 935 3484 994 substantiam.
3512 951 3671 1003 atque

2092 1026 2515 1093 immutabilem,
2545 1026 2695 1081 sicut
2733 1034 2818 1083 est
2858 1027 3038 1082 Patris
3080 1038 3135 1082 et
3164 1028 3288 1082 Filii
3334 1028 3673 1083 substantia.

2091 1117 2168 1174 Ita
2209 1134 2343 1174 vero
2378 1119 2653 1184 οὐσιωδῶς
2699 1135 2765 1174 ex
2813 1120 3064 1174 ambobus
3115 1122 3367 1190 procedit
3402 1121 3516 1188 ille,
3554 1123 3677 1177 sive

2090 1212 2491 1284 profunditur:
2537 1223 2594 1268 ut
2648 1214 2820 1268 etiam
2879 1230 2944 1268 ea:
3001 1213 3170 1268 Patre
3224 1214 3508 1285 procedat,
3552 1217 3674 1271 sive

2091 1302 2327 1375 proﬂuat
2379 1321 2473 1377 per
2520 1305 2717 1361 Filium
2749 1346 2764 1371 ,
2810 1305 3063 1377 spirandi
3123 1317 3223 1361 aut
3295 1307 3677 1377 profundendi

2091 1396 2300 1453 virtute
2348 1397 2491 1454 Filio
2541 1398 2948 1456 communicata
3012 1417 3044 1454 a
3103 1399 3288 1463 Patre,
3346 1400 3532 1471 ipsum
3586 1402 3679 1471 gi-

2090 1491 2334 1563 gnendo.

2165 1584 2275 1657 54
2336 1585 2661 1642 Addebatur
2709 1588 3073 1644 testimonium
3104 1589 3277 1642 sancti
3341 1587 3573 1643 Maximi
3620 1588 3678 1641 in

2094 1677 2342 1748 Epistola
2388 1678 2463 1734 ad
2502 1679 2758 1749 Ruﬁnum
2792 1682 2882 1753 (ad
2926 1681 3201 1736 Marinum
3234 1678 3623 1753 presbyterum)
3661 1697 3677 1733 :

2097 1771 2193 1825 ubi
2246 1788 2350 1826 non
2396 1772 2718 1843 principium
2765 1773 2889 1843 (seu
2936 1773 3182 1843 causam)
3231 1790 3288 1828 se
3330 1771 3680 1844 Unigenitum

2092 1864 2327 1935 Spiritus
2360 1867 2703 1920 ostenderunt
2736 1866 2918 1923 Latini
2951 1868 3146 1934 dicere,
3180 1869 3274 1922 sed
3304 1877 3363 1923 ut
3387 1885 3480 1939 per
3499 1870 3678 1935 ipsum

2092 1956 2377 2026 procedere
2408 1958 2796 2028 significarent.
2841 1968 2893 2013 et
2948 1976 3012 2014 ea
3059 1962 3271 2015 ratione
3321 1962 3678 2015 coliesionem

2090 2047 2463 2117 inseparabilis
2517 2049 2831 2106 substantia:
2872 2054 3280 2107 constituerunt.
3338 2052 3487 2108 Idem
3544 2067 3682 2122 ergo

2093 2137 2304 2195 Latinis
2343 2150 2484 2206 erat,
2523 2141 2790 2208 Spiritum
2829 2159 2894 2197 ea:
2920 2144 3083 2199 Patre
3116 2143 3355 2215 Filioque
3373 2145 3680 2215 procedere,

2091 2248 2156 2288 ac
2185 2233 2362 2302 ipsum
2392 2236 2670 2303 procedere
2687 2252 2751 2290 ea:
2768 2236 2934 2291 Patre
2956 2255 3049 2308 per
3066 2237 3284 2292 Filium.
3315 2239 3429 2292 Hac
3450 2252 3679 2292 rursum

2092 2320 2331 2391 Spiritus
2359 2339 2389 2376 a
2417 2324 2581 2380 Patre
2614 2329 2972 2394 processioue
3006 2344 3103 2396 per
3134 2327 3335 2383 Filium
3358 2329 3683 2397 exponeba-

2094 2424 2184 2468 tur
2214 2414 2462 2486 ejusdem
2511 2417 2753 2487 Spiritus
2797 2419 2975 2476 sancti
3016 2422 3242 2475 cobwsio
3294 2421 3681 2492 inseparabilis

2092 2521 2216 2561 cum
2252 2517 2489 2576 utroque
2523 2510 2837 2566 substantia:
2864 2527 2886 2567 :
2919 2512 3170 2582 adeoque
3213 2514 3284 2570 de
3314 2513 3682 2569 substantiali

2090 2609 2156 2649 ac
2198 2605 2404 2651 arterna
2444 2602 2711 2670 agebatur
2749 2601 2872 2671 ejus
2901 2603 3264 2671 processioue
3292 2605 3364 2658 ad
3402 2604 3685 2658 exsistan-

2093 2688 2249 2744 tiam.
2316 2689 2598 2748 Attentins
2660 2696 2868 2761 recole,
2923 2712 3047 2765 qua:
3104 2698 3396 2767 superiore
3449 2701 3679 2767 capite,

2091 2796 2246 2837 num.
2304 2782 2360 2848 5,
2414 2783 2527 2839 lato
2571 2801 2832 2843 sermone
2874 2790 3319 2859 explanat-imus.
3369 2790 3681 2861 Georgium

2091 2873 2443 2931 Metochitam
2496 2877 2661 2933 addo.
2698 2879 3022 2951 Imperatori
3056 2883 3311 2938 Michaeli
3357 2884 3681 2951 Palaeologo

2092 2965 2139 3019 is
2178 2966 2519 3023 adhaerebat.
2558 2972 2948 3042 Fragmentum
3004 2991 3070 3030 ex
3124 2977 3246 3046 ejus
3295 2977 3441 3031 libro
3489 2994 3544 3031 iv
3594 2977 3679 3030 De

2091 3064 2421 3128 processioue
2449 3061 2681 3127 Spiritus
2724 3067 2898 3120 sancti
2945 3078 3161 3135 prostat
3203 3069 3350 3138 apud
3385 3068 3683 3124 Contbcﬂ-

2017 3180 2061 3240 ϐ
2095 3150 2262 3212 sium,
2294 3162 2419 3221 post
2450 3154 2747 3209 Ilistoriam
2786 3157 3301 3224 Monotltelitarum,
3337 3162 3431 3216 ubi
3461 3162 3548 3218 sic
3578 3163 3686 3218 ha-

2095 3243 2189 3297 bet
2221 3261 2234 3297 :
2275 3244 2414 3310 Quia
2452 3251 2741 3314 universa,
2780 3265 2905 3318 qua:
2955 3251 3147 3305 insunt
3188 3252 3405 3309 Filio...
3446 3256 3589 3325 quin
3623 3264 3686 3311 ct

2096 3333 2211 3400 ipse
2241 3333 2505 3405 Spiritus,
2542 3354 2708 3406 quem
2758 3341 2821 3395 de
2868 3344 2983 3410 ipso
3016 3342 3204 3412 (Filio)
3251 3352 3310 3399 et
3356 3361 3454 3415 per
3499 3346 3686 3413 ipsum

2092 3425 2316 3490 docent,
2353 3444 2419 3481 ea:
2445 3429 2609 3484 Patre
2635 3442 2780 3497 sunt,
2818 3442 3076 3503 tanquam
3101 3452 3166 3489 ex
3198 3438 3381 3492 radice
3409 3454 3476 3492 ac
3499 3441 3686 3509 prima

2090 3535 2287 3583 causa;
2328 3521 2666 3592 minimeque
2699 3542 2793 3595 per
2823 3543 2941 3580 eum
2976 3529 3190 3583 modum
3241 3540 3375 3585 sunt
3415 3548 3483 3586 ea:
3515 3532 3686 3600 Filio,

2089 3609 2239 3675 quod
2280 3611 2326 3665 is
2354 3627 2462 3667 non
2496 3614 2567 3667 sit
2602 3615 2786 3681 radix,
2823 3632 2926 3673 nec
2955 3634 3120 3674 causa
3152 3622 3384 3678 omnino
3428 3626 3688 3693 prima...

2080 3698 2245 3767 juxta
2301 3703 2411 3757 [nec
2468 3708 2661 3774 utique
2726 3709 3067 3779 (Maximus)
3128 3721 3256 3781 apte
3314 3729 3690 3785 congruequs

2091 3789 2287 3846 Filium
2335 3794 2546 3857 docuit,
2582 3814 2685 3851 non
2718 3816 2829 3855 esse
2857 3818 3099 3868 causam,
3143 3820 3208 3860 ac
3255 3807 3458 3877 reliqui
3505 3812 3690 3864 divini

2092 3883 2353 3939 doctores
2382 3888 2581 3942 crebro
2612 3894 2662 3943 in
2698 3889 2919 3946 Patrem
2966 3894 3215 3949 referunt
3257 3912 3490 3953 causam
3523 3918 3537 3953 :
3575 3917 3692 3956 non

2090 3991 2180 4040 eo,
2218 3987 2277 4032 ut
2306 3994 2369 4033 eo;
2400 3980 2561 4044 Filio,
2599 4000 2663 4035 ac
2698 4000 2793 4052 per
2827 3984 2877 4039 Ε
2881 3986 3032 4040 ilium
3068 3986 3305 4059 Spiritus
3338 3992 3524 4046 sancti
3550 3994 3695 4046 dioi-

2091 4085 2215 4121 nam
2240 4074 2627 4137 processionem
2655 4076 2921 4133 tollant...
2961 4080 3232 4145 Quocirca
3266 4089 3493 4154 propria
3541 4089 3693 4140 ratio

2088 4163 2196 4217 est,
2223 4157 2379 4226 juxta
2425 4176 2590 4230 quam
2638 4163 2807 4219 Filias
2845 4182 2951 4221 non
2989 4179 3064 4222 est
3092 4187 3253 4223 causa
3284 4187 3303 4225 :
3337 4189 3693 4245 rursumque

2089 4252 2334 4320 propria,
2365 4253 2520 4322 juxta
2564 4272 2729 4325 quam
2764 4258 3000 4330 Spiritus
3037 4277 3260 4320 sanctus
3301 4277 3381 4322 est
3428 4285 3499 4323 ea:
3529 4279 3695 4325 utro-

2088 4353 2210 4430 que,
2241 4338 2348 4394 boc
2397 4353 2481 4396 est
2506 4359 2570 4399 ex
2616 4344 2783 4402 Patre
2829 4368 2923 4417 per
2954 4351 3155 4406 Filium
3190 4358 3346 4425 (quia
3398 4375 3614 4430 nempe
3661 4377 3696 4416 a

2092 4428 2252 4485 Patre
2288 4431 2462 4488 Filius
2516 4436 2707 4503 habet,
2758 4443 2908 4512 quod
2958 4445 3033 4498 sit
3076 4449 3382 4516 productor
3435 4428 3697 4522 Spiritus

2014 4531 2063 4589 υ
2090 4524 2320 4593 sancti).
2360 4545 2379 4577 ι
2419 4526 2569 4585 lianc
2599 4539 2768 4585 totam
2803 4534 2990 4601 tradit,
3031 4546 3089 4591 et
3119 4540 3551 4608 elegantissime
3591 4547 3701 4601 do-

2090 4614 2331 4670 ctrinam
2379 4620 2639 4688 etplanat'
2673 4634 2900 4680 sanctus
2928 4629 3299 4697 Augustinus.
3339 4634 3492 4691 libro
3521 4652 3579 4692 tv
3615 4638 3700 4692 De

2093 4701 2374 4771 Trinitate,
2428 4723 2553 4778 cap.
2604 4712 2696 4779 27,
2758 4723 2814 4768 et
2879 4723 3115 4772 tractatu
3168 4719 3238 4774 99
3283 4722 3340 4776 in
3387 4723 3695 4788 Joannem.

2091 4813 2246 4852 num.
2279 4801 2335 4865 8,
2368 4818 2481 4870 quo
2508 4803 2632 4859 loco
2676 4807 2988 4873 posteriore
3021 4810 3103 4865 sic
3132 4812 3250 4867 ait:
3291 4832 3311 4865 ς
3347 4816 3469 4871 Cur
3509 4819 3702 4877 Filius
3774 4834 3785 4839 ”

2084 4887 2252 4953 “dixit,
2303 4891 2367 4944 de
2423 4891 2582 4947 Patre
2629 4898 2864 4965 procedit
2899 4898 3166 4969 (Spiritus
3213 4909 3527 4978 sanctus)?
3575 4911 3704 4965 Cur

2091 4993 2277 5053 putas,
2312 4985 2425 5041 nisi
2455 4991 2928 5056 quemadmodum
2953 4994 3022 5048 ad
3046 5009 3175 5050 eum
3203 4999 3349 5054 solet
3374 5002 3606 5060 referre
3637 5018 3705 5064 et

2091 5075 2242 5143 quod
2279 5076 2452 5145 ipsius
2480 5088 2589 5142 est,
2632 5079 2701 5133 de
2746 5096 2856 5149 quo
2902 5091 2959 5138 et
3005 5084 3126 5155 ipse
3174 5088 3306 5142 est?
3336 5090 3504 5149 Unde
3546 5094 3701 5151 illud

2089 5174 2197 5229 est,
2230 5169 2374 5236 quod
2410 5169 2487 5222 ait
2512 5186 2535 5231 ~:
2570 5168 2696 5224 Mea
2727 5172 2971 5229 doctrina
3003 5192 3110 5230 non
3143 5188 3221 5232 est
3256 5198 3400 5249 mea,
3440 5189 3540 5240 sed
3571 5190 3705 5259 ejus

2090 5261 2181 5326 qui
2211 5260 2351 5312 misit
2378 5276 2483 5314 me.
2512 5260 2567 5314 Si
2600 5263 2767 5332 igitur
2801 5264 3128 5337 intelligitur
3153 5271 3242 5326 hic
3263 5275 3382 5344 ejus
3406 5277 3703 5343 doctrina.

2090 5363 2255 5416 quam
2305 5361 2487 5405 tamen
2533 5352 2672 5406 dixit
2721 5370 2826 5408 non
2875 5373 3054 5425 suam,
3095 5362 3188 5416 sed
3224 5362 3438 5434 Patris,
3472 5385 3708 5440 quanto

2091 5443 2267 5507 magis
2302 5442 2414 5497 illic
2447 5443 2844 5514 intelligendus
2871 5458 2978 5514 est,
3031 5458 3086 5503 et
3115 5453 3183 5506 de
3215 5454 3339 5523 ipso
3368 5464 3709 5525 procedere

2092 5534 2336 5603 Spiritus
2362 5545 2613 5601 sanctus,
2653 5539 2743 5591 ubi
2775 5539 2856 5593 sic
2889 5542 2987 5606 ait,
3016 5544 3082 5598 de
3117 5544 3282 5602 Patre
3308 5556 3600 5621 procedit,
3640 5569 3709 5613 ut

2092 5642 2201 5679 non
2231 5627 2438 5683 diceret
2467 5630 2530 5681 de
2562 5644 2642 5681 me
2667 5646 2770 5682 non
2802 5635 3080 5700 procedit?
3112 5639 3158 5689 A
3188 5654 3301 5709 quo
3334 5656 3533 5699 autem
3591 5649 3705 5703 lia-

2091 5719 2183 5771 bet
2220 5719 2394 5774 Filius
2434 5730 2491 5772 ut
2516 5721 2590 5775 sit
2627 5724 2797 5786 Deus,
2832 5733 2916 5779 est
2947 5729 3097 5781 enim
3129 5731 3199 5785 de
3235 5734 3350 5789 Deo
3387 5734 3581 5804 Deus;
3625 5745 3709 5797 ab

2094 5809 2185 5862 illo
2221 5809 2385 5862 habet
2421 5810 2632 5879 utique,
2669 5822 2726 5902 ut
2765 5812 2929 5869 etiam
2966 5816 3032 5873 de
3064 5819 3157 5874 illo
3192 5824 3471 5893 procedat
3508 5828 3713 5900 Spiri-
