3858 6494
247 406 323 468 (ΞΠ
901 427 910 440 ί
1385 407 1423 465 V
1443 403 1584 463 l'l'A.
1629 429 1686 438 -
1736 403 1835 464 DIE

1945 401 2238 461 Ili'l‘ATlO
2283 401 2332 459 Ῐ.
3433 397 3503 460 70

255 531 346 575 tus
376 531 628 585 sumtus;
657 537 720 575 ac
745 537 842 590 per
882 519 985 575 hoc
1012 519 1252 589 Spiritus
1295 531 1519 573 sanctus
1564 528 1620 572 ut
1653 518 1820 571 etiam
1853 526 1897 578 Α
1927 527 2096 570 eunte
2127 530 2312 569 mense
2349 514 2508 581 legati
2548 509 2777 565 Romani
2812 511 3180 580 navigassent.
3215 511 3502 581 Siquidem

261 613 321 666 ile
353 613 491 666 Filio
523 613 810 680 procedat,
845 612 989 665 sicut
1021 609 1272 680 procedit
1317 625 1344 664 a
1399 609 1581 673 Patre,
1614 608 1676 660 ab
1710 610 1824 677 ipso

258 707 404 758 habet
445 703 674 758 Patre...
697 705 761 758 Et
786 704 948 759 simul
981 705 1044 757 de
1069 713 1286 773 utroque
1303 703 1535 773 procedit
1553 702 1726 771 (num.
1746 703 1824 765 9),

257 797 499 866 quamvis
526 799 626 850 hoc
649 795 787 849 Filio
817 797 1022 849 dederit
1061 795 1246 861 Pater,
1276 804 1334 848 ut
1365 793 1824 862 quemadmodum

256 891 318 942 de
359 905 434 952 se,
486 888 558 941 ita
600 890 663 942 de
711 888 804 942 illo
851 903 1072 958 quoque
1115 889 1401 957 procedat.
1453 905 1472 937 ι
1518 885 1643 940 Haec
1691 901 1827 941 vero

259 982 362 1050 jam
393 980 527 1034 satis
556 981 662 1034 hoc
692 981 832 1034 loco.
857 981 975 1033 Alia
1023 989 1153 1034 sunt.
1199 979 1304 1050 55
1361 994 1516 1048 asque
1552 978 1727 1033 solida
1762 995 1826 1033 ac

265 1073 514 1142 pra’clara
565 1073 768 1128 Cra-cae
799 1073 1041 1128 nationis
1090 1072 1316 1127 Patrum
1345 1073 1678 1136 testimonia,
1708 1088 1827 1140 quae

263 1181 358 1236 pro
392 1167 514 1219 data
553 1183 581 1219 a
639 1165 972 1236 Pachymere
1009 1165 1325 1228 occasione,
1377 1163 1610 1218 inferius
1655 1163 1829 1218 addu-

261 1257 428 1310 cenda
470 1273 534 1310 ac
575 1256 895 1311 illustranda
929 1265 1079 1312 sunt.

325 1346 391 1400 ll.
431 1349 647 1416 Anceps
695 1357 813 1403 erat
859 1349 1176 1418 patriarcha
1217 1347 1510 1417 Josephus.
1561 1345 1828 1402 Firmavit

261 1440 433 1507 ipsum
473 1439 526 1492 in
563 1439 874 1508 pervicacia
905 1440 1209 1496 monachus
1229 1440 1402 1496 Johus
1443 1439 1634 1496 Jasita.
1689 1440 1825 1493 Rem

264 1546 451 1590 narrat
503 1536 891 1605 Pachymeres,
924 1533 1068 1588 libro
1097 1549 1153 1600 ν,
1202 1535 1382 1602 capite
1427 1534 1516 1586 16.
1564 1532 1643 1586 Ad
1687 1531 1828 1586 hanc

260 1645 389 1684 vero
421 1629 686 1682 inductus
727 1629 820 1682 ille
857 1636 941 1682 est
974 1642 1099 1682 cum
1137 1627 1469 1696 imperatore
1503 1625 1829 1680 conventio-

258 1735 382 1774 nem
419 1738 433 1773 :
469 1720 534 1775 Ut
566 1717 920 1787 patriarchali
963 1719 1172 1789 palatio
1204 1735 1440 1788 egressus
1483 1717 1685 1789 (capite
1717 1718 1827 1786 17),

257 1815 612 1866 diversaretur
638 1814 692 1865 in
728 1809 1018 1881 l’eriblepti
1051 1811 1394 1865 monasterio.
1424 1810 1577 1877 Quod
1625 1812 1671 1864 si
1711 1827 1827 1880 quae

1933 607 2190 675 Κρόνιος,
2230 607 2372 659 idem
2421 613 2505 657 est
2541 619 2663 656 cum
2717 602 3173 658 Hecatombwone.
3222 604 3327 658 Sed
3375 621 3500 658 cum

1933 699 2100 752 iidem
2155 699 2232 751 illi
2284 697 2446 766 legati
2480 697 2545 749 ad
2582 696 2876 750 ceneilium
2911 694 3300 764 Lugdunense,
3353 697 3502 765 quod

1933 807 2079 842 anno
2133 789 2227 842 illo
2262 793 2455 842 eodem
2489 788 2626 842 1274
2664 771 3007 841 celebratum
3050 798 3157 850 est,
3194 790 3345 842 missi
3392 791 3504 842 sint

1931 881 1997 932 ab
2059 880 2397 947 imperatore
2472 878 2778 940 .‘llichaele,
2841 894 2950 930 non
3025 877 3164 930 bene
3235 895 3359 931 cum
3421 879 3504 932 hic

1928 972 2096 1025 storia
2165 980 2220 1024 et
2276 970 2429 1024 Actis
2511 971 2655 1024 illius
2728 969 2922 1041 synodi
2980 969 3303 1039 Pachymeri
3368 987 3504 1025 con-

1931 1076 2098 1119 γιιηιι,
2150 1082 2166 1114 Ι

1999 1176 2112 1230 lino
2157 1191 2282 1229 eum
2322 1177 2678 1248 Pachymeris
2708 1177 2946 1237 llistgria
2979 1196 3086 1234 non
3124 1181 3263 1235 bene
3300 1195 3506 1235 conve-

1928 1266 2008 1340 nit
2067 1270 2322 1322 mensium
2379 1269 2679 1338 assignatio
2728 1285 2758 1323 a
2816 1271 3140 1326 doctissimo
3199 1283 3257 1326 et
3306 1288 3505 1342 magno

1929 1360 2052 1412 viro
2105 1360 2273 1413 facta.
2316 1359 2603 1424 Quomodo
2645 1361 2792 1414 enim
2841 1363 3122 1433 navigatio
3169 1365 3502 1434 legatorum,

1929 1470 2052 1522 qua:
2087 1464 2264 1521 empta
2304 1454 2510 1507 dicitur
2541 1456 2789 1524 Augusto
2845 1471 3034 1510 mense
3086 1457 3335 1518 ineunte,
3371 1472 3506 1509 con-

1929 1550 2117 1600 veniat
2151 1563 2276 1600 eum
2315 1547 2631 1616 naufragio,
2664 1549 2811 1616 quod
2849 1548 3011 1616 paulo
3040 1559 3164 1617 post
3205 1549 3506 1616 navigatio-

1931 1654 2058 1692 nem
2109 1639 2384 1708 inceptam
2408 1639 2686 1710 accidisse
2717 1640 2924 1694 dicitur
2958 1641 3046 1694 die
3090 1641 3274 1710 quinta
3314 1641 3508 1693 ncluto-

1931 1730 2103 1784 made:
2158 1747 2389 1801 magum,
2421 1747 2542 1800 qua:
2593 1747 2792 1802 nempe
2834 1743 3084 1787 sanctum
3122 1733 3326 1787 Pascha
3381 1749 3508 1800 pro-

1930 1821 2075 1876 xime
2109 1823 2414 1891 prtecedit?
2446 1823 2635 1892 Neque
2672 1825 2904 1893 Κρόνιον
2950 1840 3191 1878 mensem
3247 1825 3504 1878 eumdem

258 1923 338 1959 res
368 1907 600 1958 obstaret
640 1920 706 1957 ne
739 1904 899 1974 legati
955 1902 1045 1974 (ad
1074 1903 1374 1958 concilium
1407 1902 1630 1972 delecti)
1672 1919 1830 1972 nego-
1858 1891 1900 1943 Β
1928 1929 2052 1969 esse
2083 1915 2400 1985 Pachymeri
2429 1891 2595 1984 atque
2627 1891 3103 1986 'Exaropoauiiva,
3153 1933 3332 1986 neque
3359 1916 3507 1970 hunc

257 2000 388 2050 tium
417 1995 755 2064 conﬁcerent,
796 1997 992 2048 rediret
1020 1994 1113 2049 ille
1145 1996 1195 2048 in
1226 1995 1616 2067 patriam/rales
1665 1996 1824 2049 (edes.

254 2088 348 2141 8ιιι
379 2097 544 2158 erepta
576 2102 639 2140 ea:
675 2097 791 2140 voto
816 2096 1220 2156 peragerentur,
1255 2094 1366 2140 tum
1397 2102 1526 2140 sane
1558 2087 1830 2140 obsisteret

255 2183 472 2244 honore,
519 2180 797 2248 locumque
821 2177 977 2232 alteri
1013 2177 1340 2231 concederet.
1384 2177 1461 2232 De
1493 2176 1830 2231 monasterio

259 2273 506 2325 virorum
535 2311 550 2335 ,
616 2271 778 2326 titulo
826 2269 927 2340 τῆς
970 2269 1373 2340 Περισλέπτου,
1423 2269 1669 2338 υείρανω
1715 2269 1829 2338 for—

259 2382 421 2419 mosat
473 2375 836 2434 nuncupato,
897 2363 1010 2434 agit
1074 2363 1388 2435 Ducangius
1447 2362 1504 2416 in
1562 2361 1831 2417 Constan-

255 2455 482 2526 tinopoli
541 2453 892 2520 Christiana,
949 2454 1093 2509 libro
1149 2470 1245 2520 tv,
1301 2453 1546 2509 sectione
1607 2457 1670 2520 2,
1724 2469 1832 2507 nu-

257 2563 417 2602 nicro
447 2548 536 2603 56.

335 2639 587 2710 Migravit
611 2655 746 2712 ergo
779 2638 1114 2710 patriarcha,
1148 2637 1418 2712 ἑνδεκάτῃ
1449 2638 1618 2710 μηνὸς
1665 2637 1830 2693 Ἐκα-

256 2731 639 2800 τομσαιῶνος,
689 2732 952 2800 δευτέρας
1015 2731 1436 2800 ἐπινεμήσεως,
1503 2729 1598 2783 τοῦ
1641 2728 1832 2800 ,ςψπξῖ

256 2826 413 2887 ἔτους
434 2862 451 2888 ,
501 2826 584 2878 die
621 2825 900 2878 undecima
930 2822 1202 2886 Januarii,
1233 2822 1476 2876 secundm
1509 2823 1832 2886 indictionis,

255 2919 392 2969 anni
422 2914 582 2970 6782.
611 2917 805 2970 Annus
832 2924 919 2970 est
947 2930 1074 2969 tera:
1112 2913 1354 2984 vulgaris
1397 2913 1565 2979 1271,
1601 2914 1834 2968 secunda

253 3009 550 3062 indictione
586 3007 908 3079 insignitus.

337 3105 432 3160 lll.
461 3103 695 3173 Legatos
725 3101 792 3155 ad
821 3099 1118 3156 concilium
1153 3115 1182 3154 a
1209 3100 1476 3156 Michaele
1505 3101 1834 3171 imperatore

1931 2009 2188 2062 eumdem
2222 2024 2345 2062 eum
2379 2009 2651 2077 Augusto,
2680 2009 2792 2076 jam
2819 2017 2972 2063 certo
3004 2021 3058 2064 et
3088 2009 3383 2078 perspicue
3411 2010 3506 2063 de-

1933 2101 2259 2154 monstravit
2289 2100 2489 2154 Petrus
2520 2100 2784 2154 Pessinus
2813 2099 2869 2152 in
2906 2099 3173 2153 Michaele
3201 2100 3506 2169 Palzeologo

1934 2193 2271 2262 imperatore
2310 2193 2363 2246 in
2398 2193 2896 2248 Observationibus
2933 2193 3076 2247 libro
3113 2210 3175 2248 Ill
3208 2193 3508 2247 chronolo-

1934 2285 2081 2354 gico,
2112 2287 2289 2354 capite
2331 2285 2383 2339 1.
2433 2284 2679 2353 Namque
2723 2285 2854 2338 illud
2905 2286 3084 2353 primo
3128 2294 3365 2348 constat,
3404 2284 3508 2338 Ps-

1935 2378 2245 2447 chymerem
2287 2387 2478 2443 prater
2508 2393 2703 2430 morem
2733 2393 2986 2446 usumque
3007 2388 3338 2442 ceterorum,
3391 2380 3507 2432 sive

1933 2480 2207 2536 veterum,
2250 2469 2367 2524 sive
2404 2470 2735 2534 recentium,
2768 2471 2822 2523 in
2865 2471 3128 2523 mensibus
3170 2471 3509 2541 appellandis

1937 2578 2155 2616 navasse
2188 2579 2206 2616 :
2245 2577 2307 2616 ac
2339 2562 2473 2615 illud
2507 2572 2773 2630 praetcrea
2795 2574 2965 2632 patet,
2993 2563 3172 2618 facem
3202 2563 3509 2630 pra'fercn-

1936 2655 2087 2710 tibus
2123 2654 2402 2715 codicum,
2436 2654 2641 2722 quibus
2676 2654 2766 2709 ille
2812 2669 2944 2707 usus
2972 2663 3076 2715 est,
3112 2653 3509 2723 marginalihus

1937 2747 2194 2818 poatillis,
2250 2745 2746 2800 Hccatombu'onem
2794 2747 3054 2800 eumdem
3095 2761 3216 2799 esse
3253 2763 3376 2799 cum
3411 2745 3510 2800 Ja-

1937 2845 2147 2907 nuario,
2181 2851 2236 2897 et
2269 2841 2522 2897 Cronium
2555 2855 2680 2894 cum
2713 2838 2931 2894 Martio.
2968 2838 3094 2894 Haec
3129 2856 3260 2894 vero
3289 2843 3510 2895 nomina

1942 2936 2192 2990 Romana
2225 2934 2431 2989 Graecis
2481 2933 2686 2987 litteris
2720 2933 2920 2987 ibidem
2966 2934 3168 3002 scripta
3218 2933 3270 2986 in
3313 2936 3512 3002 margi-

1939 3027 2103 3084 nibus
2130 3027 2388 3096 leguntur
2412 3027 2516 3080 hoc
2548 3025 2711 3079 modo
2742 3044 2754 3078 :
2790 3025 3121 3095 Ἰανουαρίου
3150 3035 3206 3079 et
3235 3027 3509 3095 Μαρτίου.

1939 3121 2055 3184 Qua
2110 3119 2286 3188 posita
2335 3121 2606 3188 mensium
2655 3118 2802 3186 apud
2848 3119 3238 3188 Pachymerem
3294 3121 3512 3185 notitia,

253 3201 508 3255 directos
553 3203 826 3250 memorat
870 3193 1237 3264 Pacliymeres
1281 3193 1477 3248 eodem
1519 3193 1697 3263 capite
1746 3193 1834 3257 17,

1945 3212 2232 3282 positoque
2261 3227 2384 3271 usu.
2420 3217 2547 3264 bene
2574 3213 2882 3264 conveniunt
2911 3212 3088 3264 Omnia
3125 3227 3242 3264 cum
3271 3211 3511 3268 historia.

248 3291 611 3356 Germanum,
643 3288 730 3358 qui
765 3287 1074 3357 patriarcha
1108 3286 1308 3356 fuerat,
1336 3285 1720 3356 abdicavitque
1751 3286 1835 3340 di-

252 3385 529 3455 gnitatem
558 3395 704 3434 anno
742 3377 902 3444 1266,
933 3388 981 3432 et
1013 3379 1311 3448 episcopum
1336 3377 1531 3431 Nicator
1557 3376 1837 3448 Theopha-

257 3491 424 3538 nem;
457 3476 700 3542 itemque
746 3487 811 3524 ex
856 3470 1140 3523 senatoriis
1183 3469 1340 3536 viris,
1385 3484 1636 3540 magnum
1687 3470 1836 3538 logo-

253 3571 461 3620 shetam
491 3563 873 3634 Acmpolitam,
897 3563 1175 3632 prazsidem
1203 3564 1451 3616 vestiario
1482 3562 1834 3625 Panaretum,

249 3671 312 3714 et
364 3675 615 3727 magnum
653 3660 992 3725 interpretem
1033 3653 1417 3710 Berrhmotam.
1454 3655 1550 3710 His
1586 3655 1679 3709 alii
1714 3670 1838 3710 sese

263 3751 632 3818 aitjnnxerant
662 3746 1024 3802 ecclesiastici
1059 3746 1184 3800 viri.
1216 3747 1325 3801 Iter
1370 3763 1564 3802 eorum
1615 3749 1688 3801 ita
1734 3746 1834 3800 Pa-

257 3837 558 3904 chymeres
603 3834 887 3899 describit,
927 3835 1109 3904 capite
1155 3835 1246 3900 21,
1296 3844 1356 3890 ut
1411 3836 1564 3906 παρὰ
1621 3837 1837 3907 καιρὸν,

259 3928 444 3980 alieno
474 3936 707 3996 tempore
736 3929 992 3998 navigare
1020 3929 1127 3981 orsi
1156 3930 1283 3994 sint,
1327 3929 1422 3982 sub
1455 3931 1668 3983 initium
1698 3930 1840 3982 vide-

257 4020 385 4074 licet
415 4021 620 4086 Martii,
661 4020 897 4092 Κρονίου
949 4023 1055 4091 γὰρ
1105 4023 1414 4093 ἀρχομένου
1463 4023 1656 4092 μηνός.
1702 4022 1842 4076 llor—

256 4115 438 4169 renda
491 4115 730 4184 procella
769 4113 964 4184 jai‘tati
1013 4124 1164 4180 sunt,
1209 4119 1274 4184 τῇ
1321 4116 1652 4186 ὲνισταμένῃ
1715 4115 1839 4166 τότε

260 4210 487 4278 μεγάλῃ
521 4209 749 4278 πέμπτῃ
792 4209 1037 4276 ἑσπέρας
1060 4248 1075 4273 ,
1125 4208 1311 4277 quinta
1356 4209 1439 4261 die
1470 4208 1689 4278 Majoris
1727 4207 1842 4260 heb-

258 4302 508 4354 domada'
537 4317 554 4353 :
587 4301 966 4368 comitumque
998 4299 1253 4352 nonnulli
1301 4300 1615 4354 miserabile
1662 4300 1841 4355 fecere

260 4389 645 4459 naufragium.
682 4389 956 4444 Currebat
985 4405 1164 4443 annus
1197 4390 1355 4451 1274,
1424 4389 1717 4458 insignitus
1748 4389 1840 4443 lit-

260 4491 385 4532 tera
417 4480 739 4534 Dominicali
786 4478 853 4544 G,
879 4489 934 4534 et
963 4481 1106 4550 cyclo
1136 4481 1277 4534 (urite
1305 4483 1359 4535 2.
1391 4480 1596 4547 Quarta
1627 4482 1842 4538 decima

1942 3303 2212 3374 Superius
2245 3303 2372 3358 vide
2405 3313 2570 3373 caput
2612 3304 2662 3368 1,
2703 3319 2856 3360 num.
2889 3305 2946 3360 5.

2015 3443 2105 3498 ιν.
2161 3441 2342 3496 Prima
2392 3442 2614 3496 concilii
2666 3441 3056 3512 Lugdunensis
3097 3443 3290 3500 habita
3335 3445 3517 3502 fuerat

1943 3535 2118 3589 sessio
2164 3537 2357 3589 eodem
2400 3549 2544 3588 anno
2573 3535 2730 3599 1274,
2768 3534 2860 3592 die
2909 3535 2940 3588 7
2985 3533 3136 3598 Maii,
3187 3536 3243 3590 in
3282 3537 3513 3592 ecclesia

1946 3625 2136 3680 Sancti
2181 3626 2427 3680 Joannis.
2464 3625 2544 3679 Ad
2601 3627 2924 3680 vicesimam
2970 3635 3218 3680 octavam
3265 3629 3516 3696 ejusdem

1946 3719 2151 3774 mensis
2204 3718 2408 3772 indicta
2460 3725 2578 3771 erat
2633 3719 2806 3772 sessio
2857 3717 3122 3772 secunda.
3175 3721 3314 3772 Ante
3364 3720 3516 3773 illam

1945 3812 2160 3866 litteras
2188 3811 2518 3880 legatorum,
2549 3825 2687 3879 quos
2713 3811 2961 3878 pontifex
2992 3811 3217 3864 miserat
3247 3810 3518 3866 Constan-

1948 3904 2267 3974 tinopolim,
2299 3901 2516 3971 accepit
2547 3903 2888 3966 nuntiantes,
2920 3902 3030 3972 jam
3061 3917 3120 3956 se
3169 3918 3342 3972 prope
3372 3919 3518 3968 esse,

1947 4007 2112 4064 atque
2148 3995 2202 4048 in
2233 3995 2495 4048 comitatu
2529 3993 2735 4048 habere
2765 3995 2974 4062 legatos
2996 3993 3336 4049 Graecorum.
3379 3995 3520 4050 l-linc

1946 4087 2123 4141 sessio
2142 4086 2310 4140 dilata
2334 4087 2386 4140 in
2408 4085 2554 4139 diem
2575 4086 2869 4154 septimam
2893 4086 3068 4141 Junii.
3095 4086 3300 4140 Eodem
3331 4103 3520 4142 mense

1949 4180 2038 4234 die
2094 4179 2165 4233 24
2215 4187 2588 4249 pervenerunt
2638 4177 2997 4247 Lugdunum,
3034 4179 3332 4234 redeuntes
3377 4178 3521 4235 Con-

1948 4271 2275 4340 tantinopoli
2305 4269 2484 4324 nuntii
2518 4269 2814 4339 pontilicii,
2838 4285 2901 4326 ac
2943 4270 3094 4325 missi
3127 4272 3194 4324 ad
3219 4271 3517 4325 concilium

1947 4363 2125 4418 Graeci
2153 4362 2529 4432 apocrisiarii.

2021 4474 2249 4530 Summo
2280 4474 2529 4544 pontiﬁci
2555 4474 2758 4531 litterae
2797 4474 3014 4540 oblatae,
3056 4491 3196 4545 quas
3247 4475 3525 4533 dederunt

258 4574 576 4635 Paschalis,
625 4588 654 4624 a
703 4571 794 4624 die
845 4573 910 4626 12
950 4572 1128 4626 Martii
1174 4584 1486 4637 numerata.
1540 4575 1734 4629 incidit
1784 4575 1840 4630 in
1873 4587 1919 4641 υ
1950 4567 2179 4622 Michael
2205 4565 2844 4637 PalzeologusAugustus
2869 4567 3295 4624 etAndronicus
3349 4569 3520 4631 ﬁlio-9.

262 4663 420 4718 diem
449 4663 520 4718 ’25
544 4663 788 4729 ejusdem
815 4663 996 4718 Martii
1035 4663 1374 4717 Dominicam
1410 4683 1423 4718 :
1455 4666 1600 4718 unde
1626 4680 1844 4721 sacrum

261 4755 482 4808 Pascha
522 4754 748 4806 dilatum
796 4751 900 4806 fuit
951 4753 1016 4806 ad
1068 4753 1206 4806 diem
1242 4751 1266 4804 1
1299 4753 1519 4822 Aprilis.
1553 4752 1678 4806 Fuit
1713 4767 1846 4823 ergo

261 4845 370 4897 illo
399 4859 548 4896 anno
577 4844 761 4912 quinta
787 4843 897 4896 dies
930 4842 1176 4912 majoris,
1209 4850 1303 4897 aut
1325 4858 1532 4911 magna:
1560 4841 1846 4896 hebdoma-

257 4939 358 4988 dw
390 4934 514 4987 dies
541 4933 610 4986 29
641 4933 844 4987 Martii.

345 5025 646 5096 Dionysius
677 5024 961 5092 Petavius,
994 5025 1142 5080 libro
1170 5041 1245 5079 vn
1273 5023 1348 5078 De
1372 5023 1633 5078 Trinitate
1663 5022 1731 5077 de
1761 5023 1848 5077 his

255 5118 749 5180 uecatombwonis,
776 5127 832 5172 et
857 5117 1075 5172 Chronii
1103 5115 1408 5180 mensibus,
1433 5130 1572 5184 quos
1599 5115 1848 5170 nominat

255 5211 667 5282 Paehymeres,
691 5209 807 5264 haec
839 5209 1008 5263 habet
1032 5209 1211 5278 capite
1240 5209 1294 5274 1,
1325 5223 1478 5261 num.
1505 5207 1539 5262 9
1565 5225 1578 5261 :
1615 5227 1633 5259 ι
1660 5207 1848 5279 Legati

252 5309 523 5372 Augusto
559 5314 748 5354 mense
784 5299 1016 5354 ineunte
1059 5298 1341 5353 solventes
1369 5296 1850 5365 Constantinotioli

251 5393 375 5462 (Ῑιδ
423 5390 575 5444 enim
619 5389 853 5460 Κρόνιον
877 5402 1126 5444 mensem
1169 5387 1512 5456 interpretor
1555 5387 1701 5456 apud
1750 5383 1849 5440 Pa-

250 5481 641 5556 chymerem),
683 5479 866 5536 aliena
913 5482 1046 5536 anni
1093 5488 1444 5551 tempestate,
1501 5479 1847 5548 naufragium

253 5584 598 5632 iecerunt...
642 5574 768 5627 llaec
822 5589 967 5626 anno
1019 5573 1203 5628 mundi
1249 5571 1412 5635 6782,
1448 5570 1732 5625 indictione
1769 5586 1852 5624 se-

250 5674 470 5738 cunda,
507 5668 961 5724 Hecatombaonis
996 5666 1298 5730 undecima,
1330 5675 1482 5734 gesta
1516 5677 1640 5718 esse
1684 5664 1852 5717 :eiert

258 5763 667 5832 Paeliymeres,
702 5761 796 5828 qui
847 5773 1026 5813 annus
1070 5772 1192 5812 esse
1227 5756 1392 5810 debet
1434 5754 1639 5810 Christi
1687 5754 1847 5818 1271.,

259 5854 386 5927 56
415 5863 470 5909 et
508 5854 764 5923 Augusti,
800 5853 883 5906 vel
925 5849 1052 5905 Julii
1100 5849 1218 5904 dies
1257 5848 1567 5913 undecima,
1607 5863 1729 5901 cum
1763 5847 1848 5901 iu-

447 5969 473 5990 Ι

1948 4675 2112 4729 quem
2148 4659 2410 4730 collegam
2454 4659 2676 4729 imperii
2725 4675 2872 4716 anno
2924 4661 3059 4714 1272
3104 4670 3523 4730 nuncupaverat

1950 4759 2125 4819 pater,
2159 4761 2213 4805 et
2251 4751 2342 4803 alii
2380 4750 2571 4820 plures
2615 4752 2988 4806 Ecclesiarum
3019 4751 3191 4807 Graeci
3221 4754 3520 4810 antistites.

1951 4841 2125 4897 Simul
2157 4857 2350 4898 omnes
2379 4843 2468 4898 die
2494 4844 2564 4898 29
2586 4843 2759 4907 Junii,
2789 4844 3053 4912 apostolis
3082 4845 3242 4899 Petro
3270 4857 3323 4899 ιιι
3351 4847 3522 4902 Paulo

1951 4949 2132 4999 saera,
2163 4934 2231 4989 ad
2271 4936 2529 5005 mysteria
2568 4916 2752 4990 divina
2786 4945 3186 4990 convenerunt.
3229 4936 3367 4995 Tum
3420 4937 3526 4994 La-

1953 5026 2067 5082 tine
2104 5024 2250 5080 inter
2306 5025 2597 5078 missarum
2652 5025 2921 5085 solemnia
2957 5023 3280 5096 Symbolum
3326 5028 3526 5083 recita-

1953 5125 2068 5169 tum
2102 5131 2117 5169 :
2154 5131 2218 5169 ac
2250 5113 2436 5169 Graece
2470 5131 2498 5168 a
2548 5114 2823 5169 Germano
2852 5114 2985 5171 olim
3012 5117 3352 5186 patriarcha,
3394 5133 3526 5174 cum

1953 5212 2308 5277 processione
2365 5207 2605 5277 Spiritus
2642 5208 2818 5262 sancti
2849 5225 2882 5262 α
2912 5207 3081 5266 Patre
3116 5209 3382 5283 Filioque.
3414 5213 3528 5267 Lit-

1955 5308 2085 5354 terae
2145 5313 2174 5351 a
2213 5297 2418 5351 Grecis
2449 5297 2613 5364 datae,
2646 5313 2835 5357 coram
2883 5301 3176 5371 palamque
3224 5303 3382 5359 lecta:
3435 5306 3526 5360 die

1955 5399 2103 5443 scuta
2135 5389 2291 5442 Julii.
2328 5389 2385 5442 ln
2429 5389 2497 5442 iis
2526 5404 2665 5457 quas
2706 5392 3006 5460 scripserat
3037 5393 3360 5463 imperator,
3398 5412 3528 5467 pro-

1953 5483 2123 5537 iessio
2146 5479 2272 5534 ﬁdei
2299 5483 2616 5537 continetur
2637 5499 2760 5538 cum
2790 5486 2966 5540 sancti
2997 5486 3239 5556 Spiritus
3265 5488 3371 5558 57
3400 5507 3530 5558 pro-

1954 5575 2204 5629 cessione
2236 5575 2299 5626 ἐκ
2326 5576 2539 5646 [ἰατρὸς
2561 5575 2692 5629 Υἱοῦ
2724 5595 2805 5631 τε.
2837 5579 3080 5647 Rogabat
3103 5581 3193 5634 ille
3217 5597 3350 5634 vero
3380 5598 3531 5635 sum-

1954 5681 2106 5721 mum
2142 5667 2466 5721 Pontilicem
2500 5683 2517 5720 :
2556 5677 2611 5720 ut
2644 5667 2882 5723 Ecclesia
2927 5669 3115 5727 Graeca
3166 5673 3362 5726 diceret
3402 5691 3532 5725 san-

1955 5767 2097 5811 ctum
2147 5755 2467 5824 symbolum,
2522 5767 2676 5827 prout
2729 5759 2932 5814 dicebat
2987 5763 3082 5816 hoc
3138 5768 3260 5817 ante
3299 5764 3527 5819 sr/tisma

1959 5863 2122 5920 usque
2155 5850 2207 5902 in
2241 5847 2548 5902 hodiernum
2580 5851 2734 5907 diem.
