3838 6362
392 352 456 417 71
792 359 799 365 ’
1319 353 1648 413 GEORGII
1684 353 1940 416 CYI‘RH

2082 404 2094 417 .
2139 358 2664 420 PATRIARCHJE
3575 362 3645 419 72

456 468 608 524 Fidei
645 468 899 523 dclinitio
938 466 1048 519 lata
1081 464 1311 519 demum
1341 465 1431 519 his
1466 468 1649 519 verbis
1677 483 1690 519 :
1720 484 1738 517 t
1788 466 1962 520 Fideli
1994 475 2041 531 Α

382 577 447 617 ac
475 562 671 615 devota
702 558 1046 631 professione
1098 555 1358 622 fatentur,
1384 558 1529 626 quod
1576 557 1812 626 Spiritus
1840 573 1960 612 san-

383 665 505 709 ctus
538 652 865 708 wternaliter
896 667 960 705 ea:
991 650 1151 704 Patre
1180 658 1228 702 et
1265 649 1424 715 Filio,
1456 666 1565 704 non
1607 658 1868 719 tanquam
1899 662 1962 702 ea;

382 743 580 798 duobus
595 740 889 815 principiis,
920 741 1015 797 sed
1038 749 1299 810 tanquam
1332 757 1396 793 ea:
1419 757 1522 794 uno
1539 742 1815 811 prirripio,
1850 757 1959 795 non

386 835 606 890 duabus
630 834 1057 905 spirationibus,
1094 834 1188 887 sed
1243 832 1404 888 unica
1433 833 1734 902 spiratione
1776 848 1964 902 procc-

384 927 486 985 dit.
521 926 636 981 Hoc
665 926 911 996 professa
943 934 1030 981 est
1074 924 1366 989 hactenus,
1395 924 1746 999 praedicavit,
1777 937 1832 979 et
1866 926 1965 978 do-

384 1021 541 1084 cuit;
603 1019 706 1074 hoc
744 1017 977 1072 lirtniter
1027 1026 1199 1081 tenet,
1239 1016 1523 1086 prmdicat,
1562 1015 1875 1086 proﬁtetur,
1909 1026 1967 1071 ct

383 1109 547 1166 docet
575 1118 924 1164 sacrosancta
957 1107 1203 1162 Romana
1224 1107 1493 1174 Ecclesia,
1511 1122 1687 1163 mater
1717 1110 1963 1165 omnium

387 1203 656 1267 ﬁdelium,
707 1212 762 1257 ct
803 1202 1086 1272 magistra.
1138 1200 1256 1259 Hoc
1299 1200 1470 1256 habet
1526 1203 1964 1261 orthodoxurum

383 1296 612 1352 Patrum
642 1304 808 1365 atque
839 1294 1155 1359 doctorum,
1186 1294 1513 1349 Latinorum
1545 1296 1756 1365 pariter
1799 1308 1966 1368 atque

381 1389 721 1451 Graecorum,
767 1387 1241 1444 incommutabilis
1271 1397 1326 1442 et
1359 1403 1489 1443 vera
1520 1390 1820 1445 sententia.
1854 1390 1962 1445 Sed

380 1481 511 1550 quia
564 1479 862 1542 nonnulli,
922 1490 1154 1550 propter
1219 1480 1618 1552 irrelragabilis
1670 1484 1966 1553 prwmissa:

381 1571 750 1641 ignorantiam
784 1570 1061 1636 veritatis,
1091 1571 1147 1625 in
1179 1586 1402 1627 errores
1437 1573 1627 1630 varios
1657 1586 1786 1629 sunt
1839 1590 1965 1644 pro—

382 1663 557 1731 lapsi,
600 1679 703 1719 nos
735 1663 1055 1734 huiusmodi
1106 1664 1401 1720 erroribus
1427 1665 1574 1721 viam
1622 1667 1966 1737 praecludere

383 1754 693 1825 cupientes,
732 1771 893 1812 sacro
942 1755 1287 1826 approbante
1319 1757 1580 1823 concilio,
1639 1759 1966 1818 damnamus

2140 487 2217 524 rc.
2251 470 2444 525 Nuntii
2470 469 2740 534 Pontiﬁcis
2773 480 2933 540 agunt
2957 485 3052 539 pro
3081 485 3223 535 voce,
3242 468 3514 541 Filioque,
3543 472 3644 525 ad-

2125 541 2363 610 jicienda
2394 541 2462 595 ad
2500 542 2831 611 Symbolum.

2136 657 2365 715 l.Jnsta
2397 668 2556 730 pacta
2588 675 2714 715 cum
2762 659 3005 731 Josepho
3052 660 3370 731 patriarcha
3427 662 3643 730 pridem

2065 759 2356 816 conventa,
2384 753 2630 807 concordi
2672 753 2931 824 suffragio
2965 752 3213 812 Patrum.
3247 768 3436 806 vacare
3465 754 3645 806 sedem

2067 843 2741 915 Constantinopolitanam,
2785 847 3095 911 judicatum
3125 854 3223 899 est.
3261 844 3644 915 (Pachymeuis

2066 935 2251 989 verbis
2286 945 2410 991 utor
2440 937 2584 992 libro
2618 955 2673 1002 v,
2730 938 2911 1005 capite
2939 937 3056 1008 22.)
3091 937 3278 1007 Itaque
3310 938 3503 991 mensis
3547 934 3642 988 Ja-

2067 1028 2246 1081 nuarii
2285 1028 2819 1099 (Ἑκατομϐαιῶνος)
2843 1030 3124 1084 undecima
3156 1031 3242 1084 die
3268 1030 3436 1101 (anno
3475 1027 3641 1083 Chri-

2065 1120 2134 1170 sti
2173 1118 2336 1190 1275)
2391 1122 2626 1190 primum
2675 1138 2831 1176 sacra
2861 1121 2980 1191 ﬁeri
3012 1131 3180 1191 carpta
3217 1131 3339 1176 sunt
3373 1122 3487 1175 sine
3519 1137 3633 1174 con-

2064 1218 2217 1266 sueta
2241 1211 2477 1283 Iosephi,
2510 1220 2569 1266 ut
2624 1212 2974 1284 patriarchae,
3012 1215 3281 1268 mentione
3310 1230 3328 1266 :
3352 1223 3401 1266 et
3435 1215 3547 1284 ipse
3577 1220 3646 1267 ad

2066 1304 2301 1360 Lauram
2345 1322 2510 1376 prope
2563 1306 2846 1377 Artaphum
2899 1306 3252 1376 (suburbium
3295 1305 3542 1377 Byzantii
3577 1307 3645 1360 ad

2067 1413 2129 1452 r-s
2161 1398 2344 1466 l’onti)
2382 1415 2446 1452 ex
2501 1398 2790 1469 Periblepti
2825 1403 3149 1454 monasterio
3176 1401 3445 1470 migravit.
3486 1401 3646 1467 Ejus-

2066 1491 2181 1544 dem
2210 1506 2369 1559 porro
2400 1493 2593 1546 mensis
2619 1493 2704 1546 die
2732 1504 2883 1547 sexta
2914 1493 3142 1558 decima,
3170 1491 3390 1547 Nicolao
3418 1491 3644 1546 Chalce-

2067 1584 2288 1637 donensi
2324 1585 2491 1638 sacris
2516 1593 2771 1650 operante
2820 1585 2875 1640 in
2927 1584 3135 1640 Palatii
3165 1602 3323 1639 sacra
3373 1585 3504 1648 ede,
3543 1585 3646 1637 du-

2067 1673 2193 1743 plici
2228 1675 2412 1744 lingua
2440 1677 2783 1746 pronuntiata
2824 1687 2920 1744 est,
2960 1694 3121 1747 quam
3152 1684 3359 1739 vocant,
3428 1675 3647 1745 Episto-

2070 1768 2124 1821 la
2150 1805 2165 1820 .
2189 1804 2206 1821 .
2226 1808 2241 1822 .
2278 1766 2505 1823 Sacrum
2536 1785 2746 1841 quoque
2776 1769 3131 1841 Evangelium
3159 1770 3321 1825 simili
3349 1770 3645 1840 diﬁerentia

381 1856 439 1900 et
471 1847 834 1917 reprobamus
887 1863 1081 1904 omnes
1111 1849 1205 1918 qui
1232 1864 1435 1919 negare
1470 1854 1925 1922 praesumpserint
1945 1896 1960 1919 ,
1999 1836 2038 1890 Β
2068 1861 2397 1933 linguarum,
2428 1836 2607 1919 Greece
2630 1865 2833 1935 pariter
2860 1881 2905 1920 et
2921 1863 3112 1920 Latine
3139 1870 3415 1920 recitatum
3442 1876 3540 1922 est.
3574 1865 3646 1919 Et

383 1937 711 1990 a'ternaliter
738 1936 1000 2006 Spiritum
1034 1948 1281 1993 sanctum
1311 1954 1377 1994 ea:
1405 1940 1574 1995 Patre
1607 1953 1653 1996 et
1682 1942 1826 1999 Filio
1846 1962 1968 2014 pro-

382 2029 567 2084 cedere
593 2047 606 2085 :
632 2031 751 2085 sive
782 2031 947 2085 etiam
999 2036 1298 2087 temerario
1335 2048 1470 2087 ausu
1503 2049 1777 2101 asserere,
1815 2037 1964 2108 quod

386 2123 626 2193 Spiritus
656 2134 882 2180 sanctus
910 2141 974 2179 ex
1009 2124 1172 2179 Patre
1207 2125 1432 2192 etFilio,
1453 2137 1713 2196 tanquam
1744 2147 1811 2184 ea:
1836 2134 1969 2188 duo-

386 2212 478 2267 bus
512 2216 810 2286 principiis,
839 2224 887 2269 et
927 2232 1032 2270 non
1063 2227 1320 2284 tanquam
1352 2234 1418 2272 ea:
1468 2235 1595 2282 uno,
1626 2223 1901 2291 procedat.
1940 2244 1958 2275 ›

387 2306 539 2360 lianc
567 2306 727 2360 (idem
751 2306 925 2361 δι’.υοὶ
959 2307 1278 2377 apocrisarii
1297 2309 1616 2378 juramento
1645 2310 1964 2368 llnnarunt.

385 2401 637 2453 (Irtocutn
664 2398 1009 2454 deﬁnitionis
1036 2410 1241 2456 textum
1268 2417 1333 2455 ex
1364 2402 1612 2458 Manuele
1632 2403 1968 2476 Calecap‘ro-

386 2492 494 2545 fert
520 2491 787 2546 Pessinus
819 2494 874 2547 in
908 2492 1067 2546 Notis
1098 2493 1167 2548 ad
1212 2494 1414 2548 librum
1443 2512 1460 2549 ι
1501 2496 1857 2569 Pachyineris
1908 2502 1966 2558 in

385 2584 707 2639 Andronico
736 2587 1070 2654 imperatore
1104 2586 1288 2656 capite
1330 2587 1363 2642 8
1397 2597 1455 2643 et
1486 2594 1539 2645 9.
1582 2609 1602 2643 ι

460 2679 524 2734 γ.
560 2678 785 2733 Errores
816 2678 871 2732 in
912 2679 1106 2735 eadem
1154 2679 1282 2734 ﬁdei
1341 2679 1666 2738 deﬂnltione
1717 2684 1968 2742 damnari

387 2773 551 2840 duos,
584 2772 1013 2828 animadverte:
1078 2783 1193 2826 tum
1251 2776 1594 2847 negantium,
1637 2780 1967 2835 a'ternoliter

388 2866 649 2935 Spiritum
671 2876 918 2919 sanctum
947 2882 1010 2919 ea:
1043 2869 1212 2921 Patre
1240 2878 1289 2921 et
1324 2867 1468 2923 Filio
1493 2873 1774 2940 procedere
1806 2883 1965 2933 :tum

387 2957 775 3019 asserentittm,
816 2971 881 3011 ea:
911 2954 1076 3009 Patre
1116 2965 1164 3009 et
1207 2954 1347 3011 Filio
1406 2958 1587 3029 ipsum
1647 2963 1967 3031 procedere,

387 3055 646 3116 tanquam
705 3062 768 3100 ex
814 3045 1015 3101 duobus
1063 3047 1358 3115 principiis.
1415 3050 1677 3105 Errorem
1728 3055 1964 3121 primum

385 3135 590 3192 Graicis
619 3136 1005 3206 impingebant
1040 3137 1222 3193 Latini
1257 3158 1270 3194 :
1309 3140 1365 3194 in
1426 3157 1604 3212 eoque
1633 3143 1753 3199 sine
1794 3145 1967 3201 dubio

386 3228 560 3284 Graeci
588 3228 975 3292 versabantur,
1012 3244 1074 3285 ac
1099 3230 1308 3285 utinam
1337 3247 1446 3287 non
1480 3246 1838 3292 versarentur
1865 3239 1962 3294 ho,

388 3320 593 3391 dieque
621 3322 635 3377 ι
671 3320 882 3377 Latinis
921 3323 1155 3377 alterum
1179 3324 1527 3394 imputabant
1558 3327 1731 3385 Graeci
1761 3347 1775 3385 :
1801 3347 1964 3401 quem

387 3414 515 3468 illos
544 3423 783 3469 attamen
815 3413 1112 3481 aliquando
1138 3416 1405 3481 tenuisse,
1438 3418 1661 3488 probari
1689 3421 1834 3477 haud
1867 3438 1968 3478 un-

387 3522 554 3576 quam
591 3506 814 3576 poterit.
851 3504 894 3561 E
931 3522 992 3562 re
1020 3522 1119 3563 sua
1144 3508 1363 3563 censuit
1388 3508 1684 3582 Gregorius
1714 3512 1781 3577 X,
1809 3530 1966 3571 sacro

388 3600 728 3670 approbante
761 3601 1025 3664 concilio,
1073 3616 1297 3657 errores
1341 3604 1535 3659 ambos
1590 3606 1964 3676 proscribere;

387 3686 507 3743 sive
532 3699 787 3743 errantes
830 3688 1061 3757 iuerint,
1100 3691 1195 3760 qni
1257 3701 1558 3763 utrumque
1593 3694 1915 3753 docuissent
1948 3716 1962 3753 :

387 3782 503 3834 sive
530 3780 713 3849 aliqua
747 3788 957 3835 tantum
991 3783 1307 3850 suspicione
1338 3784 1614 3840 niteretur
1637 3789 1795 3844 alter.
1824 3791 1968 3845 Con-

386 3872 579 3926 cordia
634 3870 861 3925 Latinos
917 3872 1062 3926 inter
1107 3881 1164 3927 et
1212 3871 1437 3930 Graecos
1469 3878 1853 3939 constituenda
1911 3883 1964 3938 id

386 3977 685 4032 exposcere
732 3962 1044 4018 videbatur.

479 4053 839 4124 Imperatoris
867 4054 1050 4127 legati,
1080 4072 1200 4111 rere
1226 4065 1277 4111 et
1330 4058 1623 4128 insequenti
1670 4073 1851 4118 aestate
1897 4065 1969 4118 ibi

387 4148 587 4201 exactis
618 4145 804 4215 (verba
830 4157 958 4202 sunt
989 4147 1342 4221 Pachymcris
1378 4140 1523 4206 libro
1547 4167 1599 4215 ν,
1633 4155 1811 4222 capite
1839 4154 1963 4225 2t),

388 4250 624 4295 extremo
676 4249 936 4293 autumno
978 4252 1189 4298 mutuos
1257 4245 1381 4313 ipsis
1416 4245 1695 4317 adjuncto:
1729 4264 1761 4301 α
1812 4246 1965 4319 Papa

388 4333 588 4402 legatos
643 4331 1162 4404 Constantinopolim
1222 4340 1604 4408 perduxerunt.
1671 4337 1810 4397 Tres
1861 4341 1966 4397 illa:

385 4424 513 4478 anni
557 4434 942 4494 tempestates,
997 4443 1107 4489 ver,
1168 4439 1323 4483 testas
1367 4437 1424 4484 et
1480 4440 1789 4501 autumnus,
1825 4451 1964 4505 quas

2064 1955 2140 2007 sic
2165 1954 2276 2008 loco
2315 1957 2550 2025 proprio,
2583 1973 2749 2028 papa,
2767 1959 2931 2013 etiam
2960 1974 3053 2021 per
3078 1960 3359 2013 diaconum
3394 1961 3646 2015 solemnis

2067 2048 2263 2103 mentio
2287 2049 2431 2117 {acta
2462 2061 2537 2104 est
2560 2067 2581 2115 ;
2609 2060 2660 2105 et
2690 2051 2975 2123 Gregorius
3005 2068 3242 2107 summus
3263 2054 3498 2124 pontifex
3518 2071 3647 2124 apo-

2066 2134 2263 2189 stolica:
2290 2135 2544 2193 Ecclesia
2571 2149 2622 2192 et
2644 2140 2991 2196 arcumcnicus
3023 2158 3162 2212 papa
3187 2144 3570 2211 proclamatus.

2137 2226 2215 2281 De
2255 2229 2383 2282 novi
2434 2229 2764 2296 patriarcha:
2809 2232 3081 2290 electione
3139 2243 3322 2289 actum
3379 2236 3547 2293 serio.
3585 2236 3647 2291 ln

2070 2319 2331 2377 thronum
2361 2321 2622 2377 evehitur
2646 2322 2888 2381 Joannes
2915 2325 3141 2382 Beccus.
3166 2324 3336 2383 Notas
3357 2329 3647 2383 chronicas

2071 2414 2229 2476 affert
2253 2414 2618 2486 Pachymeres
2652 2433 2778 2485 cap.
2808 2417 2901 2483 25,
2930 2420 3069 2474 diem
3095 2431 3301 2475 sextam
3356 2432 3410 2477 et
3463 2425 3647 2478 vicesi-

2071 2527 2212 2565 mam
2249 2514 2442 2566 mensis
2476 2509 2628 2578 Maii,
2661 2513 3067 2584 Πυανεψιῶνος,
3098 2514 3316 2571 Festum
3344 2527 3648 2572 sanctorum

2069 2603 2422 2660 Nicaensium
2458 2604 2708 2661 Patrum.
2743 2605 2990 2663 Secunda
3037 2625 3160 2663 vero
3212 2608 3385 2675 Junii,
3419 2603 3648 2681 Μαιμα-

2073 2696 2401 2768 κτηριῶνος,
2421 2698 2697 2754 Dominica
2719 2703 2959 2771 proxime
2978 2711 3179 2770 secuta,
3197 2704 3397 2758 illustri
3419 2705 3505 2758 die
3532 2704 3644 2775 Spi-

2072 2792 2206 2845 ritus
2235 2792 2444 2847 sancti.
2468 2833 2482 2847 .
2507 2831 2522 2848 .
2546 2833 2560 2848 .
2589 2794 2689 2848 rite
2707 2796 3063 2865 inauguratus
3086 2798 3233 2851 estin
3256 2798 3648 2866 patriarcltam.

2071 2885 2268 2941 Annus
2315 2898 2436 2939 term
2464 2886 2708 2956 vulgaris
2770 2886 2930 2953 1275,
2981 2890 3240 2944 currebat
3292 2906 3416 2945 cum
3469 2890 3649 2947 littera

2071 2975 2395 3031 Dominicali
2423 2975 2485 3053 F,
2515 2987 2570 3032 et
2595 2977 2742 3049 cyclo
2802 2978 2972 3033 Luna:
3034 2978 3125 3034 lll.
3168 2979 3328 3037 'llinc
3393 2992 3647 3039 sanctum

2072 3066 2282 3123 Pascha
2314 3068 2510 3123 incidit
2541 3069 2593 3123 in
2635 3071 2781 3125 diem
2817 3071 2884 3126 M
2946 3072 3178 3143 Aprilis,
3237 3086 3293 3130 et
3323 3075 3652 3132 Pentecoste

1993 3180 2037 3238 ο
2078 3157 2135 3213 in
2166 3159 2312 3215 diem
2348 3160 2384 3215 2
2420 3158 2592 3216 Junii.
2644 3162 2924 3218 Dominica
2986 3164 3198 3221 scilicet
3240 3176 3360 3222 erat
3409 3171 3652 3240 proxime

2070 3260 2250 3306 secuta
2281 3253 2710 3322 praecedentem,
2751 3270 2875 3325 quin
2908 3254 2993 3310 die
3022 3255 3094 3311 26
3128 3256 3263 3313 Maii
3297 3259 3497 3316 illuxit.
3533 3263 3651 3318 Til-

2070 3344 2390 3412 lcmontius,
2437 3345 2493 3400 in
2523 3346 2761 3401 Historia
2804 3349 3015 3403 concilii
3070 3350 3298 3420 Nicwni,
3345 3354 3398 3409 in
3462 3354 3652 3412 Monac

2069 3432 2273 3494 mentis
2304 3448 2455 3494 torno
2489 3439 2578 3501 Vl,
2638 3450 2743 3495 art.
2792 3441 2886 3507 ‘20,
2951 3442 3199 3507 adnotat,
3247 3446 3395 3516 apud
3427 3445 3649 3502 Graacos

2068 3532 2409 3601 peculiarem
2489 3532 2608 3589 tlcri
2665 3536 3027 3591 consuevisse
3083 3535 3653 3596 Commemorationcnt

2070 3634 2419 3679 "scaurorum
2448 3633 2497 3679 et
2520 3622 2802 3680 octodecim
2828 3625 3052 3681 Patrum
3082 3631 3265 3700 synodi
3282 3633 3654 3700 “inmotam.

2069 3728 2153 3769 na:
2184 3717 2269 3770 vel
2296 3716 2381 3769 die
2420 3718 2490 3771 9.0
2532 3716 2682 3784 Maii,
2715 3720 2799 3773 vel
2834 3718 3113 3775 Dominica
3150 3723 3483 3792 prwcedente
3514 3724 3656 3780 Peu-

2070 3817 2314 3864 tecostem
2349 3824 2367 3862 :
2396 3810 2538 3879 apud
2577 3812 2748 3882 Syros
2786 3828 2963 3868 mense
2993 3813 3160 3880 Julia,
3202 3824 3258 3869 et
3292 3817 3435 3886 apud
3486 3816 3657 3891 Egy-

2068 3900 2215 3969 ptios
2239 3901 2324 3956 die
2355 3900 2389 3955 5
2416 3899 2744 3957 Novembris.
2797 3902 2906 3974 59
2927 3904 3053 3959 llaec
3079 3906 3276 3960 iterum
3297 3908 3656 3973 confirmant,

2068 4000 2124 4045 et
2149 3991 2431 4061 evincunt,
2465 4008 2709 4049 mensem
2741 3996 3106 4066 Πυανεψιῶνα
3155 4013 3266 4054 non
3294 3999 3466 4054 alium
3528 4016 3657 4057 esse

2069 4082 2214 4153 apud
2240 4083 2655 4154 Pachymerem,
2684 4087 2789 4141 nisi
2836 4087 3060 4144 Maium.

2140 4178 2205 4233 ll.
2240 4178 2538 4249 Nicephori
2573 4178 2993 4252 Grcgoraalibro
3019 4199 3074 4248 v,
3099 4184 3279 4255 capite
3316 4186 3374 4247 2.
3407 4202 3566 4241 num.
3596 4188 3655 4252 'l,

2068 4271 2235 4327 verba
2276 4281 2408 4326 sunt
2441 4288 2456 4326 :
2493 4272 2714 4338 Περι-ω,
2752 4274 3101 4340 patriarchali
3164 4278 3285 4331 sede
3342 4294 3653 4341 conscensa,

2067 4362 2382 4428 imperatori
2415 4377 2547 4416 unus
2588 4364 2691 4433 [uit
2719 4364 2923 4429 omnia,
2957 4372 3006 4417 et
3035 4364 3238 4435 lingua,
3286 4377 3338 4420 et
3363 4383 3580 4432 manus,
3604 4379 3656 4423 et

2068 4453 2315 4507 uelociter
2348 4452 2632 4508 scribentis
2673 4454 2935 4520 calamus,
2975 4464 3024 4508 et
3050 4454 3290 4522 dicenda,
3328 4465 3383 4508 et
3417 4458 3654 4511 scriben-

387 4518 740 4587 imperatoris
792 4520 1142 4587 apocrisiarii
1176 4537 1275 4577 sua
1309 4522 1363 4576 in
1399 4521 1676 4594 legatione
1710 4543 1965 4596 exegere,
2001 4527 2045 4580 Β
2075 4546 2163 4608 (ιο,
2208 4555 2258 4598 ει
2292 4544 2545 4614 dogmata
2590 4548 2899 4615 “pannum
2925 4561 2942 4598 ;
2972 4544 3086 4616 φη
3140 4546 3452 4600 εει-ιαηιίηῑε
3492 4550 3653 4601 socii,

387 4610 755 4678 superiorem,
791 4615 860 4666 de
883 4626 990 4680 qua
1051 4613 1286 4682 egimus,
1342 4615 1616 4670 mensium
1656 4618 1963 4689 Pachynie-

388 4701 672 4756 rianorum
703 4703 1220 4771 interpretationem
1248 4706 1555 4762 doctissimi
1590 4710 1793 4765 Petavii
1830 4714 1965 4781 reji-

387 4796 565 4850 cinnt.
610 4794 916 4850 Pontillciu:
948 4797 1144 4852 littera:
1188 4796 1241 4851 in
1281 4798 1717 4857 Cotlectionibus
1779 4807 1967 4861 conci.-

387 4886 586 4939 liorutn
624 4895 899 4954 prostant,
933 4892 999 4941 ad
1056 4867 1370 4941 illic/macra
1398 4890 1726 4959 Augustum,
1754 4901 1810 4946 et
1859 4895 1965 4946 Au-

388 4978 664 5029 dranicum
703 4976 991 5043 collegam.
1048 4974 1378 5047 Graecosque
1423 4979 1723 5044 antistites,
1761 4980 1901 5038 data:
1935 4999 1964 5035 ν

387 5066 518 5122 Kal.
549 5070 771 5139 Augusti
796 5085 940 5123 anno
972 5073 1147 5123 tertio.

934 5204 1044 5276 53
1061 5204 1285 5264 CAPUT
1326 5207 1416 5262 tv.

387 5340 644 5423 Iosephus
705 5347 1035 5423 patriarcha
1072 5346 1251 5423 sedem
1279 5418 1289 5423 _
1315 5345 1525 5423 abdicat
1584 5364 1603 5402 :
1645 5349 1963 5423 eligiturque

456 5414 937 5491 Joannes'b‘eccus.
966 5416 1136 5491 Plura
1180 5416 1242 5469 ab
1271 5418 1385 5485 ipso
1433 5420 1576 5491 editi:
1616 5414 1813 5489 saipta
1866 5414 1962 5491 pro

459 5486 733 5559 catholico
763 5487 1221 5559 tlogmat.*,r/idem
1271 5496 1468 5540 rectam
1501 5490 1674 5559 adhuc
1703 5486 1962 5559 proﬁten-

459 5563 530 5627 te,
564 5564 654 5607 aut
689 5558 980 5609 simulante
1007 5558 1262 5627 Gregorio
1288 5559 1504 5627 Cyprio.
1533 5558 1723 5614 Fidem
1769 5572 1815 5613 et
1845 5563 1964 5616 obc-

459 5626 718 5698 clientium
753 5628 997 5698 βωτιαῃο
1024 5626 1275 5693 Ponti/ici
1303 5626 1492 5681 emisso
1508 5631 1820 5698 jurantcnto
1843 5648 1964 5695 pro-

456 5694 677 5770 [itentur
711 5696 941 5770 Michael
970 5702 1275 5765 imperator,
1302 5708 1349 5750 et
1374 5694 1708 5770 Andronicus
1735 5701 1960 5770 collega,

464 5777 512 5818 et
548 5766 737 5821 Beccus
767 5768 1091 5835 patriarcha.
1132 5769 1510 5823 Accusationes
1544 5773 1598 5824 in
1623 5770 1846 5825 Beccum
1866 5766 1960 5825 de‘

468 5837 627 5905 lane;
655 5841 798 5910 eique
841 5838 929 5907 jus
953 5840 1274 5909 staurepegii
1311 5849 1544 5909 ereptura
1576 5840 1639 5895 ab
1668 5844 1961 5911 imperato-

2073 4648 2119 4690 ct
2157 4637 2508 4707 adiutoribus,
2545 4634 2865 4691 Meliteniate
2917 4644 2965 4690 et
3002 4635 3275 4692 Metochite
3311 4639 3653 4708 imperatorii

2074 4725 2201 4779 clari
2234 4727 2647 4791 archidiaconis,
2687 4735 2736 4780 et
2762 4727 2983 4797 Georgio
3027 4727 3242 4798 Cyprio.
3276 4727 3436 4784 Hunc
3484 4730 3652 4783 habes

2076 4819 2334 4874 catholici
2364 4820 2657 4890 degmatis,
2689 4834 2914 4889 quoque
2943 4818 3166 4874 domum
3209 4821 3418 4887 animo,
3466 4820 3663 4877 adhuc'

2073 4911 2371 4966 vindicem.

2145 5002 2278 5059 Cum
2336 5003 2607 5072 ΧέθιΙείιὲηο
2634 5005 2744 5057 viro
2778 5007 2953 5074 gravi,
3020 5020 3214 5074 magno
3250 5018 3374 5060 tunc
3400 5005 3653 5063 Ecclesia:

2072 5109 2357 5158 mconomo,
2386 5094 2508 5147 fere
2538 5104 2759 5162 pactum
2791 5094 2981 5148 inierat
3033 5094 3258 5160 Beccus.
3285 5112 3342 5150 se
3369 5099 3653 5168 haudqua-

2072 5205 2230 5259 quam
2257 5188 2656 5242 commentariis
2688 5204 2790 5259 pro
2830 5188 3090 5259 dogmate
3123 5201 3319 5245 contra
3381 5193 3647 5247 εειιίειηειο

2076 5285 2213 5335 ticos
2268 5278 2639 5335 elucubrasti-is
2692 5296 2908 5349 operam
2968 5296 3203 5351 unquam
3236 5281 3512 5346 daturum,
3578 5300 3653 5336 ne

2072 5373 2367 5442 motaejam
2416 5373 2806 5427 concern-Senes
2844 5375 3041 5425 tierent
3073 5373 3339 5429 acriores.
3391 5374 3520 5429 llzcc
3552 5376 3656 5428 ha-

2072 5467 2166 5522 bet
2194 5467 2560 5537 Pachytncres
2600 5466 2779 5534 capite
2832 5460 2900 5520 ἐξὲξ
2941 5468 3065 5524 :Ea
3101 5478 3223 5520 tunc
3273 5466 3367 5519 ille
3420 5469 3650 5531 dicebar,

2068 5561 2267 5632 quoties
2299 5563 2353 5616 in
2381 5578 2571 5615 manus
2605 5570 2836 5613 sumeret
2901 5561 3219 5615 hwrcntium
3272 5560 3446 5613 adhuc
3506 5562 3658 5612 δτΙῖὶσ

2069 5659 2232 5711 smati
2281 5654 2690 5710 commentarios
2731 5665 3032 5709 auctorum.
3097 5652 3239 5718 Quos
3298 5663 3475 5705 tamen
3529 5669 3657 5705 cum

2069 5749 2255 5801 deinde
2291 5748 2505 5818 legeret,
2536 5744 2963 5801 animadverteris
2995 5744 3218 5798 multam
3259 5760 3443 5796 eorum
3478 5743 3659 5798 labent

2073 5841 2437 5907 fraudemque,
2491 5841 2745 5907 impetum
2787 5836 3049 5893 interdum
3104 5835 3339 5903 capiebat
3378 5835 3659 5891 refutandi
