3838 6362
139 352 226 464 ἠ
1147 437 1152 440 -
1297 396 1500 457 VITA.
1545 418 1614 431 ——
1653 393 1736 455 DI

1852 391 2173 453 ERTATIO
2211 389 2263 451 Ι.
3332 393 3401 459 τι

159 515 434 590 splendide,
473 527 588 580 qua
614 511 938 566 mendaciter
970 507 1373 582 aﬁ'irmabantur
1395 547 1408 562 .
1433 546 1447 560 .
1471 546 1486 561 .
1517 506 1609 559 sed
1647 513 1722 559 te-
1751 512 1795 568 Α
1826 501 1950 555 dem
1990 516 2135 556 anno
2168 500 2326 567 {276,
2362 499 2572 557 electus
2606 500 2694 558 die
2727 501 2790 556 l5
2823 501 3191 572 Septembris,
3225 503 3398 558 dena-

161 609 370 662 ncbatur
394 623 460 660 ne
487 607 540 659 id
587 606 782 675 faceret
809 621 894 670 ea,
949 620 1111 674 quam
1138 602 1270 667 dixi,
1319 601 1547 654 ratione.
1601 595 1718 662 Qua

162 711 326 754 tamen
354 714 602 752 excussus
632 698 702 749 ad
728 705 1022 749 extremum
1060 703 1154 756 est,
1193 693 1369 747 venire
1391 700 1600 744 coactus
1653 688 1722 741 ad

160 793 561 862 experimentum
610 789 808 856 scripto
866 789 1176 858 disputandi
1237 786 1488 838 adversus
1532 790 1721 835 contra

159 885 448 939 sentientes.
501 879 641 933 Hinc
681 895 709 932 a
741 879 919 933 Becco
948 877 1150 945 scripta
1188 876 1340 945 plura
1373 875 1478 930 hoc
1509 884 1724 942 tempo-

161 995 214 1034 re
266 993 327 1032 ac
359 977 626 1043 deinceps
663 973 942 1043 prodiere,
967 988 1089 1040 qua:
1120 967 1490 1040 bibliograpbi
1527 980 1722 1046 recen-

161 1080 288 1124 Sent.
325 1068 485 1122 Edita
536 1073 782 1136 prostant
838 1063 1102 1118 nonnulla
1156 1064 1300 1131 apud
1356 1058 1614 1114 Allatium
1668 1059 1734 1118 in.

164 1161 352 1217 Gracia
398 1159 713 1224 orthodoxa,
752 1158 958 1212 tomisl
989 1168 1045 1211 et
1092 1153 1158 1209 ll.

224 1253 412 1309 Paucis
477 1249 772 1321 complecti
826 1250 990 1304 liceat
1045 1247 1382 1319 Eptgrapltas
1429 1246 1573 1316 ejus,
1630 1258 1727 1300 seu

165 1343 588 1415 Pra’scriptiones
619 1345 672 1395 in
708 1344 848 1396 dicta
875 1359 934 1396 ac
972 1341 1263 1394 sententias
1280 1350 1588 1394 sanctorum
1624 1336 1730 1392 Pa-

163 1448 311 1498 trum,
347 1453 489 1505 quas
518 1437 630 1504 ipse
655 1435 968 1500 Collegerat.
1005 1433 1186 1486 Prima
1226 1434 1417 1488 Patres
1452 1431 1618 1487 ollcrt
1649 1431 1738 1486 die

163 1542 334 1586 tentes
369 1529 634 1598 Spiritum
673 1538 916 1583 sanctum
951 1543 982 1579 a
1016 1523 1181 1590 Filio,
1217 1525 1464 1595 aliosque
1496 1540 1591 1594 per
1648 1522 1734 1578 Fi-

164 1626 330 1677 lium:
386 1623 594 1692 quibus
635 1619 948 1686 evincitur,
996 1619 1391 1690 pra'positiones
1440 1631 1507 1670 ex
1548 1627 1596 1668 et
1636 1630 1734 1686 per

161 1721 283 1772 uires
319 1717 513 1770 habere
542 1716 796 1786 «quales.
845 1714 904 1768 In
933 1714 1108 1767 altera
1140 1713 1477 1786 colliguntur
1509 1709 1734 1766 Patrum

165 1811 490 1875 testimonia,
521 1825 644 1880 quae
674 1809 1002 1862 continenter
1023 1815 1076 1858 et
1105 1805 1412 1876 immediate
1444 1802 1641 1858 Filium
1669 1818 1734 1856 ex

161 1905 312 1959 Patre
344 1920 458 1958 esse
488 1911 951 1967 commonstrant;
1003 1899 1147 1956 unde
1181 1898 1438 1962 infertur,
1471 1895 1734 1967 Spiritum

162 2008 390 2051 sanciunt
421 2013 533 2050 esse
563 2012 658 2067 per
697 1993 922 2048 Filium.
951 1992 1248 2047 Sententia:
1273 1998 1654 2059 congeruntur
1674 1994 1732 2042 in

166 2093 334 2156 tertia,
360 2107 487 2160 qua:
513 2088 717 2144 Filium
749 2099 946 2141 vocant
996 2087 1286 2156 imaginem
1315 2083 1513 2147 Patris,
1535 2093 1590 2136 et
1611 2081 1733 2154 Spi-

163 2186 310 2236 ritum
343 2192 596 2237 sanctum
628 2182 919 2250 imaginem
962 2178 1084 2233 Filii
1140 2193 1158 2232 :
1213 2178 1362 2232 hunc
1420 2177 1632 2247 ladem,
1685 2183 1732 2227 et

163 2275 515 2342 operationem
555 2271 758 2338 Patris,
822 2271 973 2324 illum
1035 2270 1398 2336 operationem
1457 2266 1733 2335 etfaciem

168 2364 306 2420 Filii.
332 2366 544 2432 Quarta
575 2362 888 2418 testimonia
939 2361 1212 2425 continet,
1247 2361 1448 2429 quibus
1498 2359 1734 2427 Spiritus

165 2458 482 2513 enuntiatur
529 2472 627 2529 per
683 2454 880 2509 Filium
925 2453 1079 2509 Patri
1136 2454 1439 2524 conjungi:
1491 2468 1553 2506 2c
1605 2453 1734 2505 ordo

166 2555 416 2608 statuitur
453 2553 509 2605 in
542 2551 831 2614 Trinitate,
867 2549 1279 2619 Scripturarutn
1325 2547 1656 2613 testimonia,
1705 2564 1736 2602 a

168 2645 414 2701 Pati-ibus
461 2644 737 2714 exposita,
767 2643 821 2697 in
854 2642 1049 2712 quinta
1094 2641 1404 2713 Epigraplta
1449 2640 1738 2694 continen-

167 2749 266 2793 tur.
300 2738 535 2792 Exhibet
577 2748 729 2792 sexta
756 2735 1080 2798 sententias,
1112 2750 1232 2803 qua:
1266 2733 1735 2804 :equipollentiant

169 2832 559 2894 demonstrant,
594 2832 710 2884 sive
743 2830 955 2884 dicatur
983 2828 1214 2899 Spiritus
1248 2844 1311 2882 ea:
1364 2827 1527 2883 Patre
1554 2844 1738 2899 proce-

170 2927 299 2988 dere,
335 2927 442 2977 sive
483 2941 546 2976 ex
583 2923 719 2977 Filio
753 2925 1009 2992 accipere.
1044 2924 1101 2975 In
1143 2922 1374 2990 septima
1403 2931 1739 2991 proslantea

173 3019 322 3076 dicta.
356 3033 481 3088 quze
532 3016 838 3080 decernunt,
870 3031 934 3067 ea:
976 3014 1134 3068 Patre
1165 3016 1429 3084 progredi,
1470 3016 1739 3085 profundi,

171 3111 328 3163 emitti
353 3108 618 3176 Spiritum
648 3117 889 3162 sanctum
920 3109 970 3160 in
1013 3108 1120 3161 illis
1152 3108 1433 3177 pericopis,
1475 3109 1527 3161 in
1557 3108 1741 3178 quibus

173 3204 308 3256 illum
342 3219 407 3256 ea:
450 3202 614 3255 Patre
643 3201 922 3270 procedere
955 3200 1231 3254 dicendum
1263 3209 1400 3253 erat.
1456 3201 1650 3271 Agitur
1687 3204 1740 3256 in

174 3309 352 3351 octava
387 3306 586 3352 contra
618 3309 715 3348 eos
745 3293 866 3364 qui,
901 3293 1190 3347 audientes
1212 3290 1471 3363 Spiritum
1501 3303 1739 3349 sanctum

174 3406 230 3442 ea
260 3387 423 3442 Patre
454 3403 570 3440 esse
607 3387 705 3455 (et
741 3401 807 3440 ex
871 3384 1009 3438 Filio
1032 3383 1141 3455 60
1188 3394 1283 3440 aut
1335 3400 1431 3456 per
1466 3383 1663 3441 Filium
1701 3392 1743 3457 ),

173 3498 440 3548 emanare,
469 3495 518 3534 et
553 3479 768 3550 egredi;
796 3493 900 3530 non
935 3477 1171 3530 divinam
1209 3473 1441 3546 Spiritus
1491 3488 1747 3533 naturam

174 3591 230 3628 ea:
249 3576 421 3629 dicina
456 3573 691 3627 essentia
723 3578 771 3624 et
811 3579 1004 3622 natura
1035 3567 1162 3623 Filii
1193 3585 1444 3624 emanare
1464 3581 1510 3626 et
1543 3571 1749 3642 effluere

171 3671 451 3722 enuntiarit
484 3682 504 3720 :
535 3665 626 3719 sed
652 3663 897 3734 spiritale
941 3664 1139 3717 donum
1207 3664 1384 3736 dignis
1441 3664 1746 3720 adveniens.

177 3760 508 3815 Testimonia
561 3757 900 3826 colliguntur
959 3754 1011 3810 in
1070 3771 1240 3822 nona,
1298 3758 1462 3827 queis
1511 3759 1750 3812 essentia:

178 3851 350 3906 Patris
380 3861 430 3904 et
470 3849 609 3904 Filii
644 3852 906 3921 qualitas,
946 3852 1098 3915 odor,
1141 3855 1326 3921 flatus,
1361 3853 1560 3908 halitus
1613 3854 1750 3909 dici-

179 3956 262 3998 tur
299 3944 540 4014 Spiritus
571 3955 843 4000 sanctus:
878 3946 1120 4014 itemque
1156 3943 1324 3999 Pater
1348 3945 1464 4016 fons
1495 3946 1750 4018 Spiritus,

174 4047 221 4090 et
251 4035 318 4090 Fi
342 4040 422 4090 ius
457 4038 575 4106 fons
611 4035 888 4106 Spiritus;
940 4037 1152 4093 decima
1211 4037 1517 4092 sententias
1567 4039 1750 4108 υσετι,

177 4146 293 4200 quae
317 4130 628 4193 enuntiant,
655 4131 710 4184 in
745 4127 939 4182 Filium
969 4129 1200 4184 transire
1232 4145 1349 4196 quia
1388 4139 1510 4184 sunt
1547 4131 1754 4199 Putris,

179 4233 404 4293 excepta
446 4224 807 4294 paternitate.
840 4222 949 4279 Eas
978 4239 1112 4280 vero
1142 4225 1433 4280 undecima
1482 4226 1753 4290 continet,

180 4317 455 4386 inquibus
482 4317 952 4387 quemadmodum
1003 4322 1253 4390 prOprius
1313 4318 1498 4374 Patris
1551 4319 1756 4375 dicitur

205 4407 366 4472 "ilius,
396 4411 468 4463 ita
502 4409 625 4463 Filii
665 4409 895 4479 Spiritus
943 4421 1180 4466 sanctus.
1220 4411 1414 4480 Agitur
1459 4411 1512 4465 in
1550 4411 1760 4468 duode-

177 4503 316 4555 cima
354 4512 541 4556 contra
571 4502 694 4557 illos
725 4503 844 4573 qui,
870 4503 1161 4558 audientes
1193 4502 1457 4574 Spiritum
1497 4521 1559 4558 ea
1583 4520 1756 4558 essen-

1825 603 2020 663 tusque
2044 609 2152 650 xvu
2181 594 2298 649 Kal.
2330 593 2478 649 Junii
2520 609 2670 648 anno
2705 594 3021 664 insequenti
3076 595 3234 652 l277.
3272 597 3408 652 Suc-

1823 687 1990 742 cessit
2015 687 2272 744 Nicotaus
2301 687 2389 753 Ill,
2426 687 2517 743 die
2550 688 2622 744 25
2655 689 2985 744 Novembris
3018 707 3034 744 :
3069 707 3180 759 quo
3208 691 3410 747 sedi-n-

1826 787 1901 846 te,
1931 777 2103 836 Grzcci
2134 782 2296 854 legati
2322 790 2701 852 pervenerunt
2725 797 2851 838 cum
2893 783 3098 840 litteris
3125 785 3408 842 Michaelis

1825 883 1880 926 et
1925 874 2224 930 Andronici
2257 875 2674 944 imperatorum,
2731 884 2788 930 et
2844 874 3076 932 Joannis
3121 876 3276 933 Becci
3314 895 3408 949 pa-

1828 965 2083 1026 triarchae
2120 983 2132 1019 :
2165 970 2368 1037 quibus
2416 977 2598 1022 ratum
2650 968 2984 1034 habebatur,
3015 968 3290 1038 quidquid
3337 974 3408 1025 ab

1828 1059 1909 1112 cis
1953 1058 2006 1112 in
2036 1059 2254 1130 negotio
2289 1059 2436 1127 pacis
2465 1061 2768 1129 expetitum
2821 1060 3027 1118 iuerat.
3061 1061 3250 1117 Refert
3314 1079 3411 1118 eas

1831 1149 2160 1216 Laurentius
2191 1151 2368 1208 Com
2429 1169 2498 1208 ex
2553 1152 2775 1220 Bzovio,
2812 1164 2871 1212 et
2913 1155 3219 1226 Rayttaldo,
3255 1167 3412 1224 parte

1833 1260 1906 1312 tv,
1935 1244 2004 1300 de
2055 1243 2373 1302 Graecorum
2423 1248 2744 1312 schismate.
2802 1250 2988 1320 capite
3045 1250 3137 1313 55,
3181 1266 3212 1305 a
3254 1265 3414 1306 nunt.

1834 1337 1993 1394 “16.
2037 1338 2184 1410 Datin
2225 1350 2356 1397 sunt
2389 1342 2583 1400 mensis
2637 1343 2855 1412 Aprilis,
2884 1345 3080 1422 quinta
3112 1344 3414 1400 indietionis

1832 1441 1979 1492 sexto
2036 1433 2256 1489 milleno
2305 1439 2530 1507 septimo
2580 1446 2804 1494 centeno
2853 1439 3176 1508 octogesimo
3231 1441 3418 1508 quinto

1834 1541 1997 1591 anno,
2037 1526 2244 1582 Christi
2286 1529 2549 1586 videlicet
2577 1531 2736 1586 1277.

1906 1619 1967 1673 1η
1997 1635 2062 1674 ea
2113 1637 2275 1690 quam
2313 1622 2522 1680 Beccus
2582 1626 2896 1694 patriarcha
2929 1628 3256 1698 scripserat,
3285 1627 3430 1696 ﬁde!

1837 1712 2088 1781 professio
2153 1714 2494 1772 Continetur.
2545 1717 2626 1774 Ad
2679 1721 3088 1788 processionem
3175 1721 3419 1792 Spiritus

1839 1806 2014 1862 sancti
2041 1808 2192 1880 quod
2228 1808 2446 1875 attinet,
2483 1811 2566 1868 sic
2587 1813 2817 1869 aiebat:
2857 1833 2874 1865 ι
2913 1812 3268 1882 Profunditur
3291 1814 3420 1886 Spi'

1844 1897 1982 1950 ritus
2037 1908 2264 1954 sanctus
2305 1902 2474 1972 (quod
2502 1905 2652 1964 enim
2708 1904 2901 1972 idem).
2934 1907 3187 1974 procedit,
3224 1921 3422 1976 quon»

1843 1987 2136 2044 admodum
2170 2011 2200 2045 a
2226 1993 2368 2061 fonte
2397 1993 2502 2049 Deo
2531 2006 2578 2049 et
2617 1995 2782 2050 Patre
2809 2015 2823 2052 :
2859 1999 3202 2067 profunditur
3229 2011 3415 2056 autem

1841 2093 1897 2136 ct
1931 2083 1996 2137 ab
2020 2085 2130 2152 ipso
2161 2086 2318 2144 Filio.
2351 2072 2814 2157 quemadmodum
2843 2109 2875 2144 a
2911 2090 3078 2159 fonte,
3113 2093 3261 2146 velut
3305 2095 3417 2148 uti-

1841 2193 1948 2246 que
1977 2193 2039 2231 ex
2079 2180 2197 2248 ipso
2224 2181 2334 2235 Deo
2362 2194 2418 2237 et
2452 2184 2631 2238 Patre.
2661 2184 2764 2240 Sed
2805 2184 3118 2242 licet‘Pater
3144 2187 3273 2241 fons
3299 2186 3422 2256 Spi-

1844 2270 1982 2323 ritus
2011 2273 2187 2325 sancti
2233 2275 2328 2338 sit,
2372 2286 2424 2328 et
2465 2275 2636 2330 Filius
2672 2277 2795 2330 lotis
2848 2279 3094 2346 Spiritus
3152 2281 3226 2332 sit
3263 2297 3275 2332 :
3308 2296 3421 2335 non

1846 2371 2027 2418 tamen
2084 2365 2187 2419 duo
2219 2369 2385 2434 {antes
2436 2369 2675 2438 Spiritus
2713 2379 2840 2424 sunt
2889 2369 3073 2434 Pater,
3122 2383 3180 2424 et
3223 2372 3421 2427 Filius.

1849 2454 2021 2509 Unum
2055 2459 2204 2512 cnim
2255 2460 2463 2529 fontem
2503 2461 2764 2530 Spiritus,
2814 2460 3029 2518 Patrem
3091 2473 3140 2518 et
3197 2462 3422 2526 Filium,

1849 2546 2027 2602 ﬁdelis
2057 2560 2114 2605 et
2148 2553 2236 2620 pia
2305 2555 2668 2626 intelligentia
2723 2564 2896 2614 tenet.
2943 2559 3006 2611 Et
3059 2567 3284 2628 propter
3317 2559 3425 2613 hoe

1846 2657 2175 2697 communem
2206 2644 2492 2711 Patrisyet
2524 2646 2656 2721 Filii
2679 2647 2937 2717 Spiritum
2965 2658 3208 2705 sanctum
3234 2651 3425 2707 Eccle-

1847 2729 1942 2785 sia:
1992 2731 2289 2790 luminaria
2343 2744 2397 2790 et
2457 2736 2715 2793 doctores
2761 2740 3223 2808 tbeologizarunt.
3266 2737 3424 2796 Sicut

1847 2821 1993 2876 enim
2027 2821 2090 2876 de
2117 2826 2416 2881 substantia
2449 2825 2627 2882 Patris
2658 2830 2980 2886 naturaliter
3010 2830 3250 2900 Spiritus
3291 2840 3375 2888 est
3407 2851 3423 2886 ς

1847 2915 1928 2970 sic
1959 2927 2014 2972 ct
2045 2919 2149 2990 61
2188 2936 2252 2974 ea:
2272 2922 2572 2977 substantia
2618 2923 2746 2980 Filii
2799 2925 3123 2980 naturaliter
3184 2926 3426 2996 Spiritus

1847 3018 1966 3073 est;
2009 3009 2155 3065 sicut
2191 3012 2494 3067 sccundmn
2530 3015 2896 3070 substantiam
2938 3015 3058 3072 Filii
3099 3016 3339 3083 exsistit,
3369 3026 3430 3074 es

1852 3099 1974 3171 (sic)
2016 3104 2276 3176 proprius
2303 3116 2387 3160 est
2445 3107 2702 3164 essentne
2763 3106 2962 3176 Patris,
2993 3119 3048 3166 et
3116 3127 3223 3167 non
3271 3120 3428 3166 extra

1851 3193 1993 3250 hanc
2022 3199 2271 3265 procedit
2325 3199 2379 3252 in
2416 3214 2558 3256 esse.
2590 3199 2936 3256 Naturalium
2963 3202 3114 3260 enim
3149 3203 3426 3261 bonorum

1771 3255 1816 3311 ε
1847 3287 1942 3343 Dei
1967 3298 2024 3343 ct
2061 3289 2240 3346 Patris
2263 3293 2624 3348 essentialiter
2656 3295 2933 3352 essistens
2975 3296 3149 3354 Filius
3196 3313 3431 3354 commu-

1848 3383 2078 3448 nicator,
2107 3384 2261 3439 liabet
2325 3386 2620 3457 Spiritum.
2657 3406 2676 3441 υ
2712 3390 2793 3446 Ad
2826 3387 3016 3461 operis
3051 3390 3433 3461 complemcno

1849 3485 1964 3529 tum
1997 3492 2167 3532 novos
2184 3478 2445 3535 Nicolaus
2463 3481 2533 3536 ιιι
2561 3481 3272 3555 tuisitCoastantlnopolitn
3296 3499 3426 3540 cum

1843 3568 2052 3623 litteris
2085 3573 2311 3629 nuntios
2344 3589 2492 3630 anno
2529 3575 2686 3632 1278.
2743 3577 3006 3644 Quaenam
3043 3578 3340 3634 instructio
3397 3595 3432 3632 a

1849 3660 1981 3716 sede
1997 3663 2298 3733 apostolica
2326 3665 2537 3724 eisdem
2567 3667 2696 3725 data
2713 3669 2902 3735 luerit,
2931 3685 3164 3727 numero
3177 3672 3434 3741 sequenti

1851 3754 2171 3812 dicendum.

1927 3847 2016 3902 IV.
2048 3849 2212 3906 Becci
2265 3851 2592 3921 patriarcha
2647 3861 2874 3912 erectus
2933 3855 2991 3910 in
3047 3858 3434 3926 promerendo

1855 3941 2238 4013 ﬁrmandaque
2270 3945 2431 4014 pacis
2479 3946 2704 4015 negotio
2733 3947 2956 4002 animus
2990 3949 3207 4004 animos
3260 3950 3438 4020 pluri-

1857 4046 2069 4086 morum
2098 4032 2152 4086 in
2187 4048 2246 4087 se
2271 4033 2664 4090 concitaverat.
2700 4034 2820 4106 Ipse
2856 4037 3144 4102 imperator
3202 4037 3440 4111 (Pachy-

1858 4125 2024 4180 meris
2079 4125 2264 4183 verbis
2297 4138 2448 4193 utor,
2484 4127 2629 4182 libro
2675 4143 2750 4194 vr,
2807 4129 2989 4198 capite
3046 4129 3156 4199 10),
3187 4130 3437 4186 studebat

1857 4221 2090 4272 nancisci
2129 4220 2346 4275 modum
2375 4222 2657 4276 hebetandi
2692 4222 2859 4276 aciein
2907 4224 3081 4288 nimii,
3113 4239 3218 4292 quo
3235 4223 3437 4280 dudum

1858 4312 2240 4386 oﬁ'endebatur,
2266 4313 2368 4367 zeli
2398 4315 2746 4384 patriarchae.
2797 4333 2814 4364 ι
2867 4313 3058 4384 Itaque
3085 4315 3309 4370 evolutis
3338 4334 3434 4372 au-

1861 4403 1940 4454 nis
1967 4411 2220 4472 quatuor,
2255 4417 2322 4457 ex
2360 4418 2470 4472 quo
2493 4402 2736 4459 Joannes
2776 4404 3190 4473 patriarcltatus
3222 4408 3438 4462 honoro

1860 4491 2230 4560 praecellebat,
2270 4509 2445 4546 mense
2473 4491 2794 4559 Februario,
2827 4497 2967 4548 κατᾶ
3003 4497 3151 4565 μῆνα
3178 4497 3441 4565 Ληναιῶ-

176 4594 248 4646 tia
285 4593 419 4648 Filii
449 4611 581 4659 esse,
617 4595 941 4650 contendunt
1005 4595 1154 4650 aliud
1185 4612 1294 4650 esse
1325 4612 1390 4650 ex
1427 4599 1675 4661 essentia,
1706 4611 1743 4650 et

1860 4599 1947 4649 να,
1978 4584 2215 4654 septima!
2241 4585 2564 4650 indictionis,
2593 4602 2787 4657 graves
2811 4588 2863 4641 in
2893 4604 3020 4644 eum
3049 4592 3440 4646 accusationes

177 4687 329 4740 aliud
360 4703 421 4739 ex
457 4689 740 4758 hypostasi.
785 4687 912 4759 Αδὶι
963 4689 1187 4744 demum
1226 4690 1386 4745 tertia
1416 4689 1628 4759 decima
1656 4689 1755 4745 adv

179 4795 402 4834 versum
432 4798 548 4851 eos,
573 4783 663 4851 qui
695 4780 902 4837 audent
937 4783 1121 4838 dicere
1157 4801 1171 4836 :
1197 4783 1494 4846 Emanare,
1525 4793 1575 4836 et
1631 4801 1756 4856 pro—

175 4874 350 4940 gredi,
398 4885 444 4927 et
479 4873 745 4944 effulgere,
780 4884 829 4926 et
861 4892 1117 4945 apparere
1153 4892 1216 4928 ea:
1273 4874 1412 4929 Filio
1472 4876 1762 4945 Spiritum.

180 4979 280 5015 non
316 4967 553 5018 indicare
588 4967 734 5019 illum
796 4984 907 5021 esse
936 4969 1388 5036 substantialiter,
1449 4978 1497 5023 et
1553 4972 1606 5024 in
1656 4987 1759 5024 sua

177 5061 543 5127 bypostasiea:
600 5057 780 5122 Filio,
813 5062 906 5112 sed
958 5061 1326 5130 spiritualium
1381 5063 1642 5122 donorum
1699 5079 1762 5116 ex

180 5152 291 5218 ipso
347 5152 791 5207 distributionem.
851 5153 1030 5206 Cedro
1085 5155 1272 5222 utique
1323 5152 1547 5223 dignum
1601 5169 1762 5224 opus.

181 5245 307 5300 Hac
334 5245 524 5315 eadem
563 5261 712 5308 vero,
745 5261 868 5317 quas
903 5249 959 5300 in
999 5246 1103 5301 hoc
1133 5245 1313 5316 Opere
1349 5256 1619 5316 prostant,
1664 5248 1763 5302 ad-

184 5338 336 5391 hibet
371 5355 601 5407 magnus
627 5338 886 5393 Petavius
931 5349 1276 5410 argumenta,
1336 5341 1648 5405 confirmat,
1705 5349 1764 5395 et

183 5434 420 5485 illustrat
454 5434 598 5486 libro
638 5449 732 5487 rm
767 5432 840 5485 De
871 5430 1148 5487 Trinitate.

256 5523 347 5576 lll.
385 5524 494 5577 Pro
532 5521 949 5578 confirmatione
985 5524 1208 5578 unionis
1241 5538 1366 5578 cum
1401 5521 1590 5578 Latina
1611 5523 1762 5578 Grae-

184 5633 256 5670 ca.
307 5615 590 5680 Ecclesiae,
648 5615 858 5686 legatos
885 5614 952 5668 ad
991 5613 1308 5670 Micbaclem
1343 5615 1760 5684 imperatorem,

188 5721 237 5761 et
289 5709 694 5770 Andronicum,
763 5722 827 5760 ac
889 5705 1152 5761 Joannem
1207 5707 1577 5775 patriarcbam
1614 5722 1763 5762 anno

193 5798 324 5853 1276
350 5800 730 5869 designaverat
787 5797 1141 5851 innocentius
1182 5797 1245 5852 V.
1277 5798 1446 5852 Adire
1490 5797 1763 5853 Constrin-

195 5891 468 5963 tinopolim
503 5891 667 5963 jussit
697 5905 794 5945 eos
820 5889 1062 5943 Joannes
1093 5887 1210 5948 XX.
1237 5890 1419 5945 dictus
1477 5888 1612 5956 XXI,
1672 5908 1763 5946 co-

506 5991 774 6047 l'at‘uot.
827 5983 872 6043 (i
888 6003 947 6044 n.
997 5982 1227 6044 CXL“.

1860 4694 1886 4726 a
1919 4677 2252 4744 quibusdam
2288 4696 2318 4732 e
2345 4679 2494 4733 clero
2534 4679 2847 4734 conﬂantur
2883 4699 2895 4734 :
2967 4681 3264 4736 tnettdaces
3326 4682 3440 4738 illus

1859 4769 2081 4840 quidem
2110 4786 2174 4825 ac
2209 4771 2368 4840 plane
2399 4773 2611 4834 inanes.
2649 4788 2760 4826 non
2791 4784 2971 4827 tamen
2997 4775 3269 4845 ejusmodi
3297 4791 3439 4844 quas

1859 4877 2004 4933 aegre
2041 4863 2344 4932 imperator
2377 4863 2716 4920 admitteret.
2788 4883 2806 4916 s
2843 4867 3061 4933 Annum
3101 4865 3234 4922 1279
3270 4867 3440 4922 allicit

1863 4953 2076 5008 indictis
2107 4955 2352 5025 septima.
2387 4955 2562 5030 Hujus
2607 4956 2736 5010 anni
2771 4956 2862 5010 die
2927 4957 2962 5010 2
3016 4958 3224 5018 mensis
3280 4959 3428 5014 Junii

1865 5057 2100 5118 quatuor
2129 5052 2328 5120 integri
2355 5051 2766 5120 patriarchatus
2786 5051 2916 5106 anni
2948 5055 3353 5123 capiebantur;
3382 5066 3438 5109 at

1863 5159 2040 5196 mense
2072 5142 2372 5198 Februario
2395 5144 2763 5215 praecedente,
2814 5149 3196 5204 accusationes
3244 5159 3439 5204 contra

1865 5237 2101 5291 Beecum
2132 5237 2347 5293 delatae.

1937 5331 2330 5386 Patriarchalia
2358 5332 2507 5402 jura,
2543 5348 2667 5404 qua:
2708 5335 3141 5406 σταυροπηγίου,
3165 5346 3447 5406 staurope-

1865 5422 1938 5492 gii
1964 5422 2331 5491 appellantur,
2364 5426 2618 5480 minuere
2654 5429 2884 5480 tentavit
2934 5428 3163 5484 Michael
3203 5432 3444 5499 impera—

1862 5528 1974 5579 tor,
2009 5515 2230 5569 Novella
2263 5520 2409 5583 data,
2444 5533 2550 5588 qua
2584 5520 2987 5576 decernebatur
3035 5539 3048 5575 :
3084 5533 3138 5575 ut
3189 5540 3305 5590 quin
3334 5525 3448 5576 ubi-

1867 5623 2091 5671 cunque,
2133 5610 2214 5662 vel
2249 5611 2608 5682 cujuscunque
2643 5614 2784 5667 modi
2821 5617 2960 5682 loca,
3004 5616 3084 5670 uel
3124 5619 3449 5672 monasteria

1867 5703 2188 5769 patriarchcc
2237 5707 2336 5758 uni
2394 5707 2654 5777 subjecta.
2686 5718 2902 5762 eatenus
2953 5713 3333 5773 censebantur,
3387 5728 3450 5767 ett

1867 5797 2110 5866 deinceps
2139 5799 2418 5869 episcopis,
2463 5818 2686 5871 quorum
2718 5806 2951 5874 prapria:
2981 5806 3211 5859 diwcesis
3259 5816 3446 5868 essent,

1859 5890 1985 5959 jure
2029 5892 2298 5946 ordinario
2357 5895 2712 5966 subjaccrent.
2778 5899 2852 5953 De
2910 5898 3082 5955 hocce
3127 5901 3454 5972 staut'opegil

2987 5989 3020 6051 3
