3838 6362
349 385 426 451 75
1299 377 1630 448 GEORGII
1675 383 1934 448 CYPRIl

2066 436 2076 449 .
2116 385 2636 452 PATRMRCHIE
3549 390 3618 458 7G

347 499 473 571 jure
503 495 616 569 agit
640 494 1014 553 eruditissime
1047 494 1290 553 Jacobus
1304 496 1451 553 Goar
1477 496 1531 552 in
1567 496 1932 567 Euclioiogio,
1961 501 2013 562 Α

352 590 449 645 ubi
485 600 598 644 tum
628 588 926 644 Martinum
955 588 1238 656 Crusium,
1275 589 1406 644 licet
1439 588 1844 653 Lutheranum,
1905 603 1935 645 a

349 683 539 740 Jacobi
574 681 819 739 Gretseri
854 682 1045 738 critica
1073 683 1386 746 ulciscitur.
1450 692 1566 738 tum
1609 685 1775 738 etiam
1809 698 1934 754 per-

354 776 580 849 stringit
601 775 833 832 bleursii
862 776 1237 832 oscitantiam.
1255 775 1406 830 Cum
1433 774 1643 846 Goario
1683 773 1938 831 ‘Micliael

353 868 672 938 Lequienus
749 871 806 924 in
878 867 1257 941 patriarchatu
1317 866 1938 940 Constantinopolitano

353 958 533 1030 capite
562 959 650 1026 16,
684 973 713 1014 a
737 975 892 1015 nunt.
935 959 966 1014 7
1021 957 1184 1014 docet
1242 975 1256 1012 :
1293 958 1638 1028 patriarchas
1693 955 1940 1014 Orientis

353 1066 571 1118 omnes,
608 1065 1064 1122 unumquemque
1103 1052 1288 1106 in-suo
1303 1050 1813 1121 patriarchatu,‘ea
1843 1063 1942 1105 au-

355 1145 614 1201 ctoritate
633 1145 1318 1217 potiri,mt-stauropegio,
1351 1144 1501 1215 quod
1525 1155 1611 1199 est
1647 1146 1814 1199 crucis
1846 1144 1943 1198 de-

353 1237 506 1307 ﬁsio,
537 1253 641 1295 suo
667 1238 874 1310 poterio
898 1279 913 1304 ,
949 1237 1566 1302 condantur‘ecclesiie,
1606 1251 1672 1293 ac
1699 1251 1941 1309 prcser-

357 1333 454 1388 tim
487 1331 824 1388 monasteria
847 1347 864 1397 ;
891 1339 1400 1402 .eaqucpropterea
1429 1345 1624 1385 eorum
1683 1327 1940 1402 regimini

355 1423 575 1482 subsint
602 1425 854 1491 omnino,
887 1425 959 1480 ab
989 1424 1238 1496 episcopi
1273 1422 1841 1494 ordinarii-potestate
1867 1421 1944 1478 li-

357 1519 514 1575 bera.
548 1515 650 1576 lus
674 1517 822 1573 istud
859 1517 1194 1588 patriarchis
1221 1532 1251 1571 a
1299 1515 1568 1572 Miciiaele
1602 1515 1939 1582 detractum,

358 1610 462 1668 soli
494 1620 683 1683 postea
712 1608 1311 1678 Constantinopolitano
1335 1611 1580 1679 episcopo
1601 1610 1656 1663 in
1681 1608 1944 1664 omnibus

308 1772 312 1776 η
361 1706 448 1762 sui
494 1706 902 1778 patriarchatus
936 1703 1240 1774 provinciis
1273 1702 1550 1758 redditum
1585 1701 1759 1758 fuisse
1786 1703 1944 1758 evin-

359 1807 496 1855 cunt
524 1798 629 1855 viri
695 1798 843 1856 ducti
875 1814 947 1855 ex
978 1796 1235 1855 blattth
1296 1798 1546 1856 Blastare
1593 1800 1661 1854 ad
1700 1797 1942 1855 litteram

2109 497 2399 572 Camateri.
2471 499 2748 572 Genninus
2806 498 3374 572 anathematismorum
3413 520 3615 572 sensus,

2108 586 2238 646 quos
2268 571 2468 646 publica
2509 573 2563 626 in
2593 571 3103 646 Ecclesia_legendos
3151 572 3485 628 instruxerat
3514 571 3618 646 ipse

2110 638 2327 695 Beccus.
2353 640 2584 696 Mortem
2619 641 2726 697 obit
2789 638 3020 697 Michael
3075 646 3407 711 imperator:
3441 638 3619 700 nbi'de

2109 727 2251 766 anno
2276 711 2562 788 emortuali
2593 713 2798 788 agitur.
2841 713 3082 767 Succedit
3136 714 3494 788 Andronicus,
3533 718 3619 788 qui

2109 789 2374 859 statutam
2401 782 2764 859 Ecclesiarum
2803 799 2984 859 pacem
3033 785 3233 855 rumpit
3265 803 3285 839 :
3333 782 3618 859 iterumque

2099 854 2302 907 secedit
2331 851 2529 907 Beccus
2559 855 2613 908 in
2654 851 3061 909 monasterium.

2101 959 2154 1018 'I.
2192 981 2216 1016 ι
2254 963 2481 1020 Duobus
2525 965 2814 1022 mensibus
2860 967 3048 1037 (verba
3073 977 3203 1024 sunt
3242 971 3618 1044 Pacliymcris,

2041 1057 2221 1127 capite
2245 1057 2336 1129 l3)
2371 1060 2572 1132 agitata
2599 1062 2922 1131 patriarclne
2944 1066 3213 1117 accusatio
3264 1065 3446 1120 fuerat
3479 1083 3493 1120 :
3523 1080 3619 1121 nec

2040 1146 2344 1218 quidquam
2377 1149 2795 1218 proﬁciebatur.
2816 1191 2830 1206 .
2858 1192 2874 1207 .
2900 1149 3084 1206 Mense
3107 1151 3329 1219 Martio,
3359 1157 3497 1209 circa
3521 1171 3623 1210 me-

2038 1241 2190 1297 dium
2209 1241 2880 1316 Quadragcnariijejunii.
2919 1247 3092 1318 μηνὸς
3131 1248 3391 1317 Κρονίου,
3416 1250 3621 1321 ,μεσού-

2043 1347 2145 1404 σης
2173 1333 2567 1402 νηοπίας.-ιηο
2597 1334 2764 1408 hujus
2815 1335 3091 1392 ﬁistoria:
3123 1338 3457 1410 scriptorem
3507 1340 3623 1411 (Pa-

2040 1424 2384 1498 chymerem)
2417 1426 2580 1498 iussit
2609 1427 2857 1486 libellum
2908 1428 3278 1485 abdicationis
3329 1448 3442 1488 sua:
3491 1447 3624 1488 con-

2051 1521 2298 1575 scribere
2330 1536 2344 1574 :
2384 1535 2548 1590 quem
2578 1535 2702 1576 cum
2735 1523 3380 1592 inperatoriobtulisset,
3429 1524 3522 1580 illo
3557 1524 3627 1581 si-

2044 1609 2291 1667 mulante
2315 1624 2378 1665 se
2401 1625 2508 1665 non
2531 1611 2807 1682 accipere,
2827 1615 3092 1670 continuo
3111 1616 3375 1670 recedens
3401 1614 3456 1670 in
3487 1613 3628 1669 Pea-

2045 1699 2321 1754 achrantar
2357 1702 2760 1757 monasterium
2811 1717 2872 1758 se
2919 1703 3162 1759 abdidit.
3201 1723 3218 1756 ι
3255 1703 3414 1759 Anno
3471 1704 3626 1771 £279,

2047 1807 2268 1848 sacrum
2302 1792 2510 1850 Pascha
2536 1793 2621 1849 die
2645 1793 2682 1850 2
2737 1794 2941 1868 Aprilis
2973 1796 3314 1853 celebratum
3369 1797 3495 1862 fuit,
3569 1806 3628 1854 ut

360 1893 430 1961 Π,
463 1907 586 1965 cap.
616 1893 673 1961 3,
706 1893 801 1964 qui
831 1905 982 1948 anno
1013 1891 1152 1950 1335
1186 1891 1354 1948 vitam
1404 1891 1604 1964 agebat
1633 1890 1946 1948 acribebat-
1974 1917 2020 1977 Β
2047 1885 2328 1956 colligitur
2351 1891 2419 1943 ex
2478 1886 2662 1943 littera
2720 1886 3047 1945 Dominicali
3080 1892 3146 1956 Α,
3188 1900 3247 1946 et
3299 1891 3444 1962 cyclo
3494 1891 3630 1947 tunc

361 2001 492 2058 que.

431 2079 500 2137 ν.
535 2077 1076 2150 Constantinopolim
1105 2078 1302 2136 eodem
1327 2093 1474 2134 anno
1516 2079 1656 2135 ηπ)
1683 2091 1950 2150 pervene-

360 2182 491 2229 rant
520 2172 728 2238 nuntii,
759 2187 902 2242 quos
954 2186 1104 2227 anno
1155 2171 1506 2244 praecedente
1567 2169 1830 2226 Nicolaus
1878 2166 1948 2223 lll

348 2265 774 2324 transmiserat.
810 2263 870 2318 ln
898 2278 985 2330 ea,
1013 2279 1180 2335 quam
1231 2279 1263 2320 a
1309 2265 1419 2336 62
1473 2266 1606 2320 sede
1642 2263 1948 2335 apostolica

359 2369 692 2431 acceperant
749 2359 1158 2421 instructions,
1205 2358 1324 2414 haec
1385 2361 1554 2414 etiam
1617 2358 1948 2413 habentur:

366 2469 386 2504 ι
421 2450 601 2522 Super
633 2465 723 2518 eo,
795 2451 945 2520 quod
999 2451 1186 2507 dictus
1237 2449 1542 2521 imperator
1589 2451 1646 2504 in
1699 2449 1944 2520 praelatis

359 2544 481 2601 suis
520 2543 728 2599 litteris
758 2543 1010 2615 petit,ut
1034 2542 1277 2598 Ecclesia
1303 2542 1608 2599 ercorum
1639 2542 1779 2594 dicat
1819 2557 1948 2595 san-

356 2652 500 2694 ctum
533 2635 876 2710 Symbolum,
927 2638 1065 2692 sicut
1110 2637 1317 2693 dicebat
1352 2642 1447 2691 hoc
1505 2647 1630 2691 ante
1681 2637 1948 2704 schisma,

360 2730 802 2800 respondendum
837 2739 944 2794 cst,
999 2727 1147 2800 quod
1181 2730 1365 2784 unitas
1414 2727 1551 2784 fidei
1590 2746 1701 2785 non
1740 2729 1952 2801 patitur

358 2824 742 2880 diversitatem
777 2823 834 2878 in
880 2821 1326 2893 professionibus
1371 2819 1522 2876 suis.
1547 2862 1595 2877 ..
1620 2829 1676 2877 et
1713 2822 1951 2877 maxime

358 2919 814 2974 inodecantatione
837 2915 1108 2989 Symbali.
1141 2957 1157 2971 .
1183 2956 1200 2973 .
1232 2919 1298 2972 Et
1333 2917 1457 2972 ideo
1500 2915 1835 2972 deliberavit
1863 2932 1956 2972 ca-

357 3012 482 3066 dem
517 3011 767 3068 Romana
801 3009 1072 3075 Ecclesia,
1109 3017 1166 3064 et
1219 3011 1361 3076 vult,
1399 3009 1579 3080 ipsum
1615 3024 1742 3068 cum
1774 3009 1957 3083 adjec-

362 3105 510 3160 tioue
537 3105 653 3168 illa,
695 3101 956 3174 Filioque,
993 3113 1158 3157 tame
1193 3102 1431 3171 Latinis,
1468 3117 1637 3172 quam
1667 3116 1696 3156 a
1751 3100 1955 3160 Graecis

359 3196 714 3254 uniformiter
738 3194 1046 3252 decantari.
1087 3213 1113 3246 -ι

2049 1994 2147 2035 vn.
2192 1977 2328 2035 Hinc
2345 1979 2674 2050 patriarchae
2695 1995 2950 2037 secessus
2977 1982 3183 2039 accidit
3214 1999 3390 2038 mense
3409 1982 3626 2052 Martia,

2048 2074 2191 2128 circa
2226 2073 2456 2130 medium
2505 2073 2942 2145 Quadragcnarii
2983 2076 3204 2147 jejunii.

2121 2167 2257 2223 Rem
2295 2167 2601 2239 pontificiis
2627 2167 2842 2240 legatis.
2868 2169 2965 2240 qui
2995 2170 3142 2240 regia
3175 2170 3233 2226 in
3264 2171 3400 2227 urbe
3452 2171 3631 2227 diver-

2051 2261 2337 2327 sabantur,
2373 2262 2745 2332 gratissimam
2778 2262 3056 2319 iacturum
3123 2279 3184 2320 se
3237 2266 3397 2321 duxit
3439 2266 3628 2338 Augu-

2051 2365 2191 2418 stus,
2231 2355 2278 2410 si
2302 2355 2672 2426 patriarcham
2710 2355 2892 2412 liberat
2922 2373 3035 2412 sute
3058 2359 3334 2429 potestatis
3369 2358 3630 2428 functioni

2054 2451 2376 2505 restitueret.
2413 2468 2432 2502 ί
2474 2449 2597 2519 Egit
2640 2465 2774 2521 ergo
2824 2466 2948 2506 cum
2983 2449 3158 2505 Becco
3193 2451 3278 2519 (ut
3317 2451 3394 2506 ait
3428 2451 3635 2524 Pachy-

2053 2558 2232 2597 meres
2257 2543 2435 2612 capite
2476 2543 2563 2614 l7)
2596 2559 2791 2612 rogans
2826 2545 2988 2598 etiam
3013 2555 3182 2614 atque
3204 2543 3398 2610 etiam,
3420 2553 3482 2600 ut
3507 2560 3635 2600 cou-

2053 2634 2282 2688 donaret
2315 2633 2752 2701 (accusatoribus
2807 2633 2947 2694 suis)
2975 2649 3196 2688 noxam.
3232 2633 3354 2690 Non
3390 2633 3584 2690 abnuit
3615 2652 3631 2691 :

2053 2737 2110 2781 et
2132 2739 2411 2792 assensus,
2439 2723 2546 2794 iam
2583 2724 2782 2780 studiis
2811 2734 3160 2789 cunctorum,
3201 2725 3285 2780 die
3309 2736 3458 2782 sexta
3494 2745 3637 2782 men-

2054 2822 2123 2874 sis
2148 2819 2394 2889 Augusti,
2427 2817 2812 2884 Ποσειδεῶνος,
2855 2820 3093 2889 ejusdem
3144 2821 3440 2892 (septimae)
3494 2823 3634 2875 indi-

2057 2913 2270 2978 etionis,
2303 2911 2590 2981 splendido
2619 2910 2892 2966 deductus
2919 2911 3183 2968 comitatu
3207 2922 3544 2980 senatorum,
3577 2925 3638 2970 et

2058 3003 2322 3058 Ecclesia:
2355 3018 2671 3074 procerum,
2717 3004 2771 3057 in
2811 3004 3079 3074 palatium
3113 3007 3481 3076 patriarchale
3532 3009 3637 3064 ite-

2059 3116 2180 3154 rum
2217 3099 2447 3153 solemni
2477 3098 2586 3151 ritu
2610 3097 2864 3152 invectus
2898 3107 3002 3153 est.
3043 3115 3061 3150 ι
3095 3099 3291 3156 Annus
3342 3115 3465 3156 atrae
3519 3101 3637 3156 vul-

2061 3195 2206 3265 garis
2239 3194 2374 3249 1‘279
2405 3193 2717 3248 labebatur.
2935 3199 2940 3203 '

427 3291 658 3346 Munere
687 3304 788 3344 suo
820 3288 1119 3358 iungentes
1149 3267 1945 3360 legati,‘serioimpcratoriet
1974 3265 2020 3328 ο
2120 3288 2192 3346 ll.
2246 3290 2605 3345 Conticiendo
2652 3291 3148 3363 elucubrandoque
3201 3292 3411 3362 scripto
3469 3308 3635 3364 opera

358 3381 566 3437 Graecis
597 3380 996 3437 denuntiarunt
1029 3397 1043 3434 :
1075 3377 1226 3433 initae
1266 3378 1423 3449 pacis
1449 3380 1640 3449 pignus
1689 3380 1941 3434 idoneum

361 3469 494 3549 fore,
526 3480 571 3532 si
603 3485 653 3531 et
704 3475 810 3547 ipsi
842 3471 1171 3545 Symbolum,
1218 3475 1353 3528 sicut
1390 3469 1594 3539 Latini,
1628 3474 1944 3544 pronuntia—

359 3578 500 3624 rent.
520 3567 660 3625 .lleec
680 3565 1046 3638 Pacliymeres
1080 3573 1266 3620 narrat
1321 3564 1467 3620 libro
1502 3580 1575 3630 vi,
1609 3567 1790 3635 capite
1853 3565 1940 3622 ll.

359 3663 753 3734 Episcopostet
788 3659 998 3714 clerum
1037 3659 1355 3713 universum
1404 3667 1673 3713 convocat
1710 3658 1947 3728 impera-

365 3768 450 3813 tor
497 3770 684 3826 :quos
707 3753 1052 3811 certissimos
1101 3750 1287 3806 reddit
1345 3766 1638 3822 passurutn
1692 3765 1753 3805 se
1797 3767 1943 3804 nun-

361 3863 551 3921 quam,
578 3846 843 3919 Symbolo
871 3845 1158 3916 quidpiam
1191 3844 1385 3901 inseri.
1418 3844 1567 3899 Inter
1591 3843 1697 3898 alia
1733 3844 1849 3899 haec
1885 3843 1946 3899 in

360 3945 485 4017 ejus
511 3943 848 3998 allocutione
903 3939 1178 3994 habentur
1209 3939 1334 3994 loco
1391 3939 1566 3995 citato
1626 3939 1805 4008 capite
1835 3937 1901 3991 i5
1931 3953 1947 3991 :

368 4055 388 4089 ι
425 4035 695 4104 Quoniam
725 4049 866 4088 vero
900 4044 1207 4086 nostrorum
1237 4032 1485 4100 quidam,
1543 4030 1748 4100 quibus
1782 4028 1949 4082 nimi-

364 4145 488 4184 rum
517 4127 808 4183 dissidiuin
841 4125 995 4180 cordi
1037 4135 1145 4187 est,
1205 4123 1393 4177 nescio
1419 4138 1524 4192 qua
1566 4121 1700 4174 moti
1752 4135 1941 4186 causa,

363 4239 489 4280 cum
529 4224 706 4293 [rc-riis
762 4219 1052 4290 (fratribus
1111 4213 1412 4285 pontificiis
1483 4214 1741 4282 nuntiis),
1798 4211 1945 4282 apud

366 4317 604 4371 Peraeam
641 4311 943 4383 congressi,
981 4309 1244 4363 dixerunt
1274 4323 1289 4360 :
1329 4307 1466 4360 nihil
1514 4306 1618 4361 nisi
1645 4304 1944 4359 ludibrium

362 4421 412 4466 ct
448 4408 690 4484 fraudem
723 4407 860 4460 hanc
913 4417 1102 4475 pacem
1129 4416 1239 4455 esse
1257 4415 1278 4465 ;
1322 4408 1385 4454 et
1440 4399 1546 4454 hoc
1609 4391 1946 4470 iniprbdenti

363 4503 515 4555 dicto
572 4497 784 4553 Latinis
819 4496 1169 4550 occasionem
1226 4492 1583 4560 praebuerunt
1617 4488 1946 4561 exquirendi

366 4595 487 4666 plus
513 4592 736 4663 aliquid,
783 4598 842 4644 ut
880 4589 1270 4656 experimento
1324 4585 1465 4641 satis
1495 4595 1653 4640 certo
1703 4593 1948 4648 constet,

365 4687 508 4742 seria
551 4699 614 4740 ac
648 4695 777 4737 vero
807 4696 921 4736 rem
967 4688 1246 4749 peractam
1284 4693 1297 4729 :
1365 4676 1513 4732 unde
1578 4676 1716 4742 haec,
1785 4689 1951 4746 quam

365 4779 606 4835 audituri
639 4791 765 4831 mox
796 4788 1010 4837 sumus,
1047 4772 1247 4843 legatio
1285 4782 1411 4826 nata
1441 4780 1547 4838 eSt,
1592 4769 1753 4842 cujus
1829 4783 1951 4825 sco-

365 4888 494 4943 pum
530 4866 870 4940 praecipuum
903 4879 1028 4920 esse
1084 4864 1353 4934 comperi,
1429 4861 1535 4918 hoc
1567 4863 1716 4934 quod
1778 4861 1949 4916 modo

366 4964 478 5017 dixi
509 4977 538 5015 a
579 4959 739 5014 nobis
789 4956 1016 5026 exigere
1038 4995 1052 5010 .
1080 4993 1095 5010 .
1121 4993 1135 5008 .
1194 4955 1312 5025 Ego
1346 4963 1536 5010 sancte
1564 4952 1866 5025 polliceor.
1889 4991 1902 5005 .
1932 4991 1946 5006 .

367 5054 653 5126 profiteor,
683 5060 740 5106 et
762 5051 1049 5105 verissime
1083 5048 1344 5119 promitto
1403 5047 1642 5115 rigorem
1680 5044 1953 5103 inﬂexibi-

366 5151 473 5202 lem
507 5161 682 5216 usque
705 5145 774 5197 ad
800 5144 1154 5198 exclusione»:
1182 5141 1268 5196 uel
1292 5143 1434 5204 ioue,
1468 5141 1549 5195 uel
1572 5141 1737 5212 apicis
1766 5141 1950 5196 unius.

367 5243 442 5295 De
475 5239 581 5294 hoc
622 5236 759 5293 certi
791 5246 989 5299 estote,
1017 5235 1071 5288 in
1101 5233 1249 5303 quod
1287 5235 1357 5287 do
1397 5234 1554 5289 vobis
1613 5233 1777 5287 fidem
1826 5233 1949 5301 pie-

367 5333 675 5390 nissimam.
731 5351 748 5383 ι
1403 5332 1405 5335 ·

917 5473 1026 5546 63
1059 5474 1281 5531 CAPUT
1315 5473 1380 5528 v.

367 5611 560 5668 Recens
588 5611 894 5682 patriarcha
934 5611 1122 5662 secedit
1156 5611 1208 5663 in
1240 5609 1614 5662 monasterium
1644 5648 1657 5670 ,
1695 5625 1759 5682 ac
1789 5607 1948 5682 paulo

433 5692 556 5752 post
588 5677 643 5735 in
693 5684 829 5736 ardes
880 5681 1278 5752 patriarcltales
1341 5682 1646 5732 revertitur.
1681 5677 1949 5752 Subdolns

433 5751 717 5820 con/icitur
754 5751 980 5809 libellus.
1039 5753 1275 5804 Romano
1335 5751 1572 5820 pontiﬁci
1631 5751 1946 5820 oﬁerendus.

439 5826 651 5893 Scripta
700 5825 902 5894 reponit
937 5824 1152 5884 Beccus,
1182 5839 1390 5894 summa
1425 5836 1648 5894 quorum
1685 5821 1946 5894 iaﬂ‘ertur,

435 5914 500 5950 ac
533 5890 834 5950 illustratur
859 5910 876 5948 :
901 5898 1183 5965 agiturque
1213 5894 1274 5945 tle
1305 5890 1623 5946 Hoolotlteca
1659 5891 1947 5946 Andronici

1986 4631 2033 4691 D

2053 3380 2500 3452 impendebatur.
2536 3396 2646 3452 quo
2671 3381 2871 3437 summi
2908 3380 3183 3452 pontificis
3209 3382 3506 3444 mandatis,
3539 3398 3640 3452 per

2054 3474 2263 3544 legatos
2327 3475 2680 3540 renuntiatis,
2753 3475 3072 3529 satistieret.
3123 3474 3291 3528 Error
3345 3475 3513 3530 cubat
3583 3477 3638 3529 in

2060 3577 2207 3620 textu
2243 3565 2432 3622 (ἔγειροο
2459 3567 2835 3638 Pacliymeris,
2873 3567 2964 3622 ubi
3033 3567 3274 3622 Urbanus
3308 3567 3509 3639 legitur
3541 3584 3640 3638 pro

2062 3660 2312 3716 Nicolao.
2342 3660 2420 3715 Eo
2452 3662 2504 3715 in
2539 3662 2745 3730 scripto
2775 3662 3019 3718 studium
3077 3661 3202 3727 fuit,
3258 3678 3322 3716 ac
3356 3660 3639 3732 praecipua

2059 3768 2216 3820 cura,
2272 3753 2546 3807 referente
2582 3753 2918 3825 Pachymere
2943 3754 3109 3808 citato
3145 3757 3322 3823 capite
3360 3754 3424 3807 17
3459 3797 3475 3819 ,
3514 3773 3533 3806 ι
3575 3754 3644 3809 Ut.

2061 3848 2115 3902 in
2146 3851 2502 3918 cxpressione
2552 3849 2822 3917 dogmatis
2873 3851 2937 3902 de
2971 3847 3201 3919 Spiritus
3232 3849 3404 3902 sancti
3435 3865 3645 3918 proces-

2058 3943 2220 4006 sione,
2263 3957 2492 3996 numero
2521 3941 2732 4013 ingenti
2788 3953 3227 4014 congcrerentur
3258 3943 3438 4005 variae,
3472 3943 3646 3998 unde-

2058 4046 2277 4100 cimun
2297 4048 2554 4090 corraszc.
2583 4031 2803 4086 Patrum
2823 4040 3136 4087 nosttorum
3161 4031 3516 4102 (Graecorum)
3532 4033 3647 4104 δῇ.

2061 4123 2391 4188 locutiones,
2421 4125 2688 4178 aientium
2725 4141 2738 4176 :
2772 4133 3023 4177 sancitum
3073 4123 3342 4192 Spiritum
3402 4141 3466 4179 ea;
3503 4125 3648 4179 Filio

2060 4219 2332 4289 profundi,
2367 4218 2614 4288 prteberi,
2645 4217 2784 4283 dari,
2813 4216 3257 4286 essplendescere,
3290 4218 3509 4280 mirare,
3567 4219 3650 4275 si-

2061 4313 2328 4381 milesque
2368 4311 2570 4381 quibus
2625 4311 3044 4366 accumulandis
3104 4310 3157 4365 id
3193 4312 3331 4366 clam
3368 4312 3651 4383 agebant.

2063 4415 2124 4459 ut
2178 4406 2335 4474 quasi
2377 4406 2683 4461 obrui-rent
2746 4404 3059 4475 procedendi
3105 4407 3370 4461 usitatum
3430 4404 3653 4464 Latinis

2063 4496 2290 4551 verbum
2319 4512 2334 4551 :
2363 4507 2567 4551 etcum
2601 4495 2654 4549 id
2683 4495 2918 4550 aliorum
2953 4496 3185 4552 istorum
3243 4497 3474 4553 obtentu
3507 4509 3658 4572 tege-

2060 4597 2229 4652 retur,
2280 4588 2436 4664 tacite
2476 4588 2820 4657 abrogarent.
2885 4606 2904 4638 ι
2964 4587 3160 4645 Libelli
3224 4589 3474 4646 fraudem
3526 4590 3657 4664 ipse

2060 4662 2426 4752 Pacliyrneres
2460 4680 2658 4750 aperit,
2697 4679 2982 4736 schismati
3030 4680 3161 4736 licet
3191 4681 3467 4737 addictus.

2134 4772 2225 4828 ill.
2255 4770 2544 4828 Calamum
2579 4772 2797 4826 strinxit
2853 4773 3170 4841 patriarcha
3225 4774 3456 4836 Beccus.
3501 4773 3661 4846 Ope-

2062 4881 2185 4920 rum
2219 4866 2339 4935 eius
2367 4881 2663 4930 summam,
2704 4880 2867 4934 quam
2926 4865 3318 4937 Pacbymcres,
3360 4865 3512 4923 libro
3574 4884 3660 4935 vr,

2062 4956 2241 5027 capite
2271 4955 2364 5023 23,
2404 4956 2634 5017 indicat.
2665 4956 2831 5011 latius
2861 4956 2914 5010 in
2937 4957 3276 5023 Andronico,
3309 4958 3458 5015 libro
3484 4975 3527 5023 ι,
3555 4977 3661 5017 ca-

2061 5049 2175 5120 pite
2204 5050 2262 5115 9,
2291 5060 2534 5105 enarrat.
2570 5049 2701 5104 Mihi
2736 5053 2926 5104 eadem
2954 5049 3274 5122 diligentius
3315 5055 3661 5122 exponenda

2059 5154 2164 5199 est.

2133 5240 2195 5308 (ι)
2228 5257 2246 5289 ο
2283 5237 2429 5309 Ergo
2472 5235 2584 5303 iile,
2618 5245 2940 5292 sanctorum
2988 5237 3194 5308 scripta
3221 5241 3490 5296 attentius
3521 5257 3666 5314 per-

2059 5331 2271 5401 legens.
2312 5332 2368 5384 in
2400 5331 2596 5384 horum
2634 5329 2912 5399 plerisque
2939 5345 3084 5399 saepe
3119 5329 3232 5389 dici
3266 5333 3597 5390 observavit
3642 5355 3661 5392 :

2063 5421 2332 5491 Spiritum
2365 5430 2619 5476 sanctum
2653 5423 2716 5475 ἐκ
2751 5421 2966 5492 Πατρδς
3002 5425 3069 5476 δι’
3098 5423 3231 5479 Υῐοῢ
3289 5429 3662 5498 προχεῖσθαι,

2061 5517 2389 5585 ἐκλάμπειν,
2445 5513 2822 5585 χορηγεῖσθαι,
2872 5517 3160 5585 προϊέναι,
3221 5535 3284 5571 ea:
3339 5519 3506 5574 Patre
3555 5539 3668 5592 per

2062 5605 2264 5662 Filium
2324 5607 2594 5678 profundi,
2654 5609 3098 5678 exsplendescere,
3165 5612 3406 5681 praeberi,
3447 5609 3667 5684 prodi-

2061 5719 2138 5756 re.
2187 5721 2203 5752 ι
2243 5701 2565 5754 Divinarum
2628 5715 3014 5770 personarum,
3075 5702 3222 5766 Filii,
3287 5715 3343 5758 ct
3398 5703 3669 5774 Spiritus

2061 5793 2260 5858 sancti,
2285 5785 2670 5849 eminatione‘s
2697 5809 2763 5849 ex
2791 5795 2981 5862 Patre,
3010 5802 3345 5868 plerumque
3371 5811 3665 5855 vocarunt

2060 5886 2422 5945 ecclesiastici
2455 5885 2755 5958 scriptorcs
2782 5888 3111 5960 cﬂ'ulgentias
3142 5892 3668 5963 etexsplendescen-
