3858 6492
242 345 312 404 77
1479 329 1684 393 VITA.
1723 351 1794 362 -
1826 324 2338 388 DISSERTATIO
2381 325 2433 386 Ι.
3423 323 3496 388 78

233 463 335 514 tias
366 478 380 514 :
417 465 476 513 ut
509 456 720 512 frustra
749 455 864 528 jam
894 450 1032 515 sint,
1064 448 1161 521 qui
1199 446 1351 504 hisce
1409 445 1640 502 vocibus
1676 457 1803 515 pro-
1836 449 1878 504 Α
1909 438 2066 496 fateri
2097 455 2114 492 :
2145 438 2528 504 Ambrosium,
2562 436 2955 508 Augustinum.
3003 447 3058 494 ct
3097 437 3491 513 Hieronymum

229 549 540 606 cessionem
576 555 841 601 aeternam
887 541 1128 614 Spiritus
1165 538 1339 596 sancti
1387 552 1456 594 ex
1516 534 1679 600 Filio,
1713 542 1811 588 aut

231 659 330 714 per
360 641 564 696 Filium
623 637 856 707 rejicere
913 636 1284 692 contendant.
1346 631 1474 688 Haec
1531 628 1808 686 latissimo

232 735 438 791 Beccus
467 742 693 789 enarrat
717 731 773 786 in
807 729 1120 801 Epigrapba
1144 741 1267 782 xm.
1299 725 1535 782 Sanctus
1551 721 1806 784 Basilius,

233 827 329 882 lib.
365 841 406 881 ιι
457 826 720 880 Aduersus
767 821 1112 885 Eunontium,
1145 834 1299 874 num.
1348 815 1442 883 25,
1474 815 1552 872 ait
1591 812 1810 884 Opinio-

234 933 356 972 nem
389 915 655 971 omnibus
676 913 1011 971 Christianis
1033 924 1384 968 communem
1429 921 1576 966 esse.
1611 903 1808 960 Filium

233 1008 492 1064 videlicet
521 1009 639 1078 φῶς
661 1000 806 1060 εἶναι
835 1002 1097 1074 γεννητὸν
1117 1003 1187 1055 ὲκ
1235 999 1332 1054 τοῦ
1358 997 1663 1067 ἀγιννὴτου
1693 1011 1810 1063 cpno-

231 1103 339 1166 τος,
373 1101 540 1156 lucem
570 1100 809 1170 genitam
860 1113 969 1152 esse
989 1111 1055 1150 ex
1102 1093 1340 1169 ingenita
1375 1091 1510 1153 luce,
1560 1086 1810 1156 ἀπολάμ-

235 1195 441 1264 ψαντα,
515 1191 964 1264 resplendentem.
1014 1188 1256 1244 Sanctus
1305 1184 1563 1256 Cyrillus,
1589 1183 1644 1235 in
1682 1179 1812 1236 The-

231 1300 564 1356 sauro,pag.
601 1284 692 1349 49,
743 1282 885 1338 edit.
948 1279 1148 1343 Pa.is.,
1218 1275 1401 1331 1638:
1461 1271 1628 1328 Nemo
1674 1281 1812 1324 recte

228 1383 463 1435 sentiens
492 1380 714 1444 dixerit,
744 1378 1110 1449 generatiuam
1143 1374 1238 1430 Dei
1255 1373 1533 1430 essentiam
1557 1372 1812 1425 damnum

230 1469 403 1523 ullum
451 1469 534 1524 rei
563 1468 804 1540 eﬁiuxum
831 1468 966 1538 pati,
991 1483 1110 1521 cum
1140 1480 1279 1520 unus
1308 1479 1372 1519 ac
1386 1461 1532 1517 solus
1557 1460 1617 1527 ἐξ
1639 1460 1813 1526 αὐτῆς

228 1559 618 1631 ἐκλάμψασαν,
680 1559 928 1630 effulgent
983 1556 1172 1612 Filius.
1214 1554 1434 1612 Studita
1494 1554 1550 1608 in
1594 1567 1706 1608 uno
1741 1567 1811 1608 ex

230 1651 599 1706 Gradualibus
629 1669 643 1706 :
674 1650 1157 1721 Spiritussanctus.
1187 1683 1202 1701 .
1226 1685 1240 1700 .
1271 1645 1362 1716 qui
1383 1659 1447 1699 ea:
1463 1643 1629 1699 Patre
1650 1640 1814 1698 simul

229 1743 425 1809 eluxit,
448 1745 515 1796 ὲκ
543 1744 756 1813 Πατρὶς
786 1741 1200 1813 συνεκλάμψαν.
1221 1739 1348 1796 Hinc
1377 1739 1649 1795 indicasse
1679 1752 1812 1809 pau-

231 1855 318 1903 ca,
357 1839 495 1893 satis
526 1852 543 1892 :
572 1838 727 1907 plura
757 1835 1017 1891 dabimus
1064 1833 1232 1889 inira.

303 1932 382 2002 (2)
415 1948 435 1982 ι
484 1950 502 1981 ι
537 1928 827 1984 Procedere
854 1930 990 1998 quin
1025 1928 1216 1989 etiam,
1249 1922 1510 1980 atiirmari
1538 1925 1746 1994 reperit
1781 1938 1812 1978 a

229 2036 426 2084 sancto
463 2027 721 2090 Maximo,
773 2022 978 2078 deinde
1031 2037 1063 2075 a
1122 2035 1337 2077 summo
1367 2035 1588 2091 quoque
1628 2019 1804 2075 Theo.

231 2121 359 2191 lngo
383 2117 712 2174 Damasceno
736 2132 755 2170 :
782 2116 984 2186 quibus
1001 2123 1374 2170 consentanee
1393 2128 1650 2185 magnum
1677 2127 1816 2182 prae-

233 2223 387 2267 terea
433 2210 734 2274 Tarasium,
765 2224 893 2262 cum
932 2207 1189 2262 universa
1217 2206 1453 2276 septima
1489 2207 1724 2276 synodo.
1756 2206 1812 2259 in

231 2302 588 2358 confessione
609 2299 740 2355 ﬁdei
764 2299 830 2353 ad
868 2295 1181 2354 Orientales
1213 2294 1593 2366 patriarchas,
1639 2292 1814 2349 mani-

232 2394 374 2449 feste
401 2392 774 2462 deprehendit
794 2390 1153 2447 disseruisse.
1194 2407 1212 2440 ι
1240 2387 1470 2443 Maximi
1501 2389 1684 2442 locum
1721 2402 1816 2441 cx-

231 2485 529 2558 pendimus
559 2485 738 2554 capite
765 2484 824 2550 2,
861 2499 1014 2540 num.
1044 2485 1104 2539 2.
1131 2483 1453 2538 Damasceni
1499 2481 1812 2536 testimonia

230 2577 447 2646 accipe.
505 2573 671 2630 Libro
703 2591 717 2628 ι
749 2574 825 2628 De
857 2575 964 2643 fide
1003 2574 1322 2638 orthodoxa,
1349 2571 1528 2642 capite
1555 2572 1612 2627 Η
1653 2591 1666 2627 :
1698 2571 1818 2642 Ipse

229 2669 444 2739 quippe,
463 2667 668 2735 (Pater)
695 2667 855 2722 Verbi
879 2666 1119 2736 genitor,
1157 2666 1266 2718 Καὶ
1287 2664 1378 2719 διὰ
1421 2664 1582 2732 λόγου
1612 2665 1817 2734 προϐο-

233 2758 361 2823 λεὺς
394 2757 795 2828 ἑκφαντορικοῦ
821 2757 1160 2829 Πνεύματος,
1187 2757 1252 2811 Et
1279 2774 1372 2828 per
1409 2757 1620 2811 uerbum
1646 2759 1818 2812 mani-

232 2853 484 2922 testantis
553 2851 962 2922 (cnuntiatorii.
1020 2851 1546 2922 explendescentis‘,
1581 2851 1817 2922 Spiritus

230 2943 546 3015 productor.
600 2943 850 3014 itemque
885 2942 1012 2997 Filii
1072 2959 1278 3014 quoque
1314 2941 1545 3015 Spiritus
1597 2943 1815 3008 dicitur,

231 3038 335 3106 οὐχ
360 3037 439 3100 ὡς
473 3039 533 3104 ἐξ
564 3037 756 3103 αὑτοῦ,
789 3037 904 3090 ἀλλ’
931 3037 1006 3100 ὡς
1035 3037 1108 3091 δι’
1151 3038 1318 3091 αὑτοῦ
1343 3039 1406 3091 ἐκ
1451 3035 1546 3090 τοῦ
1605 3035 1817 3105 Πατρδς

233 3133 696 3202 ἔκπορευόμενον.
734 3132 908 3194 Μόνος
938 3132 1046 3200 γὰρ
1075 3131 1248 3194 αἴτιος
1277 3131 1305 3184 ὁ
1339 3132 1569 3202 Πατήρ;
1604 3146 1707 3184 non
1731 3146 1818 3183 t'e-
1843 3168 1886 3228 ο

234 3225 316 3278 [ut
351 3241 414 3277 ex
460 3225 598 3294 ipso,
639 3223 730 3276 sed
773 3240 866 3294 per
915 3224 1091 3293 ipsum
1144 3239 1208 3278 ea:
1277 3223 1441 3277 Patre
1503 3223 1810 3294 procedens.

233 3315 396 3370 Solus
421 3318 560 3368 enim
592 3313 754 3368 Pater
781 3323 966 3368 auctor
994 3324 1070 3368 est
1100 3333 1116 3368 :
1139 3330 1206 3370 eo
1247 3315 1505 3368 nimirum
1533 3315 1640 3386 65
1692 3329 1816 3368 sen-

235 3423 330 3472 su,
355 3422 468 3476 quo
493 3405 646 3460 solus
677 3406 834 3460 Pater
869 3404 959 3458 ille
990 3415 1097 3468 est,
1144 3421 1175 3460 a
1197 3421 1307 3474 quo
1335 3404 1493 3459 οὐσία
1519 3405 1723 3466 omnis,
1752 3419 1816 3458 ac

234 3501 299 3553 τδ
327 3496 492 3562 εἶναι,
528 3499 635 3553 hoc
662 3507 746 3552 est
774 3513 884 3551 esse
910 3496 1346 3568 omne,proﬂuit,
1370 3506 1477 3550 tam
1505 3496 1812 3551 incrcatnm

231 3609 404 3664 quam
438 3603 705 3647 creatum.
746 3591 1129 3658 Proﬂuitergo
1159 3606 1188 3644 a
1223 3591 1381 3645 Patre
1411 3590 1464 3644 in
1508 3588 1706 3643 Filium
1737 3589 1815 3642 si-

232 3687 352 3740 cuti
389 3694 608 3749 natura,
644 3685 718 3738 ita
745 3685 923 3740 virtus
957 3683 1204 3754 Spirandi
1232 3701 1244 3738 :
1277 3693 1334 3738 et
1359 3699 1425 3738 ex
1451 3682 1552 3736 hac
1584 3683 1812 3745 virtute,

185 3800 194 3806 ο
231 3794 362 3846 qua:
394 3794 500 3831 una
529 3786 612 3832 est
645 3777 698 3831 in
730 3778 890 3832 Patre
917 3787 972 3832 et
1004 3778 1061 3832 in
1098 3776 1260 3842 Filio,
1286 3767 1536 3845 procedit
1566 3773 1814 3845 Spiritus

233 3881 464 3924 sanctus
495 3870 812 3925 immediate
838 3890 850 3924 :
873 3871 1129 3940 factaque
1157 3869 1566 3940 suppositorum
1590 3876 1818 3936 expres-

232 3979 414 4027 s:one,
464 3979 492 4016 a
528 3963 686 4018 Patre
718 3965 968 4034 procedit
991 3980 1090 4034 per
1123 3963 1348 4019 Filium.

305 4053 590 4109 Alcman)
621 4057 761 4110 hanc
794 4072 914 4128 esse
942 4056 1178 4126 Spiritus
1204 4055 1377 4111 sancti
1426 4070 1456 4109 a
1485 4054 1646 4110 Patre
1694 4069 1820 4124 pro-

233 4149 549 4204 cessioncm
584 4165 679 4218 per
712 4148 934 4214 Filium,
972 4153 1105 4206 satis
1132 4149 1394 4205 evincunt
1417 4150 1583 4204 verba
1606 4164 1817 4204 memo-

230 4251 378 4304 rata,
401 4241 872 4309 disrrtissimeque
938 4240 1193 4295 enuntiat
1222 4241 1375 4296 locus
1428 4240 1570 4295 alius
1606 4241 1658 4294 in
1694 4239 1819 4295 Dia-

231 4335 364 4401 lngo
416 4342 605 4386 Contra
672 4331 999 4388 Manichacos
1056 4347 1208 4387 num.
1271 4333 1326 4387 5.
1393 4331 1562 4386 Pater
1617 4348 1822 4403 semper

237 4421 466 4475 Verbum
495 4441 649 4476 suum
678 4439 740 4476 ex
773 4441 827 4476 se
849 4425 1107 4494 genitum,
1142 4426 1235 4478 καὶ
1267 4425 1354 4478 διὰ
1381 4424 1473 4477 τοῦ
1511 4425 1672 4493 λόγου
1725 4425 1819 4478 αὺ-

1914 532 2321 602 processionem
2345 530 2585 602 Spiritus
2605 532 2782 586 sancti
2817 547 2884 586 ea:
2926 530 3116 598 Patre,
3170 547 3295 588 cum
3336 531 3494 588 addi.

1917 623 2070 677 tione
2097 639 2160 678 ea:
2190 623 2326 678 Filio
2349 622 2624 679 docuisse.
2691 622 2961 680 Ceterum
3003 624 3185 680 Photii
3216 628 3496 696 exceptio,

1912 729 2010 770 eos
2031 715 2222 770 Patres
2266 724 2320 768 ut
2370 713 2660 782 Romanos,
2709 731 2818 771 non
2872 724 2932 770 ut
2967 715 3199 782 (ἔτασσε,
3255 717 3496 774 additio-

1912 822 2040 862 nem
2079 807 2766 879 tmnprobassewitnium
2822 825 2986 880 quam
3045 810 3260 869 iniirma
3318 811 3494 868 Becco

1912 899 2031 954 visa
2064 909 2168 955 est.
2212 919 2232 952 ι
2293 897 2446 954 Hanc
2480 911 2717 970 partem,
2766 917 2891 972 qua:
2921 901 3246 959 Latinorum
3270 904 3494 962 Patrum

1913 999 2155 1046 mentem
2182 991 2432 1060 exponit.
2475 990 2919 1050 luculentissime
2957 995 3286 1065 exsequitur
3336 996 3498 1052 Peta-

1913 1081 2047 1137 vius
2071 1083 2216 1138 libro
2239 1082 2536 1151 vn,.citato
2566 1084 2747 1156 capite
2771 1083 2824 1142 8.
2875 1085 3058 1144 Pbotii
3110 1087 3494 1158 exceptionem

1912 1170 2128 1229 elidunt
2169 1174 2526 1231 meumenica:
2594 1176 2816 1250 synodi,
2853 1178 2944 1234 vel
3007 1178 3062 1235 in
3096 1179 3220 1252 ipso
3267 1179 3499 1238 Oriente

1913 1263 2229 1330 celebratae,
2272 1282 2396 1338 quae
2449 1267 2662 1326 Latinis
2693 1267 2970 1337 Patribus,
3016 1273 3367 1345 maximeque
3401 1273 3499 1329 Hi-

1913 1355 2074 1423 lario,
2104 1359 2417 1427 Ambrosio,
2477 1359 2808 1435 Augustino,
2843 1363 3035 1432 Leoni,
3065 1363 3327 1437 Gregorio
3357 1365 3499 1422 mul-

1913 1457 2028 1504 tum
2058 1465 2118 1506 se
2148 1451 2398 1509 tribuere
2431 1453 2762 1524 proﬁtentur
2793 1471 2808 1510 :
2833 1467 2891 1512 et
2935 1472 3059 1528 quas
3090 1457 3346 1530 dogmata
3381 1469 3495 1514 sta-

1914 1550 2099 1612 tuunt,
2127 1559 2194 1601 ex
2215 1545 2437 1604 illorum
2463 1549 2632 1606 etiam
2657 1552 2990 1609 auctoritate
3013 1552 3340 1610 decernunt.

1984 1635 2064 1708 (4)
2101 1655 2121 1690 ι
2147 1636 2226 1694 Ac
2252 1654 2400 1697 nunc
2420 1640 2643 1712 quidem
2681 1645 2890 1700 invenit
2921 1644 3278 1701 Athanasium
3299 1644 3495 1702 dicen-

1917 1734 2026 1782 tem
2059 1743 2076 1781 :
2103 1727 2248 1784 Fieri
2271 1740 2586 1788 autemnon
2615 1744 2826 1805 poterat
2859 1738 2922 1792 iu
2980 1738 3261 1795 Trinitatis
3310 1740 3518 1794 ordine.

1845 1813 1884 1868 Β
1913 1821 2160 1889 cognosci
2203 1821 2488 1893 Spiritum,
2525 1843 2630 1905 non
2681 1830 3017 1901 progressioe
3065 1833 3409 1886 exsistentem
3434 1848 3501 1886 ea:

1915 1911 2026 1968 Deo
2055 1930 2147 1985 per
2178 1915 2414 1984 Filium;
2452 1918 2543 1974 sed
2586 1921 2889 1992 eﬂicienter,
2919 1933 3012 1978 aut
3055 1924 3380 1996 productius,
3439 1933 3497 1978 ut

1913 2005 2227 2076 loquuntur.
2287 2009 2446 2065 Nunc
2493 2010 2750 2083 Magnum
2777 2014 3043 2072 Basilium
3081 2033 3097 2070 :
3136 2015 3498 2074 Posteriorem

1916 2097 2128 2165 quidem
2160 2099 2364 2168 origine
2393 2097 2535 2155 Filio
2571 2099 2859 2174 Spiritum,
2907 2105 3073 2160 tradit
3096 2105 3333 2161 uidelicet
3371 2123 3498 2162 uera

1913 2188 2179 2246 doctrina.
2225 2210 2241 2243 ι
2299 2191 2586 2248 Athanasii
2616 2195 2994 2253 testimonium
3015 2208 3196 2254 exstat
3225 2200 3278 2254 in
3336 2201 3501 2256 Refu-

1915 2281 2122 2337 tatione
2154 2283 2462 2355 hypocrisis
2485 2284 2709 2352 Meletii,
2763 2299 2821 2344 et
2875 2290 3104 2347 Eusebii
3145 2293 3500 2349 Samosaten-

1914 2373 2012 2428 sis.
2046 2375 2197 2444 Opus
2234 2377 2378 2432 istud
2419 2379 2566 2434 inter
2607 2381 2775 2436 dubia
2843 2393 3100 2440 recenset
3160 2385 3500 2444 Montiauco-

1915 2466 2062 2522 nius.
2091 2467 2221 2523 Loci
2254 2470 2402 2526 allati
2428 2472 2751 2529 nitidiorem
2811 2477 3320 2548 interpretationem
3371 2499 3500 2552 pro-

1917 2557 2036 2613 fcro
2099 2577 2114 2612 :
2161 2561 2324 2630 Atqui
2371 2563 2695 2633 impossibile
2749 2578 2905 2635 esset,
2990 2571 3268 2628 Trinitatis
3324 2574 3502 2644 gloria

1918 2647 2177 2719 Spiritum
2201 2652 2522 2723 gloriﬁcari,
2577 2657 2656 2728 μὴ
2693 2659 2972 2727 προδικῶς
3019 2661 3083 2714 ὃν
3129 2667 3196 2718 ἐκ
3226 2665 3337 2736 66
3363 2665 3501 2719 θεοῦ

1915 2744 1983 2796 δι’
2008 2743 2165 2810 rio-3,
2197 2747 2333 2801 ἀλλὰ
2363 2752 2665 2819 ποιητικῶς
2693 2755 2756 2807 ὲκ
2787 2754 2923 2808 Θεοῦ
2987 2758 3230 2824 γεγονὸς.
3283 2760 3360 2821 ὡς
3413 2761 3501 2814 λέ-

1917 2852 2113 2902 γουσι,
2146 2840 2194 2892 si
2231 2855 2324 2909 per
2357 2845 2744 2910 processionem
2799 2862 2866 2900 ex
2883 2847 2990 2902 Deo
3027 2865 3118 2920 per
3157 2849 3353 2906 Filium
3393 2869 3501 2907 non

1919 2937 2071 2994 esset,
2099 2931 2246 3000 sique
2268 2949 2347 2986 res
2381 2933 2562 3004 eﬁ'ecta
2602 2954 2635 2990 a
2669 2935 2777 2992 Deo
2809 2949 2962 3004 esset,
2997 2950 3054 2994 ut
3089 2943 3241 2997 aiunt
3261 2946 3384 3015 ipsi.
3425 2945 3501 2999 De

1918 3035 2123 3079 aeterna
2159 3029 2261 3081 hoc
2295 3027 2423 3083 loco
2475 3027 2722 3100 Spiritus
2776 3033 2954 3087 sancti
2997 3034 3362 3104 produCtione
3384 3050 3500 3093 ser-

1920 3135 2010 3174 mo
2038 3129 2142 3176 est.

1990 3211 2109 3266 Alia
2144 3228 2404 3283 germana
2433 3215 2640 3288 profert
2656 3218 2940 3275 Athanasii
2962 3221 3078 3275 loca
3095 3221 3225 3278 duo.
3250 3225 3497 3282 Primum

1918 3303 2120 3375 legitur
2152 3305 2208 3358 in
2242 3305 2384 3360 libro
2423 3307 2492 3363 de
2551 3308 2790 3366 humana
2845 3323 3036 3368 natura
3093 3331 3121 3368 a
3165 3315 3346 3371 Verbo
3379 3335 3500 3373 sus-

1918 3405 2098 3465 cepta,
2140 3411 2237 3452 seu
2266 3399 2332 3453 «Ie
2373 3398 2758 3457 Incarnatione
2805 3419 2958 3460 num.
2984 3407 3039 3461 9.
3077 3405 3253 3460 Norat
3281 3408 3530 3480 (David).

1919 3492 2071 3559 παρὰ
2102 3491 2177 3561 τῷ
2206 3491 2328 3561 Θεῷ
2371 3493 2548 3563 Πατρὶ
2587 3493 2718 3547 ὄντα
2753 3495 2842 3549 τὸν
2876 3498 3024 3562 Υἰὶν,
3069 3501 3164 3568 τὴν
3195 3503 3382 3572 πηγὴν
3406 3504 3500 3557 τοῦ

1923 3586 2084 3653 ἁγίου
2117 3584 2470 3653 Πνεύματος.
2503 3589 2646 3657 apud
2671 3587 2838 3641 Deum
2871 3588 3084 3645 Patrem
3145 3609 3255 3647 esse
3296 3591 3500 3649 Filium

1920 3681 2116 3749 [autem
2137 3679 2368 3749 Spiritus
2387 3683 2578 3736 sancti.
2603 3681 2846 3736 Alterum
2874 3684 3102 3740 habetur
3121 3686 3172 3740 in
3196 3689 3445 3746 oratione
3465 3692 3500 3745 5

1920 3782 2113 3826 contra
2142 3774 2378 3827 Arianos
2410 3789 2563 3831 num.
2599 3776 2670 3830 Si
2700 3796 2712 3828 :
2751 3772 3020 3847 Namque,
3070 3788 3127 3832 ut
3165 3781 3359 3834 dictant
3396 3792 3496 3848 est,

1917 3863 2026 3930 ipse
2052 3863 2264 3933 (Filias)
2298 3864 2390 3917 dat
2423 3865 2650 3935 Spiritui
2705 3880 2726 3920 :
2775 3876 2824 3919 et
2880 3885 3206 3941 qua’cunque
3264 3869 3528 3942 Spiritus

1837 3983 1856 3994 ι
1919 3955 2094 4018 habet,
2127 3957 2238 4010 han:
2272 3975 2302 4010 a
2335 3956 2499 4012 Verbo
2529 3960 2707 4024 habet,
2745 3964 2840 4015 καὶ
2867 3964 2966 4016 ὅσα
2994 3964 3108 4035 ἔχει
3149 3966 3210 4018 τὸ
3247 3965 3497 4036 Πνεῦμα,

1918 4048 2093 4102 ταῦτα
2130 4049 2280 4121 παρὰ
2312 4051 2406 4104 τοῦ
2459 4053 2631 4120 Λόγου
2666 4052 2801 4125 ἔχει.
2849 4074 2868 4107 s
2907 4056 3050 4128 Ergo
3099 4059 3367 4129 quidquid
3404 4061 3501 4118 ita-

1919 4140 2010 4196 bct
2067 4143 2310 4214 Spiritus
2368 4156 2595 4201 sanctus
2652 4148 2880 4218 (Petavii
2913 4152 3324 4209 animadversio
3369 4155 3496 4227 est).

1921 4234 1975 4289 id
2001 4238 2214 4306 accepit
2237 4253 2267 4291 a
2291 4237 2451 4292 Filio.
2482 4239 2653 4295 Habet
2682 4249 2864 4296 autem
2910 4243 2965 4298 in
3017 4245 3212 4315 primis
3243 4256 3500 4303 naturam

1921 4335 1970 4380 et
2010 4329 2391 4384 exsistentiam.
2420 4331 2534 4387 iioc
2573 4332 2720 4388 enint
2759 4333 2922 4390 Verbi
2956 4337 3072 4407 (τοῦ
3109 4340 3311 4411 Λόγου)
3338 4356 3522 4397 voca-.

1924 4421 2136 4485 bulum,
2186 4438 2310 4477 cum
2371 4440 2660 4492 personam
2702 4438 2755 4481 et
2805 4429 3145 4498 hypostasim
3203 4433 3498 4504 significet,

230 4515 338 4567 τοῦ
404 4517 886 4585 ἐκπορευόμενον·
932 4516 998 4571 Et
1049 4533 1142 4586 per
1202 4517 1415 4571 verbum
1471 4534 1624 4572 suum
1668 4519 1818 4574 habet
1845 4529 1896 4589 ο
1923 4528 2114 4585 aperte
2147 4514 2510 4582 demonstrat,
2541 4519 2606 4572 ab
2636 4520 2752 4588 ipsa
2797 4520 2924 4576 Filii
2977 4541 3199 4593 persona
3248 4541 3496 4593 manare,

234 4605 501 4678 Spiritum
533 4599 684 4662 suum
722 4626 781 4662 ea:
803 4626 855 4662 se
879 4610 1262 4675 procedentem.

317 4699 476 4753 Paria
511 4712 662 4764 sunt,
697 4717 816 4769 quae
847 4701 1110 4755 Tarasius
1138 4701 1453 4770 patriarcha
1505 4700 1820 4758 Constanti-

233 4794 601 4863 impolitanus
670 4793 1032 4862 profitebatur
1104 4792 1158 4846 in
1223 4793 1570 4848 confessione
1643 4794 1817 4860 tidei,

233 4893 462 4944 actione
493 4905 554 4942 ιιι
584 4888 801 4941 (⁸01ιεὶΙῆ
855 4887 1058 4943 Nicreni
1096 4903 1156 4950 ll,
1213 4903 1356 4942 anno
1392 4887 1496 4942 787
1531 4889 1815 4946 celebrati.

234 4983 341 5038 Sic
407 4983 482 5035 ait
517 4999 528 5034 :
565 4979 842 5035 Credimus
889 5018 904 5034 .
933 5018 946 5033 .
975 5019 989 5033 .
1023 4987 1069 5033 et
1124 4980 1179 5032 in
1232 4977 1491 5049 Spiritum
1553 4991 1818 5048 sanctum,

231 5079 300 5130 tu
335 5075 432 5130 τοῦ
461 5072 673 5142 [ἰατρὸς
705 5072 774 5124 δι’
804 5072 927 5126 rimi
987 5074 1447 5142 ἐκπορευόμενον,
1475 5090 1506 5126 a
1536 5071 1698 5127 Patre
1727 5090 1820 5144 per

230 5168 437 5225 Filium
467 5167 856 5236 procedentem,
900 5165 996 5218 xui
1039 5166 1130 5217 τὸν
1157 5167 1294 5242 Θεὸν
1327 5165 1456 5217 ὄντα
1493 5167 1585 5219 καὶ
1615 5183 1816 5238 γνωρι-

234 5263 499 5328 regem,
536 5269 584 5311 et
619 5259 789 5328 ipsum
831 5256 992 5309 Deum
1033 5272 1160 5320 esse,
1195 5265 1242 5309 et
1273 5259 1533 5327 cognosci.
1575 5257 1734 5312 Hisce
1764 5259 1832 5312 in.

234 5357 381 5410 locis
406 5353 474 5407 de
505 5351 790 5420 temporali
822 5367 917 5418 per
950 5349 1218 5402 donorum
1249 5350 1658 5403 concessionem
1693 5349 1819 5420 Spi-

233 5452 384 5502 ritus
418 5445 588 5500 sancti
624 5444 880 5496 missione
904 5456 1210 5496 sermonem
1242 5455 1383 5504 csse,
1422 5451 1614 5510 captus
1639 5453 1818 5498 mente

231 5541 411 5596 fuerit
444 5539 535 5609 qui
568 5535 885 5592 contendat.
944 5534 1144 5603 Insigni
1189 5533 1506 5587 Damasceni
1569 5532 1818 5588 testimo-

232 5637 336 5688 nio
372 5630 719 5700 frequentius
750 5628 1006 5703 utebatur
1051 5627 1258 5682 Beccus
1299 5626 1410 5679 :de
1462 5640 1570 5694 quo
1639 5627 1819 5681 adhuc

233 5725 478 5780 inferius
503 5721 796 5792 agendum.

309 5817 392 5887 (3)
425 5833 444 5867 ‹
482 5816 557 5868 Ad
599 5814 715 5869 lucc
757 5813 978 5884 insuper
1043 5811 1274 5878 invenit,
1328 5812 1504 5882 ipsum
1559 5811 1814 5867 Pbotium

1924 4615 1980 4660 et
2020 4605 2288 4661 exsistere
2316 4607 2583 4678 Spiritum
2641 4622 2892 4668 sanctum
2923 4629 2938 4667 :
2975 4631 3156 4686 neque
3213 4619 3391 4675 solum
3430 4623 3497 4676 ab

1923 4699 2035 4766 ipsa
2059 4697 2157 4753 Dei
2171 4702 2419 4769 essentia,
2438 4717 2558 4771 qua:
2575 4704 2646 4758 sit
2663 4704 2716 4758 in
2739 4705 2896 4771 Filio,
2924 4716 2983 4761 ut
3004 4707 3176 4765 (ἕτεοί
3197 4720 3494 4782 nugantur.

1925 4789 2028 4844 Sed
2078 4806 2182 4846 nec
2213 4791 2372 4848 aliter
2414 4810 2519 4849 vox
2562 4797 2857 4866 accipiendi
2901 4801 3218 4870 detorqueri
3279 4813 3496 4872 potest;
3587 4819 3620 4872 ξ·

1923 4881 2056 4951 quin
2079 4878 2160 4950 id,
2183 4885 2328 4955 quod
2364 4886 2619 4952 οὐσιῶδες
2650 4889 2722 4945 sit
2751 4887 2974 4960 Spiritui
3004 4906 3214 4958 sancto,
3249 4869 3498 4950 commu-

1923 4971 2098 5028 nicari
2126 4989 2190 5030 ac
2219 4975 2461 5033 derivari
2494 4979 2548 5034 in
2591 4981 2770 5049 ipsum
2825 4982 3160 5051 intelligatur
3209 5002 3240 5039 a
3290 4985 3496 5044 Verbo.

1923 5063 2138 5139 Quippe
2169 5083 2278 5124 non
2316 5079 2525 5126 tantum
2552 5073 2786 5144 accipere
2815 5073 2952 5128 dixit
2980 5075 3314 5133 Athanasius
3370 5080 3498 5150 (ibi-
3596 5063 3610 5126 ἶ

1923 5159 2046 5216 dem
2075 5171 2202 5218 ante
2234 5164 2402 5219 verba
2427 5165 2618 5235 relata)
2648 5183 2679 5219 a
2724 5165 2890 5221 Verbo
2921 5167 3185 5238 Spiritum
3241 5181 3492 5228 sanctum

1922 5269 2239 5325 quacunque
2267 5256 2418 5311 habet
2447 5275 2466 5314 :
2519 5259 2614 5313 sed
2651 5260 2844 5314 habere
2875 5263 2947 5317 ab
2981 5263 3120 5333 ipso,
3148 5280 3492 5336 quotcunque

1920 5347 2093 5402 habet.
2119 5350 2185 5402 At
2215 5360 2437 5404 externa
2465 5349 2605 5406 dona
2663 5362 2720 5407 et
2757 5356 3091 5424 χαρέσματα,
3126 5374 3247 5427 qua:
3299 5373 3492 5413 utcnn-

1923 5457 2030 5511 que
2059 5442 2168 5496 dici
2201 5453 2425 5512 possent
2460 5460 2489 5496 a
2524 5444 2682 5512 Filio,
2710 5447 2762 5501 id
2785 5458 2867 5502 cst
2901 5450 3175 5504 communi
3217 5454 3284 5504 at»
3309 5467 3496 5506 essen-

1925 5537 1995 5589 tia
2042 5550 2143 5589 ceu
2178 5534 2349 5600 fonte,
2384 5537 2640 5606 proferri,
2673 5555 2780 5594 non
2816 5541 2965 5596 habet
3002 5541 3239 5614 Spiritus
3270 5554 3494 5599 sanctus

1924 5628 2050 5697 (nisi
2085 5629 2517 5685 eminentissime
2569 5633 2623 5686 in
2673 5635 2908 5688 essentia
2941 5637 3130 5690 divina
3191 5646 3490 5709 pmpegata

1923 5721 1976 5773 in
2013 5719 2246 5793 ipsum);
2285 5721 2379 5775 sed
2427 5738 2489 5775 ea
2519 5723 2632 5777 sola
2657 5724 2922 5794 (prOprie)
2948 5727 3118 5790 habet,
3148 5728 3339 5797 qttznin
3372 5741 3490 5797 ipso

1924 5822 2166 5879 manent,
2194 5828 2256 5868 ac
2284 5813 2468 5868 divina
2496 5825 2644 5881 sunt,
2676 5827 2730 5870 ct
2761 5817 3012 5885 cummi}.
3050 5837 3067 5869 ι
