3858 6488
224 468 288 533 81
1463 469 1668 532 VlTA.
1705 493 1774 504 ——
1818 466 2337 529 DlSSERTATlO
2376 467 2427 526 ι.
3041 443 3053 507 ἶ
3432 463 3504 531 8.2

220 597 457 655 persona
509 597 620 639 non
674 591 820 638 esset
870 582 953 653 (ut
991 581 1088 652 qui
1139 597 1239 656 per
1285 582 1695 657 patet-nitatem,
1756 592 1810 638 et
1841 606 1887 659 Α
1916 581 2076 652 cipit:
2106 579 2901 653 quemadmodumnemonovit
2934 575 3281 634 Patremnisi
3306 573 3500 645 Filius,

221 673 554 728 relationem
601 672 670 727 ad
727 672 926 728 Filium
993 673 1267 745 subsistit)
1314 689 1495 745 neque
1544 672 1811 745 Spiritum

220 774 471 820 sanctum
501 763 852 834 produceret,
873 780 997 820 cum
1026 781 1274 836 persona:
1304 766 1580 838 propriam
1605 767 1811 822 nullam

220 851 557 909 iunctionem
580 854 830 911 haberet.
866 856 1000 911 Nam
1038 856 1186 927 quod
1214 855 1279 911 ad
1311 858 1487 928 ipsam
1535 858 1813 912 emittendi

219 944 456 1014 Spiritus
484 949 750 1001 actionem
781 948 1001 1009 attinet.
1050 957 1160 1003 tam
1209 963 1274 1003 ea
1325 948 1575 1019 proxime
1622 950 1814 1004 inunc-

218 1037 478 1108 diateque
509 1039 625 1111 69
701 1047 787 1093 est
828 1054 857 1094 a
894 1036 1078 1105 Patre,
1141 1055 1307 1110 quam
1358 1055 1390 1095 a
1428 1040 1564 1094 Filio
1622 1057 1636 1093 :
1687 1056 1813 1095 cum

221 1131 510 1200 utriusque
537 1133 609 1184 sit
654 1130 838 1186 unica.
867 1149 887 1182 ι
926 1130 1112 1195 Brevi,
1143 1132 1312 1197 clara,
1349 1130 1502 1186 ﬁrma
1541 1139 1665 1187 sent
1686 1133 1812 1187 ntia

219 1222 605 1290 complectitur
627 1222 810 1278 omnia
825 1238 1050 1279 sanctus
1065 1224 1326 1291 Thomas,
1347 1241 1362 1279 ι
1385 1239 1436 1295 p.
1461 1241 1559 1291 qu.
1583 1225 1670 1289 36,
1698 1234 1809 1282 art.

217 1313 270 1373 3.
295 1314 366 1368 ad
392 1315 445 1370 ιε
475 1314 618 1369 Ordo
648 1332 754 1370 non
786 1316 1080 1371 attenditur
1105 1319 1245 1372 inter
1270 1316 1490 1372 Patrem
1521 1327 1573 1372 et
1588 1315 1812 1385 Filium,

218 1416 478 1474 quantum
514 1407 586 1460 ad
637 1408 907 1474 virtutem,
942 1409 1036 1463 sed
1065 1408 1259 1464 solum:
1295 1417 1554 1481 quantum
1584 1411 1655 1465 ad
1687 1428 1815 1485 sup—
1852 1472 1855 1475 _

216 1499 389 1567 posita
421 1516 442 1553 :
472 1510 521 1553 et
554 1500 669 1555 ideo
697 1502 890 1556 dicitur
919 1505 1058 1573 quod
1091 1507 1260 1560 Pater
1278 1506 1453 1575 spirat
1466 1522 1563 1575 per
1584 1503 1812 1567 Filium.

287 1589 585 1660 Exponere
622 1582 798 1667 pe'rgit
840 1595 1035 1667 dtigina
1063 1596 1348 1671 Nyssenus
1381 1616 1396 1655 :
1431 1617 1449 1651 ‹
1479 1598 1655 1655 Porro
1687 1616 1812 1659 cum

216 1697 461 1743 causam.
496 1694 551 1738 et
580 1687 721 1755 quod
751 1697 827 1741 est
871 1704 936 1741 ea;
960 1704 1126 1744 causa
1152 1688 1428 1757 dicimus;
1462 1706 1814 1765 nequaquam

1917 691 2083 747 neque
2114 672 2316 731 Filium
2343 675 2441 729 nisi
2467 672 2652 728 Pater.
2717 670 2805 725 Ita
2860 672 3025 725 audeo
3079 669 3300 726 dicere:
3337 682 3505 739 neque

1915 764 2179 836 Spiritum
2216 766 2362 820 novit
2387 766 2660 837 quispiam
2696 763 2802 819 nisi
2841 760 3008 817 Pater
3052 771 3102 816 et
3135 759 3330 825 Filius,
3371 761 3505 830 παρ’

1913 851 1976 912 οὗ
2003 857 2389 928 ἐκπορεύεται,
2423 840 2696 927 καὶλπαρ⁹
2726 848 2788 908 οὗ
2813 853 3110 921 ὶιαμσάνει,
3158 870 3191 908 a
3219 869 3321 924 quo
3382 868 3507 922 pro-

1912 951 2072 1018 cedit,
2100 959 2149 1005 et
2180 968 2212 1006 a
2238 966 2343 1021 qua
2383 950 2597 1018 accipit,
2624 946 2801 1019 Neque
2831 946 3030 1002 Filium
3069 956 3118 1001 et
3152 944 3369 1001 Patrem
3408 960 3505 997 no.

1914 1044 1986 1098 vit
2007 1043 2224 1114 aliquis,
2256 1042 2361 1097 nisi
2382 1039 2617 1112 Spiritus
2637 1048 2865 1095 sanctus
2890 1056 2911 1106 ,'
2937 1038 3026 1110 qui
3062 1053 3179 1092 vere
3211 1035 3503 1107 gloriﬁcat,

1913 1136 2006 1206 qui
2028 1136 2179 1189 docet
2198 1135 2398 1199 omnia,
2419 1133 2527 1205 70
2551 1134 2643 1204 qui
2666 1140 2889 1186 testatur
2911 1131 2975 1185 de
3003 1128 3168 1193 Filio.
3190 1128 3219 1185 ὃ
3240 1129 3390 1200 παρὰ
3411 1128 3505 1181 τοῦ

1916 1228 2131 1300 Πατρὶς
2154 1230 2248 1282 καὶ
2277 1228 2341 1282 ὲκ
2374 1227 2527 1293 Υἱοῦ,
2556 1227 2648 1297 qui
2678 1243 2710 1280 a
2742 1224 2908 1280 Patre
2929 1234 2977 1279 et
3005 1242 3037 1279 a
3090 1220 3232 1278 Filio
3285 1229 3381 1276 est.
3407 1222 3507 1278 Pa-

1916 1335 2027 1384 rcs,
2082 1320 2382 1391 pluresque
2426 1333 2497 1373 ex
2536 1317 2848 1389 Epiphanio
2899 1314 3207 1371 sententias
3257 1314 3509 1369 luculen-

1916 1413 2158 1468 tissimas
2196 1410 2528 1482 congerebat
2557 1404 2789 1474 Beccus,
2829 1422 2893 1463 ac
2945 1416 3220 1462 nostrates
3266 1405 3509 1477 theOIOgi

1915 1505 2170 1570 afferunt,
2217 1503 2534 1560 Graecorum
2571 1510 2889 1557 commento
2905 1500 2974 1553 de
2995 1499 3268 1554 donorum
3296 1508 3353 1553 et
3377 1497 3513 1553 cita.

1916 1597 2207 1652 rismatum
2238 1593 2560 1666 profusione
2595 1591 2826 1648 omnino
2860 1591 3144 1647 adversus.

1988 1688 2066 1759 (7)
2098 1684 2262 1743 litsce
2288 1686 2509 1741 Patrum
2548 1683 3003 1750 auctoritatibus,
3030 1681 3265 1752 aliisque
3330 1680 3538 1752 pluri'--

220 1770 289 1826 iis
314 1774 637 1830 nominibus
694 1777 885 1845 φύσιν,
936 1788 1210 1847 naturam,
1238 1779 1619 1849 signiﬁcamus
1653 1796 1666 1834 :
1716 1781 1811 1837 st-d
1915 1782 2043 1847 niis,
2079 1796 2203 1852 qua:
2233 1788 2488 1851 prostant
2533 1776 2961 1849 inEpigraphis,
2996 1779 3300 1831 instructus
3330 1773 3515 1829 muni—

221 1879 344 1919 eam
383 1868 564 1921 solum
611 1870 753 1923 κατὰ
785 1870 845 1923 τὸ
904 1871 1021 1936 πῶς
1055 1867 1197 1925 εἶναι
1231 1873 1521 1946 διαφορὰν,
1578 1890 1701 1945 quat
1730 1890 1814 1930 se.

1944 1889 2117 1946 usque
2150 1872 2464 1944 patriarcha
2500 1872 2730 1936 Beccus,
2752 1877 3016 1923 aeternam
3055 1882 3121 1923 ac
3174 1863 3513 1922 substantia-

221 1958 470 2013 cundum
495 1962 802 2017 exsistendi
838 1965 1064 2017 modum
1089 1973 1196 2030 est,
1225 1964 1602 2039 diti‘erentiam
1626 1974 1815 2021 osten-
1844 1962 1889 2023 Β
1917 1968 2027 2024 lem
2051 1964 2383 2023 ostendebat
2405 1963 2583 2021 sancti
2614 1960 2856 2033 Spiritus
2888 1957 3302 2033 processionem
3336 1975 3370 2013 a
3394 1955 3508 2011 Pa-

222 2051 434 2106 dimus.
475 2074 493 2104 ι
531 2052 658 2109 Haec
684 2056 863 2124 palam
905 2057 1194 2123 evincunt.
1253 2057 1527 2128 Spiritum
1562 2070 1814 2121 sanctum
1918 2072 2003 2116 tre
2033 2077 2129 2134 per
2166 2060 2365 2117 Filium
2399 2076 2419 2119 .'
2449 2057 2872 2129 colligebantque,
2905 2070 3070 2110 voces
3094 2070 3188 2126 per
3215 2062 3296 2108 et.
3318 2065 3541 2106 exite--

226 2160 334 2199 non
356 2144 470 2201 dici
521 2162 588 2200 es
619 2146 782 2213 Filio,
809 2158 904 2204 aut
936 2165 1039 2219 per
1091 2149 1293 2208 Filium
1334 2166 1478 2216 esse,
1529 2166 1595 2207 ac
1623 2153 1668 2207 si
1692 2169 1818 2224 per-
1919 2155 2069 2224 gotio
2093 2154 2146 2209 in
2172 2154 2300 2209 .isto
2330 2151 2753 2222 :equipollentes
2770 2164 2915 2204 esse.
2943 2146 3103 2213 Quod
3130 2145 3298 2203 etiam
3318 2143 3517 2201 diserto

224 2238 357 2294 inde
388 2240 533 2295 fore:
560 2257 625 2295 ac
653 2241 834 2312 ipsum
866 2259 987 2300 esse
1023 2243 1090 2299 de
1117 2245 1357 2301 essentia
1382 2245 1548 2312 Filii;
1581 2245 1676 2303 sed
1712 2245 1820 2302 uti-
1921 2246 2095 2300 doceri
2129 2245 2308 2301 aiebat
2361 2243 2722 2314 (Pachymere
2771 2239 2893 2296 loco
2925 2239 3094 2294 citato
3152 2236 3510 2299 adnatunte),

225 2345 337 2400 que
370 2330 524 2386 illum
554 2348 677 2388 esse
704 2348 774 2388 ex
793 2332 919 2389 Filii
944 2349 1199 2406 persona,
1227 2350 1293 2391 ac
1327 2352 1427 2407 per
1461 2336 1585 2393 Filii
1623 2351 1820 2409 perso-
1920 2338 1975 2391 in
2010 2336 2181 2408 Opere
2207 2337 2291 2390 cui
2311 2333 2483 2391 Sacra
2522 2330 2871 2404 Hoplotlteca,
2900 2331 3009 2385 sive
3053 2326 3283 2384 Sacrunt
3320 2329 3519 2381 Arma-

230 2437 384 2487 nam,
415 2424 589 2479 \eluti
645 2424 844 2490 αἴτιον,
893 2443 1138 2494 causam,
1203 2438 1302 2483 aut
1348 2430 1672 2500 principium
1702 2447 1719 2485 :
1755 2447 1821 2486 cx
1925 2430 2265 2495 mentarium,
2298 2443 2489 2483 nomen
2518 2433 2630 2482 est:
2658 2425 2754 2497 qui
2776 2423 2912 2478 liber
2938 2423 3079 2478 inter
3094 2420 3443 2483 authenticos,
3465 2424 3542 2472 et:

227 2530 438 2585 eoque.
498 2524 592 2571 aut
628 2532 729 2587 per
787 2518 969 2589 ipsum
1015 2520 1270 2592 accipere
1310 2536 1437 2577 cum
1493 2525 1824 2579 exsistentia
1924 2538 2054 2578 sane
2085 2520 2340 2577 Ecclesia:
2369 2520 2669 2574 doctrinam
2734 2514 3097 2581 declarantes,
3123 2513 3327 2570 censeri
3359 2511 3519 2568 solet.

232 2608 482 2663 divinam
538 2618 822 2665 naturam.
886 2610 1018 2678 Quae
1081 2625 1365 2683 postrema
1408 2616 1633 2671 nomina
1689 2616 1823 2683 duo,
1928 2613 2037 2669 Pro
2060 2628 2290 2670 suarum
2321 2611 2562 2684 partium
2585 2608 2773 2666 studio
2801 2609 2921 2664 haec
2973 2621 3256 2679 posuema
3313 2603 3533 2675 Pacliy-~

231 2718 433 2765 cause,
464 2716 517 2757 et
548 2704 818 2773 principii.
858 2716 1160 2762 memorata
1188 2708 1367 2763 sancti
1394 2708 1620 2764 Thomas
1648 2712 1828 2765 animo
1932 2718 2113 2775 meres
2145 2703 2350 2774 adjecit
2392 2700 2590 2756 verba.
2638 2696 2716 2755 De
2766 2706 3023 2763 auctore,
3075 2696 3308 2766 eiusque
3351 2708 3539 2762 cpt-te-

228 2794 625 2850 adversionem
670 2807 973 2867 suggerunt
1009 2818 1022 2854 :
1074 2802 1292 2868 parcius
1328 2816 1504 2857 cauete
1554 2803 1829 2856 vocabulo
1922 2798 2198 2870 judicium
2221 2797 2411 2867 accipe
2431 2795 2598 2851 Becci
2622 2790 3024 2865 patriarchasin
3049 2786 3521 2845 Rciutationibus.

235 2903 369 2941 usos
397 2904 521 2943 esse
555 2904 654 2957 pro
681 2890 943 2959 principio
971 2889 1220 2958 Latinos,
1252 2908 1317 2947 ac
1346 2893 1694 2965 processionis
1725 2896 1832 2949 ori-
1929 2908 2052 2963 qua:
2074 2899 2294 2946 exstant
2319 2888 2374 2945 in
2401 2882 2611 2944 Gracia
2670 2884 2983 2949 orthodoxa,
3035 2890 3183 2936 torno
3216 2877 3283 2934 ll:
3351 2895 3370 2929 ‹
3435 2874 3527 2930 Li.-

228 2979 379 3048 gine,
410 2977 509 3033 sed
544 2988 845 3049 utrumque
871 2980 1078 3038 Graecis
1118 2982 1353 3054 perinde
1405 2984 1597 3042 fuisse.
1656 2985 1831 3055 Aqui-
1932 2986 2087 3040 brum
2116 2972 2221 3040 sub
2285 2981 2519 3051 imperio
2565 2980 2834 3036 Manuelis
2881 2974 3026 3048 regis
3072 2973 3163 3045 (ab
3199 2980 3346 3027 anno
3385 2969 3547 3025 ιιιᾰη

234 3073 757 3128 natemconsulein
790 3073 1077 3145 Opusculo
1108 3090 1150 3143 ι,
1194 3084 1390 3133 contra
1420 3091 1642 3135 errores
1682 3075 1833 3133 ϐηθ-
1934 3078 2002 3131 ad
2051 3089 2265 3131 annum
2318 3073 2506 3146 1180),
2564 3070 2838 3128 Manuelis
2902 3080 3197 3141 personam
3264 3062 3527 3123 induens,

240 3179 466 3229 corum,
488 3166 671 3235 capite
702 3166 747 3219 ι.
1934 3168 2286 3226 Andronicus
2315 3181 2547 3225 munere
2580 3162 2863 3236 drungarii
2911 3160 3069 3233 viglae
3110 3168 3243 3214 tunc
3291 3155 3529 3226 iungens

312 3254 390 3325 (6)
430 3274 449 3307 ι
492 3256 866 3326 Epiphaniam
900 3273 1117 3328 quoque
1149 3257 1521 3330 deprehendit
1551 3269 1611 3316 et
1647 3261 1834 3317 multis
1883 3326 1910 3333 Α
1943 3261 2080 3333 (sive
2114 3261 2412 3331 praefectus
2448 3257 2724 3330 vigilum).-
2763 3262 3135 3320 cognomento
3175 3249 3527 3312 Camaterus,

241 3345 297 3400 in
339 3346 515 3407 libris.
548 3357 600 3401 ct
625 3362 772 3416 saepe
818 3348 872 3401 in
920 3326 1256 3419 unoquoque
1325 3347 1523 3405 eadem
1564 3350 1842 3405 atlirtnan-
1867 3326 1912 3388 Ο
1944 3326 2028 3410 i'ir
2066 3326 2333 3426 sapientia
2361 3369 2474 3409 non
2511 3326 2776 3425 ignobilis
2827 3346 3175 3425 composuit:
3215 3344 3269 3400 in
3302 3357 3413 3416 quo
3442 3355 3543 3396 ca-r

245 3449 380 3495 tein.
414 3458 435 3493 ι
468 3441 765 3510 innumera
811 3450 942 3495 sunt
991 3456 1057 3495 ac
1107 3440 1551 3499 luculentissima
1598 3440 1843 3513 Epiplia-
1948 3455 2034 3505 ms
2064 3447 2155 3504 ille
2183 3445 2291 3513 vir,
2325 3461 2435 3501 non
2488 3444 2795 3517 prudenter
2843 3452 3125 3497 certamen
3168 3437 3312 3501 iniit,
3354 3449 3545 3505 neque

242 3533 320 3586 itii
356 3533 700 3588 testimonia.
745 3533 925 3588 Pauca
961 3533 1172 3603 accipe.
1207 3532 1269 3588 In
1300 3534 1591 3596 Ancorato,
1624 3548 1680 3587 n.
1728 3535 1837 3588 (i7:
1944 3551 2047 3609 pro
2079 3550 2193 3591 sua:
2257 3534 2544 3604 sapientiae
2591 3533 2893 3605 dignitate;
2946 3530 3093 3602 quod
3128 3529 3212 3583 vel
3248 3526 3549 3598 prepriutn

243 3624 371 3678 lam
397 3640 520 3678 vero
562 3640 683 3678 cum
705 3623 948 3679 Christus
992 3623 1241 3692 a,Patre,
1297 3622 1438 3677 Deus
1491 3621 1727 3677 videlicet
1782 3638 1846 3676 ex
1944 3638 2172 3683 secutus
2210 3629 2284 3684 sit
2334 3624 2657 3693 arbitrium,
2706 3625 2791 3681 vel
2824 3621 3168 3679 dominantis
3222 3620 3394 3689 iussa,
3448 3616 3533 3670 vel

246 3716 384 3780 Deo.
421 3716 664 3772 θηλεων
692 3730 712 3771 :
750 3725 798 3769 et
832 3714 1063 3787 Spiritus
1094 3718 1156 3770 ὲκ
1185 3714 1277 3770 τοῦ
1309 3713 1570 3785 Χριστοῦ,
1597 3730 1661 3769 ea:
1689 3713 1845 3772 Chri-
1950 3719 2213 3788 temporis
2250 3718 2753 3790 Opportunitatem,
2805 3715 2893 3770 vel
2944 3700 3351 3784 aliquid‘aliud,
3383 3708 3551 3778 quod

244 3820 365 3875 sto;
423 3810 459 3881 ἢ
486 3812 617 3881 παρ’
652 3810 998 3880 ἀμφοτέρων.
1036 3826 1129 3863 seu
1158 3809 1223 3863 ab
1266 3817 1492 3879 utroque
1518 3825 1535 3865 :
1563 3810 1702 3863 sicut
1729 3811 1831 3881 ipsi

1947 3811 2083 3867 mihi
2113 3812 2355 3869 nondum
2392 3811 2590 3882 liquet.
2624 3828 2644 3863 ι

247 3906 375 3958 dicit
401 3903 668 3967 Christus,
698 3904 788 3973 qui
835 3921 866 3956 a
900 3902 1064 3958 Patre
1110 3903 1371 3974 procedit,
1404 3903 1519 3957 Καὶ
1571 3901 1729 3967 οὗτος
1781 3905 1847 3957 ἐκ
2018 3904 2080 3959 lu
2133 3918 2197 3959 ea
2222 3904 2347 3960 libri
2379 3912 2535 3974 parte
2611 3888 2735 3972 qua:
2768 3897 3042 3971 Spiritum
3091 3905 3344 3951 sanctum
3411 3909 3539 3963 spc—

248 3997 343 4050 τνιῦ
376 3996 515 4067 ἐ.μοῦ
538 3996 793 4067 λήψεται,
820 3995 891 4051 Et
931 3997 1012 4050 hic
1037 3997 1100 4049 de
1132 4012 1244 4051 meo
1275 3996 1520 4068 accipiet.
1551 3996 1654 4054 Ubi
1683 4012 1847 4053 voces
1948 4007 2079 4065 ctat,
2109 3997 2353 4069 quinque
2394 3994 2635 4066 conﬁctis
2679 3994 3004 4064 dogmatum
3050 3989 3360 4062 principiis,
3400 4003 3538 4063 quo-

249 4090 382 4153 illae,
413 4089 478 4142 de
501 4104 639 4154 meo,
670 4103 963 4159 personam
992 4087 1159 4145 Verbi
1194 4088 1523 4159 respiciunt.
1578 4104 1691 4146 non
1745 4088 1847 4147 Pa-
1949 4106 2068 4145 rum
2098 4088 2308 4145 nullum
2348 4088 2535 4162 (Becci
2570 4085 2740 4144 verba
2775 4085 2927 4156 sunt)
2967 4082 3092 4139 licet
3118 4072 3395 4154 quispiam
3410 4080 3548 4134 divi-

253 4184 376 4237 tris.
408 4182 648 4245 ibidem.
673 4198 829 4237 num.
860 4183 950 4246 7L
991 4181 1196 4238 Filium
1236 4191 1387 4238 vocat
1415 4185 1507 4236 τὸν
1557 4183 1618 4250 ἐξ
1654 4185 1846 4249 αὐτοϋ,
1946 4199 2140 4238 norum
2179 4181 2405 4236 Patrum
2433 4176 2837 4236 Commentaria‘
2892 4174 3167 4232 evolvendo
3223 4172 3551 4235 delassatur,

250 4278 341 4346 qui
375 4293 442 4330 ea:
467 4277 579 4347 ipso
598 4276 809 4348 (Patre)
834 4295 849 4332 ;
888 4274 1147 4347 Spiritum
1170 4292 1292 4330 vero
1322 4286 1588 4342 sanctum,
1612 4277 1673 4330 τὸ
1700 4280 1834 4349 παρ’
1950 4297 1984 4334 a
2024 4294 2292 4349 quoquam
2311 4293 2543 4348 unquam
2564 4282 2828 4332 assertum
2853 4273 3102 4344 reperiet,
3123 4268 3548 4324 adversantium.

251 4369 606 4439 ἀμφοτέρων,
635 4370 725 4438 qui
746 4384 809 4423 ea;
833 4367 1102 4423 ambobus.
1129 4406 1143 4422 .
1161 4406 1179 4422 .
1201 4366 1363 4435 Audi,
1397 4371 1842 4440 quemadmodum
1949 4372 2267 4430 Graecorum
2295 4370 2632 4444 excogitatio
2655 4365 3146 4438 comprehenditur
3178 4362 3382 4418 omnis.
3431 4358 3544 4414 Re-

260 4462 421 4518 Pater
461 4478 582 4517 vere
611 4465 683 4516 sit
711 4460 837 4515 Filii
877 4471 1050 4533 pater,
1079 4468 1326 4532 totusque
1385 4462 1477 4517 luto
1507 4480 1522 4517 :
1558 4473 1607 4517 et
1667 4462 1715 4516 F
1720 4462 1841 4518 ilius
1948 4464 2057 4521 fert
2090 4480 2153 4523 ea
2185 4462 2391 4522 ibidem
2425 4478 2569 4534 saepe
2610 4460 2864 4517 laudatus
2896 4457 3212 4530 patriarcha
3248 4475 3262 4511 :
3295 4453 3541 4509 Primum

255 4568 372 4607 vere
401 4553 474 4605 sit
512 4551 693 4605 Patris
748 4551 1159 4618 ﬁlius,,lumen
1196 4553 1260 4606 de
1316 4551 1515 4608 lumine
1556 4569 1574 4608 :
1614 4546 1831 4627 Spiritui

1949 4574 2073 4629 ergo
2112 4564 2350 4615 asserens
2394 4573 2414 4611 :
2443 4556 2717 4628 proprium
2753 4553 2933 4608 Patris
2987 4567 3096 4606 esse
3124 4547 3385 4619 Spiritum
3411 4562 3543 4620 pro-

257 4645 484 4714 denique
510 4652 733 4698 sanctus
796 4641 1047 4697 Veritatis
1092 4645 1167 4699 sit
1200 4640 1455 4715 Spiritus,
1512 4645 1628 4713 φῶς
1653 4618 1831 4716 spiam

1954 4650 2166 4705 ducere.
2204 4650 2320 4704 lmo
2349 4648 2579 4720 spiratio
2609 4645 2807 4709 activa.
2837 4662 2959 4699 cum
2992 4659 3091 4698 nec
3114 4640 3260 4696 Patri
3317 4654 3418 4695 nec
3451 4638 3545 4693 F-i-
3598 4618 3612 4641 ’

260 4738 409 4804 παρὰ
464 4735 707 4805 Πατρδς.
734 4735 834 4788 καὶ
860 4733 1014 4801 Υἰοῦ,
1042 4735 1259 4789 tertium
1311 4752 1344 4790 a
1377 4734 1566 4801 Patre,
1608 4735 1850 4807 Filioque

262 4827 458 4883 lumen.
487 4827 624 4894 Quis
666 4827 878 4882 inﬁcias
909 4829 1095 4892 iverit,
1132 4828 1220 4900 agi
1256 4829 1360 4884 hoc
1386 4829 1511 4884 loco
1537 4830 1603 4884 dc
1638 4832 1848 4905 produ—

263 4926 447 4983 ctione
487 4923 812 4979 sut;stantiae
841 4938 906 4979 ac
941 4938 1189 4994 persona:
1215 4923 1456 4994 Spiritus
1486 4926 1660 4979 sancti
1696 4924 1718 4977 ?

330 5017 582 5087 insignes
609 5017 744 5073 alias
770 5030 877 5070 non
904 5016 1356 5087 praetermiserim
1390 5014 1447 5071 in
1468 4998 1663 5073 eodem
1684 5015 1853 5072 Anco-

267 5120 383 5165 roto
431 5109 755 5165 sententias.
805 5109 971 5166 Num.
998 5109 1032 5165 8
1069 5108 1192 5167 ait:
1234 5109 1381 5165 Inest
1426 5124 1548 5180 ergo
1593 5108 1735 5168 Deus
1788 5112 1844 5162 in

270 5202 451 5269 Patre,
477 5204 611 5257 inest
639 5204 697 5256 in
729 5200 893 5264 Filio.
924 5202 1059 5256 inest
1086 5200 1143 5257 in
1160 5199 1366 5273 Spiritu
1402 5211 1584 5257 sancto
1609 5217 1630 5258 :
1655 5203 1747 5273 qui
1792 5217 1857 5256 ea:

270 5296 380 5351 Deo
396 5297 621 5365 pariter,
643 5304 690 5349 et
709 5294 845 5349 Deus
884 5304 984 5351 est.
1018 5293 1246 5365 Spiritus
1285 5295 1426 5349 enim
1466 5293 1584 5360 Dei,
1622 5294 1857 5360 Spiritus

271 5390 453 5445 Patris
483 5400 534 5444 et
584 5386 715 5442 Filii
753 5386 982 5456 Spiritus
1013 5403 1033 5442 :
1065 5403 1168 5443 non
1217 5388 1601 5461 compositione.
1646 5386 1853 5457 aliqua.

271 5483 722 5553 quemadmodum
756 5483 814 5536 in
845 5481 993 5537 nobis
1023 5482 1209 5535 anima
1235 5496 1528 5550 corpusque
1582 5480 1858 5551 conjungi-

276 5586 365 5629 tur
395 5591 412 5628 :
442 5577 534 5630 sed
565 5577 622 5645 iu
662 5575 816 5643 μέσῳ
848 5576 1063 5645 Harpe;
1104 5575 1201 5631 καὶ
1224 5571 1380 5641 risi},
1422 5574 1492 5627 ἐκ
1519 5572 1611 5626 τοῦ
1644 5574 1858 5645 Πατρὴς

278 5670 373 5722 καὶ
400 5667 492 5722 τοῦ
522 5666 681 5729 Υιοῦ,
709 5668 893 5738 τρίτον
912 5670 979 5737 τῇ
1020 5666 1326 5735 ὀνομασίᾳς
1383 5664 1534 5720 Inter
1560 5665 1777 5721 Patrem
1807 5673 1870 5719 et;

281 5761 473 5816 Filium
504 5761 709 5815 medius
756 5775 821 5814 ex
843 5762 1010 5814 Patre
1061 5759 1326 5831 Filioque.
1368 5760 1558 5814 tertius
1621 5757 1863 5830 appella-

285 5858 444 5910 tione.
474 5856 653 5911 Verba
682 5853 885 5919 refero,
913 5868 1036 5925 qua:
1082 5868 1238 5909 num.
1293 5852 1362 5909 73
1398 5852 1673 5910 habentur
1702 5871 1717 5908 :
1748 5850 1860 5924 Igi-

288 5960 373 6006 tur
388 5951 433 6006 si
454 5967 487 6007 α
521 5947 695 6005 Patre
728 5947 959 6017 procedit
985 5962 1004 6004 :
1028 5955 1078 6003 et
1108 5947 1173 6004 de
1194 5962 1329 6018 meo,
1357 5946 1434 6003 ait
1459 5945 1739 6020 Dominus,
1778 5964 1864 6003 ac-

1955 4742 2031 4801 lio
2069 4752 2400 4815 opponatur,
2452 4739 2672 4812 utrique
2712 4737 3024 4797 communis
3088 4744 3193 4789 est.
3244 4726 3549 4791 Dicirsolct

1955 4839 2272 4909 praprietas,
2307 4837 2437 4909 quia
2468 4849 2577 4890 non
2613 4842 2699 4891 est
2731 4829 3040 4888 communis
3063 4827 3239 4882 tribus
3272 4824 3553 4897 personis,

1957 4946 2082 4987 cum
2106 4938 2316 4987 tantum
2345 4928 2643 4985 conveniat
2671 4925 2821 4981 Patri
2882 4932 2937 4978 et
2959 4921 3121 4977 Filio.
3144 4919 3266 4976 Non
3308 4929 3395 4974 est
3415 4931 3550 4973 vero

1956 5022 2257 5095 proprietas
2286 5018 2604 5093 personalis,
2630 5017 2757 5087 quia
2778 5027 3075 5087 personam
3104 5027 3213 5067 non
3235 5010 3551 5076 constituit,

1958 5116 2053 5171 sed
2090 5130 2356 5186 personas
2382 5114 2524 5168 duas
2552 5110 2885 5167 constitutas
2936 5104 3123 5177 aiﬁcit,
3181 5121 3246 5160 ac
3282 5104 3450 5160 refert
3478 5105 3550 5160 ad

1962 5209 2201 5263 tertiam.
2232 5206 2568 5263 Secundum:
2600 5200 2860 5275 quidquid
2886 5201 2951 5254 de
2969 5197 3232 5254 Trinitate
3261 5198 3547 5260 asseritur,

1959 5308 2053 5354 aut
2083 5306 2159 5354 est
2184 5298 2361 5362 unius,
2395 5302 2488 5351 aut
2518 5293 2836 5363 trium..71
2866 5292 2924 5346 ld
2955 5290 3156 5362 oppido
3179 5287 3369 5345 falsum
3398 5287 3549 5344 evin-

1960 5400 2117 5457 cunt,
2149 5404 2272 5462 quat
2321 5387 2580 5445 adnotata
2631 5395 2782 5443 sunt.
2828 5383 3070 5465 Spiratio
3119 5382 3320 5449 activa,
3381 5381 3553 5437 sicuti

1964 5500 2074 5541 non
2115 5483 2416 5555 opponitur
2458 5478 2777 5553 paternitziti
2805 5488 2858 5532 et
2891 5476 3140 5533 tiliationi
3165 5519 3180 5545 ,
3241 5477 3316 5532 ita
3374 5490 3553 5546 oppo-

1965 5576 2114 5633 nitur
2138 5572 2428 5646 spirationi
2460 5571 2730 5643 passivae;
2766 5567 2912 5624 unde
2954 5566 3184 5638 spiratio
3223 5567 3401 5621 activa
3437 5579 3550 5619 non

1963 5678 2048 5726 cst
2066 5668 2248 5734 unius,
2269 5682 2379 5723 non
2402 5675 2485 5724 est
2504 5654 2693 5728 trium,
2708 5661 2804 5719 sed
2821 5670 2906 5719 est
2924 5648 3553 5730 duarumpersouarum.

1966 5760 2194 5818 Tertium
2221 5780 2239 5818 :
2263 5760 2514 5834 quidquid
2530 5760 2595 5816 de
2615 5759 2804 5814 divinis
2822 5755 3057 5828 personis
3071 5753 3355 5821 asseritur,
3368 5761 3462 5804 aut
3478 5760 3554 5805 est

1964 5853 2261 5927 persancte,
2279 5862 2371 5909 aut
2391 5862 2467 5909 est
2488 5850 2758 5907 naturale.
2787 5848 2955 5921 Atqui
2970 5847 3220 5919 verojam
3250 5851 3416 5916 patet,
3451 5842 3546 5908 spi-

1968 5948 2242 6006 rationctu
2279 5950 2517 6005 activam
2543 5962 2655 6003 non
2702 5960 2821 6001 esse
2858 5941 3079 6016 proprie
3111 5935 3359 5996 naturale
3391 5932 3554 6009 quid-
