3858 6508
258 1553 263 1557 ’
354 1543 447 1596 sed
472 1543 542 1597 ad
571 1543 773 1613 aliquid
798 1563 817 1610 ;
850 1556 904 1598 ut
932 1546 977 1599 si
1011 1544 1219 1598 dicatur
1243 1543 1380 1615 quod
1414 1541 1684 1597 rationale
1705 1550 1780 1596 est
1810 1557 1936 1612 pro-

298 530 301 537 ·
378 512 448 578 sa
855 484 860 488 ’
1414 508 1740 571 GEORGII
1781 508 2040 570 CYPRIl
2084 509 2196 574 cr.
2242 507 2769 570 PATRIARCHJ!
3553 503 3623 569 st

378 630 544 698 piam.
575 640 676 681 nec
727 639 849 682 esse
885 623 1176 696 personale
1209 640 1223 677 :
1260 637 1381 678 esse
1423 632 1606 678 tamen
1648 621 1783 693 quid
1819 635 1947 692 pro-
1975 626 2021 682 Α
2122 618 2208 678 IV.
2247 620 2571 694 llujusmodi
2614 620 3015 676 sententiarum
3039 621 3397 687 indicatione,
3424 621 3626 693 quibus

374 722 575 789 prium,
604 716 752 787 quod
785 718 914 773 licet
939 716 1155 771 duabus
1190 713 1481 770 conveniat
1515 715 1791 785 personis,
1836 713 1939 769 Pa-
2043 730 2108 770 ex
2132 729 2378 771 veterum
2410 715 2634 770 Patrum
2660 729 2802 785 penu
2839 715 3148 787 desumptis
3189 732 3344 771 suam
3376 726 3431 770 et
3473 715 3628 770 Lati-

375 810 444 864 tri
474 816 530 864 et
560 807 715 876 Elin,
736 818 926 879 utpote
949 824 1124 877 neque
1153 807 1473 876 paternitati
1510 820 1688 875 neque
1722 804 1943 860 liliatio-
2041 822 2239 862 norum
2308 822 2531 862 causam
2567 809 2865 879 perorabat
2914 808 3143 873 Beccus,
3182 811 3455 879 egregiam
3526 823 3625 878 pro

367 899 425 954 lli
466 899 800 970 oppositum,
839 914 947 952 non
987 906 1070 952 est
1131 911 1423 951 commune
1486 894 1684 958 tribus,
1742 908 1941 964 nempe
2040 902 2233 956 eadem
2267 916 2429 956 causa
2462 901 2770 972 apologiam
2805 901 2939 956 ιθχῑι
2976 901 3366 972 Ρθειιγηιειιρε,
3410 902 3519 956 Pro
3554 916 3623 954 eo

364 1001 557 1046 sancto
613 992 778 1045 etiam
823 991 1076 1060 Spiritui.
1131 990 1219 1044 cui
1257 989 1466 1043 scilicet
1496 988 1725 1043 relative
1769 1000 1941 1055 oppo-
2042 1002 2247 1059 tamen,
2289 1011 2400 1062 quo
2440 994 2727 1050 laborabat
2780 997 3096 1052 scliismatis
3139 996 3356 1060 morbo,
3393 995 3483 1049 vix
3539 994 3623 1047 in.

362 1082 535 1136 nitur.
566 1083 717 1137 lianc
746 1084 945 1152 promit
995 1085 1197 1138 Doctor
1247 1081 1528 1152 angelicus
1567 1079 1936 1150 objectionem
2043 1084 2292 1155 telligens
2330 1100 2454 1155 qua:
2503 1087 2782 1141 scribebat
2852 1107 2866 1142 :
2913 1086 3106 1152 locum,
3148 1088 3248 1152 ait,
3294 1084 3625 1141 accusationi

362 1184 557 1242 'lUTSl-
607 1174 693 1239 ίθο
740 1178 806 1229 de
838 1175 1077 1247 p0lenlia
1109 1177 1265 1228 Μιῖοο
1312 1173 1366 1238 4,
1398 1187 1630 1241 eamque
1661 1171 1821 1225 εοῐνίῑ
1868 1168 1933 1223 ad
2036 1178 2120 1232 sui
2141 1178 2346 1233 dedisse
2388 1177 2613 1232 Beccnm
2645 1180 2787 1233 haud
2811 1197 2943 1234 sane
2975 1181 3372 1234 cantemnendte
3422 1194 3440 1231 :
3481 1194 3547 1232 ac
3578 1176 3622 1231 si

359 1263 413 1328 7,
448 1266 641 1337 duplex:
690 1267 1081 1337 distinguendo
1125 1266 1444 1337 praprium:
1507 1266 1759 1322 alterunt,
1798 1261 1937 1333 quod
2036 1284 2257 1337 nempe,
2299 1268 2499 1339 duplex
2534 1270 2627 1325 ille
2667 1286 2731 1325 ac
2763 1270 2943 1325 Latini
2975 1272 3332 1342 principium,
3384 1280 3479 1325 aut
3524 1271 3624 1323 du.

358 1367 433 1411 cst
464 1360 770 1430 simpliciter
816 1369 865 1413 et
893 1359 1152 1422 absolute,
1180 1368 1230 1411 ct
1268 1359 1361 1412 uni
1388 1357 1490 1411 soli
1521 1357 1778 1420 convenit,
1802 1355 1937 1410 sicut
2037 1360 2234 1431 plicem
2270 1360 2511 1431 Spiritus
2540 1364 2712 1418 sancti
2743 1379 2989 1426 causam,
3014 1365 3399 1418 admitterent.
3440 1382 3458 1414 ι
3497 1362 3621 1417 Non

357 1451 556 1505 risibile
583 1455 780 1506 homini
810 1468 830 1507 :
861 1454 1114 1516 alterum,
1147 1454 1284 1522 quod
1315 1469 1420 1505 non
1474 1462 1551 1506 est
1605 1449 1933 1517 simpliciter,
2035 1451 2195 1513 levis,
2255 1467 2359 1508 nec
2415 1454 2654 1523 vulgaris
2702 1470 2863 1510 error
2895 1456 3215 1520 videbatur,
3282 1468 3487 1526 praeter
3518 1457 3623 1509 vim

2035 1547 2282 1617 principii
2328 1556 2380 1600 et
2438 1563 2632 1613 causae,
2669 1564 2793 1617 quae
2833 1550 2887 1603 in
2923 1546 3090 1603 Patre
3121 1564 3150 1604 a
3185 1552 3406 1604 cutictis
3457 1563 3628 1617 agno-

2034 1638 2229 1702 scitur,
2251 1646 2484 1707 respectu
2505 1637 2733 1709 Spiritus
2756 1640 2957 1702 sancti;
2983 1639 3145 1693 etiam
3162 1637 3296 1693 Filio
3315 1636 3625 1693 attribuere

2035 1733 2296 1784 rationem
2319 1732 2566 1802 principii
2583 1740 2631 1785 et
2659 1748 2834 1787 causa
2860 1749 2986 1802 erga
3015 1730 3279 1801 Spiritum
3300 1731 3567 1785 eumdem.
3594 1749 3614 1783 ι

354 1636 531 1704 prium
560 1636 758 1689 homini
788 1635 843 1689 in
868 1636 1264 1705 comparatione
1287 1635 1358 1687 ad
1382 1650 1595 1704 equum,
1622 1631 1741 1685 licet
1768 1640 1817 1685 et
1839 1629 1936 1686 alii

342 1728 648 1792 conveniat,
676 1725 874 1781 scilicet
905 1724 1113 1797 angelo.
1151 1725 1339 1795 itaque
1368 1739 1617 1795 personae
1653 1724 1797 1786 dure,
1831 1722 1934 1777 Pa-

358 1830 440 1873 ter
468 1808 524 1872 et
561 1818 756 1881 Filius,
785 1813 1143 1901 suasing'ula:
1168 1818 1503 1889 proprietate
1554 1817 1697 1886 (quae
1722 1814 1932 1886 simpli-
2034 1822 2388 1892 Consequens
2412 1823 2558 1878 istud
2596 1823 2664 1879 ab
2696 1823 3036 1881 adversariis
3090 1824 3278 1894 inepte
3313 1823 3526 1880 illatum
3561 1822 3627 1877 il-

353 1914 481 1967 riter
501 1922 550 1966 et
574 1913 811 1967 absolute
830 1911 1027 1966 dicitur
1065 1912 1396 1982 proprietas)
1424 1910 1737 1965 constituta-
1759 1917 1887 1963 sunt
1913 1926 1928 1961 :
1963 1981 2000 1988 _
2033 1913 2243 1969 ﬁdebat,
2266 1916 2472 1970 Beccus
2489 1925 2801 1988 argumenta
2834 1934 2862 1971 ε
2891 1917 3088 1974 Graecis
3112 1919 3272 1972 ducto
3302 1918 3446 1985 ipsis,
3470 1914 3621 1987 quod

328 2019 416 2081 ac
455 2013 583 2059 sunt
613 2005 644 2072 ἡ
698 2005 1096 2082 π’ίτρότηςθκαὶ
1132 1981 1337 2073 uicem.
1373 2003 1666 2072 paternitas
1700 2010 1747 2055 et
1796 2000 1922 2068 ﬁlie-

2037 2009 2151 2080 ipse
2194 1981 2575 2080 Paciiymeres'
2615 2008 2780 2064 aliert
2825 2028 2839 2063 :
2884 2010 3075 2063 Annon
3119 2010 3137 2082 (
3172 1981 3429 2078 inquiens
3461 1981 3502 2078 )⁷
3531 2023 3624 2063 vos

352 2104 458 2159 tas.
489 2096 691 2166 quibus
716 2097 937 2166 integra:
968 2106 1021 2150 et
1053 2096 1286 2151 invicem
1345 2096 1619 2151 distincta:
1649 2093 1825 2149 Patris
1876 2100 1932 2148 et
2033 2118 2234 2171 quoque
2263 2109 2312 2154 et
2339 2100 2528 2163 dicitis,
2555 2110 2603 2154 et
2631 2109 2764 2156 recte
2796 2102 2899 2155 dici
2928 2102 3191 2172 fatemini,
3234 2101 3455 2155 Patrem
3503 2116 3621 2155 esse

350 2186 471 2243 Filii
507 2187 830 2260 itypostases
855 2190 1147 2245 exsistunt.
1177 2188 1337 2243 Hisce
1370 2203 1501 2244 vero
1523 2191 1632 2255 jam
1665 2188 1933 2242 conslitu-
2028 2196 2318 2264 ῃενῙεειωη
2365 2193 2554 2257 Deum,
2579 2193 2860 2265 perfectum
2890 2197 3014 2250 item
3050 2195 3219 2249 Deum
3250 2211 3360 2248 εδεε
3398 2192 3616 2256 Filium.

350 2281 421 2336 tis
450 2281 663 2337 accedit
690 2282 816 2344 alia,
844 2299 964 2353 quae
987 2292 1071 2336 est
1101 2281 1346 2351 Spirandi
1380 2282 1725 2353 proprietas:
1757 2294 1931 2350 caque
2030 2289 2251 2358 denique
2274 2287 2613 2343 Paracletum
2639 2288 2927 2358 perfectum
2978 2297 3027 2342 et
3054 2290 3226 2358 ipsum
3260 2305 3368 2341 esse
3398 2286 3567 2340 Deum
3588 2286 3618 2340 .’

349 2372 591 2428 divinam
629 2378 947 2442 essentiam,
972 2392 1036 2431 ac
1069 2376 1349 2437 virtutem,
1398 2384 1455 2429 et
1527 2376 1926 2444 operatiom‘m.
2034 2378 2217 2435 Utrum
2243 2380 2426 2450 igitur.
2458 2381 2581 2450 quia
2604 2380 2726 2434 inde
2750 2387 2855 2433 tres
2882 2395 2990 2433 esse
3030 2381 3152 2433 deos
3170 2380 3372 2433 videtur
3401 2379 3617 2444 inferri,

352 2475 413 2522 nt
443 2475 529 2523 est
569 2466 624 2520 in
663 2466 821 2522 Patre
856 2478 911 2523 et
946 2468 1001 2522 in
1050 2467 1093 2522 F
1117 2468 1213 2528 lio.
1246 2467 1363 2522 sive
1406 2477 1465 2523 ttt
1516 2476 1602 2523 est
1636 2467 1689 2520 in
1730 2465 1925 2528 Palre.
2028 2472 2165 2542 falso
2198 2475 2301 2527 isto
2349 2480 2397 2527 et
2423 2472 2713 2544 respuendo
2750 2471 3033 2526 corollario
3068 2471 3384 2541 theologiam
3437 2470 3618 2542 inqui-

348 2568 407 2613 et
435 2576 465 2614 a
499 2559 658 2615 Patre
694 2561 745 2615 in
774 2561 933 2627 Filio,
968 2560 1336 2631 consequitur
1382 2572 1439 2615 et
1501 2560 1784 2615 tnodil‘tcat
1812 2577 1825 2612 :
1862 2574 1927 2614 ac
2028 2565 2271 2618 nubimus
2302 2563 2329 2617 i’
2358 2563 2547 2620 Unitas
2572 2578 2637 2617 ac
2670 2562 2931 2617 identitas
2955 2562 3209 2616 essentia:
3231 2561 3459 2626 divinat,
3493 2576 3620 2631 qua

348 2647 423 2704 ita
454 2651 673 2711 demum
709 2651 789 2714 lit,
820 2662 877 2707 ut
909 2667 1080 2707 unum
1136 2653 1230 2708 iiat
1290 2669 1357 2708 ex
1410 2650 1680 2708 ambobus
1717 2651 1925 2721 princi-
2029 2655 2207 2709 tribus
2230 2655 2375 2709 inest
2412 2654 2616 2709 divinis
2651 2653 2932 2723 personis,
2970 2663 3081 2709 tres
3122 2654 3255 2709 licet
3323 2653 3457 2718 sint,
3520 2668 3620 2707 eas

350 2743 522 2811 piunt,
550 2752 604 2799 et
639 2759 782 2798 unus
812 2745 1111 2814 προδολεὺς
1136 2746 1410 2815 spirator;
1445 2760 1554 2797 non
1588 2753 1771 2796 tamen
1818 2756 1925 2795 una
2024 2745 2189 2802 ellicit
2217 2762 2381 2800 unum
2410 2761 2531 2800 esse
2562 2746 2756 2801 Deum.
2799 2745 2907 2800 Par
2945 2754 3030 2801 est
3091 2746 3402 2814 exctnplum
3455 2745 3510 2799 in
3546 2744 3619 2798 iis

345 2848 607 2904 persona.
638 2836 777 2891 llinc
808 2852 1153 2908 consequens
1183 2837 1314 2892 illud
1375 2835 1621 2898 eliditur,
1652 2850 1760 2903 quo
1795 2834 1922 2902 Spi-
2024 2852 2146 2906 quae
2170 2836 2236 2892 ad
2265 2847 2417 2891 extra
2439 2847 2713 2890 vocantur
2739 2837 3114 2906 operationes.
3142 2836 3330 2891 Mundi
3355 2835 3618 2891 conditor

346 2928 518 2983 ritum
556 2939 809 2983 sanctum
841 2944 955 2985 sua:
986 2927 1353 3000 processionis
1377 2937 1658 2981 auctorem
1679 2925 1797 2978 fore
1828 2922 1925 2978 de-
2023 2939 2110 2984 est
2143 2937 2319 2997 pater,
2355 2928 2448 2983 sed
2479 2928 2643 2982 etiam
2676 2926 2850 2983 Filius
2876 2928 3135 2983 conditor
3171 2927 3356 2982 mundi
3393 2936 3504 2991 est,
3554 2933 3619 2982 et

344 3021 595 3089 ducunt;
625 3021 753 3093 quia
787 3030 844 3077 et
899 3022 1014 3092 ipse
1046 3019 1298 3077 eamdem
1325 3036 1450 3076 cum
1486 3017 1644 3073 Patre
1677 3026 1732 3071 et
1781 3015 1922 3071 Filio
2022 3031 2106 3077 est
2124 3021 2379 3076 conditor
2405 3021 2595 3075 mundi
2619 3020 2855 3090 Spiritus
2874 3029 3130 3076 sanctus:
3155 3019 3251 3077 sed
3275 3021 3403 3090 quia
3432 3018 3618 3074 omni-

342 3112 667 3179 essentiam,
698 3122 755 3169 et
778 3114 1064 3179 virtutem,
1095 3122 1149 3167 et
1177 3111 1555 3185 epe'rationem
1593 3109 1782 3168 habet;
1835 3106 1922 3162 Si-
2021 3112 2293 3185 potentia,
2319 3130 2425 3184 qua
2447 3114 2703 3171 conditur
2732 3116 2991 3181 mundus,
3013 3130 3117 3169 una
3154 3115 3295 3169 inest
3321 3130 3385 3169 ac
3416 3113 3615 3169 eadem

342 3203 564 3273 quidem
594 3220 707 3259 non
736 3203 790 3258 id
828 3202 1059 3274 pracise
1083 3201 1417 3275 operationi.
1448 3210 1546 3256 aut
1573 3199 1793 3259 virtuti.
1825 3206 1920 3252 aut
2023 3214 2076 3259 tr
2100 3205 2203 3261 bus
2236 3206 2511 3276 personis,
2548 3221 2659 3260 non
2698 3215 2828 3261 sunt
2883 3216 2999 3261 tres
3037 3207 3231 3261 mundi
3269 3205 3616 3272 conditores,

340 3296 618 3364 assentire,
646 3297 927 3361 convenit,
962 3311 1070 3367 qua
1100 3295 1341 3351 essentia
1408 3304 1513 3361 est,
1559 3302 1619 3349 ut
1653 3291 1921 3363 producat
1950 3324 1996 3385 ο
2026 3293 2123 3349 sed
2163 3310 2304 3349 unus
2333 3295 2609 3351 conditor.
2640 3295 2840 3351 Verum
2878 3297 3164 3352 enimvero
3189 3312 3296 3351 una
3322 3297 3492 3352 etiam
3526 3306 3618 3352 est

341 3389 608 3461 Spiritum
632 3399 883 3447 sanctum
912 3406 928 3442 :
984 3389 1082 3444 sed
1114 3387 1392 3451 essentia,
1422 3401 1532 3458 qua
1593 3385 1924 3457 pateruitate

341 3497 409 3537 ac
441 3480 704 3536 liliatione
730 3480 921 3536 allecta
970 3488 1077 3542 est,
1135 3479 1469 3549 quibuscum
1511 3477 1760 3548 spirandi
1800 3490 1926 3546 pro-

341 3577 549 3645 prietas
581 3583 668 3631 est
705 3575 1011 3645 complexa.
1045 3573 1176 3639 Qum
1215 3570 1436 3626 dentom
1487 3569 1731 3642 spirandi
1793 3584 1926 3639 pro-

343 3668 550 3740 prietas
577 3669 797 3724 tametsi
830 3684 934 3723 non
964 3668 1172 3738 differat
1204 3665 1493 3720 secundum
1535 3680 1646 3717 rem
1677 3681 1711 3717 a
1742 3672 1926 3734 pater-

342 3765 507 3818 nitate
537 3774 588 3819 et
610 3763 974 3831 liliatione,ut
1003 3760 1223 3832 egregie
1257 3757 1649 3814 animadvertit
1676 3756 1926 3826 Aquinas

340 3857 398 3912 in
425 3855 768 3927 Compenle
791 3855 1076 3925 theologia:
1095 3869 1220 3925 cap.
1250 3844 1341 3917 63,
1367 3848 1490 3906 Hice
1519 3860 1760 3904 attamen
1774 3849 1928 3919 diffe-

338 3958 464 4003 runt
488 3948 772 4003 secuttdum
792 3962 853 4001 ea
886 3948 957 4001 ad
990 3961 1109 4018 quat
1140 3948 1483 4017 referuntur;
1524 3958 1646 3998 nam
1684 3942 1926 4020 paterni-

341 4048 453 4096 tate
483 4038 648 4096 Pater
678 4039 907 4112 refertur
927 4039 997 4093 ad
1024 4036 1240 4100 Filium.
1274 4045 1326 4092 et
1345 4036 1612 4093 communi
1632 4036 1928 4107 spiratione

341 4133 415 4203 ad
432 4131 697 4204 Spiritum
723 4138 968 4186 sanctum
1008 4144 1029 4185 .'
1054 4139 1104 4185 et
1142 4128 1392 4185 similiter
1437 4126 1611 4183 Filius
1665 4125 1926 4196 ﬁtiatione

338 4226 550 4296 quidem
574 4225 643 4280 ad
674 4223 912 4289 Patrem,
938 4223 1203 4278 communi
1230 4237 1353 4277 uero
1375 4220 1670 4292 spiratione
1697 4218 1767 4299 ad
1798 4217 1925 4288 Spi-

338 4319 503 4373 ritum
526 4328 790 4372 sanctum.
828 4313 1064 4371 Abunde
1096 4311 1271 4368 Graeci
1297 4313 1410 4384 jam
1446 4312 1674 4377 habent,
1714 4324 1920 4381 quem-

338 4408 638 4464 admodum
698 4406 806 4463 boc
861 4406 978 4464 ﬁeri
1017 4406 1211 4478 possit,
1285 4414 1348 4461 ut
1373 4418 1498 4459 cum
1529 4403 1689 4458 Pater
1715 4412 1771 4457 et
1832 4400 1923 4458 Fi-

337 4502 450 4556 lius
485 4497 738 4572 duasint
768 4510 1038 4568 personae,
1075 4496 1297 4553 unicam
1331 4506 1513 4552 tamen
1571 4503 1630 4551 et
1682 4493 1925 4566 singula-

337 4605 459 4648 rem
485 4589 728 4648 habeant
750 4590 1107 4647 accedentem
1130 4588 1548 4661 proprietatem,
1576 4586 1630 4643 in
1654 4600 1765 4658 qua
1790 4599 1926 4641 con-

334 4683 586 4748 veniant,
625 4681 765 4738 etin
799 4697 907 4753 qua
952 4695 1120 4735 unum
1159 4681 1275 4736 sint
1305 4678 1581 4751 idemque.

405 4776 696 4833 Assertum
734 4780 989 4846 quartum
1025 4781 1129 4836 est,
1190 4769 1338 4843 quod
1386 4770 1633 4828 insinuat
1666 4767 1922 4825 Camase-

334 4884 470 4924 rus:
500 4865 742 4931 Patrem,
769 4880 889 4937 qua
920 4864 1030 4936 73
1055 4878 1121 4919 ea:
1157 4878 1215 4919 se
1244 4862 1410 4919 ueluti
1450 4877 1613 4918 causa
1649 4862 1918 4934 producit,

332 4961 542 5016 ratione
571 4973 834 5032 personas,
888 4973 994 5012 non
1027 4968 1204 5012 autem
1251 4963 1461 5010 natura:
1489 4969 1552 5008 ea
1604 4954 1917 5027 producere.

332 5050 678 5125 Principium
702 5051 1001 5121 distingue,
1019 5046 1167 5121 quod
1198 5045 1456 5118 producit
1481 5061 1497 5101 :
1528 5054 1586 5101 et
1614 5047 1914 5113 rationem,

332 5162 431 5203 seu
463 5145 747 5212 virtutem,
774 5160 883 5215 qua
940 5141 1075 5199 illud
1119 5138 1400 5213 producit.
1436 5141 1678 5196 Persona
1738 5139 1919 5196 Patris

329 5238 589 5312 producit
620 5236 890 5311 Spiritum
917 5242 1167 5291 sanctum
1198 5234 1407 5289 virtute
1435 5232 1701 5304 spirativa
1732 5249 1746 5287 :
1781 5246 1915 5302 qua,

329 5348 458 5388 cum
488 5329 680 5387 eadem
712 5329 853 5385 Filio
885 5328 1019 5384 insit
1049 5325 1461 5385 communicata
1517 5339 1545 5379 a
1581 5325 1766 5389 Patre,
1825 5323 1917 5378 ille

330 5426 500 5480 etiam
523 5423 788 5494 Spiritum
817 5430 1072 5478 sanctum
1121 5418 1404 5492 producit.
1441 5417 1585 5474 Sunt
1619 5431 1754 5488 ergo
1792 5415 1917 5471 dua:

329 5531 604 5589 personae,
642 5524 738 5571 aut
768 5514 881 5571 duo
929 5516 1237 5587 supposita,
1263 5527 1386 5583 qua:
1417 5527 1525 5567 una
1558 5512 1761 5566 virtute
1789 5523 1917 5579 pro-

327 5607 541 5662 ducunt
563 5606 828 5678 Spiritum
859 5615 1113 5662 sanctum
1173 5622 1191 5661 :
1252 5605 1503 5673 adeoque
1559 5610 1693 5658 sunt
1744 5615 1915 5656 unum

272 5696 273 5701 “
326 5696 688 5771 principium.
728 5695 987 5765 Quintum
1033 5696 1281 5769 denique,
1314 5694 1454 5767 quod
1475 5693 1755 5749 decernit:
1788 5691 1915 5763 Spi-

326 5789 492 5845 ritum
518 5805 585 5845 ιω
614 5787 778 5846 Patre
806 5804 919 5845 esse
966 5789 1213 5860 contigue
1243 5795 1294 5842 et
1327 5784 1652 5841 immediate.
1683 5782 1799 5839 imo
1820 5798 1917 5854 op-

323 5879 567 5951 positum
592 5880 881 5937 docentem
903 5878 1216 5935 audivimus
1232 5876 1565 5947 Gregorium
1580 5872 1911 5947 Nyssenum.

325 5976 540 6050 [nsigne
581 5975 957 6033 testimonium
991 5971 1111 6046 ejus
1136 5969 1341 6029 recole.

2027 3389 2253 3459 spiratio
2288 3390 2461 3442 activa
2494 3386 2638 3443 Patri
2670 3396 2725 3443 et
2765 3387 2906 3443 Filio
2953 3389 3266 3444 communis
3300 3407 3314 3444 :
3351 3389 3616 3459 adeoque

2026 3481 2138 3535 duo
2165 3481 2365 3545 Patris,
2398 3489 2454 3536 ct
2492 3480 2613 3535 Filii
2643 3480 2827 3537 divina
2856 3482 3142 3553 supposita
3184 3492 3314 3538 sunt
3346 3498 3457 3537 una
3483 3497 3619 3536 cau-

2025 3590 2109 3636 sa.
2149 3583 2245 3627 aut
2272 3589 2437 3628 unum
2463 3575 2780 3643 principium
2810 3575 2983 3629 sancti
3018 3574 3280 3644 Spiritus.

2098 3665 2226 3721 Rrec
2257 3666 2522 3722 doctrina:
2542 3666 2875 3723 Christiana:
2907 3667 3236 3722 documenta
3275 3666 3617 3722 inconcussa

2027 3759 2223 3816 scribit
2250 3759 2634 3832 Pachymeres,
2668 3759 2739 3829 ad
2759 3760 3141 3830 subterfugium
3172 3760 3408 3813 criminis
3432 3765 3617 3813 astute

2027 3867 2056 3904 a
2091 3852 2265 3906 Becco
2298 3851 2615 3907 adinventa.
2663 3850 2830 3905 Addit
2860 3850 3027 3905 etiam
3064 3854 3135 3904 ad
3169 3850 3413 3905 eumdem
3444 3850 3618 3919 ﬁnem

2026 3943 2295 3998 decretum
2316 3942 2460 4012 ﬁdei,
2482 3942 2585 4014 legi
2598 3941 2821 3998 solitum
2837 3942 2893 3997 in
2916 3941 3155 3998 Ecclesia
3176 3942 3284 4004 die,
3305 3958 3426 4014 qua
3452 3957 3620 3997 voca-

2028 4045 2119 4091 tur
2146 4034 2508 4105 Ὀρθοδοξίας,
2533 4033 2868 4091 Orthodoxite
2887 4034 3187 4097 (Dominica
3203 4034 3415 4091 scilicet
3434 4033 3618 4105 prima

2026 4123 2514 4195 Quadragesima),
2555 4124 2722 4178 tribus
2749 4131 2966 4177 auctum
3012 4121 3262 4194 capitulis
3294 4121 3364 4176 ab
3405 4122 3617 4176 eodem

2026 4215 2341 4287 patriarcha
2360 4214 2465 4287 73
2486 4231 2603 4270 cum
2631 4214 2796 4269 tribus
2819 4212 3276 4268 anathematismis
3291 4227 3311 4266 :
3334 4231 3354 4263 ι
3373 4212 3430 4267 in
3456 4226 3619 4280 eum,

2024 4308 2121 4378 qui
2164 4316 2225 4362 ut
2246 4309 2443 4378 dagma
2475 4305 2601 4362 lldei
2640 4315 2942 4369 assereret,
2981 4304 3176 4360 Filium
3206 4301 3336 4360 ‘esse
3385 4321 3623 4361 causam

2026 4400 2261 4473 Spiritus
2285 4413 2306 4455 :
2347 4396 2449 4464 Qui
2490 4399 2724 4459 diceret.
2764 4395 2971 4453 Filium
3017 4413 3128 4452 esse
3149 4412 3269 4450 cum
3298 4396 3466 4452 Patre
3495 4413 3629 4452 con-

2025 4506 2245 4546 causam
2304 4489 2536 4561 Spiritus
2569 4506 2586 4546 :
2616 4489 2723 4557 Qui
2766 4491 2949 4546 sciens
2987 4490 3453 4555 communicaret,
3516 4505 3628 4546 nec

2026 4585 2250 4656 adiungi
2279 4594 2541 4639 renueret
2572 4583 2865 4654 quibusvis
2889 4584 2960 4637 ita
2989 4582 3372 4652 loquentibus,
3405 4591 3468 4637 et
3500 4598 3630 4638 cre-

1951 4688 1998 4744 ι)
2025 4678 2309 4736 dentibus.
2366 4676 2491 4733 Hac
2522 4677 2747 4732 dicebat
2805 4678 2823 4744 (
2854 4674 3111 4744 Beccus),
3146 4674 3265 4729 hac
3304 4673 3627 4737 scribebat,

2029 4769 2131 4839 (ait
2184 4768 2594 4841 Pacbymeres),
2634 4767 2770 4821 illud
2804 4779 3026 4836 quoque
3089 4765 3303 4820 addens
3351 4782 3367 4818 :
3407 4766 3457 4820 si
3493 4768 3630 4835 quis

2029 4866 2213 4922 inesse
2245 4859 2598 4920 contenderit
2620 4857 2999 4931 praepositioni
3033 4857 3144 4921 διὰ,
3171 4873 3288 4929 per,
3325 4859 3629 4914 notionem

2025 4966 2230 5025 causa,
2273 4954 2450 5011 audax
2482 4951 2539 5007 id
2570 4952 2722 5007 dictu
2750 4950 3104 5021 cogitatuque
3133 4949 3327 5007 fuerit.
3382 4968 3404 5004 ι

2101 5046 2500 5118 Subterfugium
2532 5042 2786 5099 criminis
2814 5040 3051 5105 nullum,
3093 5054 3200 5096 nec
3243 5041 3360 5096 ulla
3406 5044 3631 5097 subter~

2028 5143 2163 5214 fugii
2193 5139 2412 5211 species
2439 5138 2495 5192 in
2528 5135 2618 5191 his
2652 5135 2789 5190 latet
2826 5132 3334 5189 auathematismis.
3370 5134 3634 5207 Hisjmo

2027 5232 2301 5289 catholica
2345 5227 2763 5285 accuratissime
2813 5225 3150 5295 exprimitur
3196 5224 3414 5282 veritas
3463 5231 3634 5284 unius

2028 5335 2081 5380 et
2103 5321 2345 5395 ejusdem
2373 5318 2686 5392 spirationis
2711 5318 2898 5372 activa
2928 5316 2985 5372 in
3018 5317 3179 5372 Patre
3202 5327 3259 5373 et
3292 5319 3440 5375 Filio
3475 5323 3633 5377 exsi—

2027 5415 2249 5471 stentis.
2283 5413 2426 5468 Hinc
2477 5413 2644 5469 Pater
2687 5417 2745 5465 et
2783 5408 2961 5465 Filius
3000 5409 3114 5464 duo
3152 5410 3384 5480 quidem
3418 5427 3639 5484 Suppo-

2029 5507 2135 5563 sita
2177 5512 2310 5561 sunt
2346 5521 2359 5557 :
2390 5502 2488 5559 sed
2525 5517 2634 5557 una
2667 5515 2858 5565 causa,
2905 5510 2957 5555 et
2990 5514 3163 5555 unum
3195 5500 3454 5573 Spiritus
3496 5521 3642 5561 san-

2027 5597 2104 5656 cti
2136 5594 2493 5665 principium.
2541 5591 2663 5659 Quo
2716 5605 2885 5646 sensu
2924 5605 3032 5645 vox
3059 5591 3150 5645 διὰ
3193 5593 3346 5660 apud
3371 5592 3642 5665 Graecos,

2026 5699 2084 5746 et
2115 5705 2206 5758 per
2225 5686 2368 5759 apud
2396 5685 2642 5749 Latinos,
2675 5698 2800 5739 cum
2835 5682 3043 5739 indicet
3065 5683 3445 5754 spirationem
3480 5688 3639 5744 acti-

2025 5797 2186 5845 vam,
2235 5793 2401 5835 unam
2448 5774 2814 5845 eamdemque
2864 5772 3007 5830 Filio
3059 5778 3547 5834 communicatam
3602 5795 3639 5836 a

2025 5875 2212 5940 Patre,
2248 5869 2526 5945 gignendo
2571 5869 2777 5940 ipsum,
2818 5883 2932 5924 non
2972 5867 3187 5924 indicat
3218 5871 3510 5925 rationem
3549 5872 3645 5926 nl-

2024 5970 2138 6024 lam
2202 5980 2417 6034 causae,
2464 5968 2562 6019 aut
2611 5960 2915 6034 principii,
2964 5976 3089 6033 qua
3131 5972 3428 6036 competat
3476 5964 3644 6025 Filio
