3858 6464
274 386 350 448 85
1521 374 1714 439 VITA.
1759 398 1829 408 —
1869 369 2378 433 liiSSEliTATlO
2421 367 2469 428 Ι.
3455 349 3525 412 86

266 497 338 552 ab
359 477 427 551 ea
459 493 776 550 distinctam
810 505 932 563 quae
964 490 1110 546 inest
1143 487 1320 552 Patri,
1357 500 1636 558 quamque
1685 486 1847 540 Pater
1878 524 1924 576 Α

266 588 646 643 communicat
678 586 840 640 Filio.

341 677 428 733 γι.
470 678 598 733 Haec
637 677 841 732 docere
903 675 1080 746 palam
1134 687 1467 742 coramque,
1518 671 1635 725 haec
1682 668 1848 724 etiam

267 769 492 839 scriptis
536 785 888 842 propugnare
919 810 934 833 ,
985 769 1194 824 invicto
1245 775 1542 835 erectaque
1585 762 1853 834 pergebat

269 864 457 916 animo
503 863 714 917 Bcccus
743 862 1094 932 patriarcha,
1128 862 1296 916 vitam
1339 871 1534 931 agente
1584 857 1850 914 Michacle

271 955 632 1025 imperatore.
693 958 923 1012 Mortem
1008 958 1055 1012 is
1118 956 1298 1018 obiit,
1343 963 1483 1009 teste
1517 953 1853 1024 Pachymcre

272 1047 332 1101 in
364 1043 558 1102 eolcm
593 1049 862 1103 .‘ilichacle
897 1050 1042 1104 libro
1079 1065 1126 1101 vr
1150 1091 1164 1115 ,
1204 1050 1384 1117 capite
1426 1047 1516 1107 56,
1576 1045 1854 1098 undecima

273 1138 359 1191 die
409 1136 746 1200 Decembris,
803 1141 1273 1210 Σκιροφοριῶνος,
1344 1140 1431 1192 die
1485 1137 1852 1192 Parasceve...

273 1231 407 1282 anni
438 1231 646 1297 ,τι-ψιιῂ
690 1231 850 1285 6791.
889 1231 1052 1285 Facta
1091 1231 1432 1286 detractione
1491 1229 1668 1292 5508,
1717 1226 1856 1282 resi-

275 1319 424 1375 duus
473 1338 740 1378 numerus
796 1333 882 1378 est
929 1323 1085 1378 1285.
1143 1322 1413 1378 Nimirum
1452 1321 1686 1376 habetur
1737 1320 1857 1374 vul-

275 1413 427 1483 garis
458 1430 580 1469 aera:
615 1431 796 1471 annus
832 1415 985 1481 1285,
1006 1431 1347 1471 concurrens
1373 1430 1498 1469 cum
1533 1428 1679 1467 anno
1711 1411 1860 1468 Grae-

277 1520 473 1560 corum
541 1507 1162 1580 Constantinopolitano
1225 1509 1409 1576 G791,
1491 1507 1754 1563 inchoato
1827 1521 1858 1561 a

280 1597 596 1668 Septembri
622 1615 812 1656 mense
856 1601 986 1654 anni
1024 1599 1390 1671 praecedentis
1425 1598 1584 1653 1282.
1612 1597 1732 1652 Vita
1762 1596 1864 1668 igi-

281 1701 377 1746 tur
417 1691 658 1748 decessit
699 1693 1002 1764 imperator
1036 1696 1232 1749 eodem
1263 1709 1410 1748 anno
1455 1691 1594 1748 1282
1617 1734 1632 1758 ,
1669 1706 1861 1747 mense

281 1784 603 1840 Decembri.
627 1788 932 1858 insignitus
977 1803 1157 1844 annus
1204 1787 1295 1842 ille
1329 1786 1664 1859 procedebat
1715 1782 1861 1856 cyclo

2027 481 2311 536 Postrema
2366 477 2480 532 haec
2515 475 2719 531 solutio
2771 490 2880 531 non
2928 483 3012 532 est
3062 469 3396 532 verisimilis,
3433 476 3529 523 aut

1955 571 2334 629 verisimilior:
2359 569 2454 626 sed
2493 568 2808 629 verissima,
2833 576 2892 621 ut
2917 567 3198 636 colligitur
3220 579 3286 619 ex
3320 562 3533 616 metho~

1955 665 2052 729 do,
2085 680 2260 718 annos
2282 663 2598 718 Graecorum
2629 660 3276 729 (Tonstantitmpolitanns
3301 667 3535 708 conver-

1957 759 2106 814 tendi
2138 757 2193 811 in
2229 756 2478 812 Julianos
2503 770 2678 810 annos
2709 769 2828 808 tera:
2873 751 3138 822 vulgaris,
3171 763 3336 818 quam
3375 745 3533 801 deni-

1954 866 2063 921 que
2113 850 2231 919 ipse
2288 847 2550 904 Pessinus
2605 847 2776 916 probe
2815 845 3088 901 intellexit
3133 843 3275 898 lihro
3325 857 3385 894 ιιι
3433 837 3534 893 οι»-

1958 942 2333 997 servationutn
2362 939 2754 1008 chronologico
2785 939 2839 992 in
2890 937 3188 992 Historiam
3229 929 3533 988 Andronici
3563 967 3568 976 .

1956 1040 2136 1108 capite
2171 1037 2216 1100 1,
2261 1051 2416 1090 num.
2455 1035 2529 1089 .i:
2567 1052 2585 1086 ι
2615 1034 2686 1090 Ut
2717 1033 2846 1087 anni
2881 1046 3002 1087 aera:
3033 1029 3348 1084 Grtecorum
3377 1065 3392 1090 ,
3453 1023 3574 1076 in-‘

1961 1133 2102 1204 quit,
2133 1131 2198 1185 ad
2235 1145 2400 1182 atram
2431 1136 2677 1181 nostram
2709 1125 2988 1194 vulgarem
3022 1121 3382 1182 reducantur,
3414 1117 3566 1186 per?

1960 1234 2124 1297 petua
2172 1221 2434 1277 metitodo
2485 1236 2550 1273 ex
2614 1219 2722 1273 illis
2771 1215 2997 1272 tollendi
3049 1224 3179 1270 sunt
3212 1209 3340 1266 anni
3373 1204 3538 1264 solidi

1963 1317 2123 1374 5581i.
2173 1315 2292 1371 Tali
2328 1312 2705 1370 subtractione
2756 1309 2900 1364 facta
2925 1348 2940 1372 ,
2974 1306 3285 1377 reperietur
3334 1314 3534 1357 annus.

1964 1411 2071 1468 Sed
2105 1411 2156 1464 itt
2190 1409 2274 1464 his
2318 1407 2612 1477 diligenter
2647 1403 2948 1460 observare
2984 1408 3206 1470 oportet
3237 1397 3542 1466 discrepan-

1964 1508 2097 1563 tiam
2150 1504 2292 1558 initii
2343 1517 2629 1555 annorum.
2682 1498 2818 1553 Nam
2872 1495 3046 1552 Graeci
3104 1506 3278 1547 annos
3329 1504 3459 1544 suos
3509 1504 3538 1540 a

1965 1597 2326 1670 Septembri,
2363 1595 2508 1651 sicut
2561 1600 2618 1647 et
2665 1590 3051 1654 indictionem,
3095 1586 3360 1640 inchoant
3391 1597 3406 1635 :
3439 1595 3544 1634 nos

1966 1708 2102 1749 vero
2136 1708 2169 1746 a
2202 1688 2464 1744 Kalendis
2506 1673 2776 1742 Januarii.
2824 1683 3013 1752 Itaque
3040 1682 3264 1750 quando
3303 1691 3398 1747 per
3428 1688 3546 1727 me-

1969 1785 2199 1843 thodum
2231 1783 2396 1837 modo
2428 1779 2730 1836 indicatam
2763 1774 3143 1847 comperimus
3165 1783 3368 1826 annum
3397 1764 3546 1820 Grae-

277 1877 410 1931 snlis
445 1876 566 1942 III,
591 1855 857 1934 aclittera
881 1879 1206 1934 Dominicali
1235 1880 1300 1944 D,
1331 1855 1467 1949 qua:
1499 1855 1861 1942 Parasceven,
1891 1878 1941 1943 Β
1970 1895 2183 1943 corum,
2219 1893 2272 1930 v.
2306 1892 2360 1948 ε.
2391 1873 2554 1935 6829,
2601 1867 2938 1940 respondere
2963 1879 3112 1920 anno
3137 1858 3357 1949 Christi
3383 1855 3544 1920 1521,

249 1980 385 2025 ‘seu
415 1970 610 2027 feriam
640 1971 726 2036 V1,
768 1972 977 2028 indicat
1013 1972 1352 2028 incidentem
1389 1971 1443 2026 in
1489 1971 1638 2028 diem
1690 1968 1864 2025 unde-

286 2067 487 2122 cimam
525 2068 873 2123 Decembris.
894 2069 1161 2124 Eumdem
1188 2069 1554 2123 emortualem
1586 2065 1866 2122 Michaelis

284 2175 492 2213 annum
526 2161 718 2215 mundi
743 2161 875 2215 6791
903 2161 1177 2216 deﬁniunt
1199 2160 1548 2230 Nicephorus
1569 2159 1863 2229 Gregoras,

283 2249 430 2306 libro
462 2269 518 2316 v,
539 2255 721 2324 capite
752 2257 803 2316 7,
833 2271 984 2309 Itum.
1007 2254 1066 2322 6,
1088 2265 1143 2310 et
1172 2254 1448 2325 Georgius
1475 2254 1715 2308 Pltranza
1738 2267 1866 2323 pro-

286 2345 716 2402 torestiariusin
749 2346 1050 2414 Chronico,
1080 2348 1221 2403 lihro
1247 2365 1281 2412 ι,
1313 2347 1492 2416 capite
1526 2348 1578 2402 6.

358 2437 442 2491 Es
471 2454 538 2492 ea
585 2440 922 2497 Parasceves
969 2441 1081 2507 die,
1143 2458 1242 2497 seu
1291 2440 1426 2496 feria
1464 2449 1640 2505 sexta,
1703 2454 1867 2510 quam

281 2528 658 2600 Pachymeres
724 2544 914 2600 notat,
977 2535 1356 2591 diﬂicultatem
1413 2535 1619 2606 promit
1672 2533 1872 2590 Petrus

283 2619 562 2678 Possinus
616 2623 765 2679 libro
826 2641 891 2681 tu
937 2626 1372 2696 clrrhnologico,
1428 2627 1608 2697 capite
1653 2626 1708 2681 9.
1751 2625 1868 2683 Sibi

287 2730 492 2786 nempe
533 2718 676 2772 satis
705 2729 1056 2789 perspectam
1091 2734 1200 2774 non
1229 2720 1404 2775 fuisse
1427 2719 1632 2789 prodit,
1657 2719 1873 2774 metho-

291 2804 430 2861 dum
467 2824 650 2864 annos
680 2809 998 2866 Graecorum
1036 2809 1684 2881 ConstantinOpolitanos
1714 2811 1874 2866 redu-

289 2898 458 2952 cendi
491 2901 561 2956 ad
588 2901 842 2958 Iulianos
876 2904 1158 2974 vulgares.
1187 2902 1368 2958 Verba
1393 2903 1514 2973 ejus
1551 2912 1680 2957 sunt
1705 2918 1765 2957 ιι.
1798 2903 1870 2958 2ε

299 3007 320 3041 s
367 2989 466 3046 Est
494 3009 675 3050 annus
716 3011 842 3051 terte
888 2995 1080 3051 mundi
1114 2994 1432 3051 Graecorum
1467 2994 1628 3060 6791,
1665 2994 1876 3052 Christi

293 3082 462 3148 1285,
483 3085 589 3142 hoc
612 3097 698 3142 est
721 3087 938 3159 periodi
969 3086 1201 3144 Juliaaa:
1223 3085 1366 3144 5996
1382 3127 1396 3152 ,
1421 3103 1530 3157 quo
1555 3086 1660 3142 fuit
1685 3087 1877 3159 cyclus

293 3179 436 3233 solis
462 3195 540 3246 tv,
570 3196 779 3236 aureus
810 3196 1079 3236 numerus
1138 3196 1195 3236 ιι
1221 3220 1236 3246 ,
1273 3179 1507 3236 indictio
1536 3181 1747 3251 pariter
1782 3179 1873 3247 11,

295 3275 485 3346 cyclus
518 3290 688 3345 porro
717 3277 853 3332 solis
873 3275 938 3332 1V
960 3275 1206 3332 litteram
1231 3275 1440 3332 indicat
1486 3275 1878 3333 Dominicalem

297 3369 365 3432 C,
396 3383 523 3439 quae
555 3383 681 3423 cum
714 3368 982 3441 insigniat
1012 3367 1160 3424 diem
1210 3367 1610 3424 duodecimum
1660 3367 1884 3424 Decem-

300 3457 445 3526 bris,
482 3459 818 3516 undecimus
851 3459 1168 3516 necessario
1197 3457 1366 3514 fuerit
1409 3456 1520 3531 76
1557 3457 1881 3526 Sabbatum,

298 3567 413 3610 non
455 3565 645 3611 autem
689 3553 1016 3620 Parasceve,
1070 3553 1188 3611 sive
1250 3562 1406 3610 sexta
1442 3551 1604 3608 feria.
1654 3551 1882 3617 Qualem

300 3652 491 3702 tamen
530 3646 626 3702 illo
665 3661 814 3702 anno
849 3646 1162 3719 (Michaelis
1203 3644 1526 3717 emortuali)
1571 3643 1744 3700 fuisse
1784 3657 1886 3716 pro

297 3739 621 3796 certissimo
655 3749 714 3796 et
752 3740 916 3812 vulgo
951 3741 1246 3796 notissimo
1288 3739 1456 3797 tradit
1495 3739 1884 3811 Pachymeres.

300 3832 648 3905 lgitur‘anno
676 3832 886 3890 Christi
921 3833 1084 3902 1282,
1125 3833 1268 3890 mori
1314 3832 1637 3890 Michaelem
1682 3831 1890 3888 Palae-

299 3925 492 4000 logum
525 3929 928 4000 oportuit,quo
957 3927 1146 4000 cyclus
1183 3927 1319 3984 solis
1348 3942 1409 3984 ιιι
1433 3925 1678 3984 litteram
1705 3925 1890 3982 Domi-

301 4020 448 4076 nicae
478 4021 718 4080 indicem
748 4020 904 4077 dedit
934 4020 999 4076 υ.
1045 4017 1174 4076 Haec
1199 4020 1351 4076 enim
1389 4019 1578 4076 littera
1601 4018 1749 4076 diem
1773 4027 1890 4074 ter-

303 4114 448 4170 tium
483 4113 768 4171 decimum
808 4113 1133 4170 Decembris
1155 4111 1425 4178 adiciens,
1462 4110 1689 4168 tertium
1712 4118 1887 4180 retro,

303 4207 525 4264 scilicet
555 4207 933 4274 undecimum,
972 4206 1150 4264 fuisse
1175 4215 1389 4264 sextam
1427 4204 1627 4262 teriam
1657 4203 1892 4261 demon-

307 4306 472 4354 strat.
513 4296 659 4364 Quid
702 4312 838 4370 ergo
869 4297 1124 4353 dicemus
1154 4337 1173 4366 ,
1215 4310 1434 4352 errasse
1462 4293 1684 4351 Graecos
1714 4293 1894 4352 histo-

306 4393 462 4448 ricos
497 4390 554 4446 in
591 4404 740 4448 anno
785 4390 982 4447 mortis
1015 4387 1302 4447 Michaelis
1324 4427 1340 4455 ,
1376 4397 1435 4444 et
1484 4401 1591 4459 pro
1621 4386 1766 4446 6790
1803 4402 1897 4446 se-

307 4494 579 4556 quentem
607 4483 742 4542 679i
771 4482 1099 4541 indicasset:
1123 4481 1204 4538 Ne
1231 4496 1498 4553 cogamur
1532 4479 1642 4536 hoc
1680 4480 1894 4548 dicere,

1969 1941 2394 2042 intelligendum
2442 1966 2494 2021 id
2547 1975 2636 2021 est
2681 1977 2749 2019 ex
2807 1960 3003 2032 majori
3052 1957 3320 2012 duntaxat
3343 1941 3546 2022 parte,

1969 2077 2077 2121 nun
2123 2074 2346 2126 autem,
2407 2068 2467 2114 ut
2505 2058 2649 2113 alter
2681 2055 2916 2110 alterum
2971 2053 3217 2121 perferte
3271 2046 3546 2112 adaequat.

1968 2159 2322 2215 Concurrunt
2346 2154 2496 2210 enim
2541 2151 2596 2206 in
2644 2158 2758 2204 octo
2787 2148 3051 2200 duntaxat
3084 2139 3368 2200 mensibus,
3404 2151 3548 2208 quo-

1969 2265 2092 2306 rum
2135 2249 2347 2320 primus
2375 2243 2672 2302 Ianuarius
2727 2242 2820 2296 sit.
2866 2239 2946 2294 Ab
2988 2240 3093 2293 hoc
3149 2233 3297 2289 enim
3359 2232 3553 2286 ineunt

1969 2341 2174 2398 Christi
2206 2340 2333 2395 anui
2367 2336 2595 2408 (Juliani
2623 2332 2922 2405 vulgares),
2951 2327 3173 2400 quando
3204 2328 3315 2397 jam
3353 2339 3383 2378 a
3435 2320 3552 2377 Ka-

1973 2432 2142 2488 lendis
2170 2429 2490 2500 Septembris
2520 2425 2812 2497 superioris
2836 2421 2987 2493 (anni
3018 2418 3176 2486 1520)
3197 2416 3556 2472 inchoaverat

1972 2537 2154 2578 annus
2182 2537 2305 2576 certe
2338 2519 2665 2580 Crwcorum,
2708 2514 2802 2585 qui
2844 2510 3180 2582 respondere
3217 2507 3310 2563 tali
3343 2501 3559 2561 Christi-

1973 2630 2122 2671 anno
2154 2614 2402 2670 creditur
2437 2608 2828 2679 (diciturque).
2876 2626 2895 2660 ι
2943 2605 3142 2661 Mirum
3196 2611 3323 2665 est,
3367 2599 3421 2654 in
3452 2597 3554 2653 lm-

1971 2709 2128 2780 jusce
2181 2706 2384 2778 regulae
2444 2719 2569 2768 usu,
2619 2716 2784 2772 quam
2835 2699 3060 2754 demum
3113 2694 3286 2750 novit.
3321 2689 3552 2759 optime,

1978 2803 2164 2858 minus
2191 2807 2512 2855 accuratum
2541 2794 2960 2864 exercitumque
2993 2789 3102 2861 75
3144 2803 3204 2844 se
3250 2783 3555 2858 prazhuisse

1978 2895 2295 2960 Possinum,
2329 2890 2700 2959 iucidisseque
2731 2887 2786 2941 in
2818 2899 3037 2941 errores
3061 2882 3180 2953 qui.
3203 2879 3365 2934 venia
3403 2875 3574 2946 digni-

1978 3006 2090 3047 non
2117 2988 2404 3055 videntur,
2435 2987 2518 3042 uti
2545 2987 2658 3058 jam
2688 2979 3102 3038 adnotavimus.

2051 3127 2164 3186 Vll.
2210 3125 2506 3198 imperium
2579 3121 2734 3178 solus
2803 3103 3124 3187 capessivit
3177 3109 3558 3169 Andronicus.

1907 3238 1952 3295 ο
1983 3222 2158 3279 Anxie
2191 3219 2470 3291 quazrebat
2497 3232 2710 3281 secum,
2741 3229 2873 3269 num
2897 3227 3040 3285 .qum
3077 3222 3255 3278 nuper
3286 3204 3433 3260 circa
3469 3219 3567 3273 pa-

1985 3331 2106 3373 cem
2157 3312 2529 3370 Ecclesiarum
2560 3311 2696 3366 inita
2747 3307 3008 3371 fuerant,
3033 3298 3390 3360 rescinderet
3419 3305 3562 3350 acta.

1987 3404 2046 3460 ιιι
2077 3417 2209 3459 vero
2242 3410 2302 3456 ut
2348 3405 2790 3471 exsequeretur,
2832 3393 3008 3451 suasit
3040 3390 3207 3448 amita
3244 3388 3366 3460 ejus
3405 3384 3570 3440 Eulo-

1986 3495 2095 3568 gia,
2121 3509 2285 3565 quam
2321 3489 2753 3548 memoravimus
2793 3486 2976 3558 capite
2997 3485 3053 3549 2,
3085 3498 3240 3538 ιιιιιιι.
3277 3479 3331 3534 «1.
3367 3477 3584 3533 Daturu-

1987 3591 2058 3647 ab
2093 3605 2158 3646 ea
2192 3587 2487 3645 consilium
2513 3591 2700 3641 narrat
2731 3579 3103 3652 Pachymeres
3131 3575 3188 3629 in
3223 3569 3569 3633 Andronico,

1987 3683 2132 3740 libro
2158 3697 2200 3747 ι,
2224 3679 2404 3752 capite
2426 3680 2483 3746 2,
2511 3688 2573 3732 ιιι
2606 3675 2724 3748 ipse
2755 3687 2940 3730 coram
2967 3670 3260 3742 palamque
3290 3661 3569 3735 pro/item.

1987 3776 2213 3832 invitum
2243 3789 2300 3829 sc
2345 3773 2514 3844 patris
2562 3767 2884 3824 auctoritate
2933 3763 3004 3818 ad
3051 3776 3114 3816 ea
3147 3754 3423 3830 probanda
3452 3768 3572 3824 per-

1991 3877 2258 3935 tractum;
2294 3880 2450 3922 nunc
2469 3863 2734 3919 damnare
2752 3901 2767 3926 ,
2798 3871 2999 3932 proque
3029 3853 3227 3919 infecto
3255 3847 3449 3904 habere
3473 3844 3574 3900 rel-

1992 3961 2064 4016 let
2099 3958 2238 4030 quod
2263 3972 2546 4030 perperam
2577 3955 2790 4026 egisset.
2825 3949 2904 4006 ln~
2929 3949 3073 4005 hanc
3108 3943 3206 4001 ille
3235 3938 3570 4001 sententiam

1992 4051 2314 4118 concessit,
2363 4060 2672 4122 pacemque
2720 4040 2976 4101 violavit.
3026 4037 3202 4112 igitur
3237 4032 3575 4091 illucescente

1992 4141 2364 4200 anniversaria
2405 4140 2494 4195 die
2517 4137 2714 4195 Christi
2737 4133 2960 4191 Domini
2995 4129 3168 4188 natali
3199 4129 3314 4200 (die
3339 4125 3415 4183 25
3466 4125 3572 4181 De-

1993 4234 2238 4294 cembris
2270 4232 2401 4291 anni
2431 4229 2617 4300 1282),
2649 4246 2768 4285 cum
2794 4226 2891 4284 illo
2915 4227 3049 4298 festo
3077 4223 3144 4280 de
3183 4236 3333 4278 more
3359 4227 3576 4291 oporte-

1993 4329 2352 4404 ret'prodirs'
2385 4327 2683 4402 Angustum
2724 4330 2777 4378 et
2827 4319 3108 4394 mysticum
3159 4311 3485 4384 sacriﬁcium
3518 4311 3584 4365 in-

1994 4425 2109 4481 cede
2128 4437 2287 4480 sacra
2314 4420 2562 4493 palatina
2604 4421 2714 4476 ritu
2735 4414 2963 4473 solemni
3002 4410 3262 4468 celebrari
3279 4449 3295 4476 ,
3324 4415 3574 4462 neutrum

1998 4519 2189 4575 horam
2217 4523 2298 4572 cst
2327 4515 2527 4588 factum
2555 4527 2576 4568 :
2613 4510 2944 4579 omissaque
2994 4501 3238 4574 mystica
3281 4494 3581 4588 oblationis

309 4577 520 4672 duplex
575 4577 741 4650 hujus
790 4575 1134 4648 explicandae
1190 4573 1593 4646 perplexitatis
1637 4574 1879 4646 suppetit

1998 4623 2128 4667 vera
2154 4573 2340 4666 fuerat
2363 4605 2530 4672 ratio,
2565 4620 2632 4659 ne
2669 4573 2990 4671 patriarcha:
3011 4636 3028 4665 ,
3054 4573 3211 4668 quem
3259 4605 3443 4647 noon
3468 4586 3581 4644 Au-

309 4671 482 4726 ratio.
513 4669 625 4725 Aut
652 4670 802 4727 enim
846 4669 1087 4726 labentis
1109 4669 1222 4742 jam
1259 4671 1392 4723 anni
1416 4667 1559 4724 6790
1586 4673 1646 4723 et
1679 4679 1893 4738 paucos

309 4763 587 4819 duntaxat
611 4763 851 4820 extremi
888 4761 1363 4819 Decembrisdies
1394 4762 1639 4832 reliquos
1667 4760 1898 4818 trahen-

311 4859 408 4922 tis,
443 4858 730 4912 rationem.
757 4871 881 4910 non.
909 4854 1221 4910 habendam
1273 4853 1514 4926 populus
1553 4861 1611 4908 et
1639 4849 1897 4907 historici

311 4958 650 5016 censentes,
689 4947 903 5004 obitum
939 4948 1061 5019 ejus
1100 4961 1168 5002 es
1211 4961 1359 5002 anno
1397 4960 1520 5000 mos
1574 4940 1896 5015 insequenti

311 5042 492 5106 6791.,
525 5057 637 5114 quo
671 5040 719 5097 is
749 5040 1012 5098 videlicet
1044 5039 1326 5104 innotuit,
1355 5035 1767 5108 insignicndum
1795 5049 1900 5105 pu-

315 5143 582 5191 taverunt
617 5151 632 5189 :
663 5130 1270 5204 neglectodiscrimine
1305 5129 1512 5184 nullius
1536 5125 1803 5183 momenti
1830 5124 1899 5181 ad

317 5227 539 5285 cisilem
561 5226 1135 5282 aestimationemAut
1160 5223 1330 5294 (quod
1373 5221 1728 5278 verisimilius
1753 5221 1900 5293 reor)

317 5337 600 5379 annorum
647 5321 861 5386 mundi,
885 5329 942 5376 et
969 5334 1096 5375 sane
1137 5333 1252 5374 sua:
1285 5315 1803 5390 principium,_item
1841 5323 1902 5370 ut

321 5417 655 5475 indictionis
681 5456 698 5482 ,
728 5431 757 5468 a
792 5414 1111 5486 Septembri
1143 5413 1316 5469 Graeci
1354 5412 1682 5482 repetebant
1710 5427 1725 5464 :
1755 5408 1902 5466 unde

315 5513 436 5585 jam
488 5523 603 5566 tum
639 5523 817 5564 annus
853 5507 1041 5563 mundi
1067 5507 1222 5576 juxta
1255 5506 1403 5576 ipsos
1437 5504 1569 5560 6791
1603 5510 1848 5572 ceperat
1873 5516 1904 5557 a

319 5619 519 5662 mense
543 5604 732 5668 tertio,
757 5616 884 5656 cum
929 5599 1059 5655 anni
1097 5598 1304 5656 Christi
1348 5597 1491 5652 1282
1532 5600 1741 5652 tut-mis
1774 5596 1910 5652 ulti-

320 5715 454 5756 mus
480 5696 790 5755 December
813 5695 1164 5750 volvebatur.
1199 5692 1267 5750 Ut
1289 5707 1419 5748 vere
1442 5691 1681 5744 disci-int
1707 5689 1909 5761 Pachy-

322 5807 539 5854 meres,
580 5788 858 5860 Gregoras
885 5799 942 5844 et
969 5785 1300 5855 Phrautzes,
1347 5781 1556 5840 obiisse
1584 5779 1906 5838 Michaelem

323 5904 474 5947 anno
504 5886 664 5945 6791.
717 5905 736 5939 ι

1998 4710 2184 4778 gastris
2208 4697 2553 4757 exauctorari
2601 4693 2811 4752 solebat
2837 4731 2854 4756 ,
2902 4692 2959 4747 in
2989 4685 3245 4762 palatina
3269 4684 3583 4738 recitaretur

2001 4774 2193 4854 nomen
2227 4795 2369 4850 inter
2389 4805 2568 4850 sacra.
2606 4785 2735 4844 Hac
2762 4792 2894 4842 sunt
2915 4777 3272 4847 Bacbymeris
3292 4774 3461 4831 verba
3487 4784 3584 4827 ca-

1999 4885 2113 4960 pite
2137 4888 2194 4943 3.

2074 5021 2519 5084 Machinationes
2558 5016 2912 5092 imperatoris
2955 5017 3189 5069 noverat
3236 5007 3450 5064 Beccus
3485 5019 3584 5077 pa-

2005 5116 2271 5176 triarcha.
2332 5113 2638 5172 Consilium
2689 5123 2854 5167 suum
2893 5107 3064 5181 jussit
3108 5103 3212 5178 ipsi
3267 5100 3593 5158 renuntiari

2004 5213 2318 5284 Augustus,
2353 5224 2461 5263 non
2493 5213 2797 5276 contemptu
2853 5209 2948 5258 aut
2983 5200 3107 5256 odio
3147 5197 3327 5270 ipsius
3361 5193 3588 5267 patriar.

2008 5309 2149 5374 ch32,
2207 5305 2302 5362 sed
2349 5301 2583 5376 periculo
2617 5299 2940 5372 reipublica,
2976 5311 3042 5352 ac
3073 5311 3220 5349 mera
3272 5291 3586 5346 necessitate

2010 5401 2128 5456 novi
2151 5396 2403 5469 ﬁrmandi
2427 5394 2778 5466 principatus.
2806 5389 2996 5461 Itaque
3019 5402 3145 5442 cum
3171 5383 3392 5440 aliunde
3415 5389 3584 5436 rectus

2011 5501 2146 5550 esset
2179 5491 2403 5555 Boeotis,
2431 5503 2687 5561 quemque
2714 5494 2972 5559 praterca
3003 5483 3223 5536 satietas
3247 5479 3370 5550 jam
3420 5473 3587 5546 cepis-

2009 5597 2094 5644 set.
2125 5583 2506 5659 patriarchalis
2545 5580 2757 5636 honoris
2797 5574 3072 5649 (historici
3129 5571 3299 5628 verba
3331 5577 3462 5624 sunt
3491 5581 3585 5621 ca-

2012 5683 2128 5754 pite
2152 5680 2208 5751 4)
2239 5676 2493 5746 postridie
2521 5675 2641 5745 festi
2663 5671 2776 5744 (die
2794 5669 2865 5725 26
2893 5665 3211 5725 Decembris
3230 5662 3360 5719 anni
3394 5659 3597 5727 1282),.

2014 5773 2329 5832 descendens
2359 5769 2721 5840 patriarchio,
2765 5767 2820 5820 in
2880 5759 3278 5818 Panachrantae
3329 5761 3594 5810 manasse..-

2018 5873 2155 5926 rittm
2195 5883 2249 5924 se
2289 5861 2529 5922 contulit.
2548 5941 2551 5945 η
