3858 6482
306 392 375 460 87
1341 395 1674 459 GEORGII
1717 398 1898 459 CYPB

2024 397 2139 463 ΕΡ,
2186 394 2709 456 ΡᾹΤΗΙΛΒΕΗ.Ε
3484 394 3556 457 83

842 531 951 603 7s
986 527 1213 590 car-tn
1255 514 1357 587 w.‘

303 667 558 734 Iosephus
580 666 850 724 Galesiota
882 668 1071 722 iterum
1096 667 1404 737 patriarcha
1439 676 1774 733 promovetur
1811 665 1877 718 ab

376 740 712 801 Andronico;
738 756 801 791 ac
835 737 1064 795 Prusam
1094 739 1244 792 exsul
1266 740 1498 793 mittitur
1531 737 1745 797 Beccus,
1770 753 1880 790 rem

374 812 536 865 etiam
560 809 863 880 consulente
884 808 1108 877 Georgio
1140 808 1351 880 Cyprio.
1378 808 1684 880 Sermonem
1710 808 1756 861 is
1778 808 1883 861 An-

381 881 708 935 tirrheticum
734 879 913 934 scribit
950 890 1136 932 contra
1181 878 1336 933 Becci
1389 878 1768 949 blasphemias.
1824 887 1880 931 ut

382 952 583 1007 aiebat.
613 950 920 1007 Orationem
951 949 1143 1003 Beccus
1167 950 1372 1018 reponit
1393 991 1407 1011 ,
1458 965 1577 1019 qua:
1606 964 1885 1019 perperam

377 1024 632 1092 inscripta
652 1024 858 1076 videtur
886 1022 1059 1092 oratio
1086 1021 1318 1092 secunda
1346 1022 1401 1074 in
1427 1019 1648 1074 Tantum
1679 1019 1881 1089 Cyprii.

382 1090 611 1176 Ilug’usce
641 1103 854 1176 asserta.
879 1108 998 1144 cum
1002 1091 1184 1176 [ficari
1200 1090 1557 1174 “refutatione,
1590 1094 1887 1158 nostrisque

381 1159 951 1216 animaduersionibus.
998 1159 1135 1225 Quid
1166 1164 1235 1215 sit
1279 1159 1459 1215 missio
1509 1175 1884 1230 personarum,

380 1234 503 1286 stin
521 1249 625 1299 quo
647 1235 864 1299 propria
883 1233 998 1301 ejus
1021 1233 1158 1285 ratio
1179 1232 1349 1300 posita
1365 1234 1455 1296 sit,
1476 1232 1665 1285 latiore
1687 1246 1889 1284 sermo-

385 1319 453 1357 ns
472 1302 802 1357 enucleatur.
827 1303 993 1357 Locus
1016 1307 1325 1370 exprnaftur
1350 1302 1582 1357 homilitr
1605 1305 1669 1355 de
1687 1301 1888 1370 Spiritu

382 1385 569 1428 sancto
590 1374 683 1428 sub
707 1373 931 1428 Joannis
957 1372 1316 1446 Chrysostomi
1341 1374 1570 1428 nomine.

380 1509 423 1563 1.
463 1510 663 1577 empta:
705 1508 1067 1576 Paebymeres
1109 1507 1413 1563 narrationi
1450 1507 1747 1571 insistens,
1805 1521 1893 1561 ca—

310 1601 424 1671 pite
464 1601 529 1666 5,
578 1600 666 1654 sic
697 1598 775 1654 ait
812 1617 826 1654 :
861 1599 1121 1671 Ejusdem
1156 1601 1350 1655 mensis
1373 1599 1714 1669 (Decembris
1763 1598 1892 1655 anni

312 1692 474 1758 ηεξ)
517 1701 636 1764 post
686 1695 828 1747 diem
879 1693 1228 1758 tricesimum,
1272 1692 1368 1747 sub
1407 1692 1895 1764 oesperam,impo—

308 1797 441 1842 situs
462 1789 752 1857 gestatorio
771 1786 1032 1857 Iosephus
1058 1793 1267 1841 tantum
1302 1800 1405 1839 non
1439 1786 1725 1849 exanimis,
1760 1782 1897 1837 mal-

1908 523 1953 576 Α
1982 523 2173 576 parum
2198 506 2477 576 promovit.
2515 503 2640 559 llaec
2670 518 2817 558 anno
2842 502 2982 558 {28$
3007 501 3382 574 contigerunt,
3434 520 3568 574 pro-

1989 609 2243 653 movente
2282 598 2440 653 Becci
2486 597 2876 667 relegationem
2924 599 2979 651 in
3010 612 3193 652 arcem
3223 598 3400 653 sancti
3428 597 3570 654 ϐεδε.

1990 690 2130 762 gorii
2162 692 2282 762 ipso
2305 690 2506 762 Cyprio
2532 689 2645 759 jam
2697 679 3030 760 patriarcha.
3073 690 3181 746 Sed
3228 690 3345 746 haec
3375 694 3570 747 eadem
3636 710 3639 713 ·

1988 783 2175 855 Cyprii
2207 781 2437 842 invidia.
2476 797 2585 852 qua
2612 780 2659 836 is
2706 782 3020 851 patriarcha
3062 782 3319 838 initiatus
3355 783 3573 838 fereba-

1991 887 2082 934 tur
2106 878 2159 931 in
2196 874 2456 940 Beccum,
2484 876 2725 930 movisse
2752 875 2978 931 videtur
3001 876 3206 946 ipsum,
3233 887 3360 931 ante
3389 876 3573 945 digni-

1990 978 2160 1024 tatem
2199 967 2501 1036 lndeptam,
2548 976 2610 1022 ut
2639 968 2971 1037 eloquentia:
3002 984 3116 1023 suae
3160 970 3328 1029 vires.
3368 970 3572 1039 quibus

1989 1061 2222 1116 nimium
2257 1059 2479 1126 ﬁdebat,
2509 1069 2700 1116 contra
2729 1061 3001 1131 insignem
3032 1061 3323 1127 :emulum,
3353 1062 3574 1131 experi-

1994 1161 2146 1207 retur
2172 1152 2228 1207 in
2277 1149 2531 1207 Sermone
2576 1152 2955 1217 Antirrhetico,
3014 1167 3177 1222 quam
3242 1153 3574 1208 memoravi-
3662 1136 3667 1141 ’

1994 1259 2139 1298 mus.

2066 1335 2265 1406 Incipit
2292 1352 2431 1392 vero
2462 1356 2478 1392 :
2510 1337 2625 1392 Οὐκ
2655 1338 2836 1406 ἔγωγε
2862 1338 3176 1408 ,Θαυμάζω,
3210 1338 3459 1408 φιλότης.
3490 1334 3571 1390 Ad

1998 1434 2236 1488 amicum
2264 1446 2447 1487 sermo
2482 1431 2729 1486 directus
2758 1438 2843 1486 est
2867 1447 2884 1486 :
2917 1445 3083 1501 quem
3107 1430 3255 1487 circa
3283 1428 3447 1484 tinem
3475 1445 3574 1483 νου

1995 1534 2085 1580 cat
2114 1523 2472 1580 Demetrium.
2508 1523 2687 1578 Verba
2712 1530 2881 1579 sunt:
2906 1521 3094 1577 Ταῦτά
3123 1539 3228 1585 σοι,
3252 1515 3297 1576 ὦ
3320 1522 3442 1591 φίλε
3472 1524 3578 1585 Δη-

2003 1617 2202 1689 μήτριε
2230 1655 2246 1679 ,
2286 1616 2633 1688 ἐσχεδίασται
2678 1616 2818 1683 πρὸς
2855 1615 2925 1670 τὰ
2969 1615 3578 1687 προτεθένταοβραχέᾳ

2007 1707 2131 1778 μιν,
2175 1706 2273 1762 τοῦ
2307 1706 2506 1778 καιροῦ
2560 1706 3187 1776 κατεπείγοντοςἨωο
3236 1706 3353 1774 tibi,
3405 1707 3579 1760 amice

2007 1798 2267 1865 Demetri,
2294 1800 2366 1855 ad
2393 1799 2664 1872 proposita
2689 1814 2756 1854 ea:
2787 1810 3023 1871 tempore
3044 1798 3193 1870 facta
3218 1804 3374 1852 sunt:
3398 1796 3577 1851 brevia

312 1880 384 1934 tis
411 1880 664 1949 utrinque
696 1878 1103 1942 comitantibus,
1131 1886 1178 1932 et
1199 1878 1445 1931 certatim
1469 1874 1892 1952 acclamantibus
1925 1891 1967 1947 Β
1994 1894 2228 1965 quidem,
2256 1902 2490 1964 tempore
2522 1903 2763 1964 nam“.
2788 1893 2941 1949 [mer
2956 1889 3231 1964 Epistolas
3249 1888 3349 1946 abs
3372 1888 3579 1960 Cyprio

312 1971 546 2041 faustum
568 1971 820 2035 reditum,
847 1986 963 2025 cum
988 1970 1199 2042 hymnis
1218 1976 1270 2023 et
1296 1967 1572 2041 plausibus
1594 1968 1885 2030 hominum.

312 2066 454 2118 inter
475 2063 909 2119 increbrescentes
933 2064 1161 2118 tinnitus
1199 2063 1614 2135 campanieris.
1663 2060 1715 2115 in
1757 2060 1893 2115 ades

312 2155 709 2227 patriarchales
736 2165 1060 2229 reportatur.
1090 2154 1230 2210 Tum
1263 2170 1396 2211 vero
1440 2154 1495 2209 in
1526 2152 1773 2225 ejusdem
1803 2151 1893 2209 Jo-

313 2247 475 2318 sepbi
506 2249 957 2305 communionem
984 2247 1192 2319 recepti
1220 2247 1578 2304 ecclesiastici
1609 2246 1893 2310 viri,meno

312 2343 384 2396 sis
412 2339 668 2397 Januarii
696 2344 885 2413 quinta
918 2342 1012 2396 sub
1032 2357 1305 2411 vesperam
1338 2341 1506 2410 (anno
1526 2338 1686 2407 {283)
1719 2338 1894 2393 immi-

316 2443 473 2487 nente
494 2432 829 2503 Theophanio
855 2435 1011 2505 festo,
1044 2446 1103 2490 ut
1130 2434 1208 2490 ait
1236 2432 1607 2506 Pachymeres
1629 2432 1809 2504 capite
1836 2432 1893 2488 7.

386 2525 519 2582 Sine
572 2540 726 2581 mora
778 2526 1024 2599 synodus
1064 2538 1288 2592 coacta,
1344 2527 1540 2581 eodem
1594 2526 1895 2582 adnotante

316 2618 498 2688 capite
545 2618 614 2682 8,
682 2620 773 2673 cui
831 2633 1064 2687 presens
1115 2619 1307 2674 σείεται
1351 2635 1578 2691 magnus
1631 2619 1894 2691 logotheta

318 2706 691 2778 (Theodorus)
744 2710 960 2765 Musalo
1005 2726 1026 2766 :
1082 2727 1316 2781 primus
1373 2712 1593 2782 insuper
1642 2709 1897 2781 Georgius

317 2802 566 2874 Cyprius,
597 2814 649 2858 et
673 2806 857 2860 rhetor
884 2804 1172 2860 Holobolus
1193 2820 1214 2859 :
1247 2804 1616 2877 assidebatque
1636 2813 1897 2875 praetcrea

320 2899 609 2951 monachus
659 2895 981 2951 Theodosius
1021 2894 1422 2967 SaponOpulus,
1467 2896 1560 2966 qui
1599 2910 1664 2948 c1:
1714 2894 1898 2948 ordine

321 2991 806 3056 protonotariorum
841 2991 1182 3059 imperatoris
1230 2988 1288 3043 in
1336 2991 1501 3044 vitam
1548 2988 1897 3043 monasticam

323 3081 617 3135 transierat
655 3101 667 3136 :
699 3081 895 3150 aliique
928 3082 1139 3135 demum
1180 3079 1499 3136 assistebant
1530 3078 1774 3151 plurimi.
1816 3079 1897 3133 Ad

324 3174 472 3228 hunc
506 3172 944 3245 Saponopulum,
997 3182 1054 3228 et
1104 3171 1171 3227 ad
1231 3172 1570 3227 Muzaloncm
1619 3172 1808 3243 plures
1840 3171 1897 3227 in

1998 1985 2245 2041 nondum
2275 1986 2587 2055 patriarcha
2613 1987 2851 2057 scriptas
2871 1985 3119 2042 occurrit
3144 1968 3579 2061 Thessalonicen;

1997 2078 2070 2132 sis
2101 2076 2167 2132 D.
2203 2076 2532 2142 Demetrius,
2560 2079 2800 2148 itemque
2835 2081 3124 2133 monachus
3159 2076 3224 2131 ι).
3253 2074 3577 2130 Demetrius.

1998 2169 2196 2227 Libelli
2227 2171 2512 2227 scribendi
2568 2186 2789 2227 causam
2818 2171 2990 2227 verba
3016 2171 3106 2227 illa
3130 2168 3347 2240 aperire
3382 2165 3581 2222 viden-

1978 2251 2113 2331 tur,
2144 2281 2268 2336 quae
2295 2264 2554 2336 leguntur
2596 2267 2702 2321 sub
2728 2265 2950 2321 initium
2981 2282 2998 2319 :
3031 2264 3145 2318 Οὐκ
3173 2260 3453 2334 dvenam
3481 2258 3579 2311 τοῦ

2000 2358 2376 2414 καθάπτεσθαι
2404 2375 2512 2429 μου
2528 2360 2757 2422 δικαίως
2778 2358 3003 2430 παρέξω
3018 2356 3212 2426 καιρόν
3230 2372 3246 2388 ·
3268 2353 3391 2410 Non
3415 2354 3581 2407 etiam

2001 2451 2124 2507 aliis
2156 2467 2237 2505 me
2278 2452 2430 2522 juste
2467 2450 2864 2524 perstringendi
2918 2451 3250 2505 occasionem
3304 2445 3584 2519 praebuere

2005 2544 2142 2616 (ipse
2164 2544 2426 2600 videlicet
2454 2543 2740 2617 Cyprius).

2073 2636 2186 2692 Sno
2220 2636 2275 2691 in
2309 2652 2480 2708 opere
2533 2646 2681 2693 totus
2716 2646 2835 2699 est.
2877 2646 2939 2691 ut
2979 2642 3298 2691 sanctorum
3329 2632 3579 2695 Patrum,

2002 2732 2389 2804 praecipueque
2415 2732 2605 2806 Cyrilli
2625 2773 2640 2796 ,
2673 2748 2738 2789 ac
2765 2730 3018 2804 Nysseni.
3053 2740 3111 2787 et
3139 2729 3322 2785 Basilii
3349 2736 3585 2784 senten-

2004 2824 2130 2889 tias,
2158 2841 2295 2896 quas
2324 2826 2537 2882 Beccus
2568 2826 2908 2898 opponebat,
2932 2840 3062 2880 suas
3090 2825 3337 2881 traheret
3366 2822 3428 2878 in
3460 2836 3586 2892 par-

2007 2927 2089 2972 tes
2121 2935 2137 2973 :
2170 2920 2694 2990 processionemque
2737 2919 2981 2990 Spiritus
3019 2919 3191 2975 sancti
3229 2932 3261 2977 o
3295 2915 3458 2970 Patre
3486 2930 3589 2986 per

2006 3009 2203 3063 Fili-um
2239 3010 2459 3065 olluciis
2495 3011 2603 3065 illis
2643 3009 2984 3074 attcnnabat,
3014 3025 3151 3079 quas
3174 3024 3203 3063 a
3241 3009 3588 3078 Pacbymcre

2006 3113 2340 3158 memoratas
2378 3103 2768 3170 narravimus;
2816 3118 2911 3157 eas
2939 3118 2969 3157 a
3002 3101 3260 3157 Palribus
3291 3107 3587 3168 usurpatas

2008 3207 2173 3248 voces
2198 3208 2505 3263 opponens,
2556 3194 2872 3264 φανέρωσιν
2897 3232 2913 3259 ,
2952 3190 3247 3258 ἀνάδειξιν,
3289 3189 3588 3261 χορηγεαν,

324 3264 683 3334 Apograpbo,
738 3266 883 3336 quod
941 3264 1142 3325 habeo.
1194 3264 1402 3319 codicis
1444 3262 1898 3334 Lugduno-Bata—

2010 3288 2215 3358 πέμψω
2254 3288 2349 3342 τςιῦ
2397 3289 2715 3359 Πνεύματος
2756 3288 2911 3357 παρὰ
2941 3287 3037 3341 σι·ρῦ
3073 3287 3228 3349 Υἱοῦ,
3264 3284 3584 3349 manifesta-

322 3355 509 3412 veusis
538 3366 756 3412 exstant
789 3357 974 3429 Cyprii
1008 3358 1278 3427 epistolae.
1306 3356 1509 3412 Contra
1538 3357 1772 3411 Bcccum
1806 3355 1900 3413 de-

322 3446 449 3501 latas
478 3445 884 3511 accusationes.
918 3457 974 3503 et
1000 3459 1190 3504 contra
1225 3448 1365 3503 alios
1388 3490 1402 3513 ,
1434 3450 1743 3518 prtecipuos
1772 3462 1900 3503 cum

326 3542 420 3599 illo
454 3541 700 3609 duarum,
720 3540 1088 3597 Ecclesiarum
1121 3540 1429 3596 concordiae
1460 3550 1738 3596 auctores.
1764 3540 1901 3597 Bec-

324 3649 422 3691 cus
455 3636 570 3706 ipse
605 3633 660 3689 in
690 3633 963 3706 synodum
986 3632 1321 3690 advocatus:
1350 3632 1659 3703 missusque
1679 3633 1900 3688 demum

324 3725 552 3782 Prusam
580 3727 734 3784 exsul
772 3730 823 3781 in
860 3726 1200 3799 Bithyniam.
1232 3736 1237 3742 ’

395 3843 464 3903 ιι.
508 3842 613 3903 Per
635 3843 751 3901 ιιιηο
785 3854 1033 3917 tempora
1058 3842 1326 3917 Georgius
1350 3840 1606 3917 Cyprius,
1626 3853 1724 3901 aut
1756 3844 1905 3917 prio-

326 3956 387 3994 re
417 3948 624 3995 mutata
669 3941 972 4003 sententia,
1020 3948 1116 3993 aut
1166 3954 1316 3997 certe
1376 3939 1626 4009 deposita
1679 3938 1906 3993 Sintula-

329 4032 503 4097 tione,
546 4031 827 4088 catholico
855 4031 1122 4103 dogmati,
1151 4042 1206 4088 et
1249 4030 1572 4100 patriarcha:
1600 4032 1777 4088 Becco
1808 4030 1907 4087 ad-

328 4122 677 4179 versabatur.
698 4122 1002 4178 Memorato
1034 4123 1088 4179 in
1110 4123 1302 4180 codice
1322 4123 1907 4193 l.ugdunovBatavensi

327 4213 575 4286 ejusdem
621 4211 810 4272 Sermo
851 4224 1034 4273 exstat
1070 4216 1458 4289 ἁντιῤῥητικὸς
1494 4216 1635 4273 κατὰ
1662 4216 1774 4270 τῶν
1810 4216 1906 4270 τοῦ

328 4307 544 4360 Βέκκου
604 4307 1009 4380 βλασφημιῶν,
1068 4310 1457 4364 Antirrlteticus
1507 4317 1694 4367 contra
1738 4308 1909 4371 ,Βέεεί

328 4396 708 4469 blasphemias.
736 4396 862 4456 llaec
887 4400 1170 4455 adduntur
1194 4400 1251 4457 in
1278 4400 1468 4455 codice
1493 4399 1906 4465 Vindobonensi

328 4491 518 4561 verba,
584 4490 860 4558 Ἐκδοθεὶς
902 4493 1009 4577 τιρῆ
1043 4492 1137 4546 τοῦ
1172 4491 1342 4569 ψήφῳ
1372 4491 1511 4546 Θεοῦ
1551 4493 1632 4555 εἰς
1671 4494 1764 4569 τὸν
1798 4511 1905 4549 πι-

2002 3382 2219 3441 tiouem.
2246 3382 2597 3435 ostensionem
2617 3422 2631 3445 ,
2666 3381 3028 3450 prwbitionem
3053 3421 3070 3446 ,
3104 3381 3409 3434 missionem
3458 3375 3586 3447 Spi-

2004 3473 2135 3527 ritus
2164 3490 2195 3525 α
2234 3470 2401 3527 Filio.

2075 3563 2169 3619 ΙΙΙ.
2203 3563 2307 3618 Diu
2358 3565 2479 3619 haec
2509 3564 2776 3621 Joannem
2804 3565 3037 3619 Boccum
3088 3564 3245 3619 latuit
3276 3562 3476 3633 opella.
3510 3560 3585 3619 Ut

2005 3655 2111 3710 sibi
2147 3656 2411 3720 innotuit,
2439 3670 2562 3711 eam
2604 3658 2863 3713 refutavit
2896 3658 3149 3713 oratione
3189 3671 3311 3726 qua:
3342 3665 3493 3709 tomo
3536 3654 3583 3710 ll

2004 3748 2226 3805 (‘yrtecitc
2254 3748 2572 3805 Orthodoxat
2605 3760 2853 3820 prostat,
2890 3728 3322 3818 inscribiturque
3349 3747 3587 3801 secunda

2000 3841 2060 3897 in
2087 3842 2130 3898 T
2133 3858 2309 3899 omum
2341 3841 2526 3917 Cyprii
2576 3853 2626 3900 et
2655 3860 2819 3899 novas
2852 3844 3084 3914 ejusdem
3118 3844 3356 3897 hazrcses.
3395 3839 3586 3894 Theo-

2004 3935 2228 4002 dorum,
2258 3939 2350 3992 cui
2382 3938 2551 3992 etiam
2590 3937 2767 4007 prima
2795 3945 3107 4004 nuncupata
3142 3934 3349 4002 legitur
3376 3928 3584 3992 oratio,

1978 4031 2089 4086 ’sic
2119 4031 2383 4086 admonet
2415 4031 2623 4087 Beccus
2655 4046 2810 4085 num.
2849 4031 2874 4084 l
2928 4047 2942 4083 :
2989 4028 3119 4093 Quae
3150 4028 3301 4098 prius
3331 4038 3588 4079 occurre-

2007 4132 2141 4177 runt
2162 4164 2178 4189 ,
2210 4123 2306 4177 illa
2338 4124 2489 4194 prius
2525 4123 2604 4193 (In
2628 4123 2907 4181 oratione.
2942 4135 3065 4190 quae
3100 4120 3293 4189 prima.
3325 4132 3589 4171 numera-

2008 4219 2147 4286 tur),
2183 4217 2601 4286 oppugnavimus
2630 4230 2647 4270 :
2676 4230 2798 4286 qurc
2826 4230 2948 4268 vero
2986 4218 3217 4268 secundo
3243 4213 3297 4266 in
3334 4210 3445 4281 78
3483 4224 3587 4262 nos

2006 4319 2177 4364 stram
2207 4310 2559 4379 cognitionem
2599 4321 2880 4369 venerunt,
2929 4308 3025 4361 hac
3061 4306 3339 4376 posteriori
3372 4317 3590 4357 contra-

2008 4404 2238 4457 dictione
2269 4401 2559 4472 rejicimus.
2596 4402 2661 4456 Et
2692 4403 2835 4456 inl'ra
2873 4419 2888 4455 :
2920 4400 3051 4467 Qum
3080 4415 3200 4455 vero
3228 4400 3414 4470 ipse...
3450 4415 3591 4452 nova

2009 4500 2215 4550 eructat
2252 4495 2530 4564 dogmata,
2561 4511 2594 4547 α
2633 4493 2730 4547 Dei
2762 4492 2998 4547 Ecclesia
3028 4506 3246 4563 prorsus
3289 4491 3490 4555 aliena,
3525 4506 3594 4544 ea:

327 4585 659 4659 τριαρχικδν
712 4584 1007 4647 ἀνελθεῖν.
1068 4586 1131 4639 ab
1185 4586 1299 4655 ipso
1348 4587 1545 4651 editus,
1592 4587 1898 4661 priusquam

2011 4589 2253 4644 oratione
2275 4586 2671 4660 (Antirrhetica
2695 4589 2928 4651 scilicet,
2946 4588 3013 4642 de
3040 4602 3144 4657 qua
3176 4602 3325 4640 nunc
3349 4586 3590 4654 agimus)

329 4680 582 4747 thronum
606 4676 1259 4745 Constantinopolitanum
1283 4678 1387 4748 77
1404 4679 1581 4749 gratia
1598 4677 1695 4733 Dei
1716 4694 1906 4737 ascen-

334 4771 501 4827 deret.
561 4788 581 4825 ›
651 4766 1143 4825 Animadversione
1207 4770 1372 4837 digna
1458 4779 1588 4825 sunt
1650 4769 1908 4840 Gregorio

330 4863 496 4918 verba
530 4863 670 4918 libro
702 4877 776 4928 Vl,
808 4864 985 4932 capite
1008 4862 1063 4922 2.
1094 4876 1248 4915 num.
1274 4864 1309 4915 2
1339 4878 1352 4916 :
1385 4861 1516 4915 Cum
1545 4862 1689 4916 velut
1724 4864 1779 4916 in
1801 4865 1906 4919 hu-

331 4957 639 5011 midioribus
678 4956 835 5026 lignis
878 4971 1078 5009 vermes
1126 4966 1459 5018 nascuntur,
1511 4957 1588 5011 ita
1631 4958 1792 5011 etiam
1851 4959 1908 5013 in

330 5047 622 5103 ambitiosis
659 5048 884 5119 ingeniis
947 5046 1310 5103 mmulationis
1354 5054 1403 5101 et
1442 5048 1656 5103 inuidiae
1703 5034 1911 5105 stimuli
1946 5035 1949 5038 ⁴

329 5142 485 5213 vulgo
518 5144 778 5197 exsistant
804 5152 994 5197 contra
1026 5143 1260 5214 ejusdem
1295 5142 1620 5213 professores
1655 5146 1809 5208 artis,
1852 5134 1911 5199 in

331 5252 390 5291 eo
430 5238 729 5308 pra‘sertim
753 5250 945 5308 genere
976 5237 1031 5291 in
1076 5253 1178 5307 quo
1208 5237 1439 5291 maxime
1471 5236 1751 5291 elaborant
1778 5251 1797 5291 :
1837 5239 1912 5291 sic

333 5330 648 5400 Gregorium
681 5331 1052 5402 patriarcham
1102 5330 1330 5401 angebat
1360 5330 1535 5384 vivida
1570 5329 1667 5384 illa
1713 5331 1911 5401 ingenii

329 5432 380 5477 et
406 5422 675 5493 facundia:
705 5426 800 5491 vis,
835 5439 954 5495 quae
994 5424 1051 5478 in
1088 5421 1253 5475 Becco
1292 5431 1408 5475 erat
1434 5437 1452 5475 :
1480 5424 1625 5492 eique
1650 5422 1796 5477 haud
1839 5424 1914 5494 {e-

329 5517 558 5570 rendum
578 5516 885 5580 uidebatur,
915 5517 962 5570 si
986 5515 1132 5571 solus
1155 5516 1267 5585 ipse
1294 5513 1571 5585 (Cyprius)
1598 5516 1738 5569 inter
1764 5515 1910 5569 illius

329 5607 507 5661 (etatis
540 5604 751 5661 σταται
782 5606 1027 5671 celebris,
1061 5614 1112 5660 et
1150 5607 1291 5659 inter
1330 5594 1670 5676 patriarchas
1707 5620 1914 5677 quoque

331 5699 569 5754 eruditos
600 5699 856 5756 celebrem
887 5716 943 5756 se
970 5702 1083 5773 fore
1109 5719 1363 5777 sperans,
1417 5700 1565 5756 illius
1599 5699 1806 5770 (Becci)
1854 5702 1911 5755 in

330 5793 776 5860 disputationibus
818 5795 1121 5867 eloquentia
1168 5806 1479 5867 superatus,
1523 5803 1675 5848 tanto
1714 5794 1914 5846 honore

328 5885 703 5957 fraudaretur.
742 5886 860 5956 Qua
892 5890 957 5946 de
1003 5906 1165 5947 causa
1205 5890 1583 5958 relegationem
1641 5887 1755 5956 ejus
1806 5900 1910 5940 non

2011 4697 2176 4753 quam
2226 4679 2319 4734 ille
2366 4680 2568 4750 primus
2618 4679 2763 4734 nobis
2807 4679 3175 4733 contradicens
3227 4679 3595 4744 concinnavit,

1976 4794 1981 4799 ο
2010 4780 2358 4844 procurantes
2394 4774 2449 4826 in
2485 4773 2713 4826 medium
2747 4772 3088 4827 adducemus.

2084 4863 2140 4919 ιη
2179 4867 2281 4920 hac
2307 4866 2469 4920 Becci
2496 4867 2745 4920 oratione
2775 4880 2838 4919 ea
2874 4866 3100 4919 omnino
3134 4865 3446 4920 refutantur
3468 4882 3599 4935 quae

2008 4958 2249 5031 Cyprius
2277 4959 2445 5015 habet
2491 4960 2544 5013 in
2578 4956 2833 5014 Sermone
2864 4959 3246 5026 Antirrhetico,
3277 4958 3474 5016 eodem
3503 4976 3598 5015 as-

1976 5066 1983 5071 '
2012 5052 2317 5108 sertionum
2333 5052 2505 5122 ipsius
2522 5052 2708 5123 Cyprii
2738 5063 3022 5106 nsservato
3038 5052 3599 5123 ordine,eisdemque

2014 5146 2203 5201 verbis
2226 5145 2542 5213 exscriptis,
2575 5160 2695 5213 qua:
2731 5145 2996 5214 prauiicto
3030 5144 3082 5198 lu
3113 5160 3367 5200 sermone
3396 5145 3597 5215 legun-

2016 5247 2129 5292 tur.
2161 5237 2367 5293 Tomus
2399 5238 2512 5300 ille,
2538 5252 2701 5307 quem
2729 5236 3044 5292 Andronico
3085 5240 3331 5307 Augusto
3360 5239 3599 5307 iubente

2015 5330 2330 5388 coniectum
2356 5347 2386 5385 a
2419 5329 2623 5402 Cyprio
2656 5330 2796 5384 inira
2824 5330 3197 5395 narrabimus,
3221 5329 3396 5383 sancti
3424 5331 3570 5385 .loan

2014 5425 2102 5479 nis
2131 5424 2453 5478 Damasceni
2482 5423 2819 5487 testimonia,
2846 5436 2969 5491 quas
2995 5420 3205 5475 Beccus
3229 5435 3601 5490 opposuerat,

2015 5530 2324 5585 eorumque
2363 5515 2810 5569 conciliationem
2844 5517 3078 5566 maxime
3118 5513 3405 5581 spectabat
3439 5531 3453 5566 :
3487 5532 3605 5584 qua

2014 5608 2084 5663 de
2122 5624 2178 5663 re
2213 5608 2351 5663 nihil
2383 5608 2625 5661 occurrit
2652 5606 2879 5660 omnino
2918 5606 2972 5658 in
3004 5603 3257 5665 Sermone
3307 5606 3607 5663 Antirrha-

2012 5703 2141 5766 tico,
2172 5715 2349 5765 neque
2380 5698 2434 5752 in
2469 5697 2605 5752 locis
2640 5714 2668 5750 a
2703 5697 2876 5751 Becco
2907 5696 3220 5765 decerptis,
3252 5711 3317 5748 ac
3348 5698 3605 5754 secunda

2016 5794 2073 5848 in
2105 5792 2196 5846 illa
2233 5790 2490 5844 oratione
2520 5787 2795 5842 reiumis.
2830 5788 2964 5841 lliue
2986 5788 3164 5842 evittei
3199 5789 3436 5853 videtur,
3474 5806 3609 5860 per-

2017 5895 2206 5953 peram
2270 5878 2591 5950 praedictam
2646 5878 2876 5940 inscribi
2938 5880 3244 5933 orationem
3278 5880 3331 5933 in
3371 5879 3607 5939 Tantum
