  <div class='ocr_page' id='page_1' title='image "/cluster/home/n/w/nwhite01/storage/ocr_20150623/142/hvd.32044012457388/050.png"; bbox 0 0 3858 6458; ppageno 0'>
   <div class='ocr_carea' id='block_1_1' title="bbox 205 404 3465 476">
    <p class='ocr_par' dir='ltr' id='par_1_1' title="bbox 205 404 3465 476">
     <span class='ocr_line' id='line_1_1' title="bbox 205 404 3465 476; baseline -0.003 0"><span class='ocrx_word' id='word_1_1' title='bbox 205 416 273 476; x_wconf 67' lang='lat' dir='ltr'><strong>b&#39;l</strong></span> <span class='ocrx_word' id='word_1_2' title='bbox 1328 410 1537 472; x_wconf 79' lang='lat' dir='ltr'><strong>VlTA.</strong></span> <span class='ocrx_word' id='word_1_3' title='bbox 1576 436 1646 446; x_wconf 91' lang='lat'><strong><em>—</em></strong></span> <span class='ocrx_word' id='word_1_4' title='bbox 1685 412 2190 474; x_wconf 80' lang='lat' dir='ltr'><strong>DISSERTATI‘O</strong></span> <span class='ocrx_word' id='word_1_5' title='bbox 2246 413 2290 475; x_wconf 67' lang='grc' dir='ltr'><strong>Γ.</strong></span> <span class='ocrx_word' id='word_1_6' title='bbox 3276 415 3288 427; x_wconf 84' lang='grc'><strong><em>⁸</em></strong></span> <span class='ocrx_word' id='word_1_7' title='bbox 3389 404 3465 467; x_wconf 80' lang='grc'><strong>(0</strong></span> 
     </span>
    </p>
   </div>
   <div class='ocr_carea' id='block_1_2' title="bbox 200 517 3465 597">
    <p class='ocr_par' dir='ltr' id='par_1_2' title="bbox 200 517 3465 597">
     <span class='ocr_line' id='line_1_2' title="bbox 200 517 3465 597; baseline -0 -23"><span class='ocrx_word' id='word_1_8' title='bbox 200 522 404 593; x_wconf 71' lang='lat' dir='ltr'><strong>Cyprii.</strong></span> <span class='ocrx_word' id='word_1_9' title='bbox 441 518 568 575; x_wconf 58' lang='lat' dir='ltr'><strong>Haec</strong></span> <span class='ocrx_word' id='word_1_10' title='bbox 595 534 904 593; x_wconf 81' lang='lat' dir='ltr'><strong>anonymus</strong></span> <span class='ocrx_word' id='word_1_11' title='bbox 928 518 1201 591; x_wconf 80' lang='lat' dir='ltr'><strong>interpres</strong></span> <span class='ocrx_word' id='word_1_12' title='bbox 1245 521 1400 592; x_wconf 83' lang='lat' dir='ltr'><strong>cujus</strong></span> <span class='ocrx_word' id='word_1_13' title='bbox 1431 520 1622 576; x_wconf 83' lang='lat' dir='ltr'><strong>Latina</strong></span> <span class='ocrx_word' id='word_1_14' title='bbox 1660 537 1782 575; x_wconf 84' lang='lat' dir='ltr'><strong>vcr-</strong></span> <span class='ocrx_word' id='word_1_15' title='bbox 1810 535 1854 589; x_wconf 77' lang='grc' dir='ltr'><strong>Α</strong></span> <span class='ocrx_word' id='word_1_16' title='bbox 1883 528 1951 581; x_wconf 87' lang='lat' dir='ltr'><strong>ab</strong></span> <span class='ocrx_word' id='word_1_17' title='bbox 1978 526 2263 596; x_wconf 86' lang='lat' dir='ltr'><strong>utroque).</strong></span> <span class='ocrx_word' id='word_1_18' title='bbox 2322 545 2341 578; x_wconf 75' lang='grc' dir='ltr'><strong>ι</strong></span> <span class='ocrx_word' id='word_1_19' title='bbox 2400 523 2600 579; x_wconf 82' lang='lat' dir='ltr'><strong>Eadem</strong></span> <span class='ocrx_word' id='word_1_20' title='bbox 2661 521 2940 577; x_wconf 77' lang='lat' dir='ltr'><strong>habentur</strong></span> <span class='ocrx_word' id='word_1_21' title='bbox 2994 519 3048 573; x_wconf 91' lang='lat' dir='ltr'><strong>in</strong></span> <span class='ocrx_word' id='word_1_22' title='bbox 3098 517 3381 589; x_wconf 79' lang='lat' dir='ltr'><strong>Opusculo</strong></span> <span class='ocrx_word' id='word_1_23' title='bbox 3413 521 3465 597; x_wconf 2' lang='lat' dir='ltr'><strong>lg,</strong></span> 
     </span>
    </p>
   </div>
   <div class='ocr_carea' id='block_1_3' title="bbox 201 609 1779 683">
    <p class='ocr_par' dir='ltr' id='par_1_3' title="bbox 201 609 1779 683">
     <span class='ocr_line' id='line_1_3' title="bbox 201 609 1779 683; baseline 0 -17"><span class='ocrx_word' id='word_1_24' title='bbox 201 614 284 667; x_wconf 81' lang='lat' dir='ltr'><strong>sio</strong></span> <span class='ocrx_word' id='word_1_25' title='bbox 315 610 587 683; x_wconf 74' lang='lat' dir='ltr'><strong>Lngztuno</strong></span> <span class='ocrx_word' id='word_1_26' title='bbox 624 609 957 667; x_wconf 85' lang='lat' dir='ltr'><strong>Batavorum</strong></span> <span class='ocrx_word' id='word_1_27' title='bbox 999 612 1069 666; x_wconf 88' lang='lat' dir='ltr'><strong>ad</strong></span> <span class='ocrx_word' id='word_1_28' title='bbox 1121 625 1221 666; x_wconf 89' lang='lat' dir='ltr'><strong>nos</strong></span> <span class='ocrx_word' id='word_1_29' title='bbox 1254 610 1571 666; x_wconf 85' lang='lat' dir='ltr'><strong>transmissa</strong></span> <span class='ocrx_word' id='word_1_30' title='bbox 1601 620 1702 669; x_wconf 72' lang='lat' dir='ltr'><strong>est.</strong></span> <span class='ocrx_word' id='word_1_31' title='bbox 1735 611 1779 666; x_wconf 92' lang='lat' dir='ltr'><strong>si</strong></span> 
     </span>
    </p>
   </div>
   <div class='ocr_carea' id='block_1_4' title="bbox 202 703 1780 775">
    <p class='ocr_par' dir='ltr' id='par_1_4' title="bbox 202 703 1780 775">
     <span class='ocr_line' id='line_1_4' title="bbox 202 703 1780 775; baseline -0.003 -13"><span class='ocrx_word' id='word_1_32' title='bbox 202 708 471 771; x_wconf 78' lang='lat' dir='ltr'><strong>novisset,</strong></span> <span class='ocrx_word' id='word_1_33' title='bbox 518 704 836 762; x_wconf 88' lang='lat' dir='ltr'><strong>nitidiorem</strong></span> <span class='ocrx_word' id='word_1_34' title='bbox 885 706 1075 775; x_wconf 78' lang='lat' dir='ltr'><strong>utique</strong></span> <span class='ocrx_word' id='word_1_35' title='bbox 1112 703 1383 761; x_wconf 74' lang='lat' dir='ltr'><strong>Sermonis</strong></span> <span class='ocrx_word' id='word_1_36' title='bbox 1416 705 1780 770; x_wconf 80' lang='lat' dir='ltr'><strong>Antirrhetici,</strong></span> 
     </span>
    </p>
   </div>
   <div class='ocr_carea' id='block_1_5' title="bbox 202 795 1786 868">
    <p class='ocr_par' dir='ltr' id='par_1_5' title="bbox 202 795 1786 868">
     <span class='ocr_line' id='line_1_5' title="bbox 202 795 1786 868; baseline -0.001 -15"><span class='ocrx_word' id='word_1_37' title='bbox 202 798 515 853; x_wconf 84' lang='lat' dir='ltr'><strong>subsidium</strong></span> <span class='ocrx_word' id='word_1_38' title='bbox 552 798 755 852; x_wconf 76' lang='lat' dir='ltr'><strong>Allatio</strong></span> <span class='ocrx_word' id='word_1_39' title='bbox 787 806 1106 868; x_wconf 59' lang='lat' dir='ltr'><strong>prastante,</strong></span> <span class='ocrx_word' id='word_1_40' title='bbox 1149 795 1400 851; x_wconf 79' lang='lat' dir='ltr'><strong>Latinam</strong></span> <span class='ocrx_word' id='word_1_41' title='bbox 1451 796 1786 866; x_wconf 81' lang='lat' dir='ltr'><strong>interpreta—</strong></span> 
     </span>
    </p>
   </div>
   <div class='ocr_carea' id='block_1_6' title="bbox 205 890 1784 959">
    <p class='ocr_par' dir='ltr' id='par_1_6' title="bbox 205 890 1784 959">
     <span class='ocr_line' id='line_1_6' title="bbox 205 890 1784 959; baseline -0.001 -13"><span class='ocrx_word' id='word_1_42' title='bbox 205 895 416 948; x_wconf 85' lang='lat' dir='ltr'><strong>tionem</strong></span> <span class='ocrx_word' id='word_1_43' title='bbox 441 893 790 948; x_wconf 88' lang='lat' dir='ltr'><strong>adornasset.</strong></span> <span class='ocrx_word' id='word_1_44' title='bbox 817 893 925 946; x_wconf 89' lang='lat' dir='ltr'><strong>Sed</strong></span> <span class='ocrx_word' id='word_1_45' title='bbox 951 891 1117 947; x_wconf 90' lang='lat' dir='ltr'><strong>etiam</strong></span> <span class='ocrx_word' id='word_1_46' title='bbox 1149 890 1508 947; x_wconf 81' lang='lat' dir='ltr'><strong>doctissimus</strong></span> <span class='ocrx_word' id='word_1_47' title='bbox 1526 890 1784 959; x_wconf 80' lang='lat' dir='ltr'><strong>Allatius,</strong></span> 
     </span>
    </p>
   </div>
   <div class='ocr_carea' id='block_1_7' title="bbox 202 984 1788 1056">
    <p class='ocr_par' dir='ltr' id='par_1_7' title="bbox 202 984 1788 1056">
     <span class='ocr_line' id='line_1_7' title="bbox 202 984 1788 1056; baseline -0.003 -13"><span class='ocrx_word' id='word_1_48' title='bbox 202 990 535 1043; x_wconf 82' lang='lat' dir='ltr'><strong>Sermonem</strong></span> <span class='ocrx_word' id='word_1_49' title='bbox 584 986 733 1042; x_wconf 83' lang='lat' dir='ltr'><strong>hunc</strong></span> <span class='ocrx_word' id='word_1_50' title='bbox 769 985 815 1040; x_wconf 89' lang='lat' dir='ltr'><strong>si</strong></span> <span class='ocrx_word' id='word_1_51' title='bbox 848 984 1162 1056; x_wconf 76' lang='lat' dir='ltr'><strong>expendere</strong></span> <span class='ocrx_word' id='word_1_52' title='bbox 1190 984 1674 1050; x_wconf 80' lang='lat' dir='ltr'><strong>eidemlicuisset,</strong></span> <span class='ocrx_word' id='word_1_53' title='bbox 1705 986 1788 1040; x_wconf 85' lang='lat' dir='ltr'><strong>di-</strong></span> 
     </span>
    </p>
   </div>
   <div class='ocr_carea' id='block_1_8' title="bbox 204 1076 1791 1151">
    <p class='ocr_par' dir='ltr' id='par_1_8' title="bbox 204 1076 1791 1151">
     <span class='ocr_line' id='line_1_8' title="bbox 204 1076 1791 1151; baseline -0.001 -15"><span class='ocrx_word' id='word_1_54' title='bbox 204 1081 503 1151; x_wconf 84' lang='lat' dir='ltr'><strong>ligentiore</strong></span> <span class='ocrx_word' id='word_1_55' title='bbox 529 1080 659 1135; x_wconf 90' lang='lat' dir='ltr'><strong>crisi</strong></span> <span class='ocrx_word' id='word_1_56' title='bbox 702 1076 770 1134; x_wconf 87' lang='lat' dir='ltr'><strong>de</strong></span> <span class='ocrx_word' id='word_1_57' title='bbox 799 1076 1029 1133; x_wconf 88' lang='lat' dir='ltr'><strong>secunda</strong></span> <span class='ocrx_word' id='word_1_58' title='bbox 1058 1076 1173 1139; x_wconf 87' lang='lat' dir='ltr'><strong>illa,</strong></span> <span class='ocrx_word' id='word_1_59' title='bbox 1196 1092 1363 1148; x_wconf 87' lang='lat' dir='ltr'><strong>quam</strong></span> <span class='ocrx_word' id='word_1_60' title='bbox 1391 1077 1635 1148; x_wconf 74' lang='lat' dir='ltr'><strong>vulgavit</strong></span> <span class='ocrx_word' id='word_1_61' title='bbox 1661 1093 1791 1134; x_wconf 88' lang='lat' dir='ltr'><strong>ora-</strong></span> 
     </span>
    </p>
   </div>
   <div class='ocr_carea' id='block_1_9' title="bbox 202 1174 727 1244">
    <p class='ocr_par' dir='ltr' id='par_1_9' title="bbox 202 1174 727 1244">
     <span class='ocr_line' id='line_1_9' title="bbox 202 1174 727 1244; baseline -0.004 -17"><span class='ocrx_word' id='word_1_62' title='bbox 202 1178 374 1237; x_wconf 82' lang='lat' dir='ltr'><strong>tione,</strong></span> <span class='ocrx_word' id='word_1_63' title='bbox 408 1174 727 1244; x_wconf 74' lang='lat' dir='ltr'><strong>iudicasset.</strong></span> 
     </span>
    </p>
   </div>
   <div class='ocr_carea' id='block_1_10' title="bbox 284 1263 1789 1338">
    <p class='ocr_par' dir='ltr' id='par_1_10' title="bbox 284 1263 1789 1338">
     <span class='ocr_line' id='line_1_10' title="bbox 284 1263 1789 1338; baseline -0.003 -18"><span class='ocrx_word' id='word_1_64' title='bbox 284 1264 375 1320; x_wconf 75' lang='grc' dir='ltr'><strong>ιν.</strong></span> <span class='ocrx_word' id='word_1_65' title='bbox 419 1265 645 1336; x_wconf 72' lang='lat' dir='ltr'><strong>Georgii</strong></span> <span class='ocrx_word' id='word_1_66' title='bbox 692 1266 881 1338; x_wconf 75' lang='lat' dir='ltr'><strong>Cyprii</strong></span> <span class='ocrx_word' id='word_1_67' title='bbox 937 1276 1148 1322; x_wconf 88' lang='lat' dir='ltr'><strong>asserta</strong></span> <span class='ocrx_word' id='word_1_68' title='bbox 1205 1264 1427 1333; x_wconf 88' lang='lat' dir='ltr'><strong>profero</strong></span> <span class='ocrx_word' id='word_1_69' title='bbox 1485 1263 1789 1336; x_wconf 62' lang='lat' dir='ltr'><strong>pracipua,</strong></span> 
     </span>
    </p>
   </div>
   <div class='ocr_carea' id='block_1_11' title="bbox 203 1353 1786 1428">
    <p class='ocr_par' dir='ltr' id='par_1_11' title="bbox 203 1353 1786 1428">
     <span class='ocr_line' id='line_1_11' title="bbox 203 1353 1786 1428; baseline -0.001 -18"><span class='ocrx_word' id='word_1_70' title='bbox 203 1374 331 1428; x_wconf 71' lang='lat' dir='ltr'><strong>quae</strong></span> <span class='ocrx_word' id='word_1_71' title='bbox 370 1357 651 1413; x_wconf 82' lang='lat' dir='ltr'><strong>habentur</strong></span> <span class='ocrx_word' id='word_1_72' title='bbox 679 1358 731 1411; x_wconf 90' lang='lat' dir='ltr'><strong>in</strong></span> <span class='ocrx_word' id='word_1_73' title='bbox 766 1357 1020 1414; x_wconf 87' lang='lat' dir='ltr'><strong>Sermone</strong></span> <span class='ocrx_word' id='word_1_74' title='bbox 1044 1359 1434 1422; x_wconf 78' lang='lat' dir='ltr'><strong>Antirrhetico,</strong></span> <span class='ocrx_word' id='word_1_75' title='bbox 1467 1372 1594 1413; x_wconf 89' lang='lat' dir='ltr'><strong>eum</strong></span> <span class='ocrx_word' id='word_1_76' title='bbox 1627 1353 1786 1411; x_wconf 70' lang='grc' dir='ltr'><strong>Βροθί</strong></span> 
     </span>
    </p>
   </div>
   <div class='ocr_carea' id='block_1_12' title="bbox 205 1447 1790 1513">
    <p class='ocr_par' dir='ltr' id='par_1_12' title="bbox 205 1447 1790 1513">
     <span class='ocr_line' id='line_1_12' title="bbox 205 1447 1790 1513; baseline -0.001 -8"><span class='ocrx_word' id='word_1_77' title='bbox 205 1451 659 1507; x_wconf 79' lang='lat' dir='ltr'><strong>refutationibus.</strong></span> <span class='ocrx_word' id='word_1_78' title='bbox 687 1450 785 1508; x_wconf 83' lang='lat' dir='ltr'><strong>llis</strong></span> <span class='ocrx_word' id='word_1_79' title='bbox 809 1452 1323 1507; x_wconf 77' lang='lat' dir='ltr'><strong>animadversiones</strong></span> <span class='ocrx_word' id='word_1_80' title='bbox 1354 1451 1520 1513; x_wconf 76' lang='lat' dir='ltr'><strong>addo,</strong></span> <span class='ocrx_word' id='word_1_81' title='bbox 1544 1465 1610 1504; x_wconf 82' lang='lat' dir='ltr'><strong>ex</strong></span> <span class='ocrx_word' id='word_1_82' title='bbox 1643 1447 1790 1504; x_wconf 80' lang='lat' dir='ltr'><strong>Tito-</strong></span> 
     </span>
    </p>
   </div>
   <div class='ocr_carea' id='block_1_13' title="bbox 206 1545 1644 1616">
    <p class='ocr_par' dir='ltr' id='par_1_13' title="bbox 206 1545 1644 1616">
     <span class='ocr_line' id='line_1_13' title="bbox 206 1545 1644 1616; baseline 0.001 -18"><span class='ocrx_word' id='word_1_83' title='bbox 206 1560 313 1599; x_wconf 60' lang='grc' dir='ltr'><strong>ωδε</strong></span> <span class='ocrx_word' id='word_1_84' title='bbox 347 1545 644 1614; x_wconf 77' lang='lat' dir='ltr'><strong>Aquinatis</strong></span> <span class='ocrx_word' id='word_1_85' title='bbox 674 1545 927 1601; x_wconf 80' lang='lat' dir='ltr'><strong>doctrina</strong></span> <span class='ocrx_word' id='word_1_86' title='bbox 959 1547 1285 1616; x_wconf 87' lang='lat' dir='ltr'><strong>plerumque</strong></span> <span class='ocrx_word' id='word_1_87' title='bbox 1310 1546 1644 1613; x_wconf 88' lang='lat' dir='ltr'><strong>desumptas.</strong></span> 
     </span>
    </p>
   </div>
   <div class='ocr_carea' id='block_1_14' title="bbox 279 1635 1792 1707">
    <p class='ocr_par' dir='ltr' id='par_1_14' title="bbox 279 1635 1792 1707">
     <span class='ocr_line' id='line_1_14' title="bbox 279 1635 1792 1707; baseline 0.001 -17"><span class='ocrx_word' id='word_1_88' title='bbox 279 1636 358 1705; x_wconf 66' lang='grc' dir='ltr'><strong>(ί)</strong></span> <span class='ocrx_word' id='word_1_89' title='bbox 399 1635 639 1707; x_wconf 77' lang='lat' dir='ltr'><strong>Spiritus</strong></span> <span class='ocrx_word' id='word_1_90' title='bbox 664 1650 909 1706; x_wconf 80' lang='lat' dir='ltr'><strong>sanctus,</strong></span> <span class='ocrx_word' id='word_1_91' title='bbox 940 1655 1055 1693; x_wconf 83' lang='lat' dir='ltr'><strong>eum</strong></span> <span class='ocrx_word' id='word_1_92' title='bbox 1083 1639 1280 1693; x_wconf 86' lang='lat' dir='ltr'><strong>dicitur</strong></span> <span class='ocrx_word' id='word_1_93' title='bbox 1322 1653 1386 1692; x_wconf 75' lang='lat' dir='ltr'><strong>ea:</strong></span> <span class='ocrx_word' id='word_1_94' title='bbox 1417 1637 1644 1693; x_wconf 81' lang='lat' dir='ltr'><strong>essentia</strong></span> <span class='ocrx_word' id='word_1_95' title='bbox 1679 1635 1792 1692; x_wconf 85' lang='lat' dir='ltr'><strong>Pa-</strong></span> 
     </span>
    </p>
   </div>
   <div class='ocr_carea' id='block_1_15' title="bbox 207 1728 1791 1802">
    <p class='ocr_par' dir='ltr' id='par_1_15' title="bbox 207 1728 1791 1802">
     <span class='ocr_line' id='line_1_15' title="bbox 207 1728 1791 1802; baseline 0.004 -22"><span class='ocrx_word' id='word_1_96' title='bbox 207 1731 330 1793; x_wconf 80' lang='lat' dir='ltr'><strong>tris,</strong></span> <span class='ocrx_word' id='word_1_97' title='bbox 382 1740 526 1784; x_wconf 80' lang='lat' dir='ltr'><strong>recte</strong></span> <span class='ocrx_word' id='word_1_98' title='bbox 552 1731 744 1802; x_wconf 83' lang='lat' dir='ltr'><strong>pieque</strong></span> <span class='ocrx_word' id='word_1_99' title='bbox 773 1741 824 1785; x_wconf 82' lang='lat' dir='ltr'><strong>et</strong></span> <span class='ocrx_word' id='word_1_100' title='bbox 872 1746 937 1786; x_wconf 68' lang='lat' dir='ltr'><strong>ex</strong></span> <span class='ocrx_word' id='word_1_101' title='bbox 974 1732 1201 1786; x_wconf 87' lang='lat' dir='ltr'><strong>essentia</strong></span> <span class='ocrx_word' id='word_1_102' title='bbox 1235 1728 1371 1785; x_wconf 82' lang='lat' dir='ltr'><strong>Filii</strong></span> <span class='ocrx_word' id='word_1_103' title='bbox 1394 1730 1599 1785; x_wconf 79' lang='lat' dir='ltr'><strong>dicetur</strong></span> <span class='ocrx_word' id='word_1_104' title='bbox 1627 1746 1646 1786; x_wconf 91' lang='lat'><strong><em>:</em></strong></span> <span class='ocrx_word' id='word_1_105' title='bbox 1679 1747 1791 1786; x_wconf 88' lang='lat' dir='ltr'><strong>una</strong></span> 
     </span>
    </p>
   </div>
   <div class='ocr_carea' id='block_1_16' title="bbox 206 1821 1790 1891">
    <p class='ocr_par' dir='ltr' id='par_1_16' title="bbox 206 1821 1790 1891">
     <span class='ocr_line' id='line_1_16' title="bbox 206 1821 1790 1891; baseline 0 -16"><span class='ocrx_word' id='word_1_106' title='bbox 206 1822 472 1891; x_wconf 80' lang='lat' dir='ltr'><strong>siquidem</strong></span> <span class='ocrx_word' id='word_1_107' title='bbox 500 1833 598 1891; x_wconf 89' lang='lat' dir='ltr'><strong>est,</strong></span> <span class='ocrx_word' id='word_1_108' title='bbox 641 1832 691 1876; x_wconf 91' lang='lat' dir='ltr'><strong>et</strong></span> <span class='ocrx_word' id='word_1_109' title='bbox 722 1825 803 1879; x_wconf 88' lang='lat' dir='ltr'><strong>uti</strong></span> <span class='ocrx_word' id='word_1_110' title='bbox 830 1825 1080 1891; x_wconf 80' lang='lat' dir='ltr'><strong>essentia,</strong></span> <span class='ocrx_word' id='word_1_111' title='bbox 1109 1821 1315 1878; x_wconf 84' lang='lat' dir='ltr'><strong>nullam</strong></span> <span class='ocrx_word' id='word_1_112' title='bbox 1349 1824 1658 1879; x_wconf 79' lang='lat' dir='ltr'><strong>diuisionem</strong></span> <span class='ocrx_word' id='word_1_113' title='bbox 1690 1823 1790 1877; x_wconf 89' lang='lat' dir='ltr'><strong>ad-</strong></span> 
     </span>
    </p>
   </div>
   <div class='ocr_carea' id='block_1_17' title="bbox 205 1914 1793 1991">
    <p class='ocr_par' dir='ltr' id='par_1_17' title="bbox 205 1914 1793 1991">
     <span class='ocr_line' id='line_1_17' title="bbox 205 1914 1793 1991; baseline 0 -19"><span class='ocrx_word' id='word_1_114' title='bbox 205 1918 394 1972; x_wconf 74' lang='lat' dir='ltr'><strong>mittit.</strong></span> <span class='ocrx_word' id='word_1_115' title='bbox 427 1915 500 1971; x_wconf 85' lang='lat' dir='ltr'><strong>Et</strong></span> <span class='ocrx_word' id='word_1_116' title='bbox 524 1917 664 1989; x_wconf 84' lang='lat' dir='ltr'><strong>quod</strong></span> <span class='ocrx_word' id='word_1_117' title='bbox 706 1933 815 1973; x_wconf 90' lang='lat' dir='ltr'><strong>una</strong></span> <span class='ocrx_word' id='word_1_118' title='bbox 844 1928 942 1983; x_wconf 91' lang='lat' dir='ltr'><strong>est,</strong></span> <span class='ocrx_word' id='word_1_119' title='bbox 973 1922 1066 1991; x_wconf 81' lang='lat' dir='ltr'><strong>qut</strong></span> <span class='ocrx_word' id='word_1_120' title='bbox 1107 1933 1173 1972; x_wconf 76' lang='lat' dir='ltr'><strong>ea:</strong></span> <span class='ocrx_word' id='word_1_121' title='bbox 1205 1919 1434 1974; x_wconf 85' lang='lat' dir='ltr'><strong>essentia</strong></span> <span class='ocrx_word' id='word_1_122' title='bbox 1461 1914 1646 1973; x_wconf 83' lang='lat' dir='ltr'><strong>Patris</strong></span> <span class='ocrx_word' id='word_1_123' title='bbox 1672 1915 1793 1988; x_wconf 86' lang='lat' dir='ltr'><strong>Spi-</strong></span> 
     </span>
    </p>
   </div>
   <div class='ocr_carea' id='block_1_18' title="bbox 208 2009 1794 2080">
    <p class='ocr_par' dir='ltr' id='par_1_18' title="bbox 208 2009 1794 2080">
     <span class='ocr_line' id='line_1_18' title="bbox 208 2009 1794 2080; baseline 0.001 -15"><span class='ocrx_word' id='word_1_124' title='bbox 208 2014 345 2066; x_wconf 81' lang='lat' dir='ltr'><strong>ritus</strong></span> <span class='ocrx_word' id='word_1_125' title='bbox 378 2027 488 2065; x_wconf 88' lang='lat' dir='ltr'><strong>esse</strong></span> <span class='ocrx_word' id='word_1_126' title='bbox 532 2011 872 2080; x_wconf 74' lang='lat' dir='ltr'><strong>afﬁrmatur,</strong></span> <span class='ocrx_word' id='word_1_127' title='bbox 903 2020 954 2065; x_wconf 87' lang='lat' dir='ltr'><strong>et</strong></span> <span class='ocrx_word' id='word_1_128' title='bbox 997 2028 1063 2067; x_wconf 82' lang='lat' dir='ltr'><strong>ea;</strong></span> <span class='ocrx_word' id='word_1_129' title='bbox 1092 2013 1321 2067; x_wconf 84' lang='lat' dir='ltr'><strong>essentia</strong></span> <span class='ocrx_word' id='word_1_130' title='bbox 1373 2009 1508 2068; x_wconf 85' lang='lat' dir='ltr'><strong>Filii</strong></span> <span class='ocrx_word' id='word_1_131' title='bbox 1542 2012 1794 2066; x_wconf 76' lang='lat' dir='ltr'><strong>exsistere</strong></span> 
     </span>
    </p>
   </div>
   <div class='ocr_carea' id='block_1_19' title="bbox 208 2100 1793 2173">
    <p class='ocr_par' dir='ltr' id='par_1_19' title="bbox 208 2100 1793 2173">
     <span class='ocr_line' id='line_1_19' title="bbox 208 2100 1793 2173; baseline -0.001 -17"><span class='ocrx_word' id='word_1_132' title='bbox 208 2102 489 2157; x_wconf 84' lang='lat' dir='ltr'><strong>asseritur.</strong></span> <span class='ocrx_word' id='word_1_133' title='bbox 518 2104 639 2156; x_wconf 84' lang='lat' dir='ltr'><strong>Non</strong></span> <span class='ocrx_word' id='word_1_134' title='bbox 659 2109 936 2173; x_wconf 83' lang='lat' dir='ltr'><strong>propterea</strong></span> <span class='ocrx_word' id='word_1_135' title='bbox 972 2111 1152 2156; x_wconf 86' lang='lat' dir='ltr'><strong>tamen</strong></span> <span class='ocrx_word' id='word_1_136' title='bbox 1181 2100 1414 2173; x_wconf 82' lang='lat' dir='ltr'><strong>Spiritus</strong></span> <span class='ocrx_word' id='word_1_137' title='bbox 1432 2118 1495 2157; x_wconf 77' lang='lat' dir='ltr'><strong>ea:</strong></span> <span class='ocrx_word' id='word_1_138' title='bbox 1521 2103 1793 2173; x_wconf 81' lang='lat' dir='ltr'><strong>hypostasi</strong></span> 
     </span>
    </p>
   </div>
   <div class='ocr_carea' id='block_1_20' title="bbox 207 2188 1794 2265">
    <p class='ocr_par' dir='ltr' id='par_1_20' title="bbox 207 2188 1794 2265">
     <span class='ocr_line' id='line_1_20' title="bbox 207 2188 1794 2265; baseline 0.001 -20"><span class='ocrx_word' id='word_1_139' title='bbox 207 2188 346 2247; x_wconf 85' lang='lat' dir='ltr'><strong>Filii</strong></span> <span class='ocrx_word' id='word_1_140' title='bbox 390 2192 527 2259; x_wconf 86' lang='lat' dir='ltr'><strong>erit;</strong></span> <span class='ocrx_word' id='word_1_141' title='bbox 560 2191 679 2248; x_wconf 86' lang='lat' dir='ltr'><strong>licet</strong></span> <span class='ocrx_word' id='word_1_142' title='bbox 707 2201 1075 2248; x_wconf 75' lang='lat' dir='ltr'><strong>asseveranter</strong></span> <span class='ocrx_word' id='word_1_143' title='bbox 1119 2211 1184 2249; x_wconf 77' lang='lat' dir='ltr'><strong>ea:</strong></span> <span class='ocrx_word' id='word_1_144' title='bbox 1222 2195 1477 2257; x_wconf 89' lang='lat' dir='ltr'><strong>essentia,</strong></span> <span class='ocrx_word' id='word_1_145' title='bbox 1526 2202 1574 2249; x_wconf 89' lang='lat' dir='ltr'><strong>et</strong></span> <span class='ocrx_word' id='word_1_146' title='bbox 1626 2196 1794 2265; x_wconf 81' lang='lat' dir='ltr'><strong>hypo-</strong></span> 
     </span>
    </p>
   </div>
   <div class='ocr_carea' id='block_1_21' title="bbox 207 2284 1795 2359">
    <p class='ocr_par' dir='ltr' id='par_1_21' title="bbox 207 2284 1795 2359">
     <span class='ocr_line' id='line_1_21' title="bbox 207 2284 1795 2359; baseline 0.001 -18"><span class='ocrx_word' id='word_1_147' title='bbox 207 2287 340 2341; x_wconf 84' lang='lat' dir='ltr'><strong>stasi</strong></span> <span class='ocrx_word' id='word_1_148' title='bbox 364 2284 547 2343; x_wconf 84' lang='lat' dir='ltr'><strong>Patris</strong></span> <span class='ocrx_word' id='word_1_149' title='bbox 574 2286 806 2343; x_wconf 84' lang='lat' dir='ltr'><strong>dicatur.</strong></span> <span class='ocrx_word' id='word_1_150' title='bbox 845 2303 866 2338; x_wconf 79' lang='grc' dir='ltr'><strong>σ</strong></span> <span class='ocrx_word' id='word_1_151' title='bbox 915 2284 1088 2358; x_wconf 74' lang='lat' dir='ltr'><strong>Magis</strong></span> <span class='ocrx_word' id='word_1_152' title='bbox 1126 2303 1259 2359; x_wconf 84' lang='lat' dir='ltr'><strong>ergo</strong></span> <span class='ocrx_word' id='word_1_153' title='bbox 1309 2288 1461 2359; x_wconf 84' lang='lat' dir='ltr'><strong>pium</strong></span> <span class='ocrx_word' id='word_1_154' title='bbox 1517 2297 1688 2352; x_wconf 85' lang='lat' dir='ltr'><strong>esset,</strong></span> <span class='ocrx_word' id='word_1_155' title='bbox 1742 2298 1795 2344; x_wconf 89' lang='lat' dir='ltr'><strong>te</strong></span> 
     </span>
    </p>
   </div>
   <div class='ocr_carea' id='block_1_22' title="bbox 204 2378 1798 2451">
    <p class='ocr_par' dir='ltr' id='par_1_22' title="bbox 204 2378 1798 2451">
     <span class='ocr_line' id='line_1_22' title="bbox 204 2378 1798 2451; baseline 0.003 -20"><span class='ocrx_word' id='word_1_156' title='bbox 204 2378 391 2449; x_wconf 81' lang='lat' dir='ltr'><strong>judice</strong></span> <span class='ocrx_word' id='word_1_157' title='bbox 422 2380 613 2449; x_wconf 79' lang='lat' dir='ltr'><strong>(verba</strong></span> <span class='ocrx_word' id='word_1_158' title='bbox 639 2389 769 2435; x_wconf 88' lang='lat' dir='ltr'><strong>sunt</strong></span> <span class='ocrx_word' id='word_1_159' title='bbox 793 2380 991 2449; x_wconf 76' lang='lat' dir='ltr'><strong>Becci),</strong></span> <span class='ocrx_word' id='word_1_160' title='bbox 1024 2381 1067 2439; x_wconf 92' lang='lat' dir='ltr'><strong>si</strong></span> <span class='ocrx_word' id='word_1_161' title='bbox 1094 2390 1151 2436; x_wconf 89' lang='lat' dir='ltr'><strong>et</strong></span> <span class='ocrx_word' id='word_1_162' title='bbox 1178 2397 1243 2436; x_wconf 76' lang='lat' dir='ltr'><strong>ex</strong></span> <span class='ocrx_word' id='word_1_163' title='bbox 1265 2398 1369 2437; x_wconf 88' lang='lat' dir='ltr'><strong>sua</strong></span> <span class='ocrx_word' id='word_1_164' title='bbox 1431 2382 1595 2451; x_wconf 84' lang='lat' dir='ltr'><strong>ipsius</strong></span> <span class='ocrx_word' id='word_1_165' title='bbox 1625 2398 1798 2437; x_wconf 87' lang='lat' dir='ltr'><strong>essen-</strong></span> 
     </span>
    </p>
   </div>
   <div class='ocr_carea' id='block_1_23' title="bbox 209 2470 1796 2541">
    <p class='ocr_par' dir='ltr' id='par_1_23' title="bbox 209 2470 1796 2541">
     <span class='ocr_line' id='line_1_23' title="bbox 209 2470 1796 2541; baseline 0.004 -18"><span class='ocrx_word' id='word_1_166' title='bbox 209 2471 287 2525; x_wconf 85' lang='lat' dir='ltr'><strong>tia</strong></span> <span class='ocrx_word' id='word_1_167' title='bbox 319 2470 568 2541; x_wconf 87' lang='lat' dir='ltr'><strong>Spiritus</strong></span> <span class='ocrx_word' id='word_1_168' title='bbox 600 2471 907 2529; x_wconf 85' lang='lat' dir='ltr'><strong>diceretur.</strong></span> <span class='ocrx_word' id='word_1_169' title='bbox 938 2472 995 2528; x_wconf 88' lang='lat' dir='ltr'><strong>ld</strong></span> <span class='ocrx_word' id='word_1_170' title='bbox 1022 2474 1171 2529; x_wconf 86' lang='lat' dir='ltr'><strong>enim</strong></span> <span class='ocrx_word' id='word_1_171' title='bbox 1198 2474 1245 2530; x_wconf 91' lang='lat' dir='ltr'><strong>si</strong></span> <span class='ocrx_word' id='word_1_172' title='bbox 1290 2489 1420 2530; x_wconf 83' lang='lat' dir='ltr'><strong>vere</strong></span> <span class='ocrx_word' id='word_1_173' title='bbox 1452 2474 1796 2530; x_wconf 88' lang='lat' dir='ltr'><strong>demonstre-</strong></span> 
     </span>
    </p>
   </div>
   <div class='ocr_carea' id='block_1_24' title="bbox 209 2562 1796 2629">
    <p class='ocr_par' dir='ltr' id='par_1_24' title="bbox 209 2562 1796 2629">
     <span class='ocr_line' id='line_1_24' title="bbox 209 2562 1796 2629; baseline 0.002 -11"><span class='ocrx_word' id='word_1_174' title='bbox 209 2572 324 2628; x_wconf 86' lang='lat' dir='ltr'><strong>tur,</strong></span> <span class='ocrx_word' id='word_1_175' title='bbox 360 2579 498 2619; x_wconf 78' lang='lat' dir='ltr'><strong>vere</strong></span> <span class='ocrx_word' id='word_1_176' title='bbox 529 2564 772 2619; x_wconf 81' lang='lat' dir='ltr'><strong>auditori</strong></span> <span class='ocrx_word' id='word_1_177' title='bbox 806 2564 1080 2629; x_wconf 81' lang='lat' dir='ltr'><strong>suadebit,</strong></span> <span class='ocrx_word' id='word_1_178' title='bbox 1133 2562 1342 2619; x_wconf 89' lang='lat' dir='ltr'><strong>nullam</strong></span> <span class='ocrx_word' id='word_1_179' title='bbox 1373 2566 1446 2621; x_wconf 91' lang='lat' dir='ltr'><strong>ob</strong></span> <span class='ocrx_word' id='word_1_180' title='bbox 1495 2567 1656 2622; x_wconf 91' lang='lat' dir='ltr'><strong>aliam</strong></span> <span class='ocrx_word' id='word_1_181' title='bbox 1704 2584 1796 2621; x_wconf 80' lang='lat' dir='ltr'><strong>ra-</strong></span> 
     </span>
    </p>
   </div>
   <div class='ocr_carea' id='block_1_25' title="bbox 210 2657 1796 2720">
    <p class='ocr_par' dir='ltr' id='par_1_25' title="bbox 210 2657 1796 2720">
     <span class='ocr_line' id='line_1_25' title="bbox 210 2657 1796 2720; baseline 0.002 -8"><span class='ocrx_word' id='word_1_182' title='bbox 210 2657 465 2720; x_wconf 85' lang='lat' dir='ltr'><strong>tionem,</strong></span> <span class='ocrx_word' id='word_1_183' title='bbox 523 2657 621 2711; x_wconf 87' lang='lat' dir='ltr'><strong>sed</strong></span> <span class='ocrx_word' id='word_1_184' title='bbox 684 2659 1068 2714; x_wconf 82' lang='lat' dir='ltr'><strong>tantummodo</strong></span> <span class='ocrx_word' id='word_1_185' title='bbox 1121 2660 1181 2713; x_wconf 91' lang='lat' dir='ltr'><strong>ob</strong></span> <span class='ocrx_word' id='word_1_186' title='bbox 1242 2660 1499 2714; x_wconf 82' lang='lat' dir='ltr'><strong>unitatem</strong></span> <span class='ocrx_word' id='word_1_187' title='bbox 1556 2661 1796 2715; x_wconf 66' lang='lat' dir='ltr'><strong>essentia</strong></span> 
     </span>
    </p>
   </div>
   <div class='ocr_carea' id='block_1_26' title="bbox 212 2747 1794 2822">
    <p class='ocr_par' dir='ltr' id='par_1_26' title="bbox 212 2747 1794 2822">
     <span class='ocr_line' id='line_1_26' title="bbox 212 2747 1794 2822; baseline 0.002 -19"><span class='ocrx_word' id='word_1_188' title='bbox 212 2747 398 2804; x_wconf 81' lang='lat' dir='ltr'><strong>Patris</strong></span> <span class='ocrx_word' id='word_1_189' title='bbox 419 2760 469 2805; x_wconf 91' lang='lat' dir='ltr'><strong>et</strong></span> <span class='ocrx_word' id='word_1_190' title='bbox 498 2750 645 2814; x_wconf 80' lang='lat' dir='ltr'><strong>Filii,</strong></span> <span class='ocrx_word' id='word_1_191' title='bbox 661 2766 725 2806; x_wconf 77' lang='lat' dir='ltr'><strong>ex</strong></span> <span class='ocrx_word' id='word_1_192' title='bbox 749 2752 1041 2822; x_wconf 85' lang='lat' dir='ltr'><strong>utriusque</strong></span> <span class='ocrx_word' id='word_1_193' title='bbox 1058 2752 1300 2808; x_wconf 87' lang='lat' dir='ltr'><strong>essentia</strong></span> <span class='ocrx_word' id='word_1_194' title='bbox 1321 2751 1588 2822; x_wconf 90' lang='lat' dir='ltr'><strong>Spiritum</strong></span> <span class='ocrx_word' id='word_1_195' title='bbox 1610 2752 1717 2806; x_wconf 88' lang='lat' dir='ltr'><strong>dici</strong></span> 
     </span>
    </p>
   </div>
   <div class='ocr_carea' id='block_1_27' title="bbox 209 2840 1794 2913">
    <p class='ocr_par' dir='ltr' id='par_1_27' title="bbox 209 2840 1794 2913">
     <span class='ocr_line' id='line_1_27' title="bbox 209 2840 1794 2913; baseline 0.001 -16"><span class='ocrx_word' id='word_1_196' title='bbox 209 2840 393 2909; x_wconf 84' lang='lat' dir='ltr'><strong>Quare</strong></span> <span class='ocrx_word' id='word_1_197' title='bbox 424 2859 555 2899; x_wconf 76' lang='lat' dir='ltr'><strong>vero</strong></span> <span class='ocrx_word' id='word_1_198' title='bbox 588 2844 781 2909; x_wconf 82' lang='lat' dir='ltr'><strong>dicito,</strong></span> <span class='ocrx_word' id='word_1_199' title='bbox 821 2860 1031 2913; x_wconf 65' lang='lat' dir='ltr'><strong>quasso,</strong></span> <span class='ocrx_word' id='word_1_200' title='bbox 1062 2844 1208 2913; x_wconf 90' lang='lat' dir='ltr'><strong>quod</strong></span> <span class='ocrx_word' id='word_1_201' title='bbox 1238 2860 1302 2899; x_wconf 74' lang='lat' dir='ltr'><strong>ea:</strong></span> <span class='ocrx_word' id='word_1_202' title='bbox 1324 2846 1549 2899; x_wconf 86' lang='lat' dir='ltr'><strong>essentia</strong></span> <span class='ocrx_word' id='word_1_203' title='bbox 1589 2844 1794 2908; x_wconf 86' lang='lat' dir='ltr'><strong>Patris,</strong></span> 
     </span>
    </p>
   </div>
   <div class='ocr_carea' id='block_1_28' title="bbox 210 2934 1795 3006">
    <p class='ocr_par' dir='ltr' id='par_1_28' title="bbox 210 2934 1795 3006">
     <span class='ocr_line' id='line_1_28' title="bbox 210 2934 1795 3006; baseline 0.002 -18"><span class='ocrx_word' id='word_1_204' title='bbox 210 2945 259 2988; x_wconf 90' lang='lat' dir='ltr'><strong>et</strong></span> <span class='ocrx_word' id='word_1_205' title='bbox 294 2949 358 2989; x_wconf 79' lang='lat' dir='ltr'><strong>ea:</strong></span> <span class='ocrx_word' id='word_1_206' title='bbox 387 2934 663 3006; x_wconf 75' lang='lat' dir='ltr'><strong>[rypostasi</strong></span> <span class='ocrx_word' id='word_1_207' title='bbox 694 2934 838 2989; x_wconf 86' lang='lat' dir='ltr'><strong>illius</strong></span> <span class='ocrx_word' id='word_1_208' title='bbox 864 2935 1102 2990; x_wconf 85' lang='lat' dir='ltr'><strong>dicitur?</strong></span> <span class='ocrx_word' id='word_1_209' title='bbox 1130 2934 1287 3001; x_wconf 90' lang='lat' dir='ltr'><strong>Quod</strong></span> <span class='ocrx_word' id='word_1_210' title='bbox 1317 2952 1445 2992; x_wconf 81' lang='lat' dir='ltr'><strong>vero</strong></span> <span class='ocrx_word' id='word_1_211' title='bbox 1471 2952 1536 2991; x_wconf 80' lang='lat' dir='ltr'><strong>ea;</strong></span> <span class='ocrx_word' id='word_1_212' title='bbox 1571 2937 1795 2991; x_wconf 82' lang='lat' dir='ltr'><strong>essentia</strong></span> 
     </span>
    </p>
   </div>
   <div class='ocr_carea' id='block_1_29' title="bbox 209 3023 1797 3097">
    <p class='ocr_par' dir='ltr' id='par_1_29' title="bbox 209 3023 1797 3097">
     <span class='ocr_line' id='line_1_29' title="bbox 209 3023 1797 3097; baseline 0.004 -19"><span class='ocrx_word' id='word_1_213' title='bbox 209 3023 362 3094; x_wconf 80' lang='lat' dir='ltr'><strong>Filii,</strong></span> <span class='ocrx_word' id='word_1_214' title='bbox 396 3041 463 3079; x_wconf 71' lang='lat' dir='ltr'><strong>ex</strong></span> <span class='ocrx_word' id='word_1_215' title='bbox 492 3028 763 3097; x_wconf 82' lang='lat' dir='ltr'><strong>hypostasi</strong></span> <span class='ocrx_word' id='word_1_216' title='bbox 791 3026 936 3082; x_wconf 80' lang='lat' dir='ltr'><strong>illius</strong></span> <span class='ocrx_word' id='word_1_217' title='bbox 963 3044 1066 3081; x_wconf 89' lang='lat' dir='ltr'><strong>non</strong></span> <span class='ocrx_word' id='word_1_218' title='bbox 1100 3029 1352 3086; x_wconf 81' lang='lat' dir='ltr'><strong>dicetur?</strong></span> <span class='ocrx_word' id='word_1_219' title='bbox 1389 3048 1406 3079; x_wconf 71' lang='grc' dir='ltr'><strong>ι</strong></span> <span class='ocrx_word' id='word_1_220' title='bbox 1456 3030 1663 3085; x_wconf 71' lang='lat' dir='ltr'><strong>Nicaeni</strong></span> <span class='ocrx_word' id='word_1_221' title='bbox 1696 3030 1797 3085; x_wconf 84' lang='lat' dir='ltr'><strong>Pa-</strong></span> 
     </span>
    </p>
   </div>
   <div class='ocr_carea' id='block_1_30' title="bbox 212 3117 1794 3193">
    <p class='ocr_par' dir='ltr' id='par_1_30' title="bbox 212 3117 1794 3193">
     <span class='ocr_line' id='line_1_30' title="bbox 212 3117 1794 3193; baseline 0.001 -21"><span class='ocrx_word' id='word_1_222' title='bbox 212 3128 349 3182; x_wconf 85' lang='lat' dir='ltr'><strong>tres,</strong></span> <span class='ocrx_word' id='word_1_223' title='bbox 372 3118 445 3173; x_wconf 77' lang='lat' dir='ltr'><strong>de</strong></span> <span class='ocrx_word' id='word_1_224' title='bbox 472 3117 616 3173; x_wconf 88' lang='lat' dir='ltr'><strong>Filio</strong></span> <span class='ocrx_word' id='word_1_225' title='bbox 641 3120 932 3174; x_wconf 79' lang='lat' dir='ltr'><strong>adversum</strong></span> <span class='ocrx_word' id='word_1_226' title='bbox 963 3123 1194 3174; x_wconf 80' lang='lat' dir='ltr'><strong>Arianos</strong></span> <span class='ocrx_word' id='word_1_227' title='bbox 1216 3130 1468 3191; x_wconf 81' lang='lat' dir='ltr'><strong>agentes,</strong></span> <span class='ocrx_word' id='word_1_228' title='bbox 1494 3132 1794 3193; x_wconf 78' lang='lat' dir='ltr'><strong>utrumque</strong></span> 
     </span>
    </p>
   </div>
   <div class='ocr_carea' id='block_1_31' title="bbox 1886 618 2952 673">
    <p class='ocr_par' dir='ltr' id='par_1_31' title="bbox 1886 618 2952 673">
     <span class='ocr_line' id='line_1_31' title="bbox 1886 618 2952 673; baseline -0.006 0"><span class='ocrx_word' id='word_1_229' title='bbox 1886 628 2076 673; x_wconf 85' lang='lat' dir='ltr'><strong>contra</strong></span> <span class='ocrx_word' id='word_1_230' title='bbox 2116 618 2433 673; x_wconf 64' lang='lat' dir='ltr'><strong>Graecorum</strong></span> <span class='ocrx_word' id='word_1_231' title='bbox 2466 630 2709 669; x_wconf 82' lang='lat' dir='ltr'><strong>errores.</strong></span> <span class='ocrx_word' id='word_1_232' title='bbox 2945 664 2952 672; x_wconf 81' lang='grc'><strong>,</strong></span> 
     </span>
    </p>
   </div>
   <div class='ocr_carea' id='block_1_32' title="bbox 1959 701 3464 787">
    <p class='ocr_par' dir='ltr' id='par_1_32' title="bbox 1959 701 3464 787">
     <span class='ocr_line' id='line_1_32' title="bbox 1959 701 3464 787; baseline -0.008 -22"><span class='ocrx_word' id='word_1_233' title='bbox 1959 712 2035 782; x_wconf 79' lang='lat'><strong>(‘2)</strong></span> <span class='ocrx_word' id='word_1_234' title='bbox 2074 710 2220 764; x_wconf 85' lang='lat' dir='ltr'><strong>Licet</strong></span> <span class='ocrx_word' id='word_1_235' title='bbox 2253 712 2351 780; x_wconf 86' lang='lat' dir='ltr'><strong>(ait</strong></span> <span class='ocrx_word' id='word_1_236' title='bbox 2394 709 2650 779; x_wconf 77' lang='lat' dir='ltr'><strong>Cyprius)</strong></span> <span class='ocrx_word' id='word_1_237' title='bbox 2703 708 2942 762; x_wconf 83' lang='lat' dir='ltr'><strong>divinam</strong></span> <span class='ocrx_word' id='word_1_238' title='bbox 2991 704 3320 787; x_wconf 56' lang='lat' dir='ltr'><strong>hypogasim</strong></span> <span class='ocrx_word' id='word_1_239' title='bbox 3380 701 3464 755; x_wconf 62' lang='lat' dir='ltr'><strong>di&lt;</strong></span> 
     </span>
    </p>
   </div>
   <div class='ocr_carea' id='block_1_33' title="bbox 1888 794 3464 866">
    <p class='ocr_par' dir='ltr' id='par_1_33' title="bbox 1888 794 3464 866">
     <span class='ocr_line' id='line_1_33' title="bbox 1888 794 3464 866; baseline -0.008 -8"><span class='ocrx_word' id='word_1_240' title='bbox 1888 804 2107 859; x_wconf 81' lang='lat' dir='ltr'><strong>ridimus</strong></span> <span class='ocrx_word' id='word_1_241' title='bbox 2149 804 2214 858; x_wconf 80' lang='lat' dir='ltr'><strong>ab</strong></span> <span class='ocrx_word' id='word_1_242' title='bbox 2265 804 2494 857; x_wconf 75' lang='lat' dir='ltr'><strong>essentia</strong></span> <span class='ocrx_word' id='word_1_243' title='bbox 2527 810 2584 856; x_wconf 89' lang='lat' dir='ltr'><strong>at</strong></span> <span class='ocrx_word' id='word_1_244' title='bbox 2620 817 2724 855; x_wconf 84' lang='lat' dir='ltr'><strong>non</strong></span> <span class='ocrx_word' id='word_1_245' title='bbox 2752 815 2951 855; x_wconf 85' lang='lat' dir='ltr'><strong>carnea</strong></span> <span class='ocrx_word' id='word_1_246' title='bbox 2973 837 2987 860; x_wconf 94' lang='lat'><strong>,</strong></span> <span class='ocrx_word' id='word_1_247' title='bbox 3022 796 3303 866; x_wconf 72' lang='lat' dir='ltr'><strong>crassaque</strong></span> <span class='ocrx_word' id='word_1_248' title='bbox 3331 794 3464 847; x_wconf 63' lang='lat' dir='ltr'><strong>diui~</strong></span> 
     </span>
    </p>
   </div>
   <div class='ocr_carea' id='block_1_34' title="bbox 1886 885 3463 967">
    <p class='ocr_par' dir='ltr' id='par_1_34' title="bbox 1886 885 3463 967">
     <span class='ocr_line' id='line_1_34' title="bbox 1886 885 3463 967; baseline -0.008 -15"><span class='ocrx_word' id='word_1_249' title='bbox 1886 901 2030 953; x_wconf 83' lang='lat' dir='ltr'><strong>sione</strong></span> <span class='ocrx_word' id='word_1_250' title='bbox 2059 899 2339 952; x_wconf 81' lang='lat' dir='ltr'><strong>essentiam</strong></span> <span class='ocrx_word' id='word_1_251' title='bbox 2370 896 2435 950; x_wconf 79' lang='lat' dir='ltr'><strong>ab</strong></span> <span class='ocrx_word' id='word_1_252' title='bbox 2460 894 2729 967; x_wconf 73' lang='lat' dir='ltr'><strong>[typostnsi</strong></span> <span class='ocrx_word' id='word_1_253' title='bbox 2774 894 3081 965; x_wconf 84' lang='lat' dir='ltr'><strong>partimur;</strong></span> <span class='ocrx_word' id='word_1_254' title='bbox 3116 905 3282 957; x_wconf 80' lang='lat' dir='ltr'><strong>neque</strong></span> <span class='ocrx_word' id='word_1_255' title='bbox 3307 885 3463 939; x_wconf 81' lang='lat' dir='ltr'><strong>alteri</strong></span> 
     </span>
    </p>
   </div>
   <div class='ocr_carea' id='block_1_35' title="bbox 1889 980 3460 1060">
    <p class='ocr_par' dir='ltr' id='par_1_35' title="bbox 1889 980 3460 1060">
     <span class='ocr_line' id='line_1_35' title="bbox 1889 980 3460 1060; baseline -0.01 -17"><span class='ocrx_word' id='word_1_256' title='bbox 1889 992 1955 1045; x_wconf 89' lang='lat' dir='ltr'><strong>ab</strong></span> <span class='ocrx_word' id='word_1_257' title='bbox 1983 989 2151 1045; x_wconf 84' lang='lat' dir='ltr'><strong>altero</strong></span> <span class='ocrx_word' id='word_1_258' title='bbox 2178 994 2417 1060; x_wconf 76' lang='lat' dir='ltr'><strong>sejuncto</strong></span> <span class='ocrx_word' id='word_1_259' title='bbox 2444 989 2717 1057; x_wconf 79' lang='lat' dir='ltr'><strong>proprium</strong></span> <span class='ocrx_word' id='word_1_260' title='bbox 2742 986 3043 1040; x_wconf 68' lang='lat' dir='ltr'><strong>exhibemus</strong></span> <span class='ocrx_word' id='word_1_261' title='bbox 3078 980 3460 1035; x_wconf 73' lang='lat' dir='ltr'><strong>exsistentiam.</strong></span> 
     </span>
    </p>
   </div>
   <div class='ocr_carea' id='block_1_36' title="bbox 1890 1073 3457 1148">
    <p class='ocr_par' dir='ltr' id='par_1_36' title="bbox 1890 1073 3457 1148">
     <span class='ocr_line' id='line_1_36' title="bbox 1890 1073 3457 1148; baseline -0.011 -9"><span class='ocrx_word' id='word_1_262' title='bbox 1890 1082 2274 1139; x_wconf 78' lang='lat' dir='ltr'><strong>Tantummodo</strong></span> <span class='ocrx_word' id='word_1_263' title='bbox 2296 1097 2360 1134; x_wconf 88' lang='lat' dir='ltr'><strong>ea</strong></span> <span class='ocrx_word' id='word_1_264' title='bbox 2378 1079 2495 1136; x_wconf 87' lang='lat' dir='ltr'><strong>sola</strong></span> <span class='ocrx_word' id='word_1_265' title='bbox 2519 1080 2729 1133; x_wconf 85' lang='lat' dir='ltr'><strong>ratione</strong></span> <span class='ocrx_word' id='word_1_266' title='bbox 2748 1078 3104 1148; x_wconf 84' lang='lat' dir='ltr'><strong>sejungimus,</strong></span> <span class='ocrx_word' id='word_1_267' title='bbox 3123 1091 3240 1145; x_wconf 68' lang='lat' dir='ltr'><strong>quer</strong></span> <span class='ocrx_word' id='word_1_268' title='bbox 3257 1073 3457 1143; x_wconf 72' lang='lat' dir='ltr'><strong>sejungt</strong></span> 
     </span>
    </p>
   </div>
   <div class='ocr_carea' id='block_1_37' title="bbox 1890 1168 3463 1247">
    <p class='ocr_par' dir='ltr' id='par_1_37' title="bbox 1890 1168 3463 1247">
     <span class='ocr_line' id='line_1_37' title="bbox 1890 1168 3463 1247; baseline -0.01 -17"><span class='ocrx_word' id='word_1_269' title='bbox 1890 1185 2089 1231; x_wconf 87' lang='lat' dir='ltr'><strong>natura</strong></span> <span class='ocrx_word' id='word_1_270' title='bbox 2114 1193 2211 1230; x_wconf 87' lang='lat' dir='ltr'><strong>sua</strong></span> <span class='ocrx_word' id='word_1_271' title='bbox 2244 1183 2375 1247; x_wconf 84' lang='lat' dir='ltr'><strong>apta</strong></span> <span class='ocrx_word' id='word_1_272' title='bbox 2412 1190 2517 1228; x_wconf 82' lang='lat' dir='ltr'><strong>non</strong></span> <span class='ocrx_word' id='word_1_273' title='bbox 2546 1183 2693 1228; x_wconf 81' lang='lat' dir='ltr'><strong>sunt.</strong></span> <span class='ocrx_word' id='word_1_274' title='bbox 2729 1171 2808 1227; x_wconf 84' lang='lat' dir='ltr'><strong>Ita</strong></span> <span class='ocrx_word' id='word_1_275' title='bbox 2840 1187 2995 1227; x_wconf 84' lang='lat' dir='ltr'><strong>sane.</strong></span> <span class='ocrx_word' id='word_1_276' title='bbox 3025 1171 3097 1224; x_wconf 84' lang='lat' dir='ltr'><strong>At</strong></span> <span class='ocrx_word' id='word_1_277' title='bbox 3125 1169 3172 1223; x_wconf 89' lang='lat' dir='ltr'><strong>si</strong></span> <span class='ocrx_word' id='word_1_278' title='bbox 3206 1168 3323 1221; x_wconf 69' lang='lat' dir='ltr'><strong>haec</strong></span> <span class='ocrx_word' id='word_1_279' title='bbox 3356 1182 3463 1218; x_wconf 83' lang='lat' dir='ltr'><strong>non</strong></span> 
     </span>
    </p>
   </div>
   <div class='ocr_carea' id='block_1_38' title="bbox 1891 1256 3465 1339">
    <p class='ocr_par' dir='ltr' id='par_1_38' title="bbox 1891 1256 3465 1339">
     <span class='ocr_line' id='line_1_38' title="bbox 1891 1256 3465 1339; baseline -0.011 -15"><span class='ocrx_word' id='word_1_280' title='bbox 1891 1270 2057 1325; x_wconf 75' lang='lat' dir='ltr'><strong>fuerit</strong></span> <span class='ocrx_word' id='word_1_281' title='bbox 2081 1269 2185 1323; x_wconf 85' lang='lat' dir='ltr'><strong>nisi</strong></span> <span class='ocrx_word' id='word_1_282' title='bbox 2214 1284 2311 1338; x_wconf 90' lang='lat' dir='ltr'><strong>per</strong></span> <span class='ocrx_word' id='word_1_283' title='bbox 2338 1267 2727 1339; x_wconf 78' lang='lat' dir='ltr'><strong>cogitationem</strong></span> <span class='ocrx_word' id='word_1_284' title='bbox 2763 1263 3084 1329; x_wconf 67' lang='lat' dir='ltr'><strong>distinctio;</strong></span> <span class='ocrx_word' id='word_1_285' title='bbox 3127 1280 3145 1313; x_wconf 74' lang='grc' dir='ltr'>ι</span> <span class='ocrx_word' id='word_1_286' title='bbox 3176 1256 3465 1326; x_wconf 77' lang='lat' dir='ltr'><strong>Quomodo</strong></span> 
     </span>
    </p>
   </div>
   <div class='ocr_carea' id='block_1_39' title="bbox 1891 1349 3466 1435">
    <p class='ocr_par' dir='ltr' id='par_1_39' title="bbox 1891 1349 3466 1435">
     <span class='ocr_line' id='line_1_39' title="bbox 1891 1349 3466 1435; baseline -0.01 -17"><span class='ocrx_word' id='word_1_287' title='bbox 1891 1378 2023 1435; x_wconf 83' lang='lat' dir='ltr'><strong>ergo</strong></span> <span class='ocrx_word' id='word_1_288' title='bbox 2053 1377 2383 1434; x_wconf 76' lang='lat' dir='ltr'><strong>progressus</strong></span> <span class='ocrx_word' id='word_1_289' title='bbox 2432 1360 2676 1430; x_wconf 83' lang='lat' dir='ltr'><strong>Spiritus</strong></span> <span class='ocrx_word' id='word_1_290' title='bbox 2703 1358 2881 1414; x_wconf 83' lang='lat' dir='ltr'><strong>sancti</strong></span> <span class='ocrx_word' id='word_1_291' title='bbox 2927 1373 2997 1412; x_wconf 75' lang='lat' dir='ltr'><strong>ex</strong></span> <span class='ocrx_word' id='word_1_292' title='bbox 3049 1354 3293 1411; x_wconf 84' lang='lat' dir='ltr'><strong>essentia</strong></span> <span class='ocrx_word' id='word_1_293' title='bbox 3345 1349 3466 1405; x_wconf 82' lang='lat' dir='ltr'><strong>Filii</strong></span> 
     </span>
    </p>
   </div>
   <div class='ocr_carea' id='block_1_40' title="bbox 1892 1443 3470 1523">
    <p class='ocr_par' dir='ltr' id='par_1_40' title="bbox 1892 1443 3470 1523">
     <span class='ocr_line' id='line_1_40' title="bbox 1892 1443 3470 1523; baseline -0.011 -12"><span class='ocrx_word' id='word_1_294' title='bbox 1892 1455 2080 1520; x_wconf 87' lang='lat' dir='ltr'><strong>fuerit,</strong></span> <span class='ocrx_word' id='word_1_295' title='bbox 2111 1455 2155 1510; x_wconf 90' lang='lat' dir='ltr'><strong>si</strong></span> <span class='ocrx_word' id='word_1_296' title='bbox 2187 1470 2254 1509; x_wconf 80' lang='lat' dir='ltr'><strong>ex</strong></span> <span class='ocrx_word' id='word_1_297' title='bbox 2281 1454 2521 1509; x_wconf 82' lang='lat' dir='ltr'><strong>essentia</strong></span> <span class='ocrx_word' id='word_1_298' title='bbox 2567 1453 2777 1523; x_wconf 85' lang='lat' dir='ltr'><strong>absque</strong></span> <span class='ocrx_word' id='word_1_299' title='bbox 2836 1449 3122 1521; x_wconf 78' lang='lat' dir='ltr'><strong>hypostasi</strong></span> <span class='ocrx_word' id='word_1_300' title='bbox 3187 1443 3470 1515; x_wconf 76' lang='lat' dir='ltr'><strong>progredi—</strong></span> 
     </span>
    </p>
   </div>
   <div class='ocr_carea' id='block_1_41' title="bbox 1895 1536 3469 1618">
    <p class='ocr_par' dir='ltr' id='par_1_41' title="bbox 1895 1536 3469 1618">
     <span class='ocr_line' id='line_1_41' title="bbox 1895 1536 3469 1618; baseline -0.013 -9"><span class='ocrx_word' id='word_1_301' title='bbox 1895 1552 2024 1609; x_wconf 82' lang='lat' dir='ltr'><strong>tur?</strong></span> <span class='ocrx_word' id='word_1_302' title='bbox 2074 1570 2092 1603; x_wconf 77' lang='grc' dir='ltr'><strong>ι</strong></span> <span class='ocrx_word' id='word_1_303' title='bbox 2125 1552 2369 1609; x_wconf 84' lang='lat' dir='ltr'><strong>Persona</strong></span> <span class='ocrx_word' id='word_1_304' title='bbox 2405 1561 2666 1618; x_wconf 84' lang='lat' dir='ltr'><strong>namque,</strong></span> <span class='ocrx_word' id='word_1_305' title='bbox 2702 1556 2801 1602; x_wconf 88' lang='lat' dir='ltr'><strong>aut</strong></span> <span class='ocrx_word' id='word_1_306' title='bbox 2831 1542 3146 1616; x_wconf 79' lang='lat' dir='ltr'><strong>ltypostasis</strong></span> <span class='ocrx_word' id='word_1_307' title='bbox 3176 1540 3297 1596; x_wconf 83' lang='lat' dir='ltr'><strong>Filii</strong></span> <span class='ocrx_word' id='word_1_308' title='bbox 3333 1536 3469 1591; x_wconf 88' lang='lat' dir='ltr'><strong>niltil</strong></span> 
     </span>
    </p>
   </div>
   <div class='ocr_carea' id='block_1_42' title="bbox 1893 1631 3471 1709">
    <p class='ocr_par' dir='ltr' id='par_1_42' title="bbox 1893 1631 3471 1709">
     <span class='ocr_line' id='line_1_42' title="bbox 1893 1631 3471 1709; baseline -0.013 -9"><span class='ocrx_word' id='word_1_309' title='bbox 1893 1644 2041 1701; x_wconf 83' lang='lat' dir='ltr'><strong>aliud</strong></span> <span class='ocrx_word' id='word_1_310' title='bbox 2079 1653 2183 1705; x_wconf 84' lang='lat' dir='ltr'><strong>est,</strong></span> <span class='ocrx_word' id='word_1_311' title='bbox 2214 1657 2380 1709; x_wconf 84' lang='lat' dir='ltr'><strong>quam</strong></span> <span class='ocrx_word' id='word_1_312' title='bbox 2435 1640 2673 1696; x_wconf 83' lang='lat' dir='ltr'><strong>essentia</strong></span> <span class='ocrx_word' id='word_1_313' title='bbox 2707 1637 3020 1694; x_wconf 80' lang='lat' dir='ltr'><strong>subsistens</strong></span> <span class='ocrx_word' id='word_1_314' title='bbox 3063 1634 3119 1688; x_wconf 92' lang='lat' dir='ltr'><strong>in</strong></span> <span class='ocrx_word' id='word_1_315' title='bbox 3174 1631 3333 1694; x_wconf 81' lang='lat' dir='ltr'><strong>Filio,</strong></span> <span class='ocrx_word' id='word_1_316' title='bbox 3376 1637 3471 1683; x_wconf 87' lang='lat' dir='ltr'><strong>aut</strong></span> 
     </span>
    </p>
   </div>
   <div class='ocr_carea' id='block_1_43' title="bbox 1894 1722 3443 1805">
    <p class='ocr_par' dir='ltr' id='par_1_43' title="bbox 1894 1722 3443 1805">
     <span class='ocr_line' id='line_1_43' title="bbox 1894 1722 3443 1805; baseline -0.011 -12"><span class='ocrx_word' id='word_1_317' title='bbox 1894 1738 2179 1794; x_wconf 78' lang='lat' dir='ltr'><strong>ﬁliationis</strong></span> <span class='ocrx_word' id='word_1_318' title='bbox 2208 1745 2465 1805; x_wconf 81' lang='lat' dir='ltr'><strong>respectu</strong></span> <span class='ocrx_word' id='word_1_319' title='bbox 2497 1733 2696 1790; x_wconf 79' lang='lat' dir='ltr'><strong>allecta</strong></span> <span class='ocrx_word' id='word_1_320' title='bbox 2733 1748 2746 1784; x_wconf 90' lang='lat'>:</span> <span class='ocrx_word' id='word_1_321' title='bbox 2791 1746 2915 1801; x_wconf 68' lang='lat' dir='ltr'><strong>quae</strong></span> <span class='ocrx_word' id='word_1_322' title='bbox 2967 1726 3159 1784; x_wconf 78' lang='lat' dir='ltr'><strong>ﬁliatio</strong></span> <span class='ocrx_word' id='word_1_323' title='bbox 3201 1739 3304 1796; x_wconf 87' lang='lat' dir='ltr'><strong>per</strong></span> <span class='ocrx_word' id='word_1_324' title='bbox 3336 1722 3443 1778; x_wconf 90' lang='lat' dir='ltr'><strong>acti</strong></span> 
     </span>
    </p>
   </div>
   <div class='ocr_carea' id='block_1_44' title="bbox 1894 1822 3463 1902">
    <p class='ocr_par' dir='ltr' id='par_1_44' title="bbox 1894 1822 3463 1902">
     <span class='ocr_line' id='line_1_44' title="bbox 1894 1822 3463 1902; baseline -0.012 -13"><span class='ocrx_word' id='word_1_325' title='bbox 1894 1850 2018 1889; x_wconf 79' lang='lat' dir='ltr'><strong>vain</strong></span> <span class='ocrx_word' id='word_1_326' title='bbox 2075 1832 2438 1902; x_wconf 83' lang='lat' dir='ltr'><strong>spirationem</strong></span> <span class='ocrx_word' id='word_1_327' title='bbox 2480 1829 2721 1884; x_wconf 72' lang='lat' dir='ltr'><strong>refertur</strong></span> <span class='ocrx_word' id='word_1_328' title='bbox 2765 1826 2834 1882; x_wconf 88' lang='lat' dir='ltr'><strong>ad</strong></span> <span class='ocrx_word' id='word_1_329' title='bbox 2875 1822 3148 1895; x_wconf 85' lang='lat' dir='ltr'><strong>Spiritum</strong></span> <span class='ocrx_word' id='word_1_330' title='bbox 3191 1824 3463 1879; x_wconf 88' lang='lat' dir='ltr'><strong>sanctum.</strong></span> 
     </span>
    </p>
   </div>
   <div class='ocr_carea' id='block_1_45' title="bbox 1896 1921 2693 1995">
    <p class='ocr_par' dir='ltr' id='par_1_45' title="bbox 1896 1921 2693 1995">
     <span class='ocr_line' id='line_1_45' title="bbox 1896 1921 2693 1995; baseline -0.015 -9"><span class='ocrx_word' id='word_1_331' title='bbox 1896 1930 2033 1986; x_wconf 77' lang='lat' dir='ltr'><strong>Vide</strong></span> <span class='ocrx_word' id='word_1_332' title='bbox 2064 1937 2230 1995; x_wconf 84' lang='lat' dir='ltr'><strong>caput</strong></span> <span class='ocrx_word' id='word_1_333' title='bbox 2261 1926 2314 1985; x_wconf 83' lang='grc'>5,</span> <span class='ocrx_word' id='word_1_334' title='bbox 2342 1938 2496 1978; x_wconf 85' lang='lat' dir='ltr'><strong>nunt.</strong></span> <span class='ocrx_word' id='word_1_335' title='bbox 2525 1921 2561 1976; x_wconf 82' lang='grc'>5</span> <span class='ocrx_word' id='word_1_336' title='bbox 2593 1921 2693 1991; x_wconf 89' lang='grc'><strong>(7).</strong></span> 
     </span>
    </p>
   </div>
   <div class='ocr_carea' id='block_1_46' title="bbox 1966 2006 3465 2090">
    <p class='ocr_par' dir='ltr' id='par_1_46' title="bbox 1966 2006 3465 2090">
     <span class='ocr_line' id='line_1_46' title="bbox 1966 2006 3465 2090; baseline -0.013 -15"><span class='ocrx_word' id='word_1_337' title='bbox 1966 2022 2044 2090; x_wconf 76' lang='grc'><strong>(5)</strong></span> <span class='ocrx_word' id='word_1_338' title='bbox 2083 2019 2234 2086; x_wconf 83' lang='lat' dir='ltr'><strong>Quod</strong></span> <span class='ocrx_word' id='word_1_339' title='bbox 2256 2019 2300 2071; x_wconf 88' lang='lat' dir='ltr'><strong>si</strong></span> <span class='ocrx_word' id='word_1_340' title='bbox 2328 2031 2546 2071; x_wconf 80' lang='lat' dir='ltr'><strong>causam</strong></span> <span class='ocrx_word' id='word_1_341' title='bbox 2587 2014 2639 2068; x_wconf 88' lang='lat' dir='ltr'><strong>in</strong></span> <span class='ocrx_word' id='word_1_342' title='bbox 2690 2012 2975 2066; x_wconf 87' lang='lat' dir='ltr'><strong>essentiam</strong></span> <span class='ocrx_word' id='word_1_343' title='bbox 3006 2006 3213 2078; x_wconf 77' lang='lat' dir='ltr'><strong>referas</strong></span> <span class='ocrx_word' id='word_1_344' title='bbox 3234 2045 3252 2071; x_wconf 92' lang='lat'><strong>,</strong></span> <span class='ocrx_word' id='word_1_345' title='bbox 3283 2011 3335 2058; x_wconf 86' lang='lat' dir='ltr'><strong>et</strong></span> <span class='ocrx_word' id='word_1_346' title='bbox 3363 2019 3465 2058; x_wconf 80' lang='lat' dir='ltr'><strong>non</strong></span> 
     </span>
    </p>
   </div>
   <div class='ocr_carea' id='block_1_47' title="bbox 1894 2099 3442 2184">
    <p class='ocr_par' dir='ltr' id='par_1_47' title="bbox 1894 2099 3442 2184">
     <span class='ocr_line' id='line_1_47' title="bbox 1894 2099 3442 2184; baseline -0.014 -15"><span class='ocrx_word' id='word_1_347' title='bbox 1894 2115 1951 2169; x_wconf 89' lang='lat' dir='ltr'><strong>in</strong></span> <span class='ocrx_word' id='word_1_348' title='bbox 1990 2107 2638 2184; x_wconf 78' lang='lat' dir='ltr'><strong>Itypostasim;quomodo</strong></span> <span class='ocrx_word' id='word_1_349' title='bbox 2668 2105 2830 2160; x_wconf 80' lang='lat' dir='ltr'><strong>Pater</strong></span> <span class='ocrx_word' id='word_1_350' title='bbox 2872 2103 3045 2174; x_wconf 83' lang='lat' dir='ltr'><strong>potius</strong></span> <span class='ocrx_word' id='word_1_351' title='bbox 3084 2099 3308 2153; x_wconf 87' lang='lat' dir='ltr'><strong>duorum</strong></span> <span class='ocrx_word' id='word_1_352' title='bbox 3344 2110 3442 2151; x_wconf 84' lang='lat' dir='ltr'><strong>cau</strong></span> 
     </span>
    </p>
   </div>
   <div class='ocr_carea' id='block_1_48' title="bbox 1892 2188 3466 2269">
    <p class='ocr_par' dir='ltr' id='par_1_48' title="bbox 1892 2188 3466 2269">
     <span class='ocr_line' id='line_1_48' title="bbox 1892 2188 3466 2269; baseline -0.015 -9"><span class='ocrx_word' id='word_1_353' title='bbox 1892 2223 1955 2260; x_wconf 88' lang='lat' dir='ltr'><strong>sa</strong></span> <span class='ocrx_word' id='word_1_354' title='bbox 1986 2206 2108 2269; x_wconf 85' lang='lat' dir='ltr'><strong>erit,</strong></span> <span class='ocrx_word' id='word_1_355' title='bbox 2145 2210 2194 2257; x_wconf 90' lang='lat' dir='ltr'><strong>et</strong></span> <span class='ocrx_word' id='word_1_356' title='bbox 2223 2218 2328 2256; x_wconf 91' lang='lat' dir='ltr'><strong>non</strong></span> <span class='ocrx_word' id='word_1_357' title='bbox 2358 2201 2524 2254; x_wconf 82' lang='lat' dir='ltr'><strong>etiam</strong></span> <span class='ocrx_word' id='word_1_358' title='bbox 2553 2199 2673 2266; x_wconf 88' lang='lat' dir='ltr'><strong>ipsa</strong></span> <span class='ocrx_word' id='word_1_359' title='bbox 2721 2203 2905 2249; x_wconf 85' lang='lat' dir='ltr'><strong>mutuo</strong></span> <span class='ocrx_word' id='word_1_360' title='bbox 2956 2191 3041 2246; x_wconf 89' lang='lat' dir='ltr'><strong>sui</strong></span> <span class='ocrx_word' id='word_1_361' title='bbox 3095 2188 3259 2260; x_wconf 82' lang='lat' dir='ltr'><strong>ipsius</strong></span> <span class='ocrx_word' id='word_1_362' title='bbox 3302 2200 3466 2238; x_wconf 75' lang='lat' dir='ltr'><strong>causa</strong></span> 
     </span>
    </p>
   </div>
   <div class='ocr_carea' id='block_1_49' title="bbox 1893 2287 3446 2361">
    <p class='ocr_par' dir='ltr' id='par_1_49' title="bbox 1893 2287 3446 2361">
     <span class='ocr_line' id='line_1_49' title="bbox 1893 2287 3446 2361; baseline -0.015 -8"><span class='ocrx_word' id='word_1_363' title='bbox 1893 2308 2073 2361; x_wconf 88' lang='lat' dir='ltr'><strong>erunt,</strong></span> <span class='ocrx_word' id='word_1_364' title='bbox 2104 2305 2154 2350; x_wconf 92' lang='lat' dir='ltr'><strong>et</strong></span> <span class='ocrx_word' id='word_1_365' title='bbox 2195 2295 2399 2357; x_wconf 80' lang='lat' dir='ltr'><strong>Patris,</strong></span> <span class='ocrx_word' id='word_1_366' title='bbox 2430 2308 2553 2348; x_wconf 84' lang='lat' dir='ltr'><strong>cum</strong></span> <span class='ocrx_word' id='word_1_367' title='bbox 2591 2306 2759 2345; x_wconf 81' lang='lat' dir='ltr'><strong>unum</strong></span> <span class='ocrx_word' id='word_1_368' title='bbox 2787 2302 2933 2357; x_wconf 74' lang='lat' dir='ltr'><strong>teque</strong></span> <span class='ocrx_word' id='word_1_369' title='bbox 2971 2287 3076 2338; x_wconf 90' lang='lat' dir='ltr'><strong>sint</strong></span> <span class='ocrx_word' id='word_1_370' title='bbox 3126 2293 3344 2351; x_wconf 85' lang='lat' dir='ltr'><strong>prorsus</strong></span> <span class='ocrx_word' id='word_1_371' title='bbox 3391 2291 3446 2330; x_wconf 80' lang='lat' dir='ltr'><strong>se</strong></span> 
     </span>
    </p>
   </div>
   <div class='ocr_carea' id='block_1_50' title="bbox 1896 2368 3467 2451">
    <p class='ocr_par' dir='ltr' id='par_1_50' title="bbox 1896 2368 3467 2451">
     <span class='ocr_line' id='line_1_50' title="bbox 1896 2368 3467 2451; baseline -0.016 -6"><span class='ocrx_word' id='word_1_372' title='bbox 1896 2390 2127 2447; x_wconf 82' lang='lat' dir='ltr'><strong>cundum</strong></span> <span class='ocrx_word' id='word_1_373' title='bbox 2178 2384 2503 2443; x_wconf 84' lang='lat' dir='ltr'><strong>essentiam?</strong></span> <span class='ocrx_word' id='word_1_374' title='bbox 2563 2402 2580 2435; x_wconf 78' lang='grc' dir='ltr'>ι</span> <span class='ocrx_word' id='word_1_375' title='bbox 2632 2382 2733 2437; x_wconf 84' lang='lat' dir='ltr'><strong>Hic</strong></span> <span class='ocrx_word' id='word_1_376' title='bbox 2784 2382 3022 2451; x_wconf 85' lang='lat' dir='ltr'><strong>primum</strong></span> <span class='ocrx_word' id='word_1_377' title='bbox 3079 2373 3324 2429; x_wconf 86' lang='lat' dir='ltr'><strong>dicimus</strong></span> <span class='ocrx_word' id='word_1_378' title='bbox 3365 2368 3467 2423; x_wconf 64' lang='grc' dir='ltr'><strong>ταδὶ</strong></span> 
     </span>
    </p>
   </div>
   <div class='ocr_carea' id='block_1_51' title="bbox 1892 2460 3463 2543">
    <p class='ocr_par' dir='ltr' id='par_1_51' title="bbox 1892 2460 3463 2543">
     <span class='ocr_line' id='line_1_51' title="bbox 1892 2460 3463 2543; baseline -0.017 -7"><span class='ocrx_word' id='word_1_379' title='bbox 1892 2496 2119 2536; x_wconf 71' lang='lat' dir='ltr'><strong>causam</strong></span> <span class='ocrx_word' id='word_1_380' title='bbox 2160 2478 2216 2533; x_wconf 93' lang='lat' dir='ltr'><strong>in</strong></span> <span class='ocrx_word' id='word_1_381' title='bbox 2252 2477 2548 2534; x_wconf 86' lang='lat' dir='ltr'><strong>essentiam</strong></span> <span class='ocrx_word' id='word_1_382' title='bbox 2595 2472 2723 2543; x_wconf 88' lang='lat' dir='ltr'><strong>quis</strong></span> <span class='ocrx_word' id='word_1_383' title='bbox 2748 2485 2858 2523; x_wconf 89' lang='lat' dir='ltr'><strong>non</strong></span> <span class='ocrx_word' id='word_1_384' title='bbox 2909 2466 3145 2526; x_wconf 82' lang='lat' dir='ltr'><strong>delerat.</strong></span> <span class='ocrx_word' id='word_1_385' title='bbox 3197 2460 3463 2516; x_wconf 78' lang='lat' dir='ltr'><strong>undenan&#39;</strong></span> 
     </span>
    </p>
   </div>
   <div class='ocr_carea' id='block_1_52' title="bbox 1897 2566 3451 2638">
    <p class='ocr_par' dir='ltr' id='par_1_52' title="bbox 1897 2566 3451 2638">
     <span class='ocr_line' id='line_1_52' title="bbox 1897 2566 3451 2638; baseline -0.017 -9"><span class='ocrx_word' id='word_1_386' title='bbox 1897 2575 2121 2629; x_wconf 88' lang='lat' dir='ltr'><strong>aliunde</strong></span> <span class='ocrx_word' id='word_1_387' title='bbox 2170 2586 2362 2628; x_wconf 87' lang='lat' dir='ltr'><strong>eorum</strong></span> <span class='ocrx_word' id='word_1_388' title='bbox 2420 2583 2545 2638; x_wconf 68' lang='lat' dir='ltr'><strong>qua</strong></span> <span class='ocrx_word' id='word_1_389' title='bbox 2583 2581 2651 2621; x_wconf 76' lang='lat' dir='ltr'><strong>ex</strong></span> <span class='ocrx_word' id='word_1_390' title='bbox 2708 2577 2873 2619; x_wconf 87' lang='lat' dir='ltr'><strong>causa</strong></span> <span class='ocrx_word' id='word_1_391' title='bbox 2915 2568 3087 2637; x_wconf 61' lang='lat' dir='ltr'><strong>sunt,</strong></span> <span class='ocrx_word' id='word_1_392' title='bbox 3123 2568 3250 2610; x_wconf 85' lang='lat' dir='ltr'><strong>cum</strong></span> <span class='ocrx_word' id='word_1_393' title='bbox 3306 2566 3451 2605; x_wconf 85' lang='lat' dir='ltr'><strong>caus:</strong></span> 
     </span>
    </p>
   </div>
   <div class='ocr_carea' id='block_1_53' title="bbox 1898 2645 3459 2730">
    <p class='ocr_par' dir='ltr' id='par_1_53' title="bbox 1898 2645 3459 2730">
     <span class='ocr_line' id='line_1_53' title="bbox 1898 2645 3459 2730; baseline -0.019 -6"><span class='ocrx_word' id='word_1_394' title='bbox 1898 2663 2373 2724; x_wconf 86' lang='lat' dir='ltr'><strong>consubstantiale</strong></span> <span class='ocrx_word' id='word_1_395' title='bbox 2401 2656 2797 2730; x_wconf 73' lang='lat' dir='ltr'><strong>colligeturi...</strong></span> <span class='ocrx_word' id='word_1_396' title='bbox 2826 2652 2982 2709; x_wconf 81' lang='lat' dir='ltr'><strong>Nulla</strong></span> <span class='ocrx_word' id='word_1_397' title='bbox 3005 2650 3151 2720; x_wconf 84' lang='lat' dir='ltr'><strong>cogit</strong></span> <span class='ocrx_word' id='word_1_398' title='bbox 3172 2645 3459 2702; x_wconf 77' lang='lat' dir='ltr'><strong>ttccessita:</strong></span> 
     </span>
    </p>
   </div>
   <div class='ocr_carea' id='block_1_54' title="bbox 1899 2737 3470 2839">
    <p class='ocr_par' dir='ltr' id='par_1_54' title="bbox 1899 2737 3470 2839">
     <span class='ocr_line' id='line_1_54' title="bbox 1899 2737 3470 2839; baseline -0.017 -25"><span class='ocrx_word' id='word_1_399' title='bbox 1899 2768 2127 2830; x_wconf 83' lang='lat' dir='ltr'><strong>propter</strong></span> <span class='ocrx_word' id='word_1_400' title='bbox 2152 2759 2435 2812; x_wconf 86' lang='lat' dir='ltr'><strong>essentiam</strong></span> <span class='ocrx_word' id='word_1_401' title='bbox 2460 2757 2514 2807; x_wconf 90' lang='lat' dir='ltr'><strong>in</strong></span> <span class='ocrx_word' id='word_1_402' title='bbox 2534 2749 2776 2806; x_wconf 83' lang='lat' dir='ltr'><strong>omnibus</strong></span> <span class='ocrx_word' id='word_1_403' title='bbox 2799 2745 3026 2801; x_wconf 87' lang='lat' dir='ltr'><strong>similem</strong></span> <span class='ocrx_word' id='word_1_404' title='bbox 3059 2742 3257 2796; x_wconf 86' lang='lat' dir='ltr'><strong>horum</strong></span> <span class='ocrx_word' id='word_1_405' title='bbox 3284 2737 3470 2839; x_wconf 78' lang='lat' dir='ltr'><strong>trium.</strong></span> 
     </span>
    </p>
   </div>
   <div class='ocr_carea' id='block_1_55' title="bbox 1896 2838 3460 2907">
    <p class='ocr_par' dir='ltr' id='par_1_55' title="bbox 1896 2838 3460 2907">
     <span class='ocr_line' id='line_1_55' title="bbox 1896 2838 3460 2907; baseline -0.017 0"><span class='ocrx_word' id='word_1_406' title='bbox 1896 2865 2246 2906; x_wconf 85' lang='lat' dir='ltr'><strong>communem</strong></span> <span class='ocrx_word' id='word_1_407' title='bbox 2273 2850 2453 2905; x_wconf 75' lang='lat' dir='ltr'><strong>facere</strong></span> <span class='ocrx_word' id='word_1_408' title='bbox 2480 2848 2646 2901; x_wconf 76' lang='lat' dir='ltr'><strong>etiam</strong></span> <span class='ocrx_word' id='word_1_409' title='bbox 2688 2840 2930 2898; x_wconf 90' lang='lat' dir='ltr'><strong>causatis</strong></span> <span class='ocrx_word' id='word_1_410' title='bbox 2959 2846 3199 2907; x_wconf 87' lang='lat' dir='ltr'><strong>paternae</strong></span> <span class='ocrx_word' id='word_1_411' title='bbox 3224 2838 3460 2887; x_wconf 79' lang='lat' dir='ltr'><strong>essentia</strong></span> 
     </span>
    </p>
   </div>
   <div class='ocr_carea' id='block_1_56' title="bbox 1900 2927 3475 3008">
    <p class='ocr_par' dir='ltr' id='par_1_56' title="bbox 1900 2927 3475 3008">
     <span class='ocr_line' id='line_1_56' title="bbox 1900 2927 3475 3008; baseline -0.017 -7"><span class='ocrx_word' id='word_1_412' title='bbox 1900 2946 2292 3001; x_wconf 75' lang='lat' dir='ltr'><strong>fecunditatem</strong></span> <span class='ocrx_word' id='word_1_413' title='bbox 2343 2958 2357 2997; x_wconf 91' lang='lat'><strong>:</strong></span> <span class='ocrx_word' id='word_1_414' title='bbox 2403 2955 2528 2994; x_wconf 89' lang='lat' dir='ltr'><strong>cum</strong></span> <span class='ocrx_word' id='word_1_415' title='bbox 2576 2949 2940 3008; x_wconf 79' lang='lat' dir='ltr'><strong>personarum</strong></span> <span class='ocrx_word' id='word_1_416' title='bbox 2990 2927 3363 3000; x_wconf 82' lang='lat' dir='ltr'><strong>proprietates</strong></span> <span class='ocrx_word' id='word_1_417' title='bbox 3420 2931 3475 2977; x_wconf 65' lang='lat' dir='ltr'><strong>ei</strong></span> 
     </span>
    </p>
   </div>
   <div class='ocr_carea' id='block_1_57' title="bbox 1899 3013 3479 3097">
    <p class='ocr_par' dir='ltr' id='par_1_57' title="bbox 1899 3013 3479 3097">
     <span class='ocr_line' id='line_1_57' title="bbox 1899 3013 3479 3097; baseline -0.018 -4"><span class='ocrx_word' id='word_1_418' title='bbox 1899 3037 2188 3094; x_wconf 86' lang='lat' dir='ltr'><strong>secundum</strong></span> <span class='ocrx_word' id='word_1_419' title='bbox 2209 3034 2496 3090; x_wconf 85' lang='lat' dir='ltr'><strong>essentiam</strong></span> <span class='ocrx_word' id='word_1_420' title='bbox 2542 3029 2776 3097; x_wconf 85' lang='lat' dir='ltr'><strong>singulis</strong></span> <span class='ocrx_word' id='word_1_421' title='bbox 2808 3026 2992 3079; x_wconf 80' lang='lat' dir='ltr'><strong>inesse</strong></span> <span class='ocrx_word' id='word_1_422' title='bbox 3016 3019 3342 3081; x_wconf 85' lang='lat' dir='ltr'><strong>creduntur,</strong></span> <span class='ocrx_word' id='word_1_423' title='bbox 3367 3013 3479 3083; x_wconf 75' lang='lat'><strong>80</strong></span> 
     </span>
    </p>
   </div>
   <div class='ocr_carea' id='block_1_58' title="bbox 1899 3106 3469 3187">
    <p class='ocr_par' dir='ltr' id='par_1_58' title="bbox 1899 3106 3469 3187">
     <span class='ocr_line' id='line_1_58' title="bbox 1899 3106 3469 3187; baseline -0.019 0"><span class='ocrx_word' id='word_1_424' title='bbox 1899 3134 1946 3187; x_wconf 88' lang='lat' dir='ltr'><strong>si</strong></span> <span class='ocrx_word' id='word_1_425' title='bbox 1975 3131 2189 3185; x_wconf 87' lang='lat' dir='ltr'><strong>nullum</strong></span> <span class='ocrx_word' id='word_1_426' title='bbox 2225 3129 2281 3183; x_wconf 92' lang='lat' dir='ltr'><strong>in</strong></span> <span class='ocrx_word' id='word_1_427' title='bbox 2340 3126 2451 3180; x_wconf 81' lang='lat' dir='ltr'><strong>illis</strong></span> <span class='ocrx_word' id='word_1_428' title='bbox 2485 3120 2771 3183; x_wconf 75' lang='lat' dir='ltr'><strong>accidens,</strong></span> <span class='ocrx_word' id='word_1_429' title='bbox 2824 3130 3005 3186; x_wconf 84' lang='lat' dir='ltr'><strong>neque</strong></span> <span class='ocrx_word' id='word_1_430' title='bbox 3054 3109 3263 3166; x_wconf 87' lang='lat' dir='ltr'><strong>deforis</strong></span> <span class='ocrx_word' id='word_1_431' title='bbox 3310 3106 3469 3160; x_wconf 10' lang='lat' dir='ltr'><strong>advel</strong></span> 
     </span>
    </p>
   </div>
   <div class='ocr_carea' id='block_1_59' title="bbox 210 3198 3449 3285">
    <p class='ocr_par' dir='ltr' id='par_1_59' title="bbox 210 3198 3449 3285">
     <span class='ocr_line' id='line_1_59' title="bbox 210 3198 3449 3285; baseline 0 -18"><span class='ocrx_word' id='word_1_432' title='bbox 210 3222 612 3282; x_wconf 80' lang='lat' dir='ltr'><strong>expresserunt</strong></span> <span class='ocrx_word' id='word_1_433' title='bbox 643 3212 696 3266; x_wconf 92' lang='lat' dir='ltr'><strong>in</strong></span> <span class='ocrx_word' id='word_1_434' title='bbox 726 3211 1010 3283; x_wconf 78' lang='lat' dir='ltr'><strong>Synibolo,</strong></span> <span class='ocrx_word' id='word_1_435' title='bbox 1044 3212 1245 3267; x_wconf 85' lang='lat' dir='ltr'><strong>Filium</strong></span> <span class='ocrx_word' id='word_1_436' title='bbox 1283 3229 1392 3268; x_wconf 67' lang='lat' dir='ltr'><strong>esse</strong></span> <span class='ocrx_word' id='word_1_437' title='bbox 1421 3230 1485 3266; x_wconf 79' lang='lat' dir='ltr'><strong>ea:</strong></span> <span class='ocrx_word' id='word_1_438' title='bbox 1528 3214 1713 3276; x_wconf 87' lang='lat' dir='ltr'><strong>Patre,</strong></span> <span class='ocrx_word' id='word_1_439' title='bbox 1739 3222 1792 3267; x_wconf 91' lang='lat' dir='ltr'><strong>et</strong></span> <span class='ocrx_word' id='word_1_440' title='bbox 1820 3224 1862 3283; x_wconf 73' lang='grc' dir='ltr'>ο</span> <span class='ocrx_word' id='word_1_441' title='bbox 1899 3223 2077 3285; x_wconf 70' lang='lat' dir='ltr'><strong>nicas,</strong></span> <span class='ocrx_word' id='word_1_442' title='bbox 2107 3227 2163 3274; x_wconf 87' lang='lat' dir='ltr'><strong>et</strong></span> <span class='ocrx_word' id='word_1_443' title='bbox 2194 3217 2447 3273; x_wconf 65' lang='lat' dir='ltr'><strong>essentne</strong></span> <span class='ocrx_word' id='word_1_444' title='bbox 2475 3230 2572 3283; x_wconf 83' lang='lat' dir='ltr'><strong>per</strong></span> <span class='ocrx_word' id='word_1_445' title='bbox 2604 3211 2793 3267; x_wconf 82' lang='lat' dir='ltr'><strong>omnia</strong></span> <span class='ocrx_word' id='word_1_446' title='bbox 2829 3206 3013 3261; x_wconf 60' lang='lat' dir='ltr'><strong>simila</strong></span> <span class='ocrx_word' id='word_1_447' title='bbox 3058 3218 3170 3258; x_wconf 75' lang='lat' dir='ltr'><strong>n0&quot;</strong></span> <span class='ocrx_word' id='word_1_448' title='bbox 3225 3198 3449 3269; x_wconf 63' lang='grc' dir='ltr'><strong>ιῑθυεταί</strong></span> 
     </span>
    </p>
   </div>
   <div class='ocr_carea' id='block_1_60' title="bbox 211 3304 1788 3377">
    <p class='ocr_par' dir='ltr' id='par_1_60' title="bbox 211 3304 1788 3377">
     <span class='ocr_line' id='line_1_60' title="bbox 211 3304 1788 3377; baseline 0.001 -17"><span class='ocrx_word' id='word_1_449' title='bbox 211 3304 608 3360; x_wconf 65' lang='grc' dir='ltr'><strong>ιεωῇεισηιὶα</strong></span> <span class='ocrx_word' id='word_1_450' title='bbox 660 3304 844 3360; x_wconf 82' lang='lat' dir='ltr'><strong>Patris</strong></span> <span class='ocrx_word' id='word_1_451' title='bbox 876 3321 896 3360; x_wconf 91' lang='lat'><em>:</em></span> <span class='ocrx_word' id='word_1_452' title='bbox 924 3321 991 3362; x_wconf 85' lang='lat' dir='ltr'><strong>ac</strong></span> <span class='ocrx_word' id='word_1_453' title='bbox 1022 3320 1152 3361; x_wconf 86' lang='lat' dir='ltr'><strong>sane</strong></span> <span class='ocrx_word' id='word_1_454' title='bbox 1204 3306 1299 3377; x_wconf 86' lang='lat' dir='ltr'><strong>qui</strong></span> <span class='ocrx_word' id='word_1_455' title='bbox 1340 3307 1577 3377; x_wconf 86' lang='lat' dir='ltr'><strong>primum</strong></span> <span class='ocrx_word' id='word_1_456' title='bbox 1633 3307 1788 3372; x_wconf 85' lang='lat' dir='ltr'><strong>dicit,</strong></span> 
     </span>
    </p>
   </div>
   <div class='ocr_carea' id='block_1_61' title="bbox 210 3397 1791 3469">
    <p class='ocr_par' dir='ltr' id='par_1_61' title="bbox 210 3397 1791 3469">
     <span class='ocr_line' id='line_1_61' title="bbox 210 3397 1791 3469; baseline 0 -16"><span class='ocrx_word' id='word_1_457' title='bbox 210 3398 345 3454; x_wconf 87' lang='lat' dir='ltr'><strong>dicit</strong></span> <span class='ocrx_word' id='word_1_458' title='bbox 370 3409 431 3455; x_wconf 88' lang='lat' dir='ltr'><strong>et</strong></span> <span class='ocrx_word' id='word_1_459' title='bbox 460 3400 697 3453; x_wconf 82' lang='lat' dir='ltr'><strong>alterum</strong></span> <span class='ocrx_word' id='word_1_460' title='bbox 721 3441 736 3461; x_wconf 84' lang='lat'><strong>,</strong></span> <span class='ocrx_word' id='word_1_461' title='bbox 771 3408 826 3453; x_wconf 90' lang='lat' dir='ltr'><strong>et</strong></span> <span class='ocrx_word' id='word_1_462' title='bbox 858 3414 889 3453; x_wconf 90' lang='lat' dir='ltr'><strong>e</strong></span> <span class='ocrx_word' id='word_1_463' title='bbox 917 3414 1207 3454; x_wconf 87' lang='lat' dir='ltr'><strong>converso.</strong></span> <span class='ocrx_word' id='word_1_464' title='bbox 1254 3397 1367 3454; x_wconf 86' lang='lat' dir='ltr'><strong>Cur</strong></span> <span class='ocrx_word' id='word_1_465' title='bbox 1396 3414 1529 3469; x_wconf 85' lang='lat' dir='ltr'><strong>ergo</strong></span> <span class='ocrx_word' id='word_1_466' title='bbox 1562 3415 1670 3452; x_wconf 87' lang='lat' dir='ltr'><strong>non</strong></span> <span class='ocrx_word' id='word_1_467' title='bbox 1701 3414 1791 3455; x_wconf 80' lang='lat' dir='ltr'><strong>en-</strong></span> 
     </span>
    </p>
   </div>
   <div class='ocr_carea' id='block_1_62' title="bbox 212 3476 1807 3561">
    <p class='ocr_par' dir='ltr' id='par_1_62' title="bbox 212 3476 1807 3561">
     <span class='ocr_line' id='line_1_62' title="bbox 212 3476 1807 3561; baseline 0 -16"><span class='ocrx_word' id='word_1_468' title='bbox 212 3491 337 3556; x_wconf 79' lang='lat' dir='ltr'><strong>dem</strong></span> <span class='ocrx_word' id='word_1_469' title='bbox 371 3491 579 3545; x_wconf 83' lang='lat' dir='ltr'><strong>militet</strong></span> <span class='ocrx_word' id='word_1_470' title='bbox 605 3491 673 3546; x_wconf 87' lang='lat' dir='ltr'><strong>de</strong></span> <span class='ocrx_word' id='word_1_471' title='bbox 704 3490 912 3561; x_wconf 84' lang='lat' dir='ltr'><strong>Spiritu</strong></span> <span class='ocrx_word' id='word_1_472' title='bbox 949 3501 1142 3546; x_wconf 89' lang='lat' dir='ltr'><strong>sancto</strong></span> <span class='ocrx_word' id='word_1_473' title='bbox 1181 3491 1341 3553; x_wconf 89' lang='lat' dir='ltr'><strong>ratio,</strong></span> <span class='ocrx_word' id='word_1_474' title='bbox 1382 3506 1548 3561; x_wconf 86' lang='lat' dir='ltr'><strong>quem</strong></span> <span class='ocrx_word' id='word_1_475' title='bbox 1597 3476 1807 3546; x_wconf 19' lang='lat' dir='ltr'><strong>Patres.</strong></span> 
     </span>
    </p>
   </div>
   <div class='ocr_carea' id='block_1_63' title="bbox 212 3582 1792 3653">
    <p class='ocr_par' dir='ltr' id='par_1_63' title="bbox 212 3582 1792 3653">
     <span class='ocr_line' id='line_1_63' title="bbox 212 3582 1792 3653; baseline -0.001 -14"><span class='ocrx_word' id='word_1_476' title='bbox 212 3583 421 3639; x_wconf 75' lang='lat' dir='ltr'><strong>docent</strong></span> <span class='ocrx_word' id='word_1_477' title='bbox 452 3600 563 3638; x_wconf 88' lang='lat' dir='ltr'><strong>esse</strong></span> <span class='ocrx_word' id='word_1_478' title='bbox 590 3600 655 3637; x_wconf 74' lang='lat' dir='ltr'><strong>ea:</strong></span> <span class='ocrx_word' id='word_1_479' title='bbox 693 3582 837 3636; x_wconf 83' lang='lat' dir='ltr'><strong>Filio</strong></span> <span class='ocrx_word' id='word_1_480' title='bbox 875 3593 930 3637; x_wconf 82' lang='lat' dir='ltr'><strong>et</strong></span> <span class='ocrx_word' id='word_1_481' title='bbox 962 3600 1054 3653; x_wconf 83' lang='lat' dir='ltr'><strong>per</strong></span> <span class='ocrx_word' id='word_1_482' title='bbox 1100 3582 1311 3644; x_wconf 78' lang='lat' dir='ltr'><strong>Filium,</strong></span> <span class='ocrx_word' id='word_1_483' title='bbox 1339 3594 1393 3637; x_wconf 80' lang='lat' dir='ltr'><strong>et</strong></span> <span class='ocrx_word' id='word_1_484' title='bbox 1431 3599 1551 3639; x_wconf 90' lang='lat' dir='ltr'><strong>esse</strong></span> <span class='ocrx_word' id='word_1_485' title='bbox 1591 3600 1653 3637; x_wconf 76' lang='lat' dir='ltr'><strong>ea:</strong></span> <span class='ocrx_word' id='word_1_486' title='bbox 1674 3585 1792 3637; x_wconf 82' lang='lat' dir='ltr'><strong>sub-</strong></span> 
     </span>
    </p>
   </div>
   <div class='ocr_carea' id='block_1_64' title="bbox 209 3676 1788 3755">
    <p class='ocr_par' dir='ltr' id='par_1_64' title="bbox 209 3676 1788 3755">
     <span class='ocr_line' id='line_1_64' title="bbox 209 3676 1788 3755; baseline -0.001 -23"><span class='ocrx_word' id='word_1_487' title='bbox 209 3681 413 3733; x_wconf 79' lang='lat' dir='ltr'><strong>stantia</strong></span> <span class='ocrx_word' id='word_1_488' title='bbox 445 3678 533 3733; x_wconf 85' lang='lat' dir='ltr'><strong>vel</strong></span> <span class='ocrx_word' id='word_1_489' title='bbox 558 3679 783 3732; x_wconf 84' lang='lat' dir='ltr'><strong>essentia</strong></span> <span class='ocrx_word' id='word_1_490' title='bbox 810 3677 916 3748; x_wconf 79' lang='lat'><strong>79</strong></span> <span class='ocrx_word' id='word_1_491' title='bbox 942 3676 1110 3733; x_wconf 81' lang='lat' dir='ltr'><strong>Filii?</strong></span> <span class='ocrx_word' id='word_1_492' title='bbox 1140 3678 1196 3733; x_wconf 87' lang='lat' dir='ltr'><strong>Id</strong></span> <span class='ocrx_word' id='word_1_493' title='bbox 1226 3679 1277 3732; x_wconf 89' lang='lat' dir='ltr'><strong>in</strong></span> <span class='ocrx_word' id='word_1_494' title='bbox 1305 3678 1441 3732; x_wconf 82' lang='lat' dir='ltr'><strong>Filio</strong></span> <span class='ocrx_word' id='word_1_495' title='bbox 1463 3678 1788 3755; x_wconf 76' lang='lat' dir='ltr'><strong>asserebant</strong></span> 
     </span>
    </p>
   </div>
   <div class='ocr_carea' id='block_1_65' title="bbox 211 3771 1791 3837">
    <p class='ocr_par' dir='ltr' id='par_1_65' title="bbox 211 3771 1791 3837">
     <span class='ocr_line' id='line_1_65' title="bbox 211 3771 1791 3837; baseline -0.002 -8"><span class='ocrx_word' id='word_1_496' title='bbox 211 3789 320 3830; x_wconf 89' lang='lat' dir='ltr'><strong>una</strong></span> <span class='ocrx_word' id='word_1_497' title='bbox 353 3788 490 3827; x_wconf 84' lang='lat' dir='ltr'><strong>voce</strong></span> <span class='ocrx_word' id='word_1_498' title='bbox 556 3772 766 3831; x_wconf 84' lang='lat' dir='ltr'><strong>Patres,</strong></span> <span class='ocrx_word' id='word_1_499' title='bbox 826 3781 885 3825; x_wconf 88' lang='lat' dir='ltr'><strong>ut</strong></span> <span class='ocrx_word' id='word_1_500' title='bbox 933 3771 1134 3827; x_wconf 83' lang='lat' dir='ltr'><strong>Filium</strong></span> <span class='ocrx_word' id='word_1_501' title='bbox 1193 3773 1552 3827; x_wconf 84' lang='lat' dir='ltr'><strong>ostenderent</strong></span> <span class='ocrx_word' id='word_1_502' title='bbox 1599 3788 1791 3837; x_wconf 81' lang='lat' dir='ltr'><strong>verum</strong></span> 
     </span>
    </p>
   </div>
   <div class='ocr_carea' id='block_1_66' title="bbox 210 3864 1789 3927">
    <p class='ocr_par' dir='ltr' id='par_1_66' title="bbox 210 3864 1789 3927">
     <span class='ocr_line' id='line_1_66' title="bbox 210 3864 1789 3927; baseline 0.001 -10"><span class='ocrx_word' id='word_1_503' title='bbox 210 3865 409 3927; x_wconf 80' lang='lat' dir='ltr'><strong>Deum,</strong></span> <span class='ocrx_word' id='word_1_504' title='bbox 443 3864 673 3919; x_wconf 89' lang='lat' dir='ltr'><strong>minime</strong></span> <span class='ocrx_word' id='word_1_505' title='bbox 702 3880 729 3918; x_wconf 91' lang='lat' dir='ltr'><strong>a</strong></span> <span class='ocrx_word' id='word_1_506' title='bbox 768 3865 878 3919; x_wconf 86' lang='lat' dir='ltr'><strong>Deo</strong></span> <span class='ocrx_word' id='word_1_507' title='bbox 908 3864 1116 3919; x_wconf 86' lang='lat' dir='ltr'><strong>factum</strong></span> <span class='ocrx_word' id='word_1_508' title='bbox 1150 3880 1217 3919; x_wconf 75' lang='lat' dir='ltr'><strong>ex</strong></span> <span class='ocrx_word' id='word_1_509' title='bbox 1264 3878 1371 3918; x_wconf 90' lang='lat' dir='ltr'><strong>non</strong></span> <span class='ocrx_word' id='word_1_510' title='bbox 1406 3865 1789 3920; x_wconf 72' lang='lat' dir='ltr'><strong>exstantibus:</strong></span> 
     </span>
    </p>
   </div>
   <div class='ocr_carea' id='block_1_67' title="bbox 210 3957 1794 4029">
    <p class='ocr_par' dir='ltr' id='par_1_67' title="bbox 210 3957 1794 4029">
     <span class='ocr_line' id='line_1_67' title="bbox 210 3957 1794 4029; baseline -0.001 -17"><span class='ocrx_word' id='word_1_511' title='bbox 210 3958 263 4013; x_wconf 91' lang='lat' dir='ltr'><strong>id</strong></span> <span class='ocrx_word' id='word_1_512' title='bbox 292 3961 466 4015; x_wconf 86' lang='lat' dir='ltr'><strong>etiam</strong></span> <span class='ocrx_word' id='word_1_513' title='bbox 502 3958 572 4014; x_wconf 88' lang='lat' dir='ltr'><strong>de</strong></span> <span class='ocrx_word' id='word_1_514' title='bbox 604 3957 815 4029; x_wconf 81' lang='lat' dir='ltr'><strong>Spiritu</strong></span> <span class='ocrx_word' id='word_1_515' title='bbox 852 3972 1043 4013; x_wconf 82' lang='lat' dir='ltr'><strong>sancto</strong></span> <span class='ocrx_word' id='word_1_516' title='bbox 1086 3958 1194 4012; x_wconf 87' lang='lat' dir='ltr'><strong>dici</strong></span> <span class='ocrx_word' id='word_1_517' title='bbox 1230 3965 1475 4027; x_wconf 89' lang='lat' dir='ltr'><strong>oportet,</strong></span> <span class='ocrx_word' id='word_1_518' title='bbox 1538 3966 1597 4013; x_wconf 84' lang='lat' dir='ltr'><strong>tit</strong></span> <span class='ocrx_word' id='word_1_519' title='bbox 1651 3973 1794 4012; x_wconf 85' lang='lat' dir='ltr'><strong>unus</strong></span> 
     </span>
    </p>
   </div>
   <div class='ocr_carea' id='block_1_68' title="bbox 194 4049 1792 4107">
    <p class='ocr_par' dir='ltr' id='par_1_68' title="bbox 194 4049 1792 4107">
     <span class='ocr_line' id='line_1_68' title="bbox 194 4049 1792 4107; baseline -0.003 -1"><span class='ocrx_word' id='word_1_520' title='bbox 194 4050 339 4106; x_wconf 83' lang='lat' dir='ltr'><strong>&#39;eum</strong></span> <span class='ocrx_word' id='word_1_521' title='bbox 381 4052 545 4107; x_wconf 81' lang='lat' dir='ltr'><strong>Patre</strong></span> <span class='ocrx_word' id='word_1_522' title='bbox 569 4060 629 4105; x_wconf 86' lang='lat' dir='ltr'><strong>et</strong></span> <span class='ocrx_word' id='word_1_523' title='bbox 670 4051 810 4105; x_wconf 81' lang='lat' dir='ltr'><strong>Filio</strong></span> <span class='ocrx_word' id='word_1_524' title='bbox 841 4049 983 4104; x_wconf 89' lang='lat' dir='ltr'><strong>Deus</strong></span> <span class='ocrx_word' id='word_1_525' title='bbox 1032 4059 1335 4106; x_wconf 87' lang='lat' dir='ltr'><strong>asseratur.</strong></span> <span class='ocrx_word' id='word_1_526' title='bbox 1365 4050 1448 4104; x_wconf 89' lang='lat' dir='ltr'><strong>Eo</strong></span> <span class='ocrx_word' id='word_1_527' title='bbox 1495 4049 1579 4106; x_wconf 85' lang='lat' dir='ltr'><strong>vel</strong></span> <span class='ocrx_word' id='word_1_528' title='bbox 1620 4049 1792 4105; x_wconf 83' lang='lat' dir='ltr'><strong>maxi-</strong></span> 
     </span>
    </p>
   </div>
   <div class='ocr_carea' id='block_1_69' title="bbox 210 4141 1790 4212">
    <p class='ocr_par' dir='ltr' id='par_1_69' title="bbox 210 4141 1790 4212">
     <span class='ocr_line' id='line_1_69' title="bbox 210 4141 1790 4212; baseline -0.001 -13"><span class='ocrx_word' id='word_1_529' title='bbox 210 4158 299 4199; x_wconf 80' lang='lat' dir='ltr'><strong>me</strong></span> <span class='ocrx_word' id='word_1_530' title='bbox 328 4142 580 4206; x_wconf 84' lang='lat' dir='ltr'><strong>demum,</strong></span> <span class='ocrx_word' id='word_1_531' title='bbox 606 4143 762 4212; x_wconf 89' lang='lat' dir='ltr'><strong>quod</strong></span> <span class='ocrx_word' id='word_1_532' title='bbox 792 4158 881 4198; x_wconf 87' lang='lat' dir='ltr'><strong>res</strong></span> <span class='ocrx_word' id='word_1_533' title='bbox 909 4158 1017 4197; x_wconf 89' lang='lat' dir='ltr'><strong>una</strong></span> <span class='ocrx_word' id='word_1_534' title='bbox 1044 4152 1150 4208; x_wconf 88' lang='lat' dir='ltr'><strong>est,</strong></span> <span class='ocrx_word' id='word_1_535' title='bbox 1196 4150 1248 4197; x_wconf 90' lang='lat' dir='ltr'><strong>et</strong></span> <span class='ocrx_word' id='word_1_536' title='bbox 1292 4141 1705 4212; x_wconf 79' lang='lat' dir='ltr'><strong>simplicissima</strong></span> <span class='ocrx_word' id='word_1_537' title='bbox 1737 4142 1790 4199; x_wconf 90' lang='lat' dir='ltr'><strong>in</strong></span> 
     </span>
    </p>
   </div>
   <div class='ocr_carea' id='block_1_70' title="bbox 210 4234 1790 4307">
    <p class='ocr_par' dir='ltr' id='par_1_70' title="bbox 210 4234 1790 4307">
     <span class='ocr_line' id='line_1_70' title="bbox 210 4234 1790 4307; baseline 0 -18"><span class='ocrx_word' id='word_1_538' title='bbox 210 4234 395 4301; x_wconf 82' lang='lat' dir='ltr'><strong>Patre,</strong></span> <span class='ocrx_word' id='word_1_539' title='bbox 424 4241 480 4291; x_wconf 88' lang='lat' dir='ltr'><strong>et</strong></span> <span class='ocrx_word' id='word_1_540' title='bbox 516 4235 572 4289; x_wconf 93' lang='lat' dir='ltr'><strong>in</strong></span> <span class='ocrx_word' id='word_1_541' title='bbox 606 4234 747 4288; x_wconf 89' lang='lat' dir='ltr'><strong>Filio</strong></span> <span class='ocrx_word' id='word_1_542' title='bbox 780 4237 1037 4300; x_wconf 82' lang='lat' dir='ltr'><strong>essentia,</strong></span> <span class='ocrx_word' id='word_1_543' title='bbox 1065 4244 1120 4291; x_wconf 91' lang='lat' dir='ltr'><strong>et</strong></span> <span class='ocrx_word' id='word_1_544' title='bbox 1148 4237 1447 4307; x_wconf 85' lang='lat' dir='ltr'><strong>bypostasis</strong></span> <span class='ocrx_word' id='word_1_545' title='bbox 1489 4250 1509 4289; x_wconf 90' lang='lat'><strong><em>:</em></strong></span> <span class='ocrx_word' id='word_1_546' title='bbox 1538 4243 1600 4291; x_wconf 85' lang='lat' dir='ltr'><strong>ut</strong></span> <span class='ocrx_word' id='word_1_547' title='bbox 1654 4235 1790 4290; x_wconf 83' lang='lat' dir='ltr'><strong>nihil</strong></span> 
     </span>
    </p>
   </div>
   <div class='ocr_carea' id='block_1_71' title="bbox 205 4328 1793 4399">
    <p class='ocr_par' dir='ltr' id='par_1_71' title="bbox 205 4328 1793 4399">
     <span class='ocr_line' id='line_1_71' title="bbox 205 4328 1793 4399; baseline -0.002 -15"><span class='ocrx_word' id='word_1_548' title='bbox 205 4329 279 4384; x_wconf 80' lang='lat' dir='ltr'><strong>sit</strong></span> <span class='ocrx_word' id='word_1_549' title='bbox 311 4328 465 4383; x_wconf 85' lang='lat' dir='ltr'><strong>aliud</strong></span> <span class='ocrx_word' id='word_1_550' title='bbox 487 4344 739 4398; x_wconf 80' lang='lat' dir='ltr'><strong>persona,</strong></span> <span class='ocrx_word' id='word_1_551' title='bbox 766 4344 930 4399; x_wconf 74' lang='lat' dir='ltr'><strong>quam</strong></span> <span class='ocrx_word' id='word_1_552' title='bbox 984 4331 1215 4384; x_wconf 88' lang='lat' dir='ltr'><strong>essentia</strong></span> <span class='ocrx_word' id='word_1_553' title='bbox 1269 4330 1601 4399; x_wconf 79' lang='lat' dir='ltr'><strong>subsistens;</strong></span> <span class='ocrx_word' id='word_1_554' title='bbox 1644 4328 1793 4381; x_wconf 86' lang='lat' dir='ltr'><strong>unde</strong></span> 
     </span>
    </p>
   </div>
   <div class='ocr_carea' id='block_1_72' title="bbox 207 4422 1793 4493">
    <p class='ocr_par' dir='ltr' id='par_1_72' title="bbox 207 4422 1793 4493">
     <span class='ocr_line' id='line_1_72' title="bbox 207 4422 1793 4493; baseline 0.001 -18"><span class='ocrx_word' id='word_1_555' title='bbox 207 4435 273 4475; x_wconf 79' lang='lat' dir='ltr'><strong>ex</strong></span> <span class='ocrx_word' id='word_1_556' title='bbox 316 4423 565 4477; x_wconf 82' lang='lat' dir='ltr'><strong>essentia</strong></span> <span class='ocrx_word' id='word_1_557' title='bbox 625 4435 737 4476; x_wconf 91' lang='lat' dir='ltr'><strong>non</strong></span> <span class='ocrx_word' id='word_1_558' title='bbox 791 4430 976 4491; x_wconf 87' lang='lat' dir='ltr'><strong>potest</strong></span> <span class='ocrx_word' id='word_1_559' title='bbox 1026 4436 1154 4479; x_wconf 85' lang='lat' dir='ltr'><strong>esse</strong></span> <span class='ocrx_word' id='word_1_560' title='bbox 1204 4436 1442 4493; x_wconf 84' lang='lat' dir='ltr'><strong>persona</strong></span> <span class='ocrx_word' id='word_1_561' title='bbox 1497 4422 1793 4491; x_wconf 53' lang='lat' dir='ltr'><strong>quapiam.</strong></span> 
     </span>
    </p>
   </div>
   <div class='ocr_carea' id='block_1_73' title="bbox 206 4514 1787 4586">
    <p class='ocr_par' dir='ltr' id='par_1_73' title="bbox 206 4514 1787 4586">
     <span class='ocr_line' id='line_1_73' title="bbox 206 4514 1787 4586; baseline 0.001 -17"><span class='ocrx_word' id='word_1_562' title='bbox 206 4514 342 4583; x_wconf 87' lang='lat' dir='ltr'><strong>quin</strong></span> <span class='ocrx_word' id='word_1_563' title='bbox 384 4515 460 4573; x_wconf 86' lang='lat' dir='ltr'><strong>sit</strong></span> <span class='ocrx_word' id='word_1_564' title='bbox 500 4530 569 4570; x_wconf 79' lang='lat' dir='ltr'><strong>es</strong></span> <span class='ocrx_word' id='word_1_565' title='bbox 610 4516 806 4571; x_wconf 87' lang='lat' dir='ltr'><strong>eadem</strong></span> <span class='ocrx_word' id='word_1_566' title='bbox 853 4529 1112 4584; x_wconf 82' lang='lat' dir='ltr'><strong>persona.</strong></span> <span class='ocrx_word' id='word_1_567' title='bbox 1173 4515 1331 4586; x_wconf 82' lang='lat' dir='ltr'><strong>cujus</strong></span> <span class='ocrx_word' id='word_1_568' title='bbox 1386 4522 1473 4572; x_wconf 90' lang='lat' dir='ltr'><strong>est</strong></span> <span class='ocrx_word' id='word_1_569' title='bbox 1527 4517 1787 4570; x_wconf 87' lang='lat' dir='ltr'><strong>essentia.</strong></span> 
     </span>
    </p>
   </div>
   <div class='ocr_carea' id='block_1_74' title="bbox 1896 3291 3457 3370">
    <p class='ocr_par' dir='ltr' id='par_1_74' title="bbox 1896 3291 3457 3370">
     <span class='ocr_line' id='line_1_74' title="bbox 1896 3291 3457 3370; baseline -0.017 0"><span class='ocrx_word' id='word_1_570' title='bbox 1896 3326 2007 3370; x_wconf 91' lang='lat' dir='ltr'><strong>tur.</strong></span> <span class='ocrx_word' id='word_1_571' title='bbox 2057 3331 2076 3364; x_wconf 77' lang='grc' dir='ltr'><strong>ι</strong></span> <span class='ocrx_word' id='word_1_572' title='bbox 2123 3313 2259 3366; x_wconf 79' lang='lat' dir='ltr'><strong>Rem</strong></span> <span class='ocrx_word' id='word_1_573' title='bbox 2296 3318 2523 3363; x_wconf 81' lang='lat' dir='ltr'><strong>sanctus</strong></span> <span class='ocrx_word' id='word_1_574' title='bbox 2560 3306 2802 3361; x_wconf 84' lang='lat' dir='ltr'><strong>Thomas</strong></span> <span class='ocrx_word' id='word_1_575' title='bbox 2858 3299 3093 3356; x_wconf 80' lang='lat' dir='ltr'><strong>mirifice</strong></span> <span class='ocrx_word' id='word_1_576' title='bbox 3144 3296 3384 3351; x_wconf 82' lang='lat' dir='ltr'><strong>illustrat</strong></span> <span class='ocrx_word' id='word_1_577' title='bbox 3424 3291 3457 3343; x_wconf 83' lang='lat' dir='ltr'><strong>it</strong></span> 
     </span>
    </p>
   </div>
   <div class='ocr_carea' id='block_1_75' title="bbox 1894 3388 3446 3473">
    <p class='ocr_par' dir='ltr' id='par_1_75' title="bbox 1894 3388 3446 3473">
     <span class='ocr_line' id='line_1_75' title="bbox 1894 3388 3446 3473; baseline -0.015 -11"><span class='ocrx_word' id='word_1_578' title='bbox 1894 3409 1933 3473; x_wconf 88' lang='grc' dir='ltr'><strong>Ι,</strong></span> <span class='ocrx_word' id='word_1_579' title='bbox 1962 3408 2089 3464; x_wconf 88' lang='lat' dir='ltr'><strong>dist.</strong></span> <span class='ocrx_word' id='word_1_580' title='bbox 2130 3422 2208 3471; x_wconf 76' lang='grc' dir='ltr'><strong>χι,</strong></span> <span class='ocrx_word' id='word_1_581' title='bbox 2236 3402 2542 3473; x_wconf 70' lang='lat' dir='ltr'><strong>qtnt‘stiono</strong></span> <span class='ocrx_word' id='word_1_582' title='bbox 2574 3400 2595 3454; x_wconf 81' lang='lat' dir='ltr'><strong>l</strong></span> <span class='ocrx_word' id='word_1_583' title='bbox 2622 3439 2638 3464; x_wconf 91' lang='lat'><strong>,</strong></span> <span class='ocrx_word' id='word_1_584' title='bbox 2673 3407 2781 3452; x_wconf 87' lang='lat' dir='ltr'><strong>art.</strong></span> <span class='ocrx_word' id='word_1_585' title='bbox 2810 3397 2845 3450; x_wconf 78' lang='grc'><strong>5</strong></span> <span class='ocrx_word' id='word_1_586' title='bbox 2874 3414 2888 3450; x_wconf 90' lang='lat'><strong>:</strong></span> <span class='ocrx_word' id='word_1_587' title='bbox 2929 3414 2948 3447; x_wconf 74' lang='grc' dir='ltr'>ι</span> <span class='ocrx_word' id='word_1_588' title='bbox 2982 3393 3173 3455; x_wconf 83' lang='lat' dir='ltr'><strong>Pater,</strong></span> <span class='ocrx_word' id='word_1_589' title='bbox 3204 3398 3263 3444; x_wconf 90' lang='lat' dir='ltr'><strong>ct</strong></span> <span class='ocrx_word' id='word_1_590' title='bbox 3303 3388 3446 3444; x_wconf 85' lang='lat' dir='ltr'><strong>Fiiiu</strong></span> 
     </span>
    </p>
   </div>
   <div class='ocr_carea' id='block_1_76' title="bbox 1894 3491 3473 3571">
    <p class='ocr_par' dir='ltr' id='par_1_76' title="bbox 1894 3491 3473 3571">
     <span class='ocr_line' id='line_1_76' title="bbox 1894 3491 3473 3571; baseline -0.016 -14"><span class='ocrx_word' id='word_1_591' title='bbox 1894 3503 2107 3571; x_wconf 85' lang='lat' dir='ltr'><strong>spirant</strong></span> <span class='ocrx_word' id='word_1_592' title='bbox 2137 3498 2408 3567; x_wconf 84' lang='lat' dir='ltr'><strong>Spiritum</strong></span> <span class='ocrx_word' id='word_1_593' title='bbox 2430 3502 2706 3559; x_wconf 86' lang='lat' dir='ltr'><strong>sanctum,</strong></span> <span class='ocrx_word' id='word_1_594' title='bbox 2733 3491 2790 3545; x_wconf 88' lang='lat' dir='ltr'><strong>in</strong></span> <span class='ocrx_word' id='word_1_595' title='bbox 2837 3495 3109 3559; x_wconf 88' lang='lat' dir='ltr'><strong>quantum</strong></span> <span class='ocrx_word' id='word_1_596' title='bbox 3145 3492 3279 3539; x_wconf 89' lang='lat' dir='ltr'><strong>sunt</strong></span> <span class='ocrx_word' id='word_1_597' title='bbox 3307 3497 3473 3535; x_wconf 78' lang='lat' dir='ltr'><strong>unun:</strong></span> 
     </span>
    </p>
   </div>
   <div class='ocr_carea' id='block_1_77' title="bbox 1896 3574 3475 3663">
    <p class='ocr_par' dir='ltr' id='par_1_77' title="bbox 1896 3574 3475 3663">
     <span class='ocr_line' id='line_1_77' title="bbox 1896 3574 3475 3663; baseline -0.015 -16"><span class='ocrx_word' id='word_1_598' title='bbox 1896 3593 1949 3647; x_wconf 88' lang='lat' dir='ltr'><strong>in</strong></span> <span class='ocrx_word' id='word_1_599' title='bbox 1977 3592 2210 3663; x_wconf 85' lang='lat' dir='ltr'><strong>potentia</strong></span> <span class='ocrx_word' id='word_1_600' title='bbox 2243 3588 2527 3655; x_wconf 84' lang='lat' dir='ltr'><strong>spirativa.</strong></span> <span class='ocrx_word' id='word_1_601' title='bbox 2560 3583 2818 3640; x_wconf 77' lang='lat' dir='ltr'><strong>Potentia</strong></span> <span class='ocrx_word' id='word_1_602' title='bbox 2858 3590 3047 3637; x_wconf 84' lang='lat' dir='ltr'><strong>autem</strong></span> <span class='ocrx_word' id='word_1_603' title='bbox 3080 3576 3349 3648; x_wconf 88' lang='lat' dir='ltr'><strong>spirativa</strong></span> <span class='ocrx_word' id='word_1_604' title='bbox 3398 3574 3475 3626; x_wconf 80' lang='lat' dir='ltr'><strong>di—</strong></span> 
     </span>
    </p>
   </div>
   <div class='ocr_carea' id='block_1_78' title="bbox 1893 3670 3475 3753">
    <p class='ocr_par' dir='ltr' id='par_1_78' title="bbox 1893 3670 3475 3753">
     <span class='ocr_line' id='line_1_78' title="bbox 1893 3670 3475 3753; baseline -0.016 -11"><span class='ocrx_word' id='word_1_605' title='bbox 1893 3687 1966 3742; x_wconf 89' lang='lat' dir='ltr'><strong>cit</strong></span> <span class='ocrx_word' id='word_1_606' title='bbox 1984 3683 2188 3753; x_wconf 81' lang='lat' dir='ltr'><strong>aliquid</strong></span> <span class='ocrx_word' id='word_1_607' title='bbox 2217 3682 2448 3743; x_wconf 69' lang='lat' dir='ltr'><strong>medium</strong></span> <span class='ocrx_word' id='word_1_608' title='bbox 2474 3680 2620 3734; x_wconf 84' lang='lat' dir='ltr'><strong>inter</strong></span> <span class='ocrx_word' id='word_1_609' title='bbox 2644 3675 2929 3735; x_wconf 80' lang='lat' dir='ltr'><strong>essentiam</strong></span> <span class='ocrx_word' id='word_1_610' title='bbox 2973 3684 3029 3726; x_wconf 85' lang='lat' dir='ltr'><strong>et</strong></span> <span class='ocrx_word' id='word_1_611' title='bbox 3054 3670 3435 3742; x_wconf 75' lang='lat' dir='ltr'><strong>proprietate»:</strong></span> <span class='ocrx_word' id='word_1_612' title='bbox 3458 3682 3475 3716; x_wconf 80' lang='lat'><strong>.&#39;</strong></span> 
     </span>
    </p>
   </div>
   <div class='ocr_carea' id='block_1_79' title="bbox 1893 3756 3479 3845">
    <p class='ocr_par' dir='ltr' id='par_1_79' title="bbox 1893 3756 3479 3845">
     <span class='ocr_line' id='line_1_79' title="bbox 1893 3756 3479 3845; baseline -0.016 -13"><span class='ocrx_word' id='word_1_613' title='bbox 1893 3794 1961 3833; x_wconf 87' lang='lat' dir='ltr'><strong>eo</strong></span> <span class='ocrx_word' id='word_1_614' title='bbox 1987 3776 2133 3845; x_wconf 83' lang='lat' dir='ltr'><strong>quod</strong></span> <span class='ocrx_word' id='word_1_615' title='bbox 2165 3773 2301 3827; x_wconf 88' lang='lat' dir='ltr'><strong>dicit</strong></span> <span class='ocrx_word' id='word_1_616' title='bbox 2326 3771 2611 3826; x_wconf 85' lang='lat' dir='ltr'><strong>essentiam</strong></span> <span class='ocrx_word' id='word_1_617' title='bbox 2633 3770 2724 3823; x_wconf 88' lang='lat' dir='ltr'><strong>sub</strong></span> <span class='ocrx_word' id='word_1_618' title='bbox 2754 3766 2960 3820; x_wconf 89' lang='lat' dir='ltr'><strong>ratione</strong></span> <span class='ocrx_word' id='word_1_619' title='bbox 2993 3759 3358 3832; x_wconf 82' lang='lat' dir='ltr'><strong>proprietatis.</strong></span> <span class='ocrx_word' id='word_1_620' title='bbox 3388 3756 3479 3811; x_wconf 80' lang='lat' dir='ltr'><strong>Sic</strong></span> 
     </span>
    </p>
   </div>
   <div class='ocr_carea' id='block_1_80' title="bbox 1894 3849 3475 3934">
    <p class='ocr_par' dir='ltr' id='par_1_80' title="bbox 1894 3849 3475 3934">
     <span class='ocr_line' id='line_1_80' title="bbox 1894 3849 3475 3934; baseline -0.015 -9"><span class='ocrx_word' id='word_1_621' title='bbox 1894 3873 2044 3925; x_wconf 85' lang='lat' dir='ltr'><strong>enim</strong></span> <span class='ocrx_word' id='word_1_622' title='bbox 2074 3878 2230 3922; x_wconf 90' lang='lat' dir='ltr'><strong>actus</strong></span> <span class='ocrx_word' id='word_1_623' title='bbox 2271 3865 2570 3920; x_wconf 85' lang='lat' dir='ltr'><strong>notionalis</strong></span> <span class='ocrx_word' id='word_1_624' title='bbox 2616 3862 2723 3934; x_wconf 67' lang='lat' dir='ltr'><strong>(vel</strong></span> <span class='ocrx_word' id='word_1_625' title='bbox 2756 3857 3067 3928; x_wconf 84' lang='lat' dir='ltr'><strong>generatio,</strong></span> <span class='ocrx_word' id='word_1_626' title='bbox 3097 3854 3184 3909; x_wconf 86' lang='lat' dir='ltr'><strong>vel</strong></span> <span class='ocrx_word' id='word_1_627' title='bbox 3241 3849 3475 3921; x_wconf 89' lang='lat' dir='ltr'><strong>spiratio</strong></span> 
     </span>
    </p>
   </div>
   <div class='ocr_carea' id='block_1_81' title="bbox 1894 3945 3476 4029">
    <p class='ocr_par' dir='ltr' id='par_1_81' title="bbox 1894 3945 3476 4029">
     <span class='ocr_line' id='line_1_81' title="bbox 1894 3945 3476 4029; baseline -0.017 -9"><span class='ocrx_word' id='word_1_628' title='bbox 1894 3965 2093 4029; x_wconf 84' lang='lat' dir='ltr'><strong>activa)</strong></span> <span class='ocrx_word' id='word_1_629' title='bbox 2150 3961 2219 4014; x_wconf 88' lang='lat' dir='ltr'><strong>ab</strong></span> <span class='ocrx_word' id='word_1_630' title='bbox 2251 3957 2481 4013; x_wconf 70' lang='lat' dir='ltr'><strong>essentia</strong></span> <span class='ocrx_word' id='word_1_631' title='bbox 2503 3955 2787 4026; x_wconf 82' lang='lat' dir='ltr'><strong>egreditur</strong></span> <span class='ocrx_word' id='word_1_632' title='bbox 2820 3970 2836 4007; x_wconf 87' lang='lat'><strong>:</strong></span> <span class='ocrx_word' id='word_1_633' title='bbox 2869 3967 2982 4008; x_wconf 92' lang='lat' dir='ltr'><strong>non</strong></span> <span class='ocrx_word' id='word_1_634' title='bbox 3012 3949 3160 4027; x_wconf 82' lang='lat' dir='ltr'><strong>sicut</strong></span> <span class='ocrx_word' id='word_1_635' title='bbox 3194 3945 3262 3999; x_wconf 81' lang='lat' dir='ltr'><strong>ab</strong></span> <span class='ocrx_word' id='word_1_636' title='bbox 3287 3951 3476 4014; x_wconf 81' lang='lat' dir='ltr'><strong>agente</strong></span> 
     </span>
    </p>
   </div>
   <div class='ocr_carea' id='block_1_82' title="bbox 1895 4035 3475 4128">
    <p class='ocr_par' dir='ltr' id='par_1_82' title="bbox 1895 4035 3475 4128">
     <span class='ocr_line' id='line_1_82' title="bbox 1895 4035 3475 4128; baseline -0.016 -15"><span class='ocrx_word' id='word_1_637' title='bbox 1895 4056 2065 4128; x_wconf 60' lang='lat' dir='ltr'><strong>(tiuod</strong></span> <span class='ocrx_word' id='word_1_638' title='bbox 2096 4036 2257 4126; x_wconf 73' lang='lat' dir='ltr'><strong>agit),</strong></span> <span class='ocrx_word' id='word_1_639' title='bbox 2285 4050 2384 4108; x_wconf 86' lang='lat' dir='ltr'><strong>sed</strong></span> <span class='ocrx_word' id='word_1_640' title='bbox 2419 4049 2564 4106; x_wconf 87' lang='lat' dir='ltr'><strong>sicut</strong></span> <span class='ocrx_word' id='word_1_641' title='bbox 2598 4048 2669 4103; x_wconf 81' lang='lat' dir='ltr'><strong>ab</strong></span> <span class='ocrx_word' id='word_1_642' title='bbox 2698 4062 2786 4111; x_wconf 90' lang='lat' dir='ltr'><strong>co,</strong></span> <span class='ocrx_word' id='word_1_643' title='bbox 2812 4061 2918 4119; x_wconf 82' lang='lat' dir='ltr'><strong>quo</strong></span> <span class='ocrx_word' id='word_1_644' title='bbox 2948 4042 3149 4113; x_wconf 69' lang='lat' dir='ltr'><strong>agitur.</strong></span> <span class='ocrx_word' id='word_1_645' title='bbox 3174 4035 3475 4094; x_wconf 87' lang='lat' dir='ltr'><strong>Generatio</strong></span> 
     </span>
    </p>
   </div>
   <div class='ocr_carea' id='block_1_83' title="bbox 1893 4136 3471 4218">
    <p class='ocr_par' dir='ltr' id='par_1_83' title="bbox 1893 4136 3471 4218">
     <span class='ocr_line' id='line_1_83' title="bbox 1893 4136 3471 4218; baseline -0.015 -9"><span class='ocrx_word' id='word_1_646' title='bbox 1893 4151 2044 4209; x_wconf 77' lang='lat' dir='ltr'><strong>enim</strong></span> <span class='ocrx_word' id='word_1_647' title='bbox 2093 4164 2204 4204; x_wconf 90' lang='lat' dir='ltr'><strong>non</strong></span> <span class='ocrx_word' id='word_1_648' title='bbox 2252 4144 2528 4218; x_wconf 75' lang='lat' dir='ltr'><strong>egreditur</strong></span> <span class='ocrx_word' id='word_1_649' title='bbox 2586 4142 2656 4198; x_wconf 90' lang='lat' dir='ltr'><strong>ab</strong></span> <span class='ocrx_word' id='word_1_650' title='bbox 2712 4140 2975 4196; x_wconf 72' lang='lat' dir='ltr'><strong>essentia.</strong></span> <span class='ocrx_word' id='word_1_651' title='bbox 3010 4136 3064 4191; x_wconf 90' lang='lat' dir='ltr'><strong>in</strong></span> <span class='ocrx_word' id='word_1_652' title='bbox 3098 4147 3364 4206; x_wconf 73' lang='lat' dir='ltr'><strong>quantum</strong></span> <span class='ocrx_word' id='word_1_653' title='bbox 3391 4139 3471 4186; x_wconf 67' lang='grc' dir='ltr'><strong>ρει</strong></span> 
     </span>
    </p>
   </div>
   <div class='ocr_carea' id='block_1_84' title="bbox 1878 4226 3472 4309">
    <p class='ocr_par' dir='ltr' id='par_1_84' title="bbox 1878 4226 3472 4309">
     <span class='ocr_line' id='line_1_84' title="bbox 1878 4226 3472 4309; baseline -0.016 -9"><span class='ocrx_word' id='word_1_654' title='bbox 1878 4245 2157 4307; x_wconf 48' lang='lat' dir='ltr'><strong>«essentia.</strong></span> <span class='ocrx_word' id='word_1_655' title='bbox 2182 4242 2281 4299; x_wconf 86' lang='lat' dir='ltr'><strong>sed</strong></span> <span class='ocrx_word' id='word_1_656' title='bbox 2318 4241 2375 4296; x_wconf 88' lang='lat' dir='ltr'><strong>in</strong></span> <span class='ocrx_word' id='word_1_657' title='bbox 2410 4248 2682 4309; x_wconf 82' lang='lat' dir='ltr'><strong>quantum</strong></span> <span class='ocrx_word' id='word_1_658' title='bbox 2711 4248 2797 4289; x_wconf 84' lang='lat' dir='ltr'><strong>est</strong></span> <span class='ocrx_word' id='word_1_659' title='bbox 2825 4235 3152 4304; x_wconf 69' lang='lat' dir='ltr'><strong>ptslal‘nilas.</strong></span> <span class='ocrx_word' id='word_1_660' title='bbox 3188 4228 3254 4282; x_wconf 87' lang='lat' dir='ltr'><strong>Et</strong></span> <span class='ocrx_word' id='word_1_661' title='bbox 3283 4229 3339 4281; x_wconf 90' lang='lat' dir='ltr'><strong>si.</strong></span> <span class='ocrx_word' id='word_1_662' title='bbox 3372 4226 3472 4281; x_wconf 66' lang='lat' dir='ltr'><strong>ista</strong></span> 
     </span>
    </p>
   </div>
   <div class='ocr_carea' id='block_1_85' title="bbox 1896 4315 3476 4398">
    <p class='ocr_par' dir='ltr' id='par_1_85' title="bbox 1896 4315 3476 4398">
     <span class='ocr_line' id='line_1_85' title="bbox 1896 4315 3476 4398; baseline -0.017 -3"><span class='ocrx_word' id='word_1_663' title='bbox 1896 4336 2028 4398; x_wconf 83' lang='lat' dir='ltr'><strong>duo,</strong></span> <span class='ocrx_word' id='word_1_664' title='bbox 2065 4334 2279 4391; x_wconf 84' lang='lat' dir='ltr'><strong>scilicet</strong></span> <span class='ocrx_word' id='word_1_665' title='bbox 2312 4330 2557 4386; x_wconf 83' lang='lat' dir='ltr'><strong>essentia</strong></span> <span class='ocrx_word' id='word_1_666' title='bbox 2610 4335 2666 4382; x_wconf 90' lang='lat' dir='ltr'><strong>et</strong></span> <span class='ocrx_word' id='word_1_667' title='bbox 2721 4323 3027 4394; x_wconf 84' lang='lat' dir='ltr'><strong>paternitas</strong></span> <span class='ocrx_word' id='word_1_668' title='bbox 3050 4362 3064 4385; x_wconf 95' lang='lat'><strong>,</strong></span> <span class='ocrx_word' id='word_1_669' title='bbox 3101 4318 3391 4373; x_wconf 68' lang='lat' dir='ltr'><strong>differrent</strong></span> <span class='ocrx_word' id='word_1_670' title='bbox 3424 4315 3476 4369; x_wconf 88' lang='lat' dir='ltr'><strong>in</strong></span> 
     </span>
    </p>
   </div>
   <div class='ocr_carea' id='block_1_86' title="bbox 1897 4408 3476 4497">
    <p class='ocr_par' dir='ltr' id='par_1_86' title="bbox 1897 4408 3476 4497">
     <span class='ocr_line' id='line_1_86' title="bbox 1897 4408 3476 4497; baseline -0.015 -12"><span class='ocrx_word' id='word_1_671' title='bbox 1897 4429 2122 4489; x_wconf 63' lang='lat' dir='ltr'><strong>divinis.</strong></span> <span class='ocrx_word' id='word_1_672' title='bbox 2152 4425 2515 4497; x_wconf 73' lang='lat' dir='ltr'><strong>egrederetur</strong></span> <span class='ocrx_word' id='word_1_673' title='bbox 2558 4420 2630 4476; x_wconf 87' lang='lat' dir='ltr'><strong>ab</strong></span> <span class='ocrx_word' id='word_1_674' title='bbox 2681 4428 2919 4486; x_wconf 86' lang='lat' dir='ltr'><strong>utroque</strong></span> <span class='ocrx_word' id='word_1_675' title='bbox 2962 4412 3288 4486; x_wconf 83' lang='lat' dir='ltr'><strong>generatio;</strong></span> <span class='ocrx_word' id='word_1_676' title='bbox 3321 4408 3417 4466; x_wconf 89' lang='lat' dir='ltr'><strong>sed</strong></span> <span class='ocrx_word' id='word_1_677' title='bbox 3449 4426 3476 4461; x_wconf 87' lang='lat' dir='ltr'><strong>a</strong></span> 
     </span>
    </p>
   </div>
   <div class='ocr_carea' id='block_1_87' title="bbox 1897 4502 3477 4593">
    <p class='ocr_par' dir='ltr' id='par_1_87' title="bbox 1897 4502 3477 4593">
     <span class='ocr_line' id='line_1_87' title="bbox 1897 4502 3477 4593; baseline -0.018 -13"><span class='ocrx_word' id='word_1_678' title='bbox 1897 4521 2231 4593; x_wconf 78' lang='lat' dir='ltr'><strong>paternitate</strong></span> <span class='ocrx_word' id='word_1_679' title='bbox 2257 4516 2597 4580; x_wconf 77' lang='lat' dir='ltr'><strong>immediate,</strong></span> <span class='ocrx_word' id='word_1_680' title='bbox 2623 4525 2676 4579; x_wconf 83' lang='lat' dir='ltr'><strong>et</strong></span> <span class='ocrx_word' id='word_1_681' title='bbox 2707 4516 2774 4567; x_wconf 89' lang='lat' dir='ltr'><strong>ab</strong></span> <span class='ocrx_word' id='word_1_682' title='bbox 2802 4510 3040 4566; x_wconf 85' lang='lat' dir='ltr'><strong>essentia</strong></span> <span class='ocrx_word' id='word_1_683' title='bbox 3066 4508 3209 4563; x_wconf 82' lang='lat' dir='ltr'><strong>sicut</strong></span> <span class='ocrx_word' id='word_1_684' title='bbox 3243 4520 3271 4558; x_wconf 86' lang='lat' dir='ltr'><strong>a</strong></span> <span class='ocrx_word' id='word_1_685' title='bbox 3298 4502 3477 4573; x_wconf 82' lang='lat' dir='ltr'><strong>primo</strong></span> 
     </span>
    </p>
   </div>
   <div class='ocr_carea' id='block_1_88' title="bbox 208 4595 3476 4685">
    <p class='ocr_par' dir='ltr' id='par_1_88' title="bbox 208 4595 3476 4685">
     <span class='ocr_line' id='line_1_88' title="bbox 208 4595 3476 4685; baseline -0.006 -23"><span class='ocrx_word' id='word_1_686' title='bbox 208 4607 452 4663; x_wconf 81' lang='lat' dir='ltr'><strong>Sanctus</strong></span> <span class='ocrx_word' id='word_1_687' title='bbox 483 4606 749 4670; x_wconf 69' lang='lat' dir='ltr'><strong>Thomas,</strong></span> <span class='ocrx_word' id='word_1_688' title='bbox 804 4607 949 4662; x_wconf 88' lang='lat' dir='ltr'><strong>libro</strong></span> <span class='ocrx_word' id='word_1_689' title='bbox 1000 4622 1075 4672; x_wconf 89' lang='lat' dir='ltr'><strong>tv,</strong></span> <span class='ocrx_word' id='word_1_690' title='bbox 1118 4607 1319 4664; x_wconf 90' lang='lat' dir='ltr'><strong>Contra</strong></span> <span class='ocrx_word' id='word_1_691' title='bbox 1369 4617 1571 4678; x_wconf 81' lang='lat' dir='ltr'><strong>gentes,</strong></span> <span class='ocrx_word' id='word_1_692' title='bbox 1618 4609 1797 4679; x_wconf 86' lang='lat' dir='ltr'><strong>capite</strong></span> <span class='ocrx_word' id='word_1_693' title='bbox 1828 4600 1873 4654; x_wconf 74' lang='grc' dir='ltr'><strong>υ</strong></span> <span class='ocrx_word' id='word_1_694' title='bbox 1898 4614 2200 4685; x_wconf 78' lang='lat' dir='ltr'><strong>principio.</strong></span> <span class='ocrx_word' id='word_1_695' title='bbox 2230 4610 2497 4667; x_wconf 81' lang='lat' dir='ltr'><strong>Similiter</strong></span> <span class='ocrx_word' id='word_1_696' title='bbox 2525 4608 2674 4668; x_wconf 87' lang='lat' dir='ltr'><strong>dico.</strong></span> <span class='ocrx_word' id='word_1_697' title='bbox 2726 4603 2874 4681; x_wconf 76' lang='lat' dir='ltr'><strong>quod</strong></span> <span class='ocrx_word' id='word_1_698' title='bbox 2922 4601 3147 4673; x_wconf 84' lang='lat' dir='ltr'><strong>spiratio</strong></span> <span class='ocrx_word' id='word_1_699' title='bbox 3189 4595 3476 4668; x_wconf 81' lang='lat' dir='ltr'><strong>egreditur</strong></span> 
     </span>
    </p>
   </div>
   <div class='ocr_carea' id='block_1_89' title="bbox 204 4700 1779 4772">
    <p class='ocr_par' dir='ltr' id='par_1_89' title="bbox 204 4700 1779 4772">
     <span class='ocr_line' id='line_1_89' title="bbox 204 4700 1779 4772; baseline -0.001 -13"><span class='ocrx_word' id='word_1_700' title='bbox 204 4700 294 4763; x_wconf 68' lang='lat'><strong>25,</strong></span> <span class='ocrx_word' id='word_1_701' title='bbox 330 4717 489 4756; x_wconf 88' lang='lat' dir='ltr'><strong>num.</strong></span> <span class='ocrx_word' id='word_1_702' title='bbox 523 4702 579 4768; x_wconf 76' lang='lat'><strong>5,</strong></span> <span class='ocrx_word' id='word_1_703' title='bbox 605 4701 750 4757; x_wconf 84' lang='lat' dir='ltr'><strong>lianc</strong></span> <span class='ocrx_word' id='word_1_704' title='bbox 790 4701 993 4757; x_wconf 89' lang='lat' dir='ltr'><strong>refellit</strong></span> <span class='ocrx_word' id='word_1_705' title='bbox 1041 4700 1356 4758; x_wconf 67' lang='lat' dir='ltr'><strong>Griecorum</strong></span> <span class='ocrx_word' id='word_1_706' title='bbox 1389 4702 1779 4772; x_wconf 69' lang='lat' dir='ltr'><strong>obiectionem,</strong></span> 
     </span>
    </p>
   </div>
   <div class='ocr_carea' id='block_1_90' title="bbox 206 4793 1782 4866">
    <p class='ocr_par' dir='ltr' id='par_1_90' title="bbox 206 4793 1782 4866">
     <span class='ocr_line' id='line_1_90' title="bbox 206 4793 1782 4866; baseline 0.002 -19"><span class='ocrx_word' id='word_1_707' title='bbox 206 4794 471 4864; x_wconf 83' lang='lat' dir='ltr'><strong>inquiens</strong></span> <span class='ocrx_word' id='word_1_708' title='bbox 504 4812 520 4849; x_wconf 89' lang='lat'><strong>:</strong></span> <span class='ocrx_word' id='word_1_709' title='bbox 550 4813 570 4847; x_wconf 76' lang='grc' dir='ltr'>ι</span> <span class='ocrx_word' id='word_1_710' title='bbox 602 4794 833 4851; x_wconf 82' lang='lat' dir='ltr'><strong>Joannis</strong></span> <span class='ocrx_word' id='word_1_711' title='bbox 861 4793 1002 4858; x_wconf 77' lang='lat' dir='ltr'><strong>XVI,</strong></span> <span class='ocrx_word' id='word_1_712' title='bbox 1033 4794 1169 4849; x_wconf 86' lang='lat' dir='ltr'><strong>dicit</strong></span> <span class='ocrx_word' id='word_1_713' title='bbox 1219 4793 1392 4851; x_wconf 80' lang='lat' dir='ltr'><strong>Filius</strong></span> <span class='ocrx_word' id='word_1_714' title='bbox 1443 4794 1514 4851; x_wconf 90' lang='lat' dir='ltr'><strong>de</strong></span> <span class='ocrx_word' id='word_1_715' title='bbox 1570 4794 1782 4866; x_wconf 88' lang='lat' dir='ltr'><strong>Spiritu</strong></span> 
     </span>
    </p>
   </div>
   <div class='ocr_carea' id='block_1_91' title="bbox 205 4885 1778 4963">
    <p class='ocr_par' dir='ltr' id='par_1_91' title="bbox 205 4885 1778 4963">
     <span class='ocr_line' id='line_1_91' title="bbox 205 4885 1778 4963; baseline 0 -21"><span class='ocrx_word' id='word_1_716' title='bbox 205 4899 402 4942; x_wconf 81' lang='lat' dir='ltr'><strong>sancto</strong></span> <span class='ocrx_word' id='word_1_717' title='bbox 435 4904 449 4940; x_wconf 90' lang='lat'><strong>:</strong></span> <span class='ocrx_word' id='word_1_718' title='bbox 486 4885 587 4941; x_wconf 82' lang='lat' dir='ltr'><strong>Ille</strong></span> <span class='ocrx_word' id='word_1_719' title='bbox 611 4903 693 4941; x_wconf 90' lang='lat' dir='ltr'><strong>me</strong></span> <span class='ocrx_word' id='word_1_720' title='bbox 734 4887 1073 4953; x_wconf 76' lang='lat' dir='ltr'><strong>etariﬁcabit,</strong></span> <span class='ocrx_word' id='word_1_721' title='bbox 1095 4888 1222 4963; x_wconf 79' lang='lat' dir='ltr'><strong>quia</strong></span> <span class='ocrx_word' id='word_1_722' title='bbox 1261 4889 1327 4942; x_wconf 87' lang='lat' dir='ltr'><strong>de</strong></span> <span class='ocrx_word' id='word_1_723' title='bbox 1372 4904 1487 4943; x_wconf 89' lang='lat' dir='ltr'><strong>meo</strong></span> <span class='ocrx_word' id='word_1_724' title='bbox 1532 4889 1778 4957; x_wconf 82' lang='lat' dir='ltr'><strong>accipiet.</strong></span> 
     </span>
    </p>
   </div>
   <div class='ocr_carea' id='block_1_92' title="bbox 205 4980 1789 5050">
    <p class='ocr_par' dir='ltr' id='par_1_92' title="bbox 205 4980 1789 5050">
     <span class='ocr_line' id='line_1_92' title="bbox 205 4980 1789 5050; baseline -0.001 -15"><span class='ocrx_word' id='word_1_725' title='bbox 205 4996 248 5036; x_wconf 88' lang='lat' dir='ltr'><strong>et</strong></span> <span class='ocrx_word' id='word_1_726' title='bbox 266 4981 620 5035; x_wconf 75' lang='lat' dir='ltr'><strong>annuntiabit</strong></span> <span class='ocrx_word' id='word_1_727' title='bbox 654 4981 817 5034; x_wconf 73' lang='lat' dir='ltr'><strong>vobis.</strong></span> <span class='ocrx_word' id='word_1_728' title='bbox 849 4980 970 5035; x_wconf 82' lang='lat' dir='ltr'><strong>Non</strong></span> <span class='ocrx_word' id='word_1_729' title='bbox 1004 4992 1188 5036; x_wconf 75' lang='lat' dir='ltr'><strong>autem</strong></span> <span class='ocrx_word' id='word_1_730' title='bbox 1235 4991 1418 5050; x_wconf 88' lang='lat' dir='ltr'><strong>potest</strong></span> <span class='ocrx_word' id='word_1_731' title='bbox 1460 4981 1591 5043; x_wconf 88' lang='lat' dir='ltr'><strong>dici,</strong></span> <span class='ocrx_word' id='word_1_732' title='bbox 1642 4982 1789 5050; x_wconf 81' lang='lat' dir='ltr'><strong>quod</strong></span> 
     </span>
    </p>
   </div>
   <div class='ocr_carea' id='block_1_93' title="bbox 206 5073 1794 5147">
    <p class='ocr_par' dir='ltr' id='par_1_93' title="bbox 206 5073 1794 5147">
     <span class='ocr_line' id='line_1_93' title="bbox 206 5073 1794 5147; baseline 0 -18"><span class='ocrx_word' id='word_1_733' title='bbox 206 5077 448 5147; x_wconf 76' lang='lat' dir='ltr'><strong>accipiat</strong></span> <span class='ocrx_word' id='word_1_734' title='bbox 504 5076 560 5130; x_wconf 90' lang='lat' dir='ltr'><strong>id</strong></span> <span class='ocrx_word' id='word_1_735' title='bbox 599 5077 740 5145; x_wconf 80' lang='lat' dir='ltr'><strong>quod</strong></span> <span class='ocrx_word' id='word_1_736' title='bbox 780 5083 857 5130; x_wconf 84' lang='lat' dir='ltr'><strong>est</strong></span> <span class='ocrx_word' id='word_1_737' title='bbox 901 5073 1059 5142; x_wconf 77' lang='lat' dir='ltr'><strong>Filii,</strong></span> <span class='ocrx_word' id='word_1_738' title='bbox 1090 5092 1200 5130; x_wconf 90' lang='lat' dir='ltr'><strong>non</strong></span> <span class='ocrx_word' id='word_1_739' title='bbox 1233 5084 1416 5130; x_wconf 89' lang='lat' dir='ltr'><strong>tamen</strong></span> <span class='ocrx_word' id='word_1_740' title='bbox 1447 5094 1479 5133; x_wconf 89' lang='lat' dir='ltr'><strong>a</strong></span> <span class='ocrx_word' id='word_1_741' title='bbox 1513 5074 1656 5129; x_wconf 84' lang='lat' dir='ltr'><strong>Filio</strong></span> <span class='ocrx_word' id='word_1_742' title='bbox 1687 5091 1705 5130; x_wconf 91' lang='lat'><strong><em>:</em></strong></span> <span class='ocrx_word' id='word_1_743' title='bbox 1734 5084 1794 5129; x_wconf 91' lang='lat' dir='ltr'><strong>ut</strong></span> 
     </span>
    </p>
   </div>
   <div class='ocr_carea' id='block_1_94' title="bbox 207 5169 1787 5239">
    <p class='ocr_par' dir='ltr' id='par_1_94' title="bbox 207 5169 1787 5239">
     <span class='ocr_line' id='line_1_94' title="bbox 207 5169 1787 5239; baseline 0.001 -16"><span class='ocrx_word' id='word_1_744' title='bbox 207 5181 339 5239; x_wconf 81' lang='lat' dir='ltr'><strong>puta</strong></span> <span class='ocrx_word' id='word_1_745' title='bbox 375 5171 422 5223; x_wconf 86' lang='lat' dir='ltr'><strong>si</strong></span> <span class='ocrx_word' id='word_1_746' title='bbox 464 5170 701 5234; x_wconf 87' lang='lat' dir='ltr'><strong>dicatur,</strong></span> <span class='ocrx_word' id='word_1_747' title='bbox 735 5169 883 5239; x_wconf 75' lang='lat' dir='ltr'><strong>quod</strong></span> <span class='ocrx_word' id='word_1_748' title='bbox 932 5170 1169 5237; x_wconf 85' lang='lat' dir='ltr'><strong>accipiat</strong></span> <span class='ocrx_word' id='word_1_749' title='bbox 1197 5171 1485 5224; x_wconf 81' lang='lat' dir='ltr'><strong>essentiam</strong></span> <span class='ocrx_word' id='word_1_750' title='bbox 1531 5169 1787 5235; x_wconf 83' lang='lat' dir='ltr'><strong>divinam,</strong></span> 
     </span>
    </p>
   </div>
   <div class='ocr_carea' id='block_1_95' title="bbox 205 5256 1791 5331">
    <p class='ocr_par' dir='ltr' id='par_1_95' title="bbox 205 5256 1791 5331">
     <span class='ocr_line' id='line_1_95' title="bbox 205 5256 1791 5331; baseline 0.003 -21"><span class='ocrx_word' id='word_1_751' title='bbox 205 5276 333 5328; x_wconf 74' lang='lat' dir='ltr'><strong>qua:</strong></span> <span class='ocrx_word' id='word_1_752' title='bbox 368 5267 454 5312; x_wconf 81' lang='lat' dir='ltr'><strong>est</strong></span> <span class='ocrx_word' id='word_1_753' title='bbox 482 5257 630 5321; x_wconf 80' lang='lat' dir='ltr'><strong>Filii,</strong></span> <span class='ocrx_word' id='word_1_754' title='bbox 660 5275 694 5311; x_wconf 88' lang='lat' dir='ltr'><strong>a</strong></span> <span class='ocrx_word' id='word_1_755' title='bbox 723 5256 906 5313; x_wconf 82' lang='lat' dir='ltr'><strong>Patre.</strong></span> <span class='ocrx_word' id='word_1_756' title='bbox 931 5258 1066 5314; x_wconf 74' lang='lat' dir='ltr'><strong>Nam</strong></span> <span class='ocrx_word' id='word_1_757' title='bbox 1098 5259 1356 5314; x_wconf 84' lang='lat' dir='ltr'><strong>subditur</strong></span> <span class='ocrx_word' id='word_1_758' title='bbox 1386 5278 1401 5315; x_wconf 85' lang='lat'><strong>:</strong></span> <span class='ocrx_word' id='word_1_759' title='bbox 1433 5258 1628 5316; x_wconf 83' lang='lat' dir='ltr'><strong>Omnia</strong></span> <span class='ocrx_word' id='word_1_760' title='bbox 1646 5277 1791 5331; x_wconf 68' lang='lat' dir='ltr'><strong>qius-</strong></span> 
     </span>
    </p>
   </div>
   <div class='ocr_carea' id='block_1_96' title="bbox 206 5334 1789 5421">
    <p class='ocr_par' dir='ltr' id='par_1_96' title="bbox 206 5334 1789 5421">
     <span class='ocr_line' id='line_1_96' title="bbox 206 5334 1789 5421; baseline 0.002 -20"><span class='ocrx_word' id='word_1_761' title='bbox 206 5365 418 5418; x_wconf 75' lang='lat' dir='ltr'><strong>cunque</strong></span> <span class='ocrx_word' id='word_1_762' title='bbox 444 5349 596 5402; x_wconf 80' lang='lat' dir='ltr'><strong>habet</strong></span> <span class='ocrx_word' id='word_1_763' title='bbox 625 5347 808 5414; x_wconf 83' lang='lat' dir='ltr'><strong>Pater,</strong></span> <span class='ocrx_word' id='word_1_764' title='bbox 830 5334 947 5405; x_wconf 69' lang='lat' dir='ltr'><strong>mea</strong></span> <span class='ocrx_word' id='word_1_765' title='bbox 987 5358 1147 5404; x_wconf 86' lang='lat' dir='ltr'><strong>sunt:</strong></span> <span class='ocrx_word' id='word_1_766' title='bbox 1174 5362 1455 5421; x_wconf 83' lang='lat' dir='ltr'><strong>propterea</strong></span> <span class='ocrx_word' id='word_1_767' title='bbox 1485 5352 1599 5405; x_wconf 69' lang='lat' dir='ltr'><strong>dixi</strong></span> <span class='ocrx_word' id='word_1_768' title='bbox 1626 5352 1789 5414; x_wconf 80' lang='lat' dir='ltr'><strong>uobis,</strong></span> 
     </span>
    </p>
   </div>
   <div class='ocr_carea' id='block_1_97' title="bbox 206 5442 1791 5514">
    <p class='ocr_par' dir='ltr' id='par_1_97' title="bbox 206 5442 1791 5514">
     <span class='ocr_line' id='line_1_97' title="bbox 206 5442 1791 5514; baseline 0.004 -20"><span class='ocrx_word' id='word_1_769' title='bbox 206 5446 333 5509; x_wconf 79' lang='lat' dir='ltr'><strong>quia</strong></span> <span class='ocrx_word' id='word_1_770' title='bbox 370 5442 438 5495; x_wconf 86' lang='lat' dir='ltr'><strong>de</strong></span> <span class='ocrx_word' id='word_1_771' title='bbox 483 5459 599 5495; x_wconf 84' lang='lat' dir='ltr'><strong>meo</strong></span> <span class='ocrx_word' id='word_1_772' title='bbox 634 5445 877 5512; x_wconf 80' lang='lat' dir='ltr'><strong>accipiet.</strong></span> <span class='ocrx_word' id='word_1_773' title='bbox 913 5445 971 5497; x_wconf 91' lang='lat' dir='ltr'><strong>Si</strong></span> <span class='ocrx_word' id='word_1_774' title='bbox 1008 5445 1156 5498; x_wconf 86' lang='lat' dir='ltr'><strong>enim</strong></span> <span class='ocrx_word' id='word_1_775' title='bbox 1199 5444 1406 5510; x_wconf 81' lang='lat' dir='ltr'><strong>omnia,</strong></span> <span class='ocrx_word' id='word_1_776' title='bbox 1449 5459 1572 5514; x_wconf 82' lang='lat' dir='ltr'><strong>quae</strong></span> <span class='ocrx_word' id='word_1_777' title='bbox 1610 5445 1791 5501; x_wconf 87' lang='lat' dir='ltr'><strong>Patris</strong></span> 
     </span>
    </p>
   </div>
   <div class='ocr_carea' id='block_1_98' title="bbox 214 5535 1787 5607">
    <p class='ocr_par' dir='ltr' id='par_1_98' title="bbox 214 5535 1787 5607">
     <span class='ocr_line' id='line_1_98' title="bbox 214 5535 1787 5607; baseline 0.003 -19"><span class='ocrx_word' id='word_1_778' title='bbox 214 5546 373 5598; x_wconf 76' lang='lat' dir='ltr'><strong>sunt,</strong></span> <span class='ocrx_word' id='word_1_779' title='bbox 402 5544 459 5588; x_wconf 91' lang='lat' dir='ltr'><strong>et</strong></span> <span class='ocrx_word' id='word_1_780' title='bbox 491 5535 618 5589; x_wconf 81' lang='lat' dir='ltr'><strong>Filii</strong></span> <span class='ocrx_word' id='word_1_781' title='bbox 652 5545 801 5600; x_wconf 87' lang='lat' dir='ltr'><strong>sunt,</strong></span> <span class='ocrx_word' id='word_1_782' title='bbox 834 5547 1053 5607; x_wconf 84' lang='lat' dir='ltr'><strong>oportet</strong></span> <span class='ocrx_word' id='word_1_783' title='bbox 1074 5536 1221 5605; x_wconf 88' lang='lat' dir='ltr'><strong>quod</strong></span> <span class='ocrx_word' id='word_1_784' title='bbox 1249 5539 1549 5593; x_wconf 86' lang='lat' dir='ltr'><strong>auctoritas</strong></span> <span class='ocrx_word' id='word_1_785' title='bbox 1590 5537 1787 5604; x_wconf 82' lang='lat' dir='ltr'><strong>Patris,</strong></span> 
     </span>
    </p>
   </div>
   <div class='ocr_carea' id='block_1_99' title="bbox 207 5628 1785 5699">
    <p class='ocr_par' dir='ltr' id='par_1_99' title="bbox 207 5628 1785 5699">
     <span class='ocr_line' id='line_1_99' title="bbox 207 5628 1785 5699; baseline 0.001 -18"><span class='ocrx_word' id='word_1_786' title='bbox 207 5628 522 5681; x_wconf 68' lang='lat' dir='ltr'><strong>secundum</strong></span> <span class='ocrx_word' id='word_1_787' title='bbox 558 5644 725 5696; x_wconf 81' lang='lat' dir='ltr'><strong>quam</strong></span> <span class='ocrx_word' id='word_1_788' title='bbox 776 5639 861 5683; x_wconf 88' lang='lat' dir='ltr'><strong>est</strong></span> <span class='ocrx_word' id='word_1_789' title='bbox 908 5629 1247 5698; x_wconf 86' lang='lat' dir='ltr'><strong>principium</strong></span> <span class='ocrx_word' id='word_1_790' title='bbox 1300 5630 1539 5699; x_wconf 87' lang='lat' dir='ltr'><strong>Spiritus</strong></span> <span class='ocrx_word' id='word_1_791' title='bbox 1587 5632 1785 5695; x_wconf 82' lang='lat' dir='ltr'><strong>sancti,</strong></span> 
     </span>
    </p>
   </div>
   <div class='ocr_carea' id='block_1_100' title="bbox 205 5719 1789 5792">
    <p class='ocr_par' dir='ltr' id='par_1_100' title="bbox 205 5719 1789 5792">
     <span class='ocr_line' id='line_1_100' title="bbox 205 5719 1789 5792; baseline 0.001 -18"><span class='ocrx_word' id='word_1_792' title='bbox 205 5723 279 5774; x_wconf 73' lang='lat' dir='ltr'><strong>sit</strong></span> <span class='ocrx_word' id='word_1_793' title='bbox 312 5731 374 5773; x_wconf 89' lang='lat' dir='ltr'><strong>et</strong></span> <span class='ocrx_word' id='word_1_794' title='bbox 423 5719 566 5774; x_wconf 76' lang='lat' dir='ltr'><strong>Filii.</strong></span> <span class='ocrx_word' id='word_1_795' title='bbox 601 5721 758 5775; x_wconf 85' lang='lat' dir='ltr'><strong>Sicut</strong></span> <span class='ocrx_word' id='word_1_796' title='bbox 788 5736 920 5789; x_wconf 79' lang='lat' dir='ltr'><strong>crgo</strong></span> <span class='ocrx_word' id='word_1_797' title='bbox 959 5732 1014 5775; x_wconf 89' lang='lat' dir='ltr'><strong>et</strong></span> <span class='ocrx_word' id='word_1_798' title='bbox 1047 5721 1291 5788; x_wconf 86' lang='lat' dir='ltr'><strong>Spiritus</strong></span> <span class='ocrx_word' id='word_1_799' title='bbox 1336 5732 1560 5777; x_wconf 84' lang='lat' dir='ltr'><strong>sanctus</strong></span> <span class='ocrx_word' id='word_1_800' title='bbox 1588 5722 1789 5792; x_wconf 88' lang='lat' dir='ltr'><strong>accipit</strong></span> 
     </span>
    </p>
   </div>
   <div class='ocr_carea' id='block_1_101' title="bbox 210 5810 1786 5885">
    <p class='ocr_par' dir='ltr' id='par_1_101' title="bbox 210 5810 1786 5885">
     <span class='ocr_line' id='line_1_101' title="bbox 210 5810 1786 5885; baseline 0.002 -19"><span class='ocrx_word' id='word_1_801' title='bbox 210 5811 276 5867; x_wconf 75' lang='lat' dir='ltr'><strong>de</strong></span> <span class='ocrx_word' id='word_1_802' title='bbox 306 5828 384 5867; x_wconf 84' lang='lat' dir='ltr'><strong>eo</strong></span> <span class='ocrx_word' id='word_1_803' title='bbox 414 5812 562 5881; x_wconf 86' lang='lat' dir='ltr'><strong>quod</strong></span> <span class='ocrx_word' id='word_1_804' title='bbox 594 5822 681 5866; x_wconf 77' lang='lat' dir='ltr'><strong>est</strong></span> <span class='ocrx_word' id='word_1_805' title='bbox 708 5810 909 5877; x_wconf 77' lang='lat' dir='ltr'><strong>Patris,</strong></span> <span class='ocrx_word' id='word_1_806' title='bbox 944 5828 976 5867; x_wconf 82' lang='lat' dir='ltr'><strong>a</strong></span> <span class='ocrx_word' id='word_1_807' title='bbox 1002 5815 1163 5870; x_wconf 85' lang='lat' dir='ltr'><strong>Patre</strong></span> <span class='ocrx_word' id='word_1_808' title='bbox 1194 5830 1207 5868; x_wconf 89' lang='lat'><strong>:</strong></span> <span class='ocrx_word' id='word_1_809' title='bbox 1248 5815 1323 5870; x_wconf 87' lang='lat' dir='ltr'><strong>ita</strong></span> <span class='ocrx_word' id='word_1_810' title='bbox 1373 5814 1578 5885; x_wconf 88' lang='lat' dir='ltr'><strong>accipit</strong></span> <span class='ocrx_word' id='word_1_811' title='bbox 1616 5814 1685 5871; x_wconf 90' lang='lat' dir='ltr'><strong>de</strong></span> <span class='ocrx_word' id='word_1_812' title='bbox 1718 5830 1786 5870; x_wconf 91' lang='lat' dir='ltr'><strong>eo</strong></span> 
     </span>
    </p>
   </div>
   <div class='ocr_carea' id='block_1_102' title="bbox 207 5906 1780 5976">
    <p class='ocr_par' dir='ltr' id='par_1_102' title="bbox 207 5906 1780 5976">
     <span class='ocr_line' id='line_1_102' title="bbox 207 5906 1780 5976; baseline 0.001 -16"><span class='ocrx_word' id='word_1_813' title='bbox 207 5906 358 5976; x_wconf 77' lang='lat' dir='ltr'><strong>quod</strong></span> <span class='ocrx_word' id='word_1_814' title='bbox 400 5914 483 5962; x_wconf 80' lang='lat' dir='ltr'><strong>est</strong></span> <span class='ocrx_word' id='word_1_815' title='bbox 519 5906 663 5971; x_wconf 81' lang='lat' dir='ltr'><strong>Filii,</strong></span> <span class='ocrx_word' id='word_1_816' title='bbox 697 5923 728 5960; x_wconf 72' lang='grc' dir='ltr'><strong>ει</strong></span> <span class='ocrx_word' id='word_1_817' title='bbox 756 5906 894 5961; x_wconf 81' lang='lat' dir='ltr'><strong>Filio</strong></span> <span class='ocrx_word' id='word_1_818' title='bbox 949 5906 1214 5973; x_wconf 82' lang='lat' dir='ltr'><strong>(divinam</strong></span> <span class='ocrx_word' id='word_1_819' title='bbox 1252 5907 1466 5965; x_wconf 86' lang='lat' dir='ltr'><strong>scilicet</strong></span> <span class='ocrx_word' id='word_1_820' title='bbox 1526 5920 1780 5964; x_wconf 87' lang='lat' dir='ltr'><strong>naturam</strong></span> 
     </span>
    </p>
   </div>
   <div class='ocr_carea' id='block_1_103' title="bbox 1910 4687 3478 4767">
    <p class='ocr_par' dir='ltr' id='par_1_103' title="bbox 1910 4687 3478 4767">
     <span class='ocr_line' id='line_1_103' title="bbox 1910 4687 3478 4767; baseline -0.015 -6"><span class='ocrx_word' id='word_1_821' title='bbox 1910 4704 2244 4763; x_wconf 84' lang='lat' dir='ltr'><strong>abessentia,</strong></span> <span class='ocrx_word' id='word_1_822' title='bbox 2283 4716 2393 4756; x_wconf 82' lang='lat' dir='ltr'><strong>non</strong></span> <span class='ocrx_word' id='word_1_823' title='bbox 2433 4701 2575 4753; x_wconf 76' lang='lat' dir='ltr'><strong>sicut</strong></span> <span class='ocrx_word' id='word_1_824' title='bbox 2610 4714 2640 4751; x_wconf 68' lang='grc' dir='ltr'><strong>τι</strong></span> <span class='ocrx_word' id='word_1_825' title='bbox 2680 4698 2942 4767; x_wconf 86' lang='lat' dir='ltr'><strong>spirante.</strong></span> <span class='ocrx_word' id='word_1_826' title='bbox 2975 4692 3071 4747; x_wconf 85' lang='lat' dir='ltr'><strong>sed</strong></span> <span class='ocrx_word' id='word_1_827' title='bbox 3104 4690 3297 4745; x_wconf 86' lang='lat' dir='ltr'><strong>sicuta</strong></span> <span class='ocrx_word' id='word_1_828' title='bbox 3334 4687 3478 4757; x_wconf 84' lang='lat' dir='ltr'><strong>prin-</strong></span> 
     </span>
    </p>
   </div>
   <div class='ocr_carea' id='block_1_104' title="bbox 1901 4780 3511 4870">
    <p class='ocr_par' dir='ltr' id='par_1_104' title="bbox 1901 4780 3511 4870">
     <span class='ocr_line' id='line_1_104' title="bbox 1901 4780 3511 4870; baseline -0.013 -17"><span class='ocrx_word' id='word_1_829' title='bbox 1901 4801 2038 4870; x_wconf 82' lang='lat' dir='ltr'><strong>cipio</strong></span> <span class='ocrx_word' id='word_1_830' title='bbox 2062 4797 2372 4870; x_wconf 83' lang='lat' dir='ltr'><strong>spirationis</strong></span> <span class='ocrx_word' id='word_1_831' title='bbox 2400 4810 2417 4848; x_wconf 90' lang='lat'><strong><em>:</em></strong></span> <span class='ocrx_word' id='word_1_832' title='bbox 2444 4795 2498 4847; x_wconf 88' lang='lat' dir='ltr'><strong>in</strong></span> <span class='ocrx_word' id='word_1_833' title='bbox 2528 4804 2795 4863; x_wconf 79' lang='lat' dir='ltr'><strong>quantum</strong></span> <span class='ocrx_word' id='word_1_834' title='bbox 2840 4790 3007 4843; x_wconf 80' lang='lat' dir='ltr'><strong>liabet</strong></span> <span class='ocrx_word' id='word_1_835' title='bbox 3065 4785 3339 4840; x_wconf 85' lang='lat' dir='ltr'><strong>rationein</strong></span> <span class='ocrx_word' id='word_1_836' title='bbox 3377 4780 3478 4834; x_wconf 84' lang='lat' dir='ltr'><strong>ali-</strong></span> <span class='ocrx_word' id='word_1_837' title='bbox 3507 4862 3511 4867; x_wconf 22' lang='lat'><strong><em>&#39;</em></strong></span> 
     </span>
    </p>
   </div>
   <div class='ocr_carea' id='block_1_105' title="bbox 1899 4874 3477 4962">
    <p class='ocr_par' dir='ltr' id='par_1_105' title="bbox 1899 4874 3477 4962">
     <span class='ocr_line' id='line_1_105' title="bbox 1899 4874 3477 4962; baseline -0.014 -15"><span class='ocrx_word' id='word_1_838' title='bbox 1899 4893 2062 4962; x_wconf 68' lang='lat' dir='ltr'><strong>cuius</strong></span> <span class='ocrx_word' id='word_1_839' title='bbox 2092 4888 2372 4953; x_wconf 80' lang='lat' dir='ltr'><strong>notionis,</strong></span> <span class='ocrx_word' id='word_1_840' title='bbox 2406 4902 2527 4956; x_wconf 77' lang='lat' dir='ltr'><strong>qua:</strong></span> <span class='ocrx_word' id='word_1_841' title='bbox 2563 4894 2649 4941; x_wconf 74' lang='lat' dir='ltr'><strong>est</strong></span> <span class='ocrx_word' id='word_1_842' title='bbox 2691 4880 3004 4938; x_wconf 81' lang='lat' dir='ltr'><strong>communis</strong></span> <span class='ocrx_word' id='word_1_843' title='bbox 3029 4877 3179 4935; x_wconf 80' lang='lat' dir='ltr'><strong>Patri</strong></span> <span class='ocrx_word' id='word_1_844' title='bbox 3224 4885 3279 4931; x_wconf 91' lang='lat' dir='ltr'><strong>ct</strong></span> <span class='ocrx_word' id='word_1_845' title='bbox 3317 4874 3477 4935; x_wconf 75' lang='lat' dir='ltr'><strong>Filio,</strong></span> 
     </span>
    </p>
   </div>
   <div class='ocr_carea' id='block_1_106' title="bbox 1907 4968 3480 5053">
    <p class='ocr_par' dir='ltr' id='par_1_106' title="bbox 1907 4968 3480 5053">
     <span class='ocr_line' id='line_1_106' title="bbox 1907 4968 3480 5053; baseline -0.015 -14"><span class='ocrx_word' id='word_1_846' title='bbox 1907 4999 2029 5053; x_wconf 68' lang='lat' dir='ltr'><strong>quae</strong></span> <span class='ocrx_word' id='word_1_847' title='bbox 2064 4982 2268 5038; x_wconf 85' lang='lat' dir='ltr'><strong>dicitur</strong></span> <span class='ocrx_word' id='word_1_848' title='bbox 2294 4978 2585 5034; x_wconf 80' lang='lat' dir='ltr'><strong>communis</strong></span> <span class='ocrx_word' id='word_1_849' title='bbox 2608 4976 2853 5050; x_wconf 85' lang='lat' dir='ltr'><strong>spiratio.</strong></span> <span class='ocrx_word' id='word_1_850' title='bbox 2892 4972 2950 5027; x_wconf 85' lang='lat' dir='ltr'><strong>El</strong></span> <span class='ocrx_word' id='word_1_851' title='bbox 2982 4972 3057 5026; x_wconf 87' lang='lat' dir='ltr'><strong>ita</strong></span> <span class='ocrx_word' id='word_1_852' title='bbox 3090 4968 3349 5035; x_wconf 85' lang='lat' dir='ltr'><strong>spirativa</strong></span> <span class='ocrx_word' id='word_1_853' title='bbox 3385 4982 3480 5036; x_wconf 84' lang='lat' dir='ltr'><strong>po-</strong></span> 
     </span>
    </p>
   </div>
   <div class='ocr_carea' id='block_1_107' title="bbox 1910 5060 3481 5131">
    <p class='ocr_par' dir='ltr' id='par_1_107' title="bbox 1910 5060 3481 5131">
     <span class='ocr_line' id='line_1_107' title="bbox 1910 5060 3481 5131; baseline -0.011 -2"><span class='ocrx_word' id='word_1_854' title='bbox 1910 5074 2079 5131; x_wconf 84' lang='lat' dir='ltr'><strong>tentia</strong></span> <span class='ocrx_word' id='word_1_855' title='bbox 2107 5073 2243 5129; x_wconf 88' lang='lat' dir='ltr'><strong>dicit</strong></span> <span class='ocrx_word' id='word_1_856' title='bbox 2270 5070 2572 5127; x_wconf 83' lang='lat' dir='ltr'><strong>essentiam</strong></span> <span class='ocrx_word' id='word_1_857' title='bbox 2616 5068 2720 5125; x_wconf 90' lang='lat' dir='ltr'><strong>sub</strong></span> <span class='ocrx_word' id='word_1_858' title='bbox 2762 5065 2977 5121; x_wconf 82' lang='lat' dir='ltr'><strong>ratione</strong></span> <span class='ocrx_word' id='word_1_859' title='bbox 3015 5062 3137 5118; x_wconf 78' lang='lat' dir='ltr'><strong>talis</strong></span> <span class='ocrx_word' id='word_1_860' title='bbox 3177 5060 3481 5131; x_wconf 77' lang='lat' dir='ltr'><strong>proprieta~</strong></span> 
     </span>
    </p>
   </div>
   <div class='ocr_carea' id='block_1_108' title="bbox 1900 5156 3476 5233">
    <p class='ocr_par' dir='ltr' id='par_1_108' title="bbox 1900 5156 3476 5233">
     <span class='ocr_line' id='line_1_108' title="bbox 1900 5156 3476 5233; baseline -0.013 -8"><span class='ocrx_word' id='word_1_861' title='bbox 1900 5168 1992 5225; x_wconf 82' lang='lat' dir='ltr'><strong>tis.</strong></span> <span class='ocrx_word' id='word_1_862' title='bbox 2025 5167 2093 5223; x_wconf 85' lang='lat' dir='ltr'><strong>Et</strong></span> <span class='ocrx_word' id='word_1_863' title='bbox 2121 5166 2243 5221; x_wconf 86' lang='lat' dir='ltr'><strong>ideo</strong></span> <span class='ocrx_word' id='word_1_864' title='bbox 2273 5164 2419 5231; x_wconf 90' lang='lat' dir='ltr'><strong>dico,</strong></span> <span class='ocrx_word' id='word_1_865' title='bbox 2449 5161 2595 5232; x_wconf 84' lang='lat' dir='ltr'><strong>quod</strong></span> <span class='ocrx_word' id='word_1_866' title='bbox 2629 5158 2882 5233; x_wconf 84' lang='lat' dir='ltr'><strong>procedit</strong></span> <span class='ocrx_word' id='word_1_867' title='bbox 2917 5156 3163 5228; x_wconf 87' lang='lat' dir='ltr'><strong>Spiritus</strong></span> <span class='ocrx_word' id='word_1_868' title='bbox 3191 5164 3415 5208; x_wconf 87' lang='lat' dir='ltr'><strong>sanctus</strong></span> <span class='ocrx_word' id='word_1_869' title='bbox 3445 5167 3476 5204; x_wconf 87' lang='lat' dir='ltr'><strong>a</strong></span> 
     </span>
    </p>
   </div>
   <div class='ocr_carea' id='block_1_109' title="bbox 1900 5243 3473 5321">
    <p class='ocr_par' dir='ltr' id='par_1_109' title="bbox 1900 5243 3473 5321">
     <span class='ocr_line' id='line_1_109' title="bbox 1900 5243 3473 5321; baseline -0.01 -12"><span class='ocrx_word' id='word_1_870' title='bbox 1900 5256 2086 5321; x_wconf 87' lang='lat' dir='ltr'><strong>Patre,</strong></span> <span class='ocrx_word' id='word_1_871' title='bbox 2112 5262 2168 5308; x_wconf 92' lang='lat' dir='ltr'><strong>et</strong></span> <span class='ocrx_word' id='word_1_872' title='bbox 2201 5253 2337 5308; x_wconf 81' lang='lat' dir='ltr'><strong>Filio</strong></span> <span class='ocrx_word' id='word_1_873' title='bbox 2368 5272 2381 5305; x_wconf 88' lang='lat'><strong>:</strong></span> <span class='ocrx_word' id='word_1_874' title='bbox 2407 5252 2461 5305; x_wconf 90' lang='lat' dir='ltr'><strong>in</strong></span> <span class='ocrx_word' id='word_1_875' title='bbox 2494 5262 2763 5321; x_wconf 83' lang='lat' dir='ltr'><strong>quantum</strong></span> <span class='ocrx_word' id='word_1_876' title='bbox 2797 5258 2926 5304; x_wconf 89' lang='lat' dir='ltr'><strong>sunt</strong></span> <span class='ocrx_word' id='word_1_877' title='bbox 2953 5264 3115 5301; x_wconf 87' lang='lat' dir='ltr'><strong>unum</strong></span> <span class='ocrx_word' id='word_1_878' title='bbox 3143 5245 3198 5297; x_wconf 89' lang='lat' dir='ltr'><strong>in</strong></span> <span class='ocrx_word' id='word_1_879' title='bbox 3222 5243 3473 5304; x_wconf 74' lang='lat' dir='ltr'><strong>essentia,</strong></span> 
     </span>
    </p>
   </div>
   <div class='ocr_carea' id='block_1_110' title="bbox 1898 5337 3468 5416">
    <p class='ocr_par' dir='ltr' id='par_1_110' title="bbox 1898 5337 3468 5416">
     <span class='ocr_line' id='line_1_110' title="bbox 1898 5337 3468 5416; baseline -0.013 -10"><span class='ocrx_word' id='word_1_880' title='bbox 1898 5361 1948 5406; x_wconf 87' lang='lat' dir='ltr'><strong>et</strong></span> <span class='ocrx_word' id='word_1_881' title='bbox 1979 5353 2032 5404; x_wconf 91' lang='lat' dir='ltr'><strong>in</strong></span> <span class='ocrx_word' id='word_1_882' title='bbox 2055 5349 2234 5416; x_wconf 85' lang='lat' dir='ltr'><strong>aliqua</strong></span> <span class='ocrx_word' id='word_1_883' title='bbox 2259 5346 2493 5408; x_wconf 88' lang='lat' dir='ltr'><strong>notione,</strong></span> <span class='ocrx_word' id='word_1_884' title='bbox 2524 5347 2739 5400; x_wconf 86' lang='lat' dir='ltr'><strong>scilicet</strong></span> <span class='ocrx_word' id='word_1_885' title='bbox 2769 5341 3048 5399; x_wconf 90' lang='lat' dir='ltr'><strong>communi</strong></span> <span class='ocrx_word' id='word_1_886' title='bbox 3074 5337 3397 5410; x_wconf 90' lang='lat' dir='ltr'><strong>spiratione.</strong></span> <span class='ocrx_word' id='word_1_887' title='bbox 3450 5353 3468 5385; x_wconf 71' lang='grc' dir='ltr'>δ</span> 
     </span>
    </p>
   </div>
   <div class='ocr_carea' id='block_1_111' title="bbox 1899 5428 3476 5500">
    <p class='ocr_par' dir='ltr' id='par_1_111' title="bbox 1899 5428 3476 5500">
     <span class='ocr_line' id='line_1_111' title="bbox 1899 5428 3476 5500; baseline -0.01 -5"><span class='ocrx_word' id='word_1_888' title='bbox 1899 5442 1974 5496; x_wconf 84' lang='lat' dir='ltr'><strong>Ita</strong></span> <span class='ocrx_word' id='word_1_889' title='bbox 2003 5442 2213 5496; x_wconf 89' lang='lat' dir='ltr'><strong>scilicet</strong></span> <span class='ocrx_word' id='word_1_890' title='bbox 2240 5438 2446 5492; x_wconf 80' lang='lat' dir='ltr'><strong>Bcccus</strong></span> <span class='ocrx_word' id='word_1_891' title='bbox 2474 5439 2600 5493; x_wconf 88' lang='lat' dir='ltr'><strong>loco</strong></span> <span class='ocrx_word' id='word_1_892' title='bbox 2635 5437 2805 5493; x_wconf 85' lang='lat' dir='ltr'><strong>citato</strong></span> <span class='ocrx_word' id='word_1_893' title='bbox 2842 5452 2960 5491; x_wconf 86' lang='lat' dir='ltr'><strong>rem</strong></span> <span class='ocrx_word' id='word_1_894' title='bbox 3008 5434 3152 5489; x_wconf 87' lang='lat' dir='ltr'><strong>hanc</strong></span> <span class='ocrx_word' id='word_1_895' title='bbox 3201 5428 3476 5500; x_wconf 80' lang='lat' dir='ltr'><strong>intellige-</strong></span> 
     </span>
    </p>
   </div>
   <div class='ocr_carea' id='block_1_112' title="bbox 1896 5532 2480 5602">
    <p class='ocr_par' dir='ltr' id='par_1_112' title="bbox 1896 5532 2480 5602">
     <span class='ocr_line' id='line_1_112' title="bbox 1896 5532 2480 5602; baseline -0.01 -10"><span class='ocrx_word' id='word_1_896' title='bbox 1896 5536 2011 5599; x_wconf 87' lang='lat' dir='ltr'><strong>bat,</strong></span> <span class='ocrx_word' id='word_1_897' title='bbox 2033 5532 2480 5602; x_wconf 77' lang='lat' dir='ltr'><strong>exponebatque.</strong></span> 
     </span>
    </p>
   </div>
   <div class='ocr_carea' id='block_1_113' title="bbox 1971 5617 3477 5699">
    <p class='ocr_par' dir='ltr' id='par_1_113' title="bbox 1971 5617 3477 5699">
     <span class='ocr_line' id='line_1_113' title="bbox 1971 5617 3477 5699; baseline -0.007 -18"><span class='ocrx_word' id='word_1_898' title='bbox 1971 5627 2046 5699; x_wconf 68' lang='grc'><strong>(4)</strong></span> <span class='ocrx_word' id='word_1_899' title='bbox 2094 5626 2268 5680; x_wconf 84' lang='lat' dir='ltr'><strong>Multa</strong></span> <span class='ocrx_word' id='word_1_900' title='bbox 2304 5630 2428 5676; x_wconf 87' lang='lat' dir='ltr'><strong>sunt</strong></span> <span class='ocrx_word' id='word_1_901' title='bbox 2469 5623 2636 5688; x_wconf 87' lang='lat' dir='ltr'><strong>illius,</strong></span> <span class='ocrx_word' id='word_1_902' title='bbox 2665 5638 2727 5677; x_wconf 77' lang='lat' dir='ltr'><strong>ea:</strong></span> <span class='ocrx_word' id='word_1_903' title='bbox 2765 5620 2965 5691; x_wconf 86' lang='lat' dir='ltr'><strong>aliqua,</strong></span> <span class='ocrx_word' id='word_1_904' title='bbox 3006 5618 3378 5691; x_wconf 82' lang='lat' dir='ltr'><strong>signiﬁcata...</strong></span> <span class='ocrx_word' id='word_1_905' title='bbox 3405 5617 3477 5671; x_wconf 86' lang='lat' dir='ltr'><strong>si-</strong></span> 
     </span>
    </p>
   </div>
   <div class='ocr_carea' id='block_1_114' title="bbox 1894 5713 3476 5794">
    <p class='ocr_par' dir='ltr' id='par_1_114' title="bbox 1894 5713 3476 5794">
     <span class='ocr_line' id='line_1_114' title="bbox 1894 5713 3476 5794; baseline -0.008 -19"><span class='ocrx_word' id='word_1_906' title='bbox 1894 5721 2111 5794; x_wconf 81' lang='lat' dir='ltr'><strong>gniﬁcat</strong></span> <span class='ocrx_word' id='word_1_907' title='bbox 2147 5720 2290 5775; x_wconf 84' lang='lat' dir='ltr'><strong>enim</strong></span> <span class='ocrx_word' id='word_1_908' title='bbox 2327 5719 2381 5774; x_wconf 89' lang='lat' dir='ltr'><strong>id</strong></span> <span class='ocrx_word' id='word_1_909' title='bbox 2407 5717 2545 5789; x_wconf 82' lang='lat' dir='ltr'><strong>quod</strong></span> <span class='ocrx_word' id='word_1_910' title='bbox 2581 5732 2647 5770; x_wconf 75' lang='lat' dir='ltr'><strong>ea:</strong></span> <span class='ocrx_word' id='word_1_911' title='bbox 2694 5714 2875 5784; x_wconf 79' lang='lat' dir='ltr'><strong>aliqua</strong></span> <span class='ocrx_word' id='word_1_912' title='bbox 2924 5713 3182 5775; x_wconf 75' lang='lat' dir='ltr'><strong>subsistit,</strong></span> <span class='ocrx_word' id='word_1_913' title='bbox 3214 5726 3262 5765; x_wconf 83' lang='lat' dir='ltr'><strong>et</strong></span> <span class='ocrx_word' id='word_1_914' title='bbox 3296 5726 3476 5765; x_wconf 87' lang='lat' dir='ltr'><strong>essen-</strong></span> 
     </span>
    </p>
   </div>
   <div class='ocr_carea' id='block_1_115' title="bbox 1898 5801 3476 5881">
    <p class='ocr_par' dir='ltr' id='par_1_115' title="bbox 1898 5801 3476 5881">
     <span class='ocr_line' id='line_1_115' title="bbox 1898 5801 3476 5881; baseline -0.01 -13"><span class='ocrx_word' id='word_1_915' title='bbox 1898 5815 2025 5868; x_wconf 85' lang='lat' dir='ltr'><strong>tiam</strong></span> <span class='ocrx_word' id='word_1_916' title='bbox 2054 5813 2463 5881; x_wconf 73' lang='lat' dir='ltr'><strong>consequitur...</strong></span> <span class='ocrx_word' id='word_1_917' title='bbox 2494 5808 2660 5864; x_wconf 88' lang='lat' dir='ltr'><strong>Natat</strong></span> <span class='ocrx_word' id='word_1_918' title='bbox 2704 5807 2865 5859; x_wconf 85' lang='lat' dir='ltr'><strong>etiam</strong></span> <span class='ocrx_word' id='word_1_919' title='bbox 2908 5819 2969 5858; x_wconf 76' lang='lat' dir='ltr'><strong>ea:</strong></span> <span class='ocrx_word' id='word_1_920' title='bbox 3017 5801 3476 5858; x_wconf 78' lang='lat' dir='ltr'><strong>Consubstuntiuli</strong></span> 
     </span>
    </p>
   </div>
   <div class='ocr_carea' id='block_1_116' title="bbox 1897 5895 3473 5976">
    <p class='ocr_par' dir='ltr' id='par_1_116' title="bbox 1897 5895 3473 5976">
     <span class='ocr_line' id='line_1_116' title="bbox 1897 5895 3473 5976; baseline -0.01 -14"><span class='ocrx_word' id='word_1_921' title='bbox 1897 5907 2407 5976; x_wconf 76' lang='lat' dir='ltr'><strong>manifestationem,</strong></span> <span class='ocrx_word' id='word_1_922' title='bbox 2443 5911 2491 5960; x_wconf 85' lang='lat' dir='ltr'><strong>et</strong></span> <span class='ocrx_word' id='word_1_923' title='bbox 2521 5900 2677 5974; x_wconf 82' lang='lat' dir='ltr'><strong>quasi</strong></span> <span class='ocrx_word' id='word_1_924' title='bbox 2711 5900 3050 5955; x_wconf 81' lang='lat' dir='ltr'><strong>ostensionent</strong></span> <span class='ocrx_word' id='word_1_925' title='bbox 3082 5915 3095 5951; x_wconf 92' lang='lat'>:</span> <span class='ocrx_word' id='word_1_926' title='bbox 3129 5913 3233 5968; x_wconf 83' lang='lat' dir='ltr'><strong>qua</strong></span> <span class='ocrx_word' id='word_1_927' title='bbox 3267 5895 3473 5949; x_wconf 80' lang='lat' dir='ltr'><strong>ratione</strong></span> 
     </span>
    </p>
   </div>
  </div>
