3858 6538
360 410 425 478 91
1294 405 1626 468 GEORGII
1669 403 1932 466 CYPliil
1971 404 2090 465 (1P.
2133 401 2649 464 PATRIARCHAZ
3550 398 3621 458 (‘2

361 531 610 595 dicimur,
650 528 930 585 Dominum
967 538 1220 584 naturam
1263 545 1326 582 ex
1377 527 1519 582 nobis
1562 525 1928 594 assumpsisse,
1965 533 2005 579 tt
2037 515 2188 579 dent.
2221 515 2490 586 quidquid
2546 531 2610 570 ea:
2650 513 2813 568 Patre
2868 527 2961 582 per
3021 507 3214 564 Filium
3275 506 3504 572 dicitur,
3563 521 3629 560 ex

365 635 460 676 aut
488 625 630 675 nobis
654 621 1178 677 consubstantialem.
1215 640 1233 673 ι
1261 621 1465 678 Verum
1493 621 1780 676 enimvero
1803 618 1939 690 quid

363 728 429 766 ex
451 714 628 785 aliquo
657 718 988 796 essentiatem
1015 715 1416 786 productionem
1445 715 1625 785 aptius
1650 727 1941 783 reprwscn-

365 806 498 860 tabit
528 809 942 874 (manifestabit,
984 810 1284 881 ostendet).
1343 809 1447 863 nisi
1503 808 1635 862 illud
1670 807 1940 879 (nempe),

367 899 462 953 hoc
490 903 619 970 quid
647 918 712 957 ex
750 904 853 958 hoc
897 906 1220 959 naturaliter
1249 905 1540 967 exsistere,
1580 913 1633 958 et
1666 904 1936 957 essentia-

363 992 528 1048 liter?
560 996 826 1051 l‘rreterea
877 1006 972 1052 aut
1018 1013 1312 1054 commune
1351 1008 1435 1052 est
1473 996 1619 1050 Patri
1664 1005 1720 1051 et
1775 995 1935 1061 Filio,

366 1087 704 1143 tnanifestari
741 1100 796 1144 et
823 1091 1039 1146 ostendi
1086 1107 1150 1145 ex
1199 1102 1432 1160 utroque
1487 1091 1754 1157 S;-i-~'itum
1806 1105 1935 1143 san.-

363 1187 511 1232 ctutn
539 1197 551 1243 ;
581 1198 680 1236 cur
706 1199 813 1236 non
840 1185 1003 1238 etiam
1039 1187 1254 1254 utrique
1287 1200 1581 1238 commune
1604 1184 1791 1246 fuerit
1817 1182 1939 1252 δρί-

365 1272 530 1324 ritum
561 1285 811 1328 sanctum
841 1292 905 1328 ex
933 1286 1170 1345 utroque
1194 1278 1522 1340 subsistere,
1548 1288 1603 1331 et
1631 1275 1940 1332 exsistere?

360 1366 472 1422 Aut
502 1368 838 1424 subsistentli
861 1379 914 1422 et
938 1371 1242 1425 exsistendi
1275 1372 1558 1425 notionem
1586 1371 1628 1425 si
1658 1372 1837 1425 solum
1869 1370 1936 1424 ad

363 1457 579 1512 Patrem
617 1460 856 1526 referas;
887 1477 986 1516 cur
1013 1464 1180 1517 etiam
1212 1465 1546 1518 ostendendi
1583 1473 1640 1518 et
1699 1463 1935 1517 manife-

361 1552 541 1606 standi
577 1553 858 1609 notionem
909 1554 1013 1610 soli
1063 1557 1204 1612 Filio
1236 1573 1344 1612 non
1391 1556 1653 1611 addicas?
1685 1558 1789 1612 Sed
1825 1573 1935 1612 non

359 1646 697 1699 concedes...
727 1647 974 1718 Denique
995 1664 1061 1703 ex
1094 1659 1283 1704 nostra
1319 1661 1515 1705 natura
1540 1651 1686 1706 tacta
1714 1649 1935 1704 Domini

358 1739 731 1794 nianiiestatio
769 1782 783 1804 ,
841 1749 897 1796 et
951 1745 1196 1800 ostensio
1254 1759 1482 1815 prorsus
1545 1746 1728 1801 innuit
1788 1747 1938 1802 illius

357 1831 738 1887 exsistentiam
776 1841 1078 1891 secundum
1119 1839 1470 1896 hominem...
1501 1834 1628 1896 llaic
1660 1842 1847 1911 itaque
1884 1842 1931 1896 si

361 1921 438 1977 ita
469 1940 526 1980 se
562 1927 797 1992 habent;
831 1932 998 1985 etiam
1021 1948 1085 1986 ex
1114 1933 1253 1987 Filio
1291 1934 1536 2004 Spiritus
1559 1934 1936 1989 tnanifestatio

356 2028 414 2072 et
451 2021 695 2074 ostensio
739 2025 1155 2092 re-praesenta-bit
1187 2027 1310 2097 ejus
1355 2042 1424 2082 ex
1465 2027 1604 2083 FlllO
1653 2029 1935 2083 exsisten-

357 2113 510 2166 tiam.
564 2134 581 2166 ι
623 2115 925 2184 Superiore
980 2122 1161 2190 capite
1219 2137 1373 2178 num.
1410 2125 1443 2178 5
1514 2125 1616 2194 (l),
1671 2125 1937 2180 nonnulla

357 2208 581 2264 Patrum
617 2213 930 2267 testimonia
962 2215 1347 2278 indicavimus.
1373 2218 1577 2288 quibus
1609 2219 1936 2274 Divinarum

356 2317 724 2370 personarum
773 2309 1156 2364 crnmationes
1186 2311 1540 2379 appellantur
1586 2313 1929 2384 eﬂ'ulgentiar,

353 2396 840 2465 expleudescemite,
875 2417 1072 2471 nempe
1113 2407 1456 2468 ostensiones,
1497 2415 1553 2459 et
1609 2406 1928 2476 manifesta.

357 2490 543 2543 tiones.
574 2489 713 2546 Hinc
733 2494 1196 2563 frequentissima;
1221 2499 1327 2568 81
1361 2499 1585 2564 Patrum
1617 2501 1933 2563 sententiae,

355 2599 480 2650 qua!
513 2595 625 2638 tum
667 2584 938 2654 Verbum,
977 2598 1091 2644 tum
1129 2591 1398 2661 Spiritum
1447 2603 1698 2648 sanctum
1737 2602 1939 2648 vocant

356 2676 588 2742 lumina,
630 2680 921 2750 imagines.
954 2684 1130 2754 sigilla
1155 2725 1168 2748 ,
1205 2685 1583 2750 characteres,
1614 2703 1679 2742 ac
1710 2688 1883 2742 iacies
1919 2704 1934 2742 :

361 2770 545 2825 Patris
583 2773 774 2843 utique
807 2774 1008 2831 Filium
1031 2820 1046 2843 ,
1079 2789 1137 2832 et
1167 2778 1290 2834 Filii
1334 2779 1604 2850 Spiritum
1658 2791 1935 2836 sanctum.

359 2864 698 2919 Germanum
749 2867 995 2924 declarat
1039 2886 1263 2927 sensum
1310 2882 1536 2929 sanctus
1585 2874 1826 2929 Thomas
1882 2876 1934 2929 in

359 2954 639 3027 Opusculo
675 2959 717 3022 l,
762 2969 950 3015 contra
989 2977 1206 3019 errores
1243 2963 1582 3019 Griecorum.

428 3051 505 3122 (5)
539 3051 620 3106 Ea:
654 3062 810 3124 patre
832 3054 1063 3125 Cyillus
1119 3057 1320 3122 scribit,
1386 3056 1642 3128 Spiritum
1693 3057 1938 3128 progredi

357 3144 518 3199 ueluti
547 3161 749 3207 exere.
775 3155 825 3202 et
860 3148 1001 3218 fonte
1041 3148 1224 3204 Patre.
1260 3150 1385 3206 Hinc
1416 3167 1550 3206 vero
1613 3161 1765 3216 sunt,
1814 3169 1936 3223 qua:

359 3239 600 3308 Spiritus
663 3241 838 3294 sancti
902 3255 1312 3310 processtonem
1363 3244 1530 3300 etiam
1585 3260 1616 3298 a
1669 3245 1809 3300 Filio
1837 3244 1935 3301 de-

357 3344 689 3390 monstrant.
725 3353 742 3386 s
771 3334 986 3390 Etenim
1025 3335 1190 3407 siqui
1235 3353 1304 3393 ex
1333 3353 1429 3393 ore
1477 3338 1660 3394 Patris
1713 3355 1934 3410 progre-

357 3425 511 3480 ditur
540 3427 804 3495 Spiritus,
835 3437 890 3482 ct
930 3428 1093 3484 Pater
1127 3444 1190 3486 os
1219 3434 1292 3486 sit
1320 3445 1338 3492 :
1369 3445 1436 3485 ex
1463 3432 1623 3487 Patre
1653 3431 1932 3488 exsisten-

356 3520 488 3574 tiam
517 3520 704 3584 habet,
735 3531 986 3592 apertum
1041 3535 1316 3591 remanet,
1358 3525 1626 3592 Spiritum
1655 3535 1934 3592 sanctum,

355 3616 450 3684 qui
482 3614 716 3686 Spiritus
751 3618 833 3672 ori
869 3617 966 3673 Dei
989 3618 1218 3686 dicitur,
1257 3635 1324 3674 ex
1360 3620 1500 3676 Filio
1537 3635 1660 3676 esse
1687 3631 1742 3676 et
1792 3623 1936 3678 exsi-

358 3710 614 3763 stcntiam
675 3709 880 3766 habere
909 3748 925 3765 .
957 3750 972 3764 .
1010 3753 1025 3767 .
1097 3711 1152 3767 Si
1211 3727 1339 3767 vero
1393 3713 1519 3782 quia
1552 3715 1669 3782 fons
1703 3713 1936 3786 Spiritus

355 3810 441 3857 est
470 3801 653 3872 Pater,
686 3813 976 3874 propterea
1006 3821 1071 3861 ex
1109 3805 1269 3860 Patre
1307 3804 1551 3875 Spiritus
1601 3819 1726 3863 est:
1765 3825 1936 3879 quare

354 3910 468 3950 non
503 3905 558 3951 et
583 3913 612 3952 a
648 3895 810 3964 Filio,
842 3915 968 3954 cum
1019 3896 1224 3955 eaedem
1261 3899 1559 3968 Scriptura:
1586 3901 1936 3973 (Fat-resque)

356 3989 560 4060 [autent
611 3991 859 4062 ejusdem
907 3992 1150 4064 Spiritus
1209 3989 1415 4048 Filium
1469 3993 1931 4065 depraedicantts

356 4081 570 4140 Praesto
598 4095 728 4139 sum
757 4085 944 4158 Cyrilli
977 4101 1008 4142 a
1036 4085 1238 4158 Cyprio
1277 4086 1480 4144 laudati
1512 4086 1843 4142 testimonia.
1886 4086 1938 4143 Is

357 4176 510 4233 enim
551 4177 701 4234 libro
757 4177 813 4233 in
847 4178 1078 4236 Joannis
1101 4179 1448 4252 evangelium
1481 4177 1550 4234 ad
1597 4177 1815 4250 septimi
1849 4193 1938 4235 ca-

353 4269 486 4342 pitis
510 4285 720 4327 comma
737 4269 828 4339 58,
852 4270 1132 4329 Christum
1162 4287 1282 4330 esse
1313 4272 1507 4342 fontem
1536 4271 1718 4338 docet,
1736 4281 1793 4327 et
1808 4269 1938 4343 Spi-

356 4365 530 4422 ritum
560 4375 811 4422 sanctum
839 4381 1035 4436 aquam
1055 4367 1477 4438 interpretatur:
1498 4366 1664 4436 idque
1692 4364 1761 4420 ad
1789 4365 1936 4436 ejus-

360 4455 486 4512 dem
543 4457 718 4511 sancti
776 4455 1015 4526 Spiritus
1078 4465 1331 4512 naturam
1389 4454 1738 4512 referendum
1790 4469 1934 4522 esse,

357 4549 821 4622 atlnotatdialogo
847 4565 940 4616 vn,
966 4549 1036 4606 de
1064 4559 1250 4606 sancta
1273 4549 1539 4606 Trinitate
1571 4549 1719 4606 circa
1743 4549 1930 4606 linem.

357 4643 512 4700 Alios
532 4653 824 4700 enumerat
846 4642 1038 4699 Patres
1055 4641 1314 4698 Petavius
1333 4641 1478 4698 libro
1497 4644 1798 4713 m,cap.l.
1817 4642 1935 4714 qui-

359 4735 467 4792 bus
491 4736 524 4790 ii
550 4734 880 4791 aceensendi
899 4743 1048 4800 sunt,
1068 4734 1160 4806 qui
1179 4732 1418 4804 Spiritus
1436 4733 1611 4790 sancti
1631 4734 1937 4804 processio-

357 4845 480 4886 nem
510 4845 540 4886 a
575 4829 735 4886 Patre
764 4838 819 4884 et
844 4843 874 4884 a
900 4827 1041 4884 Filio
1069 4828 1255 4883 verbis
1276 4828 1600 4893 declarant,
1635 4842 1759 4898 qua:
1781 4842 1939 4898 aqua:

356 4925 425 4980 de
450 4923 600 4979 turne
627 4922 902 4978 manantis
918 4923 1263 4993 eruptionem
1296 4921 1560 4977 exhibent
1584 4936 1598 4975 :
1621 4917 1937 4990 cuiusmodi

355 5027 488 5073 sunt
502 5015 848 5079 ἀναϐλύζειν,
869 5013 1216 5086 προχεῖσθαι,
1231 5014 1795 5086 προϊέναῳσαιιιήνε,
1815 5030 1942 5084 pro-

361 5111 536 5183 fundi,
557 5110 789 5179 prodire.
811 5108 980 5173 Alias,
1002 5107 1378 5179 plurimasque
1397 5108 1542 5180 apud
1560 5107 1814 5163 eumdem
1837 5107 1939 5164 Pe-

359 5206 590 5266 tavium,
606 5203 783 5272 capite
809 5202 860 5264 5,
881 5201 1184 5256 sententias
1206 5201 1451 5264 consule,
1477 5201 1637 5272 queis
1658 5199 1813 5264 odor.
1839 5216 1938 5254 oa-

359 5315 457 5370 por
486 5308 540 5352 et
570 5294 805 5368 qualitas
829 5294 1138 5349 substantia:
1160 5293 1290 5350 Filii
1311 5293 1528 5357 dicitur
1547 5291 1788 5362 Spiritus
1809 5307 1938 5346 san-

357 5401 502 5455 ctus,
529 5391 767 5460 itemque
791 5392 976 5460 ﬂatus,
997 5399 1047 5444 et
1070 5390 1268 5444 halitus
1304 5391 1447 5453 oris;
1478 5396 1543 5442 ac
1567 5389 1789 5442 demum
1817 5401 1940 5456 ope-

359 5487 496 5540 ratio
532 5486 792 5553 ejusdem.
824 5483 1010 5553 Longe
1044 5492 1206 5538 antea
1248 5481 1366 5536 haec
1399 5481 1557 5546 vidit,
1587 5489 1640 5535 et
1678 5478 1939 5548 expendit

360 5579 545 5636 omnia
571 5589 796 5633 sanctus
818 5577 1061 5631 Thomas
1091 5575 1146 5631 in
1169 5573 1448 5643 Opusculo
1476 5580 1664 5628 contra
1695 5569 1936 5626 Graecos.

433 5672 511 5745 (6)
540 5672 659 5728 Non
690 5681 764 5727 est
798 5672 1127 5742 prapositum
1176 5669 1437 5741 Nysseno,
1481 5665 1698 5719 Patrem
1730 5679 1941 5733 proces-

358 5765 507 5823 sione
537 5766 768 5838 Spiritus
801 5766 1066 5838 spoliare:
1105 5763 1364 5836 spoliaret
1411 5776 1557 5823 vero,
1609 5760 1656 5813 si
1710 5773 1828 5811 eam
1882 5757 1939 5810 in

363 5857 568 5915 Filium
595 5862 920 5915 immutaret.
945 5857 1104 5914 Nulla
1137 5858 1326 5913 locum
1388 5852 1557 5909 habet
1604 5849 1940 5912 immutatio,

363 5968 484 6026 qua:
508 5952 578 6010 sit
610 5969 703 6027 per
738 5953 1104 6011 divisionem:
1143 5948 1438 6021 Scriptura:
1455 5957 1693 6016 namque
1716 5957 1941 6012 persua-

1964 4603 2012 4660 Β

2043 624 2147 662 uno
2182 607 2288 662 Deo
2315 623 2456 668 esse.
2482 618 2538 663 et
2565 605 2694 662 dici.
2729 624 2747 658 ι
2788 603 2974 659 Virtus
3031 601 3313 672 spirativa,
3367 617 3488 669 qua:
3545 609 3629 654 est

2039 699 2097 754 in
2123 700 2304 764 Patre.
2333 700 2547 755 aPatre
2579 697 3026 755 communicatur
3059 693 3220 758 Filio,
3255 709 3482 748 manens
3520 707 3629 746 una

2038 801 2096 848 ct
2126 793 2314 845 eadem
2350 793 2402 844 in
2437 803 2697 862 utroque.

2113 885 2190 952 (7)
2224 883 2333 938 Sed
2351 901 2413 938 ea:
2446 882 2589 940 Filio
2613 882 2842 955 Spiritus
2872 882 3180 952 procedens,
3233 896 3297 933 ex
3331 877 3492 955 Patre
3525 893 3628 930 non

2041 977 2338 1047 procederet
2364 978 2484 1032 :sed
2505 951 2678 1047 potius
2696 987 3059 1048 generaretur,
3081 977 3125 1028 si
3150 983 3196 1026 et
3231 951 3424 1036 Fitdts,
3447 987 3508 1024 ex.
3528 988 3631 1040 quo

2041 1065 2294 1137 Spiritus,
2320 1085 2381 1122 ea:
2406 1067 2572 1122 Patre
2589 1077 2895 1139 generatur.
2921 1064 3174 1120 Nondum
3207 1063 3451 1139 intelligo
3496 1060 3628 1130 quid

2040 1159 2107 1212 ad
2125 1160 2409 1213 veritatem
2428 1160 2531 1213 ista
2559 1161 2779 1215 faciant.
2802 1158 2940 1223 Quid
2963 1158 3107 1211 enim
3136 1155 3481 1225 impedit'nos
3504 1168 3630 1204 con—

2042 1261 2126 1305 tra
2161 1262 2505 1322 opponentes
2537 1252 2739 1307 dicere:
2771 1251 2824 1306 Si
2864 1267 2956 1320 per
2974 1248 3178 1302 Filium
3213 1247 3462 1317 procedit
3503 1245 3630 1312 Spi-

2039 1342 2181 1395 ritus
2219 1353 2459 1402 sanctus,
2488 1357 2594 1395 non
2625 1357 2690 1394 ex
2727 1341 2888 1394 Patre
2921 1339 3271 1410 procederet,
3307 1336 3400 1391 sed
3440 1336 3626 1404 potius

2039 1433 2442 1502 generaretnr?
2477 1453 2494 1484 ο
2548 1432 2952 1495 Dimcultatem,
2987 1432 3033 1485 si
3081 1447 3188 1500 qua
3237 1439 3346 1492 est,
3389 1427 3629 1481 Thomas

2038 1524 2280 1586 exhibet,
2333 1534 2526 1593 qiucst.
2589 1523 2678 1588 l0,
2723 1524 2792 1579 de
2841 1523 3112 1594 potentia,
3151 1531 3254 1576 art.
3289 1524 3341 1587 4,
3394 1536 3544 1573 num.
3573 1518 3628 1574 ‘2.

2039 1616 2098 1672 Si
2127 1616 2298 1672 Filius
2337 1627 2411 1672 est
2445 1619 2763 1687 principium
2793 1616 3024 1686 Spiritus
3053 1615 3249 1677 sancti,
3295 1624 3389 1668 aut
3413 1615 3506 1666 hoc
3537 1613 3632 1664 Ita-

2041 1709 2180 1762 beta
2214 1725 2287 1771 se,
2345 1717 2438 1762 aut
2490 1709 2553 1762 ab
2581 1707 2709 1762 alio.
2741 1707 2782 1762 Α
2838 1722 3028 1760 senon
3083 1705 3278 1760 habet:
3334 1721 3436 1757 non
3489 1703 3629 1755 enim

2038 1799 2148 1868 82
2179 1797 2335 1858 Filio.
2363 1800 2416 1852 in
2445 1808 2704 1870 quantum
2739 1796 2914 1850 Filius
2951 1804 3047 1860 est,
3083 1797 3321 1850 convenit
3351 1809 3461 1848 esse
3483 1792 3632 1863 prin—

1979 1890 2016 1943 Β
2046 1891 2262 1962 cipiunt,
2291 1891 2380 1943 sed
2419 1890 2588 1960 magis
2619 1907 2648 1942 a
2675 1890 2956 1960 principio.
2990 1885 3047 1942 Si
3074 1897 3250 1941 autem
3277 1887 3432 1940 habet
3464 1901 3494 1937 a
3523 1882 3632 1936 Pa—

2040 1992 2140 2049 tre,
2173 1991 2378 2051 Oportet
2406 1985 2546 2054 quod
2577 1986 2671 2037 hoc
2706 1983 2858 2036 modo
2890 1983 2960 2036 sit
2985 1981 3328 2052 principium,
3361 1979 3495 2032 sicut
3520 1977 3630 2031 Pa-

2042 2084 2140 2134 ter.
2177 2075 2346 2131 Pater
2371 2086 2548 2156 autem
2599 2085 2676 2130 est
2712 2077 3029 2146 principium
3063 2089 3157 2143 per
3185 2071 3629 2144 generationem:

2041 2184 2164 2238 ergo
2189 2166 2358 2222 Filius
2391 2169 2488 2221 erit
2528 2168 2845 2238 principium
2879 2164 3108 2236 Spiritus
3139 2164 3314 2217 sancti
3352 2177 3447 2231 per
3471 2175 3630 2231 gene-

2042 2263 2329 2314 rationem.
2365 2259 2653 2330 Egregium
2707 2259 2894 2329 accipe
2924 2259 3148 2313 Thomte
3198 2269 3524 2326 responsum
3560 2252 3630 2308 ad

2039 2351 2094 2406 2.
2139 2349 2507 2416 «Dicendum,
2541 2350 2686 2416 quod
2712 2350 2882 2404 Filius
2906 2349 3194 2404 hochabet
3214 2363 3242 2401 a
3268 2347 3454 2412 Patre,
3482 2344 3629 2416 quod

2039 2457 2105 2497 ex
2141 2458 2200 2498 se
2245 2441 2510 2512 Spiritum
2543 2453 2794 2496 sanctum
2850 2441 3105 2496 emittat:
3141 2439 3287 2492 unde
3335 2446 3390 2492 et
3432 2437 3628 2492 eodem

2040 2535 2204 2590 modo
2233 2533 2486 2588 convenit
2512 2534 2581 2598 si,
2610 2533 2752 2589 sicut
2792 2542 2848 2588 et
2876 2530 3047 2588 Patri.
3081 2529 3188 2586 Sed
3215 2531 3379 2584 Pater
3405 2543 3512 2583 non
3545 2537 3632 2582 est

2040 2626 2366 2700 principium
2396 2626 2598 2682 divinat
2629 2641 2882 2696 personae
2939 2641 3044 2678 uno
3085 2624 3472 2684 tantummodo,
3532 2619 3630 2676 sed

2039 2719 2258 2774 duobus
2285 2719 2532 2774 :scilieet
2583 2733 2680 2788 per
2710 2718 3123 2787 generationem,
3153 2721 3210 2769 et
3259 2713 3628 2782 spirationem.

2039 2812 2193 2867 Unde
2217 2827 2322 2866 non
2349 2822 2527 2882 potest
2542 2810 2814 2874 concluli,
2844 2808 2990 2879 quOd
3021 2807 3196 2864 Filius
3217 2809 3289 2864 sit
3312 2805 3633 2874 principium

2040 2903 2271 2974 Spiritus
2301 2904 2471 2957 sancti
2499 2918 2591 2973 per
2628 2903 3022 2973 generationem
3053 2915 3072 2954 :
3118 2901 3214 2956 sed
3275 2906 3361 2953 est
3408 2894 3628 2952 fallacia

2039 2996 2466 3065 consequentis;
2525 3004 2581 3048 et
2639 2993 2917 3063 praecipue
2978 3007 3105 3046 cum
3166 3005 3269 3045 nec
3321 2988 3486 3044 etiam
3528 2987 3635 3041 Pa-

2041 3088 2219 3144 tersit
2281 3087 2612 3159 principium
2659 3083 2898 3156 Spiritus
2948 3083 3125 3138 sancti
3185 3097 3284 3153 per
3316 3078 3632 3152 generatio-

2040 3196 2189 3236 nem.
2227 3199 2254 3234 »Α

2112 3274 2186 3345 (8)
2219 3271 2442 3344 Propter
2478 3272 2752 3326 nominum
2783 3267 3228 3323 constructionem
3281 3263 3476 3324 solam.
3508 3278 3634 3334 qua

2036 3374 2151 3437 post
2213 3363 2408 3420 Filium
2437 3362 2848 3435 appellationem
2879 3360 3120 3432 Spiritus
3159 3359 3340 3431 affert;
3399 3367 3450 3412 et
3504 3372 3631 3428 pro-

2035 3468 2152 3531 pter
2180 3457 2432 3512 relativus
2457 3455 2864 3527 appellationes,
2897 3452 3078 3507 Patris
3111 3459 3162 3505 et
3229 3451 3373 3516 Filii,
3413 3451 3630 3504 nullum

2036 3552 2265 3604 medium
2296 3552 2436 3604 inter
2474 3565 2583 3603 sese
2612 3548 2952 3602 admittentes
2977 3561 2996 3599 :
3053 3545 3329 3616 contiguus
3409 3542 3630 3613 (Filius)

2034 3655 2084 3698 et
2117 3660 2207 3712 per
2228 3643 2524 3713 contiguum
2562 3639 2783 3711 (Filium
2811 3639 3054 3709 Spiritus
3084 3637 3330 3706 sanctus)
3366 3652 3398 3689 a
3443 3641 3633 3690 sancto

2037 3735 2312 3808 (Nysseno
2345 3735 2401 3789 in
2447 3731 2693 3804 Epistola
2729 3730 2797 3786 ad
2860 3729 3176 3797 Ablavium)
3201 3727 3376 3782 dictus
3403 3734 3482 3781 est
3512 3763 3528 3781 .
3565 3765 3582 3781 .
3615 3763 3632 3779 .

2036 3847 2150 3884 non»
2201 3836 2418 3900 propter
2491 3824 2921 3894 consequentiam
3006 3819 3344 3875 exsistentite.
3377 3819 3446 3874 Αι
3479 3816 3632 3872 enim

2034 3923 2315 3994 Nyssenus
2359 3919 2486 3976 talia
2521 3916 2773 3973 sanciens
2828 3915 3067 3986 (divinas
3117 3927 3318 3983 nempe
3363 3925 3638 3982 personas

2035 4015 2185 4071 nulla
2217 4029 2277 4071 re
2308 4013 2414 4069 alia
2444 4011 2669 4068 diﬂ'erre
2706 4009 2966 4073 invicem,
3028 4005 3134 4062 nisi
3177 4004 3393 4060 rati-one
3445 4017 3636 4059 causae

2034 4106 2151 4162 sive
2212 4105 2512 4177 principii,
2554 4111 2615 4160 et
2663 4107 2788 4174 ejus
2841 4100 2988 4172 quod
3041 4114 3108 4155 ex
3173 4095 3446 4171 principio
3503 4080 3635 4162 εειὲ

2035 4211 2112 4254 sc
2155 4210 2350 4252 rursus
2380 4196 2504 4268 ejus
2553 4193 2706 4272 quod
2793 4191 3046 4264 proxime
3125 4200 3212 4246 est
3273 4205 3342 4246 ex
3430 4188 3635 4272 primo,

2035 4296 2095 4344 et
2172 4289 2300 4360 ejus
2387 4267 2537 4358 quod
2600 4269 2686 4341 est
2777 4299 2878 4354 per
2957 4280 3093 4338 illud
3158 4281 3307 4354 quod
3385 4267 3638 4349 proxime

2034 4384 2121 4434 est
2199 4390 2232 4432 a
2295 4373 2524 4448 primo),
2607 4373 2857 4444 adeoque
2920 4370 3137 4427 Patrem
3208 4385 3239 4426 ι
3317 4367 3460 4426 Filio
3544 4368 3638 4423 di-

2035 4467 2232 4525 videns
2289 4483 2456 4523 causa
2553 4467 2680 4536 (seu
2707 4463 2922 4518 ratione
2970 4475 3172 4527 causa,
3201 4470 3259 4516 et
3304 4461 3428 4530 ejus
3479 4458 3634 4530 quod

2039 4569 2126 4618 est
2171 4575 2203 4616 a
2248 4559 2437 4629 causa)
2471 4575 2487 4615 :
2524 4557 2738 4612 Filium
2779 4555 3044 4625 deinceps
3093 4567 3129 4607 a-
3181 4552 3420 4624 Spiritu.
3478 4551 3632 4622 quod

2036 4653 2280 4725 contigue
2339 4651 2480 4722 ipse.
2523 4665 2628 4722 per
2662 4646 2801 4703 illud
2851 4647 2994 4718 quod
3041 4645 3457 4712 contiguum-est
3491 4647 3635 4712 iste;
3707 4641 3724 4650 ’

2045 4744 2332 4801 manifeste
2380 4742 2725 4798 demonstrat
2811 4739 3144 4794 exsistentiar
3176 4741 3636 4809 consequentiam,

2043 4853 2155 4893 non
2212 4836 2388 4892 solam
2449 4832 2738 4887 nominum
2789 4831 3333 4887 constructionem.»
3398 4831 3635 4903 Nysseni

2045 4929 2213 4986 verba
2231 4927 2552 4999 expendens
2570 4924 2816 4996 Aquinas
2839 4925 2896 4980 in
2919 4922 3199 4996 Opusculo
3221 4924 3458 4980 ilcontra
3483 4925 3638 4982 Grie-

2043 5038 2178 5082 eos:
2211 5023 2368 5078 Patet
2402 5035 2548 5092 ergo,
2583 5019 2682 5084 ait,
2721 5018 2861 5089 quod
2884 5033 2978 5090 per
3015 5018 3249 5089 primam
3273 5018 3633 5090 diﬁ‘erentiam

2045 5117 2280 5188 Spiritus
2324 5122 2562 5177 sanctus,
2590 5119 2640 5166 et
2669 5109 2837 5165 Filius
2871 5127 2904 5165 ο
2969 5108 3132 5164 Patre
3182 5110 3590 5181 distinguuntur
3613 5128 3633 5167 :

2044 5224 2140 5281 per
2168 5204 2465 5270 secundum;
2493 5211 2674 5258 autem
2706 5203 3052 5274 distinguitur
3083 5200 3315 5273 Spiritus
3352 5213 3569 5257 sanctus
3598 5221 3632 5257 α

2046 5295 2222 5360 Filio;
2252 5295 2380 5366 quia
2434 5294 2627 5348 scilicet
2655 5291 2818 5347 Filius
2849 5310 2882 5347 a
2913 5293 3075 5348 Patre
3099 5292 3332 5365 procedit
3377 5309 3485 5346 non
3534 5310 3638 5365 per

2046 5386 2302 5459 Spiritum
2333 5394 2603 5448 sanctum,
2635 5385 2725 5439 sed
2754 5382 2985 5456 Spiritus
3037 5394 3253 5440 sanctus
3275 5401 3368 5455 per
3398 5384 3634 5441 Filium.

2046 5480 2204 5537 Ullus
2250 5493 2383 5534 vero
2436 5492 2507 5532 ne
2547 5476 2754 5546 irrepat
2777 5493 2951 5542 error,
2994 5493 3104 5548 prie
3154 5478 3332 5532 oculis
3373 5476 3635 5533 habenda

2047 5569 2294 5640 ejusdem
2319 5568 2544 5622 Thomas
2572 5567 2822 5622 doctrina
2850 5566 2904 5622 in
2941 5567 2984 5633 l,
3015 5568 3146 5624 dist.
3202 5569 3291 5635 l2,
3321 5577 3519 5638 quaest.
3577 5570 3636 5635 l,

2049 5661 2208 5716 artic.
2233 5659 2302 5713 ὃς
2344 5676 2363 5710 ‹
2393 5657 2717 5722 Dicendum,
2747 5658 2892 5726 quod
2925 5673 3086 5712 omne
3130 5657 3375 5712 medium
3435 5658 3641 5728 aliquo

2049 5754 2212 5810 modo
2241 5751 2600 5821 distinguitur
2631 5752 2698 5806 ab
2729 5751 2840 5815 his,
2892 5751 3036 5805 inter
3058 5767 3180 5820 quze
3212 5749 3454 5806 medium
3493 5751 3640 5806 dici-

2052 5854 2159 5899 tur.
2203 5840 2340 5897 Cum
2376 5850 2558 5895 autem
2611 5839 2666 5895 in
2693 5839 2997 5912 Spiratioue
3044 5840 3205 5896 Pater
3236 5850 3290 5896 et
3318 5841 3491 5896 Filius
3523 5843 3642 5895 sint

2049 5937 2152 5992 duo
2187 5934 2468 6009 spirantes,
2531 5933 2592 5988 in
2631 5941 2894 6004 quantum
2935 5943 3064 5990 sunt
3115 5949 3277 5988 imum
3303 5935 3355 5988 in
3391 5935 3634 6006 potentia
