3858 6456
215 470 287 535 93

1351 462 1544 525 Vl'l‘A.
1589 486 1657 498 -
1701 461 2215 524 DISSERTATlO
2258 464 2307 522 ῐ.

3413 452 3486 527 91

212 586 509 662 spirativa;
556 599 851 656 possumus
877 581 1027 653 loqui
1075 581 1142 637 de
1196 591 1315 637 actu
1348 581 1653 645 spirationis
1711 594 1808 647 per
1836 592 1880 639 Α
1912 579 2133 648 quiens,
2167 578 2429 649 Spiritum
2458 588 2699 633 sanctam
2728 595 2836 634 esse
2872 578 3154 649 imaginem
3199 577 3402 636 Patris.
3435 586 3490 631 et

211 678 684 748 comparationem
711 677 782 730 ad
810 677 945 744 ipsos
984 675 1287 746 spirantes:
1341 673 1424 726 vel
1479 671 1550 725 ad
1600 671 1793 736 princi-

212 776 351 846 pium
380 771 628 843 spirandi
651 813 665 831 ,
705 769 850 824 sicut
875 769 1133 822 virtutem
1160 768 1318 838 cujus
1348 768 1419 821 sit
1453 765 1704 836 spiratio.
1735 762 1791 817 Si

211 875 397 919 autem
427 862 853 918 consideremus
885 863 1058 922 ipsum
1089 860 1429 931 principium,
1461 857 1673 912 scilicet
1700 870 1797 926 po-

216 956 445 1009 tentiam
482 953 832 1022 spirativam,
858 967 982 1005 cum
1011 952 1063 1003 in
1111 950 1215 1005 hoc
1233 966 1342 1003 non
1375 947 1797 1017 distinguantur

213 1049 375 1102 Pater
437 1058 497 1102 et
552 1045 761 1100 Filius:
794 1061 905 1099 non
973 1050 1150 1111 potest
1183 1042 1290 1097 dici
1352 1041 1580 1109 spiratio
1606 1056 1726 1094 esse
1767 1052 1797 1093 a

215 1140 376 1196 Patre
402 1138 683 1193 mediante
717 1138 876 1192 Filio.
927 1135 984 1190 Si
1032 1145 1215 1189 autem
1270 1134 1685 1188 consideremus
1718 1134 1800 1202 ip~

211 1251 296 1287 sos
329 1234 621 1303 spirantes,
657 1231 751 1300 qui
789 1229 1028 1285 distincti
1055 1237 1205 1292 sunt,
1267 1239 1318 1281 et
1352 1226 1655 1282 secundum
1692 1224 1800 1279 hoc

219 1326 469 1393 prmbent
507 1324 619 1395 83
672 1324 1017 1393 suppositum
1082 1320 1417 1392 spiratioui:
1459 1320 1539 1374 sic
1601 1328 1685 1372 est
1726 1316 1802 1370 ibi

217 1414 495 1475 mediatio,
527 1412 830 1469 secundum
886 1413 1030 1483 quod
1107 1421 1191 1467 est
1239 1412 1312 1465 ibi
1351 1412 1485 1466 ordo
1553 1418 1803 1473 natura;

216 1510 347 1581 quia
386 1508 567 1565 Filius
601 1519 685 1561 est
716 1524 781 1561 ex
812 1508 995 1571 Patre,
1032 1515 1087 1562 et
1117 1506 1356 1576 Spiritus
1384 1514 1611 1560 sanctus
1638 1502 1804 1557 simul

217 1620 246 1658 ει
289 1603 452 1657 Patre
480 1613 536 1657 et
569 1618 599 1657 a
657 1601 819 1657 Filio.
856 1620 873 1653 ι
908 1599 1019 1656 Cur
1061 1617 1194 1656 vero
1227 1599 1527 1671 Nyssenus,
1558 1613 1656 1653 cur
1713 1595 1805 1651 alii

218 1698 416 1753 Patres
491 1696 846 1765 frequentius
910 1695 1175 1761 dixerint,
1240 1695 1509 1766 Spiritum
1556 1700 1805 1746 sanctum

216 1805 341 1845 esse
372 1808 403 1843 a
436 1788 600 1845 Patre
628 1805 719 1855 per
750 1786 798 1841 F
802 1787 976 1852 ilium,
1015 1788 1132 1844 sive
1167 1805 1259 1859 per
1290 1806 1410 1843 eum
1438 1789 1529 1858 qui
1572 1787 1809 1858 proxime

218 1890 295 1936 est
324 1899 359 1935 a
390 1882 609 1954 primo?
639 1881 929 1936 Rationem
958 1895 1101 1950 saepe
1132 1879 1333 1933 dictam
1362 1878 1521 1934 affert
1565 1876 1810 1945 Aquinas

1897 669 2055 736 l'ilii;
2080 672 2155 725 ita
2180 674 2321 742 quod
2350 688 2442 740 per
2469 673 2759 744 imaginem
2787 671 2922 741 nihil
2947 672 3100 725 aliud
3130 670 3483 740 intelligatur,

1895 762 2007 834 84
2030 778 2190 832 quam
2219 763 2477 817 exsistens
2507 762 2570 816 ab
2599 763 2728 830 alio,
2762 770 2810 816 et
2840 763 2950 833 ejus
2978 761 3371 815 similitudinem
3401 776 3491 830 ge-

1899 873 2037 910 rens.
2074 855 2133 911 Si
2190 864 2371 911 autem
2403 872 2498 927 per
2542 855 2829 927 imaginem
2884 852 3217 924 intelligatur
3279 852 3489 922 aliquid

1899 950 2153 1003 exsistens
2188 949 2253 1001 ab
2298 948 2489 1008 altero,
2523 958 2572 1002 et
2607 965 2671 1002 ea:
2701 948 2815 1017 ipsa
2849 964 2959 1001 sure
3021 947 3238 1013 originis
3286 946 3493 999 ratione

1899 1041 2097 1095 habens
2132 1042 2271 1111 quod
2297 1042 2696 1095 similitudinem
2725 1051 2874 1110 gerat
2926 1040 3039 1109 ejus
3069 1057 3098 1093 a
3123 1056 3224 1109 quo
3258 1039 3488 1095 exsistit,

1902 1134 1955 1187 in
1987 1141 2243 1201 quantum
2273 1136 2337 1187 ab
2364 1134 2553 1194 altera.
2589 1142 2646 1186 ut
2673 1132 2836 1186 Filius
2863 1134 3091 1203 genitus,
3115 1131 3254 1185 velut
3280 1131 3493 1183 verbum

1904 1236 2209 1295 conceptum
2242 1241 2261 1280 :
2300 1234 2348 1280 et
2397 1227 2472 1279 sic
2514 1225 2659 1279 solus
2712 1224 2877 1279 Filius
2946 1224 3144 1278 dicitur
3174 1225 3351 1293 imago
3380 1261 3394 1277 .
3423 1261 3437 1274 .
3478 1260 3491 1275 .

1904 1316 2010 1373 Sed
2030 1320 2122 1371 hoc
2154 1319 2207 1371 in
2240 1316 2441 1401 Spiritu
2469 1318 2563 1373 Dei
2599 1319 2908 1388 veriﬁcatur
2936 1326 3150 1389 prapter
3181 1317 3372 1369 divina!
3423 1329 3496 1368 es-

1903 1412 2083 1465 sentia:
2133 1414 2410 1475 unitatem,
2478 1423 2525 1465 et
2576 1412 3012 1481 simplicitatem:
3043 1425 3107 1463 ex
3138 1426 3242 1480 qua
3267 1413 3495 1477 Oportet,

1907 1502 2047 1574 quod
2080 1502 2340 1573 quidquid
2367 1510 2444 1557 est
2469 1502 2526 1556 in
2579 1501 2707 1565 Deo,
2735 1504 2804 1557 sit
2832 1501 2991 1557 Deus.
3022 1498 3337 1569 Atquivero
3365 1495 3498 1551 satis

1906 1603 2014 1660 est,
2055 1595 2493 1665 qualemcunque
2526 1595 2795 1649 rationem
2822 1593 3072 1663 imaginis
3094 1584 3498 1645 accommodari

1909 1685 2140 1755 Spiritui
2176 1676 2365 1741 sancto
2390 1703 2499 1741 non
2527 1701 2711 1756 posse,
2756 1686 2861 1740 nisi
2906 1684 2978 1738 ab
3010 1683 3103 1737 illo
3134 1690 3392 1737 naturam
3442 1688 3501 1734 et

1908 1781 2282 1837 exsistentiam
2315 1781 2571 1851 accipiat.
2600 1779 2759 1848 cujus
2793 1778 2971 1849 imago
2992 1778 3215 1831 dicitur.

1976 1875 2094 1945 (10)
2154 1876 2280 1930 ilice
2317 1884 2446 1928 sunt
2481 1873 2757 1942 praecipua
2785 1871 2838 1925 in
2877 1870 3236 1924 Antirrhetico
3267 1866 3491 1947 Georgii

221 1971 433 2027 ibidem
468 1972 535 2025 ad
599 1971 622 2024 1
652 1989 668 2024 :
735 1987 755 2022 ι
783 1969 887 2024 Per
948 1968 1078 2035 hoc,
1112 1968 1387 2040 inquiens,
1420 1965 1565 2038 quod
1611 1965 1815 2019 dicitur
1846 1955 1887 2013 Β
1917 1968 2103 2041 Cyprii
2137 1966 2393 2023 Sermone
2427 1975 2654 2029 asserta,
2688 1976 2812 2034 qua:
2858 1961 3099 2017 Joannes
3149 1961 3357 2015 Beccus
3409 1971 3504 2026 pa-

226 2064 473 2134 Spiritus
506 2075 734 2119 sanctus
796 2063 1097 2132 procedere
1160 2082 1193 2119 a
1231 2064 1392 2119 Patre
1422 2080 1515 2135 per
1569 2060 1813 2123 Filium,

226 2157 569 2229 designatur
610 2158 905 2212 auctoritas
934 2158 990 2211 in
1024 2156 1186 2212 Patre
1229 2166 1465 2228 respectu
1498 2153 1662 2209 Filii:
1686 2150 1815 2221 quia

227 2247 414 2305 Filius
441 2248 611 2304 habet
639 2265 669 2304 a
699 2249 880 2310 Patre,
913 2248 1062 2319 quod
1094 2246 1360 2318 Spiritum
1418 2254 1665 2301 sanctum
1701 2241 1818 2312 Spi-

227 2351 337 2396 ret.
388 2340 472 2395 Ex
502 2339 610 2395 hoc
659 2348 843 2394 autem
873 2355 985 2395 non
1042 2340 1267 2409 ponitur
1316 2319 1566 2391 mediatio
1612 2334 1815 2403 aliqua,

224 2430 332 2487 nisi
396 2447 468 2486 ex
527 2441 685 2502 parte
744 2433 1178 2501 suppositarum,
1243 2446 1364 2499 quae
1396 2429 1818 2497 distinguuntur

204 2524 327 2592 per
346 2521 476 2586 hoc,
507 2520 656 2591 quod
691 2537 855 2574 unum
877 2530 952 2574 est
983 2520 1047 2575 ab
1083 2520 1228 2575 alio:
1281 2518 1494 2573 ratione
1549 2516 1710 2586 cujus
1763 2516 1817 2570 in

228 2628 346 2668 uno
386 2622 475 2667 est
501 2612 809 2666 auctoritas
835 2619 1091 2680 respectu
1144 2604 1394 2667 alterius.
1434 2629 1452 2661 ι

303 2705 383 2777 (9)
417 2704 524 2761 Sed
548 2712 655 2758 esto
679 2720 698 2759 :
725 2719 829 2758 non
859 2704 1227 2758 exsistentiam
1250 2706 1445 2773 ipsam,
1472 2700 1565 2755 sed
1597 2715 1690 2768 per
1722 2696 1818 2752 Fi-

234 2799 371 2854 lium
464 2796 698 2866 Spiritus
766 2797 1153 2859 emicationem,
1218 2797 1322 2848 sive
1377 2792 1700 2864 effulsioncm
1763 2792 1820 2844 in

229 2890 468 2945 dictione
500 2888 614 2956 (per
643 2887 779 2940 illud
818 2887 956 2955 quod
990 2887 1233 2955 contigue
1272 2884 1371 2952 est)
1419 2884 1605 2937 doceat
1662 2881 1818 2950 (Gre—

232 2983 425 3055 gorius
457 2978 784 3052 Nysseuus).
826 2979 939 3049 Ego
972 2994 1106 3033 vero
1138 2977 1486 3050 eﬂ'ulsionem,
1519 2977 1635 3031 sive
1685 2976 1820 3029 emi-

234 3078 504 3133 cationem
530 3074 773 3145 Spiritus
801 3089 867 3128 ea:
897 3071 1062 3128 Patre
1091 3090 1186 3145 per
1229 3072 1452 3137 Filium,
1485 3070 1644 3125 fateri
1677 3085 1824 3123 nun-

236 3187 402 3243 quam
439 3172 757 3245 etfugerim;
793 3168 1095 3223 dummodo
1121 3167 1211 3221 illa
1233 3152 1531 3220 naturalem
1563 3164 1820 3219 exsisten-

242 3269 375 3323 tiam
438 3277 597 3322 notet
623 3306 637 3322 .
665 3307 680 3320 .
714 3305 733 3325 .
781 3263 840 3319 Si
870 3279 1004 3319 vero
1057 3261 1334 3333 (Cyprius)
1381 3261 1731 3322 voluntatem,
1766 3265 1824 3314 et

241 3362 533 3418 consilium
571 3357 861 3429 intelligat,
925 3324 1390 3426 quemadmodum
1439 3324 1894 3423 suppeditatio-c

244 3471 360 3514 nes,
393 3454 697 3516 missiones,
733 3452 998 3516 dationes,
1027 3456 1083 3503 et
1112 3446 1380 3518 quidquid
1420 3445 1566 3501 aliud
1593 3445 1659 3500 ad
1693 3458 1825 3500 con-

241 3548 563 3605 vellendam
621 3545 996 3602 exsistentiam
1064 3541 1133 3598 ab
1183 3542 1381 3598 eodem
1455 3538 1823 3611 producitur;

246 3653 561 3715 sequantur
632 3640 711 3703 hi,
769 3639 972 3710 quibus
1040 3638 1159 3694 haec
1214 3636 1541 3708 complacita
1618 3642 1820 3690 sunt.»

244 3735 364 3792 Jsm
417 3748 566 3803 saepe
645 3732 990 3796 adnotatum,
1067 3730 1380 3786 divinarum
1464 3741 1826 3798 personarum

244 3825 654 3887 emanatioucs,
745 3823 936 3892 utique
1020 3821 1087 3876 ad
1165 3819 1565 3885 exsistendum,
1638 3818 1830 3873 vocari

248 3919 576 3990 eﬁulsiones,
635 3921 694 3970 et
767 3912 1128 3968 emicationes.
1217 3911 1352 3980 Quae
1411 3924 1648 3981 namque
1712 3923 1834 3979 per-

254 4026 396 4068 sona
449 4008 723 4083 procedit,
754 4021 1048 4079 personam
1076 4005 1360 4079 exprimit,
1400 4020 1466 4061 ac
1519 4003 1834 4059 manifestat

257 4121 290 4160 ι
329 4120 440 4176 qua
472 4103 744 4174 procedit.
777 4101 897 4168 Quo
940 4117 1107 4158 sensu
1171 4100 1415 4172 Spiritus
1449 4109 1673 4154 sanctus
1699 4096 1835 4151 dici-

240 4207 350 4252 tur
372 4196 555 4264 imago
577 4192 730 4248 Filii.
770 4213 789 4244 s
814 4192 1039 4249 Constat
1058 4202 1243 4252 autem
1276 4191 1465 4261 (verba
1486 4197 1615 4247 sunt
1662 4187 1835 4244 sancti

259 4290 488 4359 Thomas
507 4288 565 4343 in
596 4285 862 4357 opusculo
888 4285 1105 4356 citato),
1152 4286 1299 4358 quod
1336 4285 1518 4357 imago
1543 4282 1840 4339 deducitur

256 4383 326 4437 ab
375 4396 445 4436 eo
502 4379 664 4451 cujus
694 4388 779 4432 est
811 4378 1010 4449 imago.
1041 4377 1121 4434 Ex
1141 4377 1248 4434 hoc
1310 4395 1462 4450 ergo,
1494 4376 1639 4448 quod
1670 4374 1843 4445 Spiri-

258 4485 350 4529 tus
381 4481 607 4529 sanctus
629 4479 714 4527 est
748 4473 924 4542 imago
956 4470 1083 4527 Filii
1108 4512 1125 4538 ,
1160 4471 1414 4543 sequitur
1489 4470 1637 4542 quod
1661 4469 1844 4541 Spiri-

264 4576 356 4620 tus
411 4575 644 4620 sanctus
674 4563 809 4619 sita
848 4563 1006 4619 Filio.
1035 4563 1229 4621 Posset
1261 4576 1443 4620 autem
1499 4564 1697 4633 aliquis
1762 4562 1844 4619 di-

1919 2062 2184 2128 triarcha,
2232 2076 2330 2116 sua
2358 2059 2413 2114 in
2455 2058 2705 2113 oratione
2735 2057 2900 2110 citata
2924 2054 3208 2124 expendit,
3237 2068 3301 2106 ac
3335 2049 3498 2104 refel-

1916 2156 1999 2212 lit.
2026 2155 2247 2210 Addere
2269 2152 2375 2207 alia
2409 2149 2843 2207 nonnullalicet,
2885 2163 3008 2217 quae
3033 2146 3235 2199 ibidem
3267 2143 3502 2215 Cyprius

1917 2249 2159 2307 disserit.
2188 2245 2329 2302 Illud
2358 2245 2598 2315 primum
2629 2241 2891 2312 profero:
2929 2238 3075 2307 quod
3123 2256 3153 2291 a
3190 2236 3355 2292 Patre
3383 2252 3503 2306 per-

1919 2345 2079 2416 fectus
2125 2340 2360 2411 procedit
2421 2336 2653 2405 Spiritus
2685 2342 2923 2389 sanctus.
2981 2331 3091 2386 Cur
3125 2331 3252 2383 addi
3315 2327 3502 2382 debeat

1919 2440 2082 2492 etiam
2112 2433 2330 2490 Filius!
2363 2432 2513 2487 Hanc
2537 2430 2737 2498 saepius
2757 2425 3066 2497 oppositam
3089 2422 3309 2493 egregie
3339 2420 3506 2475 solvit

1920 2529 2296 2586 difﬁcultatem
2324 2523 2587 2578 Thomas.
2621 2521 2711 2575 Sic
2741 2519 2818 2573 ait
2869 2519 2924 2572 iu
2952 2517 2969 2571 |
3027 2515 3155 2608 dist.
3193 2514 3501 2608 i'liquaest.

1922 2624 1973 2689 1,
2013 2630 2118 2675 art.
2153 2619 2178 2672 1
2211 2617 2279 2672 ad
2336 2616 2369 2672 9
2403 2632 2416 2668 :
2472 2632 2491 2666 ι
2522 2611 2850 2668 Dicendum.
2879 2608 3026 2677 quod
3079 2605 3239 2659 Pater
3271 2603 3504 2673 perfecte

1919 2711 2365 2780 spiratSpiritum
2395 2716 2665 2763 sanctum.
2707 2702 2815 2758 Sed
2852 2702 2980 2770 quia
3012 2699 3193 2754 omnis
3239 2695 3505 2766 perfectio

1920 2801 2558 2865 Patriscommunicatur
2590 2798 2750 2856 Filio,
2786 2811 2907 2865 quae
2945 2809 3049 2847 non
3086 2798 3345 2860 repugnat
3393 2800 3505 2842 sui:

1922 2899 2237 2972 proprietati
2266 2898 2412 2966 (cum
2462 2892 2603 2948 ratio
2638 2890 2786 2946 nulla
2842 2887 3151 2956 distinguat
3196 2885 3342 2938 inter
3382 2895 3503 2962 eos,

1923 2993 2027 3049 nisi
2054 2990 2276 3062 originis
2310 2986 2541 3055 relatio),
2581 2990 2817 3053 oportet,
2847 2979 2991 3049 quod
3026 2976 3172 3032 sicut
3199 2972 3506 3029 communio

1924 3096 2010 3142 cat
2037 3085 2143 3141 sibi
2176 3074 2907 3155 perfectionemdivinitatis,
2974 3073 3047 3126 ita
3110 3068 3276 3124 ctiam
3328 3066 3503 3136 perfe-

1926 3177 2157 3233 ctionem
2187 3170 2450 3243 spirandi.
2483 3168 2636 3223 Unde
2661 3180 2768 3220 non
2805 3172 2890 3218 est
2908 3170 3122 3231 propter
3151 3155 3505 3228 imperfectiu-

1928 3285 2048 3323 nem
2105 3265 2308 3331 Patris,
2368 3261 2516 3332 quod
2591 3259 2766 3315 Filius
2846 3260 3050 3326 spimt:
3116 3251 3211 3307 sed
3291 3257 3504 3320 propter

1925 3356 2300 3431 perfectionem
2342 3351 2491 3416 Filii,
2547 3350 2640 3420 qui
2675 3347 2845 3402 habet
2890 3352 3059 3400 totam
3114 3340 3503 3412 perfectionem

1923 3451 2155 3508 Patris»
2176 3446 2335 3504 Paria
2362 3454 2509 3505 sunt,
2530 3458 2651 3514 quae
2689 3440 2960 3495 habentur
2980 3444 3175 3507 qumst.
3205 3434 3291 3495 10.
3316 3432 3385 3487 de
3407 3447 3508 3502 po-

1928 3543 2122 3607 tentia,
2154 3549 2258 3595 art.
2293 3541 2327 3594 4
2356 3538 2422 3593 ad
2448 3536 2539 3592 20.
2570 3544 2628 3590 et
2656 3534 2697 3592 l.
2726 3533 2790 3588 P.
2818 3541 3014 3602 quaest.
3044 3528 3097 3593 3,
3126 3536 3234 3582 art.
3267 3525 3335 3580 12
3363 3524 3430 3579 ad
3450 3524 3507 3577 6.

2000 3635 2112 3708 (ll)
2141 3631 2474 3702 Multiplices
2524 3628 2748 3684 Patrum
2781 3622 3114 3683 locutiones,
3151 3618 3353 3689 quibus
3380 3631 3510 3685 pro-

1930 3728 2111 3785 cessio
2134 3725 2372 3798 Spiritus
2423 3720 2598 3778 sancti
2621 3715 2971 3788 exprimitur,
3016 3715 3088 3767 ita
3123 3711 3323 3783 passim
3350 3708 3510 3778 jubet

1916 3822 2169 3896 Eyprius
2206 3814 2668 3888 interpretandas,
2704 3820 2765 3867 ut
2808 3810 3048 3881 Spiritus
3105 3803 3329 3875 quidem
3380 3816 3506 3896 con-

1934 3894 2358 3972 substantialitas
2391 3909 2470 3964 uti
2497 3924 2621 3964 cum
2661 3905 2842 3969 Patre,
2878 3905 2951 3959 ita
2979 3916 3104 3958 cum
3137 3897 3280 3955 Filio
3307 3894 3513 3952 intelli-

1935 4017 2116 4082 gatur,
2143 4003 2239 4061 sed
2271 4018 2377 4059 una
2405 4017 2469 4057 ea:
2498 3998 2664 4056 Patre
2693 3998 2841 4066 origo
2864 4012 2884 4051 :
2912 4008 3023 4063 quo
3053 4000 3212 4064 pacto
3236 3989 3349 4044 duo
3394 3987 3510 4042 frs-

1939 4079 2050 4159 tres
2078 4098 2340 4155 dicuntur
2370 4090 2892 4152 consubStantiales,
2939 4100 3177 4159 quorum
3213 4094 3398 4138 tamen
3432 4079 3513 4135 al-

1940 4204 2024 4250 ter
2049 4191 2118 4248 ab
2150 4190 2322 4246 ahero
2357 4202 2466 4242 non
2499 4186 2697 4241 oritur.
2720 4182 2982 4251 Quinimo
3051 4175 3238 4235 Basilii
3276 4184 3505 4231 senten-

1941 4288 2016 4343 tia
2046 4284 2266 4341 videtur
2299 4282 2354 4337 in
2388 4280 2619 4352 epistola
2652 4277 2743 4341 52,
2785 4275 2852 4332 ad
2880 4272 3223 4331 Cauonicas:
3253 4284 3356 4324 non
3408 4266 3516 4321 dici

1941 4374 2436 4438 consubstantialia,
2470 4389 2589 4445 quia
2616 4372 2846 4443 fratrum
2872 4370 3015 4423 inter
3040 4382 3097 4422 se
3125 4366 3388 4420 rationem
3421 4361 3518 4416 Ita-

1942 4474 2085 4537 bent,
2119 4478 2178 4524 ut
2237 4469 2458 4542 quidam
2496 4465 2844 4521 existimant:
2871 4461 2964 4518 sed
3013 4474 3133 4515 eum
3155 4472 3341 4518 causa.
3379 4461 3430 4507 et
3464 4450 3519 4506 id

1945 4566 2086 4638 qirod
2135 4579 2199 4618 ex
2244 4578 2409 4617 causa
2468 4556 2835 4613 exsistentiam
2875 4553 3052 4617 habet,
3136 4548 3369 4619 ejusdem
3396 4553 3519 4601 sunt

264 4676 425 4714 cere:
456 4657 602 4729 quod
629 4666 715 4713 est
737 4657 913 4729 imago
940 4657 1084 4721 Filii,
1128 4656 1182 4712 in
1211 4668 1474 4728 quantum
1506 4657 1843 4712 assimilatur
1874 4674 1917 4729 ι)
1947 4667 2178 4715 naturai.
2207 4647 2682 4709 eonsubstantialia
2704 4647 2826 4702 dici.
2871 4643 2928 4698 lu
2962 4642 3236 4714 bujusque
3273 4638 3522 4694 testimo-

265 4752 405 4807 Filio
433 4751 724 4805 secundum
747 4749 979 4823 aliquem
1011 4751 1277 4821 affectum,
1308 4765 1469 4820 quem
1511 4751 1662 4815 facit,
1697 4752 1841 4805 sicut

263 4854 323 4899 et
351 4844 526 4899 Filius
553 4860 568 4898 :
597 4844 825 4913 velquia
860 4851 936 4897 est
965 4860 997 4896 a
1026 4838 1210 4908 Patre,
1233 4844 1370 4897 sicut
1394 4851 1444 4896 et
1481 4841 1672 4897 Filius.
1731 4841 1838 4898 Sed

263 4939 376 4993 huc
434 4935 752 4994 excluditur
806 4951 905 5006 per
958 4935 1315 4992 auctoritates
1368 4946 1707 5000 sanctorum,
1745 4937 1839 5007 qui

261 5030 534 5100 Spiritum
568 5036 817 5084 sanctum
851 5027 1039 5083 dicunt
1063 5027 1363 5081 naturalem
1390 5026 1524 5081 Filii
1557 5028 1840 5099 imaginem

260 5141 404 5180 esse.
436 5123 559 5178 Non
594 5122 743 5176 enim
801 5129 981 5192 potest
1024 5121 1133 5176 dici
1170 5123 1349 5193 imago
1383 5123 1652 5176 naturalis
1717 5121 1839 5176 Filii

262 5221 752 5290 Spirlussanctus,
805 5217 909 5272 nisi
964 5217 1017 5271 in
1048 5224 1311 5288 quantum
1365 5215 1648 5269 secundum
1684 5225 1843 5267 natu-

266 5328 391 5365 ram
442 5309 579 5364 Filio
605 5307 957 5370 assimilatur,
982 5308 1261 5378 accipiens
1292 5323 1323 5362 a
1377 5306 1518 5363 Filio
1565 5313 1839 5361 naturam.

266 5405 504 5473 Semper
536 5402 682 5456 eiiim
705 5410 944 5471 oportet,
977 5400 1123 5470 quod
1162 5400 1341 5456 forma
1370 5400 1621 5469 imaginis
1646 5414 1844 5468 prove-

265 5499 439 5554 niata
471 5497 646 5551 forma
684 5494 803 5565 ejus
856 5495 1013 5578 cujus
1056 5504 1142 5549 est
1182 5496 1379 5565 imago.
1409 5513 1428 5545 ι
1473 5494 1701 5549 Veteres
1748 5492 1848 5548 Pa-

267 5600 409 5652 tres,
476 5587 571 5658 qui
653 5586 918 5656 Spiritum
983 5597 1232 5641 sanctum
1297 5594 1495 5640 vocant
1562 5585 1845 5646 sinceram,
1885 5609 1898 5622 ο

268 5683 700 5744 exactissimam,
731 5677 1029 5731 naturalem
1057 5675 1200 5742 Filii,
1235 5677 1475 5746 itemque
1507 5674 1684 5730 Patris
1709 5677 1847 5729 ima-

271 5776 474 5849 ginem,
542 5770 975 5836 similitudinem,
1035 5769 1513 5836 assimulationem,
1599 5777 1849 5823 recenset

269 5881 502 5926 sanctus
533 5867 776 5924 Thomas
800 5863 1004 5920 ibidem
1043 5861 1221 5935 capite
1271 5860 1357 5928 10,
1393 5876 1503 5932 quo
1529 5860 1694 5917 etiam
1727 5858 1849 5914 loco

275 5978 603 6033 germanum
631 5960 871 6021 declarat
893 5972 1155 6015 sensum:
1189 5955 1482 6015 Possumus
1534 5955 1725 6017 dicere,
1766 5952 1847 6008 in-

1943 4750 2019 4806 nii
2040 4763 2206 4805 sensu
2232 4742 2549 4802 enarrando
2579 4740 2818 4809 theologi
2844 4750 2953 4792 non
2984 4731 3338 4790 conveniunt.
3368 4728 3527 4783 Peta-

1946 4844 2067 4899 vius
2120 4840 2220 4898 lib.
2270 4854 2369 4903 νη,
2415 4851 2539 4907 cap.
2597 4835 2655 4900 4,
2688 4847 2847 4887 num.
2885 4829 2977 4895 12,
3012 4828 3088 4882 ita
3117 4823 3302 4879 Basilii
3353 4821 3521 4875 verba

1941 4935 2217 5007 explicat:
2241 4942 2302 4993 ut
2326 4931 2479 4987 illum
2500 4943 2563 4985 ea
2593 4922 2812 4995 proprie
2838 4915 3310 4976 consubstantialia
3340 4913 3530 4968 dicere

1946 5028 2251 5093 existimet,
2266 5039 2387 5096 quae
2424 5019 2657 5092 originis
2682 5012 3008 5078 habitudine
3037 5010 3387 5079 junguntur:
3422 5021 3529 5059 cae-

1950 5135 2063 5179 tera
2092 5136 2221 5176 vero
2270 5118 2458 5173 minus
2486 5114 2732 5184 proprio,
2779 5117 2841 5162 ut
2867 5107 2977 5161 duo
3013 5105 3231 5160 fratres.
3267 5099 3516 5156 Monachi

1948 5202 2354 5269 Sau'ctiMauri,
2393 5205 2448 5259 iu
2500 5198 2825 5258 Przefatione
2875 5195 2942 5249 ad
3008 5204 3217 5249 tomum
3262 5187 3412 5258 ηιξ
3469 5187 3524 5249 5,

1946 5320 2098 5359 num.
2137 5302 2186 5365 1,
2212 5306 2423 5370 putant,
2460 5295 2565 5350 hoc
2616 5300 2866 5347 sanctum
2892 5288 3108 5343 Patrem
3146 5297 3257 5337 non
3294 5277 3527 5351 inliciari

1949 5397 2096 5460 loco,
2151 5391 2298 5463 quod
2348 5388 2477 5444 alibi
2521 5390 2823 5447 asseverat,
2879 5379 3114 5434 homines
3144 5389 3256 5428 esse
3306 5371 3448 5425 inter
3472 5384 3529 5422 se

1950 5460 2461 5543 consubstantiales:
2525 5476 2620 5533 sed
2673 5489 2770 5531 eos
2838 5480 3049 5527 tantum
3098 5464 3374 5525 refellere,
3429 5460 3526 5530 qui

1950 5574 2420 5635 consubstantialis
2480 5572 2747 5627 notionem
2786 5566 2954 5621 rebus
3012 5563 3157 5618 inter
3183 5574 3241 5614 se
3281 5559 3524 5611 fraterna

1953 5675 2280 5749 cognatione
2307 5670 2512 5740 junctis
2532 5665 2642 5738 85
2677 5664 2751 5719 ita
2784 5660 3007 5732 proprie
3042 5653 3433 5712 attribucbant,
3466 5658 3531 5704 ut

1951 5744 2156 5826 diiiuis
2190 5766 2362 5836 aptari
2383 5777 2489 5818 non
2515 5766 2728 5831 posset.
2763 5755 3009 5823 Utroque
3041 5764 3200 5804 sensu
3232 5744 3524 5836 permisso,

1952 5830 2355 5915 invictum-stat
2385 5830 2691 5921 argumenti
2732 5842 2974 5915 pondus.
3012 5835 3248 5894 Consule
3290 5848 3411 5904 qua:
3440 5830 3528 5888 lac

1952 5953 2062 6011 tius
2094 5947 2299 6008 ibidem
2330 5943 2693 6010 disseruntur,
2728 5934 2757 6011 ς
2787 5935 2840 6004 ι,
2874 5945 3023 5991 num.
3048 5929 3103 5986 3.
