3858 6474
363 419 436 482 9‘3
1289 420 1617 485 GEORGII
1659 422 1916 482 CYPRIl
1961 424 2070 483 CP.
2113 423 2638 484 PATRIARCHE
3555 425 3625 484 96

422 536 532 607 (l2)
565 537 680 593 Alia
701 537 919 593 demum
951 546 1033 594 est
1061 543 1461 610 argumentatio
1483 541 1692 612 Cyprii,
1718 558 1840 612 qua:
1862 556 1956 594 νο-
1986 550 2025 602 Α
2061 540 2228 606 istud,
2285 543 2602 612 donumque
2660 547 2902 596 creatum
2943 538 3218 596 communi
3250 535 3471 606 quidem
3495 553 3626 605 ope-

346 629 505 685 eibus
535 629 811 684 innititur.
845 632 1052 686 Ducent
1075 631 1372 702 Scriptura:
1390 634 1489 702 (ait
1518 633 1633 703 ille)
1662 633 1938 703 Spiritum

345 730 597 774 sanctum
620 724 898 789 procedere
921 741 952 777 α
989 723 1234 778 Patre:a
1269 723 1408 778 Filio
1435 739 1588 785 vero.
1623 734 1830 792 autper
1855 723 1942 777 Fi-

344 813 480 868 lium
521 817 738 884 spirari,
767 833 1040 882 emanare,
1068 819 1292 889 effluere,
1333 817 1606 886 profundi,
1658 815 1942 886 explenda-

344 919 511 964 scere.
550 905 754 960 docent
802 908 1019 962 Patres.
1086 909 1355 964 Nimirum
1412 909 1480 962 ad
1515 911 1634 978 ejus
1680 919 1938 963 aiternam

347 996 648 1066 originem,
684 1000 759 1052 ait
801 999 913 1062 ille,
941 1001 1182 1070 pertinet
1211 1003 1531 1071 processio:
1583 1001 1938 1070 temporalem

350 1090 668 1144 missi-onem
701 1091 820 1159 ejus
849 1092 1097 1146 indicant
1128 1094 1250 1149 alia:
1284 1110 1466 1148 voces.
1529 1095 1595 1146 At
1631 1093 1940 1166 hujusmodi

350 1184 516 1238 etiam
559 1185 788 1238 vocibus
841 1193 1101 1240 aeternam
1151 1201 1216 1241 ac
1271 1186 1688 1241 substantialem
1738 1185 1938 1254 exponi

348 1275 619 1344 originem
672 1277 914 1345 Spiritus
973 1277 1174 1341 sancti,
1243 1293 1364 1347 quae
1416 1279 1677 1348 processio
1705 1276 1934 1343 dicitur,

349 1366 560 1422 evincit
597 1379 822 1422 sanctus
848 1367 1110 1423 Thomas.
1139 1369 1273 1440 Ejus
1302 1369 1488 1440 accipe
1525 1369 1690 1424 verba
1715 1369 1768 1424 in
1797 1385 1939 1438 opu-

343 1459 500 1512 sculo
535 1459 589 1514 l:
620 1478 638 1512 ι
675 1460 755 1515 Ex
778 1462 1075 1530 praemissis
1109 1462 1380 1533 (vocibus)
1439 1465 1501 1517 de
1527 1465 1838 1517 necessitate
1857 1478 1940 1517 se-

343 1550 542 1618 quitur,
567 1552 712 1620 quod
743 1550 984 1621 Spiritus
1017 1558 1239 1608 sanctus
1275 1557 1522 1624 procedat
1554 1573 1584 1608 a
1609 1553 1772 1610 Filio.
1803 1554 1939 1610 Ver-

343 1640 477 1696 bum
508 1643 657 1698 enim
691 1647 1039 1714 processionis
1067 1646 1212 1701 inter
1241 1649 1446 1713 omnia,
1480 1664 1602 1719 qua:
1638 1647 1707 1702 ad
1763 1647 1936 1719 origi-

344 1749 469 1788 nem
508 1737 808 1804 pertinent,
837 1738 1010 1809 magis
1063 1740 1343 1795 invenitur
1369 1756 1492 1797 esse
1532 1756 1848 1807 commune,
1883 1749 1940 1794 et

345 1827 530 1882 minus
583 1828 813 1884 modum
888 1830 1121 1902 originis
1184 1833 1579 1888 determinare.
1657 1829 1935 1901 Quidquid

2047 633 2262 687 ratione
2288 633 2453 688 etlicit
2507 631 2852 688 sanctissima
2908 629 3181 685 Trinitas:
3235 629 3328 683 sed
3367 628 3488 695 ejus
3542 643 3628 681 ra-

2047 725 2197 779 tione
2226 724 2523 794 specialem
2591 724 2940 795 prmsentiam
2973 722 3189 777 obtinet
3216 735 3474 792 persona,
3508 734 3628 789 qua:

2045 817 2313 871 mittitur:
2347 833 2399 870 v.
2435 833 2518 885 gr.
2546 832 2776 888 persona
2812 815 2939 870 Filii
2963 814 3301 869 humanitate
3325 825 3626 881 assumpta,

2043 921 2097 964 et
2125 925 2358 979 persona
2379 909 2608 980 Spiritus
2630 911 2806 966 sancti
2875 911 2928 964 in
2959 911 3136 965 anima
3168 926 3262 980 per
3295 909 3546 979 gratiam,
3571 916 3632 961 ut

2043 1004 2208 1072 paulo
2233 1003 2411 1061 fusius
2443 1003 2584 1059 infra
2624 1004 2942 1058 dicendum.
2991 1004 3142 1058 Hanc
3196 1004 3499 1057 missionem
3538 1015 3630 1056 re-

2045 1095 2187 1150 ferre
2244 1105 2412 1150 totam
2459 1095 2528 1151 ad
2577 1113 2716 1166 opus
2757 1107 3070 1159 externum,
3109 1111 3199 1150 res
3231 1105 3315 1150 est
3343 1093 3630 1149 absurdis-

2043 1190 2217 1245 sima:
2262 1206 2387 1246 cum
2422 1207 2591 1246 sacrm
2625 1191 2921 1261 Scriptum
2940 1191 3142 1260 passim
3172 1200 3226 1244 et
3258 1186 3456 1243 Filium
3483 1187 3627 1241 mitti

2043 1283 2296 1351 doceant,
2323 1294 2377 1340 et
2397 1284 2654 1356 Spiritum
2675 1293 2939 1340 sanctum.
2970 1284 3259 1352 Quatenus
3287 1299 3420 1352 ergo
3447 1283 3628 1336 missio

2043 1373 2283 1429 refertur
2343 1375 2408 1431 ad
2440 1392 2723 1447 personam
2753 1377 3016 1441 divinam,
3069 1392 3134 1430 ea
3165 1385 3246 1430 est
3291 1385 3534 1429 attenta:
3573 1382 3632 1426 et

2041 1475 2316 1536 quatenus
2379 1468 2446 1522 ad
2483 1468 2730 1524 exterius
2745 1485 2885 1540 opus
2909 1468 3168 1532 refertur,
3194 1466 3515 1536 temporalis
3543 1463 3629 1516 di-

2043 1559 2231 1625 citur;
2261 1559 2407 1614 unde
2442 1559 2631 1615 futuro
2660 1570 2907 1631 tempore
2934 1559 3153 1615 dicebat
3183 1557 3464 1614 Christus:
3505 1554 3630 1622 Spi-

2042 1648 2210 1704 ritum
2268 1661 2524 1706 sanctum
2568 1654 2780 1707 mittam
2819 1652 2983 1706 vobis.
3012 1651 3171 1706 Prior
3218 1649 3310 1704 illa
3366 1649 3631 1701 missionis

2041 1743 2416 1800 consideratio
2445 1759 2552 1799 non
2584 1753 2670 1800 est
2695 1746 2996 1811 imperium,
3025 1742 3304 1814 quomodo
3323 1744 3465 1798 servi
3500 1743 3632 1797 mit-

2044 1845 2237 1891 tuntur
2285 1853 2315 1890 a
2377 1835 2660 1892 dominis:
2712 1852 2823 1892 non
2864 1845 2948 1892 est
2984 1837 3286 1902 consilium,
3317 1847 3406 1890 aut
3447 1835 3630 1889 simile

341 1917 490 1973 enim
525 1937 828 1993 quocunque
856 1925 1009 1978 modo
1033 1934 1117 1980 est
1145 1922 1214 1978 ab
1241 1923 1428 1994 aliquo
1457 1922 1766 1978 secundum
1805 1937 1937 1976 con-
1970 1916 2012 1974 Β
2041 1929 2347 2000 quidpiam,
2378 1929 2656 1999 quomodo
2681 1930 2872 2001 aegroti
2914 1930 3206 1985 mittuntur
3236 1944 3267 1984 a
3316 1928 3532 1982 medico
3562 1925 3628 1979 ad

341 2021 560 2066 suetum
595 2015 1095 2086 modumloquendi
1129 2015 1200 2071 ab
1233 2015 1354 2086 ipso
1384 2017 1664 2085 procedere
1688 2014 1924 2069 dicitur:

341 2103 456 2159 sive
478 2105 549 2160 sit
571 2105 640 2160 ab
669 2122 737 2160 eo
766 2108 1114 2171 naturaliter,
1142 2109 1290 2163 sicut
1317 2108 1517 2164 Petrus
1540 2107 1744 2162 dicitur
1768 2123 1798 2162 a
1823 2121 1926 2161 suo

342 2196 502 2252 Patre
539 2200 915 2267 processisse:
957 2216 1054 2257 seu
1079 2219 1384 2264 emanasse.
1448 2203 1595 2256 sicut
1647 2201 1926 2270 spiramen

340 2290 596 2356 procedit
619 2308 646 2344 a
680 2293 959 2358 spirante:
988 2309 1084 2349 seu
1111 2295 1388 2365 eﬁluxisse,
1411 2294 1554 2350 sicut
1577 2293 1774 2347 ﬂuvius
1797 2309 1926 2363 pro-

341 2381 488 2436 cedit
527 2399 554 2434 ιι
582 2381 773 2438 fonte:
808 2384 924 2439 sive
953 2385 1338 2454 artiﬁcialiter,
1382 2385 1530 2442 sicut
1552 2385 1752 2439 domus
1801 2399 1928 2454 pro-

339 2472 486 2527 cedit
511 2475 577 2526 ab
599 2475 847 2532 artifice:
881 2493 975 2532 seu
1018 2477 1264 2532 localiter
1305 2488 1540 2543 tantum,
1589 2479 1733 2533 sicut
1761 2491 1926 2547 spon-

340 2579 436 2618 sus
470 2565 674 2622 dieitur
707 2568 775 2623 de
795 2571 1034 2626 thalamo
1064 2572 1393 2643 procedens.
1426 2573 1546 2629 Non
1563 2582 1746 2627 autem
1771 2571 1933 2643 quid-

339 2659 470 2726 quid
503 2669 579 2714 est
625 2662 689 2716 ab
729 2664 838 2717 alio
874 2681 1184 2734 quocunque
1235 2668 1409 2732 modo,
1450 2677 1634 2737 potest
1665 2667 1774 2720 dici
1821 2667 1930 2737 spi-

339 2755 476 2818 rari,
513 2755 599 2810 vel
643 2761 916 2827 generari,
957 2761 1043 2814 vel
1070 2763 1254 2832 ﬂuere,
1283 2763 1365 2816 Vel
1401 2763 1581 2816 mitti:
1611 2770 1667 2815 et
1705 2770 1928 2832 pr0pter

339 2846 444 2900 hoc
471 2849 694 2902 verbum
737 2853 1086 2920 processiouis
1151 2853 1317 2907 etiam
1349 2853 1566 2924 origini
1616 2852 1926 2907 divinarum

337 2955 700 3008 personarum
727 2954 811 2997 est
837 2945 1010 3011 magis
1047 2945 1474 3000 accommodum
1504 2964 1518 3012 ;
1581 2947 1708 3015 quia
1740 2945 1928 2999 divina

337 3045 438 3098 per
463 3034 772 3088 communia
801 3035 1022 3101 melius,
1050 3053 1213 3106 quam
1237 3052 1332 3106 per
1359 3036 1611 3106 specialia
1638 3037 1930 3107 designan-

341 3133 447 3175 tur.
490 3124 570 3177 Ex
595 3141 930 3193 quocunque
965 3143 1098 3198 ergo
1136 3143 1331 3184 eorum
1359 3145 1481 3198 qua:
1509 3139 1639 3184 sunt
1673 3137 1925 3183 ostensa:

335 3215 550 3270 scilicet
583 3217 730 3286 quod
764 3219 1004 3289 Spiritus
1061 3231 1285 3276 sanctus
1342 3223 1544 3275 exsistit
1575 3239 1607 3276 a
1653 3221 1807 3287 Filio,
1841 3221 1926 3276 vel

331 3308 473 3378 ﬂuit,
499 3309 580 3364 vel
603 3309 864 3378 spiratur,
889 3313 972 3366 vel
991 3322 1242 3378 emanat;
1275 3312 1342 3367 de
1365 3308 1693 3369 necessitate
1720 3316 1944 3368 conclu-

343 3400 514 3460 ditur.
559 3403 708 3470 quod
759 3404 998 3474 Spiritus
1028 3417 1252 3460 sanctus
1318 3423 1349 3461 a
1406 3407 1542 3461 Filio
1606 3408 1874 3476 procedit.
1917 3427 1934 3458 ι

333 3492 542 3564 Nempe
575 3504 686 3550 tum
711 3499 1058 3564 proccssionis
1089 3515 1213 3566 vox,
1248 3510 1361 3554 tum
1397 3501 1516 3554 aliae
1539 3515 1698 3555 voces
1719 3516 1942 3553 catae-.1-

336 3587 882 3658 tionis,splrationis,
948 3593 1190 3663 e/ﬂuxtts,
1261 3594 1606 3663 profusionis,
1693 3593 1942 3661 exsplen-

336 3677 641 3745 descentiaz,
671 3680 993 3751 similesque
1024 3684 1296 3752 originem
1323 3684 1640 3755 significant
1670 3685 1923 3755 alicujus,

335 3769 481 3835 quod
515 3773 788 3841 procedit,
816 3781 1058 3839 emanat,
1090 3777 1352 3844 spiratur,
1383 3776 1577 3839 efﬂuit,
1604 3775 1940 3844 exsplende-

333 3859 436 3918 scit
462 3875 550 3919 :at
573 3881 737 3922 voces
767 3869 886 3922 ista:
906 3869 1241 3938 posteriores
1263 3869 1487 3922 modum
1516 3868 1805 3938 quemdam
1833 3869 1940 3922 ori-

335 3953 480 4022 ginis
511 3953 941 4010 determinatum
973 3956 1261 4021 exhibent,
1297 3957 1733 4012 communiorcm
1771 3956 1940 4023 signi-

339 4043 466 4099 ﬁcat
487 4060 589 4099 vox
611 4047 760 4115 prior
783 4050 1174 4117 processionis,
1198 4063 1530 4118 quacunque
1553 4049 1835 4116 contingat
1851 4063 1937 4102 ra-

340 4139 514 4196 tione.
536 4141 700 4211 Origo
729 4140 968 4210 Spiritus
996 4145 1169 4198 sancti
1190 4143 1412 4212 proprio
1441 4153 1702 4210 certoque
1716 4143 1938 4199 nomine

337 4241 509 4296 caret,
559 4233 867 4303 cuiusmodi
917 4243 1002 4290 est
1054 4236 1408 4302 generationis
1443 4233 1792 4296 vocabulum.
1825 4253 1934 4304 quo

341 4321 464 4377 Filii
484 4325 752 4394 originem
784 4326 1066 4395 appellant
1095 4341 1265 4381 sacra:
1301 4325 1620 4394 Scripturaa.
1643 4323 1779 4381 llinc
1803 4344 1925 4384 eam

340 4416 662 4485 Scripturae,
733 4417 1036 4490 Patresque
1087 4421 1320 4475 vocibus
1373 4419 1541 4473 variis
1582 4418 1934 4475 circumscri-

338 4511 514 4564 bunt:
553 4526 675 4580 qua:
703 4511 926 4565 demum
958 4512 1010 4566 id
1041 4527 1338 4568 commune
1371 4515 1696 4569 vocabulum
1719 4533 1930 4585 proces-

2027 2023 2354 2079 sumendam
2402 2023 2756 2090 medicinam,
2788 2032 2882 2077 aut
2928 2023 3206 2093 quomodo
3237 2037 3268 2078 a
3322 2020 3631 2091 sapientio-

2030 2117 2184 2170 ribus
2227 2118 2524 2172 mittuntur
2577 2116 2644 2171 ad
2684 2116 2976 2171 lectionem
3004 2115 3098 2185 qui
3125 2113 3474 2169 edocentur:
3509 2114 3620 2166 erit

2027 2223 2160 2278 ergo
2185 2209 2451 2263 naturalis
2480 2209 2782 2280 productio,
2818 2207 3100 2279 quomodo
3138 2207 3368 2262 arbores
3403 2206 3629 2259 mittere

2029 2303 2289 2356 dicuntur
2319 2302 2554 2374 radices,
2601 2313 2658 2358 et
2697 2305 2950 2358 emittere
2977 2299 3142 2356 ﬂores
3163 2339 3179 2354 .
3208 2299 3322 2354 Hoc
3347 2314 3513 2354 sensu
3547 2299 3617 2352 ah

2030 2403 2240 2449 (sterno
2268 2394 2465 2460 Filius,
2495 2394 2676 2465 quoad
2715 2394 2835 2462 ejus
2893 2388 3354 2456 incarnationem.
3389 2393 3634 2446 mittitur

2031 2502 2061 2542 a
2091 2487 2272 2551 Patre,
2309 2489 2438 2558 quia
2485 2489 2554 2543 ab
2602 2500 2811 2545 aeterno
2850 2487 3114 2552 nascitur,
3149 2495 3403 2540 naturam
3452 2482 3635 2537 homie

2033 2579 2121 2632 nis
2147 2587 2396 2646 tempore
2423 2587 2632 2632 statuto
2667 2593 2956 2634 assumens
2980 2595 2996 2636 :
3024 2584 3080 2632 et
3111 2592 3139 2629 a
3175 2576 3334 2630 Patre
3383 2575 3634 2642 Filioque

2035 2671 2175 2726 mitti
2197 2670 2462 2740 Spiritum
2490 2681 2741 2725 sanctum
2768 2671 2904 2724 nihil
2935 2669 3082 2724 aliud
3111 2678 3216 2730 est,
3251 2683 3418 2738 quam
3447 2667 3632 2735 ipsum

2035 2761 2103 2815 ab
2137 2770 2372 2830 utroque
2405 2762 2728 2831 procedere,
2777 2772 3073 2816 externum
3133 2757 3356 2828 aliquod
3389 2771 3531 2826 opus
3575 2755 3635 2813 in

2036 2861 2280 2922 tempore
2307 2853 2656 2908 eﬂicientem.
2693 2852 2815 2908 Uno
2847 2853 3038 2919 verbo,
3087 2852 3266 2904 missio
3297 2849 3434 2903 nihil
3477 2847 3635 2903 aliud

2033 2953 2138 3008 cst,
2165 2959 2332 3013 quant
2369 2954 2572 3000 aeterna
2603 2943 2919 3014 productio,
2954 2941 3498 3010 communicatioque
3535 2953 3635 2991 na-

2036 3045 2209 3089 turte:
2242 3039 2296 3091 in
2335 3053 2452 3107 qua
2498 3038 2631 3091 illud
2661 3045 2766 3100 est,
2801 3047 2854 3089 ιιι
2885 3036 2939 3090 in
2974 3045 3218 3104 tempore
3243 3049 3381 3102 opus
3405 3029 3635 3100 aliquod

2044 3138 2340 3181 externum
2372 3137 2656 3198 appareat,
2680 3127 2825 3196 quod
2869 3141 3118 3195 personae
3153 3123 3334 3177 missa:
3365 3132 3635 3191 tanquam

2047 3221 2319 3292 peculiare
2348 3220 2667 3275 ascribitur.
2698 3217 3010 3273 Doctissimi
3035 3217 3242 3271 Petavii
3269 3213 3436 3269 verba
3467 3228 3640 3266 usur-

2050 3329 2263 3383 pamus.
2326 3311 2448 3367 Haec
2509 3313 2698 3381 utique
2749 3327 2876 3366 vera
2895 3325 2959 3364 ac
2991 3309 3209 3380 propria
3243 3318 3325 3362 est
3358 3307 3640 3360 missionis

2049 3406 2222 3470 notio,
2255 3420 2362 3474 qua
2393 3403 2494 3458 soli
2528 3401 2722 3467 Filius,
2785 3412 2841 3456 et
2875 3401 3113 3472 Spiritus
3149 3409 3374 3454 sanctus
3427 3397 3643 3452 divinis

2050 3499 2103 3552 in
2144 3499 2377 3566 eloquiis
2407 3497 2554 3549 missi
2583 3511 2694 3548 esse
2737 3494 2998 3549 dicuntur
3025 3513 3037 3548 :
3075 3509 3139 3547 ac
3171 3493 3334 3546 Pater
3367 3506 3642 3560 nusquam

2048 3590 2239 3660 legitur
2274 3593 2481 3655 missus,
2520 3589 2678 3642 utait
2709 3588 3068 3656 Augustinus,
3120 3586 3262 3640 libro
3295 3600 3357 3648 ll,
3398 3584 3472 3635 De
3509 3581 3641 3636 Tri-

2049 3683 2235 3746 nitate,
2269 3680 2447 3750 capite
2480 3681 2534 3735 5.
2568 3680 2703 3733 llinc
2731 3678 3035 3733 beatissimi
3081 3676 3340 3747 Cyrillus,
3372 3683 3430 3729 et
3483 3672 3644 3726 Basi-

2048 3775 2153 3829 lius
2208 3773 2565 3843 tcmporalem
2585 3771 2824 3841 Spiritus
2847 3770 3022 3826 sancti
3068 3769 3385 3823 missionem
3422 3766 3645 3820 edisse-

2048 3876 2197 3931 rnnt,
2222 3865 2390 3920 veluti
2422 3881 2488 3920 ex
2523 3875 2726 3920 acterna
2759 3867 3109 3934 processione
3169 3875 3640 3933 conscquentem.

2048 3958 2136 4012 Ait
2167 3959 2270 4013 iste
2312 3958 2408 4012 lib.
2443 3973 2525 4021 ιιι,
2559 3958 2823 4011 Adversus
2860 3955 3211 4015 Ennomium.
3244 3971 3397 4009 num.
3432 3955 3454 4008 l
3489 3974 3501 4006 :
3566 3951 3642 4006 Ut

2043 4052 2133 4121 qui
2168 4050 2448 4120 (Spiritus)
2504 4067 2614 4104 esse
2635 4052 2698 4104 ab
2735 4051 2828 4104 illo
2861 4053 3078 4122 (nempe
3135 4049 3296 4118 Filio)
3329 4049 3552 4109 habeat,
3591 4056 3645 4100 et

2043 4144 2108 4195 ab
2160 4143 2272 4212 ipso
2331 4143 2584 4211 accipiat:
2637 4151 2686 4195 et
2753 4143 3039 4194 annuntiat
3085 4141 3250 4194 nobis.
3311 4140 3401 4192 Ait
3454 4140 3552 4194 ille
3586 4141 3646 4193 in

2044 4236 2331 4298 Thesauro,
2364 4251 2486 4303 pag.
2524 4235 2648 4289 558:
2683 4235 2763 4288 Ex
2796 4236 2906 4303 ipso
2934 4233 3116 4302 (Filio)
3172 4232 3511 4286 naturaliter
3540 4248 3641 4285 ex-

2040 4330 2228 4382 sistcns
2260 4327 2540 4396 (Spiritus)
2569 4337 2616 4379 et
2650 4327 2702 4380 in
2748 4336 3054 4380 creaturam
3090 4326 3154 4378 ab
3191 4328 3305 4394 ipso
3343 4327 3570 4378 missus.

2110 4420 2217 4491 87
2249 4418 2400 4485 Quod
2435 4419 2478 4471 si
2512 4419 2735 4473 «lenium
2772 4418 3034 4471 exteriori
3068 4417 3421 4471 solummodo
3477 4418 3650 4486 operi

2041 4513 2192 4565 notio
2247 4512 2510 4565 missionis
2565 4509 2875 4578 alligetur;
2933 4509 3014 4562 vel
3063 4508 3106 4561 si
3165 4509 3218 4561 in
3253 4507 3527 4561 missione
3593 4508 3652 4562 id

335 4601 524 4666 sionis,
556 4604 625 4656 ad
653 4603 924 4673 originem
958 4607 1013 4658 in
1047 4604 1250 4660 divinis
1278 4607 1656 4675 explicandam
1690 4612 1920 4680 aptissi-
1960 4613 2004 4669 υ
2036 4617 2207 4655 unum
2243 4600 2650 4659 consideretur,
2698 4600 2839 4667 quod
2873 4608 3098 4652 estesse
3133 4599 3474 4667 principium
3502 4599 3655 4680 elﬂ'e—

341 4709 516 4755 mum,
581 4687 930 4764 redigentur.
991 4693 1131 4748 Hinc
1189 4710 1322 4748 vero
1356 4711 1480 4749 cum
1523 4697 1726 4766 passim
1782 4697 1931 4752 Scri-
2041 4704 2184 4756 ctus,
2220 4693 2378 4762 cujus
2428 4692 2643 4744 ratione
2699 4706 2929 4759 persona
2995 4690 3179 4758 aliqua
3210 4690 3355 4744 mitti
3393 4690 3657 4755 dicitur;

337 4796 513 4856 pturte
545 4786 844 4855 Patresque
873 4787 1133 4852 doceant,
1172 4787 1444 4855 Spiritum
1483 4798 1738 4842 sanctum
1781 4790 1928 4844 acci-
2043 4789 2162 4844 haec
2189 4789 2380 4858 utique
2417 4788 2651 4856 primum
2688 4783 3007 4853 impropria,
3035 4797 3099 4835 ae
3140 4781 3307 4835 nimis
3333 4781 3448 4834 late
3485 4798 3660 4836 sum-

337 4898 468 4953 pere
503 4881 570 4936 de
603 4881 764 4945 Filio,
786 4890 842 4936 et
863 4896 892 4934 a
920 4880 1103 4944 Patre,
1145 4881 1418 4952 Filioque.
1448 4881 1566 4936 sive
1597 4897 1697 4951 per
1725 4881 1924 4935 Filium
2041 4891 2137 4952 pta
2174 4881 2434 4935 missionis
2463 4878 2600 4932 ratio
2626 4888 2746 4930 est:
2792 4890 2856 4929 ac
2893 4875 3091 4928 deinde
3122 4873 3406 4943 propriam
3466 4874 3658 4940 illam,

336 4989 617 5037 emanare,
653 4972 871 5043 spirari,
901 4971 1196 5040 proﬂuere,
1231 4971 1516 5041 profundi,
1549 4973 1928 5042 exSplendes-
2041 4991 2207 5046 quam
2263 4973 2695 5029 enucleavimus.
2765 4969 2897 5024 satis
2951 4967 3202 5028 indicat;
3261 4981 3388 5019 cum
3460 4966 3519 5018 in
3551 4967 3666 5020 hac

336 5080 497 5132 cere;
525 5066 636 5140 86
652 5081 714 5118 ea:
738 5066 815 5119 Itis
832 5064 894 5118 de
915 5065 1216 5118 necessitate
1239 5063 1657 5118 concludendum
1675 5066 1930 5135 Aquinas
2041 5067 2206 5120 etiam
2243 5063 2505 5118 missione
2540 5061 2838 5131 impropria
2893 5073 3167 5124 nmquam
3208 5057 3372 5111 Pater
3432 5057 3665 5126 legitur

334 5159 620 5223 admonet,
659 5157 798 5226 quod
834 5157 1069 5226 Spiritus
1090 5165 1361 5211 sanctusa
1398 5155 1539 5210 Filio
1561 5157 1821 5226 procedit.
2044 5155 2260 5214 missus,
2327 5153 2479 5207 missi
2527 5166 2660 5204 vero
2727 5151 2986 5203 dicuntur
3042 5149 3218 5200 Filius
3276 5156 3332 5201 et
3389 5146 3666 5216 Spiritus

409 5252 474 5306 V.
501 5250 609 5306 Sed
659 5251 744 5304 vel
778 5250 892 5321 ipsa
925 5251 1146 5306 demum
1195 5249 1487 5318 temporali
1514 5248 1764 5318 ejusdem
1795 5249 1932 5303 mis-
2043 5254 2292 5300 sanctus.
2334 5244 2446 5298 Cur
2472 5243 2644 5297 vero?
2673 5243 2808 5308 Quia
2841 5241 3002 5294 Pater
3033 5257 3060 5292 a
3094 5240 3249 5292 nullo
3277 5248 3386 5301 est.
3430 5240 3505 5293 ab
3540 5241 3669 5296 alio

337 5345 520 5408 sione,
585 5359 692 5414 qua
738 5343 970 5398 nimium
1016 5344 1329 5397 abutuntur
1380 5342 1582 5401 (ἔτ-τεεί.
1614 5351 1819 5396 teterna
1867 5356 1933 5395 ac
2043 5339 2219 5393 Filius
2249 5348 2303 5392 et
2333 5338 2573 5406 Spiritus
2625 5347 2848 5390 sanctus
2909 5335 3243 5404 procedunt.
3293 5333 3417 5400 Quo
3475 5349 3670 5391 sensu

335 5437 717 5492 substantialis
745 5439 920 5508 origo,
953 5453 1049 5490 seu
1087 5437 1371 5506 processio
1397 5433 1643 5504 Spiritus
1670 5433 1847 5488 sancti
1900 5448 1931 5487 λ
2047 5432 2242 5491 Filius,
2285 5445 2410 5483 cum
2446 5445 2667 5482 carnem
2700 5429 3016 5495 assumpsit,
3052 5442 3159 5479 non
3193 5442 3223 5480 a
3285 5427 3455 5481 Patre
3503 5430 3670 5492 solo,

336 5533 500 5588 Patre
526 5544 584 5588 et
608 5549 637 5588 a
662 5534 826 5598 Filio,
883 5535 967 5589 vel
1010 5549 1111 5604 per
1140 5530 1340 5587 Filium
1373 5532 1710 5586 ostenditur.
1742 5532 1796 5583 In
1829 5529 1932 5582 hac
2045 5523 2140 5577 sed
2173 5522 2337 5575 etiam
2364 5535 2392 5573 a
2443 5519 2644 5587 Spiritu
2703 5529 2893 5572 sancto
2924 5521 3127 5572 inissus
3182 5519 3392 5574 dicitur
3425 5537 3442 5587 ;
3495 5525 3670 5590 quod

338 5628 627 5696 temporali
667 5628 926 5682 ιηίεείοηρ
955 5643 1241 5698 personam
1273 5625 1578 5694 distingue,
1621 5639 1743 5692 qua
1792 5622 1932 5675 mitti
2045 5615 2136 5667 hic
2157 5629 2262 5666 una
2295 5629 2419 5666 cum
2454 5613 2637 5674 Patre,
2669 5613 2777 5665 imo
2807 5623 2862 5665 ct
2891 5627 3012 5664 cum
3046 5611 3210 5672 Filio,
3245 5622 3563 5669 externum
3601 5618 3675 5672 il-

333 5720 579 5776 dicitur:
634 5736 700 5775 ac
733 5721 1054 5785 terminum,
1082 5721 1199 5774 sive
1232 5733 1391 5787 opus,
1420 5717 1743 5784 donumque
1776 5729 1934 5776 crca-
2045 5707 2138 5760 lud
2167 5721 2305 5774 opus
2329 5705 2668 5758 elaboravit:
2703 5720 2764 5757 ac
2805 5706 3100 5773 cteteroqui
3159 5705 3335 5760 Filius
3371 5719 3464 5760 est
3529 5725 3675 5779 per-

334 5823 472 5877 tum,
525 5815 680 5884 cujus
727 5815 940 5867 ratione
1009 5813 1174 5866 missa
1245 5823 1482 5880 persona
1526 5821 1656 5860 novo
1695 5805 1930 5876 quodam
2044 5798 2520 5865 sonaprocedens.
2556 5796 2676 5862 Quo
2724 5795 2888 5848 etiam
2943 5813 3108 5850 s:.-nsu
3143 5814 3256 5852 non
3311 5798 3674 5860 dubitavere

337 5907 492 5960 πουίιο
549 5911 599 5961 m
658 5909 719 5961 iis
759 5907 944 5982 incipit
999 5922 1132 5973 esse,
1179 5903 1248 5958 ad
1307 5915 1448 5972 quos
1479 5895 1743 5953 mittitur.
1777 5893 1928 5964 Opus
2045 5891 2239 5947 Patres
2266 5889 2337 5944 ita
2361 5888 2534 5961 loqui,
2567 5896 2626 5943 ut
2659 5887 2829 5943 Filius
2863 5903 2890 5943 a
2921 5887 3127 5960 seipse,
3157 5899 3212 5945 ct
3251 5891 3425 5946 etiam
3462 5892 3669 5963 Spiri.
