3858 6532
236 442 305 506 97
1366 441 1563 503 l'l'l‘A.
1606 462 1672 477 -~
1713 442 2225 531 DlSSER'l‘ATlO
2251 441 2304 507 1.
3429 444 3507 510 tis

242 572 329 619 tus
359 568 586 616 sanctus
617 576 647 616 a
678 559 860 631 seipso
913 558 1185 615 mittatur.
1219 557 1289 614 At
1344 560 1641 614 missionem
1679 559 1819 615 acci-
1853 569 1890 621 Α
1921 560 2251 624 subsistens,
2292 574 2368 615 ac
2410 558 2650 630 Spiritus
2692 573 2942 630 persona.
2993 576 3116 631 quae
3170 560 3501 620 Trinitatem

243 657 458 727 pientes
515 654 688 730 Graeci
725 670 826 725 pro
878 653 994 708 sola
1022 652 1295 708 donorum
1349 653 1662 721 largitione.
1700 654 1815 706 sive

239 764 339 820 pro
370 748 488 803 sola
549 749 738 819 Operis
770 746 985 804 esterni
1042 745 1353 806 efﬁcientia.
1408 745 1643 801 eludunt
1698 746 1817 803 sine

236 841 405 896 dubio
437 840 772 909 Scripturas,
814 856 936 911 qua:
967 840 1168 909 passim
1194 837 1414 903 docent,
1452 837 1677 901 Filium,
1713 838 1819 893 hoc

234 944 319 990 est
338 950 629 1004 personam
668 932 818 999 Filii,
852 932 992 989 mitti
1014 947 1044 986 a
1075 933 1238 989 Patre
1265 952 1278 986 :
1319 941 1376 986 et
1403 931 1668 1005 Spiritum
1694 947 1819 985 san-

235 1034 411 1093 ctum,
466 1024 575 1080 hoc
612 1036 698 1080 est
732 1042 1012 1097 personam
1041 1025 1179 1096 ejus,
1213 1039 1242 1078 a
1282 1024 1442 1079 Patre
1473 1023 1639 1086 mitti,
1700 1036 1752 1076 et
1787 1038 1818 1078 a

236 1117 398 1174 Filio.
456 1117 614 1175 Ratio
656 1130 920 1189 prmtcrca
972 1118 1139 1175 haud
1182 1133 1422 1187 unquam
1485 1116 1820 1172 conveniens

239 1223 302 1262 ac
334 1208 512 1263 solida
537 1218 739 1280 praesto
776 1210 885 1264 illis
926 1208 1112 1272 fuerit,
1144 1223 1267 1285 qua,
1291 1207 1592 1271 declarent,
1628 1221 1728 1261 cur
1765 1205 1818 1259 in

236 1297 449 1356 divinis
506 1301 746 1370 eloquiis
772 1318 837 1357 ac
862 1311 970 1357 tota
994 1302 1219 1357 Patrum
1250 1301 1566 1373 traditione.
1600 1286 1821 1353 nonnisi

233 1407 472 1462 persona
526 1393 832 1465 procedens
860 1394 929 1448 a’u
959 1394 1085 1456 alia,
1116 1393 1259 1449 mitti
1300 1390 1665 1448 enuntietur?
1698 1389 1822 1445 Huic

230 1483 395 1539 docet
450 1488 634 1540 omnia
693 1486 970 1543 latissime
1059 1487 1356 1558 Dionysius
1412 1485 1696 1559 Petavius,
1758 1485 1821 1543 li-

229 1577 333 1632 bro
350 1593 466 1641 \lll,
504 1576 581 1632 De
607 1577 890 1645 Trinitate,
912 1597 976 1635 ac
995 1580 1153 1655 brevi
1178 1581 1452 1635 sententia
1479 1579 1721 1648 Aquinas
1745 1579 1798 1632 in

234 1669 410 1742 prima
442 1669 680 1725 Summae
723 1672 1042 1743 theologica:
1071 1684 1249 1742 parte,
1280 1680 1473 1742 quaest,
1515 1672 1605 1735 ιιι,
1629 1682 1734 1726 art.
1765 1671 1819 1734 8,

300 1765 621 1821 Missionem
652 1767 803 1822 illam
831 1768 1142 1837 divinarum
1189 1781 1558 1836 personarum
1591 1763 1821 1834 proprie

234 1858 439 1912 dictam
465 1858 543 1913 ita
574 1859 795 1913 demum
820 1858 1031 1928 accipe,
1059 1874 1121 1911 ac
1151 1857 1413 1925 intellige.
1439 1857 1624 1911 Rebus
1650 1856 1822 1909 omni-

1920 655 2160 724 complet
2194 691 2211 707 .
2251 691 2268 709 .
2312 694 2326 706 .
2352 652 2571 708 Etenim
2616 652 2869 707 Christus
2902 654 3140 711 eumdem
3170 670 3229 709 se
3293 671 3501 708 missu-

1921 763 2043 802 rum
2075 748 2206 803 dicit
2257 763 2380 804 esse
2414 745 2697 812 Spiritum,
2762 746 2855 815 qui
2905 763 2937 798 a
2995 744 3166 799 Patr:
3223 748 3501 814 procedit:

1922 855 2101 910 neque
2132 842 2299 895 alium
2327 855 2386 895 se
2422 840 2724 894 missurum
2773 840 2994 909 quidem
3027 843 3123 903 ait,
3172 841 3336 895 alium
3367 856 3502 896 vero

1923 932 2139 988 Patrem
2193 949 2316 989 esse
2351 934 2676 988 missurum.
2712 933 2846 988 Cum
2875 935 3036 997 enim,
3073 934 3265 1001 inquit,
3296 936 3500 987 venerit

1924 1026 2265 1091 Paracletus,
2322 1042 2478 1097 quem
2512 1042 2604 1097 ego
2637 1028 2847 1081 mittam
2902 1026 3041 1079 vobis
3080 1043 3113 1078 a
3146 1025 3331 1086 Patre,
3380 1024 3503 1094 Spi-

1923 1118 2083 1170 ritum
2114 1118 2350 1171 veritatis
2375 1118 2467 1187 qui
2496 1135 2528 1169 a
2568 1115 2732 1171 Patre
2768 1119 3021 1186 pr0cedit.
3055 1115 3171 1170 lioc
3207 1127 3390 1169 autem
3415 1117 3502 1171 Vel

1923 1208 2265 1277 grammatici
2294 1207 2395 1277 ipsi
2431 1210 2503 1261 ita
2532 1208 2924 1276 conceperint:
2956 1222 3072 1261 cum
3092 1207 3290 1260 venerit
3328 1207 3502 1260 Para-

1886 1328 1902 1346 ι
1923 1298 2109 1365 cletus,
2142 1301 2230 1370 qui
2254 1317 2287 1354 α
2319 1297 2489 1354 Patre
2503 1300 2759 1371 procedit,
2783 1315 2938 1369 quem
2963 1315 3057 1370 ego
3086 1299 3296 1353 mittam
3316 1299 3458 1353 vobis
3480 1316 3501 1364 ;

1926 1397 1985 1442 ut
2034 1390 2389 1459 perspicuum
2440 1391 2532 1456 sit,
2550 1390 2817 1450 eumdem
2848 1389 3027 1458 ipsum
3058 1394 3127 1443 ab
3157 1390 3499 1445 illoissutn

1925 1482 2018 1549 iri,
2048 1483 2142 1553 qui
2179 1499 2209 1539 a
2243 1483 2404 1538 Patre
2436 1485 2710 1554 procedit.
2762 1483 2818 1538 Si
2852 1484 3021 1554 igitur
3053 1499 3287 1554 persona
3327 1484 3505 1553 Spiri~

1929 1583 2017 1630 tus
2047 1576 2221 1647 sancti
2253 1592 2283 1630 a
2322 1576 2482 1632 Patre
2514 1577 2781 1644 procedit,
2815 1576 2958 1631 hanc
2990 1585 3047 1630 et
3104 1577 3272 1630 Filius
3309 1577 3502 1633 mittit.

1926 1667 2081 1733 Quod
2121 1668 2166 1722 si
2188 1671 2421 1738 gratiam
2454 1670 2668 1725 minime
2691 1669 3063 1723 subsistentem
3096 1669 3268 1723 Filius
3300 1669 3501 1735 mittit;

1926 1761 2094 1815 etiam
2132 1776 2165 1814 a
2210 1762 2504 1825 Pattenon
2528 1763 2788 1831 Spiritus,
2830 1763 2926 1817 sed
2954 1764 3127 1833 gratia
3159 1763 3436 1832 procedet.
3478 1780 3500 1815 ι

1910 1828 2057 1908 ~Hmc
2078 1854 2331 1911 Bessarin
2351 1828 2818 1913 luculctt—tissime.
2846 1828 3038 1911 Itob'ur
3070 1856 3155 1910 his
3182 1856 3369 1930 adjicit
3399 1858 3506 1912 Pe—

231 1947 337 2004 bus
374 1950 539 2014 inest,
561 1960 616 2005 et
654 1951 812 2006 adest
842 1950 1035 2004 intime
1084 1948 1226 2005 Deus
1292 1965 1388 2019 per
1414 1949 1718 2009 essentiam,
1771 1954 1816 2000 et
1854 1935 1893 1992 υ
1927 1944 2104 1998 tavius
2121 1944 2190 1999 de
2217 1946 2563 2000 sanctissima
2592 1945 2884 2009 Trinitate,
2918 1947 3043 2001 loco
3070 1947 3258 2011 citato,
3296 1964 3417 2018 cap.
3447 1949 3503 2015 5,

232 2043 601 2111 prcesentiam,
632 2059 694 2096 ac
724 2044 1045 2113 potentiam:
1084 2043 1252 2108 idque
1285 2041 1453 2096 habet
1489 2057 1519 2095 a
1579 2041 1691 2094 Deo
1720 2056 1819 2109 pa-

234 2143 317 2189 tre
350 2136 498 2190 Deus
520 2136 715 2201 Filius,
744 2146 799 2191 ct
827 2136 1219 2191 liabetaPatrc
1235 2143 1291 2189 et
1325 2135 1462 2190 Filio
1482 2134 1621 2187 Deus
1640 2134 1817 2202 Spiri-

230 2238 320 2286 tus
357 2238 608 2286 sanctus.
643 2231 750 2286 Per
782 2232 1179 2287 charismatum
1228 2229 1606 2298 elargitionem
1641 2244 1818 2283 novus

231 2324 519 2393 consurgit
541 2324 709 2378 veluti
734 2324 1036 2392 prmseutia:
1056 2323 1270 2387 modus,
1303 2323 1395 2391 qui
1416 2322 1587 2392 magis
1611 2322 1821 2376 minus-

234 2429 341 2485 que
360 2415 618 2485 specialis
633 2425 718 2469 est
733 2431 832 2485 pro
858 2415 967 2470 dati
992 2414 1338 2469 charismatis
1353 2413 1662 2483 praesentia.
1680 2410 1819 2466 Hinc

233 2507 479 2579 Spiritus
519 2518 806 2574 sanctus,a
853 2509 1017 2564 Patre
1052 2517 1106 2562 et
1164 2524 1195 2563 a
1226 2507 1367 2564 Filio
1411 2510 1633 2572 missus,
1673 2522 1818 2561 novo

234 2602 403 2656 modo
421 2601 659 2657 absolute
678 2613 725 2656 et
743 2601 1056 2672 simpliciter
1076 2602 1258 2656 inesse
1275 2600 1480 2657 dicitur
1499 2612 1551 2655 et
1572 2601 1819 2655 habitare

233 2692 293 2750 in
325 2693 394 2747 iis
424 2693 521 2762 qui
570 2693 760 2763 gratia:
780 2691 1178 2746 sanctiﬁcantis
1200 2691 1477 2746 charisma
1501 2691 1816 2758 accipiunt:

228 2783 327 2840 sed
351 2783 520 2838 etiam
540 2798 683 2838 novo
705 2783 888 2853 aliquo
908 2784 1069 2836 modo
1082 2796 1180 2851 per
1204 2781 1365 2835 [idem
1382 2789 1468 2837 est
1485 2781 1539 2834 in
1567 2781 1818 2837 ﬁdelibus

230 2876 639 2949 peccatoribus,
666 2883 725 2930 et
748 2890 847 2945 per
901 2875 1259 2929 dilectionem
1294 2876 1351 2928 in
1398 2875 1816 2944 paenitentibus,

226 2969 524 3023 secundum
571 2967 716 3033 quid,
749 2975 808 3021 ut
862 2965 1141 3035 inquiunt,
1171 2974 1219 3019 et
1257 2967 1577 3037 imperfecte.
1618 2968 1816 3022 Verum

232 3058 523 3113 enimvero
578 3072 703 3112 cum
754 3056 874 3127 ipso
932 3056 1143 3124 Spiritu
1193 3070 1406 3122 sancto,
1440 3061 1532 3128 qui
1561 3059 1815 3126 mittitur,

233 3166 591 3209 communem
646 3149 851 3206 habent
880 3151 1042 3206 Pater
1098 3152 1263 3208 etiam
1298 3162 1354 3206 et
1386 3152 1558 3207 Filius
1617 3166 1816 3208 novant

234 3244 409 3315 ipsam
443 3243 813 3312 praesentiam,
841 3253 895 3298 et
954 3243 1401 3298 inhabitationem
1450 3247 1660 3299 ratione
1685 3246 1812 3299 doni

233 3332 509 3398 concessi,
541 3334 691 3403 quod
719 3332 886 3388 simul
912 3333 981 3388 ad
1032 3342 1187 3388 extra
1227 3344 1339 3388 tota
1377 3345 1638 3404 operatur
1695 3352 1817 3391 san-

231 3427 485 3483 ctissima
513 3425 780 3482 Trinitas.
809 3428 882 3483 At
930 3442 1149 3482 rursum
1184 3426 1241 3481 in
1276 3427 1533 3495 praedicta
1589 3443 1822 3497 praeser-

239 3520 333 3573 tim
382 3535 485 3590 per
517 3521 750 3589 gratiam
776 3518 1208 3575 sanctiﬁcantem
1240 3519 1639 3575 inhabitatione
1656 3520 1821 3591 justis

232 3611 293 3666 in
339 3611 667 3668 hominibus
690 3611 972 3682 quidpiam
1018 3615 1187 3667 etiam
1217 3611 1477 3677 inveniri,
1508 3613 1656 3682 quod
1690 3627 1819 3682 pro-

232 3706 416 3776 prium
452 3706 526 3762 sit
546 3721 793 3777 personae
823 3705 1065 3776 Spiritus
1104 3705 1305 3771 sancti,
1358 3706 1527 3761 veluti
1561 3705 1821 3775 specialis

232 3799 486 3868 quaedam
539 3800 865 3855 substantia:
898 3800 1017 3872 ejus
1044 3800 1114 3854 ad
1141 3800 1378 3855 animam
1409 3801 1546 3873 justi
1580 3802 1821 3872 applica-

236 3888 335 3957 tio,
379 3892 738 3964 frequentius
770 3892 887 3965 88
915 3891 1117 3948 docent
1151 3893 1421 3963 theologi;
1474 3909 1539 3948 ac
1573 3894 1823 3950 luculen-

234 3984 449 4042 tissitue
480 3986 766 4043 disserunt
786 3987 1006 4059 Sylvius
1035 3986 1091 4041 in
1131 3987 1373 4044 Primam
1398 3997 1607 4059 partem
1641 3989 1818 4045 sancti

234 4079 464 4134 Thomas
493 4089 551 4136 et
578 4078 839 4134 Petavius
860 4079 984 4134 loco
1030 4077 1223 4135 citato.

310 4174 463 4230 lianc
517 4173 842 4228 missionem
875 4172 1102 4243 proprie
1130 4171 1360 4240 dictam,
1388 4172 1444 4229 in
1477 4189 1655 4245 eaque
1682 4191 1821 4246 prae-

230 4268 402 4339 cipuo
461 4265 631 4322 modo
673 4266 1137 4339 comprehensam
1170 4267 1371 4324 divina:
1394 4284 1663 4339 personis.
1696 4286 1820 4338 quae

228 4363 496 4426 mittitur,
522 4360 948 4432 productionem
967 4368 1068 4416 aut
1094 4362 1506 4432 promissionem
1537 4363 1605 4419 ab
1623 4363 1816 4430 altera,

226 4453 592 4510 validissimis
620 4451 963 4523 argumentis
986 4462 1149 4508 aetate
1178 4469 1278 4510 sua
1306 4463 1498 4510 contra
1534 4470 1664 4511 suos
1688 4472 1820 4526 gen-

225 4550 364 4603 tiles
393 4548 653 4602 tuebatur
674 4544 917 4601 Joannes
940 4545 1172 4612 Beccus,
1203 4546 1569 4618 pluribusque
1591 4548 1814 4605 Patrum

1921 2054 2075 2093 num.
2101 2040 2202 2094 49:
2239 2040 2343 2094 Εετι
2363 2043 2501 2096 enim
2530 2043 2988 2097 absurdissimum.
3034 2044 3310 2112 inquiens,
3341 2060 3506 2099 unum

1920 2130 2152 2200 Spiritus
2177 2149 2351 2187 vocem
2377 2136 2557 2189 eadem
2585 2137 2639 2187 in
2663 2138 2929 2189 sententia
2955 2139 3029 2191 sic
3059 2137 3301 2207 ambigue
3349 2155 3507 2192 usur-

1922 2226 2065 2294 pari,
2100 2234 2158 2278 ut
2192 2226 2353 2281 alteri
2378 2227 2571 2295 juncta
2606 2227 2758 2282 verba
2798 2244 3076 2297 personam
3104 2231 3271 2299 ipsum
3301 2230 3508 2300 signi/ie

1922 2325 1996 2368 cet
2030 2333 2047 2370 .'
2076 2316 2146 2369 ad
2170 2316 2399 2370 alterum
2431 2317 2627 2381 relata,
2654 2317 2974 2389 qualitatem
3010 2331 3060 2374 et
3084 2322 3355 2390 gratiam;
3410 2322 3508 2374 hoc

1922 2410 2137 2477 proprie
2199 2409 2360 2462 simul
2389 2420 2698 2476 usurpetur,
2733 2428 2796 2465 ac
2822 2414 3038 2481 (rapice.
3094 2413 3232 2468 Nam
3261 2432 3379 2469 cum
3410 2432 3508 2469 no-

1927 2516 2045 2553 men
2067 2500 2229 2571 ipsius
2266 2501 2496 2569 Spiritus
2527 2506 2701 2558 sancti
2737 2506 2951 2575 proprie
2966 2522 3030 2558 ac
3058 2522 3152 2576 per
3182 2524 3237 2560 se
3270 2508 3507 2562 divinam

1922 2594 2037 2660 ejus
2064 2594 2421 2649 substantiam
2441 2612 2832 2668 personamque
2859 2597 3142 2667 signiﬁcet,
3169 2615 3264 2652 nec
3318 2601 3371 2653 in
3398 2601 3509 2670 ple-

1923 2689 2100 2755 risque
2146 2687 2273 2741 locis
2330 2688 2492 2742 aliter
2545 2691 2892 2760 interpretari
2923 2691 3206 2745 liceat:in
3278 2693 3505 2759 cwteris,

1921 2792 2037 2845 quia
2061 2777 2189 2831 bene
2220 2780 2389 2834 multa
2412 2789 2557 2845 sunt,
2590 2781 2676 2834 ubi
2706 2782 2950 2852 diffundi,
2977 2782 3059 2836 vel
3084 2783 3154 2836 ad
3181 2800 3274 2837 nos
3307 2789 3506 2852 venire,

1923 2880 2080 2939 atque
2105 2872 2156 2927 in
2192 2872 2335 2926 nobis
2364 2874 2608 2927 habitare
2636 2874 2831 2928 dicitur
2859 2876 2995 2928 idem
3025 2875 3116 2929 ille
3147 2875 3513 2943 Spiritussana

1924 2973 2037 3016 ctus
2060 2965 2292 3033 ﬁgurate
2314 2975 2364 3019 et
2395 2967 2682 3037 imprOprie
2697 2970 2835 3022 sumi
2852 2978 3060 3039 putare,
3095 2986 3174 3023 res
3193 2980 3268 3024 est
3292 2972 3514 3042 periculi

1919 3060 2120 3125 plena;
2181 3075 2244 3112 ne
2277 3061 2417 3128 quod
2447 3060 2501 3112 in
2533 3061 2649 3113 istis
2681 3058 2979 3130 Scriptura:
3035 3064 3345 3118 testimoniis
3400 3074 3513 3119 tute

1921 3149 2016 3201 tibi
2066 3151 2388 3217 permiseris,
2444 3152 2584 3205 idem
2637 3155 2693 3205 in
2729 3151 2852 3206 aliis
2885 3153 3100 3206 concedi
3130 3172 3225 3208 suo
3246 3158 3344 3210 sibi
3384 3158 3513 3227 jure

1921 3242 2187 3308 postulent
2235 3243 2487 3297 ltnrett'ci.
2523 3242 2630 3297 Sed
2683 3245 2737 3297 in
2774 3261 2903 3304 una,
2952 3248 3343 3317 continentique
3395 3249 3517 3319 89

1921 3335 2205 3395 sententia,
2253 3351 2412 3404 quam
2459 3350 2524 3388 ea:
2578 3334 2803 3390 Joannis
2838 3336 3129 3408 Evangelia
3179 3340 3510 3396 doctissimus

1922 3422 2170 3478 Bessurio
2206 3427 2390 3494 refert,
2430 3428 2628 3495 species
2682 3437 2760 3481 est
2812 3428 3053 3493 absurdi,
3107 3432 3511 3500 argumentique

1921 3518 2150 3584 ﬁrmitas
2198 3523 2392 3584 major.
2449 3519 2589 3574 llinc
2622 3536 2754 3574 vero
2815 3522 3244 3591 exposcentibus
3281 3522 3507 3591 Cra-cis,

1926 3611 2149 3664 ubinam
2174 3609 2589 3680 Scripturarum
2617 3612 2888 3669 habeatur
2914 3613 3152 3685 Spiritus
3174 3617 3348 3670 sancti
3380 3631 3511 3686 pro-

1922 3702 2104 3757 cessio
2136 3718 2167 3757 a
2202 3703 2366 3766 Filio,
2425 3705 2619 3774 reponi
2660 3714 2779 3761 tuto
2809 3705 2995 3771 debet,
3034 3707 3175 3762 hanc
3202 3723 3298 3763 eos
3324 3709 3509 3778 expri-

1933 3808 2085 3851 mere
2116 3799 2237 3851 sine
2277 3797 2451 3854 dubio
2477 3796 2655 3859 locos,
2679 3799 2772 3868 qui
2799 3797 3001 3853 docent
3019 3815 3049 3853 a
3081 3800 3221 3855 Filio
3239 3800 3504 3871 Spiritum

1923 3887 2199 3958 accipere,
2236 3888 2527 3960 ipsumque
2557 3906 2587 3946 a
2620 3890 2760 3947 Filio
2791 3892 2956 3960 mitti,
2996 3903 3054 3949 et
3076 3894 3215 3951 dari.
3252 3894 3388 3952 Vide
3415 3912 3509 3952 ca-

1922 3982 2093 4051 put9,
2123 3997 2275 4036 num.
2314 3983 2348 4037 ε
2375 3981 2513 4050 (10).

1998 4075 2082 4131 Vl.
2112 4074 2318 4132 Locum
2358 4077 2540 4147 primo
2578 4078 2868 4137 dtmcilem
2903 4092 3171 4153 aspectu,
3202 4098 3368 4155 quem
3398 4083 3504 4142 Sub

1919 4169 2149 4226 Joannis
2173 4169 2553 4242 Cbrysostomi
2584 4177 2811 4232 nomine
2858 4177 3098 4233 aderunt
3132 4177 3336 4244 Graeci,
3382 4182 3501 4235 vel-
3530 4202 3533 4207 ·

1923 4263 2000 4316 uti
2047 4275 2362 4323 commento
2389 4282 2492 4322 suo
2514 4283 2849 4338 consonum,
2873 4271 2941 4326 ad
2966 4287 3195 4328 examen
3222 4284 3506 4345 postremo

1924 4370 2116 4411 vocare
2145 4358 2333 4415 liceat.
2368 4360 2625 4417 Sumitur
2656 4378 2726 4417 ex
2765 4363 2990 4420 humilia
3014 4366 3250 4436 quadam
3278 4368 3348 4424 de
3380 4370 3506 4440 Spi—

1923 4449 2027 4502 ritu
2060 4452 2408 4523 sancta,qha!
2428 4455 2484 4509 in
2513 4456 2760 4511 editione
2782 4457 3077 4514 Parisiensi
3107 4461 3500 4521 Montfauconii

1920 4553 2152 4612 prostat,
2179 4555 2327 4603 tomo
2358 4549 2449 4612 Ill,
2481 4549 2632 4606 inter
2658 4553 2869 4622 spuria.
2908 4553 3001 4609 Ait
3033 4564 3228 4611 auctor
3252 4573 3410 4613 nunt.
3446 4562 3498 4614 7:

224 4639 572 4695 testimoniis
602 4639 895 4694 conﬁrmat
912 4639 966 4694 in
996 4637 1339 4711 Epigraphis,
1360 4639 1478 4695 sive
1507 4638 1814 4705 Sententiis,
1848 4657 1891 4710 ι)
1927 4655 1946 4689 t
1980 4637 2055 4691 De
2108 4656 2219 4693 meo
2273 4643 2495 4712 accipiet
2523 4659 2544 4698 :
2577 4658 2643 4700 ex
2676 4647 2747 4703 iis
2774 4661 2898 4717 quae
2951 4648 3087 4703 mihi
3132 4652 3504 4720 suppeditavit

216 4732 418 4802 capite
448 4730 505 4795 8,
562 4744 661 4786 eos
707 4730 898 4800 utique
932 4730 1212 4799 refellens,
1264 4731 1510 4802 quicum
1567 4733 1820 4787 audirent

216 4823 499 4895 Spiritum
556 4813 804 4877 sanctum
856 4838 920 4877 ea:
968 4822 1113 4877 Filio
1153 4823 1315 4878 etiam
1365 4840 1618 4885 emanare
1661 4836 1819 4894 atque

211 4917 466 4988 prodire,
507 4931 613 4970 non
672 4915 906 4970 divinam
967 4913 1198 4985 Spiritus
1250 4926 1499 4972 naturam
1529 4933 1592 4972 ea:
1642 4917 1819 4983 divina

210 5010 535 5067 sa‘bstantia
570 5019 868 5078 naturaque
917 5007 1039 5063 Filii
1067 5009 1195 5064 oriri
1226 5018 1386 5080 atque
1432 5026 1687 5066 emanare
1741 5013 1821 5067 in-

206 5106 383 5161 sulse
399 5104 704 5174 garriebant
721 5120 741 5159 :
771 5104 863 5157 sed
883 5101 1129 5173 spiritale
1152 5104 1418 5172 quoddam
1441 5106 1638 5159 donum
1654 5104 1816 5173 illius,

207 5201 323 5272 qui
358 5199 505 5268 digni
533 5208 679 5263 sunt,
709 5197 1072 5267 supervenire.
1105 5194 1414 5255 Adversum
1471 5198 1589 5253 haec
1623 5198 1814 5276 dispu-

208 5293 379 5349 tavit
395 5292 615 5363 quidem
675 5299 864 5360 postea
895 5287 1195 5360 Gregorius
1220 5289 1501 5347 Palamas:
1530 5292 1626 5346 sed
1667 5292 1818 5348 hunc

206 5383 494 5440 Bessario
529 5382 641 5438 late
672 5382 927 5438 refutavit
958 5381 1013 5436 in
1066 5382 1276 5453 synodo
1332 5382 1649 5438 Florentino
1702 5402 1817 5440 sca-

204 5477 398 5532 sione
429 5474 516 5540 25,
546 5473 727 5544 capite
762 5472 816 5526 8.
872 5472 1073 5537 Pauca,
1106 5487 1281 5543 caque
1333 5475 1552 5544 egregia
1602 5490 1666 5531 ae
1727 5476 1815 5531 di-

202 5569 564 5630 sertissima,
610 5566 875 5636 decerpe.
915 5584 934 5619 ο
972 5565 1114 5633 Quid
1148 5577 1206 5622 tu
1258 5569 1476 5621 tandem
1532 5568 1814 5639 intelligis,

206 5673 361 5716 cum
403 5656 560 5711 audis
598 5672 630 5708 a
684 5657 826 5709 Filio
887 5656 1148 5726 Spiritum
1206 5659 1398 5714 mitti?
1450 5659 1814 5729 Perspicuum

203 5764 303 5810 est
338 5749 519 5815 enim,
557 5760 610 5805 te
641 5749 727 5804 vel
753 5749 981 5804 invitum
1010 5766 1294 5821 personam
1319 5750 1464 5805 illius
1492 5750 1817 5822 intelligere:

202 5844 589 5917 nequeenim
625 5861 730 5897 non
768 5842 1060 5897 subsistens
1085 5845 1259 5914 gratia
1287 5844 1523 5897 mittitur
1561 5880 1575 5898 .
1611 5883 1627 5899 .
1663 5886 1675 5899 .
1709 5844 1814 5913 sed

204 5942 327 5996 hoc
376 5939 578 5998 ipsum,
637 5936 779 5999 quod
835 5938 1080 6004 mittkur,
1129 5937 1310 5992 divina
1352 5948 1544 5992 natura
1598 5947 1699 6005 est,
1762 5946 1816 5994 et

1924 4730 2025 4784 soli
2086 4729 2303 4791 homini
2357 4732 2666 4801 Dominico,
2702 4748 2884 4796 sumet
2915 4739 3021 4796 sibi
3057 4741 3150 4811 qui
3191 4742 3364 4807 dedit,
3405 4745 3499 4815 qui

1923 4818 2071 4875 venit
2105 4836 2273 4892 super
2302 4833 2490 4891 me,et
2519 4826 2725 4882 mansit
2750 4829 2806 4887 in
2832 4843 2939 4895 me,
2969 4830 3062 4899 qui
3090 4830 3244 4885 unxit
3271 4848 3376 4895 me,
3405 4833 3501 4902 qui

1922 4913 2287 4970 sanctiﬁcat-it
2324 4932 2430 4985 me,
2461 4919 2555 4990 qui
2583 4920 2738 4976 duxit
2763 4937 2850 4977 me
2879 4923 2931 4977 in
2957 4923 3262 4990 desertum,
3287 4926 3378 4995 qui
3421 4943 3505 4982 re-

1921 5006 2077 5062 duxit
2102 5022 2193 5064 me
2221 5008 2484 5066 viatorem
2519 5052 2532 5066 .
2562 5053 2577 5067 .
2622 5051 2640 5069 .
2696 5013 2775 5067 De
2802 5028 2915 5069 meo
2949 5016 3189 5086 accipiet,
3223 5028 3272 5072 et
3294 5036 3505 5075 annun-

1922 5099 2072 5153 tiabit
2097 5100 2261 5155 vobis.
2299 5100 2370 5157 lit
2392 5104 2668 5171 ostendat,
2699 5107 2845 5176 quod
2889 5122 2999 5162 non
3036 5111 3214 5165 sancti
3264 5111 3503 5181 Spiritus

1923 5191 2262 5248 mentionem
2298 5196 2524 5262 fecerit,
2560 5199 2654 5252 sed
2711 5200 2983 5255 donorum
3017 5203 3138 5274 ejus
3166 5221 3181 5268 ;
3208 5216 3501 5276 postquam

1922 5280 2106 5338 diuit:
2152 5284 2232 5339 De
2278 5302 2393 5341 meo
2448 5290 2686 5359 accipiet.
2717 5290 2924 5363 adjicit:
2969 5292 3156 5352 Omnia
3186 5313 3501 5369 quiscunque

1920 5374 2074 5428 habet
2094 5378 2281 5443 Pater,
2309 5393 2424 5433 mea
2458 5388 2618 5446 sunt;
2643 5384 2830 5453 accepi
2855 5401 2918 5439 ea
2944 5388 3011 5442 de
3044 5387 3253 5456 Spiritu
3285 5401 3496 5448 sancto.

1921 5469 2218 5539 Propterea
2249 5472 2385 5536 dixi.
2441 5474 2520 5528 De
2576 5492 2689 5531 meo
2729 5482 2944 5550 arripiet
2979 5496 2998 5535 :
3046 5484 3310 5550 quoniam
3356 5488 3499 5542 Deus

1921 5577 2142 5617 carnem
2167 5565 2532 5622 ranctiticavit
2554 5567 2759 5640 Spiritu
2794 5584 3007 5639 sancto,
3039 5588 3095 5630 et
3126 5579 3308 5633 emisit
3338 5580 3502 5635 Pater

1924 5662 2130 5713 donum
2178 5657 2421 5729 Spiritus
2470 5662 2527 5716 in
2570 5678 2790 5720 carnem
2838 5667 3065 5723 Christi.
3107 5670 3285 5726 Venit
3315 5685 3498 5730 autem

1922 5751 2114 5821 gratia,
2143 5763 2198 5806 et
2232 5754 2420 5810 omnia
2463 5755 2605 5811 dona
2656 5759 2859 5815 indidit
2879 5763 3120 5819 Christo.
3180 5785 3200 5819 α
3247 5766 3327 5820 En
3381 5785 3503 5824 vero

1924 5848 2206 5914 (inquiunt
2247 5846 2483 5918 Caeci),
2543 5851 2906 5923 Chrysostomt'
2982 5861 3273 5915 auctoritas
3325 5873 3504 5930 aperte

1923 5949 2321 6010 commonstrat,
2376 5946 2661 6011 secundum
2698 5949 3090 6008 humanitatem
3139 5954 3348 6012 Domini
3377 5957 3500 6025 dici,

2472 6159 2497 6202 ἱ
