3858 6468
366 328 440 392 99
1294 329 1628 394 GEORGII
1670 329 1924 391 CYPRII
1967 329 2072 391 (ΣΡ.
2120 327 2632 390 PATRIARCHJ!

3536 331 3638 399 100

366 457 432 498 ea:
454 445 568 509 ipso
593 444 830 515 accipere
848 443 1104 517 Spiritum
1126 455 1394 509 sanctum,
1423 446 1577 515 quasi
1605 446 1787 499 divina
1811 445 1956 498 illius
1990 463 2034 520 Α
2061 459 2299 515 quorum
2332 442 2498 498 homo
2542 443 2864 500 Dominicus
2895 445 3056 500 Jesus
3087 444 3344 502 Christus
3393 449 3638 520 repletus

364 551 491 591 caro
522 537 953 606 conceptaculum
1003 537 1230 607 Spiritus
1258 538 1457 607 factum
1509 547 1680 601 esset,
1740 545 1955 605 propter

362 631 664 700 spiritualiu
723 631 912 687 dona:
966 635 1204 703 adeoque
1249 634 1422 687 sancti
1457 631 1686 702 Spiritus
1740 646 1951 694 nomen,

365 737 469 776 non
499 724 569 776 ad
604 723 946 779 indicandam
999 726 1229 796 Spiritus
1255 727 1428 780 sancti
1471 735 1746 790 naturam,
1769 725 1858 779 sed
1884 723 1954 777 ad

362 815 644 870 indicanda
706 818 1015 886 spiritualia
1058 819 1200 872 dona
1270 819 1479 887 accipi,
1534 819 1589 871 in
1645 833 1954 888 quocunque

365 904 770 976 Scripturarum
796 907 908 962 loco
956 911 1262 963 inveniatur
1290 908 1517 980 Spiritus
1546 924 1809 963 emanans
1833 948 1847 973 ,
1873 909 1954 979 ef-

359 1002 550 1070 ﬂuens,
576 1009 627 1054 et
661 1001 941 1072 prosiliam
965 1018 1028 1056 ea:
1071 1002 1232 1057 Filio.

433 1092 580 1146 Inter
630 1109 796 1162 opera
851 1094 1041 1164 spuria
1089 1093 1372 1150 bomiliam
1404 1096 1547 1152 hanc
1593 1095 1949 1163 ablegandum

355 1180 550 1251 iubent
586 1183 792 1239 Fronto
868 1185 1124 1250 Ductus.
1170 1187 1431 1251 Savilius,
1459 1188 1735 1252 Petavius.
1772 1187 1953 1244 Mont-

356 1272 654 1331 iucooius
682 1295 702 1330 :
753 1277 878 1347 ejus
909 1277 1062 1334 enim
1087 1290 1288 1334 auctor
1348 1290 1488 1335 totus
1542 1283 1804 1352 strigosus
1848 1289 1950 1349 est,

355 1376 730 1439 eoarctatoque
746 1370 955 1422 dicendi
981 1385 1172 1440 genere
1197 1373 1398 1438 utitur;
1433 1381 1489 1424 ut
1514 1371 1691 1426 nullus
1716 1389 1952 1442 unquam

356 1460 497 1514 nisus
552 1462 618 1515 sit
665 1463 1038 1532 Citrysostomo
1076 1464 1396 1517 absimitior.
1427 1462 1742 1520 Genuinum
1779 1465 1950 1521 fetum

354 1552 572 1622 putavit
611 1551 843 1609 Photius
913 1554 966 1609 in
1007 1553 1336 1611 Bibliotheca
1371 1557 1562 1613 codice
1594 1558 1725 1624 ΞΠ,
1769 1573 1950 1628 neque

295 1629 308 1633 ’
352 1643 584 1698 dubium
621 1647 792 1699 movit
826 1646 1035 1702 Beccus
1082 1649 1263 1718 capite
1291 1651 1380 1716 ii,
1411 1650 1481 1705 de
1502 1650 1714 1721 Spiritu
1756 1661 1950 1706 sancto

351 1735 498 1804 apud
523 1737 781 1791 Allatium
835 1739 892 1792 in
923 1737 1136 1794 Crtccia
1185 1742 1506 1806 orthodoxa,
1545 1752 1696 1797 torno
1723 1741 1767 1797 Ι.
1803 1741 1949 1798 Num

2055 546 2195 600 erat,
2229 551 2292 590 ac
2319 535 2386 590 de
2416 536 2622 606 quibus
2663 535 2903 608 Spiritus
2953 549 3180 593 sanctus
3221 538 3523 610 accipiens.
3548 540 3636 595 di-

2057 630 2255 684 tribuit
2289 629 2524 684 caeteris.
2568 628 2682 684 lmo
2738 631 2900 684 verba
2941 630 3030 685 illa
3061 642 3378 686 sanctorum
3407 632 3636 688 Patrum

2055 721 2259 777 chorus
2291 723 2359 776 de
2390 732 2588 778 natura
2629 722 2814 778 divina
2847 723 3137 787 intellexit.
3163 740 3327 795 quam
3364 725 3564 796 accipit
3605 741 3635 781 a

2055 814 2195 870 Filio
2225 816 2464 886 Spiritus
2489 825 2737 883 sanctus,
2773 817 2874 887 ipsi
2913 829 2967 872 et
2999 819 3171 884 Patri,
3208 836 3235 872 a
3271 821 3474 890 quibus
3508 839 3636 891 pro-

2053 907 2222 970 cedit,
2249 907 2499 977 aequalis.
2532 907 2742 965 Locum
2771 909 2975 966 habeat
3003 926 3136 966 vero
3170 911 3410 966 humilia:
3439 923 3636 968 aucto-

2054 1001 2131 1054 ris
2153 999 2537 1070 interpretatio
2572 1019 2586 1056 :
2617 1018 2738 1072 quae
2766 1012 2882 1058 tum
2926 1006 3108 1074 primo
3140 1006 3366 1060 minime
3390 1005 3637 1061 excludit

2054 1091 2297 1162 Spiritus
2337 1095 2509 1148 sancti
2566 1109 2816 1165 personae
2863 1096 3180 1153 missionem
3233 1112 3262 1152 a
3307 1097 3488 1155 Filio:
3519 1108 3633 1153 tum

2052 1185 2219 1240 etiam
2249 1185 2475 1240 missum
2495 1185 2762 1257 Spiritum
2793 1197 3044 1245 sanctum
3063 1189 3352 1261 distinguit
3381 1206 3411 1246 a
3473 1189 3636 1247 donis

2053 1275 2178 1344 qua
2229 1275 2672 1346 suppeditantur.
2709 1275 2834 1333 Haec
2882 1285 3107 1347 praestat
3153 1276 3338 1332 omnia
3387 1275 3632 1333 Joannes

2051 1368 2262 1423 Beecus
2305 1367 2646 1424 lococitato.
2675 1368 3016 1442 Conpendio
3049 1369 3276 1426 collecta
3321 1369 3436 1424 haec
3482 1375 3632 1424 sunt.

2051 1461 2130 1516 Ac
2164 1461 2217 1515 1·
2249 1475 2316 1515 eo
2349 1460 2404 1514 in
2432 1460 2552 1516 loco
2583 1460 2826 1531 Spiritus
2856 1472 3080 1518 sanctus
3109 1461 3200 1517 ille
3226 1470 3330 1529 est,
3357 1462 3451 1532 qui
3491 1461 3632 1517 acci-

2052 1554 2133 1624 pit
2166 1569 2179 1606 :
2211 1569 2388 1624 neque
2424 1563 2532 1608 tam
2560 1555 2802 1610 absurda
2834 1555 2886 1609 in
2915 1554 3102 1610 Jesum
3125 1554 3410 1612 Christum
3432 1554 3632 1612 cadere

2053 1645 2258 1702 locutio
2282 1655 2480 1716 potest.
2535 1656 2594 1701 ut
2641 1648 2704 1700 de
2756 1663 2870 1702 meo
2898 1648 3085 1719 (dicat)
3109 1650 3298 1719 accipit
3353 1650 3636 1718 spirimis

2053 1739 2272 1793 donum.
2332 1738 2390 1792 2°
2439 1738 2556 1793 Vim
2621 1738 2898 1795 faciebant
2947 1741 3000 1795 in
3052 1756 3114 1797 ea
3150 1743 3323 1806 vocis,
3386 1743 3628 1812 accipiet,

352 1841 485 1896 ergo
531 1826 847 1884 Graecorum
900 1841 1218 1886 commento
1261 1832 1440 1888 faveat
1485 1832 1936 1906 Chrysostomus,
1977 1821 2020 1877 Β
2049 1830 2217 1884 veluti
2257 1829 2502 1884 exilitate
2534 1829 2779 1884 haeretici
2815 1849 2826 1883 :
2863 1847 2928 1886 ac
2972 1833 3016 1888 si
3055 1830 3291 1903 Spiritus
3317 1843 3539 1888 Sanetus
3561 1834 3631 1889 de

353 1921 438 1974 vel
485 1922 736 1991 quisquis
773 1923 895 1993 ejus
933 1923 1173 1979 homilize
1215 1935 1408 1981 auctor
1449 1927 1568 1981 est?
1619 1927 1736 1982 lmo
1781 1927 1934 1998 plura

353 2015 564 2081 reperit
603 2015 655 2068 in
691 2031 754 2069 ea
787 2015 1014 2080 Bcccus,
1049 2033 1172 2088 quae
1211 2020 1592 2073 adversantur.
1632 2021 1708 2074 Ac
1760 2020 1939 2090 primo

351 2108 596 2162 auctoris
629 2109 880 2162 doctrina
905 2114 1148 2165 occurrit
1171 2110 1239 2166 de
1259 2114 1432 2165 sancti
1453 2111 1681 2183 Spiritus
1711 2113 1939 2167 nomini-

353 2199 468 2264 bus,
503 2215 738 2268 quorum
773 2200 878 2254 alia
934 2201 1178 2270 Spiritus
1221 2205 1394 2258 sancti
1420 2215 1674 2258 naturam
1725 2207 1939 2276 signiti-

353 2303 500 2353 eant,
532 2303 587 2346 et
617 2292 723 2345 alia
762 2293 1010 2347 iudicant
1046 2295 1190 2348 dona
1220 2297 1340 2364 ejus
1362 2338 1377 2360 ,
1415 2313 1538 2367 qua:
1568 2298 1806 2366 Spiritus
1845 2315 1940 2365 up-

353 2385 652 2455 pellantur.
684 2385 1004 2440 Doetrinam
1038 2387 1182 2441 hanc
1210 2387 1368 2458 longe
1395 2389 1614 2456 lateque
1641 2400 1941 2459 pertracta-

355 2486 464 2532 tam
490 2476 575 2531 his
593 2478 922 2547 compendio
941 2479 1149 2548 colligit
1180 2481 1383 2544 verbis,
1416 2496 1567 2535 num.
1592 2482 1658 2535 5:
1683 2501 1702 2530 ι
1731 2483 1938 2551 Repeto

353 2568 519 2637 igitur
549 2569 764 2622 nomina
803 2571 1086 2639 ine/{abitis
1118 2571 1488 2642 naturte:9o
1521 2572 1783 2641 Spiritum
1814 2590 1938 2629 san-

352 2672 524 2723 ctum,
560 2660 822 2725 Spiritum
856 2661 972 2727 Dei,
1002 2661 1269 2732 Spiritum
1293 2670 1471 2732 quiex
1507 2666 1638 2728 Deo,
1669 2666 1935 2735 Spiritum

351 2752 592 2815 Domini,
645 2753 913 2822 Spiritum
955 2755 1155 2818 Patris,
1189 2754 1451 2825 Spiritum
1491 2757 1636 2822 Filii,
1664 2759 1935 2827 Spiritum

350 2843 576 2908 Christi,
605 2843 872 2912 Spiritum
905 2848 999 2913 qui
1043 2847 1307 2900 excitavit
1332 2847 1636 2911 Christum,
1668 2847 1936 2916 Spiritum

348 2939 497 3004 vitai,
539 2937 807 3007 Spiritum
838 2939 1110 2994 veritatis.
1145 2941 1280 2992 Dein
1332 2940 1472 2993 dona
1503 2956 1521 2993 :
1553 2940 1791 3009 Spiritus
1829 2943 1940 2995 vir-

351 3033 503 3096 tutis,
558 3030 798 3100 Spiritus
868 3031 1190 3096 charitatis,
1251 3034 1490 3101 Spiritus
1539 3036 1935 3104 temperantiae,

351 3122 592 3190 Spiritus
623 3123 1034 3193 promissionis,
1064 3123 1309 3193 Spiritus
1346 3125 1493 3191 fidei,
1523 3125 1760 3193 Spiritus
1784 3141 1937 3180 reve-

348 3216 594 3280 latiouis,
644 3216 882 3285 Spiritus
930 3215 1243 3284 adoptionis
1303 3215 1540 3270 ﬁliorum
1586 3217 1704 3271 Dei.
1740 3237 1759 3269 ι
1815 3219 1938 3273 ΙΙωο

349 3308 462 3372 ille,
505 3323 623 3375 qua:
653 3307 1130 3361 accuratissimum
1163 3320 1219 3360 ut
1250 3308 1317 3362 ad
1343 3323 1578 3362 examen
1606 3308 1935 3377 redigamus,

347 3398 629 3454 locusuun
657 3408 758 3452 est.
787 3399 1041 3453 Jamvcro
1071 3400 1290 3452 ubinam
1321 3409 1444 3453 sunt
1470 3401 1663 3468 illi(ait
1683 3401 1934 3470 Bcccus),

347 3493 437 3562 qui
471 3491 790 3544 contendunt
814 3509 917 3544 non
947 3503 1199 3546 naturam
1232 3494 1402 3546 sancti
1423 3491 1654 3560 Spiritus
1673 3495 1932 3556 denotari,

347 3584 438 3636 sed
487 3599 692 3652 semper
747 3584 1051 3652 spiritualia
1098 3588 1238 3638 dona
1267 3626 1280 3649 ,
1320 3587 1398 3655 in:
1426 3601 1738 3656 quacunque
1767 3601 1936 3640 sacrae

348 3674 637 3744 Scriptura:
683 3686 835 3742 parte
867 3679 1157 3746 reperitur,
1187 3677 1450 3746 Spiritum
1502 3694 1743 3732 sanetum
1803 3695 1931 3743 esse,

348 3785 620 3832 emanare,
673 3779 722 3822 et
765 3769 958 3840 effundi
999 3785 1063 3823 ex
1114 3768 1268 3824 Filia.
1310 3770 1486 3824 Dubio
1523 3772 1712 3840 procul
1745 3788 1933 3824 nomen

347 3861 624 3930 incﬂ'abilis
655 3873 860 3914 natnrw
883 3875 1112 3930 liSUl‘pal
1133 3862 1388 3918 Christus
1415 3907 1426 3926 ,
1459 3867 1575 3919 sive
1602 3880 1726 3918 cum
1750 3866 1878 3918 dicit
1917 3883 1931 3920 :

350 3952 483 4006 Cum
528 3959 721 4006 venerit
775 3953 864 4006 ille
899 3954 1127 4024 Spiritus
1160 3960 1400 4009 veritatis
1438 3995 1450 4008 .
1487 3997 1502 4010 .
1539 3997 1553 4011 .
1582 3957 1674 4011 ille
1707 3974 1786 4010 me
1817 3958 1936 4012 cla-

348 4047 572 4113 riﬁcubit
598 4047 720 4116 quia
738 4049 799 4100 de
834 4063 946 4100 meo
985 4049 1226 4116 accipiet,
1265 4059 1313 4102 et
1339 4051 1930 4106 annuntiabitrobis....

349 4139 408 4193 Si
471 4156 572 4190 non
629 4139 834 4201 abiero,
888 4137 1202 4192 Paracletus
1237 4156 1341 4193 non
1387 4141 1557 4193 ueniet
1587 4141 1658 4194 ad
1711 4157 1827 4194 vos:
1886 4143 1934 4194 si

349 4244 525 4284 autem
551 4231 749 4294 abiero,
793 4233 1002 4283 mittam
1025 4247 1144 4285 eum
1184 4233 1254 4286 ad
1295 4250 1382 4286 vos
1415 4269 1430 4286 .
1457 4273 1474 4288 .
1507 4272 1520 4286 .
1556 4233 1688 4287 Cum
1737 4235 1931 4287 venerit

351 4323 682 4390 Paracletus,
704 4340 857 4395 quem
886 4340 978 4394 ego
1003 4325 1370 4378 mittantvobis
1401 4342 1434 4378 a
1467 4324 1647 4388 Putre,
1676 4323 1932 4394 Spiritum

348 4419 715 4487 veritatir,qni
750 4433 782 4469 α
815 4417 978 4470 Patre
1010 4418 1288 4484 procedit;
1319 4416 1438 4470 sive
1467 4417 1633 4470 etiam
1669 4432 1794 4471 cum
1823 4417 1928 4471 ait:

2039 1922 2201 1978 donis
2238 1923 2445 1978 Christi
2477 1933 2844 1989 mutuaretur,
2875 1941 2998 1995 quae
3031 1927 3154 1982 aliis
3205 1928 3625 1997 suppeditaret:

2039 2030 2148 2069 non
2181 2015 2326 2068 enim
2377 2015 2492 2070 inec
2542 2015 2731 2070 ellerri
2761 2020 2830 2072 de
2865 2033 3102 2087 persona
3132 2020 3318 2074 divina
3377 2029 3627 2091 possunt.

2037 2105 2145 2176 91
2177 2108 2232 2160 5°
2260 2107 2458 2161 Verum
2496 2109 2720 2164 basilice
2750 2109 3118 2167 fallunturilli
3149 2130 3164 2166 :
3202 2113 3444 2182 Spiritus
3473 2129 3629 2169 nam-

2038 2213 2147 2266 que
2174 2209 2418 2258 sauctus.
2450 2200 2544 2268 qui
2591 2202 2655 2253 de
2687 2199 2893 2256 Christi
2939 2203 3099 2257 donis
3146 2205 3367 2273 accipit,
3403 2204 3494 2258 ille
3545 2212 3629 2259 est

2039 2291 2133 2360 qtti
2173 2291 2513 2345 Dominicum
2565 2292 2842 2347 hominem
2890 2296 3073 2361 unxit,
3133 2299 3506 2366 sanctiﬁcavit,
3549 2299 3627 2354 fe-

2039 2381 2225 2450 citque
2284 2380 2451 2434 veluti
2529 2385 2982 2453 conceptaculum
3040 2388 3286 2441 omnium
3355 2389 3624 2443 donorum

2038 2487 2273 2540 quorum
2309 2472 2564 2529 homines
2599 2487 2784 2530 essent
2814 2475 3130 2548 participes.
3159 2480 3215 2533 4⁸
3240 2479 3358 2533 Jam
3387 2497 3518 2534 vero
3552 2485 3627 2538 ita

2037 2564 2178 2618 dona
2210 2579 2307 2618 sua
2339 2565 2657 2633 plenissime
2703 2569 2908 2622 homini
2951 2570 3240 2626 Dominico
3269 2573 3420 2628 dedit
3452 2572 3628 2644 Spiri-

2039 2665 2128 2711 tus
2178 2669 2419 2718 sanetus.
2479 2661 2732 2712 utetiam
2764 2661 2876 2729 ipse
2925 2663 3122 2716 venerit
3169 2679 3330 2734 super
3379 2682 3520 2730 eum,
3575 2671 3626 2720 et

2040 2749 2296 2800 manserit
2356 2750 2411 2801 in
2463 2764 2573 2803 eo:
2627 2753 2873 2820 adeoque
2934 2755 3050 2822 pari
3106 2755 3316 2810 ratione
3365 2759 3432 2812 de
3463 2758 3626 2814 donis

2039 2839 2239 2893 Christi
2307 2856 2591 2896 assumens
2619 2843 2858 2912 Spiritus
2900 2856 3146 2909 sanctus,
3195 2865 3257 2903 ac
3299 2865 3360 2904 ea
3409 2854 3623 2908 czcteris

2040 2930 2072 2983 d
2100 2933 2400 2995 strihueus,
2429 2937 2612 2989 venire
2645 2950 2812 3004 super
2841 2951 2938 2992 eos
2965 2939 3232 2995 dicendus
3254 2953 3359 3008 est,
3384 2952 3436 2997 et
3457 2943 3512 2997 in
3543 2944 3623 3000 eis

2041 3037 2285 3087 manere,
2337 3023 2403 3078 ad
2454 3041 2594 3094 quos
2636 3027 2896 3082 nitnirutn
2938 3045 2965 3082 a
3021 3031 3180 3085 l‘atre
3218 3033 3472 3098 mittitur,
3505 3044 3562 3087 et
3592 3049 3623 3088 a

2044 3112 2202 3168 Filio.
2238 3115 2597 3172 Luculentius
2625 3120 2826 3188 exponi
2862 3123 3038 3175 missio
3057 3121 3286 3193 Spiritus
3314 3131 3486 3180 sancti
3511 3143 3619 3181 non

2041 3218 2274 3275 poterat,
2311 3225 2470 3277 quam
2503 3213 2722 3280 proprie
2758 3213 2958 3267 dictam
2989 3216 3400 3283 appellavimus.

2112 3300 2360 3362 Photius,
2411 3304 2578 3355 citato
2627 3304 2815 3360 codice
2863 3305 2986 3371 277,
3019 3307 3241 3377 d‘gnum
3275 3310 3623 3365 animadver-

2040 3391 2195 3446 sione
2220 3394 2271 3445 in
2306 3395 2408 3448 hac
2430 3395 2653 3450 humilia
2687 3407 2874 3452 censet
2908 3415 2920 3450 :
2962 3420 2980 3449 ι
3021 3398 3174 3465 Quod
3198 3403 3623 3474 Chrysostomus

2039 3483 2220 3537 dicit:
2273 3487 2568 3540 missionem
2616 3504 2792 3558 neque
2829 3489 3065 3556 Filium,
3113 3508 3291 3562 neque
3351 3497 3618 3565 Spiritum

2037 3586 2284 3628 sanctum
2329 3578 2594 3631 minorem
2629 3580 2808 3635 facere
2841 3580 3203 3654 Patren’prod
3237 3598 3289 3643 et
3322 3588 3436 3656 ipse
3461 3590 3621 3646 l'ater

2039 3668 2286 3722 mittatur
2336 3686 2364 3722 a
2415 3671 2646 3738 Spiritu,
2711 3685 2826 3729 cta
2885 3675 3047 3731 Filio.
3108 3679 3249 3734 Dicit
3305 3681 3390 3737 his
3436 3685 3618 3741 verbis

2039 3760 2116 3831 (η.
2156 3763 2280 3829 i2):
2317 3762 2374 3816 Si
2410 3767 2503 3819 tibi
2556 3771 2848 3836 ostendero,
2877 3771 3130 3840 factorem
3169 3777 3286 3830 τ(υῆ
3344 3788 3392 3830 et
3460 3790 3618 3835 terra:

2040 3859 2257 3910 missum
2297 3875 2404 3912 esse
2436 3879 2467 3912 α
2507 3861 2738 3929 Spiritu,
2772 3875 2820 3918 et
2869 3863 3031 3929 Filio,
3063 3871 3191 3938 quid
3235 3871 3413 3939 facies,
3449 3886 3554 3930 etc.
3591 3895 3611 3928 ι

2037 3949 2242 4004 Locum
2299 3953 2509 4007 scilicet
2559 3956 2838 4010 adnotavit
2887 3959 3132 4020 Photius,
3186 3977 3296 4032 quo
3325 3980 3424 4016 suo
3459 3981 3612 4019 eom-

2039 4054 2222 4096 tnento
2251 4045 2489 4098 colorem
2516 4045 2764 4102 adderet.
2811 4048 3055 4120 Dionysii
3088 4050 3295 4106 Petavii
3323 4056 3611 4110 verissima

2035 4136 2336 4191 admonitio
2366 4148 2448 4192 est
2478 4138 2618 4192 lihro
2655 4156 2769 4203 vin,
2825 4141 2897 4195 De
2948 4146 3281 4199 sanctissima
3332 4145 3606 4212 Trinitate,

2034 4229 2212 4297 capite
2248 4228 2300 4292 i,
2342 4243 2495 4282 Itum.
2532 4229 2625 4283 Ii:
2686 4250 2706 4282 t
2744 4231 2883 4286 Mitti
2936 4234 3148 4289 Patrem
3199 4237 3254 4292 itt
3308 4237 3611 4308 Scripturis

2035 4334 2329 4389 nusquam,
2383 4321 2665 4377 rarissime
2697 4333 2882 4378 autem
2931 4325 2984 4380 in
3019 4338 3330 4382 sanctorum
3385 4331 3608 4386 l’atrum

2036 4410 2194 4466 libris
2227 4413 2441 4482 legitur,
2482 4415 2525 4469 si
2561 4423 2740 4469 tamen
2765 4417 2967 4486 legitur
2996 4437 3008 4472 :
3044 4437 3153 4472 uno
3189 4438 3318 4477 vero
3346 4424 3481 4478 milli
3510 4441 3612 4481 ne-

348 4512 579 4580 Accipite
637 4509 893 4580 Spiritum
939 4518 1226 4572 sanctum;
1275 4510 1391 4561 sive
1427 4523 1552 4561 cum
1587 4507 1738 4576 paria
1767 4507 1928 4562 eﬂ‘crt
1960 4520 2003 4575 ι)
2032 4513 2163 4573 gant
2189 4507 2462 4574 expressis
2505 4523 2570 4562 ac
2605 4509 2827 4564 disertis
2885 4512 3066 4566 verbis
3095 4514 3304 4584 antiqui
3342 4517 3603 4588 theologi.

350 4605 552 4658 l‘aulus
590 4603 891 4672 apostolus,
922 4601 1167 4657 Charitas
1200 4600 1298 4653 Dei
1345 4600 1535 4669 diﬁ‘usa
1569 4610 1644 4654 est
1674 4602 1728 4655 in
1755 4602 1928 4655 cordi-

349 4697 440 4749 bus
479 4698 668 4749 nostris
693 4711 786 4764 per
820 4695 1080 4764 Spiritum
1121 4703 1390 4756 sanctum,
1437 4694 1526 4762 qui
1551 4693 1708 4747 datus
1738 4703 1812 4747 est
1840 4710 1932 4747 no-

350 4792 426 4844 bis
444 4829 457 4842 .
482 4827 497 4842 .
523 4829 536 4842 .
561 4827 575 4843 .
609 4787 846 4842 Membra
869 4794 1040 4840 vestra
1073 4783 1325 4854 templum
1344 4793 1464 4838 sunt
1483 4782 1713 4853 Spiritus
1733 4787 1926 4851 sancti,

349 4901 504 4954 quem
557 4883 752 4946 habetis
803 4882 856 4934 in
902 4879 1065 4932 vobis.
1097 4878 1393 4931 lnctlabilis
1447 4886 1656 4931 naturai
1705 4878 1925 4931 nomina

349 4976 727 5028 adhibentur:
784 4972 1032 5039 adeoque
1065 4970 1218 5038 juxta
1279 4977 1547 5022 mentettr
1569 4969 1812 5023 auctoris
1858 4968 1928 5023 de

349 5072 463 5121 sola
503 5083 608 5120 non
641 5065 819 5136 agitur
846 5065 900 5118 in
929 5063 1013 5116 his
1033 5062 1165 5114 locis
1202 5059 1486 5129 largitione
1504 5059 1796 5124 donorum,
1828 5061 1926 5114 sed
1957 5099 1962 5102 -

351 5163 466 5231 ipsa
503 5161 570 5214 de
602 5174 832 5228 petsmta
869 5157 1109 5226 Spiritus
1140 5158 1335 5209 sancti.

425 5254 690 5322 Spiritum
721 5260 971 5304 sanctum
1002 5246 1379 5302 Maccdoniani
1403 5245 1666 5314 putabant
1700 5245 1927 5300 inferio-

349 5365 463 5402 rem
495 5345 653 5406 Filio,
698 5355 984 5413 propterea
1015 5341 1160 5410 quod
1188 5339 1392 5406 divinis
1423 5339 1478 5391 in
1514 5338 1754 5407 eloquiis
1782 5337 1924 5392 dici-

351 5453 438 5495 tur
470 5459 501 5494 a
549 5455 604 5492 se
635 5440 745 5508 ipso
782 5453 884 5490 non
915 5435 1056 5505 loqui
1078 5475 1092 5499 ,
1136 5443 1183 5486 et
1212 5436 1444 5503 accipere
1471 5433 1533 5485 de
1554 5431 1686 5487 Filio
1721 5447 1741 5485 :
1775 5429 1922 5500 quod

348 5544 730 5601 argutiientutn
781 5527 984 5581 releltit
1037 5525 1278 5579 humilia:
1321 5534 1514 5578 auctor
1545 5523 1726 5576 verbis
1763 5536 1925 5590 supe-

349 5626 465 5678 rius
498 5622 700 5676 relatis.
738 5621 1075 5674 l’ceuliarem
1115 5618 1328 5672 invehit
1360 5613 1870 5684 interpretationem
1903 5629 1917 5665 :

349 5717 470 5772 loco
496 5719 548 5769 in
582 5716 696 5778 itlo,
732 5715 1005 5782 inquiens,
1056 5728 1163 5766 non
1201 5709 1316 5764 tieri
1365 5711 1696 5762 mentionem
1733 5705 1796 5756 de
1827 5720 1925 5757 na-

349 5819 492 5874 tura,
523 5824 679 5876 quam
721 5805 947 5873 Spiritus
975 5812 1185 5857 sanctus
1225 5801 1449 5870 accipiat
1476 5815 1491 5867 ;
1519 5799 1612 5853 sed
1649 5796 1712 5850 de
1744 5796 1917 5861 donis,

2031 4596 2191 4652 Unde
2229 4598 2380 4651 nullo
2415 4600 2595 4663 modo,
2629 4614 2692 4654 ac
2729 4615 2796 4654 ne
2833 4602 3134 4673 improprie
3181 4607 3402 4674 quidem
3441 4625 3605 4661 nsitr-

2033 4689 2147 4756 pari
2194 4688 2376 4752 debet,
2425 4688 2640 4744 Patrem
2700 4709 2731 4743 a
2782 4694 2988 4762 seipso,
3031 4695 3112 4748 vel
3155 4698 3218 4748 ab
3265 4697 3370 4750 alio
3426 4702 3607 4762 mitti;

2031 4789 2404 4850 quantumque
2459 4784 2800 4836 extrinsecus
2857 4786 2959 4838 sub
3013 4785 3248 4855 imagine
3297 4790 3495 4857 aliqua,
3553 4805 3610 4846 et

2032 4871 2213 4940 specie
2264 4871 2484 4926 videndi
2557 4874 2641 4928 sui
2698 4874 2910 4942 copiam
2970 4876 3192 4940 iecerit,
3255 4881 3399 4946 quod
3465 4880 3612 4934 inter

2032 4962 2314 5032 theologos
2342 4960 2672 5030 disputatur.
2697 4983 2718 5017 ι
2742 4965 2894 5021 lianc
2921 4982 3050 5020 vero
3079 4968 3410 5023 locutionem
3443 4987 3608 5024 usur-

2029 5056 2176 5125 pavit
2200 5056 2362 5125 bujus
2393 5067 2584 5110 auctor
2620 5057 2879 5122 hontiiin',
2910 5059 3002 5128 qui
3025 5074 3132 5112 non
3163 5076 3245 5114 est
3271 5060 3607 5130 Chrysosto-

2030 5164 2172 5203 ntus.
2205 5149 2278 5202 De
2315 5149 2578 5204 missione
2621 5153 2848 5204 omnino
2884 5151 3181 5218 impropria
3214 5151 3607 5220 intelligendus

2027 5251 2109 5295 es:
2145 5260 2158 5296 :
2189 5253 2366 5307 neque
2399 5240 2568 5295 ullum
2607 5241 2837 5310 propria:
2878 5241 3000 5295 Filii
3056 5253 3112 5295 ct
3153 5241 3392 5312 Spiritus
3425 5243 3604 5296 saneti

2028 5335 2300 5395 missioni,
2331 5334 2601 5402 hnjnsque
2621 5351 2686 5388 ex
2733 5339 2893 5388 Patre
2939 5336 3186 5404 Filioque
3225 5349 3443 5390 ωιυτιιειε
3477 5354 3605 5404 pro-

2027 5426 2260 5480 eessioni
2289 5431 2339 5478 in
2378 5427 2492 5494 ipsa
2522 5425 2643 5494 ejus
2680 5428 2940 5480 missione
2983 5428 3390 5496 comprehensa:
3428 5429 3602 5482 detri-

2027 5532 2272 5574 mentum
2307 5519 2600 5588 irrogatur.
2641 5519 2808 5573 Addit
2834 5521 3088 5575 Petavius
3123 5521 3323 5576 ibidem
3353 5523 3598 5592 egregie,

2026 5623 2080 5667 c'.
2106 5629 2251 5672 verc.
2284 5627 2378 5666 sua
2404 5613 2654 5666 Phouum
2684 5615 2944 5682 opinione
2975 5616 3166 5668 falsum
3189 5632 3310 5670 esse
3329 5633 3342 5670 ;
3361 5615 3601 5670 acilium

2027 5706 2278 5771 {actorem
2312 5704 2424 5756 (α’ιί
2455 5715 2502 5757 ct
2535 5716 2710 5766 terrm,
2749 5708 2840 5773 qui
2877 5710 3065 5760 missus
3096 5707 3330 5770 dicitur,
3368 5721 3472 5758 non
3505 5707 3600 5761 itt-

2030 5797 2196 5866 tclligi
2229 5798 2463 5862 Patrem,
2487 5797 2578 5852 sed
2609 5799 2795 5867 utique
2827 5799 3041 5862 Filium,
3077 5801 3362 5868 ipsumque
3396 5812 3602 5856 secun-
