3838 6362
330 357 434 425 1ὓ3

1274 356 1608 420 GEORGII
1652 359 1913 422 Cl'l‘llll
1958 361 2065 425 (ΣΡ.
2112 362 2626 428 PATRIARCHIE

3483 365 3584 431 101,

404 480 628 536 Ineunte
662 489 835 529 mense
867 472 1013 527 Maio
1041 469 1289 542 ejusdem
1322 470 1449 526 anni
1496 472 1656 535 i285,
1693 476 1911 545 sangui-
1940 487 1984 540 Α
2014 478 2253 549 majoris)
2284 479 2585 550 supervenit
2622 517 2635 530 .
2667 516 2681 531 .
2712 515 2727 531 .
2758 476 2992 547 plerique
3015 475 3321 532 clericorum
3344 518 3358 533 .
3392 518 3406 534 .
3445 517 3457 532 .
3480 494 3587 534 non

324 578 403 628 nis
448 580 627 643 guttas
660 585 686 623 e
716 567 840 622 coelo
893 564 1186 620 destillasse
1224 564 1473 635 perhibet
1511 563 1894 637 Paehymercs,

324 665 500 732 capite
557 660 647 716 l8.
708 658 1102 715 anrientem
1178 655 1548 728 proﬁciscitur
1597 657 1895 727 Augustus,

332 766 500 808 notas
530 755 597 807 ah
647 751 967 807 Arscnianis
997 752 1185 804 turbas
1226 749 1652 819 compositurus.
1683 750 1900 807 Conve-

329 861 454 901 nare
508 859 698 901 omnes
758 843 1059 914 Adramytii
1115 841 1171 895 in
1244 839 1428 895 Mmsia
1482 840 1761 907 Asiatica,
1813 842 1901 895 ubi

324 942 526 995 cunctis
551 941 621 994 ad
646 942 833 994 victum
867 940 920 991 in
960 945 1126 991 totam
1155 937 1375 990 hiemem
1408 938 1724 1003 necessaria,
1754 935 1902 1007 large

324 1032 616 1102 imperator
647 1029 967 1100 providerat,
1016 1036 1073 1080 ut
1103 1021 1609 1096 ait'Pachytncrcs,
1648 1042 1764 1097 cap.
1807 1026 1899 1081 21.

326 1122 581 1194 Synodtts
627 1121 811 1175 habita
864 1121 968 1173 hoc
1002 1119 1054 1172 in
1108 1116 1247 1180 loco.
1282 1118 1556 1172 assidcnte
1593 1118 1903 1186 patriarcha

318 1212 544 1285 Cyprio.
580 1212 747 1267 Statis
788 1211 970 1281 quavis
1002 1209 1321 1263 hebdomade
1367 1210 1561 1271 diebus,
1609 1226 1701 1280 per
1738 1220 1900 1264 totam

328 1305 811 1375 Quadragesimam
882 1302 1231 1374 perseveravit
1288 1299 1606 1368 imperator.
1651 1292 1904 1356 Conveni

314 1402 507 1453 tiones
535 1398 701 1451 etiam
732 1412 855 1451 cum
887 1390 1162 1465 episcopis
1195 1410 1290 1463 per
1324 1395 1501 1461 ignem
1534 1394 1731 1451 habitm
1767 1394 1904 1452 Sob-

328 1492 449 1546 hato
470 1497 677 1551 sancto,
715 1488 931 1542 Pascha!
955 1486 1157 1554 vigilia.
1191 1482 1344 1540 Hunc
1370 1488 1627 1541 Pessinus
1656 1496 1905 1542 numerat

325 1594 531 1635 annum
570 1579 732 1643 l28‘5;
770 1579 863 1633 sed
896 1586 1100 1631 annum
1151 1577 1528 1648 insequentem
1568 1578 1703 1634 lQBi
1744 1580 1901 1635 erin-

327 1684 457 1727 (‘lml
489 1670 980 1730 memorata'facta.
1018 1674 1138 1739 qua
1162 1672 1483 1725 acciderunt
1510 1670 1641 1740 feria
1678 1668 1903 1725 secunda

324 1765 664 1820 hebdomadce
722 1760 999 1834 paschalis
1039 1764 1167 1817 anni
1223 1764 1432 1819 scilicot
1485 1764 1662 1826 l283,
1739 1774 1905 1835 gutta:

326 1858 610 1928 sanguinis
658 1871 688 1912 e
742 1858 883 1911 caelo
932 1856 1249 1912 decidentes
1287 1873 1464 1911 mense
1504 1855 1669 1921 Maio,
1715 1864 1903 1911 exacta

326 1952 627 2023 Adramytii
683 1953 845 2006 hiems
883 1959 1029 2013 tota,
1089 1949 1275 2019 ibique
1328 1951 1508 2019 plures
1560 1949 1732 2003 habiti
1783 1964 1908 2002 cum

327 2041 601 2113 episcopis
660 2049 967 2095 conventus
1026 2054 1121 2109 per
1156 2030 1342 2092 'totan't
1408 2037 1907 2109 Quadragesimam.

322 2134 719 2190 Conventionis
753 2146 884 2203 ergo
916 2141 1137 2201 pactum
1174 2131 1241 2186 de
1267 2131 1475 2184 chartis
1504 2131 1556 2184 in
1583 2131 1760 2201 igncm
1792 2130 1915 2201 inji-

320 2227 541 2282 ciendls
570 2226 638 2281 ad
677 2227 1117 2296 experimentum
1146 2265 1159 2287 .
1200 2224 1403 2278 accidit
1459 2223 1692 2278 Sabbato
1729 2233 1910 2278 sancto

329 2321 461 2374 anni
488 2319 646 2374 1284.
681 2318 1014 2374 Numerabat
1047 2318 1136 2372 hic
1167 2332 1344 2371 annus
1384 2315 1584 2385 cyclum
1617 2314 1743 2369 solis
1773 2316 1825 2379 5,
1858 2325 1911 2369 et

331 2413 566 2467 litteram
610 2408 988 2465 Dominicalent
1032 2409 1140 2475 BA,
1172 2418 1471 2464 etaureum
1521 2424 1794 2461 numerum
1822 2408 1906 2475 1‘2,

328 2504 532 2575 quibus
565 2501 770 2558 Pascha
800 2502 856 2554 in
885 2501 1021 2555 diem
1050 2503 1083 2555 9
1121 2499 1318 2570 Aprilis
1355 2499 1675 2553 confertur:
1710 2499 1909 2571 dieque

325 2597 678 2668 praecedente
706 2605 899 2651 octava
926 2594 1030 2648 fuit
1069 2592 1361 2648 Sabbatum
1391 2602 1656 2645 sanciunt.

409 2691 541 2754 Qum
592 2689 852 2758 deinceps
891 2686 1211 2741 acciderunt
1261 2686 1406 2739 varia
1464 2698 1528 2740 ac
1586 2684 1909 2757 multiplicia

330 2783 511 2853 pergit
535 2796 760 2835 narrare
799 2781 1184 2849 Pacltytneres.
1235 2776 1586 2833 Andronicus
1613 2779 1742 2831 olim
1774 2778 1906 2833 Sar-

326 2876 519 2931 dcnsis
546 2873 839 2942 episcopus
885 2870 1401 2941 igttotniniosissime
1445 2869 1665 2939 cjicitur
1689 2909 1704 2933 ,
1738 2869 1908 2924 veluti

328 2984 462 3023 reus
486 2969 627 3022 item
663 2964 966 3036 maiestatis
1010 2963 1207 3034 (capite
1241 2963 1332 3032 25)
1364 2981 1375 3028 ;
1402 2961 1687 3026 Cotaniza,
1720 2977 1910 3015 mona-

327 3063 467 3116 chus
488 3077 554 3115 ex
585 3060 799 3113 latrone
829 3058 1031 3121 iactus,
1077 3056 1243 3110 Prusa
1287 3054 1424 3124 fugit
1468 3054 1670 3123 (capite
1699 3054 1824 3121 2/5);
1854 3054 1909 3108 in

327 3153 594 3209 occiduos
640 3157 848 3204 tractus
889 3147 956 3201 ab
996 3147 1324 3217 imperatore
1386 3144 1623 3198 mittitur
1675 3143 1911 3201 Tarclta-

2006 573 2186 624 statim
2228 573 2472 644 expedire
2514 585 2715 627 certum
2767 587 3058 637 assensum,
3117 572 3207 641 qui
3265 572 3335 626 ad
3384 571 3587 644 plactta

2009 662 2249 731 quwdam
2309 662 2634 731 exigebatur,
2669 658 2917 715 valuere:
2968 658 3185 729 quidam
3244 661 3404 714 etiam
3443 660 3588 715 clare

2011 763 2343 819 recusarunt,
2380 764 2436 807 ut
2470 756 2522 809 in
2552 754 2647 810 his,
2680 752 3111 806 altercationibus
3162 751 3294 805 hora
3348 750 3587 821 legitima

2008 846 2170 909 sacri,
2222 863 2285 900 ea:
2333 843 2791 916 prtesuncti/icatis
2828 842 2928 896 tali
2986 843 3068 897 die
3122 842 3376 897 celebrari
3422 845 3587 907 soliti,

2011 937 2350 1007 prmterierit.
2381 938 2507 992 llaec
2526 952 2673 991 anno
2713 935 2851 990 1285
2882 934 3203 989 acciderunt
3232 936 3365 991 feria
3393 950 3587 1005 quarta

2011 1025 2369 1082 hebdomadas
2392 1028 2614 1097 majoris
2649 1038 2775 1085 ante
2812 1028 3047 1084 Pascha.
3073 1027 3258 1096 itaque
3280 1026 3348 1080 ad
3382 1043 3586 1081 annum

2012 1120 2388 1188 insequentem
2424 1120 2561 1174 H85
2589 1120 2829 1191 pertinet
2861 1119 3139 1175 Dominica
3188 1117 3405 1191 Tyriae.
3462 1135 3587 1172 cunt

2010 1227 2164 1267 sacer
2183 1210 2339 1280 panis
2390 1211 2442 1267 itt
2490 1212 2687 1283 pyxide
2717 1220 3012 1281 corruptus
3042 1219 3292 1279 repertus
3316 1220 3417 1265 est.
3465 1208 3591 1265 “ac

2011 1302 2198 1359 eadem
2254 1314 2360 1370 est,
2390 1320 2554 1374 quam
2592 1319 2692 1359 nos
2742 1302 3069 1361 Dominicam
3122 1301 3590 1373 Quinquagesima:

2013 1412 2311 1451 vocamus:
2360 1413 2423 1451 ac
2454 1386 2626 1466 prima
2672 1397 2868 1469 jejunii
2894 1380 3406 1469 lliuadragesiutalis
3443 1393 3587 1461 apud

2011 1488 2226 1544 Graccos
2260 1488 2623 1543 hebdomada.
2662 1490 3001 1544 Consuetum
3044 1497 3161 1553 erat
3193 1503 3382 1559 porro,
3426 1497 3508 1540 tot
3537 1486 3591 1547 in

2012 1581 2292 1636 Dontinica
2324 1580 2510 1652 Tyrine
2543 1581 2851 1637 consecrari
2900 1579 3228 1641 oblationes,
3273 1589 3407 1647 quot
3455 1594 3594 1645 opus

2010 1682 2188 1739 erant,
2252 1680 2313 1727 ut
2362 1674 2722 1740 sequentibus
2762 1672 3123 1729 hebdomadas
3180 1671 3379 1725 diebus
3414 1671 3592 1723 missae

2012 1762 2577 1836 prtesanctiﬁcatornm
2607 1756 3037 1818 celebrarentur.
3072 1762 3239 1818 Sacer
3263 1777 3391 1831 ergo
3405 1760 3593 1830 panis,

2010 1856 2105 1922 qui
2146 1864 2440 1925 corruptus
2474 1854 2526 1909 in
2556 1855 2753 1925 pyxide
2786 1867 3037 1925 repertus
3082 1854 3205 1919 fuit,
3232 1870 3336 1907 una
3374 1868 3439 1908 ex
3484 1852 3594 1907 illis

2013 1946 2385 2004 oblationibus
2431 1949 2785 2012 credebatur,
2810 1965 2930 2018 quae
2969 1964 3115 2002 anno
3151 1945 3594 2017 superiorei'285

2012 2039 2068 2094 in
2133 2040 2329 2115 pyxide
2380 2042 2568 2095 relicta
2605 2040 2803 2106 fuerat,
2860 2042 2994 2111 feria
3024 2046 3216 2109 quarta
3250 2038 3592 2093 hebdomadte

2011 2131 2273 2197 majoris.
2334 2131 2912 2199 prtesanctillcatorum
2978 2130 3142 2183 missa
3200 2129 3590 2197 praetermissa.

2008 2220 2235 2276 Sacrum
2288 2221 2548 2275 incidisse
2601 2220 2806 2275 Pascha
2847 2236 2993 2274 anno
3030 2220 3163 2277 1281
3208 2221 3595 2275 adnotavimus

2012 2312 2065 2369 in
2098 2314 2237 2386 diem
2268 2312 2301 2368 9
2334 2313 2568 2384 Aprilis:
2596 2314 2739 2368 unde
2769 2312 3048 2369 Dominica
3092 2312 3286 2384 Tyriae
3336 2313 3594 2369 illuxet‘at

2009 2408 2096 2459 die
2121 2406 2191 2459 ‘20
2215 2405 2519 2471 Februarii,
2557 2416 2813 2462 currente
2849 2408 3032 2462 littera
3062 2407 3384 2463 Dntninicali
3412 2406 3521 2459 BA.

2086 2496 2146 2552 In
2182 2498 2359 2552 urbem
2389 2488 2925 2571 (Constantinpolitn)
2985 2516 3219 2554 reversus
3278 2500 3592 2571 imperator,

2011 2594 2317 2664 neutiquam
2368 2592 2715 2647 indormiebat
2763 2593 2861 2663 (ait
2912 2591 3231 2654 historicus,
3268 2594 3446 2661 capite
3476 2590 3595 2659 50),

2012 2694 2161 2754 negot
2187 2698 2215 2738 ο
2247 2683 2697 2738 conciliamlorum
2734 2683 2982 2739 Ecclesia:
3004 2725 3017 2751 ,
3047 2686 3138 2753 qui
3172 2700 3226 2738 se
3265 2684 3329 2737 ab
3371 2701 3432 2738 ea
3477 2685 3558 2737 dis
3579 2714 3591 2723 -

2008 2777 2266 2831 cideraat.
2300 2777 2465 2847 Signa
2496 2775 2639 2830 edita
2681 2785 2809 2829 sunt
2843 2776 3013 2837 varia,
3052 2777 3255 2847 quibus
3296 2776 3595 2845 imperator

2011 2881 2291 2939 permotus
2310 2869 2687 2923 vehementius
2720 2869 3156 2929 Arsenianorum,
3188 2876 3245 2923 et
3291 2866 3598 2940 Josephita-

2010 2977 2132 3013 rum
2154 2974 2340 3029 pacem
2372 2959 2617 3030 urgebat.
2641 2960 2756 3015 iam
2784 2974 2915 3015 vero
2954 2962 3168 3014 cineres
3190 2961 3424 3021 Arscnii,
3457 2960 3592 3014 olim

2012 3053 2355 3122 patriarchae,
2386 3052 2587 3124 regiam
2619 3052 2672 3106 in
2709 3053 2901 3107 urbem
2956 3055 3203 3109 translati
3228 3053 3428 3123 (capite
3450 3054 3541 3118 51)
3570 3072 3593 3120 ς

2008 3144 2248 3200 cladium
2311 3144 2473 3198 etiam
2534 3142 2977 3199 Christianorum
3041 3142 3257 3198 initium
3317 3144 3371 3197 in
3430 3143 3595 3215 Syria

334 3249 487 3302 niota
549 3241 1008 3314 protovestiarius
1056 3254 1178 3294 cum
1228 3238 1473 3293 exercitu
1521 3236 1720 3311 (capite
1768 3237 1979 3331 2εῑ);⁸3
2013 3238 2211 3309 (capite
2272 3237 2400 3309 52);
2457 3247 2674 3306 captant
2721 3234 3010 3306 Tripolim,
3047 3245 3369 3313 captamque
3415 3237 3601 3292 Ptole-

333 3339 528 3394 classis
582 3335 823 3389 Romana
890 3331 1220 3400 negligitur,
1273 3343 1337 3383 ac
1406 3330 1611 3383 sensim
1658 3327 1909 3382 aboletur

331 3432 535 3502 (capite
565 3430 695 3500 26;;
760 3426 1038 3481 Michaelis
1076 3424 1338 3495 principis
1362 3464 1377 3489 ,
1430 3424 1523 3478 lilii
1567 3423 1793 3479 Joannis
1824 3438 1913 3479 se-

332 3522 730 3580 bsstocratoris
784 3519 930 3574 uades
993 3518 1231 3572 incensa:
1279 3518 1480 3588 (rapite
1518 3516 1635 3588 27;.
1671 3516 1915 3586 Tempus

334 3625 487 3672 notat
513 3614 814 3671 historicus
840 3630 856 3666 :
890 3609 1019 3665 Htec
1039 3611 1180 3664 circa
1214 3608 1509 3663 Decembris
1539 3608 1764 3662 medium
1792 3614 1911 3662 acta

331 3719 476 3764 sunt.
503 3709 624 3775 Quo
670 3720 800 3762 vero
852 3704 905 3759 id
929 3701 1197 3758 acciderit
1246 3714 1415 3763 anno,
1466 3700 1711 3771 ignotum
1744 3698 1908 3764 mihi;

334 3802 499 3857 simul
560 3800 708 3855 enim
760 3796 969 3866 colligit
1029 3792 1393 3864 Pachynteres
1448 3807 1630 3846 rerum
1680 3800 1912 3847 eventus

330 3896 427 3964 qui
463 3908 562 3964 per
595 3901 843 3961 tempora
870 3889 1019 3943 varia
1055 3887 1396 3947 acciderunt.

402 3988 730 4055 lnsequente
755 3983 1015 4037 vicesimo
1039 3992 1236 4035 octavo
1257 3975 1436 4049 capite
1471 3976 1694 4034 disserit
1719 3977 1810 4032 ille
1836 3977 1905 4033 de

328 4094 469 4151 pane
495 4082 820 4137 consecrato,
857 4073 950 4146 qui
975 4081 1269 4142 corruptus
1297 4071 1350 4126 iu
1390 4084 1544 4126 sacra
1590 4068 1785 4141 pyxide
1821 4083 1907 4123 re-

336 4182 526 4241 pertus
554 4179 640 4225 est
693 4170 750 4223 in
783 4167 973 4238 Magna
1007 4166 1251 4222 Ecclesia
1279 4164 1906 4232 Constantinopolitano.

332 4264 460 4317 llaec
493 4264 669 4323 prima
712 4269 843 4315 sunt
888 4257 1084 4328 capitis
1125 4258 1339 4311 verba:
1382 4256 1491 4310 Hoc
1540 4269 1718 4326 porro,
1745 4267 1801 4309 ut
1841 4253 1911 4307 ad

304 4357 633 4411 intermissa
683 4368 763 4407 me
810 4352 1080 4421 referam,
1146 4358 1400 4418 tempore.
1468 4348 1709 4416 Tempus
1761 4346 1908 4401 istud

330 4451 529 4504 sistere
603 4446 748 4500 intra
802 4457 1007 4497 annum
1056 4441 1194 4496 1284
1240 4440 1427 4496 nulltts
1466 4439 1681 4493 dubito.
1732 4437 1905 4493 Verba

323 4538 725 4600 animadverte,
763 4549 885 4606 quae
923 4544 1259 4603 sequuntur:
1293 4551 1311 4583 t
1339 4532 1610 4585 Dominica
1633 4531 1902 4595 illexerat,

2013 3330 2247 3384 tnaidctn
2297 3328 2467 3384 refert
2506 3329 2865 3401 l‘achymercs
2890 3366 2904 3393 ,
2948 3329 3295 3398 sequentium
3335 3328 3598 3384 videlicet

2012 3437 2281 3475 annorum
2338 3431 2673 3491 praeverteris
2735 3418 2941 3475 clades.
2990 3420 3059 3473 At
3107 3420 3316 3476 Marino
3356 3421 3590 3487 Sanuto,

2012 3514 2163 3569 dicto
2199 3512 2453 3579 Torsello,
2492 3522 2629 3569 teste
2675 3512 2818 3569 libro
2860 3527 2940 3579 ιιι,
2977 3521 3134 3583 parte
3171 3528 3267 3582 ιιιι,
3324 3529 3446 3585 cap.
3498 3515 3593 3582 l9,

2012 3605 2287 3662 obsidium
2337 3609 2506 3661 castri
2570 3605 2780 3675 Μαι-ραι
2829 3605 2934 3660 sub
2992 3604 3235 3659 Soldano
3292 3604 3597 3676 Babylonio

2012 3700 2212 3756 accidit
2241 3699 2571 3763 snn01285,
2614 3699 2703 3756 die
2742 3699 2811 3753 27
2849 3697 3076 3769 Aprilis,
3094 3698 3327 3775 eiusque
3358 3700 3594 3754 amissio

2011 3803 2135 3866 post
2162 3808 2426 3848 mensem.
2462 3791 2709 3863 Denique
2753 3790 3012 3847 secunda:
3048 3791 3117 3845 ab
3145 3791 3475 3861 imperatore
3502 3807 3598 3848 ce-

2010 3884 2292 3938 lebrantur
2317 3883 2521 3953 nuptias
2540 3898 2667 3936 cum
2696 3881 2854 3938 [rene
2875 3922 2889 3948 ,
2927 3880 3036 3936 lilia
3066 3880 3404 3937 marchionis
3432 3880 3598 3937 Mort-

2010 3974 2269 4030 tislerrati
2304 3975 2504 4044 (capite
2532 3974 2646 4043 33).

2073 4068 2188 4139 96
2213 4064 2351 4122 Tum
2383 4081 2515 4123 vero
2543 4075 2811 4123 evocatus
2841 4078 2873 4122 e
2908 4067 3073 4123 Prusa
3110 4065 3347 4123 Joannes
3377 4062 3599 4123 Beccus

2007 4177 2133 4217 cum
2186 4161 2369 4229 sociis,
2416 4158 2781 4216 Constantino
2825 4160 3206 4230 Meliteniote,
3257 4170 3309 4216 et
3359 4159 3599 4232 Georgio

2011 4254 2324 4320 Metochita,
2360 4254 2810 4320 archidiaconis,
2869 4265 2929 4309 ut
2981 4255 3108 4309 tidei
3154 4272 3266 4310 suae
3318 4257 3598 4311 rationem

2011 4348 2327 4403 redderent.
2383 4346 2652 4402 Indicium
2702 4362 2834 4417 ergo
2878 4347 3217 4416 colloquium
3269 4346 3323 4401 in
3380 4348 3599 4417 synodo

2008 4441 2527 4503 ecclesiasticorum,
2558 4456 2678 4509 qua:
2726 4439 2910 4494 habita
2934 4449 3021 4494 est
3070 4440 3124 4494 in
3175 4437 3429 4494 Triclinia
3462 4441 3593 4495 Ale-

2010 4537 2182 4590 τίσει).
2234 4534 2432 4588 Aderat
2472 4534 2776 4604 patriarcha
2836 4530 3142 4604 Gregorius.
3194 4533 3594 4589 Alexandrinus

326 4630 554 4699 proprio
580 4628 849 4683 vocabulo
871 4626 1016 4680 dicta
1038 4626 1297 4695 Τυρινῆς,
1321 4623 1531 4693 Tyriote,
1555 4639 1583 4676 a
1609 4622 1753 4677 casei
1779 4631 1909 4677 tunc
1943 4629 1982 4683 ο
2009 4641 2214 4699 quoque
2267 4625 2589 4679 Athanasius
2608 4666 2621 4689 ,
2658 4629 2797 4696 quod
2838 4626 2975 4692 forte
3007 4638 3129 4678 tunc
3173 4635 3438 4695 a'grolans
3455 4668 3467 4690 ,
3499 4628 3565 4679 de

320 4722 509 4774 adhuc
540 4737 641 4775 usu
670 4719 944 4789 permisso
971 4731 988 4770 :
1025 4732 1131 4786 qua
1179 4718 1317 4769 ritus
1343 4726 1642 4769 consuetus
1673 4713 1905 4767 vocabat

327 4814 673 4868 sacerdotem
694 4811 803 4883 95
823 4810 890 4864 ad
925 4808 1307 4881 praeparandus
1346 4808 1403 4861 in
1437 4821 1588 4861 sacra
1610 4806 1805 4877 pyxide
1831 4812 1906 4858 tot

322 4907 619 4961 oblationes
671 4905 976 4960 consecrati
1039 4904 1213 4970 panis,
1258 4909 1393 4970 quot
1432 4900 1499 4955 uti
1550 4899 1907 4954 celebrandas

324 5002 481 5071 juxta
517 5013 724 5053 morem
766 4997 1034 5051 instantes
1067 4994 1316 5062 litnrgias
1352 5008 1415 5047 ea:
1447 4990 1904 5064 pra’saactiﬁcatis

324 5091 640 5162 oportebat.
675 5087 777 5146 Ubi
802 5102 936 5156 ergo
967 5098 1073 5151 est,
1095 5086 1368 5141 incruenti
1401 5084 1655 5138 sacrificii
1682 5096 1903 5150 peracta

327 5184 638 5244 Iunctione.
675 5188 863 5250 aperta
899 5180 1052 5251 pyxis
1089 5179 1157 5233 ad
1213 5176 1565 5232 collocandos
1605 5177 1748 5229 intra
1782 5190 1903 5230 eam

326 5282 685 5329 consecratos
710 5286 901 5341 panes,
952 5271 1173 5323 inventa
1213 5269 1364 5323 intus
1388 5268 1643 5336 apparuit
1671 5282 1735 5321 ex
1765 5283 1933 5335 pne--

326 5363 685 5419 sanctiﬁcatio
704 5364 929 5427 oblatio,
953 5374 1117 5432 quam
1156 5360 1280 5429 quis
1306 5360 1553 5423 intuens,
1589 5359 1904 5427 suspicare-

326 5467 420 5511 tur
452 5472 616 5511 unam
643 5471 709 5511 ex
740 5456 806 5510 iis
828 5470 972 5518 esse,
1006 5470 1135 5523 qua:
1171 5454 1303 5525 feria
1332 5461 1526 5523 quarta
1569 5451 1907 5506 hebdomade:
1931 5450 1946 5461 ⁸

326 5550 548 5619 majoris
571 5566 695 5605 cum
718 5549 907 5604 oll'erri
924 5545 1239 5613 debuisset,
1258 5549 1438 5601 oblata
1458 5546 1682 5600 minime
1703 5544 1904 5607 fuerat,

324 5654 388 5697 ut
421 5645 718 5699 indicatum
764 5654 850 5699 est
890 5646 1166 5713 superius,
1198 5650 1414 5712 propter
1456 5655 1714 5695 recessum
1744 5639 1907 5693 eccle-

320 5740 658 5793 siasticarum
708 5751 771 5791 ea
810 5736 1054 5790 ecclesia.
1086 5753 1105 5786 ι
1152 5734 1416 5803 Superius
1459 5739 1625 5802 caput
1657 5732 1724 5787 15
1764 5731 1909 5786 indi-

328 5840 507 5892 tatur,
541 5829 629 5883 tthi
658 5830 725 5884 de
754 5829 1177 5900 inaugttrationc
1200 5826 1389 5896 Cyprii
1437 5824 1763 5896 patriarcha-
1786 5825 1906 5894 agi-

338 5932 443 5978 tur.
475 5921 597 5978 lla'c
623 5924 694 5977 ibi
722 5923 1025 5977 habentur:
1068 5918 1131 5974 Ut
1166 5928 1359 5987 quarta
1390 5919 1499 5972 dies
1527 5917 1903 5989 (hebdomadas

2008 4719 2249 4772 cumbens
2270 4718 2325 4771 in
2365 4714 2554 4771 lectulo
2581 4725 2848 4788 portatur.
2885 4712 3027 4770 Ordo
3072 4714 3344 4768 universus
3379 4716 3595 4768 antisti-

2008 4822 2117 4863 tum
2146 4811 2429 4865 convenit:
2483 4823 2575 4862 nec
2616 4808 2791 4862 clerici
2830 4809 3047 4874 desunt,
3083 4823 3176 4859 nec
3210 4805 3446 4877 plerique
3479 4823 3594 4859 uto—

2008 4905 2331 4968 nachorum,
2391 4917 2485 4954 nec
2552 4899 2809 4954 laicorum
2884 4902 3074 4973 quique
3145 4898 3427 4953 laetissimi.
3494 4897 3593 4952 llis

2006 4993 2320 5067 prwsidebat
2346 4994 2660 5064 imperator,
2697 4995 2892 5047 circum
2934 5009 2989 5045 se
3020 4991 3221 5045 habens
3265 5001 3593 5045 summatum

2006 5090 2280 5160 primores.
2344 5085 2406 5139 In
2440 5087 2627 5158 primis
2676 5085 2937 5139 eminebat
2989 5084 3250 5155 logotheta
3290 5082 3592 5156 (Muzalo).

2009 5182 2157 5236 Hanc
2186 5180 2451 5252 synodum
2501 5179 2567 5232 ad
2611 5178 2739 5232 anni
2774 5177 2914 5230 1284
2955 5177 3152 5231 Maium
3196 5191 3462 5251 mensem,
3496 5188 3597 5232 aut

2004 5272 2227 5327 iunium
2254 5272 2419 5326 refert
2452 5270 2731 5325 Pessinus.
2767 5270 3151 5338 lnsequentem
3188 5268 3437 5323 iudicare
3473 5284 3577 5322 an-

2008 5381 2137 5418 num
2196 5366 2473 5424 videntur.
2506 5379 2628 5433 qua:
2675 5364 2819 5417 varia
2876 5378 3059 5417 terum
3096 5356 3424 5432 interposita
3472 5376 3595 5417 tne-

2008 5467 2181 5510 morat
2215 5457 2578 5525 Pachytneres
2607 5464 2827 5511 eventa.

2082 5550 2168 5603 Ill.
2211 5551 2493 5620 l‘ra'cipua
2525 5550 2782 5621 colloquii
2828 5549 3002 5619 capita
3058 5549 3274 5613 refero.
3306 5562 3427 5620 qua:
3465 5565 3598 5621 pro-

2007 5642 2248 5694 cessionis
2274 5641 2470 5710 dogma
2520 5652 2809 5713 spectant,
2848 5656 2913 5696 ex
2938 5643 3186 5713 ejusdem
3236 5640 3598 5713 Pacltytneris

2008 5734 2249 5804 capitulo
2277 5734 2751 5805 33(1).Gregorio
2780 5735 3125 5804 patriai-clue,
3159 5737 3289 5805 quid
3320 5736 3599 5790 sentirent

2010 5829 2073 5881 tle
2121 5830 2366 5899 dogmate
2425 5828 2772 5900 percontanti
2841 5829 3200 5883 archidiaconi
3248 5842 3543 5897 reposttere
3575 5843 3592 5878 :

2017 5941 2034 5973 ‹
2075 5920 2399 5993 Reperimtis
2434 5921 2485 5976 in
2523 5921 2741 5991 scriptis
2770 5921 3123 5988 authenticis,
3167 5921 3437 5995 Spiritum
3463 5933 3595 5977 sau-
