3858 6516
332 328 435 405 1οἿ

1303 339 1618 402 GEORGII
1660 342 1915 405 CYPRII
1967 346 2080 408 CP.
2117 336 2632 407 PATRIIARCHJE

3490 340 3591 409 103

408 458 561 515 Hanc
585 459 890 516 doctrinam
943 461 1152 532 paucis,
1194 472 1248 517 at
1302 463 1755 521 luculentissimis
1810 465 1904 519 dc-
1941 486 1982 536 Α
2014 465 2353 521 cinationum
2393 464 2669 521 evidentia
2727 461 3027 533 constringi
3082 476 3141 517 se
3200 470 3461 533 putarent
3520 462 3589 518 al

330 553 504 607 clarat
535 554 718 609 verbis
743 563 965 609 sanctus
994 554 1255 622 Thomas,
1289 556 1346 610 in
1379 557 1397 610 l
1427 556 1557 612 dist.
1589 559 1680 623 12,
1710 569 1900 630 qumst.

333 647 386 707 1.
418 655 518 699 art.
572 646 651 699 3:
709 663 729 697 α
767 645 823 700 Si
874 647 1290 704 consideremus
1348 650 1521 720 ipsum
1554 652 1899 720 principium,

328 739 538 795 scilicet
564 739 866 810 potentiam
890 739 1210 809 spirativam
1233 743 1352 810 (seu
1386 755 1636 797 naturam
1659 742 1901 797 divinam

329 848 453 887 cum
482 848 558 903 pr;
584 832 819 902 prietate
849 833 1208 903 spirationis).
1238 849 1363 889 cum
1397 836 1452 888 in
1502 835 1607 889 hoc
1636 848 1745 889 non
1797 835 1906 889 dis-

328 924 649 994 tinguantur
679 922 861 987 Pater,
894 932 949 977 et
1013 920 1185 977 Filius
1227 922 1347 993 (sed
1391 924 1500 979 sint
1531 923 1723 992 unum)
1744 966 1760 990 ,
1792 940 1903 977 non

329 1022 509 1085 potest
537 1015 646 1070 dici
673 1016 897 1086 spiratlo
925 1030 1032 1069 esse
1073 1032 1105 1068 α
1138 1014 1300 1069 Patre
1330 1017 1592 1070 mediante
1624 1015 1759 1070 Filio
1787 1016 1900 1087 (sed

329 1126 357 1163 a
401 1110 598 1172 Patre.
649 1116 706 1163 et
744 1122 775 1161 a
829 1107 970 1162 Filio
1018 1107 1339 1164 immediate
1370 1109 1618 1179 procedit
1662 1108 1903 1179 Spiritus

329 1202 599 1269 sanctmt).
651 1200 708 1255 Si
756 1208 938 1254 autem
968 1201 1387 1257 consideremus
1434 1203 1587 1272 ipsas
1615 1205 1900 1272 spirantes,

330 1295 425 1365 qui
457 1294 691 1347 distincti
725 1300 855 1346 sunt
879 1330 894 1357 ,
928 1301 985 1347 et
1027 1292 1330 1348 secundum
1371 1292 1476 1348 hoc
1512 1292 1742 1364 pra'bcnt
1775 1308 1902 1361 sup-

325 1390 551 1459 positum
576 1390 898 1459 spirationi:
940 1388 1021 1443 sic
1046 1396 1132 1442 est
1159 1387 1236 1442 ibi
1263 1387 1524 1443 mediatio
1544 1425 1561 1452 ,
1580 1388 1898 1442 secundum

326 1481 473 1551 quod
504 1490 587 1535 est
611 1481 684 1535 ibi
715 1481 853 1536 ordo
878 1489 1087 1535 natura:
1111 1496 1128 1545 ι
1159 1480 1289 1550 quia
1314 1479 1487 1534 Filius
1510 1490 1594 1533 est
1622 1494 1688 1533 ex
1714 1479 1899 1542 Patre,

323 1585 381 1630 et
410 1574 648 1645 Spiritus
684 1584 908 1629 sanctus
934 1573 1097 1628 simul
1134 1589 1162 1626 a
1189 1573 1353 1628 Patre
1377 1581 1435 1627 et
1481 1572 1643 1627 Filio.
1689 1590 1708 1624 t
1741 1573 1900 1627 Paria

324 1675 475 1733 sunt,
504 1682 626 1737 qua:
663 1665 940 1721 habentur
970 1665 1037 1719 ad
1076 1665 1093 1718 Ι
1124 1682 1137 1719 :
1179 1682 1202 1715 ι
1231 1663 1336 1719 Per
1373 1665 1479 1720 hoc
1516 1666 1663 1735 quod
1697 1666 1902 1719 dicitur

326 1759 566 1829 Spiritus
617 1770 844 1814 sanctus
899 1757 1178 1829 procedere
1236 1773 1270 1810 a
1330 1755 1496 1810 Patre
1539 1773 1634 1827 per
1671 1756 1897 1819 Filium,

326 1850 647 1920 designatur
675 1849 965 1904 auctoritas
998 1848 1054 1903 in
1081 1845 1244 1903 Patre
1275 1857 1528 1917 respectu
1566 1846 1688 1902 Filii
1723 1866 1736 1902 :
1770 1851 1896 1918 quin

324 1940 502 1997 Filius
552 1941 706 1995 habet
770 1956 802 1993 a
857 1938 1044 2002 Patre,
1079 1939 1222 2009 quod
1255 1937 1369 2010 99
1406 1938 1578 2009 spiret
1632 1938 1929 2012 Spiritnm'

321 2046 592 2092 sanctum.
624 2032 854 2087 Ex'hoc
897 2044 1080 2087 autem
1130 2047 1238 2086 non
1276 2032 1776 2102 ponitnrmediatio
1802 2034 1896 2084 uli-

324 2142 452 2197 qua,
489 2126 594 2181 nisi
621 2141 686 2180 cx
718 2133 871 2195 parte
900 2124 1311 2202 suppositarum
1346 2138 1360 2176 :
1396 2138 1518 2194 qua:
1547 2123 1899 2193 distinguun-

324 2229 414 2273 tur
449 2234 547 2290 per
576 2219 700 2284 hoc,
726 2217 874 2289 quod
908 2233 1074 2272 unum
1112 2225 1187 2271 est
1220 2218 1285 2270 ab
1319 2215 1468 2283 alio;
1500 2217 1712 2271 ratione
1744 2219 1898 2288 cujus

321 2310 377 2368 in
406 2324 517 2367 uno
544 2322 624 2367 est
650 2310 949 2365 auctoritas
979 2318 1235 2379 respectu
1275 2309 1519 2363 alterius.
1560 2327 1581 2361 ι

393 2405 537 2473 Quid
573 2404 689 2461 hate
713 2416 847 2458 vero
884 2402 1032 2458 Patri
1072 2401 1322 2458 conferat
1370 2402 1709 2467 auctoritas;
1752 2416 1896 2471 qna:-

325 2514 453 2555 nam
475 2497 639 2554 ctiam
664 2497 737 2552 sit
759 2494 1068 2552 dill‘erentia
1091 2495 1238 2549 inter
1256 2494 1666 2565 processionem
1685 2512 1713 2549 a
1738 2495 1897 2551 Patre

324 2607 425 2663 per
469 2590 670 2647 Filium
715 2589 959 2661 Spiritus
1009 2588 1207 2656 sancti,
1238 2602 1301 2643 ac
1354 2588 1502 2643 inter
1538 2588 1762 2642 ﬂuvium
1799 2604 1898 2659 pcr

325 2687 506 2743 rivum
537 2695 954 2756 promanantem
984 2702 1016 2740 ει
1072 2683 1257 2753 fonte;
1287 2686 1519 2755 quinam
1547 2683 1768 2740 domum
1805 2703 1898 2739 vo-

323 2793 452 2833 cum
482 2792 613 2833 usus
640 2776 785 2848 apud
835 2774 1053 2832 Graecos
1082 2793 1100 2832 :
1135 2776 1394 2847 patefacit
1436 2777 1681 2858 Aquinas
1711 2778 1896 2833 omnia

322 2867 550 2931 ibidem,
576 2875 681 2923 art.
711 2867 767 2935 2,
799 2867 865 2923 ad
889 2868 953 2923 ὃς
974 2887 993 2919 ι
1024 2867 1263 2937 Spiritus
1292 2877 1516 2925 sanctus
1548 2869 1754 2925 dicitur
1777 2885 1896 2934 esse

322 2961 691 3035 principaliter
721 2978 755 3015 a
796 2960 995 3027 Patre;
1040 2961 1168 3031 quia
1191 2962 1248 3016 in
1277 2962 1438 3017 Patre
1469 2972 1554 3018 est
1596 2965 1893 3018 auctoritas

321 3053 655 3124 spirutionis,
688 3068 718 3107 a
742 3067 852 3124 quo
883 3054 1050 3107 etiam
1084 3052 1250 3108 habet
1274 3051 1445 3107 Filius
1489 3053 1753 3108 virtutem
1780 3054 1897 3124 spi-

320 3144 607 3200 rativam:
667 3153 721 3200 et
774 3159 882 3199 non
926 3154 1152 3216 propter
1199 3145 1437 3216 aliquem
1483 3147 1756 3211 ordinem,
1809 3149 1893 3203 vel

1936 1846 1972 1894 li

2008 558 2424 617 atlirmandum.
2478 559 2862 629 hypostaticam
2914 557 3293 627 proprietatem
3350 571 3592 626 persona

2007 649 2189 705 Patris
2216 667 2325 705 esse
2352 648 2666 721 originalem
2695 650 3040 719 spirationem
3068 648 3293 702 activam
3319 664 3336 702 :
3360 664 3593 703 concor—

2005 743 2137 798 dare
2168 758 2293 799 cum
2345 759 2413 799 eo
2452 742 2829 813 nequiverunt
2876 743 3197 796 consortium
3227 743 3282 795 in
3329 741 3587 812 spirando

2005 835 2140 890 Filii
2168 854 2287 891 cum
2315 837 2500 893 Patre.
2521 834 2653 891 Inde
2676 835 2729 889 in
2753 834 3001 889 frivolam
3036 850 3187 888 vanae
3213 832 3587 887 distinctionis

2005 929 2509 984 cavillatiunculam
2568 927 2829 982 abstracti
2881 937 3031 993 sunt,
3103 942 3209 995 qua
3260 935 3585 997 pernegant,

2006 1019 2151 1073 idem
2186 1035 2315 1076 esse
2361 1021 2746 1090 processionem
2782 1029 2836 1075 et
2886 1019 3236 1073 exstantium.
3295 1018 3583 1083 Fatcntur,

2004 1112 2284 1177 procedere
2317 1111 2539 1181 quidem
2589 1111 2855 1183 Spiritum
2898 1121 3147 1165 sanctum
3197 1129 3228 1163 a
3271 1109 3435 1163 Patre
3489 1126 3585 1179 per

2008 1201 2253 1268 Filium;
2297 1203 2404 1258 dici
2463 1213 2644 1258 tamen
2701 1212 2907 1266 vetant,
2952 1202 3216 1272 Spiritum
3248 1220 3341 1266 per
3387 1201 3583 1257 Filium

2007 1302 2232 1350 exstare.
2271 1294 2428 1365 100
2457 1295 2716 1350 Transire
2749 1296 3094 1365 spirationem
3116 1296 3342 1348 activam
3376 1296 3585 1364 lingunt

2005 1404 2097 1458 per
2156 1386 2567 1456 Filium,r;uasi
2604 1403 2699 1457 per
2760 1382 3007 1444 medium.
3066 1395 3115 1439 et
3170 1387 3580 1440 instrumentum

2003 1481 2242 1532 inanime
2287 1478 2341 1532 in
2377 1479 2527 1532 nullo
2559 1494 2899 1548 cooperans;
2935 1487 2993 1533 ut
3040 1493 3103 1532 ea
3140 1479 3350 1533 ratione
3382 1495 3579 1548 proce-

2005 1571 2143 1624 dens
2177 1569 2417 1640 Spiritus
2460 1570 2803 1638 intelligntur
2839 1587 3156 1642 consequens
3210 1572 3459 1641 quiddam
3511 1573 3578 1625 ad

2006 1662 2223 1722 Filium.
2247 1662 2360 1715 sola
2386 1664 2721 1732 cogitatione.
2750 1661 2838 1716 cui
2867 1662 3001 1716 nihil
3035 1662 3357 1731 respondeat
3381 1663 3435 1716 in
3461 1679 3575 1717 rea

2008 1754 2144 1808 llinc
2190 1769 2319 1807 vero
2388 1753 2610 1809 demum
2697 1753 3099 1823 processionem
3159 1769 3257 1823 pro
3308 1753 3581 1823 (ﬂicieutia

2003 1857 2274 1917 sumptam
2314 1846 2623 1901 referebant
2660 1846 2727 1899 ad
2769 1847 3065 1900 missionem
3114 1845 3352 1917 Spiritus
3404 1848 3580 1903 sancti

2005 1939 2359 2008 temporalem
2393 1955 2489 2008 per
2522 1938 2795 1993 donorum
2824 1949 2879 1993 et
2911 1940 3306 1994 charismatum
3337 1954 3581 1996 eone-s-

2003 2032 2233 2085 sionem.
2270 2031 2421 2099 Quod
2451 2032 2496 2086 si
2531 2032 2721 2085 cadem
2746 2033 3017 2103 efficientia
3049 2048 3142 2103 per
3184 2031 3382 2086 Filium
3418 2034 3583 2088 intel-

2002 2123 2095 2194 ligi
2121 2126 2283 2178 etiam
2328 2123 2527 2178 debeat
2558 2132 2794 2191 atcrna,
2824 2124 2965 2179 hanc
3003 2124 3235 2193 Cyprius
3280 2124 3579 2195 Gregorius

2003 2213 2077 2268 ita
2104 2215 2565 2284 interpretabatur
2587 2255 2603 2279 ,
2640 2224 2701 2270 ut
2734 2232 2935 2270 novam
2985 2217 3236 2272 haeresim
3266 2216 3579 2283 invcheret,

2002 2300 2071 2355 de
2125 2317 2230 2369 qua
2279 2302 2507 2359 inferius
2562 2304 2830 2375 agendum
2888 2315 2991 2361 est.
3048 2305 3355 2361 Laudatum
3421 2307 3579 2364 Becci

2005 2403 2387 2450 testamentum
2432 2397 2777 2467 diligentiore
2819 2414 2948 2453 cura
3003 2405 3182 2471 capite
3235 2400 3451 2456 decimo
3513 2416 3581 2456 ac

2000 2493 2280 2554 postremo
2305 2489 2666 2556 expendimus
2698 2501 2747 2544 cl
2778 2490 3136 2546 illustrantns.
3253 2486 3261 2493 ’

2071 2578 2161 2634 IV.
2226 2579 2530 2649 Egertimc
2586 2581 2799 2637 ferebat
2858 2584 3176 2653 Augustus,
3243 2602 3581 2657 congressum

2003 2672 2154 2744 longe
2192 2683 2378 2728 contra
2428 2692 2589 2746 quam
2635 2687 2960 2746 sperauerat.
2998 2679 3268 2733 accidisse.
3309 2679 3578 2735 Joannem

1999 2765 2258 2833 Beccunt,
2296 2766 2590 2838 sociosque
2647 2774 2847 2840 excepit
2877 2769 3127 2825 Cosmidii
3173 2756 3577 2840 monasterium,

1998 2857 2090 2912 sub
2112 2857 2223 2926 ﬁda
2250 2860 2453 2914 habitos
2481 2861 2742 2915 custodia.
2779 2861 2926 2916 Idem
2963 2872 3066 2927 est,
3094 2879 3158 2918 ac
3185 2867 3577 2921 monasterium

1999 2959 2309 3005 sanctorum
2353 2952 2558 3007 Casina:
2609 2963 2659 3007 et
2707 2954 2975 3020 Damiani,
3006 2956 3151 3026 quod
3179 2966 3332 3012 extra
3384 2959 3580 3014 urbem

2001 3043 2070 3098 ad
2123 3042 2248 3098 freti
2284 3043 2463 3099 littus
2514 3045 2789 3100 exstabat.
2846 3047 3185 3117 Ducangium
3245 3050 3474 3104 consule
3524 3051 3580 3105 in

2003 3132 2154 3203 Cpoli
2184 3132 2490 3188 Christiana
2521 3134 2548 3205 ς
2580 3135 2665 3200 l5,
2696 3150 2850 3189 num.
2884 3135 2970 3190 10.
3019 3135 3125 3191 Sed
3154 3138 3277 3192 illos
3332 3138 3578 3206 demum,

322 3238 549 3311 gradum
590 3236 888 3308 prioritatis
924 3245 976 3291 ct
1009 3239 1414 3309 posterioritatis
1458 3239 1639 3295 Patris
1662 3246 1720 3295 et
1751 3240 1893 3295 Filii.

2015 3241 2108 3295 qua
2152 3226 2337 3291 minis,
2392 3242 2501 3296 qua
2550 3226 2835 3282 blanditiis
2881 3228 3085 3282 frustra
3123 3238 3385 3296 tentatus,
3423 3232 3581 3301 jubet

325 3330 594 3387 Similiter
614 3330 779 3383 etiam
816 3338 1040 3399 propter
1083 3330 1334 3387 eamdem
1388 3332 1657 3388 rationem
1690 3333 1896 3388 dicitur

322 3421 537 3492 proprie
558 3418 858 3491 procedere
891 3434 919 3473 a
959 3419 1118 3475 Patre
1151 3435 1169 3473 :
1202 3421 1442 3476 maxime
1462 3436 1584 3477 eum
1612 3422 1726 3478 hac
1754 3438 1897 3495 prae-

322 3512 547 3581 positio,
567 3528 621 3577 a,
647 3512 788 3580 apud
812 3511 1032 3568 Graecos
1049 3521 1202 3568 notat
1224 3514 1542 3571 relationem
1570 3517 1634 3571 ad
1666 3519 1897 3587 primam

321 3606 600 3676 originem.
636 3602 794 3660 Unde
824 3605 968 3675 apud
992 3620 1088 3661 eos
1113 3622 1221 3661 non
1254 3608 1457 3662 dicitur
1487 3608 1631 3679 quod
1660 3609 1804 3664 lacus
1829 3612 1897 3664 sit

321 3698 518 3764 uicino,
562 3698 655 3752 sed
714 3714 748 3752 α
790 3697 933 3767 fonte
960 3713 982 3752 :
1013 3705 1070 3754 et
1101 3698 1228 3755 inde
1267 3709 1352 3755 est
1394 3701 1584 3765 etiam,
1612 3704 1757 3772 quod
1791 3718 1896 3758 non

320 3790 652 3856 concedunt,
683 3791 829 3860 quod
859 3789 1099 3860 Spiritus
1123 3802 1345 3846 sanctus
1378 3792 1449 3848 sit
1478 3809 1507 3847 a
1538 3794 1697 3861 Filio,
1733 3797 1829 3851 sed
1866 3813 1896 3851 a

321 3883 509 3939 Patre.
540 3880 911 3938 Nihilominus
939 3894 1121 3940 tamen
1154 3900 1264 3940 non
1298 3894 1385 3941 est
1423 3885 1743 3955 dicendum,
1771 3892 1898 3959 quin

321 3977 488 4031 etiam
515 3991 549 4030 α
568 3972 726 4029 Filio
774 3976 989 4046 proprie
1018 3977 1311 4048 (procedat,
1350 3978 1445 4047 qui
1471 3993 1595 4034 cum
1628 3979 1788 4035 Patre
1816 3990 1903 4037 est

323 4082 491 4124 unum
530 4069 850 4140 principium
902 4069 1143 4139 Spiritus
1190 4072 1363 4125 sancti
1399 4087 1415 4124 :
1451 4086 1560 4125 non
1606 4081 1790 4128 autem
1822 4074 1902 4130 sic

323 4163 468 4217 rivus
491 4199 507 4228 ,
540 4171 596 4217 et
636 4162 751 4233 fons
797 4170 928 4217 sunt
981 4177 1148 4217 unum
1199 4164 1519 4235 principium
1564 4164 1713 4221 laci:
1751 4185 1772 4221 ι
1803 4168 1900 4223 sed

325 4253 519 4325 utique
547 4252 680 4320 duo,
711 4267 947 4324 quorum
976 4254 1211 4310 alterum
1256 4257 1460 4326 pendet
1495 4257 1563 4312 ab
1588 4258 1761 4315 altero
1787 4276 1803 4327 ;
1837 4276 1902 4317 ac

321 4350 664 4414 distinctam,
694 4348 740 4403 si
766 4363 872 4418 qua
903 4354 1012 4414 est,
1050 4347 1402 4404 efﬁcientiam
1431 4349 1655 4407 habent.
1684 4352 1902 4410 Graecos

323 4442 393 4497 ab
419 4438 692 4512 Aquinate
737 4451 1074 4496 memoratos
1130 4439 1375 4512 intelligo
1418 4452 1640 4500 sanctos
1687 4443 1899 4516 Patres,

320 4536 567 4607 aliosque
602 4533 860 4590 catholici
896 4532 1169 4603 dogmatis
1199 4533 1471 4592 vindices.

392 4628 468 4703 (ϐ)
500 4626 626 4683 llaec
655 4626 933 4698 praecipua
977 4634 1129 4692 sunt,
1161 4639 1284 4695 quae
1307 4625 1452 4682 circa
1492 4626 1764 4699 dogmatis
1792 4628 1895 4685 do-

318 4721 555 4777 ctrinam
602 4719 658 4774 in
706 4716 988 4788 colloquio
1019 4715 1268 4773 discussa
1317 4717 1498 4774 fuere.
1535 4718 1892 4786 Testamenti,

317 4811 463 4883 quod
500 4810 666 4867 morti
697 4811 980 4880 prosimus
1002 4844 1009 4849 -
1035 4823 1180 4864 anno
1210 4808 1347 4867 1298
1375 4792 1622 4867 condidit
1662 4812 1893 4881 Beccus,

318 4914 534 4973 partem
563 4900 805 4970 aliquam
830 4897 1129 4953 hoclioeat
1153 4897 1278 4953 loco
1311 4899 1596 4967 exhibere,
1622 4911 1682 4955 ut
1706 4901 1893 4972 splen-

317 4994 449 5048 dide
479 5001 663 5064 pateat
691 4988 1102 5047 adversantium
1160 4988 1478 5045 Gramorum
1524 4994 1797 5049 sententia
1825 4994 1894 5049 de

320 5084 532 5155 Spiritu
561 5090 771 5139 sancto.
792 5081 1078 5152 integrum
1117 5079 1378 5138 Pessinus
1411 5083 1581 5139 refert
1609 5084 1665 5140 in
1691 5084 1895 5141 Obser-

316 5177 639 5235 vationibus
668 5175 736 5232 ad
781 5173 912 5230 libri
934 5175 1095 5231 tertii
1126 5183 1302 5244 caput
1326 5174 1457 5231 29.:
1485 5175 1545 5232 ln
1576 5176 1681 5234 hoc
1709 5177 1893 5233 hallu-

325 5271 586 5326 cinantur
646 5270 685 5325 ii
728 5267 1059 5341 quibuscum
1114 5268 1254 5326 mihi
1304 5269 1699 5337 controversia,
1745 5272 1894 5342 quod

322 5365 463 5435 ipsis
475 5364 527 5418 vi
560 5372 1009 5434 argumentorum
1033 5378 1099 5419 ex
1118 5363 1452 5422 anthenticis
1482 5365 1892 5440 Scripturarum

317 5464 374 5510 et
401 5457 624 5513 Patrum
671 5456 1004 5512 testimoniis
1034 5455 1486 5527 depromptorum
1526 5457 1893 5513 ineluctabili-

318 5558 405 5604 ιιι·
430 5550 654 5619 pressis,
684 5548 831 5603 nulla
859 5548 1253 5603 ostendebatur
1284 5549 1370 5603 via
1398 5548 1731 5613 declinandi,
1756 5550 1889 5621 quin

1928 4572 1973 4628 D

310 5641 536 5697 fatenda
582 5652 749 5707 esset,
810 5656 877 5696 ac
926 5657 1028 5712 pro
1086 5650 1239 5696 certo
1317 5640 1570 5711 dogmate
1638 5642 1941 5698 habenda.

308 5734 479 5787 sancti
500 5731 731 5804 Spiritus
757 5748 819 5790 ea:
850 5730 1015 5786 Patre
1031 5748 1126 5803 per
1142 5731 1335 5786 Filium
1353 5726 1631 5803 processio.
1651 5735 1889 5790 Aliunde

302 5842 459 5897 vero,
499 5844 623 5888 cum
655 5828 770 5901 pari
802 5826 1235 5897 tlteologicarum
1267 5842 1339 5884 ex
1380 5828 1684 5901 Scripturis
1716 5830 1890 5888 ratio-

2000 3318 2316 3387 imperator,
2360 3334 2494 3373 nave
2547 3320 2822 3391 deportari
2855 3321 2912 3375 in
2944 3337 3140 3392 arcem,
3172 3340 3206 3377 a
3248 3323 3448 3378 dextris
3493 3329 3580 3379 iat-

1999 3413 2257 3486 gredienti
2305 3414 2484 3467 sinum
2533 3416 2851 3470 Astacenum
2915 3412 3114 3486 sitam,
3168 3419 3254 3472 cui
3302 3433 3489 3473 nomen
3541 3434 3580 3473 α

1996 3514 2181 3560 sancto
2212 3506 2465 3578 Gregorio
2497 3516 2592 3562 est.

2583 3642 2810 3701 CAPUT
2860 3644 2993 3701 Vill.

2002 3731 2477 3812 Gregorioﬁqprio
2515 3738 2838 3812 patriarcha:
2877 3740 3145 3812 provincia
3176 3741 3485 3812 intponitur,
3519 3751 3579 3797 ut

2028 3826 2037 3833 ’
2070 3807 2295 3880 Joannis
2337 3807 2655 3861 Dantasceni
2703 3807 3004 3869 testimonia
3052 3807 3300 3880 exponat,
3325 3823 3374 3867 ct
3404 3807 3582 3867 conci-

2073 3877 2162 3929 liet
2189 3878 2242 3929 in
2296 3887 2454 3950 torno,
2503 3881 2593 3948 qui
2632 3895 2811 3934 coram
2851 3877 3133 3950 palamque
3173 3883 3226 3935 in
3263 3883 3477 3938 ecclesia
3501 3885 3580 3939 le-

2066 3957 2298 4023 geretur.
2350 3948 2546 4023 Graves
2606 3951 2659 4003 in
2717 3966 2795 4023 coA
2831 3948 3159 4018 deprehensa:
3222 3954 3576 4023 diﬁicultates.

2072 4019 2252 4092 ipsum
2285 4018 2474 4088 refellit
2497 4019 2688 4072 Bcccu:
2708 4038 2725 4078 :
2744 4019 3108 4092 Cyprianiquc
3133 4018 3408 4092 reum'agit
3433 4042 3580 4080 nocte

2072 4089 2346 4155 luereseos,
2374 4106 2491 4160 qua:
2527 4099 2703 4159 postea
2734 4089 3049 4145 l’iilamitica
3068 4094 3207 4146 dicta
3233 4089 3577 4150 est.'Tomum

2075 4160 2337 4232 corrigere
2400 4165 2584 4232 abnuit
2636 4160 2857 4231 Cyprius
2896 4177 2915 4215 :
2945 4163 3122 4232 plures
3162 4177 3339 4217 tamen
3388 4167 3577 4220 scribit

2062 4227 2276 4281 libellos
2328 4227 2722 4300 apologaticos'.’
2748 4227 2955 4287 Sancti'
2981 4233 3204 4289 Joannis
3264 4234 3580 4291 Damasccui

2073 4315 2220 4374 mens
2255 4300 2553 4374 diligentius
2600 4303 2901 4368 exponitur.
2947 4301 3131 4357 Sancti
3167 4304 3376 4361 Thamar
3406 4307 3577 4374 Aqui-

2073 4371 2212 4443 natis
2245 4371 2309 4423 de
2338 4371 2676 4443 _Dantt.=scen'o
2713 4373 2991 4436 Ju'diciam.
3030 4374 3263 4443 Itemque
3310 4382 3372 4428 de
3412 4371 3580 4430 Theo-

2072 4439 2272 4514 dareta.
2325 4439 2592 4496 Doctrina:
2651 4446 3093 4514 anacepltalazosis
3166 4439 3352 4500 contra
3397 4445 3579 4503 Pltotii

2071 4510 2406 4578 objectiones.

2067 4624 2111 4680 Ι.
2143 4626 2471 4681 Adversarii:
2498 4628 2608 4682 suis
2629 4628 2831 4699 (verba
2861 4639 2990 4686 sunt
3018 4629 3369 4702 Pacbymeris
3398 4632 3576 4701 lib.tt,

1999 4731 2119 4787 cap.
2157 4719 2233 4789 l),
2265 4734 2440 4772 acrem
2464 4721 2674 4789 reliquit
2702 4736 2888 4775 curam
2915 4722 3109 4777 Beccas
3130 4725 3450 4795 inquirendi,
3470 4743 3577 4797 qua

1998 4813 2203 4866 ratione
2237 4813 2292 4866 in
2322 4813 2670 4867 orthodoxam
2709 4814 2805 4881 (ita
2837 4815 3108 4870 sentiebat
3134 4817 3271 4886 ille),
3312 4819 3576 4890 explicari

1995 4918 2205 4956 sensum
2224 4911 2395 4973 posset
2426 4904 2740 4959 Damasccni
2764 4904 2945 4962 Patris
2975 4906 3200 4974 dictant,
3225 4912 3303 4963 ita
3323 4918 3379 4963 ut
3408 4928 3577 4984 neque

1997 4990 2149 5046 Becci
2183 4993 2496 5063 expositioni
2536 4995 2784 5049 assentiri
2806 4995 3131 5062 viderentur,
3185 5005 3235 5052 et
3266 5005 3444 5052 tamen
3470 4999 3577 5071 ipsi

1993 5086 2317 5155 suspiciones
2357 5086 2661 5156 effugerent,
2693 5086 2878 5156 quibus
2917 5088 3154 5158 ipsorum
3195 5090 3458 5154 doctrina,
3510 5106 3579 5145 ca:

1999 5179 2283 5250 apparenti
2312 5193 2430 5231 cum
2458 5179 2718 5233 sententia
2737 5187 2902 5234 tanta:
2932 5182 3267 5236 auctoritatis
3304 5185 3575 5254 conﬂictu,

1996 5271 2139 5342 apud
2193 5271 2425 5325 eruditos
2456 5268 2753 5327 laborabat.
2808 5291 2828 5326 ί
2863 5264 3394 5330 Δηίωειινειίιθὺθηι
3446 5276 3575 5345 ipsi,

1995 5378 2107 5418 non
2173 5362 2283 5418 dici
2334 5377 2366 5418 a
2423 5362 2793 5429 Damasceno,
2856 5367 3185 5438 theologiam
3240 5368 3574 5439 esplicante,

1995 5457 2276 5528 procedere
2297 5454 2554 5527 Spiritum
2586 5471 2650 5511 ea;
2676 5455 2836 5525 Filio,
2881 5458 2976 5514 sed
3005 5474 3100 5531 per
3128 5458 3330 5516 Filium
3354 5471 3403 5517 et
3447 5461 3578 5516 Ver-

1996 5548 2138 5604 bum.
2181 5549 2334 5619 10],
2384 5549 2675 5606 Addebam
2710 5554 2901 5618 etiam,
2938 5554 3116 5609 saneti
3162 5554 3329 5609 verba
3373 5555 3580 5611 ibidem

1996 5642 2145 5713 legi:
2200 5657 2264 5695 ea:
2308 5640 2443 5697 Filio
2487 5653 2664 5703 autem
2726 5641 2985 5715 Spiritum
3016 5662 3121 5700 non
3170 5647 3415 5701 dicimus.
3440 5648 3584 5703 Hinc

1998 5736 2327 5804 inferebant,
2358 5738 2782 5824 prapositiones
2806 5753 2870 5792 ea:
2917 5748 2973 5794 et
2997 5757 3090 5812 per
3112 5756 3223 5796 non
3253 5756 3376 5797 esse
3403 5745 3583 5812 aequi-

1993 5831 2285 5903 pollentes.
2336 5850 2356 5886 ι
2390 5830 2433 5887 Ε
2460 5844 2519 5888 re
2541 5844 2640 5889 sua
2664 5832 2986 5903 censebant,
3031 5844 3089 5892 ut
3125 5835 3246 5893 solo
3278 5846 3584 5892 uterentur
