3858 6460
265 251 367 320 109

257 463 639 535 Spiritum.ea
692 462 881 520 Filio:
935 468 1367 540 qurerebantque
1417 474 1840 543 expositionem,

256 572 360 627 qua
396 557 612 626 reliqua
645 557 831 626 priora
860 559 1026 614 verba
1074 560 1410 624 emollirent.
1442 575 1497 618 et
1528 566 1582 620 in
1614 581 1845 621 concor-

259 648 402 702 diam
437 649 791 704 reducerent.
852 650 1042 720 Itaque
1082 650 1352 722 Gregorio
1383 654 1586 726 Cyprio
1618 657 1844 711 demano

259 739 378 792 data
408 740 719 807 provincia,
754 741 972 796 Tomum
999 745 1271 800 scribendi
1307 748 1408 801 hac
1431 753 1494 803 tle
1521 763 1599 803 re.

328 835 593 905 Imposito
626 851 856 893 munere
885 841 1108 896 functus
1149 853 1231 898 est
1254 843 1509 914 Cyprius,
1550 844 1845 916 editosque

260 926 469 990 Tomus,
502 930 558 983 in
608 928 854 987 Ecclesia
887 948 1070 988 coram
1104 936 1395 1007 palamque
1434 938 1631 993 lectus.
1672 939 1728 994 Id
1755 955 1847 995 ac-

258 1021 455 1077 cidisse
493 1023 759 1079 Pessinus
825 1037 981 1095 putat
1029 1043 1175 1083 anno
1227 1029 1433 1085 Christi
1484 1030 1644 1088 1288.
1690 1033 1845 1089 Vetat

256 1112 415 1179 nihil,
456 1116 757 1185 quominus
790 1116 843 1171 id
876 1119 1138 1174 acciderit
1171 1136 1319 1176 anno
1355 1123 1640 1191 superiore
1682 1123 1841 1189 1287,

256 1206 339 1261 vel
369 1207 537 1261 etiam
582 1209 947 1277 prmcedente.
981 1210 1111 1278 Quae
1142 1214 1301 1286 plura
1366 1215 1434 1269 ab
1475 1214 1675 1285 Cyprio
1700 1215 1845 1271 edita

256 1310 383 1355 sunt
415 1300 759 1371 apologctica
801 1302 1030 1373 scripta,
1063 1320 1184 1374 quae
1212 1321 1342 1360 mox
1372 1307 1843 1376 enumerabimus,

256 1391 309 1447 id
334 1408 635 1463 exposcere
665 1395 940 1453 videntur.
965 1396 1137 1451 Tomo
1158 1397 1300 1453 lecto
1318 1400 1609 1469 imperator
1636 1403 1844 1456 rubrica

256 1485 579 1553 subscripsit,
610 1486 798 1557 deinde
850 1490 1183 1559 patriarcha,
1217 1500 1327 1546 tum
1355 1492 1539 1547 ordine
1561 1494 1844 1563 prwsules.

256 1575 633 1632 Ecclesiastici
669 1578 774 1633 viri
810 1578 966 1635 fuere
1001 1581 1206 1651 plures,
1265 1583 1358 1653 qui
1387 1584 1843 1658 subscriptionem

254 1681 444 1741 aperte
477 1680 765 1742 negarunt.

1426 261 1635 325 VITA.
1682 291 1750 302 -
1788 265 2305 335 DISSERTATIO
2344 275 2392 338 Ῑ.

258 370 578 424 Damasceni
645 369 813 451 effata
869 372 985 438 illo,
1014 389 1125 445 quo
1176 378 1223 431 is
1274 377 1509 449 negabat
1570 397 1628 436 se
1669 380 1850 437 dicere
1878 398 1926 455 Α
1954 385 2176 453 quidem
2208 388 2513 460 intelligere
2546 406 2653 445 non
2687 393 2841 448 valeo
2868 394 3111 468 (reponit
3140 398 3394 473 Beccus),
3424 421 3532 475 qua

3429 289 3535 355 HO

1949 477 2160 533 ratione
2215 479 2544 551 eﬂ'ulsionem
2601 484 2657 537 in
2717 494 2973 541 aternum
3031 489 3268 560 Spiritus
3313 510 3342 549 a
3399 514 3534 567 puro

1947 587 2226 642 progressu
2262 574 2333 628 ad
2360 591 2470 630 esse
2493 577 2815 647 distinguat.
2848 580 2904 637 2.
2935 582 3229 653 Gregorius
3257 588 3533 659 Nysswus

1949 661 2184 718 duarum
2226 681 2584 735 personarum
2622 668 2817 737 causae,
2849 689 2944 729 seu
2988 679 3243 747 principii
3272 680 3533 739 (ἥσει-(διι-

1950 755 2080 809 tiam
2119 758 2426 825 declarans,
2463 776 2574 815 non
2615 765 2777 817 aliam
2809 779 2932 820 esse
2960 766 3230 833 decernit,
3264 772 3367 827 nisi
3391 775 3532 828 hunc

1948 849 2159 920 quidem
2189 855 2451 924 contigue,
2486 855 2652 910 aliam
2688 874 2810 913 rero
2840 877 2933 930 per
2966 861 3102 915 illud
3132 866 3270 932 quod
3297 884 3329 920 a
3358 870 3531 938 primo

1947 941 2189 1011 contigue
2212 953 2287 996 est
2323 957 2341 996 :
2394 945 2539 999 unde
2577 963 2684 1001 non
2717 952 2877 1019 capio
2899 991 2914 1010 .
2947 967 3195 1021 quaenam
3227 957 3331 1011 alia
3364 957 3434 1012 sit
3474 962 3526 1012 iu

1947 1042 2210 1087 aeternum
2245 1051 2342 1104 per
2370 1036 2571 1091 Filium
2597 1038 2837 1109 Spiritus
2867 1034 3103 1109 eﬂ‘tiisiu,
3132 1048 3234 1101 nisi
3261 1050 3435 1118 ipsius
3461 1071 3525 1106 et

1948 1122 2110 1181 Patre
2164 1142 2264 1196 per
2324 1129 2525 1186 Filium
2573 1133 2888 1203 hypostasis
2955 1154 3302 1209 progressus.
3335 1145 3388 1199 ‘5.
3445 1144 3528 1201 An

1947 1214 2116 1270 fuerit
2165 1218 2511 1289 Unigenitus,
2563 1223 2780 1295 hujusce
2827 1226 3063 1299 Spiritus
3113 1234 3400 1305 e/fulsionis
3436 1255 3530 1310 per

1950 1307 2145 1379 ipsum,
2201 1326 2266 1366 ex
2314 1313 2475 1369 Patre
2532 1318 2902 1376 administer?
2931 1323 2979 1376 4.
3006 1326 3159 1393 Quod
3189 1328 3231 1382 si
3292 1307 3530 1399 Spiritus

1949 1402 2274 1458 naturaliter
2298 1423 2397 1476 per
2433 1408 2630 1465 Filium
2661 1411 2910 1485 cﬂ'ulgcl,
2946 1417 3089 1471 idem
3124 1419 3291 1481 luerit
3316 1424 3526 1491 dicere,

1948 1511 2012 1549 ac
2039 1499 2292 1565 procedit
2327 1500 2444 1571 ipse
2494 1519 2593 1573 per
2626 1504 2844 1565 Filium.
2888 1530 2907 1564 ι
2947 1509 3070 1568 Haec
3106 1524 3162 1570 et
3195 1516 3301 1571 alia
3334 1535 3529 1591 quant-

1949 1589 2107 1660 plura
2135 1592 2344 1649 Beceus
2378 1599 2712 1668 opponebat.
3355 1589 3367 1591 —
3466 1600 3469 1601 ν

2021 1682 2207 1755 inepta
2242 1696 2360 1742 erat
2389 1691 2493 1744 alia
2524 1691 2707 1765 Cyprii
2740 1700 3012 1756 sententia
3037 1742 3050 1766 ,
3092 1718 3214 1771 quae
3266 1721 3419 1765 num.
3459 1708 3527 1765 10

323 1762 393 1818 ll.
425 1762 661 1820 Causam
694 1776 917 1822 enarrat
962 1768 1333 1840 Pacltymercs
1380 1770 1623 1827 ibidem:
1663 1791 1682 1826 ι
1716 1772 1846 1830 Erat
1879 1766 1921 1821 Β
1951 1774 2234 1834 habetur:
2289 1783 2383 1836 sed
2445 1800 2543 1854 per
2570 1762 2813 1856 vl’ilium,
2874 1802 2922 1847 et
2979 1762 3047 1849 etc
3096 1762 3239 1852 ii‘itio
3284 1762 3526 1866 eoo-ind);

254 1856 402 1910 enim
438 1855 586 1912 inter
607 1857 711 1912 alia
746 1859 800 1913 in
832 1857 1148 1931 Tomo,'qui
1189 1862 1623 1921 subscribendus
1643 1865 1841 1921 obtru-

254 1949 517 2015 debatur,
546 1951 795 2020 quaedam
825 1953 1096 2023 expositio
1128 1954 1416 2011 sententia:
1448 1956 1603 2027 prius
1635 1972 1843 2014 mento-

252 2053 387 2098 rata:
444 2042 562 2099 divi
622 2043 969 2109 Damasceui,
1006 2045 1086 2101 sic
1135 2060 1195 2102 se
1244 2045 1496 2102 habens:
1531 2045 1590 2102 Si
1643 2064 1762 2103 vero
1809 2067 1843 2104 a

252 2146 457 2185 summa
487 2130 747 2202 Thcologo
780 2133 1111 2189 Damasceno
1144 2136 1443 2206 reperiatur
1485 2139 1655 2193 dictus
1681 2138 1845 2194 Pater

252 2225 429 2277 sancti
474 2217 710 2294 Spiritus
742 2226 828 2280 διὰ
859 2229 1039 2295 Λόγου
1077 2230 1399 2300 προϐολεῢς,
1435 2230 1721 2301 ρνοάιιειοῖ·
1750 2250 1844 2304 per

262 2315 490 2373 Verbum
520 2332 541 2372 :
591 2319 733 2373 haud
760 2319 916 2390 plane
968 2322 1071 2375 ista
1126 2320 1319 2378 locutio
1374 2325 1674 2395 signiﬁcare
1733 2327 1842 2382 vult

253 2411 428 2463 sancti
460 2407 699 2479 Spiritus
730 2414 809 2474 εἰς
843 2411 903 2464 τὸ
933 2406 1075 2467 εἶναι
1112 2413 1360 2485 πρόοδον,
1386 2415 1767 2486 processioncm
1784 2416 1840 2470 in

254 2505 617 2568 exstantium;
674 2503 769 2558 sed
828 2505 909 2567 εἰς
956 2505 1129 2558 ἀΐδιον
1163 2504 1450 2574 ἕκφανσιν,
1500 2506 1555 2559 in
1588 2514 1841 2560 (uernam

252 2594 789 2665 explendescentiam.
824 2594 937 2652 Hoc
962 2606 1147 2652 autem
1196 2597 1328 2668 quid
1383 2597 1487 2653 sibi
1521 2599 1705 2667 vellet,
1742 2615 1840 2654 ne-

253 2701 530 2756 quaquam
564 2702 626 2742 se
655 2703 851 2757 capere
884 2688 1101 2744 aiebant
1137 2703 1151 2741 :
1207 2690 1639 2759 qumrebantque
1680 2705 1842 2745 mon.

252 2780 579 2836 strari"sibi
637 2781 932 2837 discrimen
981 2783 1327 2853 processionis
1371 2792 1427 2838 et
1485 2792 1695 2840 tolerare
1747 2801 1841 2838 ex-

254 2873 699 2940 piendéscentite;
742 2882 801 2927 ut
839 2875 921 2930 sic
970 2890 1160 2929 earum
1201 2889 1396 2930 vocum
1433 2876 1661 2930 alteram
1703 2876 1842 2955 abji-

254 2977 470 3030 cerent,
508 2968 737 3021 alteram
766 2967 1251 3038 amplecterentur.
1290 2967 1446 3023 hunc
1492 2968 1639 3024 enim
1682 2968 1841 3041 plane

1949 1867 2240 1940 ὑπάρχειν,
2277 1876 2606 1932 naturaliter
2640 1883 2888 1939 exsistere
2920 1903 2939 1944 :
2977 1904 3081 1942 non
3134 1906 3254 1944 vero
3303 1909 3398 1962 per
3439 1890 3530 1947 Fi»

1949 1957 2102 2026 lium,
2130 1970 2200 2016 et.
2233 1979 2297 2018 ca:
2344 1964 2479 2022 Filio
2509 1970 2608 2042 τὴν
2658 1972 2893 2050 ὓπαρξιν
2936 1979 3104 2050 ἔχειν,
3163 1986 3526 2042 exsistentlam

1947 2052 2156 2120 habere,
2194 2058 2284 2127 qui
2316 2059 2371 2112 id
2400 2066 2805 2122 enuntiaverunt
2836 2070 3047 2137 Patres,
3091 2074 3223 2143 fassi
3248 2088 3388 2133 sunt.
3427 2099 3445 2132 ι
3480 2081 3527 2135 Ο

1947 2157 2200 2218 argutum
2233 2152 2360 2209 talia
2390 2164 2753 2215 asserentium
2785 2179 3014 2220 acumen
3036 2168 3124 2226 ι...
3150 2170 3258 2240 Ego
3290 2172 3384 2241 qui
3416 2189 3522 2229 non

1948 2235 2023 2292 ita
2074 2241 2328 2299 curiosos
2379 2261 2523 2311 sum,
2574 2249 2669 2302 sed
2726 2252 2881 2307 rudis
2929 2235 3228 2325 hebesque',
3281 2235 3411 2315 illud
3460 2276 3527 2318 ex

1949 2326 2095 2383 Filio
2130 2335 2452 2390 naturaliter
2488 2335 2744 2409 Spiritum
2779 2346 3047 2411 exsistere,
3082 2365 3180 2421 pro
3213 2350 3524 2410 exsistentia

1946 2436 2010 2475 ea:
2034 2421 2170 2479 Filio
2208 2441 2430 2483 assumo
2464 2448 2479 2486 :
2528 2443 2584 2488 et
2615 2438 3056 2506 prapositionem
3096 2457 3180 2506 ex,
3220 2441 3341 2499 loco
3384 2460 3527 2517 prae-

1948 2517 2237 2584 positionis
2256 2536 2372 2590 per,
2400 2531 2455 2576 ut
2492 2526 2712 2596 scriptis
2744 2529 2999 2587 mandata
3030 2532 3253 2588 traditio
3290 2535 3522 2607 intonat,

1942 2607 2007 2685 de
2038 2607 2176 2663 Filio
2215 2626 2436 2682 semper
2465 2616 2785 2687 accipiens;
2834 2636 2943 2677 non
2975 2623 3108 2679 duas
3131 2641 3317 2682 causas
3351 2627 3526 2702 Spiri.

1945 2710 2049 2763 tus,
2085 2702 2179 2757 sed
2242 2702 2458 2760 Patrem
2497 2725 2715 2766 causam
2763 2730 2859 2786 per
2902 2712 3456 2792 Filiumdepraedico.
3494 2743 3517 2779 s

1945 2792 2073 2847 llam
2106 2809 2235 2850 vero
2273 2812 2584 2867 germanam
2618 2805 2900 2864 continent
2938 2808 3042 2865 loci
3080 2812 3307 2868 alterius
3348 2815 3525 2874 inter-

1946 2887 2307 2956 pretationem
2336 2930 2352 2956 ,
2415 2893 2507 2949 ubi
2549 2893 2915 2955 Damascenus
2945 2901 3052 2967 ait,
3089 2919 3145 2961 se
3173 2903 3429 2976 Spiritum
3460 2925 3524 2965 ea:

1945 2974 2077 3031 Filio
2106 2995 2211 3034 non
2264 2983 2437 3038 dicere
2462 3001 2482 3040 :
2511 2987 2772 3044 nimirum
2808 2993 2977 3048 veluti
3004 3009 3070 3049 ex
3098 2974 3260 3051 causa
3299 3013 3328 3052 tt
3358 2999 3523 3059 Patro

255 3073 525 3130 apparere
554 3058 689 3130 ipsis
722 3060 826 3114 ista
868 3059 1131 3114 Vocabula
1171 3071 1363 3115 mutuo
1392 3061 1797 3131 aequipoilentia
1819 3103 1836 3128 ,
1865 3112 1912 3171 ε
1945 3062 2223 3129 (ἰίἐιίιιρια.
2256 3075 2367 3131 Hac
2399 3077 2467 3132 de
2498 3096 2558 3137 re
2589 3081 2907 3155 diligentius
2940 3086 3102 3142 infra.

256 3170 362 3210 nec
416 3155 540 3225 plus
573 3155 821 3211 minusve
862 3156 1172 3226 signiﬁcare
1217 3157 1515 3228 quidquam
1554 3160 1842 3230 processio-

258 3242 378 3302 nem
404 3250 468 3303 in
512 3250 858 3315 exstantium,
887 3266 1049 3320 quam
1081 3252 1466 3321 processionem
1500 3253 1553 3306 in
1584 3261 1839 3309 wternam

256 3339 790 3410 explendescentiam.
827 3358 848 3393 ι
872 3344 875 3345 ⁷

330 3434 750 3501 Animadverte,
785 3434 972 3491 minus
1009 3446 1320 3491 accuratam
1393 3436 1698 3507 falsamque
1725 3436 1839 3507 jam

254 3526 457 3599 Cyprio
517 3528 692 3582 visam
741 3543 865 3584 esse
909 3543 1102 3584 eorum
1166 3518 1702 3600 interpretationem,
1746 3528 1842 3599 qui

257 3622 641 3692 processioncm
675 3624 845 3677 sancti
876 3619 1108 3692 Spiritus
1143 3640 1175 3677 a
1211 3622 1376 3677 Patre
1398 3640 1489 3693 per
1516 3621 1717 3677 Filium
1748 3632 1843 3676 aut

258 3714 646 3781 intelligebant
691 3715 1035 3785 temporalem
1083 3716 1346 3770 donorum
1380 3725 1428 3769 et
1459 3716 1843 3770 charismatum

257 3807 669 3870 concessionem,
726 3819 824 3860 aut
872 3818 1020 3863 certe
1054 3809 1396 3879 processionis
1432 3809 1613 3863 activte
1642 3809 1845 3861 transi-

261 3910 368 3953 tum
397 3916 493 3970 per
554 3897 801 3964 Verbum,
856 3900 1026 3956 veluti
1075 3901 1357 3968 medium,
1409 3902 1527 3955 sine
1576 3900 1683 3954 ulla
1728 3900 1847 3968 ejus

259 3992 577 4048 eilicientia.
604 3993 1139 4064 Perspicua‘scilicet
1162 3992 1484 4048 Damasceni
1515 4009 1578 4049 ac
1618 3992 1846 4048 Patrum

262 4101 415 4140 ruens
443 4097 582 4147 erat,
632 4098 891 4141 :eternam
941 4101 1064 4142 esse
1112 4086 1351 4157 Spiritus
1390 4088 1563 4141 sancti
1624 4100 1849 4156 proces-

261 4178 493 4242 sionem,
529 4194 636 4248 qua
659 4178 864 4235 dicitur
898 4196 931 4231 a
960 4176 1123 4233 Patre
1156 4193 1248 4247 per
1287 4176 1513 4232 Verbum
1542 4177 1843 4249 procedere.

261 4270 491 4327 Patebat
524 4271 715 4337 etiam,
753 4271 897 4326 hanc
925 4272 1303 4338 processionem
1333 4286 1426 4340 per
1455 4269 1679 4323 Verbum
1713 4269 1848 4324 satis

264 4362 511 4418 indicare
544 4360 709 4418 Verbi
738 4362 1087 4418 elﬁcicntiam
1105 4378 1232 4433 erga
1256 4362 1524 4433 Spiritum
1555 4372 1843 4417 sanctum:

2017 3159 2152 3218 Cum
2190 3167 2305 3222 haec
2352 3167 2588 3226 fortasse
2616 3190 2730 3246 pra:
2764 3177 2939 3232 oculis
2985 3178 3214 3235 haberet
3261 3182 3523 3239 doctissi~

1944 3269 2067 3311 mus
2117 3257 2446 3317 Franciscus
2474 3265 2857 3335 Combeiisius,
2891 3271 3239 3343 frequentius
3294 3277 3526 3337 adnotat

1942 3346 1996 3400 iu
2025 3347 2197 3402 altera
2219 3362 2369 3419 parte
2388 3353 2679 3413 Novissimi
2708 3360 2970 3430 Auetarii,
2990 3363 3255 3423 Joannem
3287 3366 3524 3432 Beccum

1942 3442 2180 3498 Iueresim
2233 3444 2611 3504 Palamiticam
2647 3453 2954 3509 damnasse.
3002 3453 3259 3513 insanum
3312 3462 3527 3522 scilicet

1947 3534 2180 3590 invaluit
2205 3538 2484 3605 delirium,
2518 3559 2629 3612 quo
2659 3559 2689 3597 a
2719 3545 2905 3602 divina
2946 3552 3186 3607 easeutia
3222 3552 3526 3631 distingue-

1947 3627 2109 3682 batur
2139 3642 2342 3688 teterna
2374 3635 2469 3690 Dei
2508 3639 2673 3705 actio,
2704 3657 2768 3696 ac
2803 3642 3200 3712 sempiternum
3247 3627 3523 3715 quoddam

1948 3718 2136 3773 lumen
2185 3722 2476 3782 divinum:
2531 3744 2593 3783 ac
2626 3731 2769 3785 istud
2823 3734 3101 3789 mentibus
3131 3737 3330 3791 creatis
3374 3752 3527 3793 coni.

1947 3811 2220 3866 municari
2253 3813 2562 3883 dicebatur,
2600 3820 2716 3888 ipsa
2754 3824 2978 3889 penitus
3020 3825 3523 3891 incomntunicabill

1948 3901 2208 3968 essentia,
2232 3917 2296 3959 ac
2328 3905 2612 3964 invisibili.
2643 3908 2765 3966 llaec
2793 3913 3015 3969 videtur
3035 3931 3157 3971 esse
3177 3916 3268 3971 illa
3290 3919 3529 3995 exsplen-

1949 3992 2243 4062 descentia,
2278 3996 2333 4051 in
2368 4013 2531 4083 quam
2568 3998 2805 4076 Cyprius
2847 4007 3099 4064 tradebat
3127 4025 3194 4065 ex
3218 3992 3529 4083 Patrevpros-

1950 4083 2147 4139 cedere
2170 4080 2709 4156 Spiritum’sanetum
2743 4110 2845 4166 per
2884 4097 3040 4169 103
3073 4099 3291 4170 Filium,
3334 4080 3438 4165 non
3469 4105 3526 4169 in

1948 4176 2293 4231 exstantium.
2330 4176 2445 4235 Hoc
2493 4181 2661 4252 igitur
2705 4184 2934 4257 impium
2980 4189 3214 4246 Palamte
3266 4193 3462 4270 dogma
3494 4213 3525 4255 a

1947 4266 2157 4324 Joanne
2185 4269 2359 4327 Becco
2386 4274 2699 4331 damnatum
2736 4276 2791 4333 in
2823 4279 2980 4336 Tomo
3009 4284 3257 4356 quodam,
3298 4266 3531 4349 adnotat.

1951 4358 2205 4416 laudatus
2233 4360 2600 4424 Combelisius
2645 4368 2703 4424 in
2748 4369 3247 4438 Observatiouibus
3304 4380 3374 4439 ad
3418 4380 3531 4438 Ala-

263 4472 424 4528 quam
471 4456 937 4526 interpretabatur
966 4453 1199 4523 Cyprius
1233 4470 1340 4510 non
1387 4455 1456 4507 ad
1497 4455 1842 4523 exstantium,
1873 4452 2129 4532 Dttuelis
2175 4453 2383 4511 Calecae
2430 4457 2635 4514 librum
2695 4462 2775 4517 De
2828 4469 3053 4526 essentia
3096 4480 3146 4526 et
3201 4475 3530 4547 operatione.

265 4551 360 4606 sed
413 4549 486 4604 ad
530 4559 788 4603 aeternam
824 4546 1395 4619 exsplendescentiam;
1427 4562 1550 4601 cum
1600 4556 1841 4603 attamen

267 4659 459 4698 revera
520 4641 763 4712 Spiritus
800 4640 976 4696 sancti
1011 4651 1215 4695 (eterna
1251 4636 1713 4711 explendescentia
1767 4636 1844 4693 nil

265 4733 412 4788 aliud
446 4734 611 4798 foret,
630 4746 792 4803 quam
810 4731 929 4802 ejus
959 4734 1222 4786 exstantia
1255 4746 1285 4785 a
1308 4732 1471 4786 Patre
1501 4746 1597 4801 per
1625 4729 1843 4784 Filium.

344 4826 503 4897 102
533 4825 620 4881 Ill.
643 4824 847 4880 Tomos
871 4825 1067 4880 incidit
1121 4825 1177 4880 in
1206 4839 1401 4880 manus
1432 4823 1590 4879 Becci
1622 4837 1845 4878 carcere

266 4921 492 4978 detenti.
536 4919 706 4973 Multa
762 4918 856 4973 ille
881 4923 1072 4974 eodem
1126 4918 1182 4973 in
1218 4917 1391 4973 Tomo
1441 4917 1846 4989 reprehendebat

268 5013 473 5085 (verbis
514 5022 636 5067 utor
676 5010 1053 5083 Pachymcris,
1118 5026 1237 5080 cap.
1285 5009 1365 5080 2},
1404 5011 1497 5063 sed
1554 5010 1847 5080 prwsertim

268 5107 541 5162 incusabat
606 5103 982 5175 expositionem
1035 5104 1093 5156 in
1149 5118 1208 5157 eo
1264 5105 1521 5157 traditam
1574 5102 1849 5156 sententiae

272 5199 605 5257 Damasceni.
644 5200 861 5256 Prostat
907 5196 962 5251 in
996 5208 1146 5252 tomo
1189 5197 1235 5252 ll
1274 5195 1497 5251 Gra'cia'
1542 5195 1847 5249 orthodoxa:

266 5296 386 5367 ejus
414 5293 588 5348 oratio
618 5292 789 5362 prima
818 5291 874 5344 in
909 5288 1126 5345 Tomum
1175 5288 1378 5361 Cyprii,
1410 5298 1458 5342 et
1510 5304 1670 5342 novas
1709 5289 1847 5358 ejus-

269 5394 387 5441 dem
410 5388 657 5442 hereses.
687 5381 892 5437 Novam
921 5382 1105 5453 Cyprii
1157 5380 1667 5451 interpretationem
1724 5393 1849 5448 pro-

270 5484 403 5555 priis
426 5480 610 5536 verbis
627 5475 789 5532 affert
814 5491 966 5530 num.
990 5475 1044 5528 5.
1069 5466 1211 5529 Licet
1246 5475 1382 5530 enim
1405 5475 1549 5544 apud
1567 5472 1846 5528 nonnullos

269 5590 479 5635 sanctas
552 5591 645 5646 per
701 5572 895 5627 Filiam
953 5571 1235 5643 procedere
1286 5567 1547 5640 Spiritum
1603 5578 1847 5629 sanctum

271 5683 589 5734 astruatur;
624 5668 782 5721 dictio
810 5667 942 5727 lucc,
972 5665 1026 5717 in
1063 5672 1317 5717 wternam
1351 5660 1673 5733 e/fulsionem
1696 5702 1710 5724 ,
1742 5678 1847 5719 non

272 5766 342 5820 ad
380 5778 490 5820 esse
528 5777 680 5834 pure,
727 5756 991 5829 signiﬁcat
1037 5771 1391 5828 progressum.
1426 5774 1444 5808 ι
1478 5755 1544 5815 Et
1604 5755 1842 5828 primum

1950 4543 2232 4602 Michaelis
2277 4547 2541 4620 Lequieni
2576 4555 2914 4614 verissimam
2964 4560 3132 4619 aﬂcro
3181 4543 3536 4622 animadver.

1952 4640 2165 4694 sionem
2210 4641 2267 4696 in
2305 4643 2689 4728 dissertatione
2741 4649 2762 4703 l
2805 4650 3220 4723 Datuascenica,
3251 4673 3404 4713 num.
3435 4660 3537 4728 50,

1951 4727 2186 4820 Palamae
2216 4733 2438 4803 quidem
2484 4724 2767 4805 pmivisse
2809 4741 3090 4818 Cyprium,
3122 4724 3535 4820 erraticumque

1952 4819 2149 4892 dogma
2196 4824 2266 4880 ab
2319 4827 2425 4884 isto
2477 4831 2885 4901 praeformatum
2934 4835 3209 4892 refutasSe
3241 4819 3527 4912 Beccum;

1953 4922 2213 4972 caeterum
2242 4917 2505 4982 Joannem
2553 4923 2705 4978 illum
2743 4928 3111 5000 patriarcham
3157 4929 3537 4989 Constantium

1953 5008 2273 5078 politanum,
2311 5013 2407 5082 qui
2459 5013 2783 5085 Gregorium
2812 5020 3086 5077 Palamam
3115 5016 3325 5094 primus
3373 5025 3535 5082 dam.

1954 5101 2125 5164 navit.
2152 5112 2247 5163 aut
2278 5102 2641 5178 Sozopolitam
2678 5107 2850 5167 fuisse
2897 5113 3045 5171 circa
3088 5130 3292 5172 annum
3323 5119 3535 5184 Christi

1956 5192 2115 5259 1294,
2150 5204 2243 5249 aut
2274 5205 2424 5252 certe
2453 5197 2649 5275 Glycyn
2676 5201 2821 5258 circa
2855 5220 3059 5265 annum
3087 5209 3244 5275 l5l6,

2026 5287 2082 5341 In
2121 5288 2264 5344 hanc
2312 5290 2711 5349 abi-surditatem
2764 5296 3025 5355 incidisse
3073 5300 3374 5385 Cyprium,
3416 5309 3533 5378 jam

1955 5383 2114 5441 allata
2145 5385 2318 5459 ipsius
2350 5384 2419 5439 ad
2447 5385 2626 5445 locum
2655 5387 2976 5448 Damasceni
3000 5383 3386 5475 interpretatio
3400 5406 3535 5463 satis

1952 5477 2178 5532 evincit.
2215 5480 2436 5535 Accedit
2466 5481 2613 5538 aliud
2646 5483 2818 5558 ipsius
2843 5485 3052 5543 dictum
3099 5490 3153 5546 in
3195 5509 3294 5547 suo
3334 5493 3535 5567 Temo,

1954 5570 2099 5640 quod
2134 5569 2262 5626 inde
2303 5584 2582 5644 sumptum
2626 5591 2657 5628 a
2697 5575 2873 5633 Becco
2905 5580 3136 5637 refertur
3185 5584 3239 5638 in
3280 5588 3539 5651 oratio-ua

1954 5660 2118 5716 citata
2179 5676 2333 5722 nom.
2390 5665 2501 5720 ηε
2559 5684 2579 5719 t
2610 5666 2755 5725 Nihil
2798 5672 2924 5726 novi
2969 5684 3074 5738 est,
3111 5691 3288 5749 neque
3320 5678 3388 5733 ab
3430 5695 3536 5743 usu

1956 5755 2371 5826 Scripturarum
2403 5759 2669 5831 alienum,
2693 5761 2739 5818 si
2766 5764 3010 5832 spiritale
3033 5768 3232 5835 donum
3255 5771 3538 5855 a'ququcg
