3838 6362
268 315 364 383 iii

1230 312 1561 377 GEORGII
1604 310 1861 373 CYPRlI
1907 307 2014 369 (ΣΡ.
2056 299 2577 368 PATRIARCILE

3416 291 3519 359 ll!

266 420 493 505 Spiritus
544 439 758 489 sanctus
788 437 1055 489 vocetur:
1104 442 1169 489 et
1200 434 1339 488 actio
1382 427 1683 502 aliquando
1729 427 1835 484 sibi
1868 449 1912 506 Α
1941 422 2427 482 bccioreccnsitus
2454 419 2596 475 libro
2627 433 2653 473 v
2689 412 3243 479 Commentariorum,
3285 410 3395 470 sub
3413 411 3531 506 hoc

265 545 453 584 nomen
490 527 691 598 agentis
719 524 1021 580 admiscere
1046 523 1285 589 videtur,
1314 524 1396 579 uti
1425 523 1558 579 solis
1576 522 1837 592 Splendor

264 631 320 679 et
349 623 535 677 lumen
565 634 946 689 saepenumero
985 618 1140 674 solis.
1176 636 1200 670 λ»
1238 617 1449 683 Quibus
1478 616 1667 685 utique
1717 629 1842 667 ver-

264 714 352 771 bis
377 714 474 786 (ait
500 712 810 782 Lequienus
836 710 957 766 loco
975 711 1163 780 citato)
1221 707 1837 778 significabatzeternam

266 804 361 858 Dei
406 802 699 864 actionem,
735 815 858 870 qua:
887 800 1136 868 personis
1181 798 1359 852 tribus
1391 797 1700 852 communis
1731 804 1837 859 cst,

266 896 529 966 Spiritum
562 902 810 948 sanetum
839 893 1168 963 quandoque
1195 889 1488 944 vocarizet
1520 888 1663 943 hanc
1698 904 1841 941 scm-

267 988 470 1061 piterni
522 987 749 1042 luminis
811 985 1158 1055 efﬁcientiam
1191 1022 1206 1045 ,
1263 984 1441 1037 tribus
1489 994 1837 1036 communem

267 1082 540 1154 personis,
577 1082 749 1151 ipsam
781 1078 887 1134 dici
930 1077 1334 1148 processionem
1363 1074 1603 1146 Spiritus
1624 1089 1654 1127 a
1679 1073 1840 1128 Patre

266 1165 629 1249 per‘Filium.
676 1172 839 1228 Aliud
887 1170 1030 1226 idem
1081 1169 1397 1237 Lequienus
1449 1166 1837 1235 Fragmentum

264 1270 447 1341 aperis
481 1283 511 1323 a
552 1265 751 1339 Cypria
786 1263 1019 1320 confecti
1076 1260 1279 1316 ibidem
1339 1258 1543 1315 aﬂert:
1605 1272 1838 1326 nempe,

263 1363 442 1416 divina
469 1362 669 1431 gratia,
715 1356 1115 1428 effulgentiaque
1146 1393 1161 1417 ,
1192 1361 1239 1406 et
1277 1352 1512 1424 operatio
1568 1349 1841 1412 συναῖδιὸς

264 1454 381 1505 ἐστι
419 1451 497 1520 τῷ
527 1448 661 1519 Υἱῷ,
694 1457 955 1502 cotrtcrna
989 1444 1121 1500 Filio
1142 1453 1253 1500 est:
1278 1452 1325 1497 et
1356 1459 1419 1497 ea
1452 1444 1560 1511 ipso
1592 1442 1842 1505 scaturit,

264 1544 406 1600 velut
431 1545 591 1598 etiam
619 1557 681 1595 ea;
720 1539 903 1603 Patre,
926 1547 974 1593 ct
1001 1540 1217 1608 ipsomct
1250 1535 1550 1593 Paracleto.
1577 1535 1839 1591 Enormia

264 1645 595 1699 commenta,
621 1649 742 1706 qua:
780 1631 1053 1688 cadebant
1093 1630 1290 1693 Graeci,
1330 1629 1554 1684 Patrum
1592 1626 1840 1682 auctori-

264 1739 375 1786 tate
413 1727 611 1803 pressi,
657 1726 973 1796 diligentius
1006 1723 1151 1778 infra
1183 1721 1623 1792 esplanabimus.
1666 1716 1674 1724 ’

1947 518 2105 572 titulo
2140 535 2152 572 :
2214 518 2283 570 Ὀ·
2325 513 2500 584 Τόμος
2550 511 2647 580 τῆς
2684 507 2844 578 ἁγίας
2880 507 3123 569 συνόδου,
3163 506 3286 577 ἦτοι
3341 503 3520 574 στήλη

1945 610 2276 680 agnoscet“,
2320 607 2507 671 Ionius
2536 604 2836 676 synodicus,
2872 602 2977 657 sive
3037 599 3291 654 colummr
3343 598 3522 653 ortho-

1942 705 2130 758 doxia’.
2165 701 2358 770 lncipit
2391 717 2404 756 :
2437 700 2603 770 Ἔσχε
2655 698 2754 768 μὲν
2814 698 2848 766 ἡ
2906 693 3260 763 ὲπισυμὸἄσα
3290 691 3398 762 πρὸ
3432 707 3524 760 μι-

1942 795 2074 867 κροῦ
2111 794 2324 865 ταραχή
2365 809 2425 846 τε
2464 793 2558 846 καὶ
2580 790 2720 860 cum
2753 792 2818 858 τῇ
2865 787 3185 857 Ἐκκλησὲᾳ.
3209 784 3374 838 Habet
3404 782 3524 852 qui-

1942 888 2060 940 dem
2092 884 2345 948 turbatio,
2377 893 2426 938 et
2458 880 2690 953 procella
2740 877 2988 935 Ecclesia:
3009 875 3403 946 superueniens.
3435 872 3520 927 Ab

1945 979 2033 1034 his
2054 979 2219 1033 etiam
2244 975 2437 1045 incipit
2468 974 2651 1029 verbis
2674 971 2824 1043 Opus
2859 985 2888 1024 a
2931 970 3210 1024 Bandurio
3243 967 3519 1035 integrum

1944 1066 2129 1124 Grseee
2160 1066 2366 1121 editum
2403 1067 2457 1121 in
2498 1065 2652 1120 Notis
2681 1064 2747 1118 ad
2776 1063 2974 1117 librum
3006 1076 3104 1114 vm
3131 1058 3522 1128 Antiquitatum

1942 1159 2395 1231 Constantinopol.
2417 1158 2561 1230 quod
2585 1156 2939 1221 inscribituri:
2955 1152 3212 1212 'Eubcot;
3228 1148 3322 1203 τοῦ
3343 1150 3523 1220 ’νόμου

1942 1255 2042 1325 τῆς
2066 1254 2299 1317 πίστεως
2323 1252 2466 1307 κατὰ
2486 1251 2578 1305 τοῦ
2601 1249 2812 1303 Βέκκου
2834 1287 2850 1313 ,
2876 1245 3152 1318 Expositio
3172 1243 3315 1300 Tomi
3341 1242 3404 1296 de
3419 1241 3526 1311 [ide

1941 1358 2128 1403 contra
2156 1346 2398 1401 Beccum.
2452 1344 2654 1401 Nostro
2688 1342 2910 1398 demum
2969 1346 3177 1411 prostat
3209 1337 3331 1391 sine
3367 1336 3527 1392 titulo

1943 1441 1999 1496 in
2025 1441 2338 1513 apograpbo
2361 1439 2566 1494 codicis
2604 1433 3244 1508 Lugduno-Batavcnsis,
3277 1445 3433 1485 num.
3467 1428 3525 1483 9.

2012 1532 2167 1589 Utut
2191 1532 2456 1600 intactum
2495 1529 2810 1599 relinquere
2845 1525 3063 1582 Tomum
3097 1541 3253 1579 suum
3289 1523 3528 1583 voluerit

1943 1624 2277 1696 patriarcha,
2310 1621 2646 1694 apologetica
2692 1631 2875 1674 tamen
2943 1615 3357 1689 scripta°edidit
3415 1630 3527 1669 non

1944 1732 2139 1788 pauca.
2190 1716 2496 1772 Adversum
2527 1712 2698 1768 Marci
2748 1711 2992 1768 monachi
3019 1725 3181 1781 opus,
3225 1719 3277 1763 et
3314 1717 3523 1770 errata,

331 1794 558 1878 Joannis
585 1818 743 1873 Becci
766 1794 1195 1873 Cammentarius
1228 1830 1323 1887 per
1370 1813 1549 1869 urbem
1581 1811 1841 1870 Constan-
1874 1829 1916 1882 Β
1944 1794 2095 1879 (ιιιίῐι⁷
2138 1808 2255 1885 ipsi
2321 1805 2722 1878 aliingebantur
2746 1846 2761 1872 ,
2832 1802 3055 1880 scripsit
3108 1800 3526 1873 Confessioncm,

264 1914 540 1986 tinopolim
574 1927 790 1981 serpens
839 1907 1210 1980 (Pachymeris
1258 1906 1442 1962 verbis
1501 1914 1626 1960 utor
1659 1904 1841 1974 capite

265 2008 435 2063 citato
477 2006 555 2074 2),
595 2002 780 2073 cupide
804 2001 967 2056 lectus
1012 2018 1044 2055 a
1073 1998 1315 2071 plurimis
1346 2006 1421 2051 est
1447 2012 1465 2052 :
1493 2004 1543 2051 et
1576 1995 1841 2067 plerisque

264 2096 506 2155 aculeum
537 2094 733 2165 inﬁxit.
766 2093 843 2149 Ad
877 2093 1051 2163 ipsius
1078 2090 1236 2146 Tomi
1277 2089 1687 2144 accusationem
1717 2088 1841 2143 ani-

265 2207 414 2247 mum
456 2188 789 2260 appulerunt
845 2185 1114 2258 episcopus
1178 2167 1730 2252 Qitinquecclesiensis,
1786 2189 1844 2237 et

268 2283 520 2354 Georgius
548 2278 936 2348 Moscliarnpar,
962 2274 1055 2345 qui
1089 2284 1328 2330 cesserat
1357 2270 1535 2326 oﬂieio
1566 2271 1844 2325 excharto-

268 2376 535 2450 pliylucis,
588 2368 917 2443 quibusdam
950 2365 1370 2423 oﬂ‘ensiunculis
1416 2366 1525 2435 jam
1570 2380 1599 2416 a
1641 2363 1844 2434 Cyprio

265 2484 513 2527 aversus.
542 2463 936 2522 Accusationes
958 2460 1015 2515 in
1047 2458 1203 2514 Tomi
1235 2457 1565 2521 doctrinam,
1603 2473 1632 2510 a
1669 2456 1844 2511 Becco

266 2562 551 2634 expositas,
587 2554 965 2629 praetermissae
997 2559 1145 2616 sunt,
1181 2565 1249 2605 ne
1282 2565 1406 2606 cum
1440 2549 1615 2604 Becco
1636 2548 1847 2602 sentire

256 2656 610 2711 viderentur.
664 2649 842 2704 Aliam
887 2644 1055 2718 igitur
1104 2642 1245 2698 inire
1281 2643 1424 2697 viam
1461 2644 1845 2711 excogitat-unt

228 2742 621 2820 'lmpugnandl
671 2740 848 2808 Tomi,
900 2752 1066 2810 quam
1115 2736 1282 2792 refert
1311 2735 1703 2806 Paeliymeres,
1751 2750 1843 2790 ca-

264 2842 378 2913 pite
425 2840 458 2895 '5
489 2854 511 2893 :
535 2857 553 2889 ι
582 2834 881 2905 Culpautes
907 2830 1191 2894 videlicet,
1242 2828 1389 2900 quod
1417 2844 1541 2913 eum
1583 2843 1684 2882 vox
1712 2844 1844 2898 προ-

252 2931 481 2997 -6ολεὺς,
508 2927 815 3001 productor,
863 2922 1085 2994 proprie
1140 2929 1502 2991 usurparetur
1532 2936 1563 2974 a
1591 2918 1844 2974 Patribus

252 3025 335 3081 uad
364 3019 785 3095 significandum
816 3016 1136 3088 principium
1168 3015 1420 3076 activum,
1447 3013 1640 3077 αἴτιον,
1670 3011 1847 3080 Spiri-

211 3143 214 3147 λ
265 3129 356 3174 tus
383 3115 580 3180 sancti,
607 3114 751 3170 sicut
778 3126 880 3166 vox
916 3108 1134 3165 Genitor
1165 3105 1235 3162 ab
1289 3105 1485 3160 iisdem
1541 3105 1841 3160 adhibetur

1950 1902 2187 1971 itemque
2214 1898 2526 1972 Apologiam
2558 1915 2653 1971 pro
2692 1898 2851 1953 Τοιηο
2873 1938 2889 1965 ,
2919 1912 2986 1954 ac
3016 1896 3193 1953 etiam.
3224 1893 3539 1959 Epistolan

1947 1996 2017 2051 ad
2041 1997 2414 2063 imperatorem
2442 1993 2806 2049 Andronicum
2829 2007 2847 2055 ;
2873 2007 2995 2062 qua:
3028 1989 3215 2049 Graece
3242 1989 3404 2049 edita:
3432 2004 3532 2047 ex-

1949 2096 2095 2144 stant
2126 2087 2271 2158 apud
2301 2086 2636 2141 Bandurium
2686 2085 2807 2140 loco
2840 2084 3032 2141 citato.
3067 2081 3195 2137 Post
3221 2081 3532 2138 abdicatio-

1948 2194 2073 2234 nem
2121 2177 2524 2249 patriarchatus
2567 2192 2597 2231 a
2631 2175 2899 2246 Gregorio
2930 2174 3150 2238 factam,
3183 2189 3346 2245 quam
3378 2174 3531 2230 inso-

1950 2270 2140 2345 (μιαί)ιί
2170 2269 2351 2341 capite
2389 2268 2799 2334 enarrabimus,
2838 2266 2998 2321 irrito
3032 2275 3233 2322 conatu
3270 2264 3421 2322 Tomi
3458 2265 3529 2321 ab

1950 2379 2017 2418 eo
2033 2362 2268 2418 confecti
2295 2362 2568 2418 correctio
2596 2372 2801 2417 tentata
2824 2370 2927 2417 est.
2944 2360 3096 2415 lianc
3122 2359 3176 2414 in
3212 2375 3326 2413 rem
3352 2367 3532 2416 cintus

1950 2456 2136 2527 plures
2165 2464 2406 2517 coactos,
2456 2456 2626 2509 refert
2667 2453 3052 2526 Pachymeres,
3099 2452 3283 2522 capite
3312 2452 3403 2515 ll,
3430 2450 3531 2508 sed

1950 2546 2209 2600 continuis
2237 2545 2441 2600 dierum
2472 2544 2762 2600 multorum
2811 2545 3270 2610 altercationibus,
3310 2546 3366 2600 in
3400 2543 3531 2599 nul-

1952 2640 2061 2693 lum
2091 2639 2360 2693 concordis
2384 2636 2447 2691 de
2490 2639 2639 2692 istius
2670 2638 2853 2708 scripti
2900 2639 3221 2691 correctione
3255 2639 3534 2694 sententia

1950 2731 2301 2785 desinentibus
2354 2730 2544 2800 ﬁnem,
2605 2731 2821 2786 tandem
2872 2732 3171 2786 conuenisse
3219 2747 3419 2798 omnes,
3471 2741 3533 2789 ut

1950 2825 2161 2878 omnino
2189 2822 2461 2877 tolleretur
2493 2824 2765 2878 enarratio
2797 2823 2898 2881 laci
2926 2822 3280 2881 Damasceni:
3307 2834 3536 2895 pra-stae-

1950 2916 2102 2972 bilius
2130 2914 2372 2970 ducentes
2407 2916 2756 2986 inexpositum
2813 2914 3041 2986 relinqui
3092 2915 3255 2987 ιαδ
3298 2918 3535 2973 testimo-

1951 3008 2097 3061 nium
2127 3006 2280 3072 illud,
2311 3025 2471 3076 quam
2502 3008 2884 3077 eo‘exponendo
2905 3008 3099 3063 adduci
3129 3010 3184 3064 in
3207 3009 3530 3079 periculum.

1952 3098 2074 3170 Ipse
2103 3116 2231 3155 vero
2272 3099 2568 3170 Gregorius
2590 3117 2689 3155 sua
2716 3102 2769 3154 in
2815 3099 3074 3173 Apologia
3093 3143 3110 3169 ,
3164 3117 3361 3157 novam
3395 3119 3539 3174 quo.

263 3208 332 3263 ad
365 3201 764 3276 designandum
824 3196 1154 3270 principium
1194 3195 1459 3260 activum,
1488 3196 1684 3257 αἴτιον,
1723 3192 1845 3246 uni-
1873 3192 1917 3251 C
1952 3192 2198 3247 rumdam
2232 3193 2534 3248 insectatus
2572 3204 2657 3248 est
2681 3193 3222 3263 interpretationem,
3255 3195 3350 3267 qui
3385 3196 3533 3252 meo

261 3297 433 3370 geniti
483 3294 644 3352 Verbi
683 3311 698 3361 ;
737 3302 917 3347 tamen
950 3290 1187 3359 scriptor
1230 3285 1410 3350 Tomi,
1446 3286 1593 3341 vocis
1640 3284 1844 3356 προδοο

263 3391 394 3453 λεὺς
431 3387 797 3461 signiﬁcatum
828 3383 1104 3438 retulisset
1138 3379 1204 3434 ad
1223 3379 1513 3447 simplicem
1536 3377 1846 3446 exsplende-

260 3483 544 3546 scrntiam,
574 3494 682 3534 non
702 3475 1052 3549 lahautem
1074 3471 1140 3528 ad
1176 3473 1570 3526 emanationem
1603 3469 1846 3540 Spiritus

270 3574 449 3632 sancti
480 3588 511 3628 e
536 3585 669 3625 vero
705 3565 977 3638 principio
1005 3566 1204 3618 activo.
1235 3562 1410 3625 Quam
1436 3563 1843 3615 emanationent

265 3664 536 3724 vocabulo
556 3658 896 3735 processionis
932 3657 1264 3725 exprimens,
1295 3663 1350 3708 et
1379 3653 1757 3725 processionem
1781 3649 1843 3704 ab

260 3756 752 3831 exsplendescentia
779 3751 1125 3819 distinguens
1146 3785 1164 3814 ,
1213 3744 1360 3801 haud
1386 3745 1551 3800 dubie
1580 3746 1847 3799 adimeret

265 3854 390 3909 voci
423 3852 706 3922 productor
732 3845 1013 3900 notionem
1077 3842 1181 3913 ipsi
1214 3839 1476 3894 tributam
1509 3854 1539 3892 a
1568 3836 1844 3904 Patribus,

268 3942 619 4000 emanationis
671 3937 868 3992 scilicet
919 3945 980 3990 ut
1016 3948 1048 3989 e
1094 3931 1370 4004 principio
1429 3930 1657 3996 activo;
1699 3932 1845 3999 quod

266 4036 407 4094 nihil
440 4036 621 4088 minus
656 4044 778 4085 esse
800 4025 1232 4094 contendebant,
1281 4036 1445 4097 quam
1475 4022 1845 4079 defectionem

268 4147 298 4185 a
328 4127 433 4184 fide
473 4123 757 4183 catholica:
779 4121 1063 4176 doetrinae.
1109 4108 1141 4172 s'

302 4220 309 4227 ’
340 4216 469 4274 Haec
499 4227 560 4271 ut
595 4213 819 4270 haeresis
838 4211 1047 4285 Cyprio
1077 4208 1437 4273 tribueretur,
1463 4220 1653 4265 ansam
1694 4205 1861 4291 dedit.

266 4310 489 4367 libellus
529 4305 816 4379 cujusdam
851 4302 1018 4359 Marci
1049 4299 1328 4369 monachi,
1359 4299 1415 4354 in
1456 4314 1567 4370 quo
1594 4298 1848 4354 tradeba-

270 4414 384 4469 tur,
409 4412 469 4458 ut
499 4401 575 4456 ait
607 4398 984 4481 Parhymeres,
1011 4396 1191 4466 capite
1209 4394 1264 4461 4,
1290 4394 1452 4449 etiam
1478 4393 1675 4448 clarius
1688 4408 1847 4465 quani

1948 3282 2265 3337 Damasceni
2301 3285 2473 3348 dicto,
2507 3284 2898 3354 Manifestantis
2924 3284 3154 3354 Spiritus
3175 3304 3271 3359 per
3307 3287 3532 3345 Verbum

1944 3376 2230 3444 productor
2268 3374 2463 3438 Pater,
2515 3378 2692 3431 verba.
2744 3376 2834 3432 illa
2865 3376 2954 3431 διὰ
2999 3378 3213 3446 Λόγου,
3266 3380 3338 3433 δι’
3373 3380 3531 3447 Υὶοῦ,

1948 3482 2041 3534 per
2084 3464 2329 3530 Verbum,
2363 3484 2457 3539 per
2485 3467 2680 3523 Filium
2726 3469 2805 3523 ita
2851 3470 3234 3541 accipiebant,
3270 3488 3336 3528 ac
3365 3474 3409 3529 si
3436 3491 3534 3545 pe-

1950 3557 2105 3612 rinde
2136 3558 2297 3625 fm'et,
2328 3575 2392 3614 ac
2427 3561 2523 3613 σὺν
2554 3560 2850 3631 τῷηὶὸγῳ,
2885 3579 3005 3616 cum
3048 3562 3235 3624 Verbo.
3266 3568 3410 3634 μετὰ
3434 3565 3529 3622 τοῦ

1950 3648 2103 3713 Υἱοῦ,
2134 3664 2251 3702 cum
2281 3647 2419 3704 Filio
2440 3691 2454 3716 ,
2488 3651 2604 3719 ἅμα
2634 3651 2711 3721 τῷ
2748 3650 2889 3722 mp,
2920 3668 3027 3707 una
3055 3670 3170 3708 cum
3208 3652 3369 3715 Fitio.
3433 3659 3534 3717 Ni.

1950 3746 2150 3797 mirum
2178 3753 2373 3814 praeter
2397 3744 2555 3800 Becci
2594 3748 3016 3816 expositionem,
3048 3766 3168 3821 qua:
3203 3750 3535 3809 Latinorum

1950 3837 2147 3908 dOgma
2174 3837 2353 3900 offert,
2385 3838 2491 3892 alia
2523 3839 2793 3894 sincerior
2838 3841 2987 3897 nulla
3019 3844 3368 3900 occurrebat.
3400 3846 3530 3905 llaec

1949 3930 2140 4001 eadem
2196 3929 2489 4001 diligenter
2545 3931 2803 3987 adnotata
2851 3935 3079 3990 consule
3113 3938 3257 4007 apud
3310 3938 3531 3993 Bandu-

1951 4024 2117 4086 rium,
2147 4022 2242 4093 qui
2280 4039 2338 4079 se
2386 4040 2418 4079 a
2448 4024 2712 4080 Michaele
2734 4022 3021 4096 Lequieno
3045 4028 3301 4086 edoctum
3331 4030 3537 4102 fuisse,

1945 4116 2185 4175 candide
2212 4117 2432 4174 fatetur.

2025 4207 2087 4263 V.
2128 4208 2486 4280 Diligentiorc
2529 4225 2663 4269 cura
2713 4213 2946 4285 insignis
2976 4213 3143 4271 locus,
3182 4215 3279 4273 ille
3321 4214 3533 4272 Dama~

1952 4303 2104 4359 sceni
2136 4302 2500 4360 illustrandus
2535 4314 2643 4374 est,
2675 4321 2839 4377 quem
2868 4307 3043 4365 Becco
3075 4311 3405 4380 opposuisse
3430 4310 3534 4367 ad-

1953 4395 2249 4463 versarios,
2305 4397 2666 4453 adnotantem
2730 4400 3130 4473 Pachymerem
3187 4402 3531 4471 audivimus,

359 4509 498 4556 tomo
527 4494 878 4568 patriarcha,
905 4484 1225 4547 damnabilis
1259 4490 1357 4545 illa
1384 4492 1644 4546 restrictio
1678 4489 1847 4545 notio—
1879 4530 1925 4589 υ
1955 4503 2112 4546 num.
2167 4488 2222 4544 l.
2274 4487 2502 4561 Legitur
2553 4507 2682 4547 vero
2718 4492 2905 4550 libro:
2946 4493 3025 4550 De
3065 4494 3172 4565 ﬁde
3214 4496 3529 4563 orthodoxa,

266 4578 348 4646 niis
380 4592 434 4645 in
466 4605 606 4657 voce,
634 4588 957 4660 productor;
984 4600 1087 4656 qua
1120 4584 1368 4656 principii
1395 4584 1553 4642 activi
1576 4583 1849 4655 signiﬁca.

267 4696 350 4736 tus
380 4678 566 4737 contra
622 4677 962 4748 manifestam
1002 4673 1227 4731 Patrum
1254 4676 1735 4733 auctoritatem'ab
1784 4691 1863 4731 εα-

267 4771 587 4827 excluditur.
650 4769 802 4839 Opus
852 4764 1023 4834 istud,
1073 4773 1132 4820 ut
1188 4764 1573 4821 elucubratum
1624 4762 1851 4829 fuerat,

270 4866 513 4920 oblatum
549 4859 811 4934 Gregorio
836 4858 1160 4932 patriarcha:
1190 4857 1295 4914 luit
1326 4858 1347 4913 ς’
1369 4858 1470 4924 Qui
1510 4874 1843 4928 percurrens,

265 4971 324 5013 ut
379 4958 599 5012 crateras
656 4955 852 5009 solebat
899 4952 1143 5022 discipuli
1199 4950 1645 5020 scriptiunculas;
1704 4968 1847 5023 qna-

269 5052 395 5104 dam
425 5049 480 5105 in
511 5048 608 5102 hac
638 5060 841 5118 quoque
895 5043 994 5099 sibi
1032 5044 1205 5098 minus
1231 5043 1477 5115 probata,
1528 5057 1692 5098 manu
1724 5059 1848 5114 pro-

269 5143 390 5214 pria
433 5141 682 5203 correxit,
706 5148 753 5191 et
805 5138 879 5191 sic
924 5136 1261 5190 emendatam
1292 5135 1541 5190 reddidit.
1574 5133 1715 5190 Hine
1747 5138 1847 5189 im-

268 5235 393 5306 pius
447 5246 622 5297 error,
682 5246 750 5285 eo
806 5229 860 5284 in
920 5226 1086 5284 Marci
1141 5242 1306 5298 opere
1355 5236 1629 5300 repertus,
1680 5227 1843 5285 etiam

268 5324 532 5396 Gregorio
560 5322 961 5378 ascribebatur.

339 5417 429 5472 Ν.
458 5415 598 5470 l‘linc
625 5415 835 5468 stimuli
859 5412 1205 5469 addebantur
1238 5409 1588 5483 patriarchae,
1624 5420 1685 5467 ut
1730 5413 1841 5483 ipse

268 5510 573 5578 corrigeret,
599 5507 737 5579 quod
787 5508 842 5561 in
874 5505 1034 5561 Temo
1081 5520 1175 5560 suo
1208 5506 1477 5560 emendari
1504 5512 1639 5577 apus'
1686 5512 1855 5567 essets

267 5600 410 5657 Nihil
438 5616 557 5655 esse
586 5600 641 5655 in
670 5600 840 5655 Tomo
868 5599 1119 5653 vitiatum
1144 5640 1160 5665 ,
1188 5592 1338 5669 quod
1369 5600 1597 5670 spongia
1629 5599 1841 5670 indige-

267 5698 391 5754 ret,
439 5692 720 5761 praefracte
766 5690 1133 5747 contendebat
1200 5689 1309 5744 ille.
1369 5687 1600 5743 Turnum
1668 5691 1835 5744 istum

265 5776 489 5841 exhibet
510 5788 681 5840 codex
714 5783 1155 5841 Vindobonensis
1183 5783 1310 5849 259,
1340 5798 1491 5837 num.
1520 5785 1575 5850 ὅ,
1612 5799 1641 5837 a
1680 5783 1839 5837 Latn-

1954 4580 2133 4650 capite
2168 4579 2224 4647 8,
2251 4581 2308 4645 in
2344 4582 2491 4640 line:
2530 4601 2549 4636 ι
2589 4583 2744 4641 Scire
2774 4600 2960 4657 Opera:
3002 4587 3245 4658 pretium
3276 4597 3384 4659 est,
3428 4602 3535 4644 nos

1953 4671 2173 4728 Patrem
2206 4689 2272 4729 ea:
2299 4673 2487 4747 aliqua
2508 4692 2617 4732 esse
2644 4692 2755 4732 non
2791 4678 2977 4735 dicere
3002 4718 3019 4744 ,
3051 4680 3150 4736 sed
3184 4679 3373 4751 ipsum»
3399 4679 3535 4735 Filii

1952 4776 2161 4836 patrem
2195 4769 2554 4840 appellamus.
2600 4771 2801 4827 Filium
2840 4770 2968 4826 item
3001 4787 3095 4827 nec
3143 4787 3386 4841 causam,
3426 4789 3535 4830 nec

1953 4856 2180 4912 Patrem
2200 4858 2447 4917 dicimus.
2470 4899 2486 4925 ,
2508 4875 2701 4915 verum
2734 4862 2941 4937 potius.
2965 4878 3092 4919 eum
3116 4880 3189 4919 ex
3210 4863 3375 4920 Patre
3394 4883 3530 4936 esse,

1951 4964 2021 5008 ac
2049 4948 2227 5004 Patris
2250 4946 2425 5019 ﬁlium
2465 4968 2595 5008 esse.
2635 4953 2872 5027 Denique
2902 4953 3160 5026 Spiritum
3195 4952 3439 5013 sanctum
3477 4969 3531 5014 et

1952 5057 2016 5099 ex
2050 5040 2218 5097 Patre
2249 5059 2384 5108 esse,
2432 5056 2479 5099 et
2507 5044 2694 5102 Patris
2739 5046 2997 5119 Spiritum
3026 5051 3378 5109 nominamus
3414 5072 3428 5107 :
3472 5062 3530 5108 at

1951 5149 2084 5191 vero
2123 5151 2253 5192 eum
2285 5155 2350 5193 ex
2396 5135 2544 5193 Filio
2583 5155 2694 5195 esse
2731 5156 2840 5195 non
2889 5143 3149 5211 dicimus,
3189 5143 3315 5200 Filii
3345 5154 3533 5200 tamen

1950 5224 2209 5297 Spiritum
2229 5230 2654 5288 vocitamus.....
2672 5232 2816 5300 Quin
2835 5241 2893 5288 et
2909 5248 3037 5288 eum
3058 5236 3203 5289 nobis
3225 5252 3319 5306 per
3334 5235 3535 5293 Filium

1951 5321 2362 5378 manifestatum
2393 5337 2538 5391 esse,
2569 5332 2624 5380 et
2655 5325 2925 5394 impertiri
2960 5328 3368 5397 proﬁtemur...
3425 5330 3532 5384 Pe-

1954 5413 2114 5467 rinde
2144 5422 2204 5467 ut
2226 5429 2293 5469 ex
2316 5415 2432 5471 sole
2452 5418 2678 5486 quidem
2707 5426 2788 5472 est
2814 5432 2938 5473 cum
2966 5419 3174 5484 radius,
3201 5428 3314 5474 tum
3341 5421 3536 5492 splen-

1953 5503 2089 5571 dor;
2127 5505 2244 5576 ipse
2275 5510 2423 5561 enim
2471 5508 2592 5563 fons
2622 5520 2706 5565 est
2738 5510 2899 5573 radii,
2935 5519 2988 5565 et
3030 5512 3383 5581 splendoris:
3428 5530 3532 5583 per

1951 5598 2167 5652 radium
2227 5609 2412 5655 autem
2469 5601 2632 5655 nobis
2679 5601 2936 5671 splendor
2984 5608 3454 5659 communicatur.
3505 5626 3524 5656 ι

1950 5691 2158 5746 Eodem
2192 5696 2446 5758 exemplo
2478 5705 2697 5749 veteres
2731 5696 2942 5759 Patres,
2981 5709 3046 5750 ac
3083 5695 3348 5750 Joannem
3396 5694 3533 5751 Bee-

1946 5803 2095 5853 eum,
2122 5786 2366 5854 aliosque
2422 5788 2477 5843 in
2527 5787 2799 5843 catholico
2847 5788 3099 5854 dogmate
3150 5789 3352 5854 socios,
3394 5805 3527 5846 usos
