3858 6458
299 446 408 517 113

1463 457 1670 518 νιΤΑ.
1715 482 1784 490 -
1825 456 2344 520 DISSERTATIO
2389 458 2434 520 Ι.

3475 441 3572 507 114

295 581 440 626 esse.
471 577 535 622 ut
569 568 840 638 Spiritum
879 579 1132 626 sanctum
1199 571 1640 628 substantialiter
1683 587 1746 627 ac
1791 571 1890 643 hy-
1927 575 1962 629 Α
1997 570 2103 626 Sed
2138 573 2328 627 eadem
2353 572 2518 626 etiam
2539 567 2815 638 voce,zi~,;
2848 566 3030 628 altl't;
3062 561 3574 634 προκα-.αρκτικῆς.
3637 634 3641 638 ν

303 663 576 729 postatice
611 681 638 716 a
665 663 827 720 Patre
859 680 959 736 per
1005 663 1231 730 Filium,
1265 667 1350 721 \‘el
1373 675 1408 720 ’a
1441 667 1602 722 Patre
1637 667 1889 738 Filioque

301 754 606 822 proredere
632 759 1139 828 Ostenelerentjam
1171 761 1518 829 frequentius
1540 762 1887 816 adnotatum.

302 843 406 899 Sed
450 847 584 900 illud
617 849 782 902 etiam
830 851 1146 919 exemplum
1181 852 1507 908 adhibuisse
1540 853 1759 909 Graecos
1793 856 1891 908 ad-

303 951 610 1002 versantes,
663 941 898 998 dubium
934 945 1146 1000 nullum
1176 966 1188 999 :
1223 947 1514 1016 ipsumque
1551 963 1744 1001 eorum
1793 964 1890 1002 no-

304 1031 452 1085 mine
470 1045 695 1089 sanctus
717 1035 955 1092 Thomas
982 1041 1202 1109 Opponit
1231 1051 1426 1108 qutest.
1450 1041 1514 1094 l0
1536 1041 1608 1095 Ile
1625 1043 1886 1112 potentia,

301 1134 407 1176 art.
435 1125 490 1184 4.
527 1143 681 1182 num.
716 1129 825 1182 ‘22:
865 1129 1036 1186 Filius
1077 1142 1150 1185 est
1181 1135 1366 1188 radius
1394 1133 1619 1198 Patris;
1655 1135 1887 1204 Spiritus

303 1226 480 1269 autem
511 1233 731 1274 sanctus
757 1231 830 1275 est
865 1223 1135 1293 splendor.
1175 1225 1437 1296 Splendor
1473 1239 1646 1282 autem
1684 1248 1786 1285 non
1812 1241 1886 1288 est

302 1327 334 1362 a
363 1311 556 1365 radio:
595 1330 720 1382 ergo
747 1333 840 1369 nec
869 1315 1102 1386 Spiritus
1133 1331 1347 1375 sanctus
1377 1341 1408 1377 a
1441 1321 1608 1376 Filio.
1647 1325 1888 1383 Salutio-

301 1415 430 1456 rtem
464 1405 656 1473 accipe
689 1407 756 1460 ad
783 1407 900 1463 εἰς
937 1409 1248 1475 Ricardum,
1282 1417 1422 1484 quod
1455 1415 1702 1486 splendor
1741 1431 1815 1474 est
1853 1439 1884 1476 a

303 1497 495 1562 radio;
527 1516 646 1552 cum
675 1501 812 1554 nihil
849 1503 1006 1556 aliud
1036 1506 1125 1570 sit,
1147 1521 1312 1576 quam
1357 1509 1708 1564 rauerbrratio
1746 1512 1887 1566 radii

301 1590 373 1644 ad
422 1607 616 1663 corpus
659 1593 892 1679 qlarum.
945 1597 1135 1668 Itaque
1173 1600 1432 1669 splendor
1483 1611 1590 1657 non
1627 1605 1802 1659 soluat
1849 1621 1886 1660 ο

303 1683 462 1737 radio
497 1686 686 1750 habet,
721 1690 870 1757 quod
903 1691 1064 1744 nobis
1085 1698 1530 1750 connu-unicetur
1559 1715 1576 1751 ι
1605 1699 1702 1752 sed
1735 1713 1764 1751 a
1803 1715 1888 1753 ra-

301 1777 596 1834 diolubet
627 1781 680 1834 id
711 1797 956 1854 quoque,
985 1786 1132 1854 quod
1163 1795 1275 1841 est.
1301 1785 1582 1855 Quoniam
1631 1806 1764 1846 vero
1797 1807 1885 1846 ra—

297 1867 378 1924 dii
409 1873 611 1936 virtus,
657 1889 766 1942 qua
801 1876 1064 1944 splendor
1089 1877 1344 1945 efﬁcitur,
1381 1895 1411 1934 a
1443 1881 1556 1937 sole
1585 1883 1879 1952 provenit:

299 1964 426 2018 ideo
473 1975 532 2020 et
579 1967 868 2036 splendor,
927 1979 984 2024 et
1025 1971 1219 2026 radius
1271 1989 1304 2027 a
1349 1974 1488 2039 sole,
1551 1985 1806 2045 tanquam
1843 1994 1879 2031 ea

299 2057 556 2129 principe
601 2077 666 2116 ac
713 2063 977 2132 primaria
1034 2079 1223 2130 causa,
1277 2067 1552 2137 proﬁcisci
1595 2069 1878 2124 dicuntur.

299 2147 536 2207 Ratione
563 2155 680 2222 pari
729 2155 772 2209 si
823 2172 914 2209 res
957 2158 1177 2214 divinas
1205 2161 1430 2214 modulo
1477 2171 1669 2218 nostro
1694 2164 1880 2219 metiri

297 2245 488 2310 liceat,
537 2247 785 2316 Spiritus
811 2263 1060 2315 sanctus,
1097 2256 1316 2308 tametsi
1351 2272 1381 2310 a
1429 2256 1566 2312 Filio
1617 2261 1881 2328 procedat

297 2336 548 2401 spirante
581 2337 784 2404 ipsum,
813 2341 1078 2406 peculiari
1113 2354 1294 2398 tamen
1338 2345 1551 2402 ratione
1580 2349 1880 2417 procedere

293 2427 508 2482 dicitur
538 2447 568 2483 a
597 2429 783 2498 Patre,
817 2435 943 2502 quia
999 2453 1033 2490 a
1099 2437 1262 2492 Patre
1299 2439 1560 2494 virtutem
1605 2442 1882 2498 babetFi-

297 2518 428 2581 lius.
481 2539 590 2591 qua
627 2525 800 2593 spirat
839 2526 1110 2596 Spiritum
1163 2541 1438 2584 sanctum.
1473 2535 1620 2589 illinc
1671 2537 1881 2592 ratione

299 2607 510 2678 duplici
546 2613 824 2670 catholico
861 2617 1020 2688 106
1045 2620 1149 2674 dici
1181 2637 1346 2677 sensu
1377 2635 1580 2694 potest,
1613 2628 1879 2698 Spiritum

297 2705 552 2758 sanctum
592 2724 698 2760 non
731 2725 844 2763 esse
884 2727 948 2764 ea:
988 2710 1132 2766 Filio
1161 2729 1180 2768 :
1217 2730 1285 2768 ac
1315 2717 1492 2786 primo
1523 2735 1632 2774 non
1668 2738 1788 2778 esse
1817 2742 1882 2781 ex

297 2796 418 2860 illo,
455 2807 724 2870 tanquam
771 2820 804 2856 a
849 2821 1040 2868 causa,
1077 2823 1200 2876 qure
1235 2809 1402 2865 habet
1437 2827 1469 2867 a
1513 2829 1574 2868 se
1619 2817 1881 2874 virtutem

299 2887 550 2956 Spirandi
578 2909 592 2942 :
637 2893 838 2950 deinde
865 2913 976 2952 non
1007 2914 1136 2954 esse
1159 2917 1230 2957 ex
1267 2903 1382 2970 illo,
1415 2915 1673 2975 tanquam
1697 2928 1726 2966 a
1753 2926 1883 2968 Cau-

297 2993 384 3042 sa.
417 2993 514 3038 aut
545 2999 841 3052 cont-ausa,
871 2990 1133 3048 distincta
1181 3012 1208 3049 a
1261 2997 1448 3054 Patre.
1482 2999 1670 3071 itaque
1703 3003 1881 3074 Spiri-

299 3084 392 3128 tus
421 3089 648 3133 sanctus
690 3097 798 3137 non
843 3085 1026 3138 solum
1063 3089 1350 3158 temporali
1395 3093 1640 3149 missione
1673 3113 1700 3152 ο
1727 3098 1775 3151 -F
1781 3099 1880 3152 ilio

295 3177 356 3220 et
409 3185 510 3237 per
567 3171 770 3228 Filium
825 3177 1230 3248 manifestatur,
1281 3183 1630 3256 donaturqu
1680 3191 1879 3246 nobis:

1999 665 2208 720 Beccus
2243 664 2444 735 aliique
2483 663 2656 719 Grtcci
2700 662 2781 716 usi
2815 667 2967 724 sunt,
3011 659 3150 714 facta
3205 657 3382 711 Patris
3415 667 3574 708 eom-

1992 757 2280 827 paratione
2313 762 2377 811 ad
2413 755 2682 826 Spiritum
2713 761 2965 809 sanctum
3011 768 3026 806 :
3081 761 3139 804 ut
3185 749 3240 804 id
3291 749 3576 820 signiﬁca-

1991 858 2114 904 rent
2148 865 2338 916 unum,
2365 850 2579 902 Patrem
2611 861 2732 903 esse
2764 845 3033 916 originem
3061 859 3124 898 ac
3153 843 3380 904 fontem,
3409 857 3436 894 a
3463 855 3574 909 quo

1991 959 2112 1000 esse
2153 957 2311 998 cuine
2341 941 2562 1012 proﬂuit
2589 949 2697 994 tam
2731 939 3065 1002 inereatnm,
3099 951 3261 1006 quam
3283 947 3527 990 creatum
3559 951 3572 985 :

1993 1051 2058 1090 ac
2083 1035 2280 1090 Filium
2311 1034 2519 1088 habere
2546 1051 2575 1087 a
2607 1031 2793 1096 Patre,
2831 1041 2893 1085 ut
2925 1027 3097 1100 spiret
3135 1029 3401 1098 Spiritum
3438 1041 3572 1081 san-
3611 1053 3615 1062 ε

1988 1137 2158 1180 etum.

2064 1217 2303 1272 Mentem
2349 1233 2505 1272 suam
2555 1219 2847 1289 perspicue
2899 1217 3282 1272 Damascenus
3329 1212 3572 1266 declarat

1991 1310 2112 1364 loco
2148 1312 2316 1365 citato
2345 1329 2356 1366 :
2395 1311 2562 1364 Pater
2600 1327 2743 1364 aiens
2777 1319 2872 1375 est,
2906 1311 3129 1364 rationis
3157 1307 3400 1378 abyssus,
3422 1303 3576 1359 Verbi

1989 1404 2216 1474 genitor,
2279 1420 2340 1456 ac
2397 1419 2492 1472 per
2553 1401 2773 1456 Verbum
2831 1403 3134 1474 rcpoﬁolebg
3173 1397 3572 1470 ὲκφαντορεκοῦ

1993 1497 2334 1564 Πνεύματος,
2369 1496 2766 1566 manifestantis
2797 1495 3030 1566 Spiritus
3061 1497 3366 1568 productor.
3397 1492 3574 1547 Filius

1989 1601 2074 1646 cst
2106 1591 2335 1660 perfecta
2375 1607 2600 1659 persona
2651 1606 2715 1644 ea:
2762 1591 2994 1660 perfecta
3026 1605 3276 1658 persona,
3310 1585 3572 1657 quomodo

1988 1681 2098 1751 ipse
2134 1683 2297 1747 novit,
2350 1681 2642 1751 diciturque
2685 1679 2871 1736 Filius.
2921 1683 2996 1736 Ac
3033 1691 3302 1748 postremo
3343 1676 3573 1746 Spiritus

1989 1785 2228 1841 sanctus,
2264 1775 2442 1831 Patris
2475 1778 2714 1846 potentia
2745 1783 2796 1828 et
2830 1775 3128 1828 divinitatis
3169 1773 3444 1826 recondita
3478 1771 3572 1824 de-

1994 1867 2232 1931 clarans,
2285 1868 2659 1938 ἔκφαντορικὴ
2714 1867 2809 1921 τοῦ
2861 1867 3098 1938 κρυφὲου
3161 1867 3260 1936 τῆς
3315 1865 3573 1934 θεότητος

1986 1960 2241 2030 acup“.
2275 1977 2338 2014 ea:
2371 1959 2538 2014 Patre
2567 1977 2663 2032 per
2694 1959 2890 2015 Filium
2927 1959 3233 2030 procedens.
3265 1959 3327 2009 ἐκ
3353 1957 3572 2027 Harpe;

1988 2053 2088 2124 μὲν
2128 2053 2195 2107 δι’
2233 2053 2368 2107 Υξοῦ
2415 2054 2827 2124 ἐκπορευομένη
2859 2094 2870 2106 .
2903 2093 2917 2106 .
2951 2089 2966 2106 .
3010 2068 3112 2122 quo
3180 2050 3238 2118 ﬁt
3281 2053 3460 2115 etiam,
3509 2059 3570 2104 ut

1987 2147 2214 2213 Spiritus
2273 2158 2490 2203 sanctus
2543 2152 2778 2203 omnium
2836 2150 3120 2203 errationis
3169 2155 3570 2202 consummator

1991 2243 2149 2314 107
2179 2245 2423 2297 exsistat:
2463 2241 2856 2297 Animadverte
2885 2259 2900 2297 :
2939 2243 2991 2296 l.
3035 2241 3093 2295 ln
3121 2239 3210 2294 bis
3249 2241 3330 2310 agi
3363 2238 3566 2300 verbis.

1986 2349 2106 2403 quae
2144 2333 2563 2403 exscripsimus,
2595 2333 2662 2387 de
2699 2341 2892 2386 mutuo
2913 2339 3276 2402 personarum
3309 2340 3566 2400 respectu

1987 2427 2056 2479 ad
2091 2426 2257 2480 intra.
2297 2426 2353 2481 2.
2407 2427 2668 2496 Adeoque
2715 2441 3066 2496 consequens
3117 2441 3260 2488 esse,
3302 2424 3566 2478 substan-

1987 2520 2173 2573 tialem
2213 2534 2280 2574 ac
2319 2519 2722 2589 hypostaticam
2763 2505 3004 2587 Spiritus
3033 2518 3208 2571 sancti
3243 2516 3567 2586 productio.

1986 2625 2110 2663 nem
2143 2609 2252 2665 illis
2282 2611 2518 2680 exprimi
2549 2611 2755 2674 verbis,
2792 2609 2962 2664 Pater
2988 2626 3083 2681 per
3121 2609 3349 2664 Verbum
3394 2606 3567 2678 Spiri-

1986 2711 2068 2757 tus
2099 2705 2403 2775 productor,
2444 2721 2507 2760 ae
2553 2705 2660 2760 illis
2697 2705 2886 2768 etiam,
2951 2721 3016 2758 ea:
3045 2703 3208 2759 Patre
3241 2721 3335 2774 per
3365 2699 3566 2756 Filium

1986 2801 2294 2869 procedens.
2339 2799 2395 2853 5.
2437 2797 2633 2854 Verbis
2679 2799 2808 2866 illis,
2863 2797 3268 2869 ὲκφσιντορικοῦ
3308 2797 3565 2868 Spiritus,

1985 2905 2082 2944 seu
2116 2891 2518 2960 ἑκφαντορικῆς
2551 2890 2764 2944 virtutis
2803 2900 2898 2945 aut
2932 2891 3205 2959 potentia,
3249 2885 3566 2943 manifesta-

1982 2975 2195 3037 lionem
2237 2985 2396 3039 nobis
2440 2984 2640 3041 factam
2669 3023 2684 3048 ,
2723 2983 3113 3053 donoru'mque
3149 2983 3564 3037 concessionem

1985 3091 2097 3129 non
2145 3075 2440 3147 signiﬁcari
2485 3093 2502 3130 :
2552 3077 2646 3132 sed
2699 3078 2890 3147 utique
2937 3077 3271 3131 exstantiam
3324 3074 3567 3145 Spiritus

1986 3167 2186 3234 saneti,
2217 3171 2310 3242 qui
2341 3171 2504 3226 sicuti
2538 3171 2790 3240 procedit
2821 3187 2850 3224 a
2893 3171 3051 3225 Patre
3091 3185 3189 3239 per
3227 3169 3452 3234 Filium,
3491 3169 3568 3224 ita

296 3275 496 3315 verum
533 3263 700 3319 etiam
735 3278 958 3336 ceterae,
992 3288 1054 3325 ac
1091 3275 1432 3332 substantiali
1459 3281 1758 3347 emissione,
1787 3298 1880 3338 aut

1992 3265 2252 3319 latentem
2310 3263 2656 3320 divinitatem
2709 3263 2907 3330 Patris,
2959 3279 3122 3334 quam
3181 3262 3250 3317 ab
3302 3263 3422 3332 ipso
3467 3275 3572 3331 per

301 3356 634 3447 processioue
679 3377 710 3412 a
763 3361 922 3419 Patre
953 3372 1037 3419 est
1075 3365 1349 3438 Filioque,
1383 3381 1537 3426 auta
1576 3373 1738 3430 Patre
1785 3391 1882 3447 per

297 3445 524 3502 Filium.

365 3537 482 3593 Cur
531 3553 659 3597 vero
709 3543 1076 3604 Damascenus
1117 3533 1282 3606 unum
1327 3555 1453 3610 Filii
1531 3557 1881 3617 efficientiam

299 3631 548 3700 proferat
613 3633 668 3688 in
727 3640 1016 3707 temporali
1061 3645 1238 3700 sancti
1295 3643 1539 3714 Spiritus
1587 3651 1882 3720 'miSsione,

299 3738 468 3778 unam
504 3741 599 3795 per
627 3727 674 3780 F
677 3727 830 3784 ilium
875 3749 1187 3790 memorans
1215 3739 1702 3810 ntanifcstationem
1729 3747 1881 3816 ejus-

297 3819 428 3873 dem
475 3835 541 3874 ac
588 3821 861 3878 donorum
927 3829 1386 3886 concessionem?
1417 3835 1527 3888 lmo
1551 3851 1678 3891 cum
1709 3837 1885 3911 Spiri-

297 3921 416 3966 tum
447 3914 577 3970 Filii
609 3920 886 3988 proprium
912 3923 1182 3992 appellat,
1216 3926 1352 3980 satis
1383 3927 1593 3984 indicat
1617 3941 1880 3990 aeternam

295 4008 569 4078 originem
603 4012 722 4080 ejus
746 4027 812 4065 es
846 4011 984 4068 Filio
1013 4017 1196 4084 quoad
1226 4019 1726 4078 exstantiam.Cum
1753 4042 1883 4082 vero

297 4105 710 4170 expressiorem
757 4107 1003 4177 ejusdem
1053 4107 1294 4180 Spiritus
1341 4113 1505 4168 nobis
1547 4131 1646 4184 per
1680 4117 1880 4174 Filium

297 4195 635 4250 manifestati
685 4201 1021 4256 mentionem
1059 4203 1282 4276 ingerit,
1311 4213 1755 4276 procatarcticam
1815 4229 1882 4269 ac

299 4291 704 4357 primordialem
754 4293 901 4349 illam
949 4297 1214 4352 virtutem
1273 4303 1590 4370 spectabat,
1639 4319 1761 4376 qua:
1823 4307 1878 4362 in

297 4383 568 4452 operibus
627 4384 693 4440 ad
753 4397 911 4443 extra
963 4391 1232 4459 peculiari
1302 4395 1466 4449 tnodo
1517 4397 1685 4452 tribui
1741 4399 1882 4456 Filio

295 4475 462 4530 solet.
519 4477 631 4532 Hac
683 4477 752 4534 de
799 4495 858 4535 re
914 4481 1030 4550 ipse
1083 4485 1461 4542 Damascenus
1507 4490 1620 4558 agit
1669 4491 1878 4547 ibidem

295 4568 482 4636 capite
523 4569 587 4622 1'2
621 4571 672 4623 in
717 4572 860 4638 Edit.
891 4571 1162 4644 Lequieni
1202 4577 1305 4631 sub
1355 4580 1512 4634 titulo
1563 4581 1640 4635 De
1689 4579 1906 4639 divinis‘

297 4663 624 4716 nominibus.
660 4667 749 4718 Ait
777 4665 922 4719 enim
957 4687 968 4719 :
1001 4665 1080 4722 Ne
1101 4667 1268 4722 multa
1299 4671 1493 4736 dicam,
1530 4689 1634 4726 non
1667 4681 1744 4726 est
1772 4674 1881 4728 alia

1992 4655 2122 4710 Filii
2160 4673 2366 4728 quoque
2400 4653 2636 4726 Spiritus
2666 4657 2880 4721 dicitur,
2913 4671 3014 4708 non
3045 4655 3183 4707 velut
3205 4667 3269 4705 ex
3299 4653 3430 4720 ipso,
3465 4651 3568 4718 οὐχ
3631 4659 3636 4666 ’
3705 4699 3716 4720 ο

301 4751 460 4809 Patri
505 4759 666 4821 ratio,
732 4759 1022 4829 sapientia,
1077 4764 1338 4830 potentia,
1396 4763 1641 4820 voluntas
1689 4776 1885 4836 prazter

297 4847 532 4910 Filium,
559 4853 650 4923 qui
666 4851 780 4906 sola
803 4864 876 4906 est
897 4851 1078 4910 Patris
1093 4856 1348 4926 potentia,
1371 4857 1403 4928 ἡ
1427 4861 1884 4931 προκαταρκτικὴ

297 4945 400 5010 τῆς
435 4943 542 4995 τῶν
579 4947 797 4998 πάντων
840 4945 1119 5017 ποιήσεως
1142 4989 1157 5016 ,
1202 4964 1376 5002 rerum
1403 4951 1633 5003 onmium
1663 4951 1888 5005 creatio-

297 5037 382 5088 m's
415 5037 782 5100 primordialis
811 5041 995 5094 virtus.
1032 5041 1147 5106 Qua
1183 5041 1319 5096 inita
1372 5045 1785 5113 comparatione
1815 5043 1883 5098 ad

297 5147 392 5184 res
425 5143 662 5196 creatas,
706 5131 906 5186 dicitur
948 5133 1192 5202 Spiritus
1234 5143 1462 5188 sanctus
1507 5133 1737 5199 ibidem,
1775 5153 1887 5188 om-

299 5224 452 5276 nium
497 5223 779 5275 creationis
807 5235 1229 5288 consummator,
1266 5225 1687 5294 τελεσιουργὸν·
1725 5225 1888 5280 Pater

297 5329 460 5376 vero,
493 5315 746 5369 bonitatis
775 5317 936 5369 totius
959 5315 1100 5386 fons.
1132 5328 1179 5370 et
1212 5315 1402 5369 occulti
1433 5321 1486 5370 in
1533 5333 1587 5371 se
1619 5317 1740 5371 boni
1768 5335 1888 5371 sca--

301 5408 498 5478 ειη-ἔνο.
530 5408 854 5480 Hujusmedi
883 5425 1248 5480 personarutn
1283 5409 1708 5482 appellationes,
1753 5409 1882 5464 dum

301 5499 370 5554 ad
433 5517 521 5555 res
549 5510 764 5556 creatas
801 5503 934 5572 ipsa:
966 5515 1383 5574 comparantur,
1431 5502 1566 5557 alias
1591 5493 1772 5567 aﬂ‘ert,
1823 5518 1887 5558 ac

303 5592 470 5650 modo
509 5593 747 5662 quodam
774 5591 991 5647 diverso
1028 5603 1255 5649 sanctus
1281 5593 1518 5648 Basilius
1548 5595 1600 5648 in
1634 5595 1776 5651 libro
1809 5597 1886 5650 De

305 5685 514 5756 Spiritu
544 5696 748 5750 sancto,
777 5683 953 5754 capite
979 5682 1064 5747 l6,
1093 5701 1246 5738 num.
1270 5683 1338 5739 58
1373 5707 1382 5738 :
1407 5684 1468 5738 lu
1496 5687 1680 5740 horum
1711 5694 1887 5740 autem

305 5778 592 5842 creatione,
627 5777 909 5846 inquiens,
945 5777 1114 5848 cogita
1151 5779 1657 5848 προκαταρκτικὴν,
1685 5779 1886 5848 prima-

303 5871 444 5924 riam
461 5887 699 5936 causam,
717 5869 931 5925 Patrem
950 5887 967 5922 :
984 5869 1406 5944 δημιουργικὴν,
1419 5871 1590 5924 condit
1599 5872 1776 5936 ricem,
1798 5869 1886 5926 Fi-

307 5961 437 6020 lium
467 5981 486 6037 ε
521 5965 900 6036 triumuiri,
924 5965 1304 6036 prrfectricem,
1330 5963 1590 6036 Spiritum
1617 5975 1884 6021 sanctum.

1989 3357 2186 3411 Filium
2245 3357 2465 3426 accipit,
2534 3355 2888 3422 manifestat,
2948 3354 3230 3424 exprimit,
3289 3355 3566 3414 enumiat,

1989 3460 2372 3521 repraesentat.
2393 3451 2451 3505 4.
2481 3450 2554 3503 Ex
2583 3449 2684 3504 hac
2709 3449 2930 3504 demum
2955 3446 3304 3502 substantiali
3323 3445 3388 3500 ad
3423 3447 3570 3498 intra

1988 3545 2438 3598 manifestatione
2500 3543 2662 3596 aliam
2723 3541 2880 3611 sequi
2950 3541 3008 3594 in
3081 3539 3374 3609 temporali
3439 3537 3570 3591 Mis-

1988 3639 2145 3694 sione
2197 3637 2440 3691 factam:
2497 3636 2640 3689 unde
2693 3649 2758 3688 ex
2818 3649 2907 3699 eo,
2966 3631 3112 3703 quod
3157 3645 3381 3686 sanctus
3437 3630 3567 3698 Spi-

1988 3731 2127 3786 ritus
2160 3731 2396 3802 potentia
2457 3730 2525 3783 sit
2579 3728 2823 3782 a.Patre
2875 3724 3201 3798 pchtlium
3253 3725 3568 3792 procedens,

1989 3823 2204 3876 latentis
2237 3823 2528 3875 divinitatis
2559 3821 2671 3890 ejus
2707 3819 3069 3881 cnuntiativa,
3105 3816 3313 3886 colligit
3365 3816 3566 3869 Dama-

1988 3931 2211 3978 scenus,
2265 3913 2447 3983 ipsum
2500 3911 2565 3965 ad
2619 3925 2773 3967 extra
2820 3925 2931 3965 esse
2983 3914 3222 3963 omnium
3280 3908 3566 3962 creationis

1985 4023 2483 4064 consummatorem.

2057 4101 2292 4156 Mentem
2339 4103 2480 4157 hanc
2529 4115 2684 4155 suam
2724 4099 2828 4153 alia
2873 4097 3235 4169 patefaciunt,
3269 4110 3389 4166 qua:
3435 4093 3569 4148 sub-

1981 4191 2294 4263 jnnguntnr
2345 4190 2555 4244 verba:
2597 4189 2762 4243 Pater
2810 4189 2928 4258 fons
2977 4195 3076 4251 est,
3113 4195 3160 4240 et
3211 4195 3398 4240 auctor
3452 4193 3566 4236 tum

1988 4283 2140 4347 Filii,
2166 4296 2276 4339 tum
2312 4284 2545 4354 Spiritus
2579 4286 2790 4338 sancti:
2819 4283 2981 4336 solius
3009 4291 3186 4334 tamen
3221 4277 3352 4333 Filii
3387 4285 3562 4349 pater,

1987 4385 2036 4431 et
2077 4377 2306 4446 Spiritus
2339 4379 2512 4431 sancti
2549 4375 2872 4444 προϐολεύς,
2909 4375 3217 4444 productor.
3257 4372 3434 4426 Filius
3467 4389 3568 4425 au-

1988 4479 2090 4524 tem
2128 4479 2204 4524 est
2241 4469 2412 4525 Filius
2443 4471 2638 4539 patris,
2678 4477 2726 4522 et
2767 4485 2831 4521 ex
2863 4467 3050 4522 Patre.
3085 4468 3317 4538 Spiritus
3349 4476 3567 4520 sanctus

1987 4573 2065 4620 est
2093 4563 2326 4635 Spiritus
2357 4563 2559 4627 Patris,
2586 4575 2641 4617 ut
2670 4567 2758 4636 qui
2785 4580 2848 4618 ea:
2887 4563 3049 4617 Patre
3071 4563 3390 4631 procedat...
3427 4558 3568 4623 Quin

1987 4751 2063 4815 ὡς
2101 4749 2158 4814 ἐξ
2198 4749 2386 4816 αὑτοῦ,
2432 4751 2524 4804 sed
2571 4767 2666 4818 per
2711 4752 2881 4820 ipsum
2927 4765 2991 4803 ea:
3037 4749 3197 4801 Patre
3251 4745 3566 4815 procedens,

2011 4841 2127 4896 ἀλλ’
2155 4843 2231 4906 ὡς
2278 4843 2346 4895 δι’
2392 4842 2557 4895 αὑτοῦ
2591 4844 2654 4895 ἐκ
2709 4841 2802 4895 τοῦ
2847 4841 3064 4909 Harpe;
3104 4837 3564 4908 ἐκπορευόμενον.

1987 4939 2146 4994 Solus
2195 4941 2334 4994 enim
2383 4939 2548 4993 Pater
2589 4937 2786 5004 αἴτιος,
2827 4953 2992 4990 causa
3039 4943 3088 4987 et
3140 4943 3346 4988 auctor.
3402 4931 3568 4986 Solus

1987 5049 2186 5104 nempe
2229 5035 2393 5089 Pater
2423 5047 2585 5086 causa
2616 5031 2709 5086 illa
2738 5037 2842 5094 est,
2878 5043 2944 5083 ex
2976 5043 3080 5098 qua
3121 5041 3229 5080 esse
3257 5042 3408 5080 omne
3447 5041 3570 5093 prn-

1987 5129 2110 5184 ﬂuit
2147 5139 2254 5184 tam
2307 5129 2642 5190 increatum,
2683 5138 2846 5194 quam
2887 5131 3156 5178 creatum.
3205 5121 3360 5176 lianc
3409 5121 3568 5188 juxta

1988 5223 2268 5278 notionem
2296 5237 2404 5275 non
2439 5217 2690 5289 procedit
2719 5217 2880 5272 veluti
2912 5233 2978 5270 ea:
3003 5215 3139 5270 Filio
3171 5213 3410 5283 Spiritus
3429 5227 3563 5265 semn

1988 5327 2132 5379 ctus,
2169 5329 2294 5366 cum
2325 5329 2354 5364 a
2388 5311 2547 5365 Patre
2581 5309 2786 5364 habeat
2843 5309 2981 5378 ipse,
3019 5315 3078 5360 ut
3115 5305 3385 5375 Spiritum
3435 5318 3567 5355 san-

1987 5415 2136 5462 etum
2194 5407 2402 5476 spiret,
2479 5404 2574 5458 sed
2621 5419 2684 5457 ea:
2719 5401 2883 5456 Patre
2930 5399 3164 5472 procedit
3207 5413 3300 5468 per
3332 5393 3559 5452 Filium.

1988 5501 2117 5571 quia
2153 5499 2292 5556 Filio
2323 5499 2610 5561 virtutem,
2640 5511 2804 5568 quam
2847 5493 3008 5550 Pater
3041 5493 3230 5554 habet,
3263 5493 3379 5559 ipse
3405 5489 3568 5542 l‘atcr

1989 5593 2364 5649 communicat
2381 5630 2399 5654 ,
2426 5605 2489 5645 ac
2519 5589 2695 5644 Filius
2713 5603 2812 5659 per
2831 5588 2976 5642 banc
2995 5584 3560 5652 communicationem

1989 5703 2098 5740 non
2132 5693 2215 5740 est
2245 5684 2418 5739 sancti
2443 5683 2684 5754 Spiritus
2711 5696 2877 5738 causa
2907 5679 3168 5735 distincta
3195 5693 3224 5731 a
3255 5677 3441 5740 Patre,
3469 5676 3566 5730 sed

1990 5793 2096 5834 una
2129 5793 2292 5832 causa
2325 5791 2448 5831 cum
2491 5775 2672 5830 Patre.

2061 5869 2335 5941 Insignem
2388 5870 2568 5923 locum
2614 5868 2778 5922 istum
2832 5863 3382 5928 Datnasceni,reluti
3434 5877 3568 5932 spn-

1993 5963 2174 6033 rium,
2203 5959 2689 6032 rejet-ithorgius
2735 5959 3110 6028 ilosclratnpar
3163 5955 3566 6026 cltartopbylas
