3838 6362
337 479 441 555 lts

1291 489 1619 551 GEORGII
1666 490 1930 553 CYPRII
1977 488 2085 555 ΟΡ.
2134 495 2660 558 PATRIARCH/E

3502 490 3601 559 lli

337 598 395 660 in
434 602 711 675 colloquio
742 598 810 660 de
847 618 958 676 quo
989 605 1202 673 egimus
1227 605 1404 677 capite
1432 600 1486 671 7,
1524 623 1678 663 num.
1712 606 1779 662 lll
1810 607 1910 677 (3).
1942 612 1989 671 Α
2023 609 2208 663 darem
2248 625 2407 664 suum
2438 606 2741 667 naturalem
2777 610 3073 684 explicans.
3107 610 3184 669 Ex
3230 613 3387 667 Patre
3417 608 3603 662 oritur

337 697 628 753 Sincerntn
674 700 852 760 illum,
900 715 965 755 ac
1007 716 1328 771 germanum
1365 700 1633 769 probabat
1681 716 1916 772 magnus

338 792 620 861 logotlieta
653 788 868 849 ﬂuuio
892 794 1230 868 auctoritate
1279 790 1583 849 Andronici
1615 791 1913 858 Camateri,

341 885 436 954 qui
471 884 747 955 integrum
777 902 890 942 sum
919 887 1230 942 inseruerat
1248 882 1625 957 lloplothecre.
1649 886 1764 944 Cur
1786 903 1918 943 vero

341 977 651 1048 ahjudieari
687 994 717 1032 a
745 988 940 1034 sancto
975 979 1312 1034 Damasceno
1345 980 1514 1035 veluti
1551 990 1781 1049 parente
1829 980 1923 1036 de-

342 1068 492 1131 beat,
527 1086 653 1123 cum
698 1085 887 1140 parem
940 1070 1308 1140 eamdemque
1359 1071 1669 1126 doctrinam
1720 1071 1921 1127 habeat

346 1163 401 1216 in
432 1162 559 1218 aliis
592 1162 768 1218 dubio
810 1164 1000 1233 procul
1045 1166 1299 1233 genuinis
1344 1165 1607 1234 pet-ibus?
1668 1164 1729 1220 in
1798 1165 1923 1220 Dia-

341 1252 469 1326 logo
499 1265 691 1311 contra
727 1255 1078 1319 Mauichmos,
1116 1273 1266 1310 num.
1299 1252 1355 1321 5,
1388 1257 1470 1311 sic
1519 1257 1725 1314 habet:
1758 1257 1922 1312 Pater

339 1363 552 1418 semper
592 1344 816 1403 Verbum
853 1364 1011 1403 suum
1057 1364 1122 1403 ea:
1164 1366 1219 1403 ss
1258 1352 1518 1420 genitum,
1558 1351 1654 1405 καὶ
1698 1351 1791 1405 διὰ
1822 1349 1921 1406 τοῦ

264 1452 267 1457 ‘
342 1443 520 1509 Λόγου
555 1441 722 1495 αὐτ-,ὖ
764 1442 825 1507 ἐξ
851 1440 1020 1496 αὐτοῦ
1065 1446 1126 1495 τῖι
1167 1442 1397 1513 Πνεῦμα
1427 1442 1594 1497 αὐτοῦ
1628 1444 1924 1517 ἐκπορευό-

345 1551 546 1602 μενον,
577 1546 628 1589 et
656 1551 750 1602 per
791 1533 1015 1590 Verbum
1064 1554 1221 1591 suum
1264 1536 1531 1609 Spiritum
1559 1555 1715 1593 suum
1758 1555 1823 1593 ea:
1868 1554 1926 1593 se

341 1629 713 1697 procedentem
736 1630 941 1684 habuit.
975 1628 1249 1700 insipiens
1293 1640 1435 1693 esto,
1468 1631 1562 1702 qui
1615 1638 1781 1701 neget
1833 1630 1925 1685 his

339 1737 663 1792 expressam
696 1722 883 1778 verbis
924 1732 1213 1787 aeternam,
1264 1740 1330 1779 ac
1374 1724 1820 1789 snhstantialem,
1869 1733 1927 1779 et

342 1812 751 1885 hypostaticam
784 1817 960 1871 sancti
989 1816 1233 1887 Spiritus
1262 1833 1359 1888 per
1390 1816 1588 1873 Filium
1620 1817 1928 1886 processio-

339 1922 468 1961 nem
518 1924 588 1964 es
650 1909 835 1964 Patre.
886 1908 945 1964 In
996 1911 1243 1980 Epistula
1285 1913 1353 1966 ad
1410 1912 1705 1967 Iordanem
1744 1911 1928 1966 archi-

340 2004 672 2057 mandritam
722 2003 791 2060 de
841 2004 1047 2075 hymno
1098 2005 1372 2072 Trisagio,
1419 2007 1580 2077 108
1630 2022 1784 2060 num.
1829 2005 1923 2068 28,
1959 1989 2001 2047 Β

340 2094 419 2148 ait
448 2111 465 2148 :
499 2095 581 2178 [ξπ
615 2095 779 2169 Patre
803 2098 1064 2167 siquidem
1100 2115 1195 2167 per
1222 2096 1424 2151 Filium
1455 2109 1504 2151 et
1546 2098 1771 2152 Verbum
1804 2114 1926 2167 pro-

340 2189 550 2253 cedens,
580 2206 684 2243 non
709 2201 886 2244 tamen
912 2191 1200 2259 Iiliationis
1228 2192 1402 2246 modo.
1436 2191 1756 2261 ibtjnsmodi
1783 2206 1921 2261 opus

343 2295 457 2333 non
505 2291 629 2334 erat
657 2282 1009 2350 exceptione,
1043 2285 1087 2338 si
1128 2284 1244 2337 ιι,ιό
1294 2300 1386 2353 per
1430 2283 1628 2338 Filium
1667 2284 1926 2353 proreisio

346 2371 415 2426 ad
450 2372 773 2428 missionem
838 2375 1196 2442 temporalem
1240 2374 1627 2444 donorumque
1677 2375 1920 2444 largitio

344 2478 473 2520 stem
506 2465 792 2520 referenda
828 2482 939 2520 esst.
954 2476 995 2520 t.

422 2558 709 2614 Diilicilior
737 2560 961 2616 videtur
988 2561 1239 2632 ejusdem
1275 2561 1597 2616 Darnasccni
1627 2562 1783 2616 locus
1808 2559 1921 2621 ille,

343 2653 440 2719 qui
469 2652 707 2708 habetur
738 2654 958 2708 homilia
984 2654 1038 2707 in
1058 2653 1361 2709 Sabhatnm
1384 2665 1658 2714 sanctum.
1684 2671 1833 2708 unm.
1853 2654 1922 2708 ιε

347 2743 581 2814 Spiritus
625 2755 842 2801 sanctus
883 2746 1001 2809 Dei,
1050 2759 1099 2801 et
1144 2747 1345 2808 Patris,
1394 2758 1651 2817 tanquam
1701 2764 1767 2801 ex
1812 2749 1926 2815 ipso

346 2840 678 2905 procedens:
706 2842 797 2909 qui
823 2848 870 2892 et
908 2839 1032 2893 Filii
1068 2839 1287 2904 dicitur,
1321 2852 1377 2893 ut
1402 2842 1492 2909 qui
1523 2857 1616 2910 per
1657 2857 1772 2893 eum
1807 2857 1924 2894 nta-

347 2930 651 2999 nifestetur,
682 2943 731 2986 et
762 2934 954 2987 creatis
984 2934 1134 2986 rebus
1168 2935 1543 3003 impertiutur,
1569 2934 1685 2986 ἀλλ’
1723 2935 1823 2987 οἰκ
1867 2934 1927 2999 ἐξ

346 3024 512 3078 αὑτοῦ
563 3023 688 3093 ἔχον
732 3025 834 3095 τὴν
881 3026 1143 3095 ὓπαρξιν,
1187 3037 1503 3082 nontamen
1547 3044 1613 3082 ex
1644 3030 1757 3100 ipso
1788 3030 1927 3082 exsi-

345 3118 598 3170 stentiant
622 3118 839 3172 habens.
872 3119 1120 3173 Similem
1149 3121 1259 3190 jam
1298 3122 1664 3192 expendimus
1698 3133 1923 3177 senten-

347 3210 481 3263 tiam
515 3209 657 3280 eius,
694 3226 760 3265 ex
803 3222 1001 3266 octavo
1040 3213 1217 3281 capite
1245 3215 1405 3283 primi
1439 3215 1564 3270 libri
1602 3215 1675 3268 De
1708 3215 1812 3282 ﬁde
1837 3232 1925 3268 or-

344 3301 584 3355 thodoxa
619 3302 1026 3373 depromptam.
1053 3304 1129 3358 Ae
1160 3305 1339 3373 primo
1376 3306 1598 3375 quidem
1629 3306 1697 3359 ad
1723 3306 1921 3361 Filium

347 3393 616 3461 peculiari
647 3394 885 3462 quadam
936 3396 1150 3450 ratione
1200 3397 1559 3467 temporalem
1589 3397 1769 3453 sancti
1804 3397 1925 3469 Spi-

316 3486 491 3541 ‘t'itus
536 3487 852 3542 missionem
901 3488 1072 3543 refert
1118 3489 1513 3555 Damascenus,
1562 3500 1623 3545 ut
1675 3492 1924 3546 virtutem

343 3582 795 3651 procatarcticam
828 3581 881 3635 in
915 3582 1107 3636 eadem
1141 3583 1405 3637 missione
1432 3584 1572 3639 Filio
1606 3595 1929 3652 competen-

346 3683 457 3727 tem
490 3672 757 3729 declaret.
788 3673 962 3743 Negat
990 3676 1080 3730 iile
1117 3676 1341 3740 deinde,
1381 3675 1645 3746 Spiritum
1675 3687 1925 3732 sanctum

346 3782 413 3819 ex
445 3762 585 3820 Filio
608 3767 972 3821 exsistentiam
1000 3769 1195 3822 habere
1218 3786 1237 3823 :
1265 3777 1320 3822 at
1357 3785 1420 3823 ea
1454 3771 1610 3839 plura
1649 3771 1765 3825 loca
1798 3772 1929 3825 sub-

351 3857 706 3927 intelligenda
742 3856 895 3925 s'unt,
927 3859 1138 3928 quibus
1169 3860 1349 3931 ipsum
1382 3861 1729 3930 apertissime
1765 3862 1929 3916 docet

347 3966 412 4003 ex
444 3947 609 4004 Patre
643 3953 922 4021 procedere
960 3969 1056 4023 per
1088 3951 1309 4006 Filium.
1352 3953 1527 4024 Negat
1567 3969 1719 4019 vero,
1757 3953 1928 4026 Spiri-

348 4054 458 4098 tum
499 4060 564 4098 ex
602 4044 742 4099 Filio
769 4046 1140 4100 exsisteutiam
1170 4046 1383 4111 habere,
1430 4046 1559 4115 quia
1598 4047 1770 4102 Filius
1815 4063 1924 4101 non

350 4148 434 4191 (ει
464 4155 629 4193 causa
666 4154 694 4191 a
737 4138 899 4194 Patre
932 4139 1231 4205 distincta;
1277 4149 1332 4193 et
1362 4142 1489 4208 quia
1529 4139 1703 4195 Filius
1762 4139 1930 4195 habet

348 4248 377 4286 a
411 4232 596 4299 Patre,
627 4245 688 4286 ut
727 4232 995 4304 Spiritum
1026 4243 1280 4289 sanctum
1315 4232 1506 4303 spiret.
1543 4232 1781 4288 Additur
1830 4249 1929 4303 po-

348 4336 555 4381 strema
585 4325 728 4381 ratio
758 4342 826 4381 ex
879 4342 1071 4381 errore
1108 4326 1437 4396 Apollinarii
1479 4325 1927 4397 Arianorumqne

349 4421 640 4490 desumpta
671 4459 686 4480 ,
734 4420 830 4490 qui
883 4418 1124 4490 Spiritus
1166 4417 1343 4475 sancti
1393 4419 1817 4489 productionem
1871 4421 1927 4474 in

351 4513 548 4566 Filium
582 4512 889 4581 prtesertim
915 4510 1286 4567 refundehant
1313 4530 1326 4565 :
1355 4511 1718 4583 dicebantque
1745 4514 1924 4584 ipsum

355 4604 494 4661 Filio
529 4606 807 4667 minorem,
843 4613 1034 4674 utpote
1062 4620 1129 4658 ex
1174 4603 1316 4659 Filio
1347 4615 1726 4675 procreatum,
1762 4606 1926 4662 sicuti

2020 699 2262 770 spiritus
2289 719 2303 755 ε
2337 704 2432 758 sed
2466 704 2637 760 hocce
2676 705 2732 759 in
2760 706 2885 773 ejus
2913 717 3036 760 ortu
3066 705 3251 760 locum
3286 703 3454 757 habet
3483 716 3599 754 ma-

2022 790 2308 846 nilestatio
2351 792 2597 863 ejusdem
2648 809 2747 865 per
2797 791 3063 849 Verbum.
3119 792 3305 848 Sancti
3358 789 3603 859 Spiritus

2022 892 2179 938 ortus
2206 881 2354 939 Patri
2383 884 2733 952 attribuitur,
2763 886 2858 957 qui
2896 887 3069 941 totius
3103 884 3338 940 Deitatis
3366 880 3607 935 abseon-

2020 977 2135 1033 dita
2160 978 2443 1048 scaturigo
2470 988 2577 1034 est.
2603 978 2975 1035 Manifestatio
2995 978 3268 1051 ejusdem,
3293 974 3606 1044 eademque

2024 1067 2296 1124 naturalis
2333 1069 2507 1124 instar
2548 1069 2869 1141 splendoris,
2907 1069 3045 1126 Filio
3073 1068 3362 1134 tribuitur,
3387 1065 3519 1136 quia
3542 1078 3609 1118 ex

2023 1160 2188 1217 l’atre
2244 1171 2444 1221 natura
2491 1162 2683 1218 divina
2741 1179 2843 1234 per
2893 1161 3101 1220 Filium
3158 1156 3609 1220 communicatur

2024 1253 2262 1327 Spiritui
2292 1266 2508 1314 sancto.

2096 1394 2452 1465 Theologiam
2503 1409 2660 1450 suam
2718 1396 2939 1452 tradere
3000 1394 3378 1451 Damascenus
3428 1396 3613 1468 pergit

2027 1490 2232 1547 ibidem
2263 1510 2279 1547 :
2316 1490 2485 1546 Filius
2520 1492 2594 1546 ad
2622 1491 2839 1546 Patrem
2864 1491 3115 1561 refertur,
3145 1500 3310 1561 atque
3350 1506 3416 1545 ex
3450 1491 3614 1545 Patre

2024 1591 2123 1647 est,
2155 1583 2282 1651 quia
2318 1592 2478 1639 natus
2499 1591 2578 1637 est
2610 1598 2675 1637 ea:
2698 1582 2866 1638 Patre
2896 1598 2917 1637 :
2952 1591 3003 1638 et
3035 1584 3209 1663 109.
3223 1582 3456 1654 Spiritus
3488 1600 3617 1637 san-

2028 1685 2113 1731 tus
2142 1678 2214 1731 ad
2249 1676 2467 1731 Patrem
2494 1677 2746 1746 refertur,
2776 1685 2941 1748 atque
2969 1687 3047 1731 est
3079 1693 3144 1731 ea:
3175 1675 3360 1741 Patre,
3385 1678 3512 1747 quia
3536 1685 3615 1732 est

2027 1787 2092 1825 ea:
2115 1769 2230 1834 illo,
2259 1786 2365 1824 non
2391 1769 2678 1839 ﬁliationis
2708 1786 2880 1835 more,
2906 1771 3001 1825 sed
3032 1770 3400 1840 processiouis.
3448 1768 3618 1823 Item-

2029 1879 2130 1933 que
2149 1872 2366 1917 sanctus
2393 1861 2632 1932 Spiritus
2659 1870 2736 1916 est
2768 1861 2916 1928 Filii,
2962 1863 3058 1917 sed
3097 1880 3201 1917 non
3243 1872 3317 1917 est
3346 1878 3412 1917 ea:
3452 1861 3613 1916 Filio.

2029 1954 2126 2009 Est
2154 1962 2334 2009 tamen
2379 1956 2450 2009 ad
2480 1955 2700 2017 Filium,
2736 1958 2865 2026 quia
2896 1964 3114 2010 emanat
3141 1972 3227 2024 per
3261 1956 3435 2011 illum.
3471 1966 3523 2010 et
3551 1972 3618 2010 ea:

2028 2047 2122 2101 illo
2144 2064 2164 2101 :
2192 2065 2256 2101 ac
2287 2065 2390 2102 non
2416 2054 2584 2102 estea:
2624 2047 2786 2113 Filio,
2817 2049 2943 2118 quia
2988 2048 3159 2103 Pater
3189 2066 3297 2102 una
3337 2055 3412 2101 est
3449 2063 3616 2102 causa

2029 2150 2141 2194 tum
2170 2139 2326 2216 Filii,
2355 2152 2465 2195 tum
2496 2141 2733 2213 Spiritus
2762 2143 2955 2196 sancti.
2985 2140 3111 2196 [lac
3136 2150 3415 2211 postrema
3445 2140 3614 2194 verba

2027 2247 2253 2287 sensum
2294 2233 2585 2287 declarant
2628 2233 2799 2288 totius
2830 2232 3148 2287 sententiae.
3186 2233 3346 2286 Pater
3390 2248 3497 2285 una
3528 2240 3617 2285 est

2028 2340 2194 2379 causa
2243 2333 2359 2378 tum
2412 2323 2559 2388 Filii,
2601 2334 2716 2378 tum
2769 2325 3009 2391 Spiritus
3043 2325 3264 2381 sancti:
3301 2341 3363 2379 ea
3396 2326 3614 2379 ratione

2028 2416 2177 2487 quod
2206 2417 2262 2471 in
2295 2418 2479 2480 Patre,
2512 2417 2688 2472 veluti
2723 2418 2778 2472 in
2812 2418 2985 2476 fonte.
3017 2419 3112 2487 qui
3146 2433 3256 2471 non
3279 2426 3365 2472 est
3391 2432 3458 2471 ex
3481 2418 3615 2480 alio,

2032 2511 2206 2566 virtus
2260 2511 2542 2580 reperitur
2598 2511 2869 2581 spirativa
2922 2512 3168 2581 Spiritus
3221 2510 3427 2566 sancti.
3488 2510 3615 2565 Haec

2030 2605 2221 2675 utique
2277 2620 2385 2660 una
2435 2613 2493 2659 et
2544 2607 2739 2660 eadem
2793 2602 2938 2660 Filio
2987 2606 3156 2660 etiam
3212 2605 3394 2659 inest:
3438 2605 3536 2659 sed
3585 2618 3616 2657 a

2029 2697 2194 2753 Patre
2239 2697 2667 2751 communicata.
2705 2696 2845 2751 Hinc
2900 2696 3148 2766 Spiritus
3177 2705 3407 2751 sanctus
3455 2711 3616 2751 suam

2029 2791 2196 2846 habet
2219 2790 2551 2845 exstantiam
2577 2805 2641 2845 es
2678 2790 2862 2850 Patre.
2893 2799 3152 2861 tanquam
3185 2806 3254 2845 ex
3276 2792 3427 2845 fonte
3455 2808 3471 2845 :
3503 2806 3618 2861 quo

2027 2898 2150 2939 eam
2204 2883 2370 2938 modo
2429 2899 2540 2939 non
2593 2883 2764 2939 habet
2811 2900 2877 2938 ex
2922 2883 3086 2946 Filio,
3128 2883 3200 2939 At
3251 2884 3512 2953 quoniam
3558 2885 3616 2939 in

2031 2976 2170 3031 Filio
2201 2976 2469 3045 spirativa
2498 2976 2678 3031 virtus
2711 2976 2857 3029 inest
2890 2991 2920 3029 a
2963 2977 3126 3032 Patre
3155 2977 3565 3032 communicata
3599 2996 3616 3031 :

2031 3066 2156 3122 ideo
2186 3084 2280 3137 per
2310 3066 2360 3120 F
2363 3068 2538 3133 ilium,
2568 3076 2618 3123 et
2646 3084 2713 3124 ea:
2754 3066 2901 3123 Filio
2946 3067 3185 3138 Spiritus
3209 3080 3435 3124 sanctus
3462 3086 3618 3123 eme-

2032 3177 2165 3214 nare
2194 3160 2420 3226 dicitur,
2448 3176 2559 3215 non
2590 3162 2795 3217 dicitur
2820 3178 2971 3225 esse;
3003 3162 3218 3217 tametsi
3252 3161 3344 3215 illa
3380 3176 3616 3216 emana-

2035 3254 2216 3310 tiosit
2246 3256 2317 3308 ad
2353 3256 2705 3309 exstantiam.
2735 3256 2858 3323 Quo
2890 3256 3056 3310 etiam
3086 3271 3252 3309 sensu
3284 3271 3396 3308 non
3427 3256 3615 3326 inepte

1951 3346 1993 3402 C
2028 3349 2140 3403 dici
2178 3355 2382 3416 potest,
2420 3346 2801 3415 splendorem,
2835 3359 2931 3403 aut
2979 3347 3205 3402 ﬂuvium
3244 3364 3355 3402 non
3387 3363 3511 3403 esse
3543 3363 3614 3403 ex

2029 3441 2210 3506 radio,
2245 3448 2342 3494 aut
2392 3439 2535 3504 rivo,
2569 3440 2665 3495 sed
2718 3455 2841 3496 esse
2896 3441 3248 3510 Splendorem
3281 3457 3348 3494 ex
3391 3441 3506 3496 sole
3555 3450 3618 3496 et

2029 3532 2260 3590 ﬂuvium
2318 3549 2385 3589 ex
2436 3532 2587 3589 l‘onte
2638 3550 2655 3587 :
2709 3549 2774 3588 ac
2840 3535 3209 3590 nihilominus
3259 3535 3613 3606 splendorem

2028 3642 2287 3683 emanare
2323 3642 2424 3697 per
2459 3627 2699 3693 radium,
2731 3636 2790 3682 et
2832 3628 3001 3683 etiam
3050 3643 3115 3683 es
3167 3628 3361 3693 radio;
3398 3638 3457 3683 et
3506 3627 3613 3682 llu-

2030 3718 2181 3773 vium
2230 3726 2489 3773 emanare
2560 3734 2658 3788 per
2725 3719 2953 3782 rivum,
3014 3727 3070 3773 et
3114 3718 3281 3773 etiam
3329 3734 3396 3773 ex
3448 3718 3608 3783 rivo;

2030 3812 2165 3868 solis
2197 3828 2261 3867 ac
2287 3812 2457 3867 fontis
2486 3811 2697 3865 virtute
2727 3812 2883 3866 radio
2923 3826 2987 3865 ac
3027 3810 3147 3865 rivo
3180 3811 3613 3865 communicata.

2032 3905 2159 3962 ﬂa-c
2193 3902 2358 3959 atiert
2405 3902 2611 3957 ibidem
2656 3902 3034 3958 Damascenus
3064 3900 3335 3970 exempla,
3370 3916 3613 3969 quorum

2031 3998 2330 4053 discrimen
2403 3997 2705 4051 maximum
2776 4010 2807 4049 a
2851 3994 3095 4063 Spiritus
3145 3994 3321 4047 sancti
3378 4008 3611 4048 emana-

2035 4090 2182 4146 tione
2216 4089 2455 4144 sumitur
2489 4104 2520 4143 a
2562 4088 2841 4159 principio
2869 4088 3076 4154 activo,
3129 4086 3276 4155 quod
3335 4101 3509 4140 unum
3543 4101 3620 4141 ex

2034 4184 2197 4240 Patre
2243 4182 2693 4239 communicatur
2725 4180 2909 4236 Filio:
2958 4180 3239 4235 diversum
3271 4188 3356 4234 est
3393 4179 3448 4233 in
3496 4180 3620 4235 sole

2031 4288 2088 4334 et
2121 4277 2301 4341 radio,
2332 4277 2386 4332 in
2425 4276 2578 4331 fonte
2613 4284 2668 4330 et
2694 4274 2834 4328 rivo.
2872 4271 3009 4327 Rem
3041 4272 3185 4326 hanc
3219 4272 3389 4342 igitur
3414 4271 3485 4327 ab
3513 4273 3624 4327 hu-

2035 4388 2199 4427 tnano
2253 4382 2414 4443 captu
2473 4369 2795 4441 longissime
2855 4367 3117 4433 alienam,
3180 4367 3368 4423 verbis
3418 4367 3623 4435 utique

2033 4465 2294 4527 diversis,
2329 4480 2437 4518 una
2473 4475 2657 4519 tamen
2690 4460 2989 4525 sententia,
3023 4470 3401 4531 exposuerunt
3429 4460 3627 4517 Eccle-

2034 4558 2129 4614 siae
2172 4559 2385 4614 Patres.

347 4710 406 4753 et
458 4699 655 4755 Filium
694 4699 964 4752 minorem
1013 4698 1198 4762 Patre,
1234 4706 1423 4766 utpote
1460 4709 1647 4753 natum
1677 4715 1746 4754 ex
1781 4702 1920 4770 ipso.
1951 4695 2007 4756 D
2106 4698 2462 4754 VLPrimum
2487 4697 2809 4754 Damasceni
2850 4697 3248 4762 testimonium,
3289 4696 3436 4767 quod
3472 4696 3615 4753 hac-

348 4794 433 4849 ΑΙ)
467 4794 572 4847 hac
608 4792 892 4862 impietate
940 4800 1206 4847 caventes
1234 4791 1407 4846 Graeci
1455 4792 1650 4847 media:
1703 4809 1936 4862 praeser-

354 4885 452 4936 tim
482 4884 659 4938 a-tatis
685 4882 1059 4943 doetores,ita
1090 4882 1364 4952 negabant
1395 4898 1460 4936 e1:
1498 4882 1634 4937 Filio
1664 4882 1929 4953 Spiritum

351 4975 624 5037 exsistere,
656 4982 717 5028 ut
761 4973 913 5028 illum
960 4986 1142 5030 tamen
1191 4991 1285 5046 per
1318 4973 1519 5030 Filium
1569 4976 1849 5046 procedere
1896 4992 1929 5029 a

353 5069 521 5122 Patre
574 5069 1029 5124 constantissime
1077 5068 1364 5125 docerent.
1412 5068 1731 5125 Genuinum
1779 5069 1929 5125 hunc

353 5176 578 5215 sensum
608 5175 753 5226 esse,
781 5161 993 5217 evincit
1014 5161 1268 5233 ejusdem
1295 5161 1618 5218 Daniasccni
1652 5160 1929 5228 Expositio

351 5253 501 5321 ﬁdei,
540 5260 705 5322 quam
734 5269 802 5309 es
830 5254 1066 5310 Arabico
1092 5271 1305 5310 versam
1339 5255 1568 5310 Michael
1608 5255 1930 5325 Lequienns

351 5362 448 5400 sua
482 5347 706 5401 cxhihel
741 5347 794 5400 in
844 5347 1111 5402 editione.
1152 5347 1276 5402 llaec
1313 5348 1607 5406 habentur.
1659 5364 1811 5402 num.
1843 5349 1879 5402 2
1912 5365 1926 5401 :

351 5441 517 5496 Pater
553 5440 746 5510 absque
779 5443 1039 5512 principio
1079 5451 1200 5495 est:
1239 5451 1286 5495 et
1331 5440 1496 5494 Filius
1545 5451 1620 5494 est
1667 5457 1730 5494 ea:
1770 5439 1932 5494 Patre

353 5553 446 5605 per
485 5535 802 5598 [iiiationem
851 5551 866 5588 :
919 5544 967 5587 et
1016 5533 1245 5605 Spiritus
1276 5542 1491 5587 sanctus
1529 5541 1605 5586 est
1648 5547 1713 5585 ex
1768 5524 1932 5584 Patre

351 5645 447 5699 per
478 5627 701 5693 Filium,
733 5645 837 5682 non
876 5645 970 5700 per
996 5627 1336 5697 ﬁliutiouem,
1379 5624 1470 5681 sed
1501 5643 1595 5697 per
1639 5625 1935 5695 processio-

355 5739 495 5776 nem.
547 5722 907 5792 Aptiss’mum
960 5720 1276 5788 exemplum
1308 5729 1416 5783 est,
1458 5719 1604 5788 quod
1651 5717 1875 5772 additur
1914 5734 1930 5772 :

362 5814 586 5868 Verbum
620 5813 858 5883 gignitur
895 5812 961 5866 ab
992 5811 1262 5867 intellectu
1293 5829 1311 5866 :
1343 5811 1441 5867 sed
1477 5810 1641 5864 etiam
1685 5811 1748 5863 ab
1779 5811 1935 5864 intel-

359 5908 498 5961 lectu
520 5908 693 5962 oritur
725 5906 981 5978 Spiritus,
1009 5910 1099 5979 qui
1128 5908 1513 5978 manifestatur
1543 5920 1635 5976 per
1679 5902 1931 5964 Verbum,

361 6001 500 6059 «uad
536 6011 751 6058 emanat
783 6018 846 6056 ea;
896 6001 1198 6059 abscondita
1233 6000 1555 6066 scaturigine
1584 6013 1705 6063 sua,
1752 5996 1932 6059 splen-

2036 4800 2199 4846 tenus
2258 4806 2357 4861 pro
2418 4789 2565 4845 virili
2623 4789 3058 4855 illnstravimus,
3093 4789 3238 4845 inter
3292 4789 3619 4845 Graecorum

2034 4883 2375 4954 objectiones
2403 4884 2569 4938 atfert
2599 4893 2825 4939 sanctus
2849 4882 3091 4938 Thomas
3116 4885 3168 4937 in
3193 4885 3622 4939 Sententiarum

2034 4972 2474 5040 Commentario,
2509 4975 2564 5031 in
2604 4975 3015 5043 Qumstionihus
3051 4975 3373 5046 disputatis,
3410 4987 3467 5030 et
3504 4983 3629 5045 pri-

2036 5084 2125 5122 ma
2156 5076 2311 5137 parte
2344 5066 2583 5122 Summae
2612 5065 2985 5137 TheOIOgicae.
3031 5067 3180 5123 Loco
3227 5069 3435 5139 priore,
3471 5068 3634 5122 Scili-

2034 5172 2123 5217 cet
2154 5161 2208 5214 in
2246 5177 2287 5224 t,
2319 5159 2449 5214 dist.
2490 5176 2565 5221 xr,
2598 5171 2793 5230 quiest.
2834 5162 2879 5223 l,
2915 5170 3021 5214 art.
3058 5162 3111 5224 l,
3162 5162 3267 5215 hac
3320 5163 3497 5216 utitur
3536 5178 3663 5227 ξος,

2036 5251 2247 5306 lntione
2287 5251 2352 5305 ad
2396 5252 2469 5305 3:
2518 5272 2536 5302 ι
2575 5251 2906 5316 Dicendum,
2941 5252 3089 5322 quod
3138 5252 3520 5309 Damascenus
3552 5254 3625 5309 .in

2038 5346 2139 5399 hac
2169 5354 2324 5414 parte
2362 5360 2469 5398 non
2504 5346 2755 5400 creditur
2785 5362 2799 5399 :
2838 5346 2967 5415 quia
3001 5345 3212 5401 dicitur
3264 5347 3436 5401 luisse
3473 5359 3624 5402 tem-

2036 5453 2172 5507 pore
2202 5438 2317 5500 illo,
2349 5452 2459 5505 quo
2490 5438 2698 5505 incepit
2728 5439 3102 5493 controversia
3130 5455 3298 5507 super
3336 5442 3435 5493 hac
3468 5457 3634 5511 qua:-

2034 5529 2212 5584 stione
2276 5530 2422 5583 inter
2467 5528 2688 5583 Graecos
2717 5539 2771 5584 et
2802 5527 3052 5586 Latinos.
3077 5530 3282 5585 Tamen
3315 5548 3425 5585 non
3456 5546 3636 5604 negat

2036 5622 2172 5693 quin
2214 5623 2281 5675 sit
2310 5637 2375 5674 ex
2411 5619 2571 5684 Filio,
2607 5622 2704 5676 sed
2750 5622 2887 5677 dicit
2914 5638 2973 5677 se
3000 5638 3108 5678 non
3139 5624 3446 5679 concedere
3481 5629 3634 5697 quod

2034 5717 2102 5769 sit
2131 5732 2162 5767 a
2191 5712 2342 5772 Filio,
2388 5712 2514 5781 quia
2549 5712 2729 5767 adhuc
2760 5713 2903 5782 apud
2938 5728 3035 5767 eos
3063 5715 3115 5767 in
3150 5713 3321 5769 dubio
3357 5719 3627 5770 verteba-

2040 5815 2150 5861 tur.
2198 5823 2216 5855 ι
2255 5803 2397 5857 Ante
2452 5804 2640 5856 Surculi
2695 5802 2914 5871 septimi
2969 5804 3181 5858 exitum
3238 5814 3397 5858 natus
3442 5805 3634 5861 fertur

2038 5896 2431 5960 Damascenus,
2464 5896 2743 5966 vitamque
2775 5912 2931 5951 suam
2983 5897 3129 5952 ultra
3170 5913 3377 5951 annum
3412 5896 3631 5956 Christi

2040 5992 2143 6048 751
2174 5991 2367 6062 agebat
2400 6008 2413 6045 :
2449 6007 2559 6061 quo
2602 6000 2847 6061 tempore
2890 5990 3130 6061 Spiritus
3166 5991 3342 6047 sancti
3387 6002 3625 6061 proces-
