3838 6362
266 407 357 472 ll't'
1419 408 1618 471 VlTA.
1653 429 1719 444 ···
1762 407 2271 471 DISSERTATIO
2304 413 2356 472 Ι.

257 529 460 584 sionem
495 544 522 578 a
552 525 716 580 Patre
775 525 1026 596 Filioque
1055 542 1084 580 a
1113 524 1324 580 Latinis
1365 535 1627 582 assertam
1658 525 1816 580 incu-
1852 529 1896 585 Α
1926 541 2035 596 que
2075 543 2089 580 :

257 616 443 671 sabant
481 615 1029 686 inscquebanturque
1058 615 1427 672 lconomaclti.

319 709 435 763 Alia
464 719 551 764 est
581 710 804 764 Thomas
838 709 1064 774 solutio,
1110 719 1307 780 quzest.
1346 711 1427 774 lO,
1465 710 1540 763 De
1565 712 1821 779 potentia,

257 815 354 858 art.
406 803 462 864 4,
525 802 618 856 ad.
666 803 736 857 24
768 821 782 856 :
819 822 836 854 ι
874 803 1178 858 Dicendum
1213 803 1360 874 quod
1405 805 1604 875 positio
1634 804 1824 859 Nesto-

257 897 525 947 rianorum
553 894 678 957 fuit,
707 896 852 964 quo]
885 895 1117 964 Spiritus
1138 904 1352 950 sanctus
1379 913 1480 950 non
1507 897 1575 949 sit
1599 914 1631 950 a
1667 895 1822 950 Filio.

256 989 400 1044 [Inde
470 987 524 1041 in
577 988 815 1057 quodam
875 989 1132 1059 Symbolo
1187 989 1642 1043 Nestorianorum
1694 1003 1824 1041 cou-

255 1081 507 1133 deiunato
556 1081 609 1134 in
661 1083 832 1150 prima
875 1081 1137 1150 Ep/iesina
1187 1085 1390 1151 synodo
1448 1081 1656 1136 dicitur
1691 1081 1821 1135 sic:

257 1172 508 1243 Spiritum
566 1183 814 1228 sanctum
867 1173 1027 1243 ιιο
1079 1189 1243 1244 neque
1301 1171 1502 1226 Filium
1555 1182 1823 1242 putamus,

254 1281 414 1333 neque
444 1280 542 1330 per
573 1263 778 1318 Filium
805 1265 1083 1317 essentiam
1114 1264 1396 1333 accepisse.
1417 1264 1651 1332 Propter
1677 1265 1821 1332 quod

254 1357 482 1427 (lyrinus
548 1367 738 1411 contra
796 1354 1104 1409 Nestorium
1156 1356 1210 1409 in
1263 1355 1504 1424 Epistola
1563 1357 1823 1424 pradicta

257 1445 547 1515 (Synodica
613 1446 681 1498 at!
745 1445 1086 1512 Nestorium,
1148 1462 1177 1500 a
1251 1447 1462 1500 Thema
1519 1457 1824 1502 memorata

255 1537 315 1591 ad
363 1538 474 1604 l5),
523 1539 709 1607 posuit
769 1537 1038 1609 Spiritum
1101 1551 1355 1594 sanctum
1395 1555 1514 1595 esse
1571 1555 1600 1594 a
1659 1541 1822 1595 Filio.

257 1633 599 1688 Tlieodoretus
633 1649 767 1689 vero
804 1634 858 1688 in
892 1633 1129 1703 quadam
1178 1634 1421 1704 Epistula
1450 1635 1516 1691 ad
1552 1635 1823 1690 Joannem

254 1727 656 1782 Antiochenam
691 1728 771 1782 sic
799 1726 937 1781 dicit
967 1743 979 1781 :
1019 1725 1251 1795 Spiritus
1286 1735 1502 1782 sanctus
1533 1745 1637 1780 non
1665 1739 1740 1782 est
1762 1745 1826 1782 ex

257 1819 414 1880 Filio,
474 1831 572 1873 aut
621 1836 714 1887 per
774 1819 968 1874 Filium
1020 1821 1218 1874 habens
1277 1822 1627 1875 substantiam
1669 1839 1687 1876 :
1719 1823 1826 1885 sed

254 1917 534 1982 procelens
560 1913 832 1982 quidemn
863 1911 1043 1975 Patre,
1103 1911 1335 1982 Spiritus
1385 1930 1498 1967 rero
1555 1913 1708 1978 Filii,
1762 1932 1822 1970 eo

255 2006 384 2075 quod
430 2014 480 2057 et
535 2005 584 2057 ei
621 2004 1088 2058 eonsubstantialis
1111 2005 1178 2057 sit
1207 2004 1532 2060 nominatus.
1569 2006 1692 2060 lla’c
1726 2024 1822 2060 au-

255 2108 357 2150 tem
386 2097 554 2152 verba
587 2097 977 2152 Tlteodorctus
1006 2097 1303 2166 prmdictus
1329 2099 1567 2168 imponit
1592 2099 1822 2170 Cyrillo,

258 2201 510 2258 tanquam
543 2190 612 2244 ab
669 2205 736 2242 eo
771 2191 916 2245 dicta
977 2191 1088 2259 sint
1141 2190 1192 2244 in
1247 2191 1501 2260 epistola,
1536 2207 1698 2262 quam
1757 2192 1822 2246 ad

254 2281 514 2335 Joannem
557 2282 970 2337 Autiocbcnum
1003 2284 1262 2353 scripsit;
1305 2285 1433 2338 licet
1490 2285 1543 2338 in
1587 2285 1676 2338 illa
1709 2287 1828 2353 epi-

255 2375 386 2428 stola
442 2374 550 2429 hoc
605 2391 714 2430 non
767 2377 1002 2445 legatur,
1053 2378 1149 2433 sed
1197 2377 1404 2433 dicitur
1437 2379 1562 2432 sic:
1601 2378 1826 2447 Spiritus

257 2465 348 2520 Dei
386 2467 566 2522 Patris
597 2469 834 2536 procedit
859 2469 1070 2538 quidem
1100 2485 1165 2522 ea:
1194 2473 1308 2539 ipso
1334 2487 1353 2524 .·
1387 2479 1466 2524 est
1497 2481 1672 2524 autem
1713 2482 1763 2525 et
1793 2491 1824 2525 a

261 2558 415 2624 Filio,
444 2577 551 2612 non
604 2560 815 2614 alienus
863 2563 1154 2615 secundum
1186 2563 1343 2616 unius
1379 2569 1617 2618 essentia:
1662 2567 1828 2619 ratio-

255 2670 389 2708 nem.
423 2653 578 2709 lianc
611 2665 798 2709 autem
831 2653 1168 2711 Theodoreti
1223 2661 1556 2712 sententiam
1606 2671 1826 2715 secutus

257 2755 337 2799 est
391 2746 752 2814 postmodum
812 2746 1209 2811 Damascenus,
1260 2749 1515 2817 quamvis
1571 2750 1824 2817 dogmata

253 2838 496 2905 ejusdem
535 2837 876 2893 Theodoreti
917 2838 1030 2896 sint
1078 2839 1132 2893 in
1185 2842 1376 2909 quinta
1449 2842 1662 2911 synodo
1693 2856 1826 2895 cou-

256 2930 531 2984 demnata.
571 2929 726 2985 Unde
754 2931 809 2986 in
842 2931 947 2986 hoc
987 2946 1095 2986 non
1127 2941 1214 2988 est
1242 2932 1498 2987 standum
1537 2934 1825 2988 sententia:

253 3021 593 3078 Damasceni.
638 3043 657 3076 ι

323 3108 566 3179 Denique
631 3113 866 3183 lpart.,
927 3125 1123 3184 qumst.
1187 3116 1278 3181 56,
1347 3127 1455 3172 art.
1530 3119 1585 3186 2,
1621 3119 1685 3176 ad
1745 3123 1820 3177 ὃς

3407 406 3507 472 ll8

2134 527 2186 580 vi
2219 527 2515 590 verborum,
2551 523 2756 594 quibus
2822 538 2955 578 usus
2993 532 3080 577 est
3112 521 3501 581 Damascentnh

1927 621 2155 676 minime
2181 621 2357 674 sancti
2383 618 2626 690 Spiritus
2650 618 2912 689 denegari
2937 619 3321 688 processionem
3343 619 3504 674 etiam

1925 731 1958 768 a
2002 714 2163 770 Filio.

2003 809 2157 878 111
2203 807 2313 863 VII.
2355 807 2586 870 Cmtera,
2618 823 2738 878 qua:
2767 807 2906 862 locis
2932 805 3113 861 allatis
3143 805 3216 859 ait
3243 805 3354 870 ille,
3382 805 3503 860 illu-

1926 906 2150 959 strauda
2181 913 2333 960 sunt.
2367 904 2631 969 Adnotat,
2681 904 2917 974 posuisse
2950 901 3315 963 Nestorianos,
3362 900 3502 970 quod

1929 994 2164 1065 Spiritus
2189 1005 2406 1050 sanctus
2442 1012 2547 1050 non
2580 997 2651 1050 sit
2679 1013 2711 1049 a
2745 994 2892 1048 Filio
2924 1009 2942 1046 :
2970 993 3020 1046 id
3053 992 3156 1063 legi
3189 993 3241 1044 in
3270 993 3502 1061 quodam

1924 1088 2366 1144 Nestorianorum
2396 1089 2630 1161 symbolo
2656 1106 2675 1144 :
2708 1103 2772 1142 ac
2803 1087 2952 1144 istud
3004 1089 3059 1141 in
3111 1086 3375 1156 Epltesina
3419 1103 3506 1153 sy—

1927 1180 2062 1233 nodo
2093 1182 2504 1235 condemnatum
2535 1196 2669 1235 esse.
2691 1179 3172 1239 Nestorianorum,
3205 1176 3351 1246 quod
3391 1192 3506 1228 me-

1927 1281 2194 1333 moratur.
2247 1273 2564 1345 Symbolum
2613 1273 2846 1344 protulit
2899 1271 3195 1342 Epliesinis
3249 1271 3506 1326 Patrilius

1927 1364 2201 1421 Charisius
2226 1367 2519 1438 presbyter,
2547 1377 2604 1422 et
2633 1366 3032 1437 Philadelphia:
3081 1381 3406 1422 meonomus
3451 1365 3507 1418 in

1926 1458 2128 1529 Lydia:
2151 1461 2458 1530 legiturque
2487 1459 2703 1514 actione
2731 1460 2764 1514 6
2784 1459 3075 1529 Epliesina:
3106 1457 3300 1529 synodi
3339 1472 3497 1514 aecu-

1927 1553 2156 1608 menij
2202 1570 2349 1607 anno
2392 1555 2488 1608 451
2525 1553 2840 1619 celebrate,
2913 1555 3017 1609 sub
3051 1553 3212 1608 titulo
3254 1551 3503 1622 Exempli

1928 1646 2272 1715 expositionis
2323 1645 2558 1713 Symboli
2593 1648 2894 1716 depravati.
2933 1647 3059 1702 llam
3109 1647 3184 1702 ibi
3232 1646 3506 1700 habentur

1930 1739 2138 1792 verba:
2179 1736 2283 1792 Sed
2327 1738 2623 1807 (Spiritum
2665 1738 2942 1809 sanctum)
2980 1756 3072 1793 nec
3115 1737 3316 1794 Filium
3347 1746 3506 1808 putao

1928 1849 2065 1896 mus,
2101 1849 2269 1903 neque
2296 1849 2390 1903 per
2413 1832 2617 1887 Filium
2642 1850 2796 1888 suam
2819 1833 3243 1897 subsistentiam,
3267 1830 3506 1902 ὓπαρξιν

1926 1926 2226 1982 habentem.
2261 1927 2454 1982 Tribui
2499 1925 2816 1998 Symbolum
2868 1927 3011 1981 istud
3067 1926 3344 1989 Nestorio,
3387 1935 3505 1978 tan-

1926 2034 2090 2088 quam
2116 2020 2349 2085 auctori,
2367 2019 2434 2074 ab
2455 2020 2735 2091 aliquibus
2751 2021 2982 2076 assolet:
3003 2020 3188 2077 verius
3210 2018 3505 2074 Theodoro

1929 2110 2318 2181 Mopsuesteno
2356 2113 2426 2167 ab
2474 2113 2640 2178 aliis;
2697 2116 2844 2184 quod
2897 2123 3141 2170 attamen
3189 2111 3502 2170 Nestoriaui

1929 2214 2026 2257 aut
2058 2203 2398 2258 instruendis
2422 2204 2475 2258 in
2515 2203 2645 2270 ﬁde,
2681 2213 2776 2258 aut
2801 2205 2870 2259 ad
2907 2204 3068 2260 ﬁdem
3099 2204 3506 2260 revertentibus

1930 2297 2244 2354 tradebant.
2272 2296 2476 2352 Contra
2505 2296 2830 2368 Symbolum
2867 2297 2919 2350 iu
2951 2298 3226 2366 lﬁpliesina
3256 2313 3501 2353 meime-

1927 2391 2053 2445 nica
2085 2390 2297 2460 synodo
2344 2391 2514 2444 latum
2547 2389 2634 2444 his
2665 2390 2852 2446 verbis
2883 2392 3170 2450 decretum
3203 2405 3309 2452 est.
3358 2396 3503 2464 quod

1927 2485 2146 2539 actione
2189 2486 2354 2539 citata
2403 2493 2660 2555 prostat:
2704 2505 2722 2537 ι
2774 2484 2952 2540 Simili
2999 2489 3160 2542 etiam
3213 2488 3367 2542 modo
3413 2487 3507 2556 qui

1929 2575 2138 2630 inventi
2189 2576 2398 2631 iuerint
2430 2577 2514 2631 vel
2563 2577 2837 2647 episc0pi,
2876 2577 2956 2630 vel
3005 2577 3216 2642 clerici,
3254 2578 3342 2631 vel
3381 2576 3504 2631 laici

1928 2672 2045 2726 sive
2079 2670 2284 2726 docere
2316 2686 2380 2725 ea
2411 2688 2536 2742 qua:
2562 2673 2930 2727 continentur
2969 2673 3023 2725 in
3060 2672 3244 2726 oblata
3275 2671 3506 2740 Exposi-

1931 2762 2082 2817 tione
2122 2778 2151 2816 a
2187 2763 2444 2820 Charisio
2472 2765 2801 2835 presbytero
2830 2764 2908 2819 De
2946 2763 3215 2835 Uuigeniti
3248 2763 3385 2820 Filii
3411 2766 3504 2820 Dei

1926 2855 2328 2921 lncarnatione,
2363 2859 2481 2914 sive
2526 2860 2796 2915 scelerata
2846 2869 2902 2914 et
2949 2874 3210 2928 perversa
3263 2859 3504 2920 Nestoril

1928 2949 2206 3022 dogmata,
2235 2967 2359 3022 qua:
2384 2962 2438 3008 et
2467 2954 2714 3009 subnexa
2749 2963 2900 3012 sunt.
2929 2953 3255 3021 subjaceaut
3285 2963 3508 3009 senten—

1929 3044 2017 3096 tia:
2074 3054 2276 3099 sanctze
2332 3045 2496 3115 hujus
2545 3054 2603 3100 et
2658 3045 2985 3102 universalis
3044 3046 3272 3116 synodi,
3313 3065 3332 3097 ι
3382 3056 3494 3101 etc.

1932 3133 2111 3190 Hocce
2151 3136 2376 3192 decreto
2421 3143 2708 3192 damnatos
2762 3138 3008 3208 Aquinas
3058 3138 3353 3199 intellexit.
3405 3139 3502 3208 qui

260 3201 647 3296 {Dicend'lmo
701 3208 848 3274 (ἰυοά
898 3208 1164 3276 ὃνίτῐιυηι
1197 3219 1448 3265 sanctum
1486 3226 1593 3264 non
1633 3228 1822 3282 proce-
1849 3226 1893 3283 ο
1929 3239 2220 3295 negarent,
2262 3245 2355 3296 per
2411 3227 2619 3282 Filium
2666 3201 2841 3284 suam.
2869 3229 3062 3282 habere
3109 3201 3505 3284 subsistentiam

253 3293 383 3349 dere
416 3311 444 3348 a
481 3296 642 3356 Filio.
672 3298 851 3366 primo
873 3297 974 3352 fuit
996 3316 1024 3354 a
1052 3299 1398 3354 Nestorianis
1425 3299 1820 3367 introductum,

253 3397 310 3440 ut
338 3397 484 3457 patet
511 3389 565 3442 in
594 3390 839 3459 quodam
872 3391 1122 3462 symbolo
1166 3391 1618 3448 Nestorianorum
1663 3394 1823 3448 dam-

251 3493 380 3535 nato
432 3483 486 3536 in
524 3483 798 3550 Ephesius
834 3485 1066 3556 synodo.
1101 3485 1169 3540 Et
1200 3486 1348 3541 hunc
1384 3503 1630 3542 errorem
1665 3503 1826 3544 secu-

252 3585 341 3630 tus
371 3576 473 3630 fuit
511 3577 901 3632 Thcodoretus
928 3579 1314 3646 Nestorianus,
1367 3590 1423 3636 et
1475 3582 1664 3652 plures
1703 3593 1824 3652 post

252 3672 453 3740 ipsum,
513 3672 661 3726 inter
717 3688 858 3742 quos
911 3673 1016 3728 fuit
1076 3674 1450 3732 Damascenus
1497 3694 1511 3730 :
1561 3677 1707 3732 unde
1769 3678 1824 3733 in

255 3765 359 3820 hoc
403 3767 523 3837 ejus
575 3769 865 3821 sententia:
918 3784 1026 3821 non
1085 3779 1171 3822 est
1231 3770 1513 3824 standum.
1563 3770 1827 3836 Quamvis

254 3875 282 3912 a
325 3859 661 3928 quibusdam
737 3859 1006 3914 dicatur:
1057 3861 1205 3930 quod
1254 3860 1622 3917 Damasccuus
1680 3864 1826 3919 sicut

253 3969 357 4006 non
437 3952 740 4008 conﬁtetur
799 3951 1062 4023 Spiritum
1128 3965 1374 4007 sanctum
1450 3971 1556 4009 non
1621 3972 1730 4010 esse
1791 3974 1826 4010 α

254 4045 416 4112 Filio,
472 4051 544 4102 ita
596 4049 764 4102 etiam
817 4065 925 4102 non
978 4059 1138 4120 negat
1183 4066 1248 4104 ex
1290 4052 1339 4104 ei
1386 4050 1603 4106 illorum
1639 4055 1825 4108 verbo-

254 4161 387 4198 rum.
431 4163 451 4195 ι

321 4240 502 4294 Minus
541 4256 738 4310 :cquus
774 4241 827 4294 in
868 4242 1265 4298 Damascenum
1307 4245 1526 4299 videtur
1559 4245 1826 4316 Aquinas.

250 4333 665 4398 Animadverte,
695 4335 865 4387 vitam
898 4335 1158 4405 Aquinati
1186 4352 1254 4391 eo
1287 4348 1537 4408 tempore
1574 4339 1822 4399 ducenti.

249 4442 356 4494 qua
403 4427 672 4497 pleraque
726 4439 1046 4483 sanctorum
1103 4430 1326 4485 Patrum
1390 4432 1593 4502 scripta
1645 4435 1826 4489 adhuc

1926 3317 2184 3388 Spiritum
2212 3331 2478 3374 sanetum.
2511 3321 2658 3375 Idem
2692 3332 2926 3377 censent
2967 3321 3354 3386 Bellarminus.
3393 3322 3504 3378 Leo

1924 3412 2182 3473 Albitius.
2208 3413 2538 3476 Garncrius,
2573 3415 2859 3470 Petavius.

1995 3505 2159 3574 Atqui
2197 3505 2402 3560 decreti
2434 3505 2601 3560 verba
2652 3505 2944 3562 damnatos
2995 3508 3242 3564 indicant
3279 3522 3502 3564 errores

1927 3598 1992 3650 de
2024 3597 2288 3668 Uuigeniti
2324 3596 2453 3652 Filii
2487 3597 2585 3652 Dei
2629 3598 3040 3662 lncarnationc,
3078 3617 3187 3655 non
3221 3601 3380 3656 alios.
3424 3600 3504 3655 Eu

1925 3691 2092 3744 etiam
2147 3699 2398 3759 tempore
2444 3689 2707 3760 vigebant
2750 3701 3059 3747 commenta
3113 3693 3371 3746 Eutiomii
3447 3704 3506 3748 ct

1925 3782 2246 3850 Apollinarii
2280 3801 2293 3837 :
2326 3798 2564 3852 quorum
2613 3784 2716 3838 iste
2749 3785 2954 3854 gradus
2980 3787 3036 3840 in
3067 3785 3337 3842 'l‘rtnitate
3389 3799 3504 3843 sta-

1930 3885 2111 3933 tuens.
2147 3874 2345 3930 Filium
2369 3878 2623 3932 minorem
2651 3875 2840 3938 Patre,
2871 3884 3058 3947 utpote
3083 3893 3148 3933 ex
3175 3877 3282 3932 isto
3310 3887 3502 3932 natum

1925 3966 2235 4028 eﬁ‘utiebat,
2270 3974 2326 4020 et
2355 3962 2617 4035 Spiritum
2649 3974 2900 4019 sanctum
2943 3970 3196 4020 minorem
3223 3967 3378 4027 Filio.
3416 3978 3503 4021 ut-

1928 4069 2052 4124 pote
2085 4072 2152 4112 ex
2185 4057 2290 4111 isto
2327 4066 2422 4112 aut
2455 4073 2554 4127 per
2586 4057 2750 4113 istum
2791 4067 3152 4127 procreatum,
3188 4069 3248 4115 ut
3282 4062 3504 4131 inquie-

1928 4147 2021 4202 bat
2061 4166 2076 4202 :
2117 4163 2181 4203 ac
2229 4149 2320 4204 ille
2353 4148 2613 4219 Spiritum
2651 4149 2928 4218 auferebat
2959 4165 2991 4202 ιι
3023 4151 3210 4216 Patre,
3257 4154 3505 4222 uniceque

1928 4241 2189 4294 tribuebat
2225 4240 2528 4312 Unigenito.
2574 4251 2690 4296 tum
2733 4242 2942 4310 ipsum,
2969 4257 3094 4296 cum
3132 4243 3332 4299 Filium
3375 4247 3506 4316 reji-

1928 4335 2082 4389 ciens
2122 4335 2270 4388 inter
2299 4344 2612 4398 creaturas,
2655 4343 2795 4387 teste
2823 4333 3029 4388 Basilio
3061 4334 3203 4388 libro
3239 4351 3275 4390 ll
3304 4337 3504 4392 Contra

1933 4425 2279 4488 Eunomium,
2314 4441 2467 4480 num.
2508 4424 2598 4480 54.
2630 4424 2770 4479 Hinc
2826 4440 2954 4478 vero
3003 4424 3072 4480 de
3125 4428 3505 4497 propositione

248 4519 517 4585 latebant,
561 4536 665 4575 nee
721 4521 931 4583 videre,
985 4538 1085 4577 nec
1137 4523 1461 4595 diligentius
1509 4527 1826 4596 expendere
1919 4518 2046 4582 illa,
2081 4519 2342 4588 Spiritum
2370 4526 2614 4571 sanetum
2642 4518 2836 4571 habere
2874 4534 2968 4586 per
2993 4516 3193 4572 Filium
3217 4519 3505 4574 subsisten—

249 4612 567 4668 Damasceni
627 4614 934 4668 testimonia
995 4616 1241 4682 licuisse,
1311 4618 1517 4686 quibus
1572 4635 1826 4673 emanare
1854 4604 2063 4666 Dtiam
2110 4618 2366 4678 negante.
2399 4610 2564 4665 silent
2604 4609 2871 4680 Ephesini
2921 4611 3156 4665 Patres:
3199 4611 3292 4680 qui
3335 4613 3506 4679 probe
3575 4613 3578 4618 ’

247 4703 489 4773 Spiritus
525 4714 755 4758 sanctus
799 4705 1004 4759 dicitur
1041 4722 1136 4771 per
1184 4705 1413 4771 Filium,
1448 4718 1497 4761 et
1533 4724 1597 4760 ea:
1632 4707 1772 4762 Filio
1803 4725 1822 4763 :

245 4813 307 4851 ac
365 4797 532 4850 Pater
591 4799 878 4867 productor
920 4800 1041 4867 ejus
1092 4815 1185 4869 per
1238 4797 1460 4864 Filium,
1527 4800 1820 4870 ipsumque

242 4907 450 4960 semper
478 4892 674 4944 habere
702 4907 759 4944 se
803 4892 944 4959 apud
983 4909 1058 4954 se,
1092 4909 1186 4962 per
1227 4891 1426 4948 Filium
1460 4910 1524 4947 ea:
1553 4911 1606 4948 se
1641 4912 1821 4964 proce-

244 4987 479 5036 dentem.
548 4984 683 5038 Tam
743 4985 1038 5039 luculenta:
1099 4987 1390 5041 sententia:
1440 4990 1694 5057 nuspiam
1765 4989 1818 5043 in

241 5075 520 5145 Opsribus
569 5075 796 5130 Thomas
841 5088 1154 5132 memorata:
1190 5079 1554 5133 inveniuntur
1589 5097 1605 5133 :
1644 5096 1822 5149 eoque

140 5184 158 5199 ο
241 5167 507 5236 Opusculi
543 5178 736 5220 contra
773 5182 991 5220 errores
1017 5166 1333 5221 Grmcorum
1378 5168 1433 5221 iu
1465 5167 1668 5236 capite,
1728 5166 1821 5221 tibi

240 5271 610 5316 necensentur
653 5261 842 5314 Patres
875 5261 966 5330 qui
1013 5260 1275 5328 Spiritum
1311 5269 1562 5315 sanetum
1633 5262 1822 5316 dixere

241 5373 270 5406 a
329 5353 500 5406 Patre
556 5353 837 5421 procedere
862 5369 955 5421 per
987 5353 1202 5411 Filium,
1233 5351 1546 5406 aﬁ‘eruntur
1590 5352 1822 5423 Cyrillus

243 5444 685 5504 Alexandrinus,
776 5442 1007 5496 Basilius
1066 5451 1125 5497 et
1185 5441 1469 5507 Gregorius
1493 5443 1820 5522 aNyssenus,

240 5537 590 5590 Damasceno
617 5534 1012 5605 praetermisso.
1048 5533 1201 5587 Haud
1242 5535 1443 5587 mirum
1478 5534 1642 5587 fuerit
1664 5551 1819 5606 ergo,

239 5628 491 5694 ejusdem
536 5625 861 5680 Damasceni
893 5625 1381 5694 doctrinam,.qum
1427 5627 1548 5679 aliis
1589 5629 1822 5696 quibus-

240 5726 365 5774 dam
423 5721 480 5772 in
537 5717 678 5772 locis
721 5718 906 5771 minus
932 5725 1192 5773 accurate
1247 5717 1386 5771 tradi
1441 5720 1680 5786 videtur,
1732 5735 1826 5773 su-

243 5821 489 5883 spectam
555 5811 729 5866 fuisse
787 5810 1072 5879 Aquinati.
1131 5810 1241 5866 Pro
1308 5825 1375 5865 eo
1433 5819 1654 5874 tamen,
1713 5827 1824 5880 quo

243 5905 490 5978 pollebat
536 5903 656 5975 ipse
704 5903 909 5975 ingenii
962 5907 1239 5974 acumine,
1293 5903 1453 5971 vidit,
1507 5903 1824 5962 admonuit-

1927 4715 2218 4772 noverant,
2249 4703 2511 4773 Symbolo
2537 4703 2705 4758 inseri
2739 4703 2985 4772 potuisse
3013 4702 3084 4757 ad
3115 4717 3337 4758 sensum
3369 4706 3502 4774 reji—

1925 4797 2182 4851 cicudum
2214 4797 2472 4852 Eunomii
2532 4807 2590 4852 et
2624 4797 2973 4867 Apollinarii.

1997 4889 2598 4960 Constantinopolitani
2634 4889 2846 4953 Patres,
2876 4891 2973 4958 qui
2996 4905 3240 4946 errorem
3268 4891 3499 4961 impium

1927 4999 2073 5038 anno
2121 4984 2218 5037 581
2261 4983 2685 5047 damnaverant,
2721 4983 2898 5037 satius
2949 4984 3194 5040 habuere
3233 4984 3499 5053 Spiritum

1927 5084 2177 5130 sanctum
2215 5074 2450 5128 deﬁnire
2479 5090 2542 5126 ex
2592 5071 2757 5126 Patre
2801 5075 3214 5141 procedentem:
3249 5073 3501 5143 adeoque

1924 5180 2116 5220 verum
2173 5167 2343 5219 Deum
2394 5165 2628 5226 docere.
2679 5163 3146 5227 quemadmodum
3195 5163 3502 5220 docuerant

1926 5256 2131 5312 Nicaeni
2168 5259 2375 5319 Patres,
2407 5256 2610 5311 Filium
2641 5272 2766 5311 esse
2798 5271 2990 5312 verum
3036 5257 3207 5312 Deum
3253 5273 3318 5312 ac
3352 5257 3500 5311 Patri

1926 5348 2479 5408 consubstantialem,
2538 5357 2729 5418 utpote
2781 5359 2966 5404 natum
3018 5349 3382 5419 genitumque
3433 5366 3499 5403 ex

1926 5443 2103 5496 Patre.
2138 5441 2252 5496 Non
2286 5441 2464 5496 solum
2496 5458 2559 5496 ea:
2591 5441 2758 5496 Patre
2787 5444 3180 5514 procedentem,
3225 5452 3282 5497 ut
3318 5441 3500 5511 Spiri-

1930 5543 2042 5586 tum
2071 5542 2323 5586 szmctum
2357 5534 2716 5589 ostenderent
2747 5551 2936 5590 verum
2974 5536 3173 5595 Deum.
3205 5535 3300 5588 sed
3329 5535 3497 5588 etiam

1926 5642 1990 5678 ex
2021 5625 2157 5680 Filio
2198 5641 2261 5679 ae
2290 5640 2383 5694 per
2408 5625 2626 5690 Filium,
2663 5637 2762 5682 aut
2789 5643 3046 5698 expressa
3075 5628 3376 5688 locutione.
3403 5635 3502 5680 aut

1928 5714 2117 5770 verbis
2185 5716 2344 5786 112
2412 5717 2934 5786 tequipollentibus,
2990 5718 3252 5774 Ecclesia:
3308 5718 3502 5774 Patres

1929 5809 2054 5865 data
2087 5811 2402 5876 occasione,
2431 5811 2706 5868 catholico
2736 5828 2899 5868 sensu
2953 5812 3114 5884 longe
3166 5813 3390 5868 diverso
3429 5813 3505 5869 ab

1930 5906 2275 5962 Eunomiauo
2319 5913 2373 5962 et
2423 5904 2894 5977 Apollinaristico,
2947 5907 3216 5964 docebant
3263 5923 3278 5964 :
3331 5905 3510 5975 idque
