3858 6468
416 431 533 501 523
1382 435 1709 500 GEORGII
1751 440 2011 501 CYPRll

425 555 704 608 tnguatur
779 545 1019 616 Spiritus
1058 546 1127 602 ab
1163 547 1340 605 illis...
1373 548 1657 620 Nyssenus
1681 550 1737 604 in
1784 550 2004 605 Oratio-

420 654 546 692 ltum
584 638 926 694 Dominicam
984 638 1273 694 manifeste
1315 640 1368 695 id
1406 649 1690 698 astruet...
1728 643 1913 697 κοινοῦ
1947 644 2004 697 δὲ

421 731 576 793 ὄντος
608 728 694 802 τῷ
711 731 848 800 Υῑῷ,
879 734 973 785 καὶ
997 734 1074 802 τῷ
1099 734 1404 803 “vatiuati,
1458 752 1577 790 cum
1627 752 1915 793 commune.
1935 738 2006 790 sit

418 824 581 891 Filio,
623 833 673 881 et
704 826 935 899 Spiritui
968 842 1286 886 sancto-non
1322 849 1432 887 esse
1462 832 1841 905 absque~ortn,
1879 852 2004 888 rur-

421 936 512 972 sus
542 929 620 973 est
649 921 808 990 facile
839 923 1213 993 diﬂ'erentiam,
1243 942 1362 997 qua!
1415 928 1472 979 ἐν
1526 930 1642 990 τοῖς
1693 927 2004 997 ἰδιώμασιν,

423 1009 478 1062 in
506 1026 687 1064 eorum
721 1014 1134 1082 proprietatibus
1169 1024 1269 1079 est,
1302 1017 1555 1084 reperire.
1605 1015 1847 1071 Advorte
1882 1018 2006 1071 ani-

427 1116 579 1154 mum
618 1102 684 1156 ad
720 1103 825 1157 hoc
862 1104 1105 1175 theologi
1139 1107 1318 1160 Patris
1346 1108 1750 1171 testimonium,
1785 1118 1839 1162 et
1874 1125 2008 1164 con-

428 1191 613 1246 sidera
659 1211 673 1251 :
717 1195 999 1263 quomodo
1055 1198 1439 1268 proprietatem
1495 1198 1733 1252 duarum
1793 1208 2007 1253 tantum

424 1299 789 1354 personarum
840 1290 1078 1354 vocavit,
1112 1308 1179 1346 ex
1231 1308 1399 1347 causa
1454 1309 1549 1348 eas
1582 1310 1727 1355 esse,
1783 1304 1839 1349 et
1869 1310 2009 1363 quo-

426 1380 591 1431 modo
620 1384 1059 1450 repraesentavit.
1090 1401 1364 1438 commune
1392 1401 1511 1440 esse
1546 1385 1741 1440 iisdem
1793 1386 2010 1442 duabus

420 1472 707 1540 personis,
738 1473 946 1541 absque
978 1487 1102 1529 ortu
1146 1492 1252 1530 non
1283 1478 1449 1531 esse?
1491 1496 1508 1529 ι

500 1563 576 1630 l8)
603 1562 661 1616 Si
691 1580 754 1616 ex
790 1581 895 1619 una
920 1583 1079 1619 causa
1112 1567 1276 1621 Patre
1307 1568 1481 1623 Filius
1516 1580 1565 1623 et
1601 1571 1835 1642 Spiritus
1884 1589 2014 1626 san-

429 1663 544 1708 ctus
612 1667 935 1712 emanarunt
990 1675 1008 1712 :
1057 1662 1299 1729 producit
1353 1672 1530 1716 autem
1591 1680 1777 1736 rursus
1843 1664 2010 1719 Filius

431 1750 718 1820 Spiritum,
750 1754 999 1820 producet
1037 1764 1088 1807 et
1122 1753 1349 1824 Spiritus
1387 1756 1612 1811 Filium.
1659 1756 1825 1811 Pares
1869 1760 2011 1813 enim

426 1845 690 1915 dignitate
723 1857 977 1919 utrosque
1011 1852 1191 1903 eduxit
1249 1849 1435 1904 Pater.
1475 1868 1496 1902 e
1533 1851 1603 1905 At
1654 1852 2009 1906 manifestum

430 1949 536 1997 est.
602 1956 710 1996 non
762 1957 923 2009 pares
949 1942 1218 2011 dignitate
1246 1954 1460 1996 tantum
1499 1943 1728 2013 produci
1786 1945 2009 2011 Filium,

430 2040 487 2084 et
526 2030 795 2101 Spiritum
864 2049 931 2088 ex
996 2034 1156 2088 Patre
1219 2050 1233 2087 :
1299 2037 1394 2090 sed
1441 2045 1497 2089 et
1528 2050 1688 2104 pares
1739 2036 2011 2106 dignitate

429 2124 665 2188 edundi,
735 2140 897 2194 pares
952 2125 1223 2196 dignitate
1261 2128 1587 2196 provenire,
1652 2144 1816 2197 pares
1868 2145 2012 2199 quo.

431 2233 541 2285 quo
600 2219 868 2286 dignitate
914 2219 1173 2275 emicare.
1227 2219 1290 2274 Et
1330 2235 1398 2275 ex
1458 2220 1597 2275 Filio
1651 2222 1876 2290 quidem
1932 2223 2012 2276 ei-

432 2312 610 2372 tundi,
662 2312 756 2381 qui
829 2312 946 2380 pari
1018 2312 1285 2381 dignitate
1352 2329 1419 2366 ex
1479 2314 1642 2368 Patre
1707 2313 2014 2368 effunditur

430 2401 717 2471 Spiritus;
771 2412 828 2457 et
880 2419 946 2455 ex
1012 2404 1150 2458 Filio
1202 2404 1490 2473 effulgere,
1530 2404 1623 2475 qui
1659 2405 1775 2475 pari
1829 2405 2011 2475 digni-

435 2507 548 2552 tate
606 2514 732 2552 cum
767 2512 835 2552 eo
888 2514 951 2553 es
1007 2498 1168 2552 Patre
1207 2499 1455 2569 elIulgel,
1499 2498 1743 2553 Ecclesia
1764 2498 2010 2553 fatetur:

432 2606 614 2653 neque
640 2603 820 2645 tamen
858 2591 1123 2655 admittit,
1187 2592 1421 2655 edundi,
1453 2593 1745 2661 provenire
1772 2601 1828 2645 et
1856 2592 2015 2646 efful-

433 2697 566 2751 gere
601 2692 657 2737 et
707 2698 775 2736 ex
807 2681 1011 2751 Spiritu
1048 2682 1269 2743 Filium.
1312 2682 1459 2752 quod
1510 2683 1705 2737 eadem
1743 2682 2013 2753 dignitate

434 2775 599 2829 ambo
632 2790 699 2829 ex
734 2775 895 2829 Patre
927 2776 1060 2830 sint.
1098 2792 1116 2825 ι
1152 2772 1295 2841 Quid
1346 2785 1613 2845 praeterea
1644 2776 1842 2830 Photio
1873 2775 2015 2829 infe-

436 2868 616 2922 stius?
666 2867 794 2923 Ideo
824 2869 972 2922 enim
1008 2884 1118 2921 non
1151 2878 1332 2937 petest
1363 2882 1486 2922 esse
1529 2867 1701 2921 Filius
1731 2884 1761 2922 a
1800 2868 2012 2937 Spiritu

435 2973 652 3025 sancto,
709 2962 834 3031 quia
888 2961 1135 3031 Spiritus
1174 2969 1403 3015 sanctus
1440 2975 1494 3026 a.
1526 2959 1667 3015 Filio
1707 2969 1834 3015 est:
1868 2959 1947 3013 uti
1982 2975 2013 3015 a

436 3054 577 3109 Filio
627 3054 752 3108 ideo
800 3069 910 3109 non
956 3063 1142 3124 potest
1187 3070 1311 3110 esse
1363 3054 1543 3117 Pater.
1578 3055 1707 3125 quia
1759 3054 1931 3110 Filius
1982 3070 2013 3109 a

435 3147 603 3203 Patre
630 3156 735 3203 est.
771 3146 828 3204 Si
886 3150 1068 3202 autem
1101 3164 1166 3203 ex
1229 3148 1463 3204 adverso
1490 3149 1736 3218 Spiritus
1787 3157 2015 3204 sanctus

433 3259 544 3297 non
579 3242 906 3312 procederet
932 3257 961 3295 a
995 3242 1154 3305 Filio,
1184 3241 1315 3311 quid
1363 3242 1520 3311 117
1564 3242 1911 3311 prohiberet,
1943 3256 2013 3295 ne

434 3352 465 3389 a
504 3334 711 3403 Spiritu
742 3343 938 3389 sancto
991 3334 1314 3404 gigneretur
1367 3333 1577 3388 Filius?
1614 3333 1811 3388 Omnia
1863 3333 2012 3388 enim

434 3429 617 3484 Patris
661 3427 977 3481 communia
1011 3436 1142 3481 sunt
1172 3426 1404 3496 Spiritui
1437 3434 1631 3481 sancto
1666 3437 1865 3495 prater
1902 3427 2014 3479 vim

434 3520 583 3574 illam
618 3519 816 3588 ipsam,
845 3535 951 3589 qua
975 3518 1218 3588 Spiritus
1236 3526 1465 3572 sanctus
1485 3534 1511 3570 a
1539 3518 1700 3571 Patre
1730 3518 2010 3587 procedit.

508 3612 584 3681 (9)
618 3611 677 3666 Si
705 3613 1001 3665 communis
1026 3621 1103 3664 est
1140 3610 1318 3673 Patri,
1354 3620 1403 3662 et
1441 3609 1584 3663 Filio
1613 3611 1789 3663 sancti
1837 3610 2017 3676 Spiri-

437 3713 520 3759 tus
552 3705 844 3774 productio.
882 3707 1065 3775 utique
1096 3704 1242 3759 illius
1279 3720 1486 3775 quoque
1516 3701 1751 3773 Spiritus
1801 3713 2018 3758 sanctus

436 3800 698 3867 particeps
729 3799 848 3851 erit.
901 3798 1094 3852 Omnia
1127 3798 1411 3867 siquidem,
1453 3813 1572 3868 qua:
1631 3806 1755 3851 sunt
1786 3813 2021 3850 commu-

438 3888 529 3944 nia
572 3888 746 3943 Patris
779 3901 828 3942 ct
865 3889 1017 3958 Filii,
1046 3894 1229 3943 eadem
1266 3891 1423 3943 etiam
1462 3890 1766 3959 referuntur
1796 3892 1866 3942 ad
1893 3888 2020 3958 Spi-

439 3987 599 4037 ritum
640 3994 907 4040 sanctum.
946 3984 1079 4039 llinc
1105 3986 1205 4039 erit
1236 3985 1330 4039 ille
1355 4001 1517 4039 causa
1551 3985 1737 4048 simul,
1792 3992 1839 4038 et
1890 3985 2015 4054 etre-

437 4080 631 4128 ctus.'«
668 4074 979 4144 Propositio
1005 4076 1120 4130 lttec
1154 4095 1166 4130 :
1203 4074 1415 4138 Omnia,
1463 4091 1581 4138 qua:
1628 4084 1752 4128 sunt
1782 4091 2021 4128 commu-

408 4172 531 4243 ‘nie
574 4172 749 4227 Patris
792 4177 839 4223 et
898 4169 1042 4234 Filii,
1100 4179 1256 4225 erunt
1314 4171 1477 4223 etiam
1538 4171 1841 4223 communia
1900 4185 2020 4223 cum

441 4262 651 4331 Spiritu
680 4273 889 4329 sancto,
924 4263 1133 4317 nullius
1163 4272 1247 4317 est
1279 4278 1472 4317 eorum
1514 4263 1763 4326 Patrum,
1802 4262 1894 4331 qtti
1932 4276 2022 4317 res

443 4356 785 4423 theolOgicas
807 4364 1010 4409 nostra:
1039 4356 1299 4411 Ecclesia:
1333 4356 1750 4410 tradiderunt...
1795 4355 1899 4421 Qui
1934 4363 2022 4408 at-

442 4446 650 4500 tmtius
704 4446 921 4500 divinas
976 4447 1290 4515 Scripturas
1325 4446 1646 4509 enucleant,
1710 4453 2023 4514 agnoscunt

442 4539 693 4607 quaedam
724 4539 887 4593 insita
908 4539 1219 4593 communia
1253 4540 1398 4593 Patri
1433 4548 1489 4592 et
1519 4538 1676 4598 Filio.
1703 4539 2022 4593 communia

440 4643 497 4686 ct
534 4631 809 4702 Spiritui:
840 4632 980 4686 bona
1022 4633 1294 4686 duntaxat
1349 4646 1471 4700 qum
1529 4631 1856 4685 naturaliter
1905 4631 2019 4685 illis

443 4725 657 4779 insunt.
694 4732 755 4777 ut
791 4723 1028 4793 justitia,
1060 4722 1290 4786 bonitas,
1348 4723 1636 4791 sapientia,
1688 4732 1741 4775 et
1795 4721 2020 4776 similia.

441 4818 766 4885 Agnoscunt
803 4815 967 4870 etiam
994 4815 1122 4879 alia,
1151 4831 1272 4884 qua:
1295 4815 1625 4869 naturaliter
1657 4813 1848 4867 insunt
1872 4813 2021 4867 Patri

439 4923 498 4966 et
540 4911 698 4973 Filio,
736 4921 789 4964 et
822 4925 932 4963 non
971 4910 1157 4962 insunt
1191 4909 1422 4977 Spiritui
1456 4932 1467 4963 :
1501 4925 1610 4963 non
1644 4908 1790 4977 quod
1846 4908 2025 4977 Spiri-

446 5017 533 5059 tus
565 5020 673 5058 non
730 5004 802 5058 sit
833 5003 1078 5075 ejusdem
1117 5014 1347 5069 naturae,
1396 5016 1562 5075 atque
1612 5005 1801 5068 Pater,
1846 5013 1900 5057 et
1934 5002 2025 5057 Fi-

441 5099 551 5152 lius
584 5113 598 5151 :
636 5096 731 5150 sed
773 5097 919 5165 quod
949 5097 1227 5151 naturales
1267 5098 1447 5152 Patris
1475 5108 1532 5152 ut
1570 5097 1776 5160 Patris,
1809 5106 1862 5149 et
1899 5093 2022 5149 Filii

442 5203 502 5244 ut
528 5190 647 5243 Filii
680 5190 1065 5259 proprietates,
1102 5206 1208 5241 non
1234 5191 1345 5244 sint
1367 5205 1692 5243 communes
1714 5188 2022 5255 Spiritui...

442 5284 634 5352 Itaque
680 5282 944 5351 Spiritum
985 5296 1091 5334 una
1148 5283 1309 5336 simul
1358 5282 1555 5337 haberi
1613 5299 1640 5335 a
1679 5280 1840 5333 Patre
1895 5289 1949 5331 et
1996 5294 2025 5331 a

381 5383 405 5411 ’ν
443 5377 600 5440 Filio,
639 5380 888 5428 naturale
921 5383 1004 5429 est
1039 5376 1243 5429 bonum
1300 5377 1481 5431 Patris
1526 5385 1584 5429 et
1648 5373 1795 5431 Filii.
1830 5372 1924 5426 sed
1965 5379 2025 5423 ut

397 5464 757 5537 ‘pmprictas
810 5467 1137 5522 earumdem
1195 5469 1484 5522 naturalis.
1537 5466 1657 5521 Nan
1708 5466 1834 5519 ideo
1867 5479 2026 5532 ergo.

446 5562 574 5632 quia
630 5563 1003 5616 communicat
1065 5561 1235 5617 Filius
1301 5576 1427 5615 cum
1490 5561 1695 5623 Patre,
1750 5556 1898 5627 quod
1958 5572 2027 5610 ex

448 5657 700 5726 utrisque
750 5657 990 5728 Spiritus
1034 5658 1126 5724 sit,
1161 5656 1597 5711 communicabit
1640 5668 1765 5708 cum
1818 5650 2025 5705 eisdem

448 5748 711 5820 Spiritus,
748 5763 807 5805 ut
846 5761 901 5808 rt
936 5753 1052 5824 ipse
1078 5753 1149 5807 sit
1174 5768 1240 5806 ex
1278 5768 1337 5806 se
1384 5754 1525 5821 ipso.
1566 5767 1583 5801 ι
1626 5747 1867 5801 Rursum
1901 5742 2026 5796 ideo

450 5859 557 5897 esse
593 5844 776 5911 Deum,
807 5845 1015 5917 Regem,
1051 5855 1102 5899 et
1133 5844 1462 5906 Creatorem,
1494 5855 1617 5911 qua:
1668 5836 1901 5893 Photius
1932 5833 2032 5887 ad.

447 5936 618 6008 ducit,
650 5941 962 5998 communia
993 5949 1122 5996 sunt
1155 5938 1337 5994 tribus
1385 5932 1656 6007 personis,
1692 5929 1840 6002 quod
1893 5927 2030 5981 rela-

2056 441 2165 502 CP.
2211 438 2729 500 PATRIARCIUE
3596 439 3700 505 12!

2038 555 2078 611 Α
2111 550 2217 604 tira
2249 566 2359 605 non
2386 550 2516 615 sint,
2548 549 2644 605 sed
2674 548 2949 604 absoluta.
2976 547 3045 602 At
3097 546 3325 618 spirari,
3368 556 3427 602 et
3458 550 3696 619 Spirare.

2109 645 2439 713 spiratorem
2474 658 2599 699 esse
2628 651 2685 698 et
2713 639 2981 713 Spiritum
3011 654 3110 696 seu
3138 641 3434 711 spiratum,
3463 642 3699 698 relative

2107 745 2262 799 sunt,
2293 751 2401 790 non
2443 736 2721 791 absoluta.

2183 831 2294 901 (10)
2334 829 2617 901 Egreditur
2641 847 2673 884 a
2706 829 2843 884 Filio
2882 828 3136 901 Spiritus.
3182 830 3295 885 Hoc
3337 831 3475 884 unde
3531 830 3699 885 fando

2112 928 2313 993 factum
2346 924 2634 995 accepisti?
2665 923 2706 978 Α
2736 923 3053 993 quibusnam
3090 922 3399 993 Evangeliis
3428 923 3573 976 hanc
3608 939 3701 977 vo-

2110 1033 2223 1070 cem
2258 1016 2459 1071 habes?
2490 1015 2783 1077 Cuiusnam
2811 1014 3000 1085 synodi
3034 1014 3409 1086 blasphemum
3449 1015 3550 1069 hoc
3578 1032 3700 1068 uer-

2110 1108 2278 1162 imm?
2312 1107 2438 1163 Haec
2484 1109 2654 1162 etiam
2686 1107 2872 1163 lurore
2927 1108 3174 1176 percitus
3214 1107 3452 1163 Photius
3484 1107 3696 1162 aiebat.

2113 1200 2338 1255 Latinos
2393 1200 2542 1255 solos
2593 1201 2865 1270 impetere
2895 1215 2955 1255 se
3004 1200 3306 1255 simulabat
3343 1218 3357 1255 :
3400 1211 3457 1255 at
3496 1199 3698 1254 iisdem

2112 1295 2453 1364 argumentis
2481 1294 2789 1350 lacessebat
2818 1303 2875 1350 et
2927 1293 3148 1349 Gratcos
3203 1308 3420 1361 omnes,
3453 1308 3698 1364 quorum

2112 1387 2446 1443 adduximus
2479 1388 2817 1444 testimonia.
2877 1387 3166 1442 Affirmant
3222 1387 3301 1442 illi
3338 1402 3495 1450 sane,
3520 1386 3701 1455 Spiri-

2113 1491 2224 1533 tum
2252 1495 2493 1534 sanctum
2523 1499 2556 1536 a
2588 1479 2732 1535 Filio
2758 1483 3018 1551 accipere,
3050 1498 3083 1533 a
3116 1479 3261 1534 Filio
3298 1481 3461 1542 mitti,
3490 1498 3521 1532 a
3560 1480 3701 1534 Filio

2112 1574 2277 1636 exire,
2308 1588 2339 1624 a
2378 1570 2519 1624 Filio
2574 1572 2716 1626 dari.
2754 1571 2879 1626 Haec
2911 1587 3020 1626 non
3056 1571 3202 1626 idem
3256 1586 3379 1625 esse
3433 1567 3702 1637 inquiunt

2113 1665 2214 1726 illi.
2257 1679 2322 1719 ac
2351 1682 2384 1718 a
2430 1663 2570 1718 Filio
2613 1664 2916 1735 procedere.
2948 1665 3115 1733 Atqui
3158 1673 3335 1717 totum
3390 1662 3496 1716 hoc
3540 1670 3633 1715 est
3666 1677 3702 1713 ιι

2119 1758 2259 1813 Filio
2297 1759 2594 1828 procedere,
2631 1766 2692 1812 ut
2738 1758 2815 1812 ait
2860 1757 3287 1816 Tltomassinus.
3328 1756 3404 1809 De
3464 1755 3704 1809 sanctis-

2118 1856 2249 1906 sima
2284 1852 2564 1916 Trinitate,
2589 1851 2769 1921 capite
2814 1852 2903 1915 5i,
2937 1865 3093 1906 num.
3129 1852 3185 1906 9.
3216 1849 3286 1904 L't
3328 1850 3478 1905 enim
3523 1848 3704 1902 Filius

2045 1925 2087 1983 Β
2118 1944 2381 1997 nascendo
2416 1960 2445 1997 a
2474 1944 2653 2006 Patre,
2682 1944 2755 1997 ita
2780 1943 3025 2012 Spiritus
3055 1959 3085 1997 a
3119 1943 3278 1997 Patre
3311 1951 3367 1997 et
3394 1941 3536 1997 Filio
3569 1957 3702 2010 pro-

2115 2036 2343 2090 cedendo
2401 2036 2622 2104 accipit,
2657 2036 2915 2102 mittitur,
2958 2037 3094 2099 exit,
3149 2036 3333 2090 datur.
3396 2035 3510 2089 Nec
3546 2033 3702 2088 enim

2116 2143 2325 2201 postea,
2363 2130 2457 2185 sed
2495 2131 2675 2185 statim
2713 2132 3001 2193 nascendo,
3036 2130 3120 2184 vel
3169 2129 3521 2199 procedendo,
3550 2129 3706 2183 acci-

2119 2229 2197 2295 pit
2245 2227 2513 2298 quidquid
2569 2228 2794 2297 accipit,
2850 2237 2907 2281 et
2943 2228 3113 2282 habet
3166 2225 3440 2296 quidquid
3506 2223 3702 2288 habet,

2120 2302 2312 2384 Filius,
2357 2329 2407 2375 et
2445 2321 2685 2389 Spiritus
2735 2333 2977 2385 sanctus,
3013 2338 3042 2376 a
3102 2322 3254 2376 fonte
3292 2336 3408 2375 suae
3436 2317 3705 2388 originis.

2116 2413 2339 2468 Frustra
2392 2424 2478 2467 est
2531 2429 2663 2483 ergo
2723 2414 2974 2477 Photius,
3030 2413 3123 2469 ubi
3182 2423 3339 2485 rogat
3395 2412 3607 2483 quibus
3633 2410 3708 2465 ab

2118 2504 2428 2574 Evangrluis
2472 2505 2795 2569 habeamus,
2853 2506 3002 2575 quod
3057 2504 3291 2576 Spiritus
3348 2507 3608 2575 procedat
3672 2521 3709 2557 ο

2119 2596 2269 2652 Filio.
2297 2597 2380 2652 Ab
2408 2583 2516 2652 illis
2545 2599 2695 2653 enim
2733 2599 2785 2652 id
2814 2598 3101 2660 habemus,
3131 2615 3160 2652 a
3190 2597 3397 2665 quibus
3426 2596 3712 2651 habemus

2122 2691 2283 2760 118
2316 2690 2462 2760 quod
2495 2693 2565 2745 ab
2599 2691 2722 2761 ipso
2752 2690 2977 2746 Christo
3012 2691 3079 2745 de
3115 2690 3327 2759 Spiritu
3377 2697 3576 2743 sancto
3615 2688 3709 2742 di—

2116 2798 2264 2842 ctum
2310 2797 2395 2841 est
2424 2806 2437 2841 :
2473 2786 2577 2840 Ille
2607 2790 2671 2840 de
2703 2804 2816 2840 meo
2849 2787 3088 2856 accipiet.
3121 2785 3240 2840 Non
3274 2783 3478 2852 accipit
3526 2783 3709 2845 enim,

2118 2878 2223 2933 nisi
2253 2880 2618 2948 procedendo:
2646 2888 2703 2933 ut
2736 2878 2907 2933 Filius
2937 2894 2965 2931 a
3004 2879 3166 2932 Patre
3196 2892 3304 2930 non
3338 2875 3568 2944 accipit,
3593 2874 3711 2928 nisi

2118 2973 2403 3030 nascendo.
2435 2975 2588 3029 Unde
2615 2981 2670 3027 et
2722 2972 2882 3026 Pater
2910 2971 3062 3025 solus
3091 2984 3119 3023 a
3168 2968 3325 3024 nullo
3383 2967 3709 3037 quidquam

2117 3067 2338 3138 accipit,
2363 3067 2491 3137 quia
2531 3082 2559 3121 a
2614 3065 2766 3119 nullo
2793 3073 2875 3118 est
2903 3080 2918 3115 :
2952 3079 2980 3118 a
3015 3062 3170 3117 nullo
3207 3060 3479 3125 mittitur,
3505 3058 3642 3128 quia
3678 3072 3710 3109 a

2120 3161 2271 3215 nullo
2298 3160 2569 3222 nascitur,
2608 3173 2639 3211 a
2680 3155 2835 3210 nullo
2877 3153 3147 3224 procedit.
3184 3152 3433 3208 Joannes
3466 3149 3711 3211 Recens.

2042 3278 2084 3333 ο
2118 3255 2172 3309 ἰη
2202 3251 2452 3305 oratione
2485 3251 2650 3305 citata
2675 3264 2829 3302 num.
2868 3249 2935 3303 57
2992 3244 3282 3316 lipipltanii
3316 3242 3711 3321 testimonium

2121 3346 2300 3408 alien,
2336 3345 2499 3397 verba
2534 3343 2624 3396 illa
2681 3340 2988 3408 Evangelii,
3021 3338 3120 3393 Ille
3180 3337 3246 3390 de
3272 3352 3387 3391 meo
3450 3334 3710 3403 accipiet,

2119 3424 2324 3492 eodem.
2372 3434 2534 3489 modo
2569 3430 2988 3501 interpretantis
3017 3430 3071 3484 in
3125 3431 3396 3483 Ancorato
3426 3442 3444 3481 :
3481 3426 3541 3481 Si
3582 3441 3713 3480 vero

2120 3526 2361 3581 Christus
2389 3541 2452 3578 ea:
2479 3523 2642 3577 Patre
2675 3522 2934 3583 creditur,
2966 3520 3104 3573 Deus
3132 3536 3196 3573 ea:
3234 3518 3365 3582 Deo,
3394 3530 3443 3572 et
3464 3517 3714 3586 Spiritus

2120 3636 2184 3674 ex
2212 3619 2439 3682 Christo,
2478 3621 2542 3672 ἐκ
2566 3618 2658 3671 τοῦ
2685 3617 2949 3688 Χριστοῦ,
2985 3624 3076 3670 aut
3109 3630 3173 3669 ex
3206 3616 3467 3684 utrisque,
3508 3612 3542 3680 ἣ
3572 3611 3715 3681 παρ’

2119 3711 2450 3780 ἀμφοτέρων
2470 3750 2483 3773 ,
2517 3718 2574 3762 ut
2598 3709 2837 3764 Christus
2867 3708 3015 3767 dicit.
3043 3708 3133 3768 qui
3166 3724 3199 3759 a
3238 3705 3406 3759 Patre
3436 3704 3715 3773 procedit,

2120 3809 2172 3855 et
2200 3802 2285 3854 hic
2311 3816 2375 3855 ea:
2401 3817 2515 3855 meo
2544 3801 2785 3870 accipiet,
2830 3800 2928 3851 καὶ
2961 3791 3115 3860 οὗτος
3147 3798 3209 3849 ὲκ
3240 3795 3335 3849 τοῦ
3372 3793 3509 3848 Tir»?
3541 3794 3725 3862 λήψε-

2121 3906 2212 3943 ται
2242 3890 2386 3961 (seu)
2417 3906 2482 3944 ea:
2506 3888 2645 3944 Filio
2676 3889 2915 3958 accipiet.
2948 3887 3161 3942 Castora
3198 3887 3421 3940 demum
3457 3884 3726 3967 Scriptu-

2123 3998 2309 4039 rarutn
2358 3992 2414 4037 et
2462 3983 2686 4036 Patrum
2749 3980 2941 4041 verba,
2973 3980 3113 4032 mitti
3147 3978 3419 4047 Spiritum
3481 3993 3509 4028 a
3546 3977 3723 4040 Filio,

2121 4077 2261 4141 dari,
2286 4076 2502 4147 effundi,
2521 4074 2870 4144 suppeditari,
2908 4071 2973 4125 ad
3015 4071 3129 4126 sola
3157 4071 3299 4125 dona
3325 4081 3517 4124 creata
3552 4084 3729 4123 coar-

2124 4166 2285 4231 ctari,
2313 4176 2368 4220 et
2395 4165 2462 4218 ad
2496 4165 2665 4234 ipsam
2699 4179 2811 4218 non
2844 4162 3065 4217 extendi
3098 4161 3273 4216 sancti
3308 4161 3560 4229 Spiritus
3592 4176 3731 4229 per-

2122 4275 2338 4324 sonam,
2369 4258 2667 4312 absurdum
2703 4268 2787 4312 est
2842 4271 2906 4310 ac
2943 4256 3222 4310 insanum.
3263 4254 3398 4310 Vide
3441 4263 3623 4324 caput
3665 4255 3722 4320 δ,

2125 4369 2281 4408 num.
2317 4350 2380 4405 IV
2428 4352 2564 4418 (12).

2198 4445 2310 4513 (ll)
2340 4443 2526 4513 Pergit
2571 4443 2811 4513 denique
2842 4443 3073 4498 Photius
3122 4443 3176 4496 in
3214 4442 3366 4498 hunc
3418 4442 3661 4498 modum
3712 4461 3726 4498 :

2129 4537 2399 4603 Quidnam
2437 4536 2686 4607 Spiritui,
2740 4552 2938 4607 quaso,
2968 4538 3177 4589 (recedet
3209 4536 3275 4589 ab
3330 4536 3431 4589 illa
3469 4537 3536 4589 de
3583 4535 3733 4589 Filio

2053 4632 2098 4687 Ι)
2126 4636 2486 4705 proccssione;
2538 4647 2657 4685 cum
2698 4630 2962 4700 processio
3024 4639 3252 4699 paterna
3298 4629 3369 4682 ad
3429 4633 3733 4684 essentiam

2128 4724 2576 4795 suﬁiciat?Quid,
2614 4723 2659 4777 si
2708 4736 2964 4791 rogemus
3014 4721 3273 4776 Photiutn
3321 4720 3735 4783 (Tltontassiui

2127 4819 2293 4874 verba
2325 4819 2511 4886 sunt);
2578 4815 2704 4884 quid
2757 4813 2982 4869 accedat
3038 4824 3308 4870 creatura:
3346 4831 3377 4869 a
3431 4817 3734 4871 creatione

2130 4926 2228 4979 per
2254 4910 2473 4973 Filium,
2506 4918 2562 4963 et
2585 4908 2848 4978 Spiritum
2880 4917 3157 4970 sanctum,
3187 4924 3314 4962 cum
3351 4910 3574 4964 creatio
3630 4926 3735 4980 per

2129 5003 2346 5057 Patrem
2387 5001 2606 5055 abunde
2655 5000 2841 5055 esset?
2895 5001 2975 5053 An
3028 5000 3197 5063 dicet.
3261 5001 3453 5054 omnia
3515 5002 3743 5058 divinis

2130 5095 2524 5164 hypostasibus
2562 5109 2686 5148 esse
2733 5093 3045 5148 communia
3102 5105 3305 5164 praafer
3369 5095 3693 5151 relationes
3723 5138 3737 5159 ,

2131 5186 2337 5257 quibus
2368 5188 2489 5241 aliae
2514 5187 2582 5239 ab
2605 5186 2731 5239 aliis
2761 5184 3219 5257 distinguuntur?
3260 5186 3640 5256 Reponcmus
3681 5198 3744 5243 et

2132 5295 2253 5339 nos,
2287 5280 2467 5332 omnia
2505 5295 2569 5334 ex
2597 5276 2897 5345 Scripturis
2933 5287 2987 5332 et
3047 5278 3260 5333 sanctis
3308 5279 3581 5335 Patribus
3612 5297 3744 5337 esse

2135 5372 2303 5433 Patri,
2345 5372 2593 5441 Filioque
2625 5372 2939 5425 communia
2997 5381 3195 5440 praeter
3228 5375 3640 5441 paternitatem
3686 5386 3745 5428 et

2134 5464 2474 5526 liliationem,
2514 5455 2620 5531 q'ua
2668 5462 2828 5516 Pater
2859 5476 2889 5516 a
2940 5463 3080 5516 Filio
3138 5463 3515 5531 distinguitur
3549 5484 3563 5520 :
3600 5468 3740 5536 quia

2134 5570 2300 5611 nemo
2344 5555 2448 5610 sibi
2505 5557 2681 5621 Pater,
2739 5569 2901 5608 nemo
2940 5555 3046 5609 sibi
3100 5555 3277 5610 Filius
3311 5572 3441 5612 esse
3522 5568 3739 5628 potest.

2132 5648 2345 5704 Exinde
2378 5648 2671 5721 perspicue
2700 5649 2998 5713 colligitur,
3027 5649 3137 5702 vim
3191 5652 3552 5719 producendi
3616 5656 3752 5725 Spi-

2135 5742 2275 5794 ritus
2306 5740 2481 5794 sancti
2541 5755 2663 5795 esse
2694 5739 2839 5794 Patri
2885 5739 3135 5811 Filioque
3168 5757 3578 5814 communem;
3611 5765 3749 5803 cum

2137 5848 2200 5885 ca
2224 5818 2359 5887 nihil
2391 5839 2603 5901 spectet
2626 5831 2693 5886 ad
2724 5834 3115 5902 paternitatem
3135 5844 3190 5890 et
3218 5836 3588 5896 tiliationem.
3615 5842 3752 5896 llzec

2137 5922 2250 5978 ille.
2282 5914 2485 5977 Eadem
2517 5939 2669 5992 vero,
2713 5939 2833 5993 quae
2858 5925 3135 5997 praecipua
3172 5925 3358 5983 Photi‘.
3394 5942 3749 6003 argumenta
