  <div class='ocr_page' id='page_1' title='image "/cluster/home/n/w/nwhite01/storage/ocr_20150623/142/hvd.32044012457388/071.png"; bbox 0 0 3858 6462; ppageno 0'>
   <div class='ocr_carea' id='block_1_1' title="bbox 418 269 510 334">
    <p class='ocr_par' dir='ltr' id='par_1_1' title="bbox 418 269 510 334">
     <span class='ocr_line' id='line_1_1' title="bbox 418 269 510 334; baseline 0.043 -4"><span class='ocrx_word' id='word_1_1' title='bbox 418 269 510 334; x_wconf 81' lang='grc'><strong>131</strong></span> 
     </span>
    </p>
   </div>
   <div class='ocr_carea' id='block_1_2' title="bbox 1360 258 2707 324">
    <p class='ocr_par' dir='ltr' id='par_1_2' title="bbox 1360 258 2707 324">
     <span class='ocr_line' id='line_1_2' title="bbox 1360 258 2707 324; baseline -0.001 -1"><span class='ocrx_word' id='word_1_2' title='bbox 1360 261 1692 323; x_wconf 80' lang='lat' dir='ltr'><strong>GEORGII</strong></span> <span class='ocrx_word' id='word_1_3' title='bbox 1736 260 1994 324; x_wconf 78' lang='lat' dir='ltr'><strong>CYPRII</strong></span> <span class='ocrx_word' id='word_1_4' title='bbox 2038 262 2148 323; x_wconf 83' lang='lat' dir='ltr'><strong>CP.</strong></span> <span class='ocrx_word' id='word_1_5' title='bbox 2187 258 2707 324; x_wconf 70' lang='lat' dir='ltr'><strong>PATRIARCHE</strong></span> 
     </span>
    </p>
   </div>
   <div class='ocr_carea' id='block_1_3' title="bbox 3572 256 3671 323">
    <p class='ocr_par' dir='ltr' id='par_1_3' title="bbox 3572 256 3671 323">
     <span class='ocr_line' id='line_1_3' title="bbox 3572 256 3671 323; baseline 0.04 -4"><span class='ocrx_word' id='word_1_6' title='bbox 3572 256 3671 323; x_wconf 71' lang='lat' dir='ltr'><strong>1T2</strong></span> 
     </span>
    </p>
   </div>
   <div class='ocr_carea' id='block_1_4' title="bbox 412 372 3672 459">
    <p class='ocr_par' dir='ltr' id='par_1_4' title="bbox 412 372 3672 459">
     <span class='ocr_line' id='line_1_4' title="bbox 412 372 3672 459; baseline -0.005 -18"><span class='ocrx_word' id='word_1_7' title='bbox 412 389 565 459; x_wconf 75' lang='lat' dir='ltr'><strong>justa</strong></span> <span class='ocrx_word' id='word_1_8' title='bbox 619 396 860 438; x_wconf 88' lang='lat' dir='ltr'><strong>canones</strong></span> <span class='ocrx_word' id='word_1_9' title='bbox 895 381 1187 436; x_wconf 88' lang='lat' dir='ltr'><strong>ordinatus</strong></span> <span class='ocrx_word' id='word_1_10' title='bbox 1230 380 1564 451; x_wconf 72' lang='lat' dir='ltr'><strong>patriarcha,</strong></span> <span class='ocrx_word' id='word_1_11' title='bbox 1614 388 1669 434; x_wconf 92' lang='lat' dir='ltr'><strong>ct</strong></span> <span class='ocrx_word' id='word_1_12' title='bbox 1709 380 1988 450; x_wconf 80' lang='lat' dir='ltr'><strong>legitimus</strong></span> <span class='ocrx_word' id='word_1_13' title='bbox 2021 387 2063 442; x_wconf 74' lang='grc' dir='ltr'><strong>Α</strong></span> <span class='ocrx_word' id='word_1_14' title='bbox 2093 372 2169 434; x_wconf 81' lang='lat' dir='ltr'><strong>De</strong></span> <span class='ocrx_word' id='word_1_15' title='bbox 2213 391 2469 450; x_wconf 87' lang='lat' dir='ltr'><strong>utroque,</strong></span> <span class='ocrx_word' id='word_1_16' title='bbox 2514 380 2697 435; x_wconf 88' lang='lat' dir='ltr'><strong>Sancti</strong></span> <span class='ocrx_word' id='word_1_17' title='bbox 2739 380 2962 435; x_wconf 64' lang='lat' dir='ltr'><strong>Audi-ea:</strong></span> <span class='ocrx_word' id='word_1_18' title='bbox 2998 378 3340 446; x_wconf 85' lang='lat' dir='ltr'><strong>monasterio,</strong></span> <span class='ocrx_word' id='word_1_19' title='bbox 3379 392 3442 432; x_wconf 87' lang='lat' dir='ltr'><strong>ac</strong></span> <span class='ocrx_word' id='word_1_20' title='bbox 3487 373 3672 429; x_wconf 73' lang='lat' dir='ltr'><strong>vicino</strong></span> 
     </span>
    </p>
   </div>
   <div class='ocr_carea' id='block_1_5' title="bbox 415 470 1986 542">
    <p class='ocr_par' dir='ltr' id='par_1_5' title="bbox 415 470 1986 542">
     <span class='ocr_line' id='line_1_5' title="bbox 415 470 1986 542; baseline -0.005 -11"><span class='ocrx_word' id='word_1_21' title='bbox 415 477 761 531; x_wconf 59' lang='lat' dir='ltr'><strong>sacerdotum</strong></span> <span class='ocrx_word' id='word_1_22' title='bbox 821 473 1102 542; x_wconf 79' lang='lat' dir='ltr'><strong>princeps,</strong></span> <span class='ocrx_word' id='word_1_23' title='bbox 1143 471 1450 541; x_wconf 82' lang='lat' dir='ltr'><strong>disjunctas</strong></span> <span class='ocrx_word' id='word_1_24' title='bbox 1500 470 1754 526; x_wconf 73' lang='lat' dir='ltr'><strong>Ecclesia:</strong></span> <span class='ocrx_word' id='word_1_25' title='bbox 1802 479 1986 533; x_wconf 75' lang='lat' dir='ltr'><strong>partes</strong></span> 
     </span>
    </p>
   </div>
   <div class='ocr_carea' id='block_1_6' title="bbox 415 561 1983 638">
    <p class='ocr_par' dir='ltr' id='par_1_6' title="bbox 415 561 1983 638">
     <span class='ocr_line' id='line_1_6' title="bbox 415 561 1983 638; baseline -0.006 -15"><span class='ocrx_word' id='word_1_26' title='bbox 415 572 665 638; x_wconf 75' lang='lat' dir='ltr'><strong>redigere</strong></span> <span class='ocrx_word' id='word_1_27' title='bbox 688 566 743 620; x_wconf 90' lang='lat' dir='ltr'><strong>in</strong></span> <span class='ocrx_word' id='word_1_28' title='bbox 799 580 970 619; x_wconf 89' lang='lat' dir='ltr'><strong>unum</strong></span> <span class='ocrx_word' id='word_1_29' title='bbox 1000 580 1066 619; x_wconf 87' lang='lat' dir='ltr'><strong>ac</strong></span> <span class='ocrx_word' id='word_1_30' title='bbox 1094 575 1480 636; x_wconf 74' lang='lat' dir='ltr'><strong>coagmentare</strong></span> <span class='ocrx_word' id='word_1_31' title='bbox 1509 562 1725 633; x_wconf 85' lang='lat' dir='ltr'><strong>poterit.</strong></span> <span class='ocrx_word' id='word_1_32' title='bbox 1754 561 1983 615; x_wconf 87' lang='lat' dir='ltr'><strong>Eveniat</strong></span> 
     </span>
    </p>
   </div>
   <div class='ocr_carea' id='block_1_7' title="bbox 418 653 1989 727">
    <p class='ocr_par' dir='ltr' id='par_1_7' title="bbox 418 653 1989 727">
     <span class='ocr_line' id='line_1_7' title="bbox 418 653 1989 727; baseline -0.006 -11"><span class='ocrx_word' id='word_1_33' title='bbox 418 661 473 716; x_wconf 89' lang='lat' dir='ltr'><strong>id</strong></span> <span class='ocrx_word' id='word_1_34' title='bbox 509 662 739 723; x_wconf 87' lang='lat' dir='ltr'><strong>utinam,</strong></span> <span class='ocrx_word' id='word_1_35' title='bbox 770 657 1229 714; x_wconf 86' lang='lat' dir='ltr'><strong>miserationibus</strong></span> <span class='ocrx_word' id='word_1_36' title='bbox 1256 656 1436 727; x_wconf 81' lang='lat' dir='ltr'><strong>magni</strong></span> <span class='ocrx_word' id='word_1_37' title='bbox 1467 655 1563 709; x_wconf 87' lang='lat' dir='ltr'><strong>Dei</strong></span> <span class='ocrx_word' id='word_1_38' title='bbox 1599 667 1655 709; x_wconf 89' lang='lat' dir='ltr'><strong>et</strong></span> <span class='ocrx_word' id='word_1_39' title='bbox 1680 653 1989 710; x_wconf 77' lang='lat' dir='ltr'><strong>Salvatoris</strong></span> 
     </span>
    </p>
   </div>
   <div class='ocr_carea' id='block_1_8' title="bbox 414 746 1989 820">
    <p class='ocr_par' dir='ltr' id='par_1_8' title="bbox 414 746 1989 820">
     <span class='ocr_line' id='line_1_8' title="bbox 414 746 1989 820; baseline -0.008 -11"><span class='ocrx_word' id='word_1_40' title='bbox 414 755 590 809; x_wconf 86' lang='lat' dir='ltr'><strong>nostri</strong></span> <span class='ocrx_word' id='word_1_41' title='bbox 618 751 749 807; x_wconf 85' lang='lat' dir='ltr'><strong>Jesu</strong></span> <span class='ocrx_word' id='word_1_42' title='bbox 773 752 983 807; x_wconf 85' lang='lat' dir='ltr'><strong>Christi</strong></span> <span class='ocrx_word' id='word_1_43' title='bbox 1014 750 1255 815; x_wconf 82' lang='lat' dir='ltr'><strong>exorati,</strong></span> <span class='ocrx_word' id='word_1_44' title='bbox 1289 749 1603 820; x_wconf 62' lang='lat' dir='ltr'><strong>purissimae</strong></span> <span class='ocrx_word' id='word_1_45' title='bbox 1628 746 1871 801; x_wconf 75' lang='lat' dir='ltr'><strong>Domina:</strong></span> <span class='ocrx_word' id='word_1_46' title='bbox 1892 760 1989 798; x_wconf 71' lang='lat' dir='ltr'><strong>no-</strong></span> 
     </span>
    </p>
   </div>
   <div class='ocr_carea' id='block_1_9' title="bbox 415 841 1987 915">
    <p class='ocr_par' dir='ltr' id='par_1_9' title="bbox 415 841 1987 915">
     <span class='ocr_line' id='line_1_9' title="bbox 415 841 1987 915; baseline -0.008 -14"><span class='ocrx_word' id='word_1_47' title='bbox 415 857 546 902; x_wconf 74' lang='lat' dir='ltr'><strong>stra:</strong></span> <span class='ocrx_word' id='word_1_48' title='bbox 584 845 825 915; x_wconf 70' lang='lat' dir='ltr'><strong>Virginis</strong></span> <span class='ocrx_word' id='word_1_49' title='bbox 858 854 913 899; x_wconf 86' lang='lat' dir='ltr'><strong>et</strong></span> <span class='ocrx_word' id='word_1_50' title='bbox 937 842 1033 898; x_wconf 83' lang='lat' dir='ltr'><strong>Dei</strong></span> <span class='ocrx_word' id='word_1_51' title='bbox 1060 843 1269 909; x_wconf 80' lang='lat' dir='ltr'><strong>Matris,</strong></span> <span class='ocrx_word' id='word_1_52' title='bbox 1298 858 1361 896; x_wconf 87' lang='lat' dir='ltr'><strong>ac</strong></span> <span class='ocrx_word' id='word_1_53' title='bbox 1389 841 1638 895; x_wconf 81' lang='lat' dir='ltr'><strong>omnium</strong></span> <span class='ocrx_word' id='word_1_54' title='bbox 1671 848 1987 895; x_wconf 86' lang='lat' dir='ltr'><strong>sanctorum</strong></span> 
     </span>
    </p>
   </div>
   <div class='ocr_carea' id='block_1_10' title="bbox 416 931 1275 1010">
    <p class='ocr_par' dir='ltr' id='par_1_10' title="bbox 416 931 1275 1010">
     <span class='ocr_line' id='line_1_10' title="bbox 416 931 1275 1010; baseline -0.012 -17"><span class='ocrx_word' id='word_1_55' title='bbox 416 931 695 1010; x_wconf 75' lang='lat' dir='ltr'><strong>precibus.</strong></span> <span class='ocrx_word' id='word_1_56' title='bbox 738 956 757 987; x_wconf 74' lang='grc' dir='ltr'><strong>ι</strong></span> <span class='ocrx_word' id='word_1_57' title='bbox 1070 998 1081 1006; x_wconf 84' lang='lat'>_</span> <span class='ocrx_word' id='word_1_58' title='bbox 1269 946 1275 954; x_wconf 92' lang='grc'><strong>·</strong></span> 
     </span>
    </p>
   </div>
   <div class='ocr_carea' id='block_1_11' title="bbox 487 1024 1990 1097">
    <p class='ocr_par' dir='ltr' id='par_1_11' title="bbox 487 1024 1990 1097">
     <span class='ocr_line' id='line_1_11' title="bbox 487 1024 1990 1097; baseline -0.01 -10"><span class='ocrx_word' id='word_1_59' title='bbox 487 1032 743 1087; x_wconf 85' lang='lat' dir='ltr'><strong>Libellus</strong></span> <span class='ocrx_word' id='word_1_60' title='bbox 790 1039 911 1083; x_wconf 77' lang='lat' dir='ltr'><strong>erat</strong></span> <span class='ocrx_word' id='word_1_61' title='bbox 960 1026 1180 1097; x_wconf 87' lang='lat' dir='ltr'><strong>prepria</strong></span> <span class='ocrx_word' id='word_1_62' title='bbox 1220 1024 1551 1095; x_wconf 77' lang='lat' dir='ltr'><strong>patriarchae</strong></span> <span class='ocrx_word' id='word_1_63' title='bbox 1602 1037 1766 1076; x_wconf 86' lang='lat' dir='ltr'><strong>manu</strong></span> <span class='ocrx_word' id='word_1_64' title='bbox 1797 1036 1990 1075; x_wconf 75' lang='lat' dir='ltr'><strong>exara-</strong></span> 
     </span>
    </p>
   </div>
   <div class='ocr_carea' id='block_1_12' title="bbox 417 1112 1993 1190">
    <p class='ocr_par' dir='ltr' id='par_1_12' title="bbox 417 1112 1993 1190">
     <span class='ocr_line' id='line_1_12' title="bbox 417 1112 1993 1190; baseline -0.011 -7"><span class='ocrx_word' id='word_1_65' title='bbox 417 1138 508 1183; x_wconf 88' lang='lat' dir='ltr'><strong>tus</strong></span> <span class='ocrx_word' id='word_1_66' title='bbox 538 1146 551 1181; x_wconf 91' lang='lat'><strong>:</strong></span> <span class='ocrx_word' id='word_1_67' title='bbox 590 1126 738 1180; x_wconf 87' lang='lat' dir='ltr'><strong>nulla</strong></span> <span class='ocrx_word' id='word_1_68' title='bbox 769 1139 902 1177; x_wconf 74' lang='lat' dir='ltr'><strong>Vero</strong></span> <span class='ocrx_word' id='word_1_69' title='bbox 928 1122 1177 1190; x_wconf 73' lang='lat' dir='ltr'><strong>ﬁrmatus</strong></span> <span class='ocrx_word' id='word_1_70' title='bbox 1208 1118 1593 1189; x_wconf 75' lang='lat' dir='ltr'><strong>subscriptione</strong></span> <span class='ocrx_word' id='word_1_71' title='bbox 1630 1116 1764 1183; x_wconf 97' lang='lat' dir='ltr'><strong>ejus.</strong></span> <span class='ocrx_word' id='word_1_72' title='bbox 1795 1114 1847 1168; x_wconf 92' lang='lat' dir='ltr'><strong>Id</strong></span> <span class='ocrx_word' id='word_1_73' title='bbox 1879 1112 1993 1183; x_wconf 85' lang='lat' dir='ltr'><strong>pri-</strong></span> 
     </span>
    </p>
   </div>
   <div class='ocr_carea' id='block_1_13' title="bbox 416 1209 1987 1286">
    <p class='ocr_par' dir='ltr' id='par_1_13' title="bbox 416 1209 1987 1286">
     <span class='ocr_line' id='line_1_13' title="bbox 416 1209 1987 1286; baseline -0.011 -10"><span class='ocrx_word' id='word_1_74' title='bbox 416 1238 567 1276; x_wconf 87' lang='lat' dir='ltr'><strong>mum</strong></span> <span class='ocrx_word' id='word_1_75' title='bbox 603 1228 705 1280; x_wconf 76' lang='lat' dir='ltr'><strong>est,</strong></span> <span class='ocrx_word' id='word_1_76' title='bbox 744 1220 889 1286; x_wconf 82' lang='lat' dir='ltr'><strong>quod</strong></span> <span class='ocrx_word' id='word_1_77' title='bbox 944 1215 1147 1269; x_wconf 82' lang='lat' dir='ltr'><strong>ihidcm</strong></span> <span class='ocrx_word' id='word_1_78' title='bbox 1202 1210 1564 1280; x_wconf 75' lang='lat' dir='ltr'><strong>reprehendit</strong></span> <span class='ocrx_word' id='word_1_79' title='bbox 1606 1209 1987 1279; x_wconf 66' lang='lat' dir='ltr'><strong>Parltynier:s.</strong></span> 
     </span>
    </p>
   </div>
   <div class='ocr_carea' id='block_1_14' title="bbox 417 1302 1994 1394">
    <p class='ocr_par' dir='ltr' id='par_1_14' title="bbox 417 1302 1994 1394">
     <span class='ocr_line' id='line_1_14' title="bbox 417 1302 1994 1394; baseline -0.012 -26"><span class='ocrx_word' id='word_1_80' title='bbox 417 1318 553 1369; x_wconf 72' lang='lat' dir='ltr'><strong>(lum</strong></span> <span class='ocrx_word' id='word_1_81' title='bbox 620 1326 885 1381; x_wconf 69' lang='lat' dir='ltr'><strong>praetcrea</strong></span> <span class='ocrx_word' id='word_1_82' title='bbox 952 1310 1083 1360; x_wconf 84' lang='lat' dir='ltr'><strong>nihil</strong></span> <span class='ocrx_word' id='word_1_83' title='bbox 1134 1304 1322 1374; x_wconf 64' lang='lat' dir='ltr'><strong>alliget</strong></span> <span class='ocrx_word' id='word_1_84' title='bbox 1382 1302 1532 1357; x_wconf 80' lang='lat' dir='ltr'><strong>aliud</strong></span> <span class='ocrx_word' id='word_1_85' title='bbox 1596 1302 1845 1394; x_wconf 73' lang='lat' dir='ltr'><strong>Cyprius,</strong></span> <span class='ocrx_word' id='word_1_86' title='bbox 1898 1314 1994 1351; x_wconf 84' lang='lat' dir='ltr'><strong>cur</strong></span> 
     </span>
    </p>
   </div>
   <div class='ocr_carea' id='block_1_15' title="bbox 416 1395 1993 1475">
    <p class='ocr_par' dir='ltr' id='par_1_15' title="bbox 416 1395 1993 1475">
     <span class='ocr_line' id='line_1_15' title="bbox 416 1395 1993 1475; baseline -0.01 -14"><span class='ocrx_word' id='word_1_87' title='bbox 416 1407 707 1467; x_wconf 79' lang='lat' dir='ltr'><strong>cedendum</strong></span> <span class='ocrx_word' id='word_1_88' title='bbox 741 1407 852 1458; x_wconf 77' lang='lat' dir='ltr'><strong>loco</strong></span> <span class='ocrx_word' id='word_1_89' title='bbox 903 1411 1138 1475; x_wconf 84' lang='lat' dir='ltr'><strong>putaret,</strong></span> <span class='ocrx_word' id='word_1_90' title='bbox 1168 1400 1274 1453; x_wconf 79' lang='lat' dir='ltr'><strong>nisi</strong></span> <span class='ocrx_word' id='word_1_91' title='bbox 1304 1414 1449 1468; x_wconf 85' lang='lat' dir='ltr'><strong>spem</strong></span> <span class='ocrx_word' id='word_1_92' title='bbox 1497 1395 1848 1450; x_wconf 69' lang='lat' dir='ltr'><strong>concilianda:</strong></span> <span class='ocrx_word' id='word_1_93' title='bbox 1894 1395 1993 1446; x_wconf 85' lang='lat' dir='ltr'><strong>isto</strong></span> 
     </span>
    </p>
   </div>
   <div class='ocr_carea' id='block_1_16' title="bbox 418 1489 1994 1567">
    <p class='ocr_par' dir='ltr' id='par_1_16' title="bbox 418 1489 1994 1567">
     <span class='ocr_line' id='line_1_16' title="bbox 418 1489 1994 1567; baseline -0.01 -10"><span class='ocrx_word' id='word_1_94' title='bbox 418 1504 572 1557; x_wconf 88' lang='lat' dir='ltr'><strong>modo</strong></span> <span class='ocrx_word' id='word_1_95' title='bbox 602 1500 972 1555; x_wconf 74' lang='lat' dir='ltr'><strong>dissidentium</strong></span> <span class='ocrx_word' id='word_1_96' title='bbox 1001 1498 1147 1567; x_wconf 77' lang='lat' dir='ltr'><strong>pacis</strong></span> <span class='ocrx_word' id='word_1_97' title='bbox 1180 1495 1307 1564; x_wconf 86' lang='lat' dir='ltr'><strong>(alia</strong></span> <span class='ocrx_word' id='word_1_98' title='bbox 1340 1490 1791 1562; x_wconf 87' lang='lat' dir='ltr'><strong>reprehensionis</strong></span> <span class='ocrx_word' id='word_1_99' title='bbox 1817 1489 1994 1557; x_wconf 83' lang='lat' dir='ltr'><strong>capita</strong></span> 
     </span>
    </p>
   </div>
   <div class='ocr_carea' id='block_1_17' title="bbox 417 1581 1994 1667">
    <p class='ocr_par' dir='ltr' id='par_1_17' title="bbox 417 1581 1994 1667">
     <span class='ocr_line' id='line_1_17' title="bbox 417 1581 1994 1667; baseline -0.01 -18"><span class='ocrx_word' id='word_1_100' title='bbox 417 1596 603 1667; x_wconf 84' lang='lat' dir='ltr'><strong>prodit</strong></span> <span class='ocrx_word' id='word_1_101' title='bbox 650 1593 1022 1658; x_wconf 83' lang='lat' dir='ltr'><strong>historicus),</strong></span> <span class='ocrx_word' id='word_1_102' title='bbox 1074 1588 1395 1659; x_wconf 74' lang='lat' dir='ltr'><strong>relinquebat</strong></span> <span class='ocrx_word' id='word_1_103' title='bbox 1440 1586 1541 1639; x_wconf 85' lang='lat' dir='ltr'><strong>sibi</strong></span> <span class='ocrx_word' id='word_1_104' title='bbox 1571 1592 1746 1637; x_wconf 83' lang='lat' dir='ltr'><strong>astute</strong></span> <span class='ocrx_word' id='word_1_105' title='bbox 1784 1584 1877 1653; x_wconf 88' lang='lat' dir='ltr'><strong>jus</strong></span> <span class='ocrx_word' id='word_1_106' title='bbox 1926 1581 1994 1635; x_wconf 87' lang='lat' dir='ltr'><strong>ad</strong></span> 
     </span>
    </p>
   </div>
   <div class='ocr_carea' id='block_1_18' title="bbox 415 1674 1997 1755">
    <p class='ocr_par' dir='ltr' id='par_1_18' title="bbox 415 1674 1997 1755">
     <span class='ocr_line' id='line_1_18' title="bbox 415 1674 1997 1755; baseline -0.009 -13"><span class='ocrx_word' id='word_1_107' title='bbox 415 1689 589 1743; x_wconf 83' lang='lat' dir='ltr'><strong>sedem</strong></span> <span class='ocrx_word' id='word_1_108' title='bbox 622 1690 912 1755; x_wconf 83' lang='lat' dir='ltr'><strong>integrum,</strong></span> <span class='ocrx_word' id='word_1_109' title='bbox 943 1684 988 1736; x_wconf 89' lang='lat' dir='ltr'><strong>si</strong></span> <span class='ocrx_word' id='word_1_110' title='bbox 1026 1683 1183 1752; x_wconf 81' lang='lat' dir='ltr'><strong>(quod</strong></span> <span class='ocrx_word' id='word_1_111' title='bbox 1217 1681 1432 1733; x_wconf 83' lang='lat' dir='ltr'><strong>omnino</strong></span> <span class='ocrx_word' id='word_1_112' title='bbox 1469 1680 1709 1748; x_wconf 79' lang='lat' dir='ltr'><strong>futurum</strong></span> <span class='ocrx_word' id='word_1_113' title='bbox 1737 1674 1997 1747; x_wconf 79' lang='lat' dir='ltr'><strong>opinaba-</strong></span> 
     </span>
    </p>
   </div>
   <div class='ocr_carea' id='block_1_19' title="bbox 2091 470 3675 545">
    <p class='ocr_par' dir='ltr' id='par_1_19' title="bbox 2091 470 3675 545">
     <span class='ocr_line' id='line_1_19' title="bbox 2091 470 3675 545; baseline -0.003 -20"><span class='ocrx_word' id='word_1_114' title='bbox 2091 473 2471 527; x_wconf 84' lang='lat' dir='ltr'><strong>monasteriolo</strong></span> <span class='ocrx_word' id='word_1_115' title='bbox 2508 474 2784 539; x_wconf 72' lang='lat' dir='ltr'><strong>Aristium,</strong></span> <span class='ocrx_word' id='word_1_116' title='bbox 2817 474 2928 545; x_wconf 75' lang='lat' dir='ltr'><strong>agit</strong></span> <span class='ocrx_word' id='word_1_117' title='bbox 2964 474 3281 543; x_wconf 79' lang='lat' dir='ltr'><strong>Ducangius</strong></span> <span class='ocrx_word' id='word_1_118' title='bbox 3321 472 3376 527; x_wconf 88' lang='lat' dir='ltr'><strong>in</strong></span> <span class='ocrx_word' id='word_1_119' title='bbox 3411 470 3675 526; x_wconf 82' lang='lat' dir='ltr'><strong>Constan-</strong></span> 
     </span>
    </p>
   </div>
   <div class='ocr_carea' id='block_1_20' title="bbox 2093 562 3677 630">
    <p class='ocr_par' dir='ltr' id='par_1_20' title="bbox 2093 562 3677 630">
     <span class='ocr_line' id='line_1_20' title="bbox 2093 562 3677 630; baseline -0.004 -14"><span class='ocrx_word' id='word_1_120' title='bbox 2093 564 2318 630; x_wconf 86' lang='lat' dir='ltr'><strong>tinopoli</strong></span> <span class='ocrx_word' id='word_1_121' title='bbox 2350 564 2681 627; x_wconf 80' lang='lat' dir='ltr'><strong>Christiana,</strong></span> <span class='ocrx_word' id='word_1_122' title='bbox 2711 565 2855 620; x_wconf 88' lang='lat' dir='ltr'><strong>libro</strong></span> <span class='ocrx_word' id='word_1_123' title='bbox 2884 580 2957 629; x_wconf 88' lang='lat' dir='ltr'><strong>Iv,</strong></span> <span class='ocrx_word' id='word_1_124' title='bbox 2990 572 3125 618; x_wconf 85' lang='lat' dir='ltr'><strong>sect.</strong></span> <span class='ocrx_word' id='word_1_125' title='bbox 3165 563 3219 628; x_wconf 82' lang='lat'><strong>5,</strong></span> <span class='ocrx_word' id='word_1_126' title='bbox 3250 578 3402 616; x_wconf 86' lang='lat' dir='ltr'><strong>num.</strong></span> <span class='ocrx_word' id='word_1_127' title='bbox 3426 562 3480 627; x_wconf 84' lang='lat'><strong>5,</strong></span> <span class='ocrx_word' id='word_1_128' title='bbox 3509 571 3564 612; x_wconf 87' lang='lat' dir='ltr'><strong>ct</strong></span> <span class='ocrx_word' id='word_1_129' title='bbox 3591 576 3677 611; x_wconf 82' lang='lat' dir='ltr'><strong>sc-</strong></span> 
     </span>
    </p>
   </div>
   <div class='ocr_carea' id='block_1_21' title="bbox 2086 656 3673 726">
    <p class='ocr_par' dir='ltr' id='par_1_21' title="bbox 2086 656 3673 726">
     <span class='ocr_line' id='line_1_21' title="bbox 2086 656 3673 726; baseline -0.004 -15"><span class='ocrx_word' id='word_1_130' title='bbox 2086 657 2276 711; x_wconf 88' lang='lat' dir='ltr'><strong>ctione</strong></span> <span class='ocrx_word' id='word_1_131' title='bbox 2305 660 2358 720; x_wconf 88' lang='lat'><strong>7,</strong></span> <span class='ocrx_word' id='word_1_132' title='bbox 2404 673 2555 711; x_wconf 88' lang='lat' dir='ltr'><strong>num.</strong></span> <span class='ocrx_word' id='word_1_133' title='bbox 2584 658 2640 712; x_wconf 87' lang='lat'><strong>8.</strong></span> <span class='ocrx_word' id='word_1_134' title='bbox 2678 656 2759 710; x_wconf 80' lang='lat' dir='ltr'><strong>Ad</strong></span> <span class='ocrx_word' id='word_1_135' title='bbox 2794 657 3111 712; x_wconf 77' lang='lat' dir='ltr'><strong>Raulwnam</strong></span> <span class='ocrx_word' id='word_1_136' title='bbox 3156 657 3673 726; x_wconf 73' lang='lat' dir='ltr'><strong>protorestiarissam</strong></span> 
     </span>
    </p>
   </div>
   <div class='ocr_carea' id='block_1_22' title="bbox 2091 748 3677 821">
    <p class='ocr_par' dir='ltr' id='par_1_22' title="bbox 2091 748 3677 821">
     <span class='ocr_line' id='line_1_22' title="bbox 2091 748 3677 821; baseline -0.001 -19"><span class='ocrx_word' id='word_1_137' title='bbox 2091 750 2281 818; x_wconf 80' lang='lat' dir='ltr'><strong>plures</strong></span> <span class='ocrx_word' id='word_1_138' title='bbox 2312 750 2371 802; x_wconf 86' lang='lat' dir='ltr'><strong>in</strong></span> <span class='ocrx_word' id='word_1_139' title='bbox 2414 749 2606 805; x_wconf 78' lang='lat' dir='ltr'><strong>codice</strong></span> <span class='ocrx_word' id='word_1_140' title='bbox 2636 761 2832 805; x_wconf 87' lang='lat' dir='ltr'><strong>nostro</strong></span> <span class='ocrx_word' id='word_1_141' title='bbox 2857 760 3079 807; x_wconf 80' lang='lat' dir='ltr'><strong>exstant</strong></span> <span class='ocrx_word' id='word_1_142' title='bbox 3111 767 3144 806; x_wconf 86' lang='lat' dir='ltr'><strong>a</strong></span> <span class='ocrx_word' id='word_1_143' title='bbox 3177 750 3444 821; x_wconf 73' lang='lat' dir='ltr'><strong>Gregorio</strong></span> <span class='ocrx_word' id='word_1_144' title='bbox 3470 748 3677 820; x_wconf 71' lang='lat' dir='ltr'><strong>Cyprio</strong></span> 
     </span>
    </p>
   </div>
   <div class='ocr_carea' id='block_1_23' title="bbox 2092 841 2546 909">
    <p class='ocr_par' dir='ltr' id='par_1_23' title="bbox 2092 841 2546 909">
     <span class='ocr_line' id='line_1_23' title="bbox 2092 841 2546 909; baseline -0.002 -14"><span class='ocrx_word' id='word_1_145' title='bbox 2092 842 2231 895; x_wconf 67' lang='lat' dir='ltr'><strong>datae</strong></span> <span class='ocrx_word' id='word_1_146' title='bbox 2272 841 2546 909; x_wconf 64' lang='lat' dir='ltr'><strong>Epistolas.</strong></span> 
     </span>
    </p>
   </div>
   <div class='ocr_carea' id='block_1_24' title="bbox 2167 933 3677 1003">
    <p class='ocr_par' dir='ltr' id='par_1_24' title="bbox 2167 933 3677 1003">
     <span class='ocr_line' id='line_1_24' title="bbox 2167 933 3677 1003; baseline -0.001 -16"><span class='ocrx_word' id='word_1_147' title='bbox 2167 936 2265 988; x_wconf 80' lang='lat' dir='ltr'><strong>His</strong></span> <span class='ocrx_word' id='word_1_148' title='bbox 2333 936 2628 989; x_wconf 81' lang='lat' dir='ltr'><strong>defunctus</strong></span> <span class='ocrx_word' id='word_1_149' title='bbox 2683 934 2857 997; x_wconf 90' lang='lat' dir='ltr'><strong>curis,</strong></span> <span class='ocrx_word' id='word_1_150' title='bbox 2912 935 3092 990; x_wconf 84' lang='lat' dir='ltr'><strong>semel</strong></span> <span class='ocrx_word' id='word_1_151' title='bbox 3148 949 3212 989; x_wconf 89' lang='lat' dir='ltr'><strong>ae</strong></span> <span class='ocrx_word' id='word_1_152' title='bbox 3265 935 3494 999; x_wconf 80' lang='lat' dir='ltr'><strong>iterum,</strong></span> <span class='ocrx_word' id='word_1_153' title='bbox 3554 933 3677 1003; x_wconf 82' lang='lat' dir='ltr'><strong>pln-</strong></span> 
     </span>
    </p>
   </div>
   <div class='ocr_carea' id='block_1_25' title="bbox 2094 1027 3680 1099">
    <p class='ocr_par' dir='ltr' id='par_1_25' title="bbox 2094 1027 3680 1099">
     <span class='ocr_line' id='line_1_25' title="bbox 2094 1027 3680 1099; baseline -0.004 -15"><span class='ocrx_word' id='word_1_154' title='bbox 2094 1030 2319 1099; x_wconf 82' lang='lat' dir='ltr'><strong>riesque</strong></span> <span class='ocrx_word' id='word_1_155' title='bbox 2345 1040 2657 1083; x_wconf 71' lang='lat' dir='ltr'><strong>contentus</strong></span> <span class='ocrx_word' id='word_1_156' title='bbox 2689 1028 2972 1083; x_wconf 79' lang='lat' dir='ltr'><strong>indicebat</strong></span> <span class='ocrx_word' id='word_1_157' title='bbox 3019 1028 3347 1094; x_wconf 87' lang='lat' dir='ltr'><strong>imperator,</strong></span> <span class='ocrx_word' id='word_1_158' title='bbox 3382 1029 3436 1080; x_wconf 90' lang='lat' dir='ltr'><strong>in</strong></span> <span class='ocrx_word' id='word_1_159' title='bbox 3474 1027 3680 1096; x_wconf 81' lang='lat' dir='ltr'><strong>quibus</strong></span> 
     </span>
    </p>
   </div>
   <div class='ocr_carea' id='block_1_26' title="bbox 2096 1124 3676 1189">
    <p class='ocr_par' dir='ltr' id='par_1_26' title="bbox 2096 1124 3676 1189">
     <span class='ocr_line' id='line_1_26' title="bbox 2096 1124 3676 1189; baseline -0.003 -8"><span class='ocrx_word' id='word_1_160' title='bbox 2096 1127 2401 1181; x_wconf 87' lang='lat' dir='ltr'><strong>multormn</strong></span> <span class='ocrx_word' id='word_1_161' title='bbox 2453 1136 2691 1180; x_wconf 86' lang='lat' dir='ltr'><strong>conatus</strong></span> <span class='ocrx_word' id='word_1_162' title='bbox 2727 1125 3015 1179; x_wconf 80' lang='lat' dir='ltr'><strong>adhibitus</strong></span> <span class='ocrx_word' id='word_1_163' title='bbox 3047 1134 3154 1189; x_wconf 88' lang='lat' dir='ltr'><strong>est,</strong></span> <span class='ocrx_word' id='word_1_164' title='bbox 3215 1125 3375 1179; x_wconf 88' lang='lat' dir='ltr'><strong>irrito</strong></span> <span class='ocrx_word' id='word_1_165' title='bbox 3416 1137 3567 1187; x_wconf 86' lang='lat' dir='ltr'><strong>voto,</strong></span> <span class='ocrx_word' id='word_1_166' title='bbox 3608 1124 3676 1176; x_wconf 84' lang='lat' dir='ltr'><strong>ad</strong></span> 
     </span>
    </p>
   </div>
   <div class='ocr_carea' id='block_1_27' title="bbox 2097 1216 3679 1288">
    <p class='ocr_par' dir='ltr' id='par_1_27' title="bbox 2097 1216 3679 1288">
     <span class='ocr_line' id='line_1_27' title="bbox 2097 1216 3679 1288; baseline -0.001 -15"><span class='ocrx_word' id='word_1_167' title='bbox 2097 1221 2504 1274; x_wconf 83' lang='lat' dir='ltr'><strong>correctionem</strong></span> <span class='ocrx_word' id='word_1_168' title='bbox 2537 1220 2695 1273; x_wconf 86' lang='lat' dir='ltr'><strong>Tomi</strong></span> <span class='ocrx_word' id='word_1_169' title='bbox 2727 1234 2758 1271; x_wconf 87' lang='lat' dir='ltr'><strong>a</strong></span> <span class='ocrx_word' id='word_1_170' title='bbox 2790 1217 3057 1288; x_wconf 79' lang='lat' dir='ltr'><strong>Gregorio</strong></span> <span class='ocrx_word' id='word_1_171' title='bbox 3089 1216 3251 1272; x_wconf 87' lang='lat' dir='ltr'><strong>editi.</strong></span> <span class='ocrx_word' id='word_1_172' title='bbox 3286 1216 3441 1271; x_wconf 84' lang='lat' dir='ltr'><strong>Dicta</strong></span> <span class='ocrx_word' id='word_1_173' title='bbox 3491 1216 3679 1270; x_wconf 86' lang='lat' dir='ltr'><strong>recole</strong></span> 
     </span>
    </p>
   </div>
   <div class='ocr_carea' id='block_1_28' title="bbox 2096 1311 3677 1381">
    <p class='ocr_par' dir='ltr' id='par_1_28' title="bbox 2096 1311 3677 1381">
     <span class='ocr_line' id='line_1_28' title="bbox 2096 1311 3677 1381; baseline -0.003 -14"><span class='ocrx_word' id='word_1_174' title='bbox 2096 1314 2283 1381; x_wconf 83' lang='lat' dir='ltr'><strong>capite</strong></span> <span class='ocrx_word' id='word_1_175' title='bbox 2310 1313 2621 1380; x_wconf 81' lang='lat' dir='ltr'><strong>superiore,</strong></span> <span class='ocrx_word' id='word_1_176' title='bbox 2658 1327 2814 1365; x_wconf 91' lang='lat' dir='ltr'><strong>num.</strong></span> <span class='ocrx_word' id='word_1_177' title='bbox 2849 1311 2902 1366; x_wconf 70' lang='grc'><strong>4.</strong></span> <span class='ocrx_word' id='word_1_178' title='bbox 2937 1311 3231 1377; x_wconf 61' lang='lat' dir='ltr'><strong>[actiones</strong></span> <span class='ocrx_word' id='word_1_179' title='bbox 3264 1312 3319 1365; x_wconf 91' lang='lat' dir='ltr'><strong>in</strong></span> <span class='ocrx_word' id='word_1_180' title='bbox 3351 1312 3490 1364; x_wconf 82' lang='lat' dir='ltr'><strong>duas</strong></span> <span class='ocrx_word' id='word_1_181' title='bbox 3515 1313 3677 1364; x_wconf 23' lang='lat' dir='ltr'><strong>Arser</strong></span> 
     </span>
    </p>
   </div>
   <div class='ocr_carea' id='block_1_29' title="bbox 2098 1403 3682 1472">
    <p class='ocr_par' dir='ltr' id='par_1_29' title="bbox 2098 1403 3682 1472">
     <span class='ocr_line' id='line_1_29' title="bbox 2098 1403 3682 1472; baseline -0.002 -14"><span class='ocrx_word' id='word_1_182' title='bbox 2098 1404 2248 1458; x_wconf 82' lang='lat' dir='ltr'><strong>niani</strong></span> <span class='ocrx_word' id='word_1_183' title='bbox 2307 1404 2524 1457; x_wconf 76' lang='lat' dir='ltr'><strong>discissi</strong></span> <span class='ocrx_word' id='word_1_184' title='bbox 2575 1403 3065 1457; x_wconf 85' lang='lat' dir='ltr'><strong>tumultuabantur</strong></span> <span class='ocrx_word' id='word_1_185' title='bbox 3116 1421 3133 1457; x_wconf 90' lang='lat'><strong>:</strong></span> <span class='ocrx_word' id='word_1_186' title='bbox 3189 1416 3495 1472; x_wconf 88' lang='lat' dir='ltr'><strong>eorumque</strong></span> <span class='ocrx_word' id='word_1_187' title='bbox 3542 1416 3682 1456; x_wconf 90' lang='lat' dir='ltr'><strong>cou-</strong></span> 
     </span>
    </p>
   </div>
   <div class='ocr_carea' id='block_1_30' title="bbox 2097 1494 3681 1566">
    <p class='ocr_par' dir='ltr' id='par_1_30' title="bbox 2097 1494 3681 1566">
     <span class='ocr_line' id='line_1_30' title="bbox 2097 1494 3681 1566; baseline -0.003 -15"><span class='ocrx_word' id='word_1_188' title='bbox 2097 1495 2285 1551; x_wconf 81' lang='lat' dir='ltr'><strong>cordia</strong></span> <span class='ocrx_word' id='word_1_189' title='bbox 2310 1498 2529 1566; x_wconf 81' lang='lat' dir='ltr'><strong>synodis</strong></span> <span class='ocrx_word' id='word_1_190' title='bbox 2559 1496 2921 1565; x_wconf 73' lang='lat' dir='ltr'><strong>frequentibus</strong></span> <span class='ocrx_word' id='word_1_191' title='bbox 2961 1494 3195 1549; x_wconf 80' lang='lat' dir='ltr'><strong>collectis</strong></span> <span class='ocrx_word' id='word_1_192' title='bbox 3227 1497 3631 1564; x_wconf 85' lang='lat' dir='ltr'><strong>procurabatur</strong></span> <span class='ocrx_word' id='word_1_193' title='bbox 3662 1510 3681 1547; x_wconf 89' lang='lat'><strong>:</strong></span> 
     </span>
    </p>
   </div>
   <div class='ocr_carea' id='block_1_31' title="bbox 2103 1588 3684 1658">
    <p class='ocr_par' dir='ltr' id='par_1_31' title="bbox 2103 1588 3684 1658">
     <span class='ocr_line' id='line_1_31' title="bbox 2103 1588 3684 1658; baseline -0.001 -15"><span class='ocrx_word' id='word_1_194' title='bbox 2103 1609 2121 1643; x_wconf 76' lang='grc' dir='ltr'>ι</span> <span class='ocrx_word' id='word_1_195' title='bbox 2157 1589 2445 1645; x_wconf 85' lang='lat' dir='ltr'><strong>lnstabant</strong></span> <span class='ocrx_word' id='word_1_196' title='bbox 2480 1590 2583 1655; x_wconf 91' lang='lat' dir='ltr'><strong>illi,</strong></span> <span class='ocrx_word' id='word_1_197' title='bbox 2613 1601 2674 1644; x_wconf 93' lang='lat' dir='ltr'><strong>ut</strong></span> <span class='ocrx_word' id='word_1_198' title='bbox 2706 1588 3010 1644; x_wconf 87' lang='lat' dir='ltr'><strong>declaratio</strong></span> <span class='ocrx_word' id='word_1_199' title='bbox 3036 1589 3214 1651; x_wconf 78' lang='lat' dir='ltr'><strong>ﬁeret,</strong></span> <span class='ocrx_word' id='word_1_200' title='bbox 3244 1588 3550 1658; x_wconf 82' lang='lat' dir='ltr'><strong>Josepbum</strong></span> <span class='ocrx_word' id='word_1_201' title='bbox 3576 1602 3684 1642; x_wconf 89' lang='lat' dir='ltr'><strong>nec</strong></span> 
     </span>
    </p>
   </div>
   <div class='ocr_carea' id='block_1_32' title="bbox 2101 1681 3686 1751">
    <p class='ocr_par' dir='ltr' id='par_1_32' title="bbox 2101 1681 3686 1751">
     <span class='ocr_line' id='line_1_32' title="bbox 2101 1681 3686 1751; baseline -0.003 -13"><span class='ocrx_word' id='word_1_202' title='bbox 2101 1699 2318 1748; x_wconf 88' lang='lat' dir='ltr'><strong>verum,</strong></span> <span class='ocrx_word' id='word_1_203' title='bbox 2350 1698 2454 1737; x_wconf 83' lang='lat' dir='ltr'><strong>nec</strong></span> <span class='ocrx_word' id='word_1_204' title='bbox 2484 1682 2792 1751; x_wconf 80' lang='lat' dir='ltr'><strong>legitimum</strong></span> <span class='ocrx_word' id='word_1_205' title='bbox 2833 1681 3009 1737; x_wconf 74' lang='lat' dir='ltr'><strong>fuisse</strong></span> <span class='ocrx_word' id='word_1_206' title='bbox 3040 1681 3436 1749; x_wconf 81' lang='lat' dir='ltr'><strong>patr‘iarcham.</strong></span> <span class='ocrx_word' id='word_1_207' title='bbox 3483 1682 3686 1735; x_wconf 83' lang='lat' dir='ltr'><strong>Postu-</strong></span> 
     </span>
    </p>
   </div>
   <div class='ocr_carea' id='block_1_33' title="bbox 419 1762 3685 1846">
    <p class='ocr_par' dir='ltr' id='par_1_33' title="bbox 419 1762 3685 1846">
     <span class='ocr_line' id='line_1_33' title="bbox 419 1762 3685 1846; baseline -0.008 -16"><span class='ocrx_word' id='word_1_208' title='bbox 419 1782 551 1844; x_wconf 81' lang='lat' dir='ltr'><strong>tur).</strong></span> <span class='ocrx_word' id='word_1_209' title='bbox 593 1783 709 1846; x_wconf 89' lang='lat' dir='ltr'><strong>post</strong></span> <span class='ocrx_word' id='word_1_210' title='bbox 738 1790 893 1827; x_wconf 86' lang='lat' dir='ltr'><strong>suum</strong></span> <span class='ocrx_word' id='word_1_211' title='bbox 921 1773 1207 1825; x_wconf 73' lang='lat' dir='ltr'><strong>discessum</strong></span> <span class='ocrx_word' id='word_1_212' title='bbox 1238 1769 1534 1823; x_wconf 71' lang='lat' dir='ltr'><strong>certamina</strong></span> <span class='ocrx_word' id='word_1_213' title='bbox 1559 1768 1852 1838; x_wconf 79' lang='lat' dir='ltr'><strong>[actionum</strong></span> <span class='ocrx_word' id='word_1_214' title='bbox 1893 1781 1997 1819; x_wconf 83' lang='lat' dir='ltr'><strong>non</strong></span> <span class='ocrx_word' id='word_1_215' title='bbox 2032 1762 2070 1815; x_wconf 82' lang='grc' dir='ltr'><strong><em>Β</em></strong></span> <span class='ocrx_word' id='word_1_216' title='bbox 2101 1775 2289 1829; x_wconf 66' lang='lat' dir='ltr'><strong>tabam</strong></span> <span class='ocrx_word' id='word_1_217' title='bbox 2342 1784 2639 1843; x_wconf 49' lang='lat' dir='ltr'><strong>pater“,</strong></span> <span class='ocrx_word' id='word_1_218' title='bbox 2687 1773 2939 1827; x_wconf 63' lang='lat' dir='ltr'><strong>damnari</strong></span> <span class='ocrx_word' id='word_1_219' title='bbox 2988 1772 3186 1843; x_wconf 62' lang='lat' dir='ltr'><strong>dngma</strong></span> <span class='ocrx_word' id='word_1_220' title='bbox 3242 1771 3525 1835; x_wconf 46' lang='lat' dir='ltr'><strong>Ecclesia,</strong></span> <span class='ocrx_word' id='word_1_221' title='bbox 3569 1786 3685 1840; x_wconf 70' lang='lat' dir='ltr'><strong>quo</strong></span> 
     </span>
    </p>
   </div>
   <div class='ocr_carea' id='block_1_34' title="bbox 418 1860 1995 1940">
    <p class='ocr_par' dir='ltr' id='par_1_34' title="bbox 418 1860 1995 1940">
     <span class='ocr_line' id='line_1_34' title="bbox 418 1860 1995 1940; baseline -0.008 -17"><span class='ocrx_word' id='word_1_222' title='bbox 418 1870 761 1940; x_wconf 76' lang='lat' dir='ltr'><strong>quievisscnt.</strong></span> <span class='ocrx_word' id='word_1_223' title='bbox 795 1866 990 1932; x_wconf 79' lang='lat' dir='ltr'><strong>Quidni</strong></span> <span class='ocrx_word' id='word_1_224' title='bbox 1023 1866 1184 1927; x_wconf 80' lang='lat' dir='ltr'><strong>enim,</strong></span> <span class='ocrx_word' id='word_1_225' title='bbox 1215 1864 1306 1932; x_wconf 89' lang='lat' dir='ltr'><strong>qui</strong></span> <span class='ocrx_word' id='word_1_226' title='bbox 1333 1863 1528 1916; x_wconf 80' lang='lat' dir='ltr'><strong>diserte</strong></span> <span class='ocrx_word' id='word_1_227' title='bbox 1552 1860 1817 1931; x_wconf 74' lang='lat' dir='ltr'><strong>professus</strong></span> <span class='ocrx_word' id='word_1_228' title='bbox 1840 1869 1995 1934; x_wconf 82' lang='lat' dir='ltr'><strong>esset,</strong></span> 
     </span>
    </p>
   </div>
   <div class='ocr_carea' id='block_1_35' title="bbox 418 1931 1998 2023">
    <p class='ocr_par' dir='ltr' id='par_1_35' title="bbox 418 1950 1998 2023">
     <span class='ocr_line' id='line_1_35' title="bbox 418 1950 1998 2023; baseline -0.008 -9"><span class='ocrx_word' id='word_1_229' title='bbox 418 1959 561 2014; x_wconf 81' lang='lat' dir='ltr'><strong>haud</strong></span> <span class='ocrx_word' id='word_1_230' title='bbox 592 1976 646 2013; x_wconf 82' lang='lat' dir='ltr'><strong>se</strong></span> <span class='ocrx_word' id='word_1_231' title='bbox 679 1959 987 2011; x_wconf 73' lang='lat' dir='ltr'><strong>renuntiare</strong></span> <span class='ocrx_word' id='word_1_232' title='bbox 1011 1954 1330 2018; x_wconf 84' lang='lat' dir='ltr'><strong>sacerdotio,</strong></span> <span class='ocrx_word' id='word_1_233' title='bbox 1394 1968 1498 2023; x_wconf 87' lang='lat' dir='ltr'><strong>quo</strong></span> <span class='ocrx_word' id='word_1_234' title='bbox 1528 1950 1679 2005; x_wconf 86' lang='lat' dir='ltr'><strong>nulla</strong></span> <span class='ocrx_word' id='word_1_235' title='bbox 1724 1950 1998 2004; x_wconf 82' lang='lat' dir='ltr'><strong>meruisset</strong></span> 
     </span>
    </p>
   </div>
   <div class='ocr_carea' id='block_1_36' title="bbox 419 2042 2002 2124">
    <p class='ocr_par' dir='ltr' id='par_1_36' title="bbox 419 2042 2002 2124">
     <span class='ocr_line' id='line_1_36' title="bbox 419 2042 2002 2124; baseline -0.008 -17"><span class='ocrx_word' id='word_1_236' title='bbox 419 2052 580 2124; x_wconf 83' lang='lat' dir='ltr'><strong>culpa</strong></span> <span class='ocrx_word' id='word_1_237' title='bbox 618 2052 844 2124; x_wconf 81' lang='lat' dir='ltr'><strong>privari,</strong></span> <span class='ocrx_word' id='word_1_238' title='bbox 874 2050 1168 2121; x_wconf 80' lang='lat' dir='ltr'><strong>legitimum</strong></span> <span class='ocrx_word' id='word_1_239' title='bbox 1195 2048 1295 2102; x_wconf 84' lang='lat' dir='ltr'><strong>sibi</strong></span> <span class='ocrx_word' id='word_1_240' title='bbox 1321 2054 1504 2118; x_wconf 78' lang='lat' dir='ltr'><strong>patere</strong></span> <span class='ocrx_word' id='word_1_241' title='bbox 1549 2045 1619 2098; x_wconf 87' lang='lat' dir='ltr'><strong>ad</strong></span> <span class='ocrx_word' id='word_1_242' title='bbox 1648 2051 1827 2099; x_wconf 75' lang='lat' dir='ltr'><strong>sedem</strong></span> <span class='ocrx_word' id='word_1_243' title='bbox 1859 2042 2002 2096; x_wconf 79' lang='lat' dir='ltr'><strong>redi—</strong></span> 
     </span>
    </p>
   </div>
   <div class='ocr_carea' id='block_1_37' title="bbox 419 2138 1998 2210">
    <p class='ocr_par' dir='ltr' id='par_1_37' title="bbox 419 2138 1998 2210">
     <span class='ocr_line' id='line_1_37' title="bbox 419 2138 1998 2210; baseline -0.008 -9"><span class='ocrx_word' id='word_1_244' title='bbox 419 2156 533 2202; x_wconf 87' lang='lat' dir='ltr'><strong>tum</strong></span> <span class='ocrx_word' id='word_1_245' title='bbox 580 2144 965 2201; x_wconf 79' lang='lat' dir='ltr'><strong>contenderet?</strong></span> <span class='ocrx_word' id='word_1_246' title='bbox 1008 2144 1078 2198; x_wconf 80' lang='lat' dir='ltr'><strong>At</strong></span> <span class='ocrx_word' id='word_1_247' title='bbox 1124 2142 1447 2210; x_wconf 87' lang='lat' dir='ltr'><strong>imperator,</strong></span> <span class='ocrx_word' id='word_1_248' title='bbox 1480 2148 1535 2192; x_wconf 88' lang='lat' dir='ltr'><strong>et</strong></span> <span class='ocrx_word' id='word_1_249' title='bbox 1579 2138 1813 2191; x_wconf 77' lang='lat' dir='ltr'><strong>maxime</strong></span> <span class='ocrx_word' id='word_1_250' title='bbox 1866 2145 1998 2191; x_wconf 87' lang='lat' dir='ltr'><strong>tunc</strong></span> 
     </span>
    </p>
   </div>
   <div class='ocr_carea' id='block_1_38' title="bbox 419 2230 2003 2304">
    <p class='ocr_par' dir='ltr' id='par_1_38' title="bbox 419 2230 2003 2304">
     <span class='ocr_line' id='line_1_38' title="bbox 419 2230 2003 2304; baseline -0.008 -8"><span class='ocrx_word' id='word_1_251' title='bbox 419 2249 620 2297; x_wconf 89' lang='lat' dir='ltr'><strong>cuncta</strong></span> <span class='ocrx_word' id='word_1_252' title='bbox 684 2240 927 2292; x_wconf 85' lang='lat' dir='ltr'><strong>miscens</strong></span> <span class='ocrx_word' id='word_1_253' title='bbox 981 2235 1349 2304; x_wconf 86' lang='lat' dir='ltr'><strong>Thcoleptus,</strong></span> <span class='ocrx_word' id='word_1_254' title='bbox 1415 2231 1781 2288; x_wconf 71' lang='lat' dir='ltr'><strong>abdicationis</strong></span> <span class='ocrx_word' id='word_1_255' title='bbox 1844 2230 2003 2285; x_wconf 77' lang='lat' dir='ltr'><strong>libel-</strong></span> 
     </span>
    </p>
   </div>
   <div class='ocr_carea' id='block_1_39' title="bbox 421 2323 2003 2401">
    <p class='ocr_par' dir='ltr' id='par_1_39' title="bbox 421 2323 2003 2401">
     <span class='ocr_line' id='line_1_39' title="bbox 421 2323 2003 2401; baseline -0.008 -13"><span class='ocrx_word' id='word_1_256' title='bbox 421 2334 565 2399; x_wconf 87' lang='lat' dir='ltr'><strong>lum,</strong></span> <span class='ocrx_word' id='word_1_257' title='bbox 596 2332 779 2401; x_wconf 85' lang='lat' dir='ltr'><strong>qualis</strong></span> <span class='ocrx_word' id='word_1_258' title='bbox 809 2339 929 2384; x_wconf 86' lang='lat' dir='ltr'><strong>erat</strong></span> <span class='ocrx_word' id='word_1_259' title='bbox 973 2341 1238 2398; x_wconf 87' lang='lat' dir='ltr'><strong>cumque,</strong></span> <span class='ocrx_word' id='word_1_260' title='bbox 1270 2341 1371 2397; x_wconf 91' lang='lat' dir='ltr'><strong>pro</strong></span> <span class='ocrx_word' id='word_1_261' title='bbox 1415 2323 1883 2380; x_wconf 76' lang='lat' dir='ltr'><strong>suﬁicientissimo</strong></span> <span class='ocrx_word' id='word_1_262' title='bbox 1912 2336 2003 2377; x_wconf 83' lang='lat' dir='ltr'><strong>ac-</strong></span> 
     </span>
    </p>
   </div>
   <div class='ocr_carea' id='block_1_40' title="bbox 421 2416 763 2496">
    <p class='ocr_par' dir='ltr' id='par_1_40' title="bbox 421 2416 763 2496">
     <span class='ocr_line' id='line_1_40' title="bbox 421 2416 763 2496; baseline -0.003 -15"><span class='ocrx_word' id='word_1_263' title='bbox 421 2441 636 2496; x_wconf 81' lang='lat' dir='ltr'><strong>cepere.</strong></span> <span class='ocrx_word' id='word_1_264' title='bbox 758 2416 763 2419; x_wconf 68' lang='grc'><em>’</em></span> 
     </span>
    </p>
   </div>
   <div class='ocr_carea' id='block_1_41' title="bbox 494 2505 2001 2579">
    <p class='ocr_par' dir='ltr' id='par_1_41' title="bbox 494 2505 2001 2579">
     <span class='ocr_line' id='line_1_41' title="bbox 494 2505 2001 2579; baseline -0.008 -7"><span class='ocrx_word' id='word_1_265' title='bbox 494 2517 672 2572; x_wconf 74' lang='lat' dir='ltr'><strong>Verba</strong></span> <span class='ocrx_word' id='word_1_266' title='bbox 713 2516 802 2570; x_wconf 84' lang='lat' dir='ltr'><strong>illa</strong></span> <span class='ocrx_word' id='word_1_267' title='bbox 827 2505 1321 2569; x_wconf 81' lang='lat' dir='ltr'><strong>animadvertenda</strong></span> <span class='ocrx_word' id='word_1_268' title='bbox 1364 2520 1515 2576; x_wconf 82' lang='lat' dir='ltr'><strong>sunt,</strong></span> <span class='ocrx_word' id='word_1_269' title='bbox 1558 2511 1675 2573; x_wconf 75' lang='grc' dir='ltr'><strong>ἔτος</strong></span> <span class='ocrx_word' id='word_1_270' title='bbox 1705 2508 1866 2562; x_wconf 64' lang='grc' dir='ltr'><strong>ἔκταξιν</strong></span> <span class='ocrx_word' id='word_1_271' title='bbox 1898 2508 2001 2579; x_wconf 69' lang='grc' dir='ltr'><strong>ἤδη</strong></span> 
     </span>
    </p>
   </div>
   <div class='ocr_carea' id='block_1_42' title="bbox 423 2601 2000 2676">
    <p class='ocr_par' dir='ltr' id='par_1_42' title="bbox 423 2601 2000 2676">
     <span class='ocr_line' id='line_1_42' title="bbox 423 2601 2000 2676; baseline -0.005 -16"><span class='ocrx_word' id='word_1_272' title='bbox 423 2610 520 2660; x_wconf 67' lang='grc' dir='ltr'><strong>καὶ</strong></span> <span class='ocrx_word' id='word_1_273' title='bbox 555 2608 709 2676; x_wconf 64' lang='grc' dir='ltr'><em>πρὶς,</em></span> <span class='ocrx_word' id='word_1_274' title='bbox 746 2622 946 2658; x_wconf 89' lang='lat' dir='ltr'><strong>annum</strong></span> <span class='ocrx_word' id='word_1_275' title='bbox 990 2605 1106 2675; x_wconf 86' lang='lat' dir='ltr'><strong>jam</strong></span> <span class='ocrx_word' id='word_1_276' title='bbox 1162 2611 1390 2663; x_wconf 80' lang='lat' dir='ltr'><strong>sextum,</strong></span> <span class='ocrx_word' id='word_1_277' title='bbox 1446 2608 1495 2654; x_wconf 83' lang='lat' dir='ltr'><strong>et</strong></span> <span class='ocrx_word' id='word_1_278' title='bbox 1547 2604 1686 2669; x_wconf 85' lang='lat' dir='ltr'><strong>quod</strong></span> <span class='ocrx_word' id='word_1_279' title='bbox 1749 2601 2000 2653; x_wconf 65' lang='lat' dir='ltr'><strong>excurrit.</strong></span> 
     </span>
    </p>
   </div>
   <div class='ocr_carea' id='block_1_43' title="bbox 424 2686 2000 2768">
    <p class='ocr_par' dir='ltr' id='par_1_43' title="bbox 424 2686 2000 2768">
     <span class='ocr_line' id='line_1_43' title="bbox 424 2686 2000 2768; baseline -0.007 -11"><span class='ocrx_word' id='word_1_280' title='bbox 424 2686 859 2758; x_wconf 83' lang='lat' dir='ltr'><strong>Patriarcbalem</strong></span> <span class='ocrx_word' id='word_1_281' title='bbox 918 2698 1245 2768; x_wconf 82' lang='lat' dir='ltr'><strong>Gregorium</strong></span> <span class='ocrx_word' id='word_1_282' title='bbox 1297 2693 1687 2750; x_wconf 76' lang='lat' dir='ltr'><strong>conscendisse</strong></span> <span class='ocrx_word' id='word_1_283' title='bbox 1739 2693 2000 2748; x_wconf 86' lang='lat' dir='ltr'><strong>thronum</strong></span> 
     </span>
    </p>
   </div>
   <div class='ocr_carea' id='block_1_44' title="bbox 425 2789 2006 2857">
    <p class='ocr_par' dir='ltr' id='par_1_44' title="bbox 425 2789 2006 2857">
     <span class='ocr_line' id='line_1_44' title="bbox 425 2789 2006 2857; baseline -0.008 -6"><span class='ocrx_word' id='word_1_284' title='bbox 425 2812 573 2851; x_wconf 87' lang='lat' dir='ltr'><strong>anno</strong></span> <span class='ocrx_word' id='word_1_285' title='bbox 607 2795 771 2857; x_wconf 73' lang='lat'><strong>1:183,</strong></span> <span class='ocrx_word' id='word_1_286' title='bbox 809 2808 998 2846; x_wconf 84' lang='lat' dir='ltr'><strong>mense</strong></span> <span class='ocrx_word' id='word_1_287' title='bbox 1037 2790 1257 2853; x_wconf 83' lang='lat' dir='ltr'><strong>Martio,</strong></span> <span class='ocrx_word' id='word_1_288' title='bbox 1307 2789 1697 2855; x_wconf 86' lang='lat' dir='ltr'><strong>initiatumqne</strong></span> <span class='ocrx_word' id='word_1_289' title='bbox 1731 2801 1885 2840; x_wconf 84' lang='lat' dir='ltr'><strong>sacra</strong></span> <span class='ocrx_word' id='word_1_290' title='bbox 1917 2800 2006 2839; x_wconf 92' lang='lat' dir='ltr'><strong>or-</strong></span> 
     </span>
    </p>
   </div>
   <div class='ocr_carea' id='block_1_45' title="bbox 428 2868 2003 2949">
    <p class='ocr_par' dir='ltr' id='par_1_45' title="bbox 428 2868 2003 2949">
     <span class='ocr_line' id='line_1_45' title="bbox 428 2868 2003 2949; baseline -0.01 -6"><span class='ocrx_word' id='word_1_291' title='bbox 428 2868 711 2943; x_wconf 52' lang='lat' dir='ltr'><strong>dinatione</strong></span> <span class='ocrx_word' id='word_1_292' title='bbox 767 2886 960 2939; x_wconf 85' lang='lat' dir='ltr'><strong>eodem</strong></span> <span class='ocrx_word' id='word_1_293' title='bbox 1013 2898 1183 2945; x_wconf 71' lang='lat' dir='ltr'><strong>anno,</strong></span> <span class='ocrx_word' id='word_1_294' title='bbox 1216 2882 1416 2949; x_wconf 81' lang='lat' dir='ltr'><strong>dieque</strong></span> <span class='ocrx_word' id='word_1_295' title='bbox 1467 2880 1748 2931; x_wconf 83' lang='lat' dir='ltr'><strong>undecima</strong></span> <span class='ocrx_word' id='word_1_296' title='bbox 1778 2875 2003 2943; x_wconf 75' lang='lat' dir='ltr'><strong>Aprilis,</strong></span> 
     </span>
    </p>
   </div>
   <div class='ocr_carea' id='block_1_46' title="bbox 430 2970 2001 3043">
    <p class='ocr_par' dir='ltr' id='par_1_46' title="bbox 430 2970 2001 3043">
     <span class='ocr_line' id='line_1_46' title="bbox 430 2970 2001 3043; baseline -0.013 -1"><span class='ocrx_word' id='word_1_297' title='bbox 430 2986 746 3042; x_wconf 82' lang='lat' dir='ltr'><strong>Palmarum</strong></span> <span class='ocrx_word' id='word_1_298' title='bbox 771 2979 1068 3042; x_wconf 84' lang='lat' dir='ltr'><strong>Dominica,</strong></span> <span class='ocrx_word' id='word_1_299' title='bbox 1091 2978 1474 3030; x_wconf 86' lang='lat' dir='ltr'><strong>adnotavimus</strong></span> <span class='ocrx_word' id='word_1_300' title='bbox 1494 2974 1671 3043; x_wconf 82' lang='lat' dir='ltr'><strong>capite</strong></span> <span class='ocrx_word' id='word_1_301' title='bbox 1702 2973 1754 3035; x_wconf 88' lang='lat'><strong>7,</strong></span> <span class='ocrx_word' id='word_1_302' title='bbox 1780 2987 1932 3024; x_wconf 89' lang='lat' dir='ltr'><strong>num.</strong></span> <span class='ocrx_word' id='word_1_303' title='bbox 1957 2970 2001 3022; x_wconf 92' lang='grc' dir='ltr'><strong>Ι.</strong></span> 
     </span>
    </p>
   </div>
   <div class='ocr_carea' id='block_1_47' title="bbox 2101 1861 3687 1937">
    <p class='ocr_par' dir='ltr' id='par_1_47' title="bbox 2101 1861 3687 1937">
     <span class='ocr_line' id='line_1_47' title="bbox 2101 1861 3687 1937; baseline -0.007 -12"><span class='ocrx_word' id='word_1_304' title='bbox 2101 1878 2326 1925; x_wconf 86' lang='lat' dir='ltr'><strong>sanctus</strong></span> <span class='ocrx_word' id='word_1_305' title='bbox 2387 1867 2630 1937; x_wconf 87' lang='lat' dir='ltr'><strong>Spiritus</strong></span> <span class='ocrx_word' id='word_1_306' title='bbox 2677 1881 2742 1919; x_wconf 78' lang='lat' dir='ltr'><strong>ea:</strong></span> <span class='ocrx_word' id='word_1_307' title='bbox 2785 1864 2951 1919; x_wconf 78' lang='lat' dir='ltr'><strong>Patre</strong></span> <span class='ocrx_word' id='word_1_308' title='bbox 2998 1880 3091 1935; x_wconf 86' lang='lat' dir='ltr'><strong>per</strong></span> <span class='ocrx_word' id='word_1_309' title='bbox 3140 1861 3349 1917; x_wconf 75' lang='lat' dir='ltr'><strong>Filium</strong></span> <span class='ocrx_word' id='word_1_310' title='bbox 3402 1862 3687 1933; x_wconf 81' lang='lat' dir='ltr'><strong>procedere</strong></span> 
     </span>
    </p>
   </div>
   <div class='ocr_carea' id='block_1_48' title="bbox 2100 1954 3683 2029">
    <p class='ocr_par' dir='ltr' id='par_1_48' title="bbox 2100 1954 3683 2029">
     <span class='ocr_line' id='line_1_48' title="bbox 2100 1954 3683 2029; baseline -0.006 -11"><span class='ocrx_word' id='word_1_311' title='bbox 2100 1962 2429 2019; x_wconf 69' lang='lat' dir='ltr'><strong>allii-matur.</strong></span> <span class='ocrx_word' id='word_1_312' title='bbox 2469 1980 2491 2014; x_wconf 72' lang='grc' dir='ltr'><strong><em>ι</em></strong></span> <span class='ocrx_word' id='word_1_313' title='bbox 2548 1959 2668 2014; x_wconf 81' lang='lat' dir='ltr'><strong>Alia</strong></span> <span class='ocrx_word' id='word_1_314' title='bbox 2721 1959 2981 2029; x_wconf 81' lang='lat' dir='ltr'><strong>petebant</strong></span> <span class='ocrx_word' id='word_1_315' title='bbox 3024 1957 3203 2025; x_wconf 88' lang='lat' dir='ltr'><strong>plura,</strong></span> <span class='ocrx_word' id='word_1_316' title='bbox 3254 1954 3683 2027; x_wconf 80' lang='lat' dir='ltr'><strong>perplexitatem</strong></span> 
     </span>
    </p>
   </div>
   <div class='ocr_carea' id='block_1_49' title="bbox 2101 2048 3688 2124">
    <p class='ocr_par' dir='ltr' id='par_1_49' title="bbox 2101 2048 3688 2124">
     <span class='ocr_line' id='line_1_49' title="bbox 2101 2048 3688 2124; baseline -0.008 -11"><span class='ocrx_word' id='word_1_317' title='bbox 2101 2054 2538 2113; x_wconf 75' lang='lat' dir='ltr'><strong>inextricabilem</strong></span> <span class='ocrx_word' id='word_1_318' title='bbox 2571 2052 2949 2124; x_wconf 65' lang='lat' dir='ltr'><strong>praeferentia,</strong></span> <span class='ocrx_word' id='word_1_319' title='bbox 2985 2062 3370 2119; x_wconf 79' lang='lat' dir='ltr'><strong>summamque</strong></span> <span class='ocrx_word' id='word_1_320' title='bbox 3391 2048 3688 2103; x_wconf 79' lang='lat' dir='ltr'><strong>diﬂiculta-</strong></span> 
     </span>
    </p>
   </div>
   <div class='ocr_carea' id='block_1_50' title="bbox 2104 2143 3689 2218">
    <p class='ocr_par' dir='ltr' id='par_1_50' title="bbox 2104 2143 3689 2218">
     <span class='ocr_line' id='line_1_50' title="bbox 2104 2143 3689 2218; baseline -0.005 -12"><span class='ocrx_word' id='word_1_321' title='bbox 2104 2163 2235 2207; x_wconf 90' lang='lat' dir='ltr'><strong>tem.</strong></span> <span class='ocrx_word' id='word_1_322' title='bbox 2271 2149 2495 2203; x_wconf 76' lang='lat' dir='ltr'><strong>Dimissi</strong></span> <span class='ocrx_word' id='word_1_323' title='bbox 2562 2148 2865 2218; x_wconf 75' lang='lat' dir='ltr'><strong>reiectique</strong></span> <span class='ocrx_word' id='word_1_324' title='bbox 2894 2153 3046 2200; x_wconf 88' lang='lat' dir='ltr'><strong>sunt.</strong></span> <span class='ocrx_word' id='word_1_325' title='bbox 3084 2144 3161 2198; x_wconf 87' lang='lat' dir='ltr'><strong>De</strong></span> <span class='ocrx_word' id='word_1_326' title='bbox 3190 2145 3317 2198; x_wconf 89' lang='lat' dir='ltr'><strong>novi</strong></span> <span class='ocrx_word' id='word_1_327' title='bbox 3354 2143 3689 2212; x_wconf 72' lang='lat' dir='ltr'><strong>patriarcha:</strong></span> 
     </span>
    </p>
   </div>
   <div class='ocr_carea' id='block_1_51' title="bbox 2101 2234 3689 2311">
    <p class='ocr_par' dir='ltr' id='par_1_51' title="bbox 2101 2234 3689 2311">
     <span class='ocr_line' id='line_1_51' title="bbox 2101 2234 3689 2311; baseline -0.008 -12"><span class='ocrx_word' id='word_1_328' title='bbox 2101 2243 2373 2299; x_wconf 78' lang='lat' dir='ltr'><strong>electione</strong></span> <span class='ocrx_word' id='word_1_329' title='bbox 2426 2240 2711 2311; x_wconf 82' lang='lat' dir='ltr'><strong>agebatur.</strong></span> <span class='ocrx_word' id='word_1_330' title='bbox 2749 2237 2886 2293; x_wconf 82' lang='lat' dir='ltr'><strong>Tres</strong></span> <span class='ocrx_word' id='word_1_331' title='bbox 2933 2235 3328 2293; x_wconf 86' lang='lat' dir='ltr'><strong>communibus</strong></span> <span class='ocrx_word' id='word_1_332' title='bbox 3365 2236 3529 2291; x_wconf 86' lang='lat' dir='ltr'><strong>electi</strong></span> <span class='ocrx_word' id='word_1_333' title='bbox 3569 2234 3689 2289; x_wconf 59' lang='lat' dir='ltr'><strong>sui.</strong></span> 
     </span>
    </p>
   </div>
   <div class='ocr_carea' id='block_1_52' title="bbox 2102 2329 3691 2411">
    <p class='ocr_par' dir='ltr' id='par_1_52' title="bbox 2102 2329 3691 2411">
     <span class='ocr_line' id='line_1_52' title="bbox 2102 2329 3691 2411; baseline -0.007 -19"><span class='ocrx_word' id='word_1_334' title='bbox 2102 2337 2315 2411; x_wconf 81' lang='lat' dir='ltr'><strong>fragiis,</strong></span> <span class='ocrx_word' id='word_1_335' title='bbox 2352 2349 2589 2405; x_wconf 87' lang='lat' dir='ltr'><strong>quorum</strong></span> <span class='ocrx_word' id='word_1_336' title='bbox 2625 2347 2771 2387; x_wconf 87' lang='lat' dir='ltr'><strong>unus</strong></span> <span class='ocrx_word' id='word_1_337' title='bbox 2824 2331 3041 2387; x_wconf 66' lang='lat' dir='ltr'><strong>caneris</strong></span> <span class='ocrx_word' id='word_1_338' title='bbox 3084 2329 3464 2401; x_wconf 75' lang='lat' dir='ltr'><strong>pra-terretur.</strong></span> <span class='ocrx_word' id='word_1_339' title='bbox 3499 2331 3691 2400; x_wconf 77' lang='lat' dir='ltr'><strong>Augu-</strong></span> 
     </span>
    </p>
   </div>
   <div class='ocr_carea' id='block_1_53' title="bbox 2102 2411 3689 2498">
    <p class='ocr_par' dir='ltr' id='par_1_53' title="bbox 2102 2411 3689 2498">
     <span class='ocr_line' id='line_1_53' title="bbox 2102 2411 3689 2498; baseline -0.006 -15"><span class='ocrx_word' id='word_1_340' title='bbox 2102 2416 2188 2484; x_wconf 66' lang='lat' dir='ltr'><strong>s&#39;to</strong></span> <span class='ocrx_word' id='word_1_341' title='bbox 2248 2427 2499 2498; x_wconf 83' lang='lat' dir='ltr'><strong>placebat</strong></span> <span class='ocrx_word' id='word_1_342' title='bbox 2550 2424 2908 2491; x_wconf 79' lang='lat' dir='ltr'><strong>Athanasius,</strong></span> <span class='ocrx_word' id='word_1_343' title='bbox 3026 2411 3332 2478; x_wconf 87' lang='lat' dir='ltr'><strong>monachus</strong></span> <span class='ocrx_word' id='word_1_344' title='bbox 3388 2422 3444 2477; x_wconf 88' lang='lat' dir='ltr'><strong>in</strong></span> <span class='ocrx_word' id='word_1_345' title='bbox 3499 2421 3689 2476; x_wconf 80' lang='lat' dir='ltr'><strong>Monte</strong></span> 
     </span>
    </p>
   </div>
   <div class='ocr_carea' id='block_1_54' title="bbox 2104 2514 3695 2589">
    <p class='ocr_par' dir='ltr' id='par_1_54' title="bbox 2104 2514 3695 2589">
     <span class='ocr_line' id='line_1_54' title="bbox 2104 2514 3695 2589; baseline -0.005 -12"><span class='ocrx_word' id='word_1_346' title='bbox 2104 2524 2281 2584; x_wconf 87' lang='lat' dir='ltr'><strong>Gano,</strong></span> <span class='ocrx_word' id='word_1_347' title='bbox 2310 2522 2403 2589; x_wconf 89' lang='lat' dir='ltr'><strong>qui</strong></span> <span class='ocrx_word' id='word_1_348' title='bbox 2449 2530 2582 2574; x_wconf 92' lang='lat' dir='ltr'><strong>tunc</strong></span> <span class='ocrx_word' id='word_1_349' title='bbox 2613 2518 3001 2573; x_wconf 82' lang='lat' dir='ltr'><strong>diversabatur</strong></span> <span class='ocrx_word' id='word_1_350' title='bbox 3026 2514 3531 2585; x_wconf 86' lang='lat' dir='ltr'><strong>Constantinopoli.</strong></span> <span class='ocrx_word' id='word_1_351' title='bbox 3574 2518 3695 2569; x_wconf 81' lang='lat' dir='ltr'><strong>An-</strong></span> 
     </span>
    </p>
   </div>
   <div class='ocr_carea' id='block_1_55' title="bbox 2105 2605 3685 2678">
    <p class='ocr_par' dir='ltr' id='par_1_55' title="bbox 2105 2605 3685 2678">
     <span class='ocr_line' id='line_1_55' title="bbox 2105 2605 3685 2678; baseline -0.006 -10"><span class='ocrx_word' id='word_1_352' title='bbox 2105 2616 2229 2668; x_wconf 90' lang='lat' dir='ltr'><strong>nuit</strong></span> <span class='ocrx_word' id='word_1_353' title='bbox 2260 2613 2376 2676; x_wconf 85' lang='lat' dir='ltr'><strong>ille,</strong></span> <span class='ocrx_word' id='word_1_354' title='bbox 2423 2610 2885 2678; x_wconf 71' lang='lat' dir='ltr'><strong>vocationemque</strong></span> <span class='ocrx_word' id='word_1_355' title='bbox 2920 2607 3169 2661; x_wconf 86' lang='lat' dir='ltr'><strong>admisit.</strong></span> <span class='ocrx_word' id='word_1_356' title='bbox 3201 2605 3363 2663; x_wconf 77' lang='lat' dir='ltr'><strong>Varia</strong></span> <span class='ocrx_word' id='word_1_357' title='bbox 3399 2620 3588 2675; x_wconf 86' lang='lat' dir='ltr'><strong>sparsa</strong></span> <span class='ocrx_word' id='word_1_358' title='bbox 3628 2607 3685 2659; x_wconf 87' lang='lat' dir='ltr'><strong>in</strong></span> 
     </span>
    </p>
   </div>
   <div class='ocr_carea' id='block_1_56' title="bbox 2105 2696 3691 2773">
    <p class='ocr_par' dir='ltr' id='par_1_56' title="bbox 2105 2696 3691 2773">
     <span class='ocr_line' id='line_1_56' title="bbox 2105 2696 3691 2773; baseline -0.006 -15"><span class='ocrx_word' id='word_1_359' title='bbox 2105 2707 2327 2773; x_wconf 75' lang='lat' dir='ltr'><strong>volgus,</strong></span> <span class='ocrx_word' id='word_1_360' title='bbox 2367 2718 2488 2772; x_wconf 60' lang='lat' dir='ltr'><strong>qum</strong></span> <span class='ocrx_word' id='word_1_361' title='bbox 2530 2702 2659 2755; x_wconf 88' lang='lat' dir='ltr'><strong>hinc</strong></span> <span class='ocrx_word' id='word_1_362' title='bbox 2701 2701 2752 2754; x_wconf 91' lang='lat' dir='ltr'><strong>in</strong></span> <span class='ocrx_word' id='word_1_363' title='bbox 2785 2698 3121 2768; x_wconf 87' lang='lat' dir='ltr'><strong>vituperium</strong></span> <span class='ocrx_word' id='word_1_364' title='bbox 3154 2698 3223 2754; x_wconf 83' lang='lat' dir='ltr'><strong>de</strong></span> <span class='ocrx_word' id='word_1_365' title='bbox 3264 2696 3408 2766; x_wconf 89' lang='lat' dir='ltr'><strong>ipso,</strong></span> <span class='ocrx_word' id='word_1_366' title='bbox 3445 2696 3600 2750; x_wconf 92' lang='lat' dir='ltr'><strong>illinc</strong></span> <span class='ocrx_word' id='word_1_367' title='bbox 3632 2698 3691 2749; x_wconf 84' lang='lat' dir='ltr'><strong>in</strong></span> 
     </span>
    </p>
   </div>
   <div class='ocr_carea' id='block_1_57' title="bbox 2105 2788 3687 2855">
    <p class='ocr_par' dir='ltr' id='par_1_57' title="bbox 2105 2788 3687 2855">
     <span class='ocr_line' id='line_1_57' title="bbox 2105 2788 3687 2855; baseline -0.008 -4"><span class='ocrx_word' id='word_1_368' title='bbox 2105 2798 2325 2851; x_wconf 83' lang='lat' dir='ltr'><strong>laudem</strong></span> <span class='ocrx_word' id='word_1_369' title='bbox 2382 2793 2732 2847; x_wconf 85' lang='lat' dir='ltr'><strong>dicebantur.</strong></span> <span class='ocrx_word' id='word_1_370' title='bbox 2794 2789 2921 2844; x_wconf 69' lang='lat' dir='ltr'><strong>llaec</strong></span> <span class='ocrx_word' id='word_1_371' title='bbox 2974 2789 3159 2842; x_wconf 87' lang='lat' dir='ltr'><strong>omnia</strong></span> <span class='ocrx_word' id='word_1_372' title='bbox 3217 2788 3365 2842; x_wconf 89' lang='lat' dir='ltr'><strong>serio</strong></span> <span class='ocrx_word' id='word_1_373' title='bbox 3420 2801 3687 2855; x_wconf 79' lang='lat' dir='ltr'><strong>expensa.</strong></span> 
     </span>
    </p>
   </div>
   <div class='ocr_carea' id='block_1_58' title="bbox 2112 2874 3698 2955">
    <p class='ocr_par' dir='ltr' id='par_1_58' title="bbox 2112 2874 3698 2955">
     <span class='ocr_line' id='line_1_58' title="bbox 2112 2874 3698 2955; baseline -0.008 -12"><span class='ocrx_word' id='word_1_374' title='bbox 2112 2889 2393 2943; x_wconf 77' lang='lat' dir='ltr'><strong>Promotus</strong></span> <span class='ocrx_word' id='word_1_375' title='bbox 2446 2888 2535 2941; x_wconf 85' lang='lat' dir='ltr'><strong>ille</strong></span> <span class='ocrx_word' id='word_1_376' title='bbox 2566 2886 2809 2955; x_wconf 87' lang='lat' dir='ltr'><strong>denique</strong></span> <span class='ocrx_word' id='word_1_377' title='bbox 2844 2884 3002 2954; x_wconf 76' lang='grc'><strong>127</strong></span> <span class='ocrx_word' id='word_1_378' title='bbox 3044 2874 3115 2937; x_wconf 90' lang='lat' dir='ltr'><strong>ab</strong></span> <span class='ocrx_word' id='word_1_379' title='bbox 3153 2880 3474 2935; x_wconf 88' lang='lat' dir='ltr'><strong>Andronico</strong></span> <span class='ocrx_word' id='word_1_380' title='bbox 3509 2882 3566 2932; x_wconf 88' lang='lat' dir='ltr'><strong>in</strong></span> <span class='ocrx_word' id='word_1_381' title='bbox 3596 2892 3698 2947; x_wconf 68' lang='lat' dir='ltr'><strong>pa-</strong></span> 
     </span>
    </p>
   </div>
   <div class='ocr_carea' id='block_1_59' title="bbox 2108 2971 3694 3051">
    <p class='ocr_par' dir='ltr' id='par_1_59' title="bbox 2108 2971 3694 3051">
     <span class='ocr_line' id='line_1_59' title="bbox 2108 2971 3694 3051; baseline -0.007 -16"><span class='ocrx_word' id='word_1_382' title='bbox 2108 2984 2370 3047; x_wconf 79' lang='lat' dir='ltr'><strong>triarclta,</strong></span> <span class='ocrx_word' id='word_1_383' title='bbox 2402 2997 2457 3034; x_wconf 82' lang='lat' dir='ltr'><strong>se</strong></span> <span class='ocrx_word' id='word_1_384' title='bbox 2485 2980 2637 3051; x_wconf 68' lang='lat' dir='ltr'><strong>pedes</strong></span> <span class='ocrx_word' id='word_1_385' title='bbox 2665 2978 2886 3032; x_wconf 76' lang='lat' dir='ltr'><strong>contulit</strong></span> <span class='ocrx_word' id='word_1_386' title='bbox 2929 2976 2999 3031; x_wconf 89' lang='lat' dir='ltr'><strong>ad</strong></span> <span class='ocrx_word' id='word_1_387' title='bbox 3033 2977 3268 3029; x_wconf 84' lang='lat' dir='ltr'><strong>divinum</strong></span> <span class='ocrx_word' id='word_1_388' title='bbox 3312 2972 3568 3046; x_wconf 79' lang='lat' dir='ltr'><strong>templum</strong></span> <span class='ocrx_word' id='word_1_389' title='bbox 3606 2971 3694 3025; x_wconf 85' lang='lat' dir='ltr'><strong>die</strong></span> 
     </span>
    </p>
   </div>
   <div class='ocr_carea' id='block_1_60' title="bbox 430 3063 3695 3158">
    <p class='ocr_par' dir='ltr' id='par_1_60' title="bbox 430 3063 3695 3158">
     <span class='ocr_line' id='line_1_60' title="bbox 430 3063 3695 3158; baseline -0.009 -22"><span class='ocrx_word' id='word_1_390' title='bbox 430 3080 619 3136; x_wconf 69' lang='lat' dir='ltr'><strong>Scx&#39;us</strong></span> <span class='ocrx_word' id='word_1_391' title='bbox 651 3090 783 3145; x_wconf 79' lang='lat' dir='ltr'><strong>ergo</strong></span> <span class='ocrx_word' id='word_1_392' title='bbox 824 3073 972 3129; x_wconf 83' lang='lat' dir='ltr'><strong>sedis</strong></span> <span class='ocrx_word' id='word_1_393' title='bbox 1017 3072 1344 3141; x_wconf 81' lang='lat' dir='ltr'><strong>cjus&#39;annus</strong></span> <span class='ocrx_word' id='word_1_394' title='bbox 1394 3066 1859 3134; x_wconf 82' lang='lat' dir='ltr'><strong>complementum</strong></span> <span class='ocrx_word' id='word_1_395' title='bbox 1909 3063 2008 3116; x_wconf 85' lang='lat' dir='ltr'><strong>ha-</strong></span> <span class='ocrx_word' id='word_1_396' title='bbox 2038 3102 2081 3158; x_wconf 63' lang='grc' dir='ltr'>ο</span> <span class='ocrx_word' id='word_1_397' title='bbox 2114 3075 2317 3127; x_wconf 65' lang='lat' dir='ltr'><strong>decium</strong></span> <span class='ocrx_word' id='word_1_398' title='bbox 2354 3083 2548 3136; x_wconf 75' lang='lat' dir='ltr'><strong>quarta</strong></span> <span class='ocrx_word' id='word_1_399' title='bbox 2599 3070 2879 3126; x_wconf 82' lang='lat' dir='ltr'><strong>Octobris:</strong></span> <span class='ocrx_word' id='word_1_400' title='bbox 2918 3086 2981 3122; x_wconf 89' lang='lat' dir='ltr'><strong>ac</strong></span> <span class='ocrx_word' id='word_1_401' title='bbox 3016 3069 3177 3139; x_wconf 83' lang='lat' dir='ltr'><strong>paulo</strong></span> <span class='ocrx_word' id='word_1_402' title='bbox 3214 3077 3328 3135; x_wconf 81' lang='lat' dir='ltr'><strong>post</strong></span> <span class='ocrx_word' id='word_1_403' title='bbox 3366 3074 3443 3121; x_wconf 67' lang='lat' dir='ltr'><strong>est</strong></span> <span class='ocrx_word' id='word_1_404' title='bbox 3471 3066 3695 3119; x_wconf 72' lang='grc' dir='ltr'><strong>οτιίῑητι-</strong></span> 
     </span>
    </p>
   </div>
   <div class='ocr_carea' id='block_1_61' title="bbox 431 3156 2008 3231">
    <p class='ocr_par' dir='ltr' id='par_1_61' title="bbox 431 3156 2008 3231">
     <span class='ocr_line' id='line_1_61' title="bbox 431 3156 2008 3231; baseline -0.01 -4"><span class='ocrx_word' id='word_1_405' title='bbox 431 3176 551 3228; x_wconf 89' lang='lat' dir='ltr'><strong>hnit</strong></span> <span class='ocrx_word' id='word_1_406' title='bbox 603 3169 821 3231; x_wconf 79' lang='lat' dir='ltr'><strong>Martio,</strong></span> <span class='ocrx_word' id='word_1_407' title='bbox 860 3174 953 3219; x_wconf 88' lang='lat' dir='ltr'><strong>aut</strong></span> <span class='ocrx_word' id='word_1_408' title='bbox 984 3163 1160 3231; x_wconf 81' lang='lat' dir='ltr'><strong>Aprili</strong></span> <span class='ocrx_word' id='word_1_409' title='bbox 1203 3176 1389 3215; x_wconf 86' lang='lat' dir='ltr'><strong>mense</strong></span> <span class='ocrx_word' id='word_1_410' title='bbox 1436 3159 1563 3213; x_wconf 87' lang='lat' dir='ltr'><strong>anni</strong></span> <span class='ocrx_word' id='word_1_411' title='bbox 1602 3157 1758 3211; x_wconf 69' lang='lat' dir='ltr'><strong>l239.</strong></span> <span class='ocrx_word' id='word_1_412' title='bbox 1794 3156 2008 3223; x_wconf 17' lang='lat' dir='ltr'><strong>‘Adhuc</strong></span> 
     </span>
    </p>
   </div>
   <div class='ocr_carea' id='block_1_62' title="bbox 436 3260 2005 3340">
    <p class='ocr_par' dir='ltr' id='par_1_62' title="bbox 436 3260 2005 3340">
     <span class='ocr_line' id='line_1_62' title="bbox 436 3260 2005 3340; baseline -0.011 -21"><span class='ocrx_word' id='word_1_413' title='bbox 436 3268 596 3340; x_wconf 75' lang='lat'><strong>126</strong></span> <span class='ocrx_word' id='word_1_414' title='bbox 645 3278 811 3333; x_wconf 64' lang='lat' dir='ltr'><strong>supra</strong></span> <span class='ocrx_word' id='word_1_415' title='bbox 857 3268 1065 3312; x_wconf 75' lang='lat' dir='ltr'><strong>sextum</strong></span> <span class='ocrx_word' id='word_1_416' title='bbox 1116 3270 1323 3310; x_wconf 85' lang='lat' dir='ltr'><strong>annum</strong></span> <span class='ocrx_word' id='word_1_417' title='bbox 1374 3263 1685 3325; x_wconf 58' lang='lat' dir='ltr'><strong>excurrente</strong></span> <span class='ocrx_word' id='word_1_418' title='bbox 1736 3260 2005 3317; x_wconf 54' lang='lat' dir='ltr'><strong>tenuere,</strong></span> 
     </span>
    </p>
   </div>
   <div class='ocr_carea' id='block_1_63' title="bbox 432 3345 2008 3426">
    <p class='ocr_par' dir='ltr' id='par_1_63' title="bbox 432 3345 2008 3426">
     <span class='ocr_line' id='line_1_63' title="bbox 432 3345 2008 3426; baseline -0.015 -11"><span class='ocrx_word' id='word_1_419' title='bbox 432 3360 562 3415; x_wconf 77' lang='lat' dir='ltr'><strong>sede</strong></span> <span class='ocrx_word' id='word_1_420' title='bbox 597 3372 694 3411; x_wconf 87' lang='lat' dir='ltr'><strong>sua</strong></span> <span class='ocrx_word' id='word_1_421' title='bbox 741 3352 1058 3426; x_wconf 86' lang='lat' dir='ltr'><strong>potiebatur</strong></span> <span class='ocrx_word' id='word_1_422' title='bbox 1087 3347 1436 3417; x_wconf 78' lang='lat' dir='ltr'><strong>Gregorius:</strong></span> <span class='ocrx_word' id='word_1_423' title='bbox 1485 3345 1777 3413; x_wconf 86' lang='lat' dir='ltr'><strong>ipsumque</strong></span> <span class='ocrx_word' id='word_1_424' title='bbox 1830 3356 2008 3394; x_wconf 87' lang='lat' dir='ltr'><strong>mense</strong></span> 
     </span>
    </p>
   </div>
   <div class='ocr_carea' id='block_1_64' title="bbox 434 3435 2009 3521">
    <p class='ocr_par' dir='ltr' id='par_1_64' title="bbox 434 3435 2009 3521">
     <span class='ocr_line' id='line_1_64' title="bbox 434 3435 2009 3521; baseline -0.015 -13"><span class='ocrx_word' id='word_1_425' title='bbox 434 3452 579 3508; x_wconf 79' lang='lat' dir='ltr'><strong>Maio</strong></span> <span class='ocrx_word' id='word_1_426' title='bbox 604 3448 850 3521; x_wconf 84' lang='lat' dir='ltr'><strong>ejusdem</strong></span> <span class='ocrx_word' id='word_1_427' title='bbox 874 3445 1015 3499; x_wconf 85' lang='lat' dir='ltr'><strong>anni</strong></span> <span class='ocrx_word' id='word_1_428' title='bbox 1035 3442 1171 3496; x_wconf 73' lang='lat'><strong>1289</strong></span> <span class='ocrx_word' id='word_1_429' title='bbox 1208 3442 1276 3495; x_wconf 89' lang='lat' dir='ltr'><strong>de</strong></span> <span class='ocrx_word' id='word_1_430' title='bbox 1306 3453 1403 3493; x_wconf 87' lang='lat' dir='ltr'><strong>sua</strong></span> <span class='ocrx_word' id='word_1_431' title='bbox 1428 3435 1777 3490; x_wconf 83' lang='lat' dir='ltr'><strong>abdicatione</strong></span> <span class='ocrx_word' id='word_1_432' title='bbox 1810 3443 2009 3487; x_wconf 75' lang='lat' dir='ltr'><strong>tracta-</strong></span> 
     </span>
    </p>
   </div>
   <div class='ocr_carea' id='block_1_65' title="bbox 436 3526 2009 3603">
    <p class='ocr_par' dir='ltr' id='par_1_65' title="bbox 436 3526 2009 3603">
     <span class='ocr_line' id='line_1_65' title="bbox 436 3526 2009 3603; baseline -0.015 -1"><span class='ocrx_word' id='word_1_433' title='bbox 436 3557 551 3602; x_wconf 91' lang='lat' dir='ltr'><strong>tum</strong></span> <span class='ocrx_word' id='word_1_434' title='bbox 587 3543 876 3603; x_wconf 80' lang='lat' dir='ltr'><strong>habuisse,</strong></span> <span class='ocrx_word' id='word_1_435' title='bbox 915 3536 1262 3593; x_wconf 84' lang='lat' dir='ltr'><strong>certissimos</strong></span> <span class='ocrx_word' id='word_1_436' title='bbox 1293 3548 1394 3587; x_wconf 87' lang='lat' dir='ltr'><strong>nos</strong></span> <span class='ocrx_word' id='word_1_437' title='bbox 1435 3529 1618 3585; x_wconf 85' lang='lat' dir='ltr'><strong>reddit</strong></span> <span class='ocrx_word' id='word_1_438' title='bbox 1655 3529 1773 3598; x_wconf 83' lang='lat' dir='ltr'><strong>ejus</strong></span> <span class='ocrx_word' id='word_1_439' title='bbox 1802 3526 2009 3595; x_wconf 63' lang='grc' dir='ltr'><strong>εξιὶειο-</strong></span> 
     </span>
    </p>
   </div>
   <div class='ocr_carea' id='block_1_66' title="bbox 433 3618 2010 3708">
    <p class='ocr_par' dir='ltr' id='par_1_66' title="bbox 433 3618 2010 3708">
     <span class='ocr_line' id='line_1_66' title="bbox 433 3618 2010 3708; baseline -0.014 -14"><span class='ocrx_word' id='word_1_440' title='bbox 433 3643 506 3707; x_wconf 87' lang='lat' dir='ltr'><strong>la,</strong></span> <span class='ocrx_word' id='word_1_441' title='bbox 539 3653 701 3708; x_wconf 88' lang='lat' dir='ltr'><strong>quam</strong></span> <span class='ocrx_word' id='word_1_442' title='bbox 737 3648 895 3689; x_wconf 92' lang='lat' dir='ltr'><strong>num.</strong></span> <span class='ocrx_word' id='word_1_443' title='bbox 924 3631 958 3685; x_wconf 75' lang='lat'><strong>5</strong></span> <span class='ocrx_word' id='word_1_444' title='bbox 984 3628 1406 3698; x_wconf 85' lang='lat' dir='ltr'><strong>descripsimus.</strong></span> <span class='ocrx_word' id='word_1_445' title='bbox 1446 3625 1632 3691; x_wconf 88' lang='lat' dir='ltr'><strong>Itaque</strong></span> <span class='ocrx_word' id='word_1_446' title='bbox 1664 3625 1757 3673; x_wconf 88' lang='lat' dir='ltr'><strong>aut</strong></span> <span class='ocrx_word' id='word_1_447' title='bbox 1779 3618 2010 3673; x_wconf 87' lang='lat' dir='ltr'><strong>cadente</strong></span> 
     </span>
    </p>
   </div>
   <div class='ocr_carea' id='block_1_67' title="bbox 435 3710 2011 3788">
    <p class='ocr_par' dir='ltr' id='par_1_67' title="bbox 435 3710 2011 3788">
     <span class='ocr_line' id='line_1_67' title="bbox 435 3710 2011 3788; baseline -0.016 0"><span class='ocrx_word' id='word_1_448' title='bbox 435 3733 630 3788; x_wconf 89' lang='lat' dir='ltr'><strong>eodem</strong></span> <span class='ocrx_word' id='word_1_449' title='bbox 686 3742 875 3783; x_wconf 87' lang='lat' dir='ltr'><strong>mense</strong></span> <span class='ocrx_word' id='word_1_450' title='bbox 912 3723 1077 3788; x_wconf 76' lang='lat' dir='ltr'><strong>Maio,</strong></span> <span class='ocrx_word' id='word_1_451' title='bbox 1112 3731 1207 3775; x_wconf 90' lang='lat' dir='ltr'><strong>aut</strong></span> <span class='ocrx_word' id='word_1_452' title='bbox 1254 3720 1480 3774; x_wconf 89' lang='lat' dir='ltr'><strong>ineunte</strong></span> <span class='ocrx_word' id='word_1_453' title='bbox 1526 3732 1621 3771; x_wconf 86' lang='lat' dir='ltr'><strong>seu</strong></span> <span class='ocrx_word' id='word_1_454' title='bbox 1660 3712 1877 3768; x_wconf 83' lang='lat' dir='ltr'><strong>labente</strong></span> <span class='ocrx_word' id='word_1_455' title='bbox 1911 3710 2011 3763; x_wconf 85' lang='lat' dir='ltr'><strong>Ju-</strong></span> 
     </span>
    </p>
   </div>
   <div class='ocr_carea' id='block_1_68' title="bbox 437 3801 2012 3893">
    <p class='ocr_par' dir='ltr' id='par_1_68' title="bbox 437 3801 2012 3893">
     <span class='ocr_line' id='line_1_68' title="bbox 437 3801 2012 3893; baseline -0.016 -14"><span class='ocrx_word' id='word_1_456' title='bbox 437 3825 525 3879; x_wconf 84' lang='lat' dir='ltr'><strong>nia</strong></span> <span class='ocrx_word' id='word_1_457' title='bbox 578 3821 759 3893; x_wconf 88' lang='lat' dir='ltr'><strong>potuit</strong></span> <span class='ocrx_word' id='word_1_458' title='bbox 818 3814 1190 3873; x_wconf 86' lang='lat' dir='ltr'><strong>abdicationis</strong></span> <span class='ocrx_word' id='word_1_459' title='bbox 1234 3811 1483 3866; x_wconf 88' lang='lat' dir='ltr'><strong>libellum</strong></span> <span class='ocrx_word' id='word_1_460' title='bbox 1535 3804 1755 3861; x_wconf 81' lang='lat' dir='ltr'><strong>dedisse</strong></span> <span class='ocrx_word' id='word_1_461' title='bbox 1807 3801 2012 3871; x_wconf 79' lang='lat' dir='ltr'><strong>Grego-</strong></span> 
     </span>
    </p>
   </div>
   <div class='ocr_carea' id='block_1_69' title="bbox 436 3894 2010 3973">
    <p class='ocr_par' dir='ltr' id='par_1_69' title="bbox 436 3894 2010 3973">
     <span class='ocr_line' id='line_1_69' title="bbox 436 3894 2010 3973; baseline -0.015 -1"><span class='ocrx_word' id='word_1_462' title='bbox 436 3919 575 3973; x_wconf 84' lang='lat' dir='ltr'><strong>rius.</strong></span> <span class='ocrx_word' id='word_1_463' title='bbox 627 3916 824 3969; x_wconf 86' lang='lat' dir='ltr'><strong>Petrus</strong></span> <span class='ocrx_word' id='word_1_464' title='bbox 873 3910 1161 3973; x_wconf 86' lang='lat' dir='ltr'><strong>Pessinus,</strong></span> <span class='ocrx_word' id='word_1_465' title='bbox 1212 3905 1357 3960; x_wconf 89' lang='lat' dir='ltr'><strong>libro</strong></span> <span class='ocrx_word' id='word_1_466' title='bbox 1408 3918 1466 3957; x_wconf 87' lang='lat' dir='ltr'><strong>tu</strong></span> <span class='ocrx_word' id='word_1_467' title='bbox 1520 3896 1913 3966; x_wconf 78' lang='lat' dir='ltr'><strong>chronologico</strong></span> <span class='ocrx_word' id='word_1_468' title='bbox 1953 3894 2010 3949; x_wconf 89' lang='lat' dir='ltr'><strong>in</strong></span> 
     </span>
    </p>
   </div>
   <div class='ocr_carea' id='block_1_70' title="bbox 436 3990 2033 4071">
    <p class='ocr_par' dir='ltr' id='par_1_70' title="bbox 436 3990 2033 4071">
     <span class='ocr_line' id='line_1_70' title="bbox 436 3990 2033 4071; baseline -0.014 -5"><span class='ocrx_word' id='word_1_469' title='bbox 436 4004 957 4069; x_wconf 79' lang='lat' dir='ltr'><strong>Observationibus,</strong></span> <span class='ocrx_word' id='word_1_470' title='bbox 1011 4002 1193 4071; x_wconf 84' lang='lat' dir='ltr'><strong>capite</strong></span> <span class='ocrx_word' id='word_1_471' title='bbox 1235 3999 1291 4065; x_wconf 75' lang='lat'><strong>2,</strong></span> <span class='ocrx_word' id='word_1_472' title='bbox 1344 4011 1498 4050; x_wconf 89' lang='lat' dir='ltr'><strong>num.</strong></span> <span class='ocrx_word' id='word_1_473' title='bbox 1553 3994 1606 4057; x_wconf 89' lang='lat'><strong>5,</strong></span> <span class='ocrx_word' id='word_1_474' title='bbox 1643 3990 1870 4046; x_wconf 84' lang='lat' dir='ltr'><strong>calculis</strong></span> <span class='ocrx_word' id='word_1_475' title='bbox 1898 3994 2033 4066; x_wconf 33' lang='lat' dir='ltr'><strong>suis.</strong></span> 
     </span>
    </p>
   </div>
   <div class='ocr_carea' id='block_1_71' title="bbox 439 4083 2015 4158">
    <p class='ocr_par' dir='ltr' id='par_1_71' title="bbox 439 4083 2015 4158">
     <span class='ocr_line' id='line_1_71' title="bbox 439 4083 2015 4158; baseline -0.013 -1"><span class='ocrx_word' id='word_1_476' title='bbox 439 4101 710 4157; x_wconf 68' lang='lat' dir='ltr'><strong>institutis</strong></span> <span class='ocrx_word' id='word_1_477' title='bbox 760 4097 877 4153; x_wconf 84' lang='lat' dir='ltr'><strong>ait:</strong></span> <span class='ocrx_word' id='word_1_478' title='bbox 934 4094 1326 4150; x_wconf 76' lang='lat' dir='ltr'><strong>Abdicationem</strong></span> <span class='ocrx_word' id='word_1_479' title='bbox 1371 4089 1485 4158; x_wconf 84' lang='lat' dir='ltr'><strong>ejus</strong></span> <span class='ocrx_word' id='word_1_480' title='bbox 1538 4087 1593 4139; x_wconf 90' lang='lat' dir='ltr'><strong>in</strong></span> <span class='ocrx_word' id='word_1_481' title='bbox 1629 4101 1827 4139; x_wconf 87' lang='lat' dir='ltr'><strong>annum</strong></span> <span class='ocrx_word' id='word_1_482' title='bbox 1864 4083 2015 4138; x_wconf 84' lang='lat' dir='ltr'><strong>Chri-</strong></span> 
     </span>
    </p>
   </div>
   <div class='ocr_carea' id='block_1_72' title="bbox 434 4168 2009 4262">
    <p class='ocr_par' dir='ltr' id='par_1_72' title="bbox 434 4168 2009 4262">
     <span class='ocr_line' id='line_1_72' title="bbox 434 4168 2009 4262; baseline -0.012 -12"><span class='ocrx_word' id='word_1_483' title='bbox 434 4196 505 4250; x_wconf 87' lang='lat' dir='ltr'><strong>sti</strong></span> <span class='ocrx_word' id='word_1_484' title='bbox 555 4191 715 4257; x_wconf 67' lang='lat'><strong>1‘389,</strong></span> <span class='ocrx_word' id='word_1_485' title='bbox 750 4200 864 4262; x_wconf 86' lang='lat' dir='ltr'><strong>post</strong></span> <span class='ocrx_word' id='word_1_486' title='bbox 912 4188 1138 4242; x_wconf 85' lang='lat' dir='ltr'><strong>medium</strong></span> <span class='ocrx_word' id='word_1_487' title='bbox 1188 4168 1423 4253; x_wconf 78' lang='lat' dir='ltr'><strong>Aprilem</strong></span> <span class='ocrx_word' id='word_1_488' title='bbox 1471 4178 1700 4249; x_wconf 74' lang='lat' dir='ltr'><strong>conferri</strong></span> <span class='ocrx_word' id='word_1_489' title='bbox 1749 4185 2009 4246; x_wconf 75' lang='lat' dir='ltr'><strong>oportere.</strong></span> 
     </span>
    </p>
   </div>
   <div class='ocr_carea' id='block_1_73' title="bbox 439 4267 2012 4352">
    <p class='ocr_par' dir='ltr' id='par_1_73' title="bbox 439 4267 2012 4352">
     <span class='ocr_line' id='line_1_73' title="bbox 439 4267 2012 4352; baseline -0.014 -9"><span class='ocrx_word' id='word_1_490' title='bbox 439 4289 556 4344; x_wconf 82' lang='lat' dir='ltr'><strong>lmo</strong></span> <span class='ocrx_word' id='word_1_491' title='bbox 589 4300 779 4340; x_wconf 84' lang='lat' dir='ltr'><strong>mense</strong></span> <span class='ocrx_word' id='word_1_492' title='bbox 831 4283 1047 4352; x_wconf 74' lang='lat' dir='ltr'><strong>integro</strong></span> <span class='ocrx_word' id='word_1_493' title='bbox 1084 4277 1281 4349; x_wconf 80' lang='lat' dir='ltr'><strong>Aprili,</strong></span> <span class='ocrx_word' id='word_1_494' title='bbox 1316 4290 1381 4329; x_wconf 91' lang='lat' dir='ltr'><strong>ac</strong></span> <span class='ocrx_word' id='word_1_495' title='bbox 1427 4271 1557 4326; x_wconf 77' lang='lat' dir='ltr'><strong>Maii</strong></span> <span class='ocrx_word' id='word_1_496' title='bbox 1605 4278 1784 4341; x_wconf 88' lang='lat' dir='ltr'><strong>parte,</strong></span> <span class='ocrx_word' id='word_1_497' title='bbox 1825 4267 2012 4324; x_wconf 81' lang='lat' dir='ltr'><strong>sedem</strong></span> 
     </span>
    </p>
   </div>
   <div class='ocr_carea' id='block_1_74' title="bbox 440 4358 2014 4443">
    <p class='ocr_par' dir='ltr' id='par_1_74' title="bbox 440 4358 2014 4443">
     <span class='ocr_line' id='line_1_74' title="bbox 440 4358 2014 4443; baseline -0.015 -9"><span class='ocrx_word' id='word_1_498' title='bbox 440 4378 685 4434; x_wconf 76' lang='lat' dir='ltr'><strong>tenuisse</strong></span> <span class='ocrx_word' id='word_1_499' title='bbox 745 4375 899 4429; x_wconf 89' lang='lat' dir='ltr'><strong>illttm</strong></span> <span class='ocrx_word' id='word_1_500' title='bbox 963 4368 1438 4443; x_wconf 87' lang='lat' dir='ltr'><strong>patriarchalem,</strong></span> <span class='ocrx_word' id='word_1_501' title='bbox 1501 4360 1709 4417; x_wconf 86' lang='lat' dir='ltr'><strong>evincit</strong></span> <span class='ocrx_word' id='word_1_502' title='bbox 1766 4358 2014 4429; x_wconf 81' lang='lat' dir='ltr'><strong>Epistula</strong></span> 
     </span>
    </p>
   </div>
   <div class='ocr_carea' id='block_1_75' title="bbox 2116 3157 3694 3229">
    <p class='ocr_par' dir='ltr' id='par_1_75' title="bbox 2116 3157 3694 3229">
     <span class='ocr_line' id='line_1_75' title="bbox 2116 3157 3694 3229; baseline -0.007 -12"><span class='ocrx_word' id='word_1_503' title='bbox 2116 3176 2217 3218; x_wconf 86' lang='lat' dir='ltr'><strong>tus.</strong></span> <span class='ocrx_word' id='word_1_504' title='bbox 2265 3165 2388 3219; x_wconf 53' lang='lat' dir='ltr'><strong>Haec</strong></span> <span class='ocrx_word' id='word_1_505' title='bbox 2436 3172 2625 3218; x_wconf 85' lang='lat' dir='ltr'><strong>narrat</strong></span> <span class='ocrx_word' id='word_1_506' title='bbox 2658 3162 2842 3219; x_wconf 85' lang='lat' dir='ltr'><strong>omnia</strong></span> <span class='ocrx_word' id='word_1_507' title='bbox 2883 3160 3247 3229; x_wconf 77' lang='lat' dir='ltr'><strong>Pachymeres</strong></span> <span class='ocrx_word' id='word_1_508' title='bbox 3288 3157 3569 3227; x_wconf 88' lang='lat' dir='ltr'><strong>capitibus</strong></span> <span class='ocrx_word' id='word_1_509' title='bbox 3601 3157 3694 3220; x_wconf 75' lang='lat' dir='ltr'><strong>il,</strong></span> 
     </span>
    </p>
   </div>
   <div class='ocr_carea' id='block_1_76' title="bbox 2116 3247 3702 3323">
    <p class='ocr_par' dir='ltr' id='par_1_76' title="bbox 2116 3247 3702 3323">
     <span class='ocr_line' id='line_1_76' title="bbox 2116 3247 3702 3323; baseline -0.008 -12"><span class='ocrx_word' id='word_1_510' title='bbox 2116 3258 2204 3323; x_wconf 72' lang='grc'><strong>12,</strong></span> <span class='ocrx_word' id='word_1_511' title='bbox 2240 3258 2325 3321; x_wconf 82' lang='lat' dir='ltr'><strong>l5,</strong></span> <span class='ocrx_word' id='word_1_512' title='bbox 2362 3258 2428 3311; x_wconf 73' lang='lat' dir='ltr'><strong>H</strong></span> <span class='ocrx_word' id='word_1_513' title='bbox 2457 3266 2512 3310; x_wconf 90' lang='lat' dir='ltr'><strong>et</strong></span> <span class='ocrx_word' id='word_1_514' title='bbox 2546 3255 2635 3308; x_wconf 75' lang='grc'><strong>15.</strong></span> <span class='ocrx_word' id='word_1_515' title='bbox 2686 3256 2743 3309; x_wconf 84' lang='grc' dir='ltr'><strong>1η</strong></span> <span class='ocrx_word' id='word_1_516' title='bbox 2779 3254 2867 3309; x_wconf 90' lang='lat' dir='ltr'><strong>his</strong></span> <span class='ocrx_word' id='word_1_517' title='bbox 2908 3250 3366 3307; x_wconf 86' lang='lat' dir='ltr'><strong>altercationibus</strong></span> <span class='ocrx_word' id='word_1_518' title='bbox 3424 3247 3702 3318; x_wconf 82' lang='lat' dir='ltr'><strong>disquisi-</strong></span> 
     </span>
    </p>
   </div>
   <div class='ocr_carea' id='block_1_77' title="bbox 2114 3345 3701 3419">
    <p class='ocr_par' dir='ltr' id='par_1_77' title="bbox 2114 3345 3701 3419">
     <span class='ocr_line' id='line_1_77' title="bbox 2114 3345 3701 3419; baseline -0.005 -15"><span class='ocrx_word' id='word_1_519' title='bbox 2114 3350 2473 3419; x_wconf 86' lang='lat' dir='ltr'><strong>tionibusque</strong></span> <span class='ocrx_word' id='word_1_520' title='bbox 2536 3350 2801 3403; x_wconf 83' lang='lat' dir='ltr'><strong>Pessinus</strong></span> <span class='ocrx_word' id='word_1_521' title='bbox 2860 3348 2980 3403; x_wconf 89' lang='lat' dir='ltr'><strong>loco</strong></span> <span class='ocrx_word' id='word_1_522' title='bbox 3044 3346 3214 3400; x_wconf 81' lang='lat' dir='ltr'><strong>citato</strong></span> <span class='ocrx_word' id='word_1_523' title='bbox 3274 3345 3529 3405; x_wconf 86' lang='lat' dir='ltr'><strong>adnotat,</strong></span> <span class='ocrx_word' id='word_1_524' title='bbox 3586 3345 3701 3396; x_wconf 84' lang='lat' dir='ltr'><strong>duo</strong></span> 
     </span>
    </p>
   </div>
   <div class='ocr_carea' id='block_1_78' title="bbox 2114 3438 3704 3511">
    <p class='ocr_par' dir='ltr' id='par_1_78' title="bbox 2114 3438 3704 3511">
     <span class='ocr_line' id='line_1_78' title="bbox 2114 3438 3704 3511; baseline -0.005 -12"><span class='ocrx_word' id='word_1_525' title='bbox 2114 3455 2281 3499; x_wconf 83' lang='lat' dir='ltr'><strong>tresve</strong></span> <span class='ocrx_word' id='word_1_526' title='bbox 2330 3458 2533 3498; x_wconf 79' lang='lat' dir='ltr'><strong>menses</strong></span> <span class='ocrx_word' id='word_1_527' title='bbox 2568 3444 2738 3511; x_wconf 81' lang='lat' dir='ltr'><strong>ﬂuere</strong></span> <span class='ocrx_word' id='word_1_528' title='bbox 2766 3440 3045 3495; x_wconf 85' lang='lat' dir='ltr'><strong>debuisse.</strong></span> <span class='ocrx_word' id='word_1_529' title='bbox 3082 3439 3199 3495; x_wconf 76' lang='lat' dir='ltr'><strong>Viri</strong></span> <span class='ocrx_word' id='word_1_530' title='bbox 3247 3438 3390 3493; x_wconf 89' lang='lat' dir='ltr'><strong>docti</strong></span> <span class='ocrx_word' id='word_1_531' title='bbox 3441 3438 3704 3493; x_wconf 83' lang='lat' dir='ltr'><strong>animad-</strong></span> 
     </span>
    </p>
   </div>
   <div class='ocr_carea' id='block_1_79' title="bbox 2112 3530 3705 3601">
    <p class='ocr_par' dir='ltr' id='par_1_79' title="bbox 2112 3530 3705 3601">
     <span class='ocr_line' id='line_1_79' title="bbox 2112 3530 3705 3601; baseline -0.006 -10"><span class='ocrx_word' id='word_1_532' title='bbox 2112 3536 2423 3591; x_wconf 77' lang='lat' dir='ltr'><strong>versionem</strong></span> <span class='ocrx_word' id='word_1_533' title='bbox 2458 3533 2753 3587; x_wconf 87' lang='lat' dir='ltr'><strong>admittere</strong></span> <span class='ocrx_word' id='word_1_534' title='bbox 2801 3531 2963 3587; x_wconf 89' lang='lat' dir='ltr'><strong>Iiceat</strong></span> <span class='ocrx_word' id='word_1_535' title='bbox 2998 3548 3014 3587; x_wconf 90' lang='lat'><strong>:</strong></span> <span class='ocrx_word' id='word_1_536' title='bbox 3058 3546 3165 3601; x_wconf 89' lang='lat' dir='ltr'><strong>qua</strong></span> <span class='ocrx_word' id='word_1_537' title='bbox 3198 3540 3378 3587; x_wconf 89' lang='lat' dir='ltr'><strong>tamen</strong></span> <span class='ocrx_word' id='word_1_538' title='bbox 3414 3530 3469 3584; x_wconf 88' lang='lat' dir='ltr'><strong>id</strong></span> <span class='ocrx_word' id='word_1_539' title='bbox 3516 3530 3705 3584; x_wconf 83' lang='lat' dir='ltr'><strong>couti-</strong></span> 
     </span>
    </p>
   </div>
   <div class='ocr_carea' id='block_1_80' title="bbox 2114 3624 3702 3696">
    <p class='ocr_par' dir='ltr' id='par_1_80' title="bbox 2114 3624 3702 3696">
     <span class='ocr_line' id='line_1_80' title="bbox 2114 3624 3702 3696; baseline -0.002 -13"><span class='ocrx_word' id='word_1_540' title='bbox 2114 3629 2261 3683; x_wconf 91' lang='lat' dir='ltr'><strong>citur</strong></span> <span class='ocrx_word' id='word_1_541' title='bbox 2309 3626 2557 3689; x_wconf 86' lang='lat' dir='ltr'><strong>omnino,</strong></span> <span class='ocrx_word' id='word_1_542' title='bbox 2604 3624 2789 3696; x_wconf 78' lang='lat' dir='ltr'><strong>Cyprii</strong></span> <span class='ocrx_word' id='word_1_543' title='bbox 2824 3624 3072 3694; x_wconf 73' lang='lat' dir='ltr'><strong>Gregorii</strong></span> <span class='ocrx_word' id='word_1_544' title='bbox 3121 3624 3532 3680; x_wconf 86' lang='lat' dir='ltr'><strong>abdicationem</strong></span> <span class='ocrx_word' id='word_1_545' title='bbox 3579 3641 3702 3680; x_wconf 89' lang='lat' dir='ltr'><strong>non</strong></span> 
     </span>
    </p>
   </div>
   <div class='ocr_carea' id='block_1_81' title="bbox 2115 3716 3707 3783">
    <p class='ocr_par' dir='ltr' id='par_1_81' title="bbox 2115 3716 3707 3783">
     <span class='ocr_line' id='line_1_81' title="bbox 2115 3716 3707 3783; baseline -0.001 -8"><span class='ocrx_word' id='word_1_546' title='bbox 2115 3720 2193 3775; x_wconf 90' lang='lat' dir='ltr'><strong>ita</strong></span> <span class='ocrx_word' id='word_1_547' title='bbox 2226 3735 2349 3774; x_wconf 89' lang='lat' dir='ltr'><strong>cum</strong></span> <span class='ocrx_word' id='word_1_548' title='bbox 2387 3718 2527 3772; x_wconf 85' lang='lat' dir='ltr'><strong>Maio</strong></span> <span class='ocrx_word' id='word_1_549' title='bbox 2561 3718 2746 3772; x_wconf 79' lang='lat' dir='ltr'><strong>Mense</strong></span> <span class='ocrx_word' id='word_1_550' title='bbox 2813 3725 2907 3773; x_wconf 89' lang='lat' dir='ltr'><strong>aut</strong></span> <span class='ocrx_word' id='word_1_551' title='bbox 2935 3718 3100 3774; x_wconf 89' lang='lat' dir='ltr'><strong>Junio</strong></span> <span class='ocrx_word' id='word_1_552' title='bbox 3136 3717 3331 3781; x_wconf 69' lang='lat' dir='ltr'><strong>illigari</strong></span> <span class='ocrx_word' id='word_1_553' title='bbox 3371 3716 3604 3783; x_wconf 84' lang='lat' dir='ltr'><strong>debere,</strong></span> <span class='ocrx_word' id='word_1_554' title='bbox 3639 3728 3707 3773; x_wconf 89' lang='lat' dir='ltr'><strong>ut</strong></span> 
     </span>
    </p>
   </div>
   <div class='ocr_carea' id='block_1_82' title="bbox 2114 3808 3704 3879">
    <p class='ocr_par' dir='ltr' id='par_1_82' title="bbox 2114 3808 3704 3879">
     <span class='ocr_line' id='line_1_82' title="bbox 2114 3808 3704 3879; baseline 0.001 -16"><span class='ocrx_word' id='word_1_555' title='bbox 2114 3810 2182 3865; x_wconf 90' lang='lat' dir='ltr'><strong>ad</strong></span> <span class='ocrx_word' id='word_1_556' title='bbox 2214 3810 2391 3879; x_wconf 86' lang='lat' dir='ltr'><strong>ipsum</strong></span> <span class='ocrx_word' id='word_1_557' title='bbox 2417 3808 2641 3864; x_wconf 82' lang='lat' dir='ltr'><strong>Junium</strong></span> <span class='ocrx_word' id='word_1_558' title='bbox 2666 3808 3036 3876; x_wconf 85' lang='lat' dir='ltr'><strong>desinentem,</strong></span> <span class='ocrx_word' id='word_1_559' title='bbox 3064 3808 3458 3863; x_wconf 89' lang='lat' dir='ltr'><strong>autineuutem</strong></span> <span class='ocrx_word' id='word_1_560' title='bbox 3485 3808 3704 3865; x_wconf 88' lang='lat' dir='ltr'><strong>Julium</strong></span> 
     </span>
    </p>
   </div>
   <div class='ocr_carea' id='block_1_83' title="bbox 2116 3901 3707 3971">
    <p class='ocr_par' dir='ltr' id='par_1_83' title="bbox 2116 3901 3707 3971">
     <span class='ocr_line' id='line_1_83' title="bbox 2116 3901 3707 3971; baseline 0.001 -12"><span class='ocrx_word' id='word_1_561' title='bbox 2116 3903 2316 3959; x_wconf 83' lang='lat' dir='ltr'><strong>relerri</strong></span> <span class='ocrx_word' id='word_1_562' title='bbox 2353 3918 2462 3956; x_wconf 91' lang='lat' dir='ltr'><strong>non</strong></span> <span class='ocrx_word' id='word_1_563' title='bbox 2515 3913 2704 3971; x_wconf 81' lang='lat' dir='ltr'><strong>queat.</strong></span> <span class='ocrx_word' id='word_1_564' title='bbox 2739 3901 3125 3957; x_wconf 83' lang='lat' dir='ltr'><strong>Abdicationis</strong></span> <span class='ocrx_word' id='word_1_565' title='bbox 3164 3916 3414 3957; x_wconf 87' lang='lat' dir='ltr'><strong>mensem</strong></span> <span class='ocrx_word' id='word_1_566' title='bbox 3459 3901 3707 3961; x_wconf 82' lang='lat' dir='ltr'><strong>delinire</strong></span> 
     </span>
    </p>
   </div>
   <div class='ocr_carea' id='block_1_84' title="bbox 2116 3994 2638 4052">
    <p class='ocr_par' dir='ltr' id='par_1_84' title="bbox 2116 3994 2638 4052">
     <span class='ocr_line' id='line_1_84' title="bbox 2116 3994 2638 4052; baseline -0.006 0"><span class='ocrx_word' id='word_1_567' title='bbox 2116 4005 2295 4052; x_wconf 89' lang='lat' dir='ltr'><strong>tamen</strong></span> <span class='ocrx_word' id='word_1_568' title='bbox 2338 4012 2445 4050; x_wconf 91' lang='lat' dir='ltr'><strong>non</strong></span> <span class='ocrx_word' id='word_1_569' title='bbox 2487 3994 2638 4050; x_wconf 82' lang='lat' dir='ltr'><strong>licet.</strong></span> 
     </span>
    </p>
   </div>
   <div class='ocr_carea' id='block_1_85' title="bbox 2189 4087 3709 4163">
    <p class='ocr_par' dir='ltr' id='par_1_85' title="bbox 2189 4087 3709 4163">
     <span class='ocr_line' id='line_1_85' title="bbox 2189 4087 3709 4163; baseline 0.004 -21"><span class='ocrx_word' id='word_1_570' title='bbox 2189 4089 2408 4144; x_wconf 82' lang='lat' dir='ltr'><strong>Diutius</strong></span> <span class='ocrx_word' id='word_1_571' title='bbox 2438 4089 2625 4144; x_wconf 75' lang='lat' dir='ltr'><strong>vivere</strong></span> <span class='ocrx_word' id='word_1_572' title='bbox 2656 4088 2859 4159; x_wconf 89' lang='lat' dir='ltr'><strong>Cyprio</strong></span> <span class='ocrx_word' id='word_1_573' title='bbox 2895 4087 3088 4143; x_wconf 87' lang='lat' dir='ltr'><strong>datum</strong></span> <span class='ocrx_word' id='word_1_574' title='bbox 3113 4104 3222 4144; x_wconf 84' lang='lat' dir='ltr'><strong>non</strong></span> <span class='ocrx_word' id='word_1_575' title='bbox 3258 4098 3346 4145; x_wconf 83' lang='lat' dir='ltr'><strong>est</strong></span> <span class='ocrx_word' id='word_1_576' title='bbox 3369 4108 3384 4145; x_wconf 89' lang='lat'><strong>:</strong></span> <span class='ocrx_word' id='word_1_577' title='bbox 3411 4090 3709 4163; x_wconf 71' lang='lat' dir='ltr'><strong>Languere</strong></span> 
     </span>
    </p>
   </div>
   <div class='ocr_carea' id='block_1_86' title="bbox 2117 4180 3710 4251">
    <p class='ocr_par' dir='ltr' id='par_1_86' title="bbox 2117 4180 3710 4251">
     <span class='ocr_line' id='line_1_86' title="bbox 2117 4180 3710 4251; baseline 0.003 -15"><span class='ocrx_word' id='word_1_578' title='bbox 2117 4197 2346 4251; x_wconf 65' lang='lat' dir='ltr'><strong>namque</strong></span> <span class='ocrx_word' id='word_1_579' title='bbox 2393 4181 2598 4234; x_wconf 80' lang='lat' dir='ltr'><strong>dierum</strong></span> <span class='ocrx_word' id='word_1_580' title='bbox 2651 4180 2939 4234; x_wconf 61' lang='lat' dir='ltr'><strong>multorum</strong></span> <span class='ocrx_word' id='word_1_581' title='bbox 2982 4182 3292 4248; x_wconf 75' lang='lat' dir='ltr'><strong>exhaustus,</strong></span> <span class='ocrx_word' id='word_1_582' title='bbox 3342 4184 3529 4238; x_wconf 73' lang='lat' dir='ltr'><strong>verbis</strong></span> <span class='ocrx_word' id='word_1_583' title='bbox 3571 4196 3710 4240; x_wconf 83' lang='lat' dir='ltr'><strong>utor</strong></span> 
     </span>
    </p>
   </div>
   <div class='ocr_carea' id='block_1_87' title="bbox 2117 4260 3708 4344">
    <p class='ocr_par' dir='ltr' id='par_1_87' title="bbox 2117 4260 3708 4344">
     <span class='ocr_line' id='line_1_87' title="bbox 2117 4260 3708 4344; baseline 0 -14"><span class='ocrx_word' id='word_1_584' title='bbox 2117 4260 2472 4344; x_wconf 10' lang='lat' dir='ltr'><strong>Piachymeris</strong></span> <span class='ocrx_word' id='word_1_585' title='bbox 2534 4274 2714 4342; x_wconf 82' lang='lat' dir='ltr'><strong>capite</strong></span> <span class='ocrx_word' id='word_1_586' title='bbox 2774 4272 2861 4339; x_wconf 82' lang='grc' dir='ltr'><strong>Π,</strong></span> <span class='ocrx_word' id='word_1_587' title='bbox 2925 4280 2981 4326; x_wconf 85' lang='lat' dir='ltr'><strong>et</strong></span> <span class='ocrx_word' id='word_1_588' title='bbox 3042 4282 3099 4327; x_wconf 91' lang='lat' dir='ltr'><strong>ut</strong></span> <span class='ocrx_word' id='word_1_589' title='bbox 3160 4275 3381 4344; x_wconf 82' lang='lat' dir='ltr'><strong>quidam</strong></span> <span class='ocrx_word' id='word_1_590' title='bbox 3439 4275 3708 4342; x_wconf 83' lang='lat' dir='ltr'><strong>aiebant,</strong></span> 
     </span>
    </p>
   </div>
   <div class='ocr_carea' id='block_1_88' title="bbox 2118 4365 3713 4437">
    <p class='ocr_par' dir='ltr' id='par_1_88' title="bbox 2118 4365 3713 4437">
     <span class='ocr_line' id='line_1_88' title="bbox 2118 4365 3713 4437; baseline 0.001 -17"><span class='ocrx_word' id='word_1_591' title='bbox 2118 4365 2436 4437; x_wconf 66' lang='lat' dir='ltr'><strong>egritudine</strong></span> <span class='ocrx_word' id='word_1_592' title='bbox 2466 4366 2630 4419; x_wconf 86' lang='lat' dir='ltr'><strong>animi</strong></span> <span class='ocrx_word' id='word_1_593' title='bbox 2677 4365 2966 4435; x_wconf 71' lang='lat' dir='ltr'><strong>confectus,</strong></span> <span class='ocrx_word' id='word_1_594' title='bbox 3000 4365 3139 4433; x_wconf 83' lang='lat' dir='ltr'><strong>quod</strong></span> <span class='ocrx_word' id='word_1_595' title='bbox 3187 4381 3250 4419; x_wconf 79' lang='lat' dir='ltr'><strong>ea:</strong></span> <span class='ocrx_word' id='word_1_596' title='bbox 3282 4365 3414 4419; x_wconf 86' lang='lat' dir='ltr'><strong>olim</strong></span> <span class='ocrx_word' id='word_1_597' title='bbox 3444 4373 3558 4420; x_wconf 85' lang='lat' dir='ltr'><strong>tam</strong></span> <span class='ocrx_word' id='word_1_598' title='bbox 3610 4369 3713 4422; x_wconf 80' lang='lat' dir='ltr'><strong>Ito-</strong></span> 
     </span>
    </p>
   </div>
   <div class='ocr_carea' id='block_1_89' title="bbox 439 4452 3713 4535">
    <p class='ocr_par' dir='ltr' id='par_1_89' title="bbox 439 4452 3713 4535">
     <span class='ocr_line' id='line_1_89' title="bbox 439 4452 3713 4535; baseline -0.005 -10"><span class='ocrx_word' id='word_1_599' title='bbox 439 4486 595 4526; x_wconf 87' lang='lat' dir='ltr'><strong>nurn.</strong></span> <span class='ocrx_word' id='word_1_600' title='bbox 626 4470 660 4522; x_wconf 84' lang='grc'><strong>’5</strong></span> <span class='ocrx_word' id='word_1_601' title='bbox 691 4467 988 4535; x_wconf 85' lang='lat' dir='ltr'><strong>descripta.</strong></span> <span class='ocrx_word' id='word_1_602' title='bbox 1023 4482 1042 4515; x_wconf 77' lang='grc' dir='ltr'>ι</span> <span class='ocrx_word' id='word_1_603' title='bbox 1080 4462 1355 4516; x_wconf 80' lang='lat' dir='ltr'><strong>Ponamus</strong></span> <span class='ocrx_word' id='word_1_604' title='bbox 1391 4471 1522 4527; x_wconf 82' lang='lat' dir='ltr'><strong>ergo</strong></span> <span class='ocrx_word' id='word_1_605' title='bbox 1567 4455 1699 4509; x_wconf 88' lang='lat' dir='ltr'><strong>licet</strong></span> <span class='ocrx_word' id='word_1_606' title='bbox 1737 4452 2012 4524; x_wconf 85' lang='lat' dir='ltr'><strong>(sequitur</strong></span> <span class='ocrx_word' id='word_1_607' title='bbox 2045 4457 2088 4512; x_wconf 89' lang='lat' dir='ltr'><strong>D</strong></span> <span class='ocrx_word' id='word_1_608' title='bbox 2121 4466 2332 4521; x_wconf 67' lang='grc' dir='ltr'><strong>ποτ-ατο,</strong></span> <span class='ocrx_word' id='word_1_609' title='bbox 2370 4468 2481 4511; x_wconf 86' lang='lat' dir='ltr'><strong>tum</strong></span> <span class='ocrx_word' id='word_1_610' title='bbox 2529 4472 2585 4509; x_wconf 81' lang='lat' dir='ltr'><strong>se</strong></span> <span class='ocrx_word' id='word_1_611' title='bbox 2624 4457 2775 4510; x_wconf 78' lang='lat' dir='ltr'><strong>hodie</strong></span> <span class='ocrx_word' id='word_1_612' title='bbox 2808 4466 3166 4520; x_wconf 80' lang='lat' dir='ltr'><strong>contemptum</strong></span> <span class='ocrx_word' id='word_1_613' title='bbox 3211 4468 3492 4522; x_wconf 84' lang='lat' dir='ltr'><strong>cerneret;</strong></span> <span class='ocrx_word' id='word_1_614' title='bbox 3534 4461 3713 4529; x_wconf 77' lang='lat' dir='ltr'><strong>paulo</strong></span> 
     </span>
    </p>
   </div>
   <div class='ocr_carea' id='block_1_90' title="bbox 440 4545 2011 4633">
    <p class='ocr_par' dir='ltr' id='par_1_90' title="bbox 440 4545 2011 4633">
     <span class='ocr_line' id='line_1_90' title="bbox 440 4545 2011 4633; baseline -0.015 -13"><span class='ocrx_word' id='word_1_615' title='bbox 440 4562 755 4633; x_wconf 85' lang='lat' dir='ltr'><strong>Possinus),</strong></span> <span class='ocrx_word' id='word_1_616' title='bbox 793 4556 1205 4614; x_wconf 88' lang='lat' dir='ltr'><strong>abdicationem</strong></span> <span class='ocrx_word' id='word_1_617' title='bbox 1238 4551 1449 4625; x_wconf 73' lang='lat' dir='ltr'><strong>Cyprii,</strong></span> <span class='ocrx_word' id='word_1_618' title='bbox 1483 4559 1541 4604; x_wconf 89' lang='lat' dir='ltr'><strong>et</strong></span> <span class='ocrx_word' id='word_1_619' title='bbox 1574 4561 1855 4603; x_wconf 80' lang='lat' dir='ltr'><strong>secessum</strong></span> <span class='ocrx_word' id='word_1_620' title='bbox 1891 4545 2011 4615; x_wconf 88' lang='lat' dir='ltr'><strong>ejus</strong></span> 
     </span>
    </p>
   </div>
   <div class='ocr_carea' id='block_1_91' title="bbox 440 4636 2013 4714">
    <p class='ocr_par' dir='ltr' id='par_1_91' title="bbox 440 4636 2013 4714">
     <span class='ocr_line' id='line_1_91' title="bbox 440 4636 2013 4714; baseline -0.013 0"><span class='ocrx_word' id='word_1_621' title='bbox 440 4660 495 4714; x_wconf 89' lang='lat' dir='ltr'><strong>in</strong></span> <span class='ocrx_word' id='word_1_622' title='bbox 549 4654 946 4711; x_wconf 82' lang='lat' dir='ltr'><strong>monasterium</strong></span> <span class='ocrx_word' id='word_1_623' title='bbox 986 4649 1268 4707; x_wconf 70' lang='lat' dir='ltr'><strong>Aristinaa,</strong></span> <span class='ocrx_word' id='word_1_624' title='bbox 1325 4659 1513 4699; x_wconf 85' lang='lat' dir='ltr'><strong>mense</strong></span> <span class='ocrx_word' id='word_1_625' title='bbox 1547 4640 1686 4695; x_wconf 80' lang='lat' dir='ltr'><strong>Maio</strong></span> <span class='ocrx_word' id='word_1_626' title='bbox 1720 4648 1815 4693; x_wconf 90' lang='lat' dir='ltr'><strong>aut</strong></span> <span class='ocrx_word' id='word_1_627' title='bbox 1848 4636 2013 4693; x_wconf 87' lang='lat' dir='ltr'><strong>Junio</strong></span> 
     </span>
    </p>
   </div>
   <div class='ocr_carea' id='block_1_92' title="bbox 439 4733 2013 4807">
    <p class='ocr_par' dir='ltr' id='par_1_92' title="bbox 439 4733 2013 4807">
     <span class='ocr_line' id='line_1_92' title="bbox 439 4733 2013 4807; baseline -0.013 1"><span class='ocrx_word' id='word_1_628' title='bbox 439 4751 571 4807; x_wconf 86' lang='lat' dir='ltr'><strong>anni</strong></span> <span class='ocrx_word' id='word_1_629' title='bbox 620 4748 785 4803; x_wconf 89' lang='lat' dir='ltr'><strong>modo</strong></span> <span class='ocrx_word' id='word_1_630' title='bbox 835 4740 1124 4799; x_wconf 86' lang='lat' dir='ltr'><strong>memorati</strong></span> <span class='ocrx_word' id='word_1_631' title='bbox 1159 4755 1189 4793; x_wconf 91' lang='lat' dir='ltr'><strong>a</strong></span> <span class='ocrx_word' id='word_1_632' title='bbox 1235 4737 1459 4792; x_wconf 88' lang='lat' dir='ltr'><strong>Christo</strong></span> <span class='ocrx_word' id='word_1_633' title='bbox 1507 4745 1637 4790; x_wconf 89' lang='lat' dir='ltr'><strong>nato</strong></span> <span class='ocrx_word' id='word_1_634' title='bbox 1690 4733 1824 4791; x_wconf 73' lang='lat'><strong>1289</strong></span> <span class='ocrx_word' id='word_1_635' title='bbox 1863 4733 2013 4789; x_wconf 84' lang='lat' dir='ltr'><strong>acci-</strong></span> 
     </span>
    </p>
   </div>
   <div class='ocr_carea' id='block_1_93' title="bbox 440 4830 2018 4903">
    <p class='ocr_par' dir='ltr' id='par_1_93' title="bbox 440 4830 2018 4903">
     <span class='ocr_line' id='line_1_93' title="bbox 440 4830 2018 4903; baseline -0.022 -2"><span class='ocrx_word' id='word_1_636' title='bbox 440 4846 611 4901; x_wconf 87' lang='lat' dir='ltr'><strong>disse.</strong></span> <span class='ocrx_word' id='word_1_637' title='bbox 659 4860 676 4893; x_wconf 80' lang='grc' dir='ltr'><strong><em>ι</em></strong></span> <span class='ocrx_word' id='word_1_638' title='bbox 732 4840 787 4894; x_wconf 88' lang='lat' dir='ltr'><strong>1d</strong></span> <span class='ocrx_word' id='word_1_639' title='bbox 837 4836 1087 4891; x_wconf 86' lang='lat' dir='ltr'><strong>accidere</strong></span> <span class='ocrx_word' id='word_1_640' title='bbox 1136 4833 1407 4903; x_wconf 85' lang='lat' dir='ltr'><strong>potuisse,</strong></span> <span class='ocrx_word' id='word_1_641' title='bbox 1453 4830 1644 4899; x_wconf 89' lang='lat' dir='ltr'><strong>inquio</strong></span> <span class='ocrx_word' id='word_1_642' title='bbox 1697 4844 1796 4898; x_wconf 77' lang='lat' dir='ltr'><strong>ego</strong></span> <span class='ocrx_word' id='word_1_643' title='bbox 1849 4843 1865 4881; x_wconf 72' lang='grc' dir='ltr'><strong>ι</strong></span> <span class='ocrx_word' id='word_1_644' title='bbox 1918 4841 2018 4882; x_wconf 73' lang='lat' dir='ltr'><strong>ne-</strong></span> 
     </span>
    </p>
   </div>
   <div class='ocr_carea' id='block_1_94' title="bbox 442 4924 2018 5008">
    <p class='ocr_par' dir='ltr' id='par_1_94' title="bbox 442 4924 2018 5008">
     <span class='ocr_line' id='line_1_94' title="bbox 442 4924 2018 5008; baseline -0.01 -18"><span class='ocrx_word' id='word_1_645' title='bbox 442 4953 550 5008; x_wconf 86' lang='lat' dir='ltr'><strong>que</strong></span> <span class='ocrx_word' id='word_1_646' title='bbox 615 4944 798 4989; x_wconf 87' lang='lat' dir='ltr'><strong>tamen</strong></span> <span class='ocrx_word' id='word_1_647' title='bbox 858 4929 1226 5001; x_wconf 83' lang='lat' dir='ltr'><strong>posteriorem</strong></span> <span class='ocrx_word' id='word_1_648' title='bbox 1298 4924 1470 4977; x_wconf 89' lang='lat' dir='ltr'><strong>alium</strong></span> <span class='ocrx_word' id='word_1_649' title='bbox 1544 4936 1789 4975; x_wconf 78' lang='lat' dir='ltr'><strong>mensem</strong></span> <span class='ocrx_word' id='word_1_650' title='bbox 1865 4930 2018 4975; x_wconf 84' lang='lat' dir='ltr'><strong>certo</strong></span> 
     </span>
    </p>
   </div>
   <div class='ocr_carea' id='block_1_95' title="bbox 443 5012 2016 5101">
    <p class='ocr_par' dir='ltr' id='par_1_95' title="bbox 443 5012 2016 5101">
     <span class='ocr_line' id='line_1_95' title="bbox 443 5012 2016 5101; baseline -0.012 -16"><span class='ocrx_word' id='word_1_651' title='bbox 443 5030 596 5101; x_wconf 85' lang='lat' dir='ltr'><strong>rejici</strong></span> <span class='ocrx_word' id='word_1_652' title='bbox 635 5039 830 5098; x_wconf 85' lang='lat' dir='ltr'><strong>posse.</strong></span> <span class='ocrx_word' id='word_1_653' title='bbox 869 5021 1003 5076; x_wconf 88' lang='lat' dir='ltr'><strong>satis</strong></span> <span class='ocrx_word' id='word_1_654' title='bbox 1054 5017 1425 5089; x_wconf 80' lang='lat' dir='ltr'><strong>patefacient,</strong></span> <span class='ocrx_word' id='word_1_655' title='bbox 1459 5031 1583 5085; x_wconf 72' lang='lat' dir='ltr'><strong>qua:</strong></span> <span class='ocrx_word' id='word_1_656' title='bbox 1618 5030 1743 5068; x_wconf 80' lang='lat' dir='ltr'><strong>mox</strong></span> <span class='ocrx_word' id='word_1_657' title='bbox 1784 5012 2016 5069; x_wconf 87' lang='lat' dir='ltr'><strong>dicenda</strong></span> 
     </span>
    </p>
   </div>
   <div class='ocr_carea' id='block_1_96' title="bbox 440 5131 589 5178">
    <p class='ocr_par' dir='ltr' id='par_1_96' title="bbox 440 5131 589 5178">
     <span class='ocr_line' id='line_1_96' title="bbox 440 5131 589 5178; baseline -0.027 0"><span class='ocrx_word' id='word_1_658' title='bbox 440 5131 589 5178; x_wconf 88' lang='lat' dir='ltr'><strong>sunt.</strong></span> 
     </span>
    </p>
   </div>
   <div class='ocr_carea' id='block_1_97' title="bbox 517 5200 2020 5273">
    <p class='ocr_par' dir='ltr' id='par_1_97' title="bbox 517 5200 2020 5273">
     <span class='ocr_line' id='line_1_97' title="bbox 517 5200 2020 5273; baseline -0.01 -3"><span class='ocrx_word' id='word_1_659' title='bbox 517 5215 607 5270; x_wconf 78' lang='lat' dir='ltr'><strong>Vl.</strong></span> <span class='ocrx_word' id='word_1_660' title='bbox 647 5213 859 5268; x_wconf 86' lang='lat' dir='ltr'><strong>Libello</strong></span> <span class='ocrx_word' id='word_1_661' title='bbox 890 5210 1262 5267; x_wconf 85' lang='lat' dir='ltr'><strong>abdicationis</strong></span> <span class='ocrx_word' id='word_1_662' title='bbox 1289 5210 1443 5270; x_wconf 89' lang='lat' dir='ltr'><strong>dato,</strong></span> <span class='ocrx_word' id='word_1_663' title='bbox 1477 5222 1532 5260; x_wconf 86' lang='lat' dir='ltr'><strong>se</strong></span> <span class='ocrx_word' id='word_1_664' title='bbox 1562 5203 1759 5258; x_wconf 87' lang='lat' dir='ltr'><strong>abdidit</strong></span> <span class='ocrx_word' id='word_1_665' title='bbox 1784 5200 2020 5273; x_wconf 79' lang='lat' dir='ltr'><strong>Cyprius</strong></span> 
     </span>
    </p>
   </div>
   <div class='ocr_carea' id='block_1_98' title="bbox 444 5295 2022 5370">
    <p class='ocr_par' dir='ltr' id='par_1_98' title="bbox 444 5295 2022 5370">
     <span class='ocr_line' id='line_1_98' title="bbox 444 5295 2022 5370; baseline -0.011 -7"><span class='ocrx_word' id='word_1_666' title='bbox 444 5310 499 5363; x_wconf 88' lang='lat' dir='ltr'><strong>in</strong></span> <span class='ocrx_word' id='word_1_667' title='bbox 535 5306 965 5361; x_wconf 73' lang='lat' dir='ltr'><strong>monasteriolum</strong></span> <span class='ocrx_word' id='word_1_668' title='bbox 1017 5304 1290 5366; x_wconf 67' lang='lat' dir='ltr'><strong>Aristium,</strong></span> <span class='ocrx_word' id='word_1_669' title='bbox 1346 5301 1652 5370; x_wconf 83' lang='lat' dir='ltr'><strong>contiguum</strong></span> <span class='ocrx_word' id='word_1_670' title='bbox 1704 5295 2022 5351; x_wconf 87' lang='lat' dir='ltr'><strong>monasterio</strong></span> 
     </span>
    </p>
   </div>
   <div class='ocr_carea' id='block_1_99' title="bbox 444 5386 2023 5461">
    <p class='ocr_par' dir='ltr' id='par_1_99' title="bbox 444 5386 2023 5461">
     <span class='ocr_line' id='line_1_99' title="bbox 444 5386 2023 5461; baseline -0.011 -7"><span class='ocrx_word' id='word_1_671' title='bbox 444 5401 632 5455; x_wconf 84' lang='lat' dir='ltr'><strong>Sancti</strong></span> <span class='ocrx_word' id='word_1_672' title='bbox 666 5401 891 5454; x_wconf 73' lang='lat' dir='ltr'><strong>Andron:</strong></span> <span class='ocrx_word' id='word_1_673' title='bbox 954 5398 1009 5452; x_wconf 90' lang='lat' dir='ltr'><strong>in</strong></span> <span class='ocrx_word' id='word_1_674' title='bbox 1043 5396 1200 5461; x_wconf 82' lang='lat' dir='ltr'><strong>Grisi,</strong></span> <span class='ocrx_word' id='word_1_675' title='bbox 1249 5395 1495 5449; x_wconf 75' lang='lat' dir='ltr'><strong>viciniora</strong></span> <span class='ocrx_word' id='word_1_676' title='bbox 1545 5392 1599 5445; x_wconf 89' lang='lat' dir='ltr'><strong>in</strong></span> <span class='ocrx_word' id='word_1_677' title='bbox 1653 5390 1774 5442; x_wconf 87' lang='lat' dir='ltr'><strong>talis</strong></span> <span class='ocrx_word' id='word_1_678' title='bbox 1818 5386 2023 5441; x_wconf 86' lang='lat' dir='ltr'><strong>delectu</strong></span> 
     </span>
    </p>
   </div>
   <div class='ocr_carea' id='block_1_100' title="bbox 446 5478 2025 5560">
    <p class='ocr_par' dir='ltr' id='par_1_100' title="bbox 446 5478 2025 5560">
     <span class='ocr_line' id='line_1_100' title="bbox 446 5478 2025 5560; baseline -0.01 -15"><span class='ocrx_word' id='word_1_679' title='bbox 446 5490 546 5545; x_wconf 83' lang='lat' dir='ltr'><strong>loci</strong></span> <span class='ocrx_word' id='word_1_680' title='bbox 581 5505 795 5560; x_wconf 72' lang='lat' dir='ltr'><strong>sequens</strong></span> <span class='ocrx_word' id='word_1_681' title='bbox 835 5486 1250 5558; x_wconf 74' lang='lat' dir='ltr'><strong>protdvestiariw</strong></span> <span class='ocrx_word' id='word_1_682' title='bbox 1294 5485 1588 5546; x_wconf 70' lang='lat' dir='ltr'><strong>Raulaznae,</strong></span> <span class='ocrx_word' id='word_1_683' title='bbox 1640 5482 1695 5534; x_wconf 89' lang='lat' dir='ltr'><strong>in</strong></span> <span class='ocrx_word' id='word_1_684' title='bbox 1729 5496 1788 5533; x_wconf 84' lang='lat' dir='ltr'><strong>eo</strong></span> <span class='ocrx_word' id='word_1_685' title='bbox 1839 5478 2025 5533; x_wconf 86' lang='lat' dir='ltr'><strong>Sancti</strong></span> 
     </span>
    </p>
   </div>
   <div class='ocr_carea' id='block_1_101' title="bbox 443 5571 2027 5649">
    <p class='ocr_par' dir='ltr' id='par_1_101' title="bbox 443 5571 2027 5649">
     <span class='ocr_line' id='line_1_101' title="bbox 443 5571 2027 5649; baseline -0.01 -10"><span class='ocrx_word' id='word_1_686' title='bbox 443 5582 672 5640; x_wconf 75' lang='lat' dir='ltr'><strong>Andrea:</strong></span> <span class='ocrx_word' id='word_1_687' title='bbox 723 5582 1042 5635; x_wconf 76' lang='lat' dir='ltr'><strong>monasterio</strong></span> <span class='ocrx_word' id='word_1_688' title='bbox 1076 5579 1357 5649; x_wconf 79' lang='lat' dir='ltr'><strong>degentis:</strong></span> <span class='ocrx_word' id='word_1_689' title='bbox 1400 5595 1432 5630; x_wconf 91' lang='lat' dir='ltr'><strong>a</strong></span> <span class='ocrx_word' id='word_1_690' title='bbox 1477 5593 1581 5646; x_wconf 88' lang='lat' dir='ltr'><strong>qua</strong></span> <span class='ocrx_word' id='word_1_691' title='bbox 1620 5574 1903 5643; x_wconf 82' lang='lat' dir='ltr'><strong>Gregorius</strong></span> <span class='ocrx_word' id='word_1_692' title='bbox 1943 5571 2027 5624; x_wconf 84' lang='lat' dir='ltr'><strong>be-</strong></span> 
     </span>
    </p>
   </div>
   <div class='ocr_carea' id='block_1_102' title="bbox 448 5667 2026 5745">
    <p class='ocr_par' dir='ltr' id='par_1_102' title="bbox 448 5667 2026 5745">
     <span class='ocr_line' id='line_1_102' title="bbox 448 5667 2026 5745; baseline -0.01 -16"><span class='ocrx_word' id='word_1_693' title='bbox 448 5677 605 5744; x_wconf 75' lang='lat' dir='ltr'><strong>nigne</strong></span> <span class='ocrx_word' id='word_1_694' title='bbox 635 5675 939 5745; x_wconf 65' lang='lat' dir='ltr'><strong>fovebatur,</strong></span> <span class='ocrx_word' id='word_1_695' title='bbox 994 5673 1141 5743; x_wconf 85' lang='lat' dir='ltr'><strong>large</strong></span> <span class='ocrx_word' id='word_1_696' title='bbox 1186 5672 1249 5724; x_wconf 87' lang='lat' dir='ltr'><strong>de</strong></span> <span class='ocrx_word' id='word_1_697' title='bbox 1286 5686 1382 5723; x_wconf 82' lang='lat' dir='ltr'><strong>suo</strong></span> <span class='ocrx_word' id='word_1_698' title='bbox 1426 5667 1864 5722; x_wconf 84' lang='lat' dir='ltr'><strong>subministrante</strong></span> <span class='ocrx_word' id='word_1_699' title='bbox 1910 5679 2026 5732; x_wconf 68' lang='lat' dir='ltr'><strong>quis</strong></span> 
     </span>
    </p>
   </div>
   <div class='ocr_carea' id='block_1_103' title="bbox 436 5755 2020 5838">
    <p class='ocr_par' dir='ltr' id='par_1_103' title="bbox 436 5755 2020 5838">
     <span class='ocr_line' id='line_1_103' title="bbox 436 5755 2020 5838; baseline -0.008 -15"><span class='ocrx_word' id='word_1_700' title='bbox 436 5767 530 5823; x_wconf 84' lang='lat' dir='ltr'><strong>illi</strong></span> <span class='ocrx_word' id='word_1_701' title='bbox 562 5784 690 5838; x_wconf 81' lang='lat' dir='ltr'><strong>opus</strong></span> <span class='ocrx_word' id='word_1_702' title='bbox 719 5775 890 5822; x_wconf 83' lang='lat' dir='ltr'><strong>crant.</strong></span> <span class='ocrx_word' id='word_1_703' title='bbox 924 5766 1047 5822; x_wconf 76' lang='lat' dir='ltr'><strong>llzcc</strong></span> <span class='ocrx_word' id='word_1_704' title='bbox 1080 5764 1440 5835; x_wconf 79' lang='lat' dir='ltr'><strong>Pachyntcres</strong></span> <span class='ocrx_word' id='word_1_705' title='bbox 1483 5767 1675 5816; x_wconf 81' lang='lat' dir='ltr'><strong>narrat</strong></span> <span class='ocrx_word' id='word_1_706' title='bbox 1720 5757 1900 5828; x_wconf 86' lang='lat' dir='ltr'><strong>capite</strong></span> <span class='ocrx_word' id='word_1_707' title='bbox 1933 5755 2020 5810; x_wconf 83' lang='lat' dir='ltr'><strong>l0.</strong></span> 
     </span>
    </p>
   </div>
   <div class='ocr_carea' id='block_1_104' title="bbox 2116 4547 3714 4619">
    <p class='ocr_par' dir='ltr' id='par_1_104' title="bbox 2116 4547 3714 4619">
     <span class='ocr_line' id='line_1_104' title="bbox 2116 4547 3714 4619; baseline 0.001 -15"><span class='ocrx_word' id='word_1_708' title='bbox 2116 4559 2232 4619; x_wconf 88' lang='lat' dir='ltr'><strong>post</strong></span> <span class='ocrx_word' id='word_1_709' title='bbox 2275 4551 2447 4604; x_wconf 83' lang='lat' dir='ltr'><strong>vivere</strong></span> <span class='ocrx_word' id='word_1_710' title='bbox 2498 4549 2671 4603; x_wconf 82' lang='lat' dir='ltr'><strong>desiit.</strong></span> <span class='ocrx_word' id='word_1_711' title='bbox 2724 4547 3003 4603; x_wconf 86' lang='lat' dir='ltr'><strong>lnlirmam</strong></span> <span class='ocrx_word' id='word_1_712' title='bbox 3060 4564 3397 4619; x_wconf 75' lang='lat' dir='ltr'><strong>gravemque</strong></span> <span class='ocrx_word' id='word_1_713' title='bbox 3444 4554 3533 4605; x_wconf 83' lang='lat' dir='ltr'><strong>sui</strong></span> <span class='ocrx_word' id='word_1_714' title='bbox 3576 4568 3714 4606; x_wconf 86' lang='lat' dir='ltr'><strong>cor-</strong></span> 
     </span>
    </p>
   </div>
   <div class='ocr_carea' id='block_1_105' title="bbox 2115 4639 3716 4710">
    <p class='ocr_par' dir='ltr' id='par_1_105' title="bbox 2115 4639 3716 4710">
     <span class='ocr_line' id='line_1_105' title="bbox 2115 4639 3716 4710; baseline 0.004 -17"><span class='ocrx_word' id='word_1_715' title='bbox 2115 4641 2268 4710; x_wconf 82' lang='lat' dir='ltr'><strong>poris</strong></span> <span class='ocrx_word' id='word_1_716' title='bbox 2306 4640 2687 4696; x_wconf 86' lang='lat' dir='ltr'><strong>habitudinem</strong></span> <span class='ocrx_word' id='word_1_717' title='bbox 2723 4648 2957 4695; x_wconf 84' lang='lat' dir='ltr'><strong>testatur</strong></span> <span class='ocrx_word' id='word_1_718' title='bbox 2986 4642 3105 4710; x_wconf 83' lang='lat' dir='ltr'><strong>ipse</strong></span> <span class='ocrx_word' id='word_1_719' title='bbox 3134 4641 3191 4696; x_wconf 89' lang='lat' dir='ltr'><strong>in</strong></span> <span class='ocrx_word' id='word_1_720' title='bbox 3233 4639 3356 4696; x_wconf 79' lang='lat' dir='ltr'><strong>Vita</strong></span> <span class='ocrx_word' id='word_1_721' title='bbox 3403 4656 3529 4697; x_wconf 86' lang='lat' dir='ltr'><strong>sua.</strong></span> <span class='ocrx_word' id='word_1_722' title='bbox 3564 4642 3716 4701; x_wconf 81' lang='lat' dir='ltr'><strong>Vide</strong></span> 
     </span>
    </p>
   </div>
   <div class='ocr_carea' id='block_1_106' title="bbox 2115 4732 2427 4788">
    <p class='ocr_par' dir='ltr' id='par_1_106' title="bbox 2115 4732 2427 4788">
     <span class='ocr_line' id='line_1_106' title="bbox 2115 4732 2427 4788; baseline -0.003 -1"><span class='ocrx_word' id='word_1_723' title='bbox 2115 4743 2301 4788; x_wconf 87' lang='lat' dir='ltr'><strong>notam</strong></span> <span class='ocrx_word' id='word_1_724' title='bbox 2337 4732 2427 4787; x_wconf 75' lang='lat'><strong>&#39;52.</strong></span> 
     </span>
    </p>
   </div>
   <div class='ocr_carea' id='block_1_107' title="bbox 2737 4865 3074 4923">
    <p class='ocr_par' dir='ltr' id='par_1_107' title="bbox 2737 4865 3074 4923">
     <span class='ocr_line' id='line_1_107' title="bbox 2737 4865 3074 4923; baseline 0 -1"><span class='ocrx_word' id='word_1_725' title='bbox 2737 4865 2966 4923; x_wconf 81' lang='lat' dir='ltr'><strong>CAPUT</strong></span> <span class='ocrx_word' id='word_1_726' title='bbox 3006 4865 3074 4922; x_wconf 79' lang='grc' dir='ltr'><strong>Χ.</strong></span> 
     </span>
    </p>
   </div>
   <div class='ocr_carea' id='block_1_108' title="bbox 2119 4979 3722 5051">
    <p class='ocr_par' dir='ltr' id='par_1_108' title="bbox 2119 4979 3722 5051">
     <span class='ocr_line' id='line_1_108' title="bbox 2119 4979 3722 5051; baseline 0.002 -15"><span class='ocrx_word' id='word_1_727' title='bbox 2119 4982 2347 5037; x_wconf 85' lang='lat' dir='ltr'><strong>Errores</strong></span> <span class='ocrx_word' id='word_1_728' title='bbox 2372 4980 2677 5036; x_wconf 69' lang='lat' dir='ltr'><strong>Grtrcorum</strong></span> <span class='ocrx_word' id='word_1_729' title='bbox 2713 4982 2849 5036; x_wconf 81' lang='lat' dir='ltr'><strong>uarii</strong></span> <span class='ocrx_word' id='word_1_730' title='bbox 2872 4982 2936 5033; x_wconf 87' lang='lat' dir='ltr'><strong>de</strong></span> <span class='ocrx_word' id='word_1_731' title='bbox 2959 4981 3287 5051; x_wconf 82' lang='lat' dir='ltr'><strong>processione</strong></span> <span class='ocrx_word' id='word_1_732' title='bbox 3316 4979 3554 5049; x_wconf 84' lang='lat' dir='ltr'><strong>Spiritus</strong></span> <span class='ocrx_word' id='word_1_733' title='bbox 3578 5000 3722 5039; x_wconf 86' lang='lat' dir='ltr'><strong>san-</strong></span> 
     </span>
    </p>
   </div>
   <div class='ocr_carea' id='block_1_109' title="bbox 2190 5051 3717 5122">
    <p class='ocr_par' dir='ltr' id='par_1_109' title="bbox 2190 5051 3717 5122">
     <span class='ocr_line' id='line_1_109' title="bbox 2190 5051 3717 5122; baseline 0.003 -17"><span class='ocrx_word' id='word_1_734' title='bbox 2190 5055 2260 5105; x_wconf 85' lang='lat' dir='ltr'><strong>cti</strong></span> <span class='ocrx_word' id='word_1_735' title='bbox 2297 5052 2458 5105; x_wconf 86' lang='lat' dir='ltr'><strong>simul</strong></span> <span class='ocrx_word' id='word_1_736' title='bbox 2496 5051 2868 5122; x_wconf 72' lang='lat' dir='ltr'><strong>colliguntur:</strong></span> <span class='ocrx_word' id='word_1_737' title='bbox 2909 5068 2973 5105; x_wconf 90' lang='lat' dir='ltr'><strong>ac</strong></span> <span class='ocrx_word' id='word_1_738' title='bbox 3019 5053 3213 5121; x_wconf 89' lang='lat' dir='ltr'><strong>primo,</strong></span> <span class='ocrx_word' id='word_1_739' title='bbox 3245 5052 3520 5122; x_wconf 81' lang='lat' dir='ltr'><strong>Spiritum</strong></span> <span class='ocrx_word' id='word_1_740' title='bbox 3573 5072 3717 5109; x_wconf 84' lang='lat' dir='ltr'><strong>san-</strong></span> 
     </span>
    </p>
   </div>
   <div class='ocr_carea' id='block_1_110' title="bbox 2193 5121 3724 5192">
    <p class='ocr_par' dir='ltr' id='par_1_110' title="bbox 2193 5121 3724 5192">
     <span class='ocr_line' id='line_1_110' title="bbox 2193 5121 3724 5192; baseline 0.003 -17"><span class='ocrx_word' id='word_1_741' title='bbox 2193 5130 2333 5175; x_wconf 88' lang='lat' dir='ltr'><strong>ctum</strong></span> <span class='ocrx_word' id='word_1_742' title='bbox 2357 5138 2449 5191; x_wconf 83' lang='lat' dir='ltr'><strong>per</strong></span> <span class='ocrx_word' id='word_1_743' title='bbox 2478 5121 2682 5175; x_wconf 82' lang='lat' dir='ltr'><strong>Filium</strong></span> <span class='ocrx_word' id='word_1_744' title='bbox 2705 5138 2808 5192; x_wconf 85' lang='lat' dir='ltr'><strong>non</strong></span> <span class='ocrx_word' id='word_1_745' title='bbox 2834 5124 3113 5192; x_wconf 85' lang='lat' dir='ltr'><strong>procedere</strong></span> <span class='ocrx_word' id='word_1_746' title='bbox 3142 5137 3206 5175; x_wconf 79' lang='lat' dir='ltr'><strong>ea:</strong></span> <span class='ocrx_word' id='word_1_747' title='bbox 3234 5121 3417 5176; x_wconf 80' lang='lat' dir='ltr'><strong>Putre.</strong></span> <span class='ocrx_word' id='word_1_748' title='bbox 3472 5123 3724 5181; x_wconf 71' lang='lat' dir='ltr'><strong>Aiebau‘t</strong></span> 
     </span>
    </p>
   </div>
   <div class='ocr_carea' id='block_1_111' title="bbox 2195 5191 3723 5261">
    <p class='ocr_par' dir='ltr' id='par_1_111' title="bbox 2195 5191 3723 5261">
     <span class='ocr_line' id='line_1_111' title="bbox 2195 5191 3723 5261; baseline 0.003 -15"><span class='ocrx_word' id='word_1_749' title='bbox 2195 5193 2312 5256; x_wconf 87' lang='lat' dir='ltr'><strong>alii,</strong></span> <span class='ocrx_word' id='word_1_750' title='bbox 2363 5195 2415 5245; x_wconf 87' lang='lat' dir='ltr'><strong>in</strong></span> <span class='ocrx_word' id='word_1_751' title='bbox 2452 5192 2685 5261; x_wconf 86' lang='lat' dir='ltr'><strong>ejusdem</strong></span> <span class='ocrx_word' id='word_1_752' title='bbox 2744 5191 2975 5261; x_wconf 85' lang='lat' dir='ltr'><strong>Spiritus</strong></span> <span class='ocrx_word' id='word_1_753' title='bbox 3038 5193 3371 5261; x_wconf 82' lang='lat' dir='ltr'><strong>processione</strong></span> <span class='ocrx_word' id='word_1_754' title='bbox 3426 5208 3493 5246; x_wconf 81' lang='lat' dir='ltr'><strong>ea:</strong></span> <span class='ocrx_word' id='word_1_755' title='bbox 3536 5193 3723 5251; x_wconf 82' lang='lat' dir='ltr'><strong>Patre</strong></span> 
     </span>
    </p>
   </div>
   <div class='ocr_carea' id='block_1_112' title="bbox 2194 5261 3726 5332">
    <p class='ocr_par' dir='ltr' id='par_1_112' title="bbox 2194 5261 3726 5332">
     <span class='ocr_line' id='line_1_112' title="bbox 2194 5261 3726 5332; baseline 0 -14"><span class='ocrx_word' id='word_1_756' title='bbox 2194 5262 2599 5318; x_wconf 82' lang='lat' dir='ltr'><strong>instrumentale</strong></span> <span class='ocrx_word' id='word_1_757' title='bbox 2635 5262 2984 5315; x_wconf 85' lang='lat' dir='ltr'><strong>ministerium</strong></span> <span class='ocrx_word' id='word_1_758' title='bbox 3020 5264 3256 5332; x_wconf 72' lang='lat' dir='ltr'><strong>prarbere</strong></span> <span class='ocrx_word' id='word_1_759' title='bbox 3292 5261 3517 5317; x_wconf 73' lang='lat' dir='ltr'><strong>Filium.</strong></span> <span class='ocrx_word' id='word_1_760' title='bbox 3556 5263 3726 5319; x_wconf 67' lang='lat' dir='ltr'><strong>Prw-</strong></span> 
     </span>
    </p>
   </div>
   <div class='ocr_carea' id='block_1_113' title="bbox 2197 5332 3723 5405">
    <p class='ocr_par' dir='ltr' id='par_1_113' title="bbox 2197 5332 3723 5405">
     <span class='ocr_line' id='line_1_113' title="bbox 2197 5332 3723 5405; baseline 0 -19"><span class='ocrx_word' id='word_1_761' title='bbox 2197 5333 2447 5405; x_wconf 86' lang='lat' dir='ltr'><strong>positioni</strong></span> <span class='ocrx_word' id='word_1_762' title='bbox 2498 5347 2620 5400; x_wconf 81' lang='lat' dir='ltr'><strong>per,</strong></span> <span class='ocrx_word' id='word_1_763' title='bbox 2671 5332 2895 5405; x_wconf 82' lang='lat' dir='ltr'><strong>originis</strong></span> <span class='ocrx_word' id='word_1_764' title='bbox 2941 5332 3204 5394; x_wconf 81' lang='lat' dir='ltr'><strong>ordinem,</strong></span> <span class='ocrx_word' id='word_1_765' title='bbox 3240 5347 3553 5405; x_wconf 23' lang='lat' dir='ltr'><strong>ac‘omnem</strong></span> <span class='ocrx_word' id='word_1_766' title='bbox 3599 5338 3723 5405; x_wconf 61' lang='lat' dir='ltr'><strong>elﬁ-</strong></span> 
     </span>
    </p>
   </div>
   <div class='ocr_carea' id='block_1_114' title="bbox 2197 5402 3725 5472">
    <p class='ocr_par' dir='ltr' id='par_1_114' title="bbox 2197 5402 3725 5472">
     <span class='ocr_line' id='line_1_114' title="bbox 2197 5402 3725 5472; baseline 0.001 -15"><span class='ocrx_word' id='word_1_767' title='bbox 2197 5402 2448 5458; x_wconf 81' lang='lat' dir='ltr'><strong>cientiam</strong></span> <span class='ocrx_word' id='word_1_768' title='bbox 2501 5405 2719 5472; x_wconf 84' lang='lat' dir='ltr'><strong>quidam</strong></span> <span class='ocrx_word' id='word_1_769' title='bbox 2764 5402 3100 5472; x_wconf 80' lang='lat' dir='ltr'><strong>denegantes,</strong></span> <span class='ocrx_word' id='word_1_770' title='bbox 3133 5402 3412 5470; x_wconf 85' lang='lat' dir='ltr'><strong>procedere</strong></span> <span class='ocrx_word' id='word_1_771' title='bbox 3453 5402 3725 5460; x_wconf 71' lang='lat' dir='ltr'><strong>sanctum</strong></span> 
     </span>
    </p>
   </div>
   <div class='ocr_carea' id='block_1_115' title="bbox 2200 5471 3724 5544">
    <p class='ocr_par' dir='ltr' id='par_1_115' title="bbox 2200 5471 3724 5544">
     <span class='ocr_line' id='line_1_115' title="bbox 2200 5471 3724 5544; baseline 0.001 -16"><span class='ocrx_word' id='word_1_772' title='bbox 2200 5474 2460 5544; x_wconf 86' lang='lat' dir='ltr'><strong>Spiritum</strong></span> <span class='ocrx_word' id='word_1_773' title='bbox 2487 5488 2580 5541; x_wconf 86' lang='lat' dir='ltr'><strong>per</strong></span> <span class='ocrx_word' id='word_1_774' title='bbox 2608 5471 2831 5544; x_wconf 74' lang='lat' dir='ltr'><strong>Filium,</strong></span> <span class='ocrx_word' id='word_1_775' title='bbox 2863 5471 3078 5544; x_wconf 68' lang='lat' dir='ltr'><strong>perinde</strong></span> <span class='ocrx_word' id='word_1_776' title='bbox 3108 5487 3215 5544; x_wconf 69' lang='lat' dir='ltr'><strong>esse</strong></span> <span class='ocrx_word' id='word_1_777' title='bbox 3243 5473 3585 5544; x_wconf 70' lang='lat' dir='ltr'><strong>afﬁrmabant</strong></span> <span class='ocrx_word' id='word_1_778' title='bbox 3650 5496 3724 5530; x_wconf 81' lang='lat' dir='ltr'><strong>ac</strong></span> 
     </span>
    </p>
   </div>
   <div class='ocr_carea' id='block_1_116' title="bbox 2199 5540 3720 5615">
    <p class='ocr_par' dir='ltr' id='par_1_116' title="bbox 2199 5540 3720 5615">
     <span class='ocr_line' id='line_1_116' title="bbox 2199 5540 3720 5615; baseline -0.003 -20"><span class='ocrx_word' id='word_1_779' title='bbox 2199 5540 2493 5615; x_wconf 80' lang='lat' dir='ltr'><strong>procedere</strong></span> <span class='ocrx_word' id='word_1_780' title='bbox 2522 5558 2637 5615; x_wconf 70' lang='lat' dir='ltr'><strong>cum</strong></span> <span class='ocrx_word' id='word_1_781' title='bbox 2674 5540 2818 5615; x_wconf 77' lang='lat' dir='ltr'><strong>Filio</strong></span> <span class='ocrx_word' id='word_1_782' title='bbox 2846 5540 2871 5597; x_wconf 19' lang='lat' dir='ltr'><strong>:V</strong></span> <span class='ocrx_word' id='word_1_783' title='bbox 2914 5541 3125 5615; x_wconf 75' lang='lat' dir='ltr'><strong>Gabriel</strong></span> <span class='ocrx_word' id='word_1_784' title='bbox 3156 5540 3378 5596; x_wconf 78' lang='lat' dir='ltr'><strong>Seuerus</strong></span> <span class='ocrx_word' id='word_1_785' title='bbox 3410 5543 3720 5615; x_wconf 74' lang='lat' dir='ltr'><strong>refutatur,</strong></span> 
     </span>
    </p>
   </div>
   <div class='ocr_carea' id='block_1_117' title="bbox 2202 5610 3725 5683">
    <p class='ocr_par' dir='ltr' id='par_1_117' title="bbox 2202 5610 3725 5683">
     <span class='ocr_line' id='line_1_117' title="bbox 2202 5610 3725 5683; baseline 0.001 -16"><span class='ocrx_word' id='word_1_786' title='bbox 2202 5610 2549 5683; x_wconf 70' lang='lat' dir='ltr'><strong>Eﬁicientiam</strong></span> <span class='ocrx_word' id='word_1_787' title='bbox 2586 5610 2869 5683; x_wconf 81' lang='lat' dir='ltr'><strong>Gregorius</strong></span> <span class='ocrx_word' id='word_1_788' title='bbox 2903 5611 3132 5683; x_wconf 82' lang='lat' dir='ltr'><strong>Cyprius</strong></span> <span class='ocrx_word' id='word_1_789' title='bbox 3162 5610 3523 5683; x_wconf 75' lang='lat' dir='ltr'><strong>prprsitioni</strong></span> <span class='ocrx_word' id='word_1_790' title='bbox 3552 5617 3725 5668; x_wconf 79' lang='lat' dir='ltr'><strong>resti-</strong></span> 
     </span>
    </p>
   </div>
   <div class='ocr_carea' id='block_1_118' title="bbox 2203 5681 3724 5752">
    <p class='ocr_par' dir='ltr' id='par_1_118' title="bbox 2203 5681 3724 5752">
     <span class='ocr_line' id='line_1_118' title="bbox 2203 5681 3724 5752; baseline 0.002 -15"><span class='ocrx_word' id='word_1_791' title='bbox 2203 5681 2378 5750; x_wconf 79' lang='lat' dir='ltr'><strong>tuens,</strong></span> <span class='ocrx_word' id='word_1_792' title='bbox 2408 5699 2525 5735; x_wconf 86' lang='lat' dir='ltr'><strong>eum</strong></span> <span class='ocrx_word' id='word_1_793' title='bbox 2559 5681 2815 5752; x_wconf 75' lang='lat' dir='ltr'><strong>referebat</strong></span> <span class='ocrx_word' id='word_1_794' title='bbox 2846 5681 2916 5735; x_wconf 88' lang='lat' dir='ltr'><strong>ad</strong></span> <span class='ocrx_word' id='word_1_795' title='bbox 2940 5681 3228 5751; x_wconf 76' lang='lat' dir='ltr'><strong>quamdam</strong></span> <span class='ocrx_word' id='word_1_796' title='bbox 3257 5684 3496 5752; x_wconf 82' lang='lat' dir='ltr'><strong>Spiritus</strong></span> <span class='ocrx_word' id='word_1_797' title='bbox 3529 5687 3724 5741; x_wconf 82' lang='lat' dir='ltr'><strong>sancti</strong></span> 
     </span>
    </p>
   </div>
   <div class='ocr_carea' id='block_1_119' title="bbox 2202 5751 3718 5821">
    <p class='ocr_par' dir='ltr' id='par_1_119' title="bbox 2202 5751 3718 5821">
     <span class='ocr_line' id='line_1_119' title="bbox 2202 5751 3718 5821; baseline 0.001 -11"><span class='ocrx_word' id='word_1_798' title='bbox 2202 5764 2454 5810; x_wconf 73' lang='lat' dir='ltr'><strong>a&#39;teruam</strong></span> <span class='ocrx_word' id='word_1_799' title='bbox 2490 5751 3049 5821; x_wconf 76' lang='lat' dir='ltr'><strong>exsplendescentiam,</strong></span> <span class='ocrx_word' id='word_1_800' title='bbox 3075 5770 3107 5807; x_wconf 91' lang='lat' dir='ltr'><strong>a</strong></span> <span class='ocrx_word' id='word_1_801' title='bbox 3135 5753 3345 5808; x_wconf 75' lang='lat' dir='ltr'><strong>Deitate</strong></span> <span class='ocrx_word' id='word_1_802' title='bbox 3369 5754 3718 5811; x_wconf 80' lang='lat' dir='ltr'><strong>distinctam.</strong></span> 
     </span>
    </p>
   </div>
  </div>
