3858 6516
178 371 290 438 Ἰ33

1338 372 1540 433 VITA.
1584 392 1653 406 —
1696 348 2203 432 DISSERTATIO
2230 346 2300 432 ’1.

3334 371 3439 436 134

253 484 608 550 Frequentior
635 501 784 537 error
811 495 905 543 (sl.
938 482 1197 551 Spiritum
1232 497 1473 537 sanorum
1498 483 1639 537 sumi
1670 499 1763 551 prp
1796 489 1834 543 Α
1868 482 2040 536 homo
2092 497 2216 536 cum
2275 490 2442 542 esset.
2490 480 2707 536 nonnisi
2759 498 2992 539 erronco
3039 483 3222 553 aliquo
3270 502 3437 553 sensu

251 555 545 626 largitione
597 556 875 617 temporali
923 556 1184 626 (tonorum
1228 568 1245 605 :
1285 564 1333 607 et
1373 555 1511 607 hanc
1552 570 1662 606 esse
1700 567 1763 604 ea:

255 623 423 696 Filio,
451 635 501 679 et
525 642 619 696 per
648 626 872 688 Filium,
903 625 1055 678 sicuti
1085 643 1125 696 ap
1156 623 1336 696 Patre,
1369 642 1430 677 ac
1457 626 1567 691 ipso
1605 626 1763 675 etiam

249 695 461 764 Spiritu
486 694 693 749 sancto.
725 698 857 750 Acta
898 694 1161 748 nonnulla
1188 698 1241 749 in
1272 694 1583 749 Florentina
1606 711 1764 765 syno-

249 770 341 833 do,
374 784 441 821 ac
464 768 746 822 Decretum
783 768 1015 822 unionis.

252 905 296 958 l.
357 904 747 961 Dissertat'oni
800 914 1028 968 nostrae,
1082 905 1280 972 partim
1343 903 1648 963 historicae,
1699 917 1763 957 ac

184 999 387 1069 partim
422 998 773 1068 dogmaticte,
808 996 971 1051 simul
993 996 1241 1052 collectis
1272 994 1583 1050 Graecorum
1610 1010 1763 1049 com-

184 1092 383 1144 mentis
440 1089 508 1143 de
554 1088 763 1155 Spiritu
822 1090 995 1143 sancti
1050 1089 1422 1157 processinne.
1476 1103 1540 1138 ac
1588 1087 1759 1142 veluti

184 1183 284 1236 sub
323 1198 436 1235 uno
468 1181 881 1251 repraesentatis
926 1181 1150 1246 intuitu,
1193 1179 1353 1235 finem
1403 1180 1758 1246 imponimus.

183 1273 682 1331 Animadversione
734 1273 1119 1344 dignissimum
1168 1274 1411 1329 occurrit
1442 1275 1760 1328 A’rsem'ano-

182 1382 297 1420 rum
332 1365 677 1436 postulatum
728 1364 885 1429 illud,
918 1364 1065 1434 quod
1121 1364 1265 1419 inter
1307 1364 1412 1418 alia
1451 1364 1612 1419 refert
1662 1365 1763 1418 Pa-

184 1459 480 1527 cbymeres
508 1456 653 1511 libro
694 1472 755 1522 n,
786 1472 930 1526 saepe
981 1458 1157 1511 citato
1203 1457 1259 1510 in
1309 1456 1626 1511 Andronico
1673 1472 1763 1511 ca-

184 1553 293 1620 pite
350 1548 419 1602 19.
453 1568 468 1604 :
522 1548 763 1601 Ἀθετεῖν
792 1547 850 1600 δὲ
893 1546 989 1600 καὶ
1026 1546 1208 1616 δόγμα.
1257 1547 1360 1616 τῆς
1389 1542 1757 1617 ”Εκκ).ησῑας,

190 1643 350 1712 128
388 1644 452 1696 τὸ
502 1641 590 1694 διὰ
629 1640 723 1693 τοῦ
765 1640 897 1693 Υἱοῦ
942 1641 1006 1692 ἐκ
1064 1641 1278 1709 Harpe;
1320 1638 1756 1709 ἑκπδρεύεσοαι·

186 1736 383 1789 aboleri
432 1738 627 1805 dogma
692 1731 973 1798 Ecclesiae,
1005 1748 1106 1803 quo
1162 1741 1375 1786 sanctus
1419 1729 1651 1801 Spiritus
1695 1747 1760 1787 ea:

185 1824 350 1880 Putre
391 1825 678 1896 procedere
705 1841 799 1893 per
836 1823 1036 1879 Filium
1070 1823 1396 1879 afﬁrmatur.
1431 1825 1582 1878 Adeo
1606 1823 1757 1879 scili-

187 1930 271 1976 cet
315 1935 513 1974 vocem
565 1935 629 1973 ex
683 1926 740 1974 et
809 1934 906 1989 per
959 1916 1372 1987 tequipollentia
1413 1912 1756 1973 vexabantur

187 2013 357 2070 (ἓνκαὶ
392 2013 780 2077 adversantes,
817 2023 876 2067 ut
908 2011 1321 2082 processioncm
1355 2010 1598 2082 Spiritus
1625 2028 1755 2067 sau-

185 2106 277 2168 cti.
343 2122 415 2162 ne
477 2115 813 2174 cogerentur
867 2120 931 2158 ex
972 2103 1111 2158 Filio
1171 2104 1381 2171 fateri,
1445 2108 1611 2160 etiam
1666 2122 1758 2177 per

186 2199 380 2254 Filium
440 2200 808 2254 audacissime
869 2196 1099 2253 inticiati
1157 2207 1286 2253 sunt
1342 2199 1588 2269 ipsorum
1647 2217 1757 2255 non

185 2308 363 2363 pauet.

248 2407 467 2462 Novum
500 2422 614 2461 non
647 2416 771 2463 erat
807 2419 1184 2467 commentum
1225 2414 1294 2465 ab
1324 2409 1638 2465 Arsenianis
1668 2424 1760 2464 e1-

184 2505 508 2576 cogitatum,
541 2506 637 2560 sed
665 2504 778 2574 jam
834 2504 1046 2559 dudum
1087 2506 1157 2560 ab
1191 2507 1504 2562 errantibus
1538 2520 1757 2560 cusum.

188 2601 317 2654 Rem
385 2599 554 2653 docet
609 2597 959 2667 Nicephorus
1020 2598 1325 2654 Blemmida
1388 2600 1441 2653 in
1511 2600 1762 2655 oratione

186 2690 365 2745 oblata
428 2689 728 2745 Theodoro
766 2690 933 2745 Ducas
994 2690 1243 2752 Lascari,
1294 2691 1388 2760 qui
1441 2690 1760 2745 Graecorum

187 2785 486 2855 imperium
535 2800 682 2841 anno
719 2785 858 2841 1255
904 2785 1199 2854 assumpsit
1234 2785 1429 2840 Nicmm
1472 2786 1526 2839 in
1576 2784 1765 2855 Bithy-

185 2880 293 2934 nia.
314 2881 537 2935 Prostat
564 2894 627 2934 ea
650 2879 797 2950 apud
829 2879 1084 2934 All-otium
1123 2879 1177 2933 in
1210 2878 1417 2934 Gracia
1448 2878 1763 2940 orthodoxa,

186 2979 333 3024 torno
384 2968 425 3022 Ι.
476 2968 605 3026 Haec
656 2969 823 3025 habet
872 2970 985 3034 ille,
1017 2986 1174 3025 num.
1206 2970 1260 3024 2:
1298 2989 1317 3020 ι
1362 2956 1566 3040 Καιρὸς
1604 2969 1660 3021 δὲ
1701 2969 1764 3021 οὐ

186 3066 381 3127 πολὺς,
417 3079 534 3119 non
574 3063 669 3118 ditt
703 3072 806 3130 est,
836 3079 903 3120 ex
949 3077 1058 3134 quo
1090 3062 1341 3117 nonnulli
1400 3061 1633 3116 ridicule
1682 3059 1767 3117 di-

187 3174 331 3224 cam,
362 3174 437 3213 an
471 3158 780 3213 miserrime
809 3158 1011 3222 allecti,
1048 3158 1178 3212 dum
1224 3157 1427 3210 vellent
1452 3155 1672 3227 pellitus
1702 3171 1765 3208 ex

186 3250 319 3306 Filio
365 3250 586 3315 tollere,
625 3265 734 3305 una
763 3264 888 3305 cum
919 3266 986 3305 eo
1016 3250 1360 3305 sustulerunt
1389 3265 1487 3316 per
1519 3247 1719 3301 Filium
1742 3263 1760 3300 :
1791 3240 1833 3296 C

188 3357 241 3401 et
295 3355 583 3400 tantorum
632 3345 855 3399 Patrum
890 3344 1247 3406 documenta,
1281 3344 1325 3397 si
1357 3357 1462 3413 qua
1493 3341 1766 3412 captionis

184 3438 428 3493 dabatur
457 3453 616 3501 ansa,
648 3444 1041 3507 perverterunt
1073 3435 1164 3505 (ad
1214 3436 1570 3505 temporalem
1603 3435 1766 3505 largi-

182 3532 392 3587 tionem
424 3531 827 3587 charismatum
856 3529 1051 3595 eadem
1084 3528 1412 3598 referentes)
1447 3545 1462 3595 ;
1500 3527 1589 3584 sin
1634 3544 1764 3584 Vero

180 3624 336 3679 nulla
378 3626 705 3694 apparebat,
740 3633 855 3678 tum
900 3623 1016 3687 illa,
1065 3638 1188 3692 qum
1237 3638 1359 3676 cum
1410 3622 1598 3676 multis
1643 3621 1766 3676 aliis

182 3732 291 3770 non
325 3716 698 3771 convenirent
725 3716 842 3785 (aut
872 3730 983 3771 non
1009 3716 1307 3770 convenire
1335 3715 1468 3784 ipsis
1498 3716 1781 3770 videban-v

182 3814 319 3880 tur),
359 3810 700 3881 reiecerunt.
732 3827 751 3860 ο

246 3922 611 3994 Bejiciebant
640 3937 773 3993 ergo
811 3936 876 3977 ea
910 3922 1136 3977 Patrum
1172 3921 1529 3984 documenta,
1558 3920 1610 3972 in
1643 3919 1766 3989 qui-

176 4014 285 4069 bus
339 4014 411 4069 ab
464 4024 695 4077 atterna,
746 4029 811 4070 ac
865 4012 1253 4078 substantiali,
1308 4022 1363 4066 et
1422 4012 1762 4084 ltypostatica

176 4109 362 4163 sancti
395 4106 645 4178 Spiritus
673 4108 1035 4177 processione
1067 4108 1219 4161 nullo
1261 4106 1449 4162 divelli
1480 4107 1646 4161 modo
1670 4121 1765 4175 po-

179 4211 372 4255 terant
423 4214 592 4255 voces
639 4200 730 4253 διὰ
782 4200 940 4266 Υῐοῦ,
987 4216 1080 4271 per
1128 4199 1345 4254 Filium.
1379 4198 1763 4256 Commentum

176 4293 358 4357 istud,
386 4293 551 4348 Becei
582 4301 640 4348 et
665 4292 851 4363 Cyprii
878 4293 1346 4363 patriarcharum,
1376 4304 1431 4347 et
1458 4292 1765 4348 Andronici

174 4387 422 4458 Augusti
463 4396 745 4456 tempore,
789 4386 1176 4441 instaurarunt
1228 4386 1532 4447 Arseniani,
1578 4396 1768 4455 postu-

174 4482 361 4537 lantes
406 4489 471 4534 ut
516 4480 748 4551 Spiritus
774 4482 946 4565 sancti
969 4496 1033 4534 ea:
1064 4480 1230 4553 Patre
1259 4482 1523 4550 processio
1556 4496 1650 4551 per
1679 4479 1767 4534 Fi-

1869 575 2061 645 dogma
2098 574 2231 629 illud
2266 574 2518 629 Ecclesiw
2567 574 2928 644 intelligebat.
2975 576 3133 631 llunc
3178 579 3441 648 patefacit

1866 666 2113 721 Joannes
2141 666 2370 729 lleccus,
2401 667 2547 723 libro
2579 684 2654 732 ιν,
2685 668 2751 721 ad
2797 666 3247 735 Constanti-num,
3275 688 3330 727 n.
3357 673 3391 726 '5
3422 688 3439 729 :

1873 776 1891 809 ι
1935 758 2251 815 Adversarii
2294 775 2460 830 posse
2507 760 2789 830 inquiunt,
2841 769 2895 817 et
2941 779 3004 818 ex
3053 762 3217 827 Filio,
3251 774 3306 820 et
3345 783 3439 837 per

1868 848 2076 904 Filium
2142 853 2560 921 processionem
2618 853 2770 919 dici,
2829 863 2995 925 atque
3059 857 3437 912 exsistcntiam

1868 945 2133 1014 (Spiritus
2185 946 2381 1017 sancti)
2414 967 2426 1002 :
2462 949 2558 1001 sed
2592 963 2656 1002 co
2698 949 3013 1018 signiﬁcatu
3061 949 3204 1004 καέὰ
3235 952 3293 1004 τὸ
3324 953 3439 1023 διή-
3479 934 3497 1018 ,ί

1865 1054 1987 1090 κειν
2018 1038 2103 1092 δίε
2126 1039 2216 1091 τοῦ
2244 1040 2398 1105 Υἱοῦ,
2430 1041 2587 1110 quasi
2613 1050 2945 1110 pertranseat
2971 1060 3063 1112 per
3096 1042 3305 1098 Filium.
3332 1044 3443 1099 llu~

1859 1130 2016 1200 jusce
2046 1131 2194 1184 enim
2221 1146 2441 1202 quoque
2482 1132 2744 1188 dictionis
2773 1135 3104 1188 formatores
3142 1143 3295 1200 sunt,
3333 1151 3440 1190 non
3474 1108 3491 1206 ί

1864 1224 2013 1293 quod
2046 1224 2211 1278 Filius
2254 1238 2375 1279 cum
2408 1224 2575 1279 Patre
2604 1226 2826 1280 uitiatur
2857 1226 2909 1280 iu
2946 1244 3105 1282 causa
3136 1227 3459 1299 Spiritus"...

1867 1313 1974 1371 Sed
2006 1315 2208 1370 Filium
2245 1333 2274 1372 a
2313 1317 2476 1373 Patre
2505 1328 2851 1388 separantes,
2892 1319 3051 1390 129
3078 1336 3146 1375 ne
3187 1320 3447 1376 videlicet

1866 1407 2049 1469 Pater,
2104 1417 2153 1461 et
2206 1407 2378 1463 Filius
2427 1418 2756 1479 reputentur
2803 1410 2920 1465 dure
2964 1428 3141 1465 causa:
3189 1411 3443 1481 Spiritus,

1863 1500 2010 1570 quod
2050 1501 2233 1556 nullus
2265 1517 2506 1572 unquam
2542 1503 2762 1571 pietatis
2796 1518 2980 1558 sermo
3026 1504 3282 1571 admisit;
3334 1522 3449 1560 ma-

1863 1592 2044 1646 litiose
2079 1593 2268 1659 nimis,
2296 1603 2351 1649 et
2383 1594 2680 1649 admodum
2711 1594 2881 1666 impie
2927 1595 3058 1664 hoc,
3098 1597 3446 1667 pertransirc,

1861 1685 2246 1752 etlormautcs,
2284 1686 2339 1740 in
2389 1688 2766 1743 Arianismum
2800 1687 3051 1743 infelices
3087 1690 3448 1760 praecipitan-

1863 1790 1952 1831 tur
1987 1795 2000 1833 :
2031 1779 2115 1848 (ac
2154 1777 2223 1849 si)
2293 1777 2469 1834 Filius
2526 1796 2623 1851 per
2670 1781 2799 1847 hoc,
2848 1783 3196 1852 pertransire,
3256 1779 3450 1836 existi-

1794 1877 1834 1932 Β
1870 1879 2054 1925 mctur
2111 1873 2166 1926 in
2217 1874 2573 1944 proccssione
2635 1871 2920 1944 Spiritus,
2978 1873 3293 1927 administer
3332 1872 3446 1927 Pa-

1860 1966 1997 2030 tris,
2059 1975 2155 2020 aut
2207 1967 2618 2022 instrumentum
2684 1966 2877 2023 servile
2924 1966 3100 2038 (sine'
3138 1983 3268 2023 vera
3328 1967 3447 2022 clli-

1860 2058 2107 2130 cientis).

1930 2152 1988 2207 In
2053 2152 2198 2208 banc
2240 2153 2520 2224 quomodo
2573 2153 2744 2210 Graeci
2799 2156 3157 2210 adversantes
3200 2154 3444 2226 prolapsi

1863 2244 2070 2298 fuerint
2106 2244 2473 2314 impietatem,
2519 2246 2835 2317 diligentius
2873 2246 3129 2316 explanat
3159 2246 3362 2301 Beccus
3391 2245 3448 2301 in

1873 2335 2223 2390 Testamento.
2279 2338 2739 2407 Interpretatione
2795 2337 3013 2393 l’ossini
3045 2338 3445 2408 praetenuissa,

1864 2431 2137 2501 pressiore
2166 2435 2448 2502 magisque
2498 2432 2721 2488 litterali
2779 2447 2984 2488 utorea
3016 2450 3180 2503 quam
3213 2434 3279 2488 ab
3302 2433 3448 2486 Alla-

1865 2526 1940 2580 tio
1989 2527 2309 2585 adornatam
2360 2529 2527 2583 refert
2579 2527 2893 2601 Raynaldus
2924 2529 2988 2583 ad
3021 2545 3248 2583 annum
3286 2529 3447 2595 1284,

1865 2633 1928 2671 ac
1957 2619 2072 2688 ipse
2100 2621 2335 2675 Allatius
2367 2620 2609 2691 vulgavit
2646 2621 2790 2676 libro
2844 2638 2882 2676 υ
2945 2622 3019 2675 De
3045 2633 3298 2693 perpetua
3322 2640 3449 2679 con-

1865 2714 2102 2765 scnsione
2158 2713 2407 2769 Ecclesia:
2455 2714 2809 2769 Occidentalis
2837 2723 2887 2767 et
2933 2712 3221 2770 Orientalis
3259 2717 3444 2786 capite

1874 2805 1953 2866 l5,
2016 2822 2168 2861 num.
2218 2807 2276 2873 8,
2330 2816 2389 2863 et
2447 2813 2643 2864 tomol
2676 2811 2894 2868 Gracia:
2922 2809 3235 2880 Orthodoxa'
3267 2830 3281 2864 :
3320 2830 3336 2861 ι
3366 2811 3447 2867 Illi

1866 2898 2089 2966 quippe,
2121 2898 2213 2968 qui
2249 2915 2278 2952 a
2326 2899 2733 2968 Scripturarum
2760 2903 3011 2957 examino
3043 2912 3449 2973 augustantur,

1866 2999 2140 3059 coguntur
2199 3008 2292 3062 per
2344 2992 2538 3047 Filium
2585 2996 2964 3065 proccssionem
3025 2996 3296 3050 afﬁrmare
3348 2996 3451 3050 Pa-

1872 3091 2012 3138 trum
2074 3101 2196 3142 esse
2248 3087 2581 3141 sententiam
2620 3104 2764 3142 :nec
2791 3098 2938 3143 recte
2987 3089 3041 3142 in
3100 3091 3447 3158 processionis

1868 3181 2180 3253 ὁμωνυμίᾳ,
2242 3184 2577 3254 homonymia
2633 3185 3000 3247 ambulantes,
3055 3201 3081 3236 a
3143 3186 3447 3255 Scripturis

1868 3273 2081 3336 arctati,
2146 3275 2534 3345 hypostaticam
2587 3274 2769 3330 Patris
2800 3278 3184 3346 proprietatem
3220 3277 3452 3337 edicuntl

1868 3364 1986 3435 (seu
2044 3365 2347 3436 declarant)
2410 3370 2792 3437 proccssionem
2834 3365 2980 3438 (cum
3018 3370 3142 3423 talis
3171 3385 3233 3425 ea
3263 3381 3447 3426 tamen

1868 3473 1976 3512 non
2028 3460 2145 3531 sit).
2212 3461 2402 3530 itaque
2458 3477 2520 3515 ex
2550 3462 2664 3516 solo
2694 3459 2855 3516 Patre
2884 3465 3253 3519 inverecunde
3284 3465 3451 3518 nimis

1867 3562 2197 3614 asserentes,
2226 3552 2488 3624 Spiritum
2521 3556 2667 3625 ἔχειν
2690 3556 2790 3627 τὴν
2814 3556 3066 3625 ὓπαρξιν,
3089 3558 3450 3613 eisistcntiam

1866 3642 2086 3705 habere,
2119 3645 2268 3697 omni
2299 3646 2625 3700 necessariae
2679 3645 3171 3701 demonstrationis
3209 3647 3261 3699 vi
3302 3662 3449 3701 cono

1869 3743 1951 3788 tra
1975 3735 2146 3803 ipsum
2171 3737 2554 3803 prccessionem
2583 3738 2767 3809 (quam
2799 3739 3092 3806 czeteroqui
3130 3754 3224 3807 per
3247 3735 3446 3792 Filium

1867 3826 2154 3898 fatentur),
2217 3829 2659 3899 redarguuntur:
2711 3844 2837 3883 cum
2904 3830 3050 3883 idem
3114 3830 3192 3885 sit
3233 3830 3446 3899 dicere,

1867 3922 2247 3985 exsistemiam,
2291 3936 2480 3991 quam,
2510 3906 2511 3913 ‘
2547 3930 2608 3976 ut
2658 3920 2763 3992 ipsi
2798 3921 2974 3986 aiunt,
3045 3938 3108 3976 ex
3138 3922 3249 3977 solo
3283 3922 3447 3978 Patre

1867 4014 2016 4068 habet
2045 4012 2274 4082 Spiritus
2303 4025 2545 4082 sanctus,
2599 4013 2905 4087 ὀργανικῶς
2960 4014 3142 4084 διῆκον
3171 4015 3257 4069 διὰ
3290 4015 3445 4082 Υῐοῦ,

1865 4106 2346 4161 instrumentalitcr
2382 4107 2613 4161 transire
2644 4123 2740 4179 per
2766 4105 2995 4162 Filium.
3032 4110 3129 4170 (Ac
3163 4111 3326 4162 etiam
3355 4124 3447 4163 rc-

1868 4198 2236 4268 darguuutur)
2287 4199 2474 4254 verbis
2540 4207 2754 4255 tantum
2812 4200 2978 4254 nudis
3002 4202 3279 4271 praprium
3314 4200 3447 4256 Filii

1867 4292 2201 4346 constituere
2228 4290 2496 4362 Spiritum
2526 4301 2802 4360 sanctum,
2857 4308 2916 4347 re
2945 4302 3125 4348 tamen
3162 4309 3289 4349 vera
3312 4293 3447 4348 alie-

1868 4397 1994 4435 num
2035 4381 2099 4435 ab
2121 4382 2232 4453 ipso
2273 4395 2443 4438 :cum
2485 4383 2637 4438 nulla
2669 4382 2839 4438 fuerit
2868 4385 3027 4447 ratio,
3072 4401 3193 4455 qua:
3212 4384 3447 4440 suadere

1869 4474 2071 4539 valeat,
2120 4476 2395 4546 praprium
2448 4492 2557 4530 esse
2605 4475 2739 4531 Filii
2799 4477 2936 4547 quod
2983 4479 3180 4546 exipso
3218 4494 3318 4530 non
3344 4487 3444 4542 est,

176 4573 315 4626 lium
350 4573 722 4627 aboleretur:
752 4586 918 4641 quam
948 4572 1161 4627 scilicet
1204 4570 1494 4641 perspicua
1538 4570 1764 4625 Patrum
1799 4597 1841 4650 ο
1871 4579 1966 4624 aut
2028 4585 2120 4639 per
2168 4570 2339 4640 ipsum
2381 4571 2657 4640 propriam
2728 4572 3093 4624 exsistentiam
3146 4586 3248 4625 non
3296 4571 3449 4625 habet

172 4664 454 4719 Ecclesia:
509 4662 713 4717 Graeca
751 4662 1065 4718 testimonia
1117 4663 1360 4728 ﬁrmant,
1399 4662 1622 4718 Joannis
1664 4662 1770 4718 Da-

173 4758 449 4819 masceni,
491 4756 670 4811 sancti
723 4754 945 4810 Maximi
987 4756 1261 4826 martyris,
1290 4755 1498 4810 Tarasii
1531 4756 1769 4827 patriar-

171 4853 285 4904 cha:
325 4848 945 4919 Constantinopolitani,
996 4846 1233 4920 Gregorii
1284 4846 1636 4914 Nazianzcni,
1669 4848 1770 4919 Cy-

170 4945 284 4996 rilli
345 4941 743 5008 Alexandrini,
800 4942 1030 4995 auctoris
1084 4943 1421 5012 refutationis
1481 4943 1768 5014 hypocrisis

168 5035 410 5101 Heletii,
436 5046 489 5088 ct
514 5034 729 5088 Eusebii
749 5035 1162 5089 Samosatensis.
1192 5036 1377 5090 Patres
1399 5038 1549 5101 istos,
1577 5052 1768 5106 quam-

166 5129 445 5201 plurimis
493 5127 881 5196 pratermissis
917 5128 1065 5195 aliis,
1118 5128 1244 5181 data
1283 5142 1348 5182 ex
1394 5126 1632 5184 lliStoria
1666 5130 1768 5184 Pa-

166 5220 472 5295 ebymeris
532 5221 868 5285 occasione,
924 5220 1309 5291 superioribus
1370 5220 1428 5276 in
1491 5222 1768 5292 capitibus

165 5312 539 5369 laudavimus
570 5349 587 5377 ,
632 5326 944 5382 eorumque
975 5312 1278 5369 sententias
1302 5313 1662 5383 exposuimus
1712 5321 1769 5370 et

168 5405 618 5461 vindicavimus.

234 5501 310 5556 ιι.
359 5500 721 5556 Postulatum
776 5498 1194 5555 Arsenianorum
1244 5498 1496 5555 referens
1556 5499 1766 5570 Pachy-

168 5610 384 5659 mercs,
430 5592 557 5647 illos
582 5594 659 5646 ait
684 5592 1015 5662 postulasse,
1046 5603 1104 5648 ut
1138 5594 1336 5662 Dogma
1361 5592 1613 5647 Ecclesia
1638 5594 1768 5647 abo-

167 5691 417 5761 leretur.
468 5685 570 5739 Pro
595 5686 839 5755 dogmate
886 5684 1055 5756 igitur
1084 5684 1337 5740 Ecclesiae
1372 5685 1610 5740 habebat
1638 5701 1765 5739 san-

167 5782 236 5835 cti
268 5777 542 5850 Spiritus
591 5775 1001 5845 processionem
1046 5775 1122 5830 ita
1174 5776 1536 5841 intellectam,
1593 5786 1654 5833 ut
1700 5791 1765 5830 ex

169 5872 335 5928 Patre
390 5869 705 5933 procederet
738 5870 854 5941 ipse
886 5885 979 5941 per
1011 5867 1235 5924 Filium.
1276 5872 1344 5925 At
1372 5869 1762 5927 schismaticus

1874 4661 1999 4730 (nec
2061 4661 2207 4716 enim
2259 4663 2628 4720 instrumento
2690 4663 2954 4719 tribuitur
3004 4664 3270 4730 effectus,
3348 4665 3446 4719 sed

1873 4756 2104 4822 causae).
2164 4753 2292 4809 Haec
2348 4756 2532 4825 itaque
2588 4757 2700 4811 duo
2729 4756 2965 4811 absurda
3013 4774 3073 4812 ac
3101 4758 3266 4827 impia
3300 4757 3446 4813 dicta

1874 4847 2524 4916 (Suntl:1nstrumentali
2585 4851 2741 4905 Patri
2792 4852 3143 4906 ministerium
3204 4848 3333 4906 Filii
3391 4855 3447 4907 in

1871 4941 2203 5009 proccssione
2231 4938 2486 5010 Spiritus,
2546 4943 2844 5013 Ὄργανικὴ
2876 4943 3155 5012 ὑπηρεσία
3189 4945 3272 4997 ιοῦ
3302 4945 3436 4998 Υἰοῦ

1871 5031 1950 5102 τῷ
1996 5032 2195 5103 Πατρὶ,
2266 5043 2322 5089 et
2377 5032 2607 5103 Spiritus
2660 5052 2692 5089 a
2752 5034 2893 5088 Filia
2927 5034 3207 5090 alienatio.
3241 5055 3260 5090 ›
3304 5036 3447 5095 Sunt

1870 5124 2017 5178 enim
2039 5124 2238 5180 Ariana
2266 5135 2573 5182 commenta
2594 5164 2609 5181 .

1941 5214 2099 5272 Hunc
2127 5217 2181 5271 in
2220 5232 2467 5273 errorem
2501 5218 2792 5289 impegisse
2815 5219 3136 5293 Gregorium
3160 5221 3442 5295 Cyprium,

1870 5311 1965 5382 qui
2023 5310 2339 5366 Damasceni
2370 5319 2575 5364 textum
2612 5314 3249 5391 quoquomodoeludere
3279 5332 3446 5372 cona-

1871 5406 2057 5470 batur,
2088 5404 2277 5459 nullus
2317 5404 2532 5459 dubito.
2562 5402 2692 5475 Ejus
2722 5406 2869 5460 enim
2898 5408 3064 5462 verba
3105 5407 3198 5462 illa
3230 5426 3244 5462 :
3279 5408 3445 5463 Pater

1869 5508 1944 5552 est
1993 5513 2087 5567 per
2138 5496 2349 5550 verbum
2381 5498 2666 5567 produrtor
2694 5496 2927 5568 Spiritus
2960 5502 3304 5555 euuntiatorii
3352 5513 3445 5557 aut

1871 5590 2284 5658 manifestarius,
2333 5590 2407 5644 ita
2458 5592 2765 5659 exponebat
2834 5592 2884 5645 in
2943 5600 3089 5647 tamn
3123 5610 3135 5645 :
3173 5604 3231 5647 ut
3257 5594 3446 5650 Patres

1869 5681 2182 5746 docuerint,
2212 5678 2473 5752 Spiritum
2498 5699 2593 5752 per
2623 5681 2840 5751 Filium,
2869 5693 2917 5738 ct
2954 5701 3016 5739 ex
3044 5684 3187 5741 Filio
3222 5698 3445 5740 naturu—

1870 5775 1989 5830 liter
2032 5777 2318 5841 exsistere;
2374 5793 2478 5830 non
2531 5778 2656 5832 item
2723 5794 2815 5844 per
2873 5776 3098 5845 Filiam,
3141 5790 3275 5834 etcz
3305 5778 3480 5835 l’ilio.

1870 5872 2228 5931 exsistentiam
2285 5873 2493 5928 habere.
2553 5866 2836 5944 Negabat,
2899 5873 3165 5946 Spiritum
3191 5882 3444 5929 sanctum
