3858 6474
396 310 502 381 135

1340 308 1683 377 GEORGII
1718 307 1977 377 CYPRI'I
2018 306 2126 378 CP.
2170 310 2684 377 PATRIARCHE

2395 170 2447 187 ρ.

2846 242 2955 253 ..ρ-κ

3544 313 3650 380 ἲῒδ

388 446 489 499 per
543 427 766 492 Filium,
819 435 874 481 et
932 440 999 481 ex
1026 422 1169 481 Filio
1211 425 1574 481 exsisteutiam
1598 427 1810 490 habere,
1841 424 1971 495 quia
2003 431 2047 487 Α
2077 426 2375 481 maximum
2406 446 2420 481 :
2454 427 2664 484 scilicet
2696 427 2898 484 Filium
2947 445 3150 501 quoque
3184 429 3486 499 procedere.
3522 430 3652 487 Ete-

388 522 597 578 uullam
631 520 684 574 in
711 518 847 574 Filio
913 520 1024 573 vim
1063 518 1338 574 fatebatur
1373 520 1606 574 activam
1659 520 1724 574 ad
1753 529 1971 574 exstan-

393 614 521 669 tiam
550 612 787 681 Spiritus
821 611 991 666 sancti
1016 627 1030 664 :
1054 610 1149 666 sed
1181 611 1328 665 hunc
1358 621 1540 666 tamen
1573 627 1638 665 ex
1669 610 1808 665 Filio
1839 628 1969 677 esse,

391 717 447 761 et
475 723 570 777 per
593 703 791 759 Filium
827 706 1032 767 aiebat,
1067 707 1195 774 quia
1235 705 1405 759 Filius
1446 704 1604 775 130
1635 706 1972 758 instrumen-

395 799 502 854 tale
534 798 809 867 quodd.un
849 798 900 851 in
934 797 1182 868 ejusdem
1223 798 1581 865 proccssioue
1604 798 1971 853 ministerium

396 895 642 963 pra-bere
677 892 983 947 dicebatur.
1016 906 1078 944 ae
1110 890 1154 944 si
1186 906 1282 958 per
1311 891 1486 959 ipsum
1514 889 1686 943 virtus
1711 890 1971 960 Spirativa

394 986 572 1043 Patris
638 984 919 1038 transiret.
983 981 1096 1035 lloc
1150 980 1282 1034 illud
1335 979 1579 1034 Ecclesia:
1610 982 1822 1048 dogma,
1859 982 1968 1033 imo

391 1089 772 1135 commentum
809 1076 1091 1144 iniquum,
1125 1074 1256 1127 mihi
1307 1072 1547 1134 videtur,
1580 1072 1725 1133 quod
1764 1071 1970 1141 l’achy-

391 1184 574 1226 meres
604 1168 656 1221 in
694 1170 1019 1237 processione
1074 1175 1273 1219 a'lema
1336 1182 1398 1219 ac
1423 1163 1763 1218 aubslunliuli
1797 1161 1971 1217 sancti

393 1261 633 1334 Spiritus
656 1279 749 1330 per
783 1260 985 1314 Filium
1015 1276 1137 1339 eum
1166 1260 1288 1313 aliis
1320 1256 1527 1314 Crrceis
1557 1257 1795 1312 fortasse
1824 1265 1973 1307 tene-

392 1357 491 1412 bat
533 1360 719 1411 :unde
772 1355 1095 1410 Arseuiauis
1144 1352 1437 1406 adversum
1480 1354 1685 1420 prmbet
1715 1365 1855 1411 sese,
1877 1348 1971 1416 qui

392 1450 806 1521 processioncm
842 1448 959 1517 ejus
998 1463 1061 1499 ex
1092 1444 1256 1498 Patre
1282 1460 1376 1514 per
1408 1441 1612 1496 Filium
1641 1441 1971 1495 abolendam

397 1540 828 1609 postulaverant.
887 1538 945 1592 lu
1003 1538 1106 1591 hac
1162 1536 1356 1590 Incresi
1406 1551 1515 1589 non
1558 1537 1712 1588 stetit
1738 1533 1974 1603 Cyprius

389 1631 692 1701 Gregorius
723 1646 737 1684 :
770 1630 1044 1701 aliamque
1092 1631 1457 1700 exsugitatam
1517 1629 1588 1683 ab
1623 1643 1712 1691 eo,
1753 1637 1976 1694 utquoo

397 1721 676 1794 quomodo
703 1722 1077 1775 testimonium
1108 1721 1426 1776 Damasceni
1473 1726 1799 1787 exponeret,
1829 1716 1973 1771 suis-

396 1833 506 1890 que
540 1817 722 1872 lucum
746 1815 973 1878 laceret,
997 1816 1201 1870 dictum
1230 1815 1343 1886 jam
1392 1824 1500 1879 est,
1532 1822 1590 1866 et
1619 1811 1802 1866 adhuc
1831 1809 1973 1865 infra

398 1910 713 1967 dicendum.

467 2003 603 2061 Utut
631 2021 759 2059 vero
784 2002 1126 2072 Iwm‘onymia
1153 2001 1226 2055 sit
1266 2002 1319 2053 in
1345 1997 1611 2053 vocabulo
1634 1994 1973 2067 procedendi,

396 2096 807 2167 similibusque,
843 2112 945 2149 nec
976 2095 1168 2149 eadem
1196 2094 1421 2148 notione
1455 2101 1722 2163 perpetuo
1754 2104 1978 2143 suman-

400 2200 491 2245 tur
526 2190 654 2255 illa;
699 2191 1016 2259 ubicunque
1071 2196 1254 2242 tamen
1312 2187 1380 2241 de
1435 2184 1643 2254 Spiritu
1689 2184 1974 2248 dicuntur,

396 2281 620 2351 quando
675 2280 747 2333 ad
782 2279 984 2333 Filiam
1016 2280 1161 2333 idem
1204 2278 1447 2344 Spiritus
1478 2284 1725 2345 relertur,
1752 2276 1977 2330 minime

396 2371 711 2442 signiﬁcant
745 2371 919 2437 aliud,
950 2387 1115 2440 quam
1173 2385 1298 2424 cum
1362 2370 1483 2439 ipse
1508 2368 1578 2421 ad
1597 2371 1817 2421 Patrem
1839 2384 1978 2420 com-

399 2475 649 2538 paratur.
676 2463 894 2518 Etenim
922 2464 1183 2532 pleraque
1206 2462 1556 2532 antiquorum
1588 2461 1808 2514 Patrum
1846 2460 1979 2513 alle-

395 2558 648 2627 gavimus
679 2556 1020 2617 testimonia,
1054 2571 1118 2609 ac
1148 2555 1325 2608 multo
1369 2553 1525 2623 plura
1561 2564 1762 2623 pra-sto
1797 2556 1979 2606 forent

390 2648 452 2704 in
511 2650 716 2717 quibus
767 2664 1089 2715 expreSsum
1145 2657 1255 2712 est,
1289 2645 1556 2716 Spiritum
1592 2656 1836 2698 sanctum
1868 2659 1979 2698 esse

397 2761 430 2798 a
462 2741 627 2805 Filio,
663 2754 716 2796 et
753 2742 966 2812 prodire
996 2758 1090 2811 per
1124 2743 1340 2811 ipsum;
1375 2740 1456 2792 vel
1492 2740 1557 2792 ab
1607 2747 1829 2808 utroque
1857 2754 1979 2807 pro-

395 2842 577 2889 cedere
612 2834 776 2890 Patre
804 2845 850 2886 et
886 2832 1062 2898 Filio;
1097 2834 1182 2886 vel
1239 2833 1665 2886 substantialiter
1706 2847 1768 2884 ea:
1798 2832 1979 2883 ambo-

395 2928 491 2981 bus
555 2942 685 2989 esse,
744 2927 799 2979 id
825 2934 996 2979 estea:
1023 2925 1190 2979 Patre
1212 2942 1306 2995 per
1342 2922 1539 2978 Filium
1573 2924 1846 2995 profundi.
1875 2923 1977 2977 Pe-

398 3022 604 3074 taviutn
656 3020 891 3073 consule
944 3018 1089 3072 libro
1143 3033 1218 3072 vn
1269 3015 1347 3069 De
1387 3014 1664 3080 Triuitate,
1702 3014 1879 3084 capite
1916 3013 1979 3067 l8

389 3124 549 3165 unm.
581 3111 635 3166 5.

472 3201 558 3258 ιιι.
618 3200 828 3258 Eadem
886 3202 1075 3266 verba,
1137 3217 1229 3269 per
1277 3196 1494 3259 Filium,
1529 3197 1593 3251 ad
1619 3209 1886 3252 aeternam
1912 3212 1978 3253 ac

388 3297 822 3350 substantialem
870 3298 1042 3349 sancti
1093 3293 1335 3363 Spiritus
1392 3292 1700 3346 refertvntes
1752 3306 1981 3361 proci-s-

396 3391 638 3453 sionem,
691 3391 764 3443 ita
815 3389 1099 3443 nonnullis
1137 3405 1199 3441 ea
1218 3387 1539 3457 intelligere
1592 3387 1798 3455 placuit
1839 3401 1904 3440 ac
1933 3387 1983 3440 si

395 3482 545 3536 idem
570 3481 918 3543 denotat-ent,
979 3492 1144 3548 atque
1188 3477 1373 3542 simul,
1415 3495 1511 3532 seu
1538 3494 1648 3531 una
1678 3478 1837 3531 sinutl
1859 3495 1980 3531 cum

395 3571 565 3630 Filio.
640 3574 967 3627 Errantibus
1012 3574 1165 3626 hisce
1223 3570 1458 3642 Cyprius
1516 3570 1635 3640 ipse
1688 3571 1985 3643 Gregorius

397 3668 660 3741 opposuit
681 3682 803 3722 sese
836 3668 889 3721 iu
917 3667 1199 3736 Apologia,
1230 3681 1395 3735 quam
1456 3665 1838 3720 reeensuimus
1886 3680 1983 3720 ca-

396 3765 513 3836 pite
539 3764 590 3825 8,
616 3779 765 3816 num.
795 3762 851 3818 ι.
890 3762 1411 3832 interpretationem
1459 3759 1666 3813 evincit
1699 3774 1983 3813 commen-

397 3857 578 3911 titiam
628 3856 870 3911 Joannes
919 3854 1127 3907 Beccus
1177 3852 1418 3916 librotv,
1458 3849 1525 3903 ad
1556 3848 1978 3904 Constantinum

396 3966 560 4004 stum.
596 3951 650 4004 ι.
681 3968 700 4000 t
729 3948 983 4018 Namque
1039 3948 1084 4001 si
1134 3963 1227 4017 per
1254 3944 1451 3999 Filium
1485 3946 1784 4014 procedere
1810 3942 1985 4013 Spiri-

2074 518 2186 572 nim
2244 519 2290 573 si
2332 536 2449 573 cum
2504 520 2646 574 Filia
2676 522 2928 591 procedit
2965 522 3207 591 Spiritus
3231 533 3493 588 sanctus,
3529 524 3648 578 llcri

2075 613 2287 681 nequit,
2311 622 2371 667 nt
2403 613 2574 669 Filius
2623 630 2845 684 quoque
2893 614 3200 685 procedens
3222 630 3330 670 non
3360 615 3451 676 sit.
3481 626 3540 669 et
3569 616 3654 669 di-

2074 714 2233 757 catur
2264 724 2278 759 :
2316 706 2483 759 veluti
2520 709 2564 761 si
2607 708 2732 772 quis
2765 706 2966 761 Filium
3018 706 3270 778 generari
3298 723 3417 760 eum
3442 703 3652 775 Spiritu

2074 793 2303 861 diceret,
2333 793 2590 863 Spiritum
2615 797 2785 862 ipsum
2827 797 3076 867 generari
3101 808 3158 852 et
3181 795 3414 865 intelligi
3444 806 3511 851 ct
3542 796 3650 852 diei

2073 887 2452 941 conlirmaret.
2495 908 2512 940 ι
2544 888 2665 942 Vim
2716 889 3171 957 praepositionum
3247 889 3508 945 duarum.
3566 890 3655 942 διὰ

2076 996 2189 1049 per,
2220 990 2276 1034 et
2306 981 2361 1044 ἐξ
2400 980 2482 1033 vel
2506 984 2567 1033 ἐκ
2622 997 2707 1044 τε,
2739 982 3079 1050 amplissime
3124 978 3368 1034 declarat
3392 978 3654 1036 Petavius

2075 1073 2401 1127 citatolibro
2432 1090 2523 1137 vlt,
2557 1075 2738 1142 capite
2772 1075 2859 1138 l7,
2890 1089 2920 1127 a
2951 1088 3103 1128 num.
3131 1072 3190 1127 2.

2144 1166 2223 1219 Ad
2284 1166 2431 1219 hunc
2496 1166 2667 1234 redigi
2719 1168 2899 1220 locum
2952 1173 3134 1234 potest
3164 1164 3439 1221 Gabrielis
3466 1163 3655 1220 Severi

2072 1257 2572 1326 Philadelphiensis
2594 1258 2854 1328 objectio,
2889 1273 2959 1327 qn
2982 1277 3011 1307 ιε
3050 1260 3518 1328 praetermittenda
3544 1272 3654 1311 non

2073 1363 2180 1407 est.
2229 1372 2247 1404 ι
2277 1352 2333 1408 Si
2393 1370 2486 1422 per
2543 1353 2863 1421 praepositio
2925 1352 3151 1420 (inquit)
3182 1351 3431 1407 eamdem
3469 1351 3576 1405 vim
3604 1357 3659 1404 ct

2074 1446 2447 1514 signiﬁcatum,
2497 1446 2727 1500 haberet
2785 1446 2839 1500 in
2906 1446 3111 1500 divinis
3163 1444 3439 1516 personis,
3490 1456 3655 1510 quam

2077 1540 2240 1594 habet
2291 1555 2378 1601 ex,
2439 1540 2725 1593 diceretur
2757 1538 2996 1608 Spiritus
3022 1548 3248 1593 sanctus
3280 1553 3375 1607 per
3402 1534 3654 1601 Patrem,

2073 1642 2129 1687 et
2160 1649 2222 1687 ea:
2250 1632 2393 1686 Filio
2422 1633 2721 1702 procedere
2753 1649 2766 1686 :
2792 1631 2887 1686 sed
2920 1632 3027 1686 hoc
3058 1645 3349 1697 nunquam
3378 1628 3657 1700 apparuit,

2076 1742 2257 1797 neque
2289 1726 2538 1779 auditum
2570 1736 2674 1785 est,
2714 1739 2889 1794 neque
2940 1740 2970 1778 a
2996 1720 3180 1778 divina
3211 1721 3521 1792 Scriptura,
3550 1736 3658 1776 ne-

2077 1834 2184 1888 que
2239 1834 2269 1872 a
2322 1817 2531 1871 sanctis
2549 1816 2826 1871 Patribns.
2855 1816 3155 1884 Propterea
3188 1828 3303 1884 per,
3340 1813 3659 1883 pmpaisitio

2072 1912 2134 1966 in
2163 1911 2362 1966 divinis
2401 1909 2653 1980 personis
2673 1924 2779 1963 non
2807 1909 2973 1961 habet
2990 1907 3243 1961 eumdem
3261 1906 3657 1975 signiﬁcatum,

2078 2015 2132 2060 et
2182 2005 2327 2058 vires
2367 2019 2502 2073 quas
2546 2002 2711 2056 habet
2764 1997 3322 2072 praepositoex;sed
3351 2013 3545 2068 magna
3572 2005 3661 2053 est

2076 2114 2268 2153 earum
2309 2096 2643 2152 diﬂ’erentia.
2680 2114 2703 2149 ι
2734 2094 2811 2149 Ex
2871 2094 3112 2164 .losepho
3144 2091 3404 2147 Briennio
3432 2089 3659 2146 desum-

2080 2204 2169 2261 pta
2232 2190 2347 2243 ha~c
2404 2198 2534 2242 sunt
2586 2188 2641 2241 in
2686 2186 2936 2240 oratione
2975 2185 3036 2240 l0
3055 2185 3121 2238 de
3150 2181 3443 2237 Trinitate.
3475 2180 3657 2235 Lucuo

2072 2284 2384 2340 lentissime
2442 2281 2810 2351 objectionem
2861 2278 3125 2334 convellit
3182 2276 3295 2331 Leo
3340 2274 3659 2330 Allatiusin

2085 2377 2342 2432 Vindieiis
2377 2374 2656 2444 Ephesium
2681 2371 2892 2443 synodi,
2924 2371 3107 2440 capite
3137 2369 3228 2426 64.
3617 2416 3629 2428 .

2153 2469 2279 2523 Hac
2341 2468 2566 2537 profero
2608 2480 2809 2535 pauca.
2859 2465 2939 2519 Ac
2992 2465 3174 2535 primo
3200 2461 3661 2534 repositionem

2081 2580 2174 2633 per
2225 2562 2404 2616 locum
2453 2560 2657 2614 habere
2705 2560 2760 2612 in
2789 2560 2951 2613 Patre
2988 2566 3046 2613 et
3074 2557 3238 2619 Filio,
3262 2572 3326 2610 ac
3363 2557 3659 2626 utriusque

2080 2656 2191 2709 vim
2261 2654 2518 2719 activam,
2568 2661 2666 2705 aut
2701 2651 3054 2706 efﬁcientiam
3079 2649 3416 2721 signiﬁcare,
3442 2650 3661 2705 Win

2080 2746 2325 2815 antiquis
2377 2744 2637 2801 Patribus
2690 2744 2977 2799 brevitatis
3019 2759 3185 2797 causa
3211 2742 3454 2806 omissis,
3482 2743 3663 2797 discr-

2083 2840 2291 2896 tissime
2347 2840 2513 2894 docet
2558 2838 2799 2910 Cyrillus
2877 2838 3305 2900 Alexandrinus,
3362 2837 3504 2891 l:brn
3544 2852 3567 2889 ι
3604 2836 3661 2891 in

2079 2933 2307 2988 Joannis
2344 2922 2733 3002 Evangelium,
2767 2930 2949 2998 capite
2999 2944 3066 2993 νς
3095 2928 3162 2981 ad
3192 2928 3287 2982 illa
3318 2928 3506 2991 verba,
3530 2923 3665 2982 0m-

2082 3027 2175 3079 κὶα
2237 3042 2329 3094 per
2381 3026 2573 3092 ipsum,
2619 3022 2687 3076 δι’
2742 3022 2932 3087 αὑτοῦ,
2997 3022 3147 3092 facta
3188 3029 3334 3087 sunt,
3387 3020 3470 3075 sic
3522 3019 3665 3074 ait:

1998 3124 2049 3182 ’ϐ
2089 3140 2108 3172 ι
2134 3118 2298 3184 Quod
2349 3117 2396 3172 si
2436 3118 2765 3172 existiment
2784 3115 2918 3170 illud
2944 3114 3011 3166 δι’
3041 3111 3125 3177 οὗ,
3149 3128 3243 3183 per
3267 3128 3449 3183 nam,
3471 3114 3540 3166 de
3568 3105 3668 3164 Fi-

2086 3214 2158 3267 lio
2187 3212 2418 3271 dictum,
2450 3208 2819 3264 substantiam
2874 3208 2995 3277 ejus
3017 3206 3088 3261 de
3112 3205 3429 3275 aquam-ite
3463 3215 3522 3259 et
3556 3220 3663 3261 tta.

2083 3305 2247 3361 turali
2303 3303 2668 3358 similitudine
2717 3318 2840 3356 cum
2882 3301 3045 3355 Patre
3066 3300 3344 3371 dejicere;
3377 3301 3453 3355 ita
3476 3300 3672 3355 utad-

2082 3399 2247 3453 m’ster
2301 3398 2375 3452 sit
2431 3398 2634 3467 potius,
2686 3384 2859 3463 ‘quam
2910 3402 3168 3449 creator:
3194 3393 3264 3449 ad
3315 3406 3379 3447 se
3432 3392 3675 3448 redeant

2082 3492 2287 3557 insani,
2320 3501 2377 3546 et
2413 3492 2471 3545 in
2506 3490 2746 3545 medium
2769 3488 3042 3559 prodeant
3095 3486 3261 3543 nobis
3311 3487 3673 3557 responsuri,

2083 3585 2346 3654 quidnam
2368 3584 2439 3639 de
2468 3584 2583 3652 ipso
2624 3583 2788 3637 Patre
2814 3581 3035 3636 tandem
3089 3578 3385 3650 cogitaturi
3445 3580 3667 3646 simus,

2078 3692 2452 3750 etquemnam
2483 3679 2663 3748 ipsum
2710 3677 3078 3745 suspicaturi;
3124 3689 3251 3729 cura
3277 3683 3462 3744 pateat
3494 3671 3675 3728 rem

2082 3773 2197 3834 illa,
2221 3788 2315 3841 per
2337 3786 2512 3841 quem,
2549 3770 2651 3838 ipsi
2684 3771 2849 3824 etiam
2876 3768 3071 3838 (Patri)
3095 3782 3127 3821 a
3159 3766 3447 3833 Scriptura
3472 3763 3677 3819 divina

2081 3865 2506 3920 accommodari.
2542 3862 2740 3917 Fidelis
2786 3863 2928 3916 enim
2973 3860 3113 3917 Deus
3142 3860 3347 3931 (inquit
3387 3858 3568 3915 lCor.
3597 3857 3669 3927 r),

2083 3956 2149 4010 δι’
2183 3956 2268 4020 οὗ,
2296 3972 2387 4027 per
2416 3972 2567 4028 quem
2608 3956 2778 4009 uocati
2803 3955 2928 4008 estis
2955 3955 3011 4007 in
3039 3955 3345 4008 societatem
3368 3949 3505 4005 Filii
3524 3951 3668 4021 ejus.

401 4053 518 4097 tum
572 4055 848 4105 sanctum,
906 4042 1055 4097 idem
1119 4043 1191 4095 sit
1238 4057 1303 4095 ac
1326 4039 1488 4094 simul
1532 4056 1651 4092 cum
1688 4036 1831 4091 Filio
1861 4051 1989 4107 pro-
2087 4048 2157 4104 Et
2188 4050 2275 4113 (ad
2300 4048 2504 4118 Ephes.
2537 4047 2603 4117 t.)
2626 4047 2713 4099 Eii:
2740 4046 3049 4116 θελήματος
3096 4043 3260 4106 Osco,
3292 4059 3387 4110 per
3411 4044 3673 4098 uolunta-

392 4138 599 4192 ced‘ere
645 4137 821 4205 ipsum
890 4150 919 4188 a
972 4134 1179 4199 Patre;
1208 4149 1315 4202 qua
1345 4133 1558 4187 ratione
1590 4131 1644 4184 in
1675 4129 1822 4183 illius
1854 4145 1985 4199 pro-

2085 4153 2189 4196 tem
2208 4144 2345 4213 ejus.
2393 4140 2459 4195 Et
2493 4140 2582 4210 (ad
2611 4139 2788 4195 Galat.
2824 4142 2902 4209 tv)
2937 4138 3124 4208 Itaque
3144 4137 3267 4208 jam
3308 4154 3413 4190 non
3445 4145 3527 4190 est
3546 4151 3677 4192 ser-

396 4229 655 4283 cessione
717 4228 889 4282 Filius
944 4237 1129 4298 partes
1160 4225 1362 4281 habet?
1403 4264 1419 4279 .
1455 4264 1471 4279 .
1513 4263 1532 4279 .
1558 4223 1820 4290 Quzcnam
1852 4220 1977 4276 artis

2087 4252 2202 4299 rus,
2263 4235 2355 4289 sed
2402 4234 2547 4304 ﬁlius
2583 4249 2602 4288 :
2630 4232 2771 4303 quod
2824 4234 2870 4286 si
2917 4231 3085 4300 ﬁlius,
3116 4240 3166 4285 et
3192 4234 3360 4286 lateres
3378 4231 3468 4285 διὰ
3502 4227 3672 4293 Θεοῦ,

400 4322 777 4394 graunnatica:
808 4320 1026 4376 curiosa
1062 4320 1341 4390 indagatio
1404 4315 1752 4387 (lirmaverit)
1788 4327 1980 4366 earum

398 4414 851 4486 praepositionum
910 4410 1447 4482 transumptiouem?
1490 4410 1713 4465 Nullum
1753 4408 1982 4476 hujusce

395 4512 484 4563 rei
509 4509 653 4579 apud
682 4509 934 4578 profanos
977 4506 1208 4575 reperiri
1248 4505 1451 4575 poterit
1511 4516 1748 4572 nuquant
1791 4515 1982 4554 exem-

398 4603 557 4672 plum
587 4617 600 4651 :
637 4601 731 4655 sed
767 4616 870 4654 uec
907 4598 1051 4667 apud
1094 4615 1216 4662 nos,
1248 4598 1342 4668 qui
1374 4596 1701 4650 diviniorem
1733 4593 1979 4664 philoso-

394 4696 591 4765 phiam
616 4694 872 4758 colimus,
902 4692 1047 4746 ullus
1078 4702 1162 4746 est
1193 4692 1287 4761 qui
1322 4690 1443 4745 loco
1477 4689 1644 4752 illius,
1675 4704 1817 4749 cum,
1844 4702 1983 4756 prte-

393 4789 733 4859 apositioncm
812 4803 907 4857 per
983 4785 1155 4854 accipi
1234 4784 1449 4848 tradat;
1516 4780 1978 4851 quemadmodum

392 4889 454 4952 (ιε
485 4882 699 4951 contra)
755 4896 843 4943 ex,
893 4889 950 4935 et
996 4894 1093 4946 per
1124 4877 1266 4947 apud
1301 4876 1585 4939 Basiliam,
1609 4872 1895 4945 Cyrillum,
1923 4880 1980 4925 et

391 4976 728 5047 Ctegurium
766 4974 1092 5045 Nyssenum,
1137 4986 1366 5041 magnos
1386 4970 1610 5040 quidem
1648 4969 1820 5031 viros,
1853 4981 1977 5019 mu-

394 5081 553 5124 tuam
588 5072 753 5123 unius
775 5085 875 5137 pro
896 5068 1003 5122 alia
1032 5066 1411 5135 acceptionem
1456 5063 1725 5118 invenies.
1765 5060 1823 5115 ιιι
1846 5074 1979 5113 vero

392 5163 897 5233 co:.eedatur:(in
953 5159 1287 5217 catholicum
1351 5160 1543 5230 dogma
1619 5156 1981 5210 nihilominus

394 5255 704 5308 concedere
761 5254 1112 5307 adversarios
1164 5252 1431 5322 oportet).
1498 5247 1744 5317 Namque
1786 5248 1977 5309 dictio,

400 5349 696 5401 l’roductor
734 5363 825 5416 per
872 5346 1118 5410 Verbum,
1144 5346 1307 5414 cujus
1353 5343 1575 5395 divinus
1606 5341 1980 5394 Datuascenus

398 5455 593 5498 auctor
621 5455 727 5504 est,
758 5459 979 5496 causam
1011 5442 1112 5495 hac
1147 5440 1362 5492 ratione
1418 5453 1538 5488 cum
1579 5434 1718 5487 Filio
1754 5432 1973 5487 Patrem

394 5538 722 5605 comprobat
780 5556 794 5591 :
842 5540 1088 5605 adeoque
1150 5530 1599 5601 comprobaverit
1655 5527 1876 5591 Patris,
1927 5536 1978 5578 et

395 5628 523 5685 Filii
550 5632 797 5683 unionem
827 5632 881 5683 in
906 5645 1067 5681 causa
1102 5624 1360 5698 Spiritus.
1390 5623 1529 5678 llinc
1545 5638 1674 5676 vero
1696 5621 1978 5690 (praedicta

402 5721 558 5792 131
586 5738 693 5776 non
723 5720 962 5777 admissa
999 5721 1197 5781 Patris,
1231 5728 1287 5773 et
1350 5717 1469 5771 Filii
1508 5716 1710 5768 tmioue
1735 5714 1788 5767 in
1812 5727 1974 5767 causa

388 5813 638 5885 Spiritus
691 5812 914 5883 sancti),
974 5812 1277 5866 absurdum
1346 5815 1673 5879 sequeretur
1726 5803 1973 5860 omnium

2086 4346 2183 4402 per
2244 4330 2435 4384 Deum.
2486 4327 2681 4383 Omnia
2712 4327 2917 4397 quippe
2946 4326 3064 4380 haec
3088 4324 3407 4380 referuntur
3437 4323 3504 4378 ad
3540 4338 3677 4393 per-

2087 4437 2278 4476 sonam
2326 4422 2421 4476 Dei
2473 4436 2537 4476 ac
2586 4419 2807 4475 Patris:
2844 4434 3023 4488 neque
3079 4432 3211 4472 sane
3242 4433 3317 4475 eo
3371 4416 3675 4473 dementia

2087 4514 2379 4583 quisquam
2438 4513 2673 4574 venerit,
2732 4524 2792 4565 ut
2850 4509 3259 4563 ministrationis
3309 4523 3559 4568 nomen.
3602 4515 3683 4561 et.

2089 4622 2202 4659 rem
2230 4608 2393 4659 etiam
2421 4606 2488 4660 de
2518 4605 2634 4673 ipsa
2692 4604 2783 4657 Dei
2813 4611 2861 4656 et
2895 4604 3077 4657 Patris
3118 4602 3399 4672 majestate
3421 4614 3676 4655 aulaeu-

2088 4710 2244 4753 tauee
2269 4698 2378 4752 diei
2410 4698 2567 4761 velit;
2592 4712 2653 4750 ex
2681 4712 2749 4750 eo
2770 4695 2917 4764 quod
2964 4695 3131 4750 etiam
3159 4693 3317 4753 illud.
3350 4708 3447 4761 per
3482 4707 3669 4760 quem

2082 4791 2152 4844 δι’
2183 4784 2269 4851 οὗ,
2292 4792 2367 4849 ,ιιο
2400 4789 2519 4858 ipso
2551 4788 2763 4843 dictum
2797 4797 2922 4843 est:
2961 4805 2981 4837 ι
3032 4784 3183 4839 Vides
3207 4783 3535 4854 particulam
3563 4798 3675 4853 pcr-

2087 4884 2277 4952 (verba
2307 4892 2436 4937 sunt
2462 4882 2692 4948 Allatii),
2725 4881 2831 4935 Deo
2880 4878 3059 4943 Patri,
3108 4887 3156 4931 et
3189 4894 3295 4931 non
3334 4888 3545 4931 tantum
3577 4875 3674 4931 (δίο

2086 4983 2159 5030 tio
2215 4976 2528 5030 attributam
2560 4989 2578 5026 :
2621 4988 2789 5043 neque
2847 4972 2963 5026 ideo
3018 4989 3049 5025 a
3101 4967 3341 5024 naturali
3400 4969 3679 5039 dignitate

2085 5068 2303 5123 Patrem
2326 5068 2584 5120 decidere.
2614 5065 2758 5119 Dicet
2800 5064 2959 5135 133
2995 5062 3241 5128 Severus,
3307 5062 3420 5115 lucc
3440 5061 3508 5114 de
3538 5076 3675 5133 ope-

2084 5163 2378 5215 rationibus
2404 5160 2474 5213 ad
2506 5168 2656 5212 extra
2693 5158 3062 5230 pronuntiari.
3092 5155 3231 5221 Quid
3266 5167 3378 5208 tum
3400 5153 3425 5206 ἵ
3449 5151 3672 5225 Ergone

2085 5266 2199 5306 tum
2229 5252 2391 5307 Pater
2417 5253 2638 5314 amittit,
2662 5259 2718 5302 ut
2736 5251 2806 5304 sit
2844 5251 3021 5317 prima
3053 5257 3101 5301 et
3137 5247 3334 5318 absque
3393 5246 3672 5317 principio

2082 5357 2246 5393 causa
2268 5356 2472 5401 rerum,
2503 5340 2635 5392 adeo
2671 5348 2725 5390 ut
2755 5354 2858 5391 non
2886 5338 3051 5408 possit
3075 5338 3139 5391 de
3165 5336 3258 5390 illo
3285 5337 3568 5406 σῶν-ικαὶ.
3598 5352 3673 5393 ea

2083 5431 2214 5493 Deo,
2256 5441 2304 5484 et
2330 5446 2393 5481 ea:
2418 5430 2580 5483 Patre
2600 5428 2624 5482 2’
2646 5427 2866 5483 Minime
2890 5430 3141 5500 gentium.
3182 5428 3329 5482 Nam
3357 5429 3524 5482 etiam
3552 5439 3669 5482 tum

2081 5524 2163 5577 illi
2203 5540 2307 5577 non
2338 5524 2511 5576 "tinus
2532 5523 2768 5576 convenit
2792 5522 3114 5593 prmpositio,
3146 5536 3234 5575 ex.
3264 5519 3416 5575 Illud
3445 5532 3670 5577 tantum

2082 5620 2432 5679 concluditur,
2486 5618 2541 5670 in
2603 5617 2793 5670 diuinis
2846 5617 3089 5686 personis
3163 5615 3415 5670 eumdem
3467 5614 3671 5669 habere

2080 5709 2459 5780 signiﬁcatum,
2517 5716 2565 5760 et
2614 5706 2850 5762 eamdem
2884 5706 3011 5775 vim,
3039 5707 3223 5762 ambas
3261 5710 3419 5760 hasce
3446 5720 3670 5777 prepo-

2081 5804 2299 5858 sitiaim
2327 5814 2392 5855 ex
2417 5809 2466 5852 et
2488 5814 2617 5870 per.
