3858 6530
174 397 266 466 137

1324 390 1531 452 VlTA.
1559 415 1627 425 --
1655 385 2168 447 DISSERTATIO
2210 386 2262 445 Ι.

3318 371 3422 441 138

230 516 408 584 Quid?
446 515 597 587 quod
629 516 697 572 de
726 512 841 585 ipsa
872 512 1109 587 Cyrinus
1131 518 1359 575 aeterna,
1390 524 1455 566 ac
1472 509 1731 565 substan-
1759 523 1805 578 Α
1838 517 1884 560 et
1951 508 2091 560 actio
2143 506 2435 577 aliquando
2485 506 2584 561 sibi
2639 518 2827 560 nomen
2885 502 3089 575 agentis
3129 502 3421 557 adsciscere

174 607 272 661 tisli
318 622 489 675 agens
534 609 918 678 processione,
977 604 1245 675 Spiritum
1295 613 1548 659 sanctum
1580 617 1736 673 aeque

173 716 251 768 per
293 698 537 763 Patrem,
594 716 790 770 perque
847 697 1045 753 Filium
1087 697 1409 768 procedere,
1443 700 1740 763 nos-docet

173 797 227 844 de
281 802 424 846 recta
474 792 581 862 ﬁde
637 793 708 846 ad
764 796 977 861 reginas
1003 833 1017 858 ,
1053 802 1202 846 tomo
1247 791 1308 853 V,
1336 801 1487 860 parte
1520 807 1582 855 Il,
1611 805 1735 860 pag.

176 885 263 939 172
290 902 305 939 :
336 903 356 937 ι
391 885 506 954 Ipsa
545 884 841 940 vivificatio
870 883 1208 955 (inquiens),
1261 883 1347 937 vel
1386 880 1741 938 exsuscitatio

172 992 266 1031 non
317 975 386 1030 ad
445 976 615 1046 ipsam
648 978 897 1046 corporis
928 984 1205 1037 naturam,
1240 974 1369 1030 licet
1398 975 1532 1029 illud
1556 975 1737 1030 Verbo

171 1083 225 1121 ex
270 1068 382 1123 Deo
428 1070 615 1139 genito
665 1069 947 1139 proprium
1006 1067 1304 1131 exstiterit,
1334 1069 1428 1124 sed
1460 1070 1643 1138 potius
1672 1069 1740 1124 ad

170 1174 473 1229 supremam
529 1161 677 1215 illam
734 1162 1019 1223 virtutem,
1079 1159 1183 1216 hoc
1221 1170 1305 1215 est
1345 1175 1464 1215 eam
1488 1169 1741 1215 naturam

166 1250 283 1316 jure
348 1249 551 1304 merito
612 1250 902 1305 referenda
948 1259 1054 1314 est,
1106 1265 1230 1320 quae
1286 1265 1504 1305 omnem
1527 1252 1744 1305 excedit

170 1355 501 1408 creaturam,
563 1346 707 1401 sicut
758 1346 812 1400 in
879 1360 1117 1416 persona
1175 1347 1267 1400 Dei
1304 1346 1602 1409 Patris,ex
1632 1361 1743 1416 quo

172 1440 407 1508 πέφηνεν
464 1441 651 1509 prodit
708 1441 883 1496 Filius
929 1458 1028 1511 per
1077 1442 1261 1497 omnia
1303 1441 1377 1497 illi
1404 1442 1654 1512 aequalis,
1691 1452 1746 1497 et

171 1534 695 1588 consubstantialis:
730 1536 953 1603 Πρόεισι
1001 1534 1057 1588 δὲ
1107 1535 1173 1589 δι’
1217 1536 1444 1604 ἀμφοῖν.
1509 1535 1743 1605 procedit

171 1633 343 1678 autem
366 1641 463 1691 per
496 1637 747 1695 utrosque
769 1638 825 1683 et
878 1610 1126 1683 viviﬁcus
1158 1643 1381 1697 quoque
1411 1627 1677 1698 Spiritus.
1717 1647 1736 1681 ι

173 1713 467 1785 Perspicue
522 1728 691 1787 patet,
751 1721 1201 1790 prmpositionem
1252 1721 1747 1788 peraccommoda-

175 1816 274 1861 tam
311 1808 487 1874 Patri,
514 1812 768 1866 eumdem
796 1813 999 1867 habere
1056 1813 1427 1884 signiﬁcatum
1458 1829 1582 1868 cum
1610 1830 1748 1884 prae-

1836 600 2069 668 uidetur,
2125 608 2182 653 ut
2236 598 2366 655 solis
2416 598 2668 671 splendor
2714 600 2804 653 aut
2847 599 3019 653 lumen
3059 609 3424 665 sa'penumero

1837 682 2004 747 solis.’

1915 785 2149 857 impium
2208 784 2353 841 istud
2413 792 2785 840 commentum
2838 790 2914 838 nti
2956 797 3077 838 esse
3107 781 3277 844 aliud.
3314 777 3424 837 nisi

1840 880 2245 952 praeformatam
2277 879 2530 947 Gregorii
2573 879 2807 932 Palamze
2838 876 3116 941 hmresim,
3141 876 3425 930 adnotavi-

1842 986 1968 1026 mus
2023 972 2196 1026 citato
2260 971 2439 1039 capite
2464 973 2520 1033 8,
2552 984 2705 1023 num.
2730 968 2766 1022 ‘2
2793 968 2922 1023 et3.
2963 967 3103 1022 llinc
3134 966 3429 1021 novaeihma

1842 1079 2030 1118 reseos
2084 1063 2346 1135 Cyprium
2402 1079 2558 1117 reum
2584 1061 2828 1116 Joannes
2872 1061 3078 1115 Beccus
3106 1060 3424 1114 accusabat.

1844 1152 1965 1225 Ipse
2010 1155 2378 1226 Puchymeres
2425 1154 2650 1208 nomine
2691 1169 2792 1207 suo
2835 1152 3184 1221 aliorumque
3247 1151 3429 1207 schis-

1846 1250 2173 1304 maticorum
2206 1249 2409 1313 aiebat,
2436 1263 2786 1319 nequaquam
2828 1263 2888 1303 se
2927 1263 3123 1319 capere
3161 1249 3292 1315 quid
3325 1246 3456 1303 sibi'

1845 1344 2014 1398 vellet
2065 1342 2340 1413 Cyprius:
2370 1343 2789 1413 quaerebatque,
2852 1343 3143 1395 monstrari
3184 1340 3281 1395 sibi
3315 1341 3431 1395 dis-

1846 1439 2048 1491 crimen
2113 1438 2480 1507 processionis,
2539 1452 2602 1489 ac
2656 1442 2870 1488 aeternis
2912 1436 3429 1505 exsplendescentiaz.

1844 1531 2047 1586 Notum
2102 1533 2329 1602 quippe,
2395 1542 2861 1600 compertumque
2919 1540 3062 1597 erat,
3114 1531 3432 1586 divinarum

1847 1639 2209 1691 personarum
2273 1625 2644 1679 emanationes
2701 1624 2770 1678 ad
2826 1625 3147 1678 exstantium
3181 1623 3439 1693 frequen-

1853 1717 1960 1772 tius
1997 1715 2260 1788 appellari
2291 1733 2320 1770 a
2356 1717 2614 1771 Patribus
2645 1715 3185 1787 exsplendescentias,
3212 1726 3264 1770 et
3287 1714 3440 1785 σπαι-

1852 1811 2056 1876 siones;
2110 1819 2303 1880 utpote
2364 1810 2570 1879 quibus
2626 1810 2824 1865 divina
2879 1818 3076 1864 natura
3120 1825 3149 1864 a
3192 1809 3352 1865 Patre
3385 1812 3437 1864 in

171 1902 444 1967 positione
504 1917 571 1956 es:
606 1917 623 1956 :
654 1904 1027 1975 eamdemque
1078 1875 1135 1959 in
1161 1896 1302 1961 'toco
1326 1903 1514 1975 Cyrilli
1543 1875 1745 1963 habere
1782 1875 1820 1929 Β
1857 1900 2078 1958 Filium.
2129 1875 2189 1957 et
2242 1917 2271 1955 a
2304 1875 2465 1958 Patre
2510 1901 2765 1973 Filioque
2812 1910 3145 1972 propagetur
3175 1902 3227 1956 in
3265 1901 3443 1973 Spiri-

167 1994 538 2062 signiﬁcatum
568 1997 1041 2052 accommodatam
1071 1996 1230 2052 Filio.

230 2084 344 2138 Cur
374 2101 510 2154 ergo
538 2102 647 2141 non
672 2087 863 2144 dixere
914 2089 1107 2144 Patres
1134 2105 1228 2157 per
1260 2088 1479 2145 Patrem
1507 2106 1570 2145 ea:
1601 2088 1745 2145 Filio

166 2176 464 2249 Spiritum?
529 2180 611 2235 Ne
669 2181 881 2236 scilicet
937 2182 1141 2235 medius
1176 2181 1342 2235 Pater
1376 2182 1519 2237 inter
1550 2183 1748 2237 Filium

170 2272 598 2339 intelligeretur,
653 2284 709 2329 et
765 2275 1035 2344 Spiritum
1072 2276 1752 2346 sanctumzquemadmo-

169 2365 298 2419 dum
360 2365 512 2421 inter
550 2367 770 2421 Patrem
826 2377 883 2424 et
930 2367 1198 2437 Spiritum
1239 2377 1516 2422 sanctum‘
1544 2371 1748 2425 medius

169 2466 250 2511 est
295 2455 518 2522 Filius;
575 2458 723 2514 unde
780 2476 903 2529 per,
937 2459 1106 2529 ipsum
1166 2462 1466 2529 procedere
1496 2476 1561 2514 ex
1585 2461 1752 2515 Patre

172 2551 378 2607 dicitur
436 2554 681 2623 Spiritus
734 2565 977 2608 sanctus.
1027 2553 1305 2624 insignem
1334 2555 1513 2609 recole
1541 2556 1748 2609 doctriv

175 2661 300 2700 nam
362 2646 619 2715 Gregorii
650 2645 898 2717 'Nysseni
968 2646 1025 2700 in
1066 2646 1311 2714 Epistola
1339 2647 1405 2700 ad
1441 2646 1754 2713 Ablavinm,

174 2738 353 2805 capite
387 2738 444 2802 5,
482 2753 635 2792 num.
664 2737 838 2808 lll'(5)
864 2738 1191 2791 illustratam
1221 2754 1236 2792 :
1262 2737 1523 2792 nimirum
1559 2740 1612 2793 in
1651 2739 1759 2794 Deo

176 2831 322 2883 aliud
348 2846 461 2885 esse
493 2847 734 2898 causam,
762 2838 809 2884 et
835 2830 983 2885 aliud
1007 2846 1070 2884 ea:
1098 2847 1261 2885 causa
1300 2847 1319 2885 :
1365 2841 1415 2885 et
1455 2833 1508 2886 in
1540 2849 1598 2886 eo
1624 2834 1764 2903 quod

179 2941 238 2977 ea:
274 2941 465 2988 causa,
525 2924 676 2978 aliud
735 2940 847 2978 esse
893 2925 1028 2978 citra
1088 2918 1316 2978 medium
1382 2941 1446 2978 ea;
1493 2926 1764 2994 primo,ct

180 3018 327 3071 aliud
376 3033 488 3073 esse
531 3034 624 3089 per
674 3018 727 3071 id
773 3017 909 3089 quod
950 3018 1088 3071 citra
1129 3018 1359 3072 medium
1382 3035 1445 3073 ea:
1469 3019 1642 3089 primo
1667 3030 1764 3074 est.

179 3111 330 3164 Adde
360 3110 543 3165 sancti
573 3110 796 3164 Thomas
819 3108 1023 3179 saepius
1068 3118 1374 3164 memorata
1406 3109 1763 3178 documenta,

182 3205 454 3259 tradentis
478 3195 713 3258 {Habito
745 3214 998 3274 respectu
1024 3202 1091 3259 ad
1143 3204 1474 3274 principium
1508 3207 1769 3274 activum,

182 3300 295 3350 sive
340 3297 410 3351 ad
473 3297 734 3352 virtutem
790 3296 1073 3367 spirandi,
1124 3299 1432 3352 immediate
1492 3298 1764 3369 Spiritum

182 3400 438 3445 sanctum
472 3408 583 3446 esse
615 3409 646 3445 a
674 3389 837 3446 Patre
862 3398 912 3446 et
940 3409 972 3444 a
1005 3387 1171 3458 Filio,
1205 3392 1290 3447 vel
1319 3408 1412 3463 per
1442 3403 1724 3463 utrumque
1746 3409 1768 3448 :

186 3484 489 3555 habitoque
559 3495 816 3554 respectu
877 3484 943 3539 ad
995 3485 1282 3555 supposita
1330 3485 1463 3551 duo,
1501 3485 1679 3539 Patris
1712 3494 1771 3540 et

186 3573 345 3637 Filii,
403 3577 613 3645 quibus
666 3592 771 3629 una
802 3575 947 3631 inest
969 3577 1215 3646 spirandi
1241 3577 1434 3643 virtus,
1487 3579 1770 3631 mediatio-

187 3686 309 3723 nem
344 3670 529 3725 locum
560 3669 784 3732 habere,
820 3684 927 3739 qua
952 3669 1194 3740 Spiritus
1223 3680 1448 3725 sanctus
1468 3672 1767 3741 procedere

187 3761 418 3825 dicitur,
470 3777 581 3815 non
643 3777 707 3814 ea:
738 3760 881 3815 Filio
909 3770 958 3815 et
1000 3761 1183 3825 Patre,
1222 3778 1400 3834 neque
1430 3780 1524 3834 per
1549 3763 1768 3818 Patrem

186 3871 223 3907 α
264 3852 450 3920 Filio;
475 3852 572 3908 sed
605 3871 638 3908 α
676 3850 841 3908 Patre
867 3870 961 3924 per
1016 3853 1244 3918 Filium,
1274 3857 1357 3911 vel
1394 3874 1425 3909 a
1463 3858 1625 3912 Patre
1653 3868 1700 3911 et
1736 3875 1769 3911 a

187 3944 363 4003 Filio.

267 4042 359 4097 IV.
393 4042 451 4097 ln
474 4056 545 4098 eo
571 4056 681 4096 non
724 4042 878 4096 stetit
937 4055 1125 4096 errore
1177 4039 1483 4111 Gregorius
1518 4039 1770 4111 Cyprius,

182 4149 310 4204 quo
369 4134 609 4205 Spiritus
651 4136 823 4188 sancti
884 4134 1269 4203 processionem
1328 4150 1423 4203 per
1482 4131 1681 4188 Filium
1705 4134 1770 4187 ad

177 4227 447 4299 ejusdem
506 4225 639 4280 Filii
705 4227 1055 4280 ministerium
1115 4227 1522 4295 quodammodo
1568 4228 1775 4281 instru-

181 4319 437 4375 mentale
466 4320 765 4375 referebat.
790 4318 1009 4373 invecta
1042 4329 1303 4386 praeterea
1334 4320 1582 4390 ejusdem
1597 4322 1773 4376 sancti

174 4414 439 4483 Spiritus
504 4426 602 4483 per
658 4412 859 4466 Filium
915 4412 1291 4481 processione,
1326 4428 1435 4466 non
1466 4421 1534 4465 ad
1562 4422 1777 4465 exstan-

173 4511 358 4574 tium,
406 4507 499 4563 sed
534 4508 605 4560 ad
644 4514 902 4560 aeternam
945 4504 1510 4574 easplendescentiam,
1557 4514 1776 4560 sancto-

1856 2001 1972 2047 tum
2008 2002 2287 2048 sanctum.

1928 2084 1993 2139 γ.
2045 2084 2279 2139 JOannis
2348 2085 2508 2141 Becci
2560 2086 2820 2143 videlicet
2856 2086 3327 2164 disputationibus
3352 2086 3444 2143 ni-

1858 2176 2029 2230 mium
2075 2192 2305 2247 pressus
2356 2179 2777 2249 exagitatusque
2819 2179 3117 2251 Gregorius
3172 2180 3436 2252 Cyprius,

1863 2284 2032 2324 novas
2082 2271 2327 2326 cudebat
2389 2271 2669 2336 lia-roses,
2721 2271 2959 2327 alienam
3010 2287 3040 2327 a
3088 2271 3445 2330 confessione

1861 2364 2121 2420 catholici
2161 2365 2433 2436 dogmatis
2482 2376 2721 2421 mentem
2756 2382 2957 2437 gerens
2980 2366 3446 2437 pertinacissime.

1860 2454 1968 2511 Sed
2003 2467 2130 2511 ante
2168 2457 2285 2512 lucc
2344 2458 2649 2514 certamina
2683 2461 2960 2513 communi
3011 2459 3328 2516 Graecorum
3355 2479 3453 2517 er.

1865 2548 1976 2604 rori
2005 2549 2320 2605 adhaerebat
2353 2551 2463 2614 ille,
2495 2552 2673 2606 sancti
2736 2551 2979 2621 Spiritus
3030 2552 3446 2623 processionem

1862 2660 1892 2695 a
1948 2640 2114 2709 Filio,
2169 2651 2265 2698 aut
2318 2661 2411 2715 per
2464 2644 2657 2699 Filium
2711 2644 2959 2701 referens
3013 2648 3083 2701 ad
3126 2649 3448 2704 missionem

1826 2776 1829 2779 -
1869 2737 2251 2806 temporalem,
2272 2750 2434 2807 quam
2467 2736 2660 2807 putant
2714 2754 3018 2810 puramque
3051 2740 3323 2797 donorum
3355 2751 3453 2797 aut

1869 2829 2267 2883 charismatum
2315 2830 2663 2900 largitionem
2723 2831 3087 2903 intelligebat.
3146 2835 3203 2890 In
3236 2851 3304 2890 eo
3342 2837 3457 2890 An-

1870 2922 2138 2975 tirrhetico
2170 2921 2611 2977 contraBeccum
2664 2940 2912 2978 sermone
2934 2967 2949 2990 ,
2984 2942 3148 2997 quem
3188 2944 3217 2982 a
3251 2926 3455 3000 Cyprio

1872 3019 2139 3084 scriptum
2190 3014 2363 3073 fuisse
2415 3026 2543 3073 ante
2595 3017 2874 3089 indeptam
2929 3023 3338 3093 patriarchatus
3367 3023 3455 3078 di-

1874 3110 2160 3183 gnitatem,
2217 3110 2396 3180 capite
2450 3110 2505 3175 6,
2560 3127 2712 3169 num.
2766 3113 2826 3177 2,
2860 3114 3269 3184 adnotavimus,
3306 3127 3459 3174 totus

1879 3212 1982 3265 est,
2042 3212 2101 3258 ut
2152 3196 2393 3273 Spiritus
2416 3206 2829 3274 processionem
2867 3223 2896 3262 a
2932 3206 3091 3277 Filio,
3122 3208 3211 3265 vel
3238 3227 3334 3281 per
3362 3206 3460 3267 Fi-

1877 3294 2016 3350 lium
2075 3296 2132 3353 in
2181 3299 2431 3369 ejusdem
2474 3303 2759 3370 temporali
2799 3300 3250 3374 munifestatione,
3283 3319 3459 3364 osten-

1874 3387 2049 3454 sione,
2106 3389 2439 3459 prabitione,
2489 3406 2554 3445 ac
2597 3394 2843 3448 missione
2868 3396 3204 3463 constituat;
3238 3414 3300 3454 ac
3329 3398 3457 3469 Spi-

1871 3482 2016 3536 ritus
2078 3483 2254 3538 sancti
2317 3498 2522 3538 nomen
2564 3500 2694 3555 ιρι-ο
2739 3487 2877 3541 dona
2915 3489 3099 3559 effuso,
3137 3506 3236 3561 pro
3272 3491 3456 3560 gratia

1871 3575 2093 3647 donata,
2119 3592 2216 3645 pro
2244 3581 2554 3647 operatione
2586 3580 2657 3633 ad
2714 3592 2895 3645 extra,
2942 3596 3066 3650 qua:
3096 3584 3459 3640 sanctissima

1869 3668 2126 3723 'l'rinitati
2154 3670 2467 3725 communia
2502 3680 2651 3735 sunt,
2684 3672 3070 3743 accipiendum
3097 3671 3351 3730 suadeat.

1944 3759 2187 3830 Hujusce
2235 3764 2434 3818 levitas
2496 3764 3005 3834 interpretationis.
3037 3781 3102 3821 ac
3136 3766 3367 3830 falsitas,
3401 3774 3458 3823 et

1880 3850 2197 3908 absurditas
2224 3854 2308 3908 vel
2333 3853 2436 3924 ipsi
2483 3854 2866 3909 innotescebat
2923 3853 3191 3926 Gregorio
3224 3852 3454 3928 Cyprio,

1875 3945 1970 4013 qui
1999 3943 2157 3999 Becci
2188 3944 2654 4016 d‘sputationibus
2679 3954 3012 4014 coarctatus,
3030 3949 3097 4002 ab
3115 3963 3177 4003 ea
3195 3948 3458 4004 recessit:

1873 4053 2156 4107 novasque
2202 4039 2441 4094 hiereses
2469 4040 2734 4096 inducere
2756 4049 2987 4096 coactus
3019 4052 3127 4106 est,
3153 4042 3239 4097 vel
3297 4038 3461 4096 mini-

1872 4132 2020 4185 sterii
2052 4129 2506 4197 instrumentalis,
2538 4134 2687 4204 quod
2733 4134 2787 4189 in
2836 4142 3042 4189 aeterna
3105 4135 3463 4205 processione

1875 4234 2098 4293 praestet.
2118 4224 2293 4280 Filius
2322 4243 2334 4280 :
2363 4227 2444 4281 vel
2468 4236 2684 4282 teternae
2713 4229 2994 4298 cujusdam
3024 4226 3460 4297 “splendescen-

1871 4320 1980 4382 tire,
2013 4335 2043 4373 a
2102 4320 2397 4374 Divinitate
2426 4319 2720 4383 distincta,
2748 4319 2908 4392 134
2935 4336 3058 4391 quae
3081 4336 3110 4374 a
3147 4319 3309 4386 Filio,
3342 4322 3458 4377 sic-

1873 4424 1933 4465 ut
1986 4428 2016 4465 a
2069 4413 2250 4480 Patre,
2312 4422 2368 4471 et
2426 4430 2455 4469 a
2518 4413 2732 4483 Spiritu
2812 4425 3030 4478 sancto,
3100 4416 3461 4485 producatur.

1877 4505 2094 4560 Primos
2134 4506 2386 4577 ejusdem
2425 4505 2902 4577 interpretationis
2932 4518 3192 4563 auctores
3216 4508 3464 4563 diximus
3529 4549 3534 4552 -

172 4617 315 4654 rum
396 4600 645 4664 Patrum,
713 4602 1062 4666 maximeque
1097 4596 1326 4652 Joannis
1378 4598 1534 4668 133
1584 4598 1778 4651 Dama-
1809 4600 1861 4660 Β
1890 4600 2296 4664 Monotbelitas,
2351 4601 2448 4673 qui
2488 4600 2746 4672 Spiritum
2779 4610 3021 4657 sanctum
3050 4617 3114 4656 ea:
3149 4597 3312 4656 Patre
3341 4617 3467 4673 pro—

170 4689 349 4744 δοθηί
398 4687 714 4742 testimonia
780 4687 1266 4757 interpretabatur,
1297 4697 1391 4741 aut
1450 4690 1632 4758 potius
1660 4704 1781 4743 cor-

167 4781 519 4851 rumpebat.
579 4779 759 4834 Verba
807 4780 926 4850 ejus
962 4795 1027 4834 ex
1054 4789 1201 4833 torno
1234 4780 1488 4834 dedimus
1507 4781 1689 4849 capite
1725 4780 1779 4843 8,

168 4888 356 4928 num.
422 4871 485 4930 2.
542 4870 604 4926 Si
662 4887 807 4936 vero,
861 4872 1187 4940 inquientis,
1249 4871 1781 4943 asummotheologa

166 4969 540 5023 Damasceno
574 4966 876 5034 reperiatur
902 4967 1075 5020 dictus
1128 4965 1291 5019 Pater
1320 4966 1408 5017 διὰ
1437 4965 1616 5033 Λόγου
1651 4983 1786 5038 προ-

168 5066 421 5125 σσλεϋς,
466 5062 754 5131 productor
799 5076 894 5129 per
970 5058 1233 5122 Verbum;
1297 5057 1439 5111 haud
1480 5059 1641 5129 plane
1679 5059 1784 5111 ista

166 5160 402 5211 locutio
430 5154 735 5225 signiﬁcare
766 5152 880 5207 vult
928 5153 1099 5208 sancti
1157 5150 1392 5221 Spiritus
1419 5152 1500 5214 el;
1559 5153 1621 5204 τὸ
1643 5145 1786 5204 εἶναι

164 5249 461 5320 πρόοδον,
487 5246 875 5315 processionem
908 5245 966 5300 in
997 5246 1323 5299 exstantium
1348 5260 1362 5297 :
1391 5245 1482 5298 sed
1504 5245 1583 5305 si;
1614 5243 1785 5296 ἀΐδιον

167 5348 499 5415 ἐκφανσιν,
560 5341 616 5393 in
681 5348 937 5393 wternam
1000 5338 1565 5409 exsplendeseentiam.
1634 5337 1788 5391 Hanc

165 5441 419 5493 scilicet
468 5434 805 5503 excogitavit
860 5443 1119 5487 cateruam
1172 5430 1706 5501 eaplendescentiam,
1754 5444 1783 5482 a

169 5534 421 5588 Deitate
476 5527 794 5581 distinctam

169 5626 377 5681 tribus
448 5617 956 5687 divinis'personis
1000 5616 1331 5680 communis,
1362 5616 1584 5670 nomine
1618 5614 1791 5684 Spiri-

172 5732 264 5775 tus
321 5714 527 5771 sancti
594 5699 906 5781 appellabat
966 5728 983 5765 :
1042 5709 1306 5773 Quoniam
1367 5707 1503 5762 nihil
1532 5711 1649 5763 novi
1684 5716 1785 5769 est,

172 5786 547 5882 (inquiens.)
573 5819 740 5874 neque
773 5803 837 5856 ab
872 5818 969 5855 usu
1010 5801 1414 5870 Scripturarum
1437 5800 1673 5855 alienum
1699 5842 1713 5864 ,
1746 5803 1791 5854 si

174 5900 458 5981 spiritale
480 5900 677 5952 donum
706 5901 967 5967 cquiooce
1011 5894 1240 5963 Spiritus
1289 5904 1504 5950 sanctus
1546 5894 1793 5965 vocetur;

512 6003 747 6063 Pa't‘ttOt
773 6036 791 6054 .
842 5997 959 6057 Gn.
995 5993 1205 6054 CXLII

854 5543 868 5580 :
923 5525 1322 5594 eamdemque,
1367 5524 1587 5577 tametsi
1647 5522 1790 5576 foret
1832 5516 1833 5519 “

1885 4694 2151 4747 cedentem
2211 4695 2450 4761 aiebant,
2503 4707 2552 4749 et
2585 4712 2680 4764 per
2711 4694 2757 4748 ρ
2760 4695 2915 4750 ilium
2946 4697 3252 4760 micantem,
3283 4695 3467 4751 videli-

1848 4786 1855 4795 ‘
1885 4796 1961 4837 cet
2021 4785 2335 4841 hominibus.
2394 4787 2553 4842 Paria
2604 4790 2771 4843 verba
2805 4802 3111 4843 occurrunt
3145 4788 3200 4843 in
3225 4791 3466 4859 genuina

1862 4874 2135 4947 Gregorii
2192 4877 2661 4937 Neocaesariensis
2708 4880 2860 4935 brevi
2910 4879 3257 4950 Expositione
3286 4879 3463 4936 fidei:

1894 4967 2039 5024 Unus
2071 4970 2299 5042 Spiritus
2325 4986 2560 5039 sanctus,
2597 4990 2661 5029 ea:
2694 4973 2797 5028 Deo
2828 4974 3189 5028 exsistentiam
3210 4973 3409 5028 habens
3445 4989 3465 5029 :

1889 5065 1983 5117 καὶ
2040 5063 2127 5116 δα
2177 5064 2309 5117 Υἱοῦ
2369 5067 2631 5137 πεφηνὸς,
2656 5066 2859 5135 δηλαδὴ
2896 5069 3008 5126 τοῖς
3044 5066 3384 5135 ἀνθρώποις,
3416 5076 3468 5122 et

1889 5157 1979 5219 qui
2036 5172 2130 5228 per
2185 5155 2377 5211 Filium
2407 5159 2676 5228 apparuit,
2698 5158 2896 5211 scilicet
2922 5158 3243 5212 hominibus.
3278 5157 3468 5214 Falsa-

1892 5258 2005 5302 tum
2051 5250 2235 5321 locum
2296 5264 2396 5318 pro
2445 5258 2605 5304 certo
2636 5249 2805 5304 habet
2837 5248 3152 5321 Lequienus
3180 5254 3236 5309 in
3268 5253 3470 5309 dissero
3522 5268 3531 5272 ‘

1892 5341 2097 5395 talione
2159 5342 2546 5395 Damascenica
2603 5355 2642 5407 I,
2668 5356 2819 5396 num.
2853 5342 2946 5408 ΑΒ,
2979 5344 3210 5414 adjeCtis
3235 5346 3470 5401 vocibus

1893 5433 2020 5495 illis,
2084 5431 2285 5487 scilicet
2334 5433 2655 5488 hominibus.
2710 5431 2943 5489 Ruﬁnus
3001 5437 3060 5492 in
3114 5451 3213 5491 sua
3244 5436 3469 5493 Eusebii

1893 5524 2082 5580 Latina
2111 5526 2485 5589 translatione,
2527 5527 2671 5584 libro
2732 5543 2834 5593 vit,
2866 5529 3048 5600 capite
3077 5529 3168 5596 ‘25,
3198 5530 3467 5600 integram

1895 5619 2042 5673 illam
2091 5620 2502 5688 Expositionem
2556 5620 2727 5676 refert
2793 5623 2914 5677 sine
2959 5623 3339 5680 additamenta
3372 5640 3386 5677 :
3417 5631 3472 5680 et

1893 5714 1982 5781 qui
2044 5729 2136 5778 per
2197 5709 2398 5768 Filium
2453 5717 2731 5784 apparuit.
2781 5714 3014 5771 Perinde
3042 5724 3350 5788 est,atque
3377 5730 3472 5787 per

1895 5805 2087 5859 Filium
2116 5806 2369 5873 procedit.
2394 5808 2562 5862 veluti
2597 5806 2761 5862 εἰκὼν
2796 5806 2903 5861 τοῦθ
2927 5807 3078 5871 Υἱοῦ,
3106 5810 3279 5879 imago
3317 5805 3471 5872 Filii,

1898 5909 1954 5952 ut
2012 5896 2213 5951 ibidem
2253 5898 2328 5952 ait
2351 5897 2812 5971 Thaumaturgus,
2839 5899 2893 5957 in
2920 5915 3027 5971 qna
3065 5896 3472 5969 exsplendescit

3058 5992 3096 6053 5
