3858 6468
430 357 534 422 133

1360 356 1685 418 GEORGII
1726 352 1984 416 CYPRIl
2029 353 2136 417 ΕΡ.
2177 351 2688 419 ΡΑΤΒῙΑΒΟΙΙΕ

3582 361 3689 427 110

423 469 634 535 Filius;
701 462 1165 538 quemadmodum
1200 472 1253 521 et
1289 466 1457 522 Filius
1489 477 1573 522 est
1598 467 1775 537 imago
1798 467 1998 532 Patris,
2031 476 2074 531 Α
2106 482 2221 521 rem
2281 467 2562 537 ignarum,
2609 478 2704 523 aut
2759 484 2981 523 tnauutn
3041 469 3506 542 iuterpolatricem
3547 482 3691 534 satis

421 577 544 635 qua!
571 560 789 616 Patrem
826 567 1205 629 repraesentat.
1257 558 1397 615 Hinc
1452 559 1736 614 verissime
1767 557 1997 621 dictum,

426 654 628 708 Filium
655 668 753 724 per
783 653 1225 724 generationem,
1252 663 1309 709 et
1330 652 1595 723 Spiritum
1631 663 1880 709 sanctum
1907 669 2005 725 per

418 747 836 818 processionem
884 762 1168 817 apparere,
1216 749 1686 815 exsplendescere,
1737 745 2002 818 eﬁ'utgere,

420 839 569 895 salva
621 838 874 910 imaginis
935 839 1152 894 ratione
1204 839 1260 895 in
1310 837 1463 895 Filio
1505 840 1771 911 propria,
1822 840 2004 895 minus

421 930 645 1002 propria
685 931 739 985 in
764 930 974 1003 Spiritu
1016 938 1231 986 sancto.

492 1024 552 1078 ln
586 1023 692 1078 hoc
723 1031 938 1078 vetusto
980 1021 1465 1078 Monothelitarum
1523 1038 1714 1081 errore
1744 1022 2003 1081 versaba-

424 1124 513 1169 tur
547 1116 799 1171 Photius.
833 1114 1019 1186 Ipsum
1077 1114 1309 1170 Michael
1365 1115 1687 1171 Cerularius
1717 1116 2005 1185 amplexus

420 1213 745 1279 estzeique
797 1208 1145 1280 frequentius
1214 1209 1445 1266 inhaeret
1520 1208 2003 1265 schismaticorum

421 1305 610 1361 factio.
662 1304 947 1374 Duplicem
1006 1303 1176 1375 igitur
1232 1304 1575 1374 distinguere
1626 1302 1801 1359 ϐπ·ωοὶ
1826 1303 2006 1358 solent

418 1398 593 1451 sancti
619 1395 845 1468 Spiritus
874 1397 1277 1465 processionem,
1311 1407 1373 1453 ut
1420 1396 1655 1453 Allatius
1676 1396 1921 1452 declarat
1952 1397 2005 1450 in

432 1490 688 1546 Vindiciis
725 1490 1016 1560 Ephesium
1046 1492 1255 1563 synodi,
1285 1490 1466 1560 capite
1488 1490 1578 1555 47,
1614 1490 1841 1544 alteram
1871 1505 2008 1543 θείης

420 1587 710 1657 pileruam,
738 1593 794 1640 et
817 1586 1043 1640 alteram
1073 1585 1478 1656 temporariam,
1506 1593 1556 1638 et
1616 1594 1832 1654 propter
1883 1599 2003 1649 nos,

421 1687 469 1731 et
518 1677 586 1730 ad
646 1678 785 1732 hanc
837 1675 920 1731 uel
976 1676 1127 1731 illam
1191 1684 1515 1731 creaturam.
1550 1676 1813 1746 lnquiunt
1841 1692 1996 1741 vero,

419 1770 709 1824 secundum
732 1773 960 1840 primum
992 1786 1347 1842 progressum,
1400 1786 1520 1825 eum
1549 1768 1748 1824 scilicet
1780 1785 1882 1839 quo
1917 1785 2008 1823 ea:-

2106 557 2367 628 produnt.
2435 560 2825 631 Cujuseunque
2871 576 3001 615 vero
3051 562 3218 619 fuerit
3272 567 3559 635 scriptoris
3618 585 3687 625 ea

2104 652 2323 718 oratio,
2379 653 2568 724 utique
2596 654 2762 709 verba
2803 654 2916 719 illa,
2964 662 3029 709 eis
3074 656 3187 711 solo
3223 659 3404 725 Patre,
3461 676 3686 719 causam

2105 741 2351 797 indicare
2376 753 2623 812 possunt,
2647 759 2810 813 quam
2834 744 3007 801 Graaci
3031 757 3226 802 vocant
3268 766 3686 822 προκαταρκτι-

2105 834 2244 905 stipi;
2276 842 2332 889 et
2379 849 2601 890 causam
2638 838 2803 890 etiam
2841 837 3036 893 Filium
3068 880 3082 904 ,
3128 856 3289 895 unam
3322 845 3689 916 eamdemque

2106 936 2232 978 cutn
2265 922 2576 990 Patro,non
2611 927 2935 983 excludunt.
2964 928 3071 985 Sed
3093 931 3183 985 illa
3215 932 3433 986 demum
3462 950 3688 1005 quoque

2106 1018 2295 1096 verba,
2320 1020 2410 1090 qui
2437 1035 2532 1089 per
2562 1019 2761 1075 Filium
2785 1024 3062 1092 apparuit,
3088 1027 3413 1081 exstantiam
3445 1026 3691 1096 Spiritus

2107 1112 2280 1167 sancti
2311 1128 2341 1166 a
2375 1112 2534 1178 Filio,
2586 1115 2672 1169 vel
2710 1131 2811 1185 per
2861 1116 3060 1171 Filium
3096 1118 3216 1173 sine
3263 1119 3433 1175 dubio
3473 1122 3687 1193 signin-

2105 1209 2273 1269 caul;
2338 1217 2463 1258 cum
2516 1203 2572 1257 in
2626 1204 2830 1260 divinis
2881 1221 3178 1274 apparere,
3238 1208 3688 1277 exsplendescere,

2107 1295 2352 1367 eﬁ’ulgere
2387 1294 2613 1366 perinde
2635 1296 2768 1364 sint,
2804 1312 2868 1352 ac
2900 1297 3098 1353 Filium
3139 1302 3389 1370 generari
3425 1316 3454 1355 a
3497 1299 3687 1368 Patre,

2106 1398 2163 1441 et
2184 1386 2450 1455 Spiritum
2483 1398 2735 1444 sanctum
2760 1404 2790 1443 a
2819 1390 2980 1444 Patre
3010 1391 3260 1460 Filioque
3291 1393 3614 1462 procedere.

2181 1479 2449 1549 Insignem
2472 1481 2616 1535 addo
2640 1482 2928 1561 Aquinatis
2957 1481 3493 1541 animadversionem
3528 1504 3542 1538 :
3578 1502 3689 1556 qua

2108 1570 2307 1626 divinae
2346 1572 2648 1642 Scriptura:
2685 1574 2965 1630 silentium
3014 1577 3371 1646 expenditur,
3412 1593 3442 1631 a
3481 1577 3693 1635 Graseis

2108 1661 2347 1731 denique
2381 1662 2681 1732 obiectum.
2703 1663 2794 1719 Sic
2819 1665 2966 1719 enim
2997 1665 3074 1720 ait
3096 1666 3184 1720 ille
3218 1682 3235 1720 ι
3266 1681 3345 1736 p.,
3377 1677 3574 1737 quaest.
3595 1669 3688 1732 36,

2110 1763 2218 1807 art.
2241 1754 2297 1818 2,
2326 1752 2395 1808 ad
2436 1757 2456 1809 l
2485 1771 2500 1809 :
2539 1773 2557 1806 ι
2602 1755 2677 1810 De
2715 1754 2824 1809 Deo
2862 1755 3048 1812 dicere
3081 1771 3189 1812 non
3217 1757 3504 1824 debemus,
3537 1760 3687 1827 quod

419 1862 719 1916 sistentiam
744 1860 978 1929 Spiritus
1001 1861 1176 1927 habet,
1228 1861 1531 1930 procedere
1582 1861 1758 1930 ipsum
1791 1875 1858 1915 ex
1885 1861 2000 1914 solo

2110 1844 2161 1898 in
2186 1860 2341 1899 sacra
2381 1845 2664 1916 Scriptura
2687 1861 2794 1899 non
2821 1846 3121 1912 invenitur,
3163 1848 3248 1902 vel
3284 1864 3378 1919 per
3401 1848 3580 1914 verba,
3604 1852 3692 1905 vel

420 1954 582 2009 Patre
616 1972 630 2009 :
664 1954 970 2009 secundum
1005 1954 1265 2017 alterum,
1326 1953 1830 2009 communicatiuum
1860 1952 2004 2007 scili-

419 2056 520 2111 cet,
572 2063 681 2102 non
745 2047 922 2102 solum
968 2061 1036 2101 ex
1096 2048 1256 2103 Patre
1280 2046 1389 2102 dici
1418 2047 1684 2117 Spiritum
1716 2054 1997 2107 sanctum,

422 2139 520 2196 sed
583 2139 753 2193 etiam
805 2154 870 2193 ex
923 2139 1045 2210 ipso
1105 2138 1265 2195 Filio.
1294 2138 1362 2194 Et
1388 2139 1549 2193 aiunt
1579 2137 1841 2209 denique,
1870 2140 2008 2192 hanc

422 2232 922 2287 communicativam
977 2232 1210 2301 gratiam
1260 2236 1375 2285 non
1426 2240 1635 2286 tantum
1676 2246 2007 2285 communem

422 2339 537 2377 esse
580 2322 781 2387 Patris,
840 2332 889 2375 et
952 2321 1102 2387 Filii,
1155 2323 1245 2376 sed
1281 2323 1443 2393 ipsius
1469 2324 1628 2376 etiam
1661 2322 1889 2393 Spiritus
1916 2339 1935 2377 :
1958 2332 2008 2376 et

411 2416 580 2487 juxta
634 2414 787 2469 illam
821 2416 924 2469 dici
954 2422 1065 2468 tum
1097 2430 1162 2468 ea:
1192 2415 1353 2469 Patre
1389 2417 1526 2468 mitti
1586 2414 1845 2483 Spiritum
1874 2432 2006 2468 san-

419 2513 566 2559 ctum
607 2513 656 2557 et
714 2522 746 2558 a
819 2501 985 2570 Filio,
1025 2511 1135 2557 tum
1171 2503 1345 2574 ipsum
1374 2502 1635 2575 Spiritum
1670 2512 1914 2558 sanctum
1942 2520 2007 2558 ea:

415 2612 476 2651 se
518 2596 633 2666 ipso
688 2598 887 2651 uenire.
951 2595 1177 2651 Patrum
1241 2596 1612 2662 testimoniis,
1679 2611 1802 2666 qua:
1864 2597 2006 2654 bene

421 2688 593 2744 multa
636 2690 1051 2759 cengessimus,
1125 2697 1400 2758 repugnat
1447 2703 1632 2743 error.
1677 2688 2005 2758 lusipientia

419 2795 643 2851 quoque
694 2779 883 2846 fuerit,
944 2791 1047 2847 tot,
1082 2781 1341 2836 Ecclesia:
1380 2781 1624 2845 Patrum,
1644 2782 2006 2851 scriptorum-

418 2892 528 2946 que
551 2873 858 2929 clarissima
894 2873 1080 2938 verba,
1110 2889 1173 2929 ac
1201 2874 1531 2929 documenta
1564 2875 2001 2930 luculentissima

421 2959 815 3037 qumSpiritum
836 2976 1082 3021 sanctum
1126 2967 1375 3037 progredi
1418 2984 1450 3020 a
1509 2964 1655 3021 Filio
1685 2968 2001 3033 enuntiant,

421 3060 652 3128 ﬁgurate
707 3069 915 3113 tantum
976 3074 1039 3113 ac
1094 3058 1397 3128 improprie
1437 3058 1741 3128 intelligere
1772 3058 1998 3111 omnia:

422 3157 533 3221 quo
594 3160 777 3206 tamen
840 3165 1008 3205 sensu
1066 3147 1386 3219 accipienda
1416 3150 1620 3213 forent,
1651 3163 1775 3202 cum
1814 3164 2001 3203 revera

422 3259 486 3298 ac
554 3242 775 3314 preprie
833 3241 1058 3296 nonnisi
1128 3251 1313 3296 creata
1379 3239 1522 3296 dona
1570 3250 1623 3296 et
1667 3240 2002 3295 charismata

420 3337 555 3402 sint,
587 3346 709 3405 quso
739 3335 962 3390 nomine
989 3334 1162 3388 sancti
1210 3331 1437 3403 Spiritus
1500 3342 1698 3403 praeter
1732 3334 1811 3387 las
1840 3349 2003 3389 omne

420 3428 706 3498 insignita,
730 3445 761 3481 a
802 3425 945 3481 Filio
972 3428 1411 3497 progrediantur,
1454 3427 1728 3497 simulque
1757 3443 1787 3481 a
1818 3427 2002 3497 Patre,

420 3536 484 3574 ac
518 3519 637 3589 ipso
676 3520 841 3572 etiam
872 3518 1108 3589 Spiritu.

404 3596 413 3601 ’
493 3613 551 3667 In
600 3611 1128 3674 concertationibus,
1179 3626 1317 3680 quas
1380 3626 1505 3665 cum
1555 3611 1727 3668 Becco
1757 3621 1811 3668 et
1837 3612 2003 3668 sociis

419 3704 664 3759 habuere
690 3704 807 3773 ejus
827 3703 1005 3758 aetatis
1030 3701 1227 3766 Gnaei,
1262 3704 1638 3758 testimonium
1687 3707 1863 3760 sancti
1894 3704 2003 3777 Cy-

419 3796 526 3852 rilli
585 3796 866 3868 obiectum
930 3795 1115 3860 video,
1174 3796 1346 3851 veluti
1407 3807 1688 3868 sumptum
1746 3798 1904 3870 135
1935 3815 2000 3854 es

418 3890 535 3960 ejus
560 3890 802 3944 oratione
833 3888 898 3941 de
942 3890 1281 3944 sanctissima
1335 3889 1533 3944 Triade
1565 3907 1585 3946 :
1619 3907 1728 3961 quo
1755 3892 1998 3961 Spiritus

419 3988 643 4038 sanctus
702 3982 982 4051 procedere
1039 3982 1248 4035 dicitur
1277 3998 1341 4035 ea:
1379 3981 1678 4045 Patre,hoc
1713 3990 1880 4036 estea:
1914 3999 2001 4036 es-

415 4078 586 4132 sentia
640 4070 817 4132 Patris
865 4092 884 4130 :
944 4094 1051 4137 non
1110 4081 1491 4149 generatione,
1554 4079 2002 4149 quemadmodum

418 4166 597 4225 Filius
624 4188 641 4225 :
670 4170 762 4224 sed
814 4172 1165 4242 processione,
1224 4179 1280 4223 ut
1316 4171 1511 4225 dictum
1543 4179 1639 4237 est,
1667 4187 1731 4224 ea:
1756 4171 1869 4225 solo
1894 4168 2005 4223 Pa-

418 4271 519 4325 tre,
568 4262 730 4317 veluti
788 4264 851 4317 ab
907 4265 1155 4327 ore;sed
1178 4264 1266 4335 qui
1311 4266 1604 4333 comparuit
1641 4282 1735 4335 per
1776 4263 2001 4332 Filium,

419 4357 727 4427 locutusque
759 4367 832 4411 est
868 4360 921 4410 iu
952 4360 1209 4411 universis
1252 4361 1449 4412 sanctis
1485 4358 1761 4428 apostolis,
1807 4367 1856 4411 et
1881 4376 2002 4427 pro-

417 4454 585 4522 phetis
613 4469 630 4506 :
664 4451 1022 4514 nihilominus,
1079 4453 1158 4503 uti
1217 4451 1347 4512 dixi,
1383 4466 1446 4503 ea:
1470 4452 1702 4504 essentia
1738 4449 1918 4503 Patris
1945 4462 1995 4503 et

417 4542 549 4598 Filii
614 4544 893 4609 exsistens,
945 4550 993 4595 et
1049 4542 1286 4613 ejusdem
1336 4557 1455 4595 cum
1485 4540 1649 4595 Patre
1677 4551 1724 4594 et
1755 4539 1894 4595 Filio
1920 4558 1998 4595 es-
2036 4559 2077 4608 [ι

414 4639 627 4692 sentite.
691 4630 848 4692 lianc
907 4636 1101 4707 Cyrilli
1174 4636 1512 4690 sententiam
1565 4633 1999 4706 diligentissime

415 4728 678 4800 expendit
713 4728 822 4783 Leo
857 4728 1088 4783 Allatius
1121 4730 1174 4781 in
1206 4727 1463 4781 Viudiciis
1500 4724 1775 4797 Ephesium
1791 4729 1997 4800 synodi,

415 4823 597 4892 capite
655 4821 746 4885 65,
792 4821 1031 4877 Joannes
1080 4820 1288 4875 Beccus
1340 4827 1395 4873 et
1424 4820 1824 4875 Constantinus
1846 4820 1999 4875 Meli-

417 4916 624 4971 teniota
659 4915 951 4983 genuinam
973 4923 1193 4967 exstare
1220 4912 1409 4984 Cyrilli
1445 4911 1754 4967 Orationem
1788 4914 1849 4968 tle
1884 4914 1998 4968 Tri-

418 5006 606 5069 nitate,
662 5004 798 5059 nihil
858 5004 1175 5058 hmsitantes
1240 5002 1470 5057 iuticiuti
1527 5013 1656 5059 sunt
1720 5023 1732 5058 :
1788 5022 1997 5076 proque

416 5095 796 5151 contmeutitia
851 5096 1076 5151 allatam
1137 5097 1448 5165 pericopem
1504 5098 1836 5168 reiecerunt.
1873 5100 1996 5165 llaec

417 5205 547 5244 sane
604 5189 1039 5261 repugnantibus
1105 5187 1268 5241 dictis
1313 5188 1560 5257 confecta
1613 5199 1719 5245 est.
1780 5192 1995 5246 Dicitur

415 5299 614 5352 nempe
645 5282 883 5352 Spiritus
915 5292 1139 5337 sanctus
1171 5298 1236 5336 ex
1264 5284 1487 5357 essentia
1525 5282 1721 5357 Patris.
1756 5287 1995 5354 itemque

414 5362 493 5427 ex,
512 5374 735 5427 essentia
776 5372 903 5427 Filii
949 5372 1202 5428 exsisteus
1244 5388 1265 5429 :
1307 5356 1586 5443 quomodo
1630 5391 1760 5445 ergo
1792 5393 1855 5430 ex
1884 5380 1994 5432 solo

416 5468 581 5522 Putre
602 5466 892 5536 procedit?
927 5466 1101 5521 Verba
1133 5454 1333 5526 illafut
1365 5450 1563 5519 dictum
1614 5476 1714 5529 est,
1742 5469 1815 5522 uti
1836 5470 1991 5541 ‘dixi,

416 5560 700 5629 quidpiam
730 5557 997 5633 iudicant,
1033 5558 1177 5628 quod
1232 5548 1484 5628 superius
1518 5559 1994 5637 dictum,.repetat

415 5663 609 5705 auctor
654 5668 667 5705 :
710 5661 765 5706 at
815 5650 955 5703 nihil
1014 5650 1328 5722 hujusmodi
1388 5652 1441 5705 in
1492 5667 1558 5706 eo
1588 5653 1706 5705 loco
1744 5665 1990 5721 apparet.

420 5745 640 5799 Dixerat
667 5744 840 5813 prius,
882 5744 1162 5811 procedere
1203 5742 1465 5813 Spiritum
1500 5763 1531 5797 a
1563 5742 1761 5798 Patre:
1794 5748 1993 5814 repetit

416 5849 545 5888 rem
578 5850 640 5888 ex
670 5835 781 5888 solo
821 5832 1002 5896 Patre,
1041 5834 1199 5887 relati
1230 5827 1293 5887 ab
1318 5850 1447 5909 ore;
1475 5848 1595 5903 qua:
1630 5844 1719 5887 aut
1757 5836 1989 5904 scripto-

2109 1951 2203 2004 per
2227 1952 2458 1991 sensum.
2504 1936 2658 1993 Licet
2706 1947 2887 1992 autem
2922 1954 3015 2009 per
3042 1939 3198 1993 verba
3231 1955 3339 1993 non
3374 1940 3694 1995 inveniatur

2110 2026 2165 2081 in
2195 2042 2348 2083 sacra
2377 2028 2683 2098 Scriptura,
2721 2032 2867 2100 quod
2897 2030 3135 2102 Spiritus
3166 2034 3404 2103 procedit
3437 2050 3471 2086 a
3512 2033 3693 2100 Filio;

2109 2120 2392 2176 invenitur
2426 2128 2607 2176 tamen
2629 2130 2897 2192 quantum
2933 2125 3004 2178 ad
3047 2140 3281 2190 sensum,
3310 2136 3366 2181 et
3410 2126 3692 2196 praecipue

2110 2212 2205 2268 ubi
2228 2213 2359 2269 dicit
2377 2214 2549 2271 Filius
2575 2213 2738 2272 Joan.
2760 2232 2850 2270 xv1
2875 2217 2943 2272 de
2962 2216 3168 2287 Spiritu
3199 2228 3389 2273 saneto
3411 2219 3646 2289 loquens
3670 2236 3687 2276 :

2107 2302 2215 2358 Ille
2249 2322 2329 2359 me
2382 2306 2723 2375 clariﬁcabit,
2758 2309 2885 2377 quia
2917 2309 2980 2362 de
3008 2300 3121 2363 meo
3175 2312 3416 2379 accipiet.
3452 2310 3691 2380 Regula-

2108 2398 2245 2453 riter
2267 2400 2432 2454 etiam
2477 2402 2531 2454 in
2563 2414 2717 2455 sacra
2747 2399 3032 2471 Scriptura
3062 2403 3356 2458 tenendum
3396 2414 3501 2471 est,
3535 2403 3688 2472 quod

2108 2492 2162 2547 id
2194 2493 2437 2565 quodde
2468 2493 2629 2548 Patre
2656 2495 2876 2560 dicitur,
2905 2504 3126 2565 oportet
3158 2497 3222 2551 de
3266 2494 3408 2551 Filio
3436 2497 3688 2568 intelligi,

2105 2587 2319 2643 etiamsi
2349 2588 2507 2641 dictio
2539 2587 2804 2644 eaclusiva
2835 2588 3108 2653 addatur;
3149 2590 3253 2644 nisi
3283 2578 3458 2645 solum
3478 2592 3532 2646 in
3552 2592 3685 2649 illis.

2109 2681 2166 2736 in
2199 2680 2401 2749 quibus
2426 2679 2592 2735 Pater
2631 2690 2689 2735 et
2715 2680 2889 2737 Filius
2911 2682 3213 2743 secundum
3238 2683 3518 2753 oppositas
3546 2683 3693 2739 rela-

2109 2773 2288 2829 tiones
2320 2772 2761 2843 distinguuntur.
2790 2772 2928 2828 Cum
2954 2774 3102 2829 enim
3138 2775 3400 2829 Dominus
3422 2774 3614 2831 Matth.
3643 2790 3688 2830 tt

2106 2864 2276 2920 dicit:
2317 2864 2481 2921 Nemo
2514 2866 2654 2919 uouit
2699 2863 2920 2927 Filium,
2953 2869 3055 2922 nisi
3083 2866 3262 2932 Pater,
3302 2884 3407 2923 non
3431 2868 3686 2924 excludi-

2108 2966 2215 3021 tur,
2254 2958 2386 3027 quin
2411 2956 2583 3013 Filius
2613 2958 2858 3027 seipsqu
2889 2955 3203 3029 cognoscat.
3239 2962 3330 3016 Sic
3353 2962 3520 3030 igitur
3553 2977 3684 3016 cum

2106 3050 2327 3115 dicitur,
2357 3050 2505 3120 quod
2564 3050 2797 3120 Spiritus
2849 3063 3065 3106 sanctus
3118 3070 3149 3107 α
3212 3052 3372 3107 Patre
3425 3054 3683 3123 procedit,

2105 3139 2320 3195 etiamsi
2348 3140 2829 3210 adderetur,quod
2852 3143 3009 3214 136
3030 3161 3062 3197 a
3089 3143 3201 3197 solo
3231 3127 3390 3198 Pat're
3412 3147 3685 3216 procedit:

2110 3249 2217 3289 non
2249 3233 2563 3288 excluditur
2604 3234 2732 3289 inde
2761 3233 2955 3291 Filius.
2983 3237 3121 3302 Quia
3161 3247 3426 3307 quantum
3460 3239 3525 3293 ad
3553 3241 3683 3308 hoc,

2107 3324 2252 3394 quod
2284 3333 2368 3379 est
2396 3342 2504 3378 esse
2534 3327 2852 3396 principium
2890 3326 3122 3399 Spiritus
3155 3331 3349 3396 sancti,
3375 3346 3482 3385 non
3506 3346 3686 3403 Oppo-

2106 3430 2315 3473 unntur
2370 3418 2553 3484 Pater,
2585 3429 2641 3475 et
2682 3420 2902 3477 Filius:
2947 3423 3041 3477 sed
3084 3425 3265 3479 solum
3310 3436 3577 3496 quantum
3609 3429 3683 3483 ad

2105 3510 2233 3577 hoc,
2261 3513 2405 3581 quod
2432 3515 2516 3567 hic
2554 3524 2628 3567 est
2662 3513 2844 3579 Pater,
2873 3523 2922 3568 et
2966 3515 3057 3569 ille
3108 3515 3303 3572 Filius.
3348 3537 3367 3571 ι
3403 3519 3685 3591 Ampliora

2105 3606 2364 3675 superius
2394 3606 2504 3677 jam
2540 3607 2812 3664 dedimus.

2181 3700 2269 3756 Vl.
2300 3700 2530 3754 Errores
2552 3701 2713 3766 varii,
2746 3717 2886 3773 quos
2910 3702 3105 3758 mediae
3128 3707 3304 3761 mtatis
3333 3703 3507 3761 Graeci
3525 3695 3685 3763 'cirea

2106 3797 2284 3853 sancti
2321 3795 2558 3866 Spiritus
2609 3799 3019 3866 processionem
3061 3816 3093 3853 a
3125 3795 3287 3862 Filio,
3335 3801 3420 3855 vel
3463 3818 3556 3871 per
3589 3800 3689 3856 Fi-

2109 3889 2241 3943 lium
2272 3888 2676 3960 excogitarunt,
2722 3888 2941 3946 Grtrcos
2966 3891 3130 3944 etiam
3157 3893 3257 3946 sevi
3309 3893 3588 3962 sequioris
3620 3909 3686 3948 ac

2106 3991 2355 4038 recentes
2403 3991 2688 4037 traxerunt
2719 3982 2775 4035 in
2824 3990 3028 4051 partes.
3076 3982 3258 4039 Locus
3292 3995 3379 4039 est
3427 3987 3683 4057 insignis,

2107 4076 2251 4131 inter
2280 4081 2414 4131 Acta
2462 4075 2655 4144 synodi
2712 4075 3043 4133 Florentina:
3081 4076 3519 4144 Grmco-Latina,
3567 4094 3689 4136 ses-

2105 4170 2261 4225 sione
2290 4167 2381 4221 22.
2418 4168 2599 4222 Basilii
2647 4177 2850 4222 textum
2902 4183 2967 4223 ex
3012 4168 3338 4226 homiliade
3383 4170 3684 4243 baptismo,

2103 4265 2221 4318 sive
2282 4264 2354 4316 de
2403 4262 2613 4331 Spiritu
2668 4271 2871 4316 sancto
2922 4263 3138 4333 legebat
3167 4264 3381 4319 Marcus
3416 4267 3689 4336 Ephesius

2107 4356 2213 4412 hoc
2255 4357 2415 4410 modo
2446 4374 2458 4408 :
2496 4354 2619 4409 Non
2658 4355 2793 4409 enim
2833 4357 3118 4425 accipimus
3153 4374 3187 4411 α
3233 4357 3439 4429 Spiritu
3469 4359 3683 4431 aliqua,

2104 4446 2294 4516 ὥσπερ
2329 4447 2478 4516 napi
2509 4445 2602 4499 τοῦ
2633 4446 2765 4499 Υἰοῠ
2796 4447 2856 4499 so
2888 4447 3131 4516 Πνεῦμα,
3175 4450 3621 4520 quemadmodum
3652 4472 3683 4505 ιι

2114 4538 2249 4593 Filio
2283 4537 2563 4609 Spiritum.
2597 4538 2793 4593 Vocem
2829 4539 3052 4609 Πνεῦμα
3085 4540 3139 4595 in
3191 4552 3341 4596 recto
3379 4557 3509 4597 casu
3541 4546 3689 4599 acci~

2104 4631 2357 4701 piendum
2409 4631 2778 4701 contendebat
2828 4630 3064 4687 Joannes
3125 4632 3191 4686 de
3246 4634 3418 4689 Monte
3476 4635 3686 4707 Nigro,

2102 4722 2397 4793 provincia:
2425 4722 2771 4779 Lombardiee
2794 4723 3083 4793 praefectus
3112 4726 3324 4782 ordinis
3344 4728 3678 4786 Praedicato-

2102 4831 2246 4879 rnm,
2271 4817 2557 4885 ipsumque
2593 4823 2799 4869 textum
2819 4816 2894 4869 ita
2920 4815 3111 4872 Latine
3132 4819 3482 4886 vertendum,
3506 4836 3690 4891 quent-

2102 4909 2387 4963 admodum
2421 4925 2453 4961 a
2492 4906 2635 4961 Filio
2677 4906 3013 4979 Spiritus.De
3056 4911 3296 4978 genuina
3341 4910 3531 4967 Latina
3562 4929 3689 4967 ver-

2097 5003 2254 5057 sione
2332 5002 2647 5057 accuratius
2699 5015 2863 5071 agere
2916 5003 3312 5073 pnetermitto;
3377 5020 3502 5059 cum
3557 5021 3683 5060 eam

2101 5094 2382 5150 homiliam
2421 5095 2565 5148 inter
2616 5110 2783 5164 opera
2831 5095 2968 5150 falso
2993 5096 3229 5166 ascripta
3264 5095 3466 5153 Basilio
3495 5100 3686 5154 novis-

2096 5189 2269 5241 simus
2300 5186 2479 5242 editor
2510 5186 2763 5243 Julianus
2786 5185 3020 5244 Garnier
3048 5192 3451 5246 amandaverit.

2169 5279 2429 5346 Sensum,
2460 5295 2573 5349 quo
2634 5289 2840 5335 textum
2890 5282 3232 5352 iutelligebat
3261 5284 3551 5355 Ephesius,
3579 5304 3679 5342 va-

2098 5372 2276 5426 lidiori
2309 5371 2537 5426 brachio
2565 5380 2623 5426 ut
2643 5375 2896 5443 rejiceret
2919 5376 3058 5429 idem
3083 5374 3344 5444 Joannes,
3364 5381 3681 5449 quaerebat:

2097 5465 2175 5519 An
2205 5462 2464 5535 Spiritum
2505 5467 2790 5537 ipsummet
2822 5479 3063 5522 sanctum
3113 5469 3408 5525 hominibus
3448 5487 3685 5528 commu-

2095 5560 2265 5612 uicari
2310 5569 2589 5623 assereret,
2628 5577 2696 5613 an
2726 5561 2865 5612 dona
2899 5561 3163 5615 duntaxat
3192 5564 3395 5632 ipsius?
3427 5566 3683 5635 Repone.

2097 5651 2191 5704 bat
2228 5648 2446 5704 Marcus
2473 5667 2487 5704 :
2520 5650 2672 5703 Dona
2709 5652 2941 5714 concedi,
2983 5669 3097 5721 qute
3125 5671 3217 5722 per
3249 5672 3305 5708 se
3339 5657 3679 5715 subsistentia

2097 5759 2198 5796 non
2227 5744 2353 5799 siut.
2394 5742 2556 5795 veluti
2607 5740 2804 5806 Filius,
2834 5753 2881 5796 et
2920 5744 3193 5813 Spiritus:
3240 5748 3479 5802 Instabat
3513 5752 3679 5806 Joan-

2086 5852 2193 5888 stes
2221 5850 2233 5885 :
2260 5833 2396 5886 Nam
2429 5832 2655 5900 Spiritus
2685 5835 2800 5893 iste.
2830 5837 2919 5906 qui
2948 5837 3107 5890 datur
3149 5856 3181 5892 a
3220 5838 3379 5905 Filio,
3404 5854 3682 5900 creatcme
