3858 6500
238 394 323 460 in
1389 368 1584 464 rm.
1614 426 1660 435 —
1704 399 2228 463 IUSSERTATIO
2272 400 2322 463 ῐ.

3394 398 3494 464 142

230 520 312 573 sit,
338 529 408 565 an
437 520 720 578 creatura;
746 529 875 569 num
905 515 1068 570 etiam
1099 515 1240 569 dona
1268 515 1410 585 ejus,
1442 527 1497 571 et
1524 516 1800 584 Operatio-
1831 523 1870 578 Α
1904 518 1970 571 ad
1996 516 2247 571 eamdem
2308 514 2728 588 intelligentiam
2792 515 3189 588 aspicientibus
3235 517 3495 574 omnibus

232 618 326 657 nes
354 604 463 659 sint
489 616 697 670 creata,
728 622 796 661 an
832 608 949 675 ipse
982 617 1199 662 creator
1233 607 1508 679 Spiritus?
1529 608 1808 668 Conticuit

233 696 517 766 Ephesius.
558 699 699 753 Tum
742 716 874 756 vero
907 702 1197 771 imperator
1230 703 1448 767 veritas,
1483 719 1547 758 ne
1577 707 1657 767 εἲς
1678 704 1809 769 ἀλλο

228 790 403 860 δόγμα
458 793 513 845 in
543 792 695 845 aliud
753 793 941 864 dogma
971 810 1141 848 sermo
1172 793 1519 860 dilaberetur,
1556 795 1808 867 (scilicet)

228 880 277 933 in
303 885 642 951 quaestionem
672 890 801 956 step".
829 884 1080 950 κτιστοῦ.
1111 886 1205 939 καὶ
1235 886 1516 950 ἀκτιστεου,
1534 887 1598 942 de
1630 897 1807 943 creato

227 984 274 1026 et
307 976 579 1040 increato,
625 979 788 1047 jussit
825 980 962 1033 hanc
1010 980 1420 1051 disputationem
1469 982 1659 1038 omitti.
1699 982 1809 1036 Vc-

230 1064 442 1126 rissima
494 1068 782 1131 Michaelis
829 1071 1097 1144 Lequieni
1145 1073 1558 1135 animadversio
1608 1083 1698 1131 est
1742 1077 1803 1131 in

232 1158 485 1231 Panoplia
532 1172 723 1218 contra
780 1164 1018 1220 schisma
1071 1165 1388 1222 Graecorum
1440 1169 1642 1223 saeculo
1683 1185 1803 1233 xm,

227 1265 344 1319 cap.
393 1254 448 1317 5,
500 1271 653 1310 num.
699 1258 785 1320 i2,
835 1266 889 1313 et
944 1274 1066 1328 cap.
1111 1261 1165 1324 4,
1203 1275 1357 1315 num.
1399 1261 1512 1327 20,
1567 1261 1623 1316 in
1683 1277 1803 1317 eam

225 1344 443 1402 Gracos
471 1349 637 1403 etiam
662 1362 913 1407 recentes
944 1354 1160 1420 aliquos
1208 1355 1410 1410 abiisse
1451 1355 1636 1428 Cyprii
1669 1355 1806 1412 Grc-

224 1439 384 1507 gorEi,
416 1456 478 1494 ac
504 1453 693 1511 postea
728 1442 975 1514 Gregorii
1024 1446 1259 1516 Palatina:
1298 1447 1698 1505 absurditatem
1736 1451 1804 1507 de

225 1540 422 1584 eterna
448 1541 599 1586 extra
629 1533 791 1588 Deum
817 1536 1318 1607 exsplendescentia,
1351 1539 1463 1594 sive
1487 1540 1552 1594 de
1580 1540 1806 1596 Lumine

223 1624 453 1690 quodam
496 1627 837 1696 sempiterno,
897 1630 1140 1685 adivina
1199 1632 1438 1686 essentia
1492 1633 1800 1690 distincto:

225 1715 370 1783 quod
427 1716 654 1788 Spiritus
706 1722 881 1776 sancti
935 1724 1156 1778 nomine
1221 1724 1607 1795 appellantes,
1655 1726 1801 1781 istud

226 1808 437 1879 utique,
464 1826 571 1866 non
617 1813 786 1881 ipsam
817 1817 995 1870 sancti
1031 1814 1274 1885 Spiritus
1304 1831 1596 1886 personam
1617 1860 1631 1878 ,
1667 1833 1799 1888 pro-

225 1900 393 1955 ﬁcisci
442 1918 474 1954 a
528 1900 692 1970 Filio,
733 1917 828 1959 aut
877 1923 971 1976 per
1018 1904 1219 1961 Filium
1268 1908 1509 1974 aiebant,
1535 1918 1798 1965 aeternam

223 1992 469 2061 ejusdem
533 1993 773 2065 Spiritus
829 1999 1263 2068 processionetn,
1308 2015 1472 2070 quam
1533 1999 1804 2055 docebant

223 2082 438 2150 Patres,
493 2086 895 2146 absurdissimo
947 2100 1264 2146 commento
1317 2091 1630 2147 eludentes.
1678 2091 1802 2147 Alio

219 2184 540 2243 steterunt,
597 2195 663 2234 ac
732 2182 1059 2252 persistunt’
1084 2182 1439 2252 frequentius
1489 2183 1548 2237 in
1608 2196 1803 2238 errore

217 2267 412 2332 Graeci,
444 2272 537 2341 qui
568 2275 903 2344 temporalia
940 2276 1116 2330 sancti
1155 2274 1394 2345 Spiritus
1426 2278 1567 2331 dona
1596 2277 1801 2347 pariter

217 2362 523 2432 insignium
555 2366 732 2435 ipsius
779 2367 954 2423 divini
999 2367 1240 2439 Spiritus
1260 2371 1531 2436 nomine,
1576 2380 1633 2425 et
1657 2370 1803 2425 hanc

215 2456 488 2512 donorum
534 2459 897 2528 temporalem
955 2460 1303 2531 largitionem
1361 2461 1799 2533 intelligendam,

217 2546 447 2618 figurate
481 2551 691 2606 scilicet
736 2567 806 2607 ac
845 2554 1151 2622 improprie
1173 2594 1187 2618 ,
1220 2555 1613 2626 processionem
1649 2556 1796 2609 arbi-

215 2651 457 2709 trantur,
500 2660 539 2698 .a
589 2644 845 2702 Patribus
909 2631 1180 2719 perpein
1240 2648 1523 2714 traditam,
1568 2648 1797 2717 Spiritus

208 2739 384 2791 sancti
401 2757 433 2792 a
453 2735 621 2803 Filio,
648 2742 764 2795 sive
789 2758 882 2811 per
916 2740 1138 2797 Filium.
1160 2741 1451 2798 Silentium
1487 2744 1645 2815 137
1667 2758 1799 2815 ergo

211 2830 478 2901 imposuit
503 2831 729 2889 Graecus
747 2837 1064 2906 imperator.
1086 2836 1328 2892 Cavebat
1348 2839 1518 2903 enim,
1547 2855 1615 2893 ne
1640 2840 1798 2894 novis

211 2924 461 2981 dissidiis
510 2926 831 2982 dill‘erretur
858 2930 1012 2993 unio,
1035 2939 1136 2983 aut
1190 2930 1602 3002 impediretur:
1658 2947 1797 2988 neve

213 3016 273 3071 in
305 3018 739 3084 disputationem
786 3022 951 3079 Marci
988 3022 1223 3093 Ephesii
1299 3023 1462 3079 dictis
1490 3024 1793 3091 advocatis,

213 3114 401 3184 palam
465 3115 646 3182 ﬁeret,
682 3117 1018 3187 Ephesium,
1076 3118 1499 3190 compluresque
1524 3134 1554 3173 e
1584 3120 1700 3175 suis
1725 3119 1794 3175 ad

1913 608 2017 662 sub
2045 609 2277 664 diversis
2302 610 2585 666 vocabulis
2612 626 2625 665 :
2659 608 2831 665 Graeci
2857 609 3081 679 quidem
3105 623 3492 675 asset-uerunt,

1910 703 2056 772 quod
2091 702 2144 757 id
2174 703 2319 774 quod
2350 703 2547 769 dicunt
2597 702 2857 773 Spiritum
2906 713 3151 758 sanctum
3211 719 3276 757 ea:
3326 701 3493 758 Patre

1911 796 2210 865 procedere,
2235 810 2342 849 non
2378 795 2479 851 hac
2527 806 2710 850 mente
2771 794 3060 864 proferunt
3103 804 3165 850 ut
3206 794 3494 850 excludant

1909 886 2104 949 Filium
2131 906 2147 944 :
2178 888 2277 943 sed
2308 889 2437 960 quia
2463 888 2545 944 eis
2591 887 2900 951 videbatur,
2936 898 2996 943 ut
3048 888 3224 954 aiunt,
3265 887 3492 943 Latinos

1910 996 2164 1037 asserere
2195 964 2465 1051 Spiritum
2498 998 2562 1035 es:
2595 980 2758 1034 Patre
2780 989 2833 1034 et
2854 980 2989 1034 Filio
3012 979 3336 1051 procedere,
3368 990 3492 1034 tan-

1900 1088 2071 1142 .quam
2107 1089 2174 1126 ea:
2198 1073 2397 1127 duobus
2431 1074 2725 1144 principiis,
2758 1081 2810 1125 ct
2845 1072 3052 1126 duabus
3086 1073 3489 1142 spiratiouibus;

1906 1164 2034 1219 ideo
2060 1166 2460 1223 abstinuerunt
2481 1181 2510 1219 a
2539 1165 2795 1228 dicendo,
2815 1164 2960 1235 quod
2992 1162 3234 1233 Spiritus
3264 1174 3490 1217 sanctus

1907 1273 1971 1310 ex
1993 1257 2156 1312 Patre
2186 1259 2434 1329 procedat
2463 1267 2511 1311 et
2552 1257 2706 1313 Filio.
2735 1256 2917 1311 Latini
2956 1272 3089 1312 vero
3123 1255 3487 1315 aﬂirmarunt,

1904 1364 2014 1402 non
2047 1365 2105 1404 se
2133 1350 2235 1404 bac
2268 1360 2452 1404 mente
2477 1350 2684 1415 dicere,
2718 1346 2977 1421 Spiritum
3004 1357 3246 1403 sanctum
3279 1363 3344 1402 ea:
3381 1345 3489 1400 Pa-

1906 1451 1983 1494 tre
2005 1441 2239 1512 Filioque
2269 1445 2568 1513 procedere,
2595 1450 2654 1497 ut
2705 1440 2991 1499 excludant
3048 1439 3289 1502 Patrem,
3352 1437 3488 1508 quin

1903 1533 1973 1588 sit
2004 1536 2119 1603 fons
2152 1551 2215 1587 ac
2245 1534 2564 1603 principium
2593 1535 2753 1588 totius
2807 1534 3039 1597 deitatis,
3092 1528 3216 1586 Filii
3275 1529 3490 1607 scilicet

1905 1642 1968 1681 ac
2026 1627 2269 1697 Spiritus
2321 1627 2492 1682 sancti
2532 1643 2546 1680 :
2601 1635 2696 1681 aut
2735 1626 2881 1695 quod
2931 1624 3010 1687 id,
3070 1624 3210 1695 quod
3257 1621 3487 1693 Spiritus

1901 1731 2117 1777 sanctus
2151 1723 2386 1793 procedit
2409 1738 2473 1778 ea;
2496 1722 2654 1788 Filio,
2683 1721 2849 1777 Filius
2877 1739 2909 1776 a
2936 1721 3101 1777 Patre
3121 1738 3226 1776 non
3255 1720 3484 1785 habeat:

1903 1815 2018 1871 sive
2040 1816 2186 1886 quod
2220 1824 2325 1872 duo
2348 1824 2549 1887 ponant
2580 1832 2689 1870 esse
2718 1816 3002 1886 principia,
3031 1830 3127 1871 seu
3152 1815 3287 1868 duas
3307 1815 3486 1879 spira-

1905 1911 2071 1963 tiones
2099 1928 2110 1964 :
2134 1908 2230 1964 sed
2259 1924 2429 1964 unum
2454 1919 2665 1964 tantum
2702 1918 2953 1964 asserant
2982 1923 3103 1963 esse
3125 1908 3486 1978 principium.

1906 2003 2237 2072 unicamque
2266 2001 2626 2072 spirationem
2660 2001 2896 2073 Spiritus
2924 2002 3122 2066 sancti,
3154 2010 3318 2070 prout
3347 2000 3484 2056 liac-

1906 2091 2067 2150 tenus
2109 2104 2487 2153 asseruerunt.
2525 2096 2590 2150 Et
2635 2110 2761 2151 cum
2802 2110 2870 2150 ex
2924 2094 3014 2148 bis
3043 2095 3302 2149 omnibus
3342 2108 3489 2150 unus

1904 2196 1959 2241 et
1986 2186 2130 2242 idem
2159 2187 2414 2242 eliciatur
2439 2185 2690 2242 veritatis
2715 2200 2932 2248 sensus,
2968 2184 3191 2242 tandem
3220 2185 3276 2240 in
3312 2185 3486 2239 infra-

1885 2280 2160 2360 _scriptam
2180 2290 2447 2345 sanctam,
2474 2290 2529 2335 et
2555 2279 2667 2336 Deo
2695 2280 3011 2347 amabilem,
3045 2278 3243 2335 eodem
3294 2294 3484 2343 sensu,

1903 2376 2206 2447 eademque
2238 2385 2443 2441 mente,
2480 2376 2744 2430 unionem
2788 2372 3132 2428 unanimiter
3185 2372 3488 2428 concorda-

1902 2476 2055 2534 runt,
2097 2476 2153 2522 et
2182 2476 2605 2523 consenserunt.
2671 2466 2727 2520 In
2786 2466 3012 2520 nomine
3062 2465 3231 2535 igitur
3284 2473 3488 2523 sancta

1903 2561 2209 2625 Trinitatis,
2247 2559 2445 2623 Patris,
2476 2570 2533 2617 et
2565 2558 2712 2635 Filii,
2741 2569 2798 2615 et
2854 2558 3098 2630 Spiritus
3148 2558 3348 2621 sancti,
3381 2557 3488 2614 hoc

1902 2670 2060 2710 sacro
2091 2654 2390 2711 universali
2428 2653 2766 2724 approbante
2791 2652 3050 2717 concilio,
3079 2650 3394 2711 deﬁnimus.
3427 2658 3489 2704 ut

1903 2749 2021 2803 haec
2046 2748 2171 2804 fidei
2216 2748 2417 2803 veritas
2465 2747 2535 2802 ab
2572 2746 2832 2802 omnibus
2862 2744 3195 2803 Christianis
3224 2744 3488 2801 credatur

1901 2843 2332 2913 etsuscipiatur,
2398 2843 2588 2912 sicque
2633 2855 2827 2897 omnes
2877 2840 3286 2910 profiteantur:
3333 2838 3485 2915 quod

1903 2935 2144 3006 Spiritus
2182 2943 2407 2990 sanctus
2445 2950 2510 2988 ex
2542 2933 2708 2988 Patre
2739 2943 2788 2987 et
2825 2932 2967 2987 Filio
2998 2931 3327 2987 wtcrnatiter
3361 2939 3486 2998 est;

1901 3036 1949 3080 et
1974 3028 2258 3080 essentiam
2281 3041 2456 3087 suam,
2491 3041 2748 3096 suumque
2783 3039 2892 3079 esse
2923 3023 3209 3078 subsistens
3244 3024 3397 3078 habet
3420 3037 3485 3077 ea:

1902 3119 2069 3174 Patre
2096 3116 2259 3173 simul
2285 3126 2334 3171 et
2363 3117 2498 3172 Filio
2523 3136 2542 3184 ;
2576 3126 2625 3171 et
2655 3133 2719 3171 ex
2747 3127 2969 3190 utroque
2996 3116 3323 3171 mternaliter
3361 3126 3485 3171 tan-

208 3208 452 3263 absurda
512 3221 821 3265 commenta
874 3212 1112 3268 rediisse
1167 3213 1456 3283 utriusque
1509 3212 1793 3286 Gregorii,
1822 3240 1866 3298 ε
1900 3229 2063 3282 quam
2094 3212 2158 3266 ab
2190 3227 2295 3266 uno
2318 3212 2602 3285 principio,
2632 3220 2681 3264 et
2721 3212 2879 3265 unica
2909 3211 3205 3282 spiratione
3224 3210 3481 3282 procedit.

205 3302 395 3373 Cyprii
429 3312 483 3356 et
526 3303 779 3359 Palamte.

274 3395 667 3451 Detinitionem
696 3398 937 3469 synodus
980 3399 1307 3456 Florentina
1371 3399 1612 3471 denique
1669 3401 1797 3456 tulit

206 3494 462 3545 sessione
491 3490 581 3552 25,
614 3507 720 3561 qua
755 3493 901 3547 inter
932 3502 1222 3564 utramque
1274 3494 1595 3561 Ecclesiam',
1655 3494 1797 3549 Occi-

205 3581 485 3635 dentatem
562 3590 611 3635 et
674 3580 1022 3648 Oaientalem,
1070 3585 1366 3640 concordia
1424 3593 1625 3640 statuta
1686 3595 1792 3642 est.

204 3671 558 3727 Catholicam
605 3674 673 3729 de
704 3676 878 3729 sancti
920 3675 1161 3744 Spiritus
1192 3677 1540 3746 processione
1594 3676 1795 3747 dogma

206 3770 300 3822 bis
332 3771 519 3824 verbis
571 3773 945 3826 enuntiatur:
1002 3791 1021 3826 ι
1053 3774 1460 3829 Ccnvenienles
1508 3773 1689 3830 Latini
1741 3784 1798 3830 et

198 3862 384 3918 δι’κοί
424 3864 478 3917 in
516 3865 617 3919 hac
647 3876 1000 3923 sacrosancta
1028 3869 1373 3924 meumenica
1406 3869 1639 3941 synodo,
1677 3884 1794 3923 ma-

197 3975 313 4027 gno
336 3960 526 4014 studio
553 3960 787 4016 invicem
839 3963 923 4017 usi
976 3973 1123 4027 sunt,
1160 3974 1219 4017 ut
1278 3964 1422 4017 inter
1477 3964 1580 4018 alia
1625 3964 1791 4018 etiam

195 4054 478 4108 articulus
501 4053 591 4109 ille
627 4056 690 4108 de
710 4056 892 4111 diuina
942 4056 1180 4124 Spiritus
1233 4059 1418 4113 sancti.
1465 4057 1796 4128 processioue

193 4159 419 4200 summa
450 4160 576 4200 cum
610 4148 892 4219 diligentia
925 4159 979 4204 et
1004 4149 1225 4205 assidua
1292 4151 1653 4220 inquisitione
1680 4150 1796 4206 dis-

195 4246 513 4294 cuteretur.
566 4238 804 4294 Prolatis
868 4255 1005 4295 vero
1079 4242 1412 4297 testimoniis
1466 4258 1533 4296 ex
1588 4241 1793 4297 divinis

200 4331 539 4402 Scripturis,
583 4332 946 4403 plurimisque
992 4330 1424 4390 auctoritatibus
1474 4344 1791 4390 sanctorum

194 4425 499 4481 doctorum
536 4424 889 4480 Orientalium
929 4436 975 4479 et
1010 4425 1431 4481 Occidentalium
1461 4422 1792 4499 :‘aliquibus

195 4520 433 4588 quidem
471 4535 537 4573 ea:
573 4518 760 4582 Patre,
792 4529 839 4572 et
868 4517 1001 4573 Filio
1028 4536 1047 4574 :
1071 4519 1402 4588 quibusdam
1430 4535 1563 4575 vero
1593 4536 1657 4573 ex
1678 4519 1798 4574 ³Ραιν

1902 3304 2253 3359 Declarantes
2286 3304 2433 3373 quod
2459 3303 2536 3371 id,
2570 3303 2715 3374 quod
2755 3306 2929 3359 sancti
2992 3303 3249 3368 doctores
3286 3315 3341 3359 et
3380 3302 3481 3358 Pa-

1905 3409 2015 3455 tres
2049 3400 2211 3473 138
2239 3400 2452 3464 dicunt,
2485 3416 2549 3453 ea;
2586 3395 2752 3453 Patre
2817 3414 2911 3468 per
2964 3397 3156 3453 Filium
3204 3397 3483 3469 procedere

1903 3494 2170 3564 Spiritum
2207 3502 2481 3558 sanctum,
2504 3492 2569 3547 ad
2605 3493 2749 3548 hanc
2772 3491 3192 3563 intelligentiam
3259 3490 3479 3545 tendit:

1903 3594 1964 3640 ut
1989 3601 2090 3656 per
2153 3585 2258 3641 hoc
2316 3585 2677 3656 signiﬁcetur,
2712 3581 2917 3638 Filium
2956 3597 3180 3654 quoque
3229 3568 3351 3637 esse
3403 3596 3484 3637 se-

1902 3679 2144 3734 cundum
2174 3678 2396 3734 Graecos
2422 3678 2641 3748 quidem
2683 3659 2925 3742 causam,
2973 3673 3279 3731 secundum
3331 3673 3482 3729 Lati-

1904 3786 2005 3826 nos
2024 3786 2156 3827 vero
2187 3772 2508 3842 principium
2567 3756 2943 3825 subsistentiae
2984 3767 3225 3848 Spiritus
3284 3766 3480 3829 sancti,

1898 3864 2045 3919 sicut
2072 3874 2128 3921 et
2158 3863 2397 3919 Patrem.
2449 3864 2517 3918 Et
2559 3863 2822 3941 quoniam
2872 3861 3057 3917 omnia
3113 3876 3236 3931 quae
3295 3861 3479 3914 Patris

1900 3967 2051 4025 sunt,
2077 3958 2237 4013 Pater
2273 3957 2388 4025 ipse
2425 3956 2699 4027 unigenito
2729 3954 2863 4010 Filio
2903 3968 3004 4009 suo
3048 3951 3323 4024 gignendo
3376 3951 3479 4007 de.

1899 4054 1999 4119 dit,
2033 4063 2235 4123 praeter
2262 4067 2374 4105 esse
2405 4050 2621 4104 Patrem
2649 4064 2667 4103 :
2694 4047 2798 4102 hoc
2829 4046 3030 4117 ipsum,
3060 4044 3209 4116 quod
3244 4042 3477 4116 Spiritus

1896 4156 2114 4201 sanctus
2143 4144 2372 4217 procedit
2395 4141 2640 4207 eas-Filio,
2664 4140 2779 4211 ipse
2804 4140 2972 4196 Filius
3001 4156 3034 4192 a
3066 4138 3230 4193 Patre
3247 4149 3482 4195 aeterna-

1900 4238 2030 4294 liter
2058 4239 2246 4301 habet,
2284 4255 2312 4293 ιι
2342 4252 2452 4308 quo
2482 4238 2646 4297 etiam
2678 4235 3016 4291 aeternaIiter
3053 4233 3272 4305 genitus
3321 4240 3428 4287 est.
3456 4250 3476 4283 ι

1899 4335 2230 4411 Multiplices
2254 4350 2493 4401 errores,
2534 4333 2738 4404 quibus
2780 4310 3115 4387 laborabant
3155 4325 3353 4387 Graeci,
3406 4323 3484 4377 si-

1896 4429 2070 4485 lentio
2096 4429 2269 4499 pressi
2313 4436 2443 4483 sunt
2477 4444 2492 4483 :
2524 4426 2673 4501 quod
2699 4434 2782 4481 est
2813 4440 2946 4479 vero
2998 4422 3195 4492 dogma
3224 4418 3366 4475 otidei
3416 4422 3481 4471 de

1899 4522 2133 4594 Spiritus
2151 4523 2323 4577 sancti
2343 4529 2543 4581 eterna
2574 4519 2922 4591 proccssione,
2946 4512 3240 4572 erroribus
3266 4510 3479 4568 cunctis

192 4622 281 4665 tre
326 4629 427 4684 per
456 4611 658 4669 Filium
692 4613 997 4694 procedere
1039 4614 1360 4670 dicentibus
1414 4612 1700 4685 Spiritum.
1726 4614 1794 4669 Et
1821 4590 1873 4650 Ῐ)
1899 4590 2220 4681 adversum,
2257 4590 2599 4671 tecumenica
2647 4611 2886 4685 synodus
2919 4607 3188 4664 deﬁnivit.
