3852 6468
426 367 543 437 343

1356 372 1681 432 GEORGII
1724 371 1985 431 CYPRlI
2025 372 2132 433 CP.
2179 370 2703 432 PATRIARCHJ!

2356 226 2438 245 εις-ἲ

3581 374 3685 440 ιιι

443 506 3677 532 W

1217 665 2166 783 DISSERTATIO
2272 590 2929 789 SECUNDA
3004 698 3007 699 έ

1496 864 1925 953 HISTORICA
1963 891 2067 952 ET
2112 889 2596 955 DOGMATICA

586 1046 685 1111 De
715 1045 1043 1112 additione
1087 1041 1278 1116 vocis,
1324 1041 1634 1120 Filioque,
1664 1039 1741 1101 ad
1778 1040 2149 1121 Symbolum
2179 1057 2193 1103 :
2226 1040 2434 1119 deque
2476 1056 2634 1103 vano
2665 1039 2813 1103 inde
2855 1049 3111 1124 sumpto
3150 1022 3521 1110 Graacorum

1112 1146 1117 1155 '
1705 1141 2033 1205 scissionis
2076 1151 2411 1224 priBlCIlU.

953 1477 1114 1552 139
1138 1473 1387 1541 ,CAPL‘I‘
1438 1473 1479 1528 t.

423 1594 645 1651 Joannis
664 1593 815 1649 Becci
829 1592 1145 1659 patriarcha:
1157 1585 1727 1657 Constantinopolitani
1739 1587 2003 1656 judicium

499 1668 564 1721 de
594 1668 862 1720 additione
889 1665 1051 1725 uocis,
1079 1682 1097 1715 ι
1129 1659 1422 1729 Filioque,»
1462 1659 1777 1729 expendatur
1818 1666 2003 1711 contra

496 1736 779 1806 Georgium
819 1733 1215 1806 Pachymerent.
1269 1728 1602 1806 Huiusmodi
1641 1728 2003 1806 additamenta

493 1797 834 1862 vindicantur
891 1797 1127 1879 exintplo
1166 1802 1422 1879 Syrnboli,
1463 1801 1613 1879 quod
1642 1797 2003 1879 apostolorum

495 1880 714 1941 dicitur,
777 1885 993 1944 eratque
1041 1866 1100 1929 in
1132 1866 1229 1944 usu
1250 1873 1306 1925 in
1332 1866 1640 1944 Occidentis
1674 1866 1747 1944 get
1774 1866 2003 1944 Orientis

495 1939 773 2002 Ecclesiis.
828 1939 1066 2014 Itemque
1124 1940 1359 2013 Symboli
1408 1939 2000 2014 Constantinopolitani,

530 2018 630 2070 uad
670 2024 744 2071 est
794 2008 1067 2069 Nimirum
1107 2008 1465 2066 additionibus
1505 2008 1845 2073 auctum,'ab
1881 2008 2003 2062 aliis

492 2035 742 2143 i‘cclesiis
767 2102 863 2140 usu
887 2094 1173 2143 receptum,
1199 2098 1304 2135 non
1344 2082 1408 2136 ab
1439 2080 1584 2135 aliis.

545 2088 742 2142 cclesiis
767 2102 863 2140 usu
887 2094 1173 2155 receptum,
1199 2098 1304 2135 non
1344 2082 1408 2136 ab
1439 2080 1584 2135 aliis.

498 2225 866 2284 LFlorentina
891 2222 1135 2296 synodus
1160 2220 1500 2276 meumenica
1526 2218 1579 2273 in
1600 2218 1823 2274 decreto
1847 2218 2005 2273 unio-

424 2323 534 2387 nis,
574 2319 878 2375 constituto
917 2314 1095 2369 saneti
1131 2312 1373 2382 Spiritus
1422 2329 1487 2365 ex
1548 2311 1708 2366 Patre
1754 2309 2003 2381 Filioque

424 2410 793 2486 processionis
846 2409 1125 2478 dogmate,
1160 2407 1299 2484 hanc
1334 2405 1558 2474 subjicit
1588 2402 2001 2458 definitionem:

420 2505 720 2570 Deﬁnimus
746 2505 982 2572 insuper,
1020 2498 1421 2570 explicationem
1461 2497 1734 2552 verborum
1765 2494 2001 2561 illorum,

412 2600 696 2669 Filioque,
725 2595 963 2652 veritatis
1014 2590 1352 2646 declarandis
1387 2607 1568 2654 causa,
1596 2598 1645 2642 et
1701 2590 2005 2645 imminente

424 2706 546 2749 tunc
567 2685 1061 2750 uecensitateJicite
1085 2701 1146 2736 ac
1183 2684 1572 2737 rationabiliter
1593 2682 1755 2752 fuisse
1791 2683 2003 2753 apposi-

422 2794 558 2841 tam.
581 2783 725 2839 Voce
765 2781 877 2848 illa,
908 2779 1175 2851 Filioque,
1209 2780 1414 2835 nullam
1452 2779 1671 2850 proprie
1691 2779 1744 2833 in
1776 2778 2006 2850 Symbo-

408 2876 536 2931 ‘lum
575 2848 1254 2942 Constantinopolitanutn
1292 2848 1585 2926 invectatn'
1616 2848 2003 2934 fuisse—addi-
2038 2848 2099 2936 Β,

408 2962 981 3030 'tionem,Florentini
1044 2960 1236 3016 Patres
1304 2961 1558 3017 docent:
1617 2976 1680 3017 ac
1733 2978 1896 3016 unam
1949 2963 2004 3017 in

421 3059 640 3123 eadem,
689 3071 856 3128 quam
918 3055 1159 3110 dicimus
1214 3053 1577 3117 additionem,
1605 3054 1876 3109 contineri
1912 3069 2007 3125 ap-

425 3154 691 3208 tissimam
761 3147 1216 3219 verissimamque
1270 3146 1669 3217 expositionem
1733 3145 2004 3210 articuli,

421 3259 533 3317 quo
559 3242 792 3299 credere
816 3240 1081 3311 Spiritum
1107 3247 1359 3295 sanctum
1386 3239 1711 3309 profitemur
1737 3254 1801 3292 ea:
1838 3235 2005 3293 Patre

423 3338 809 3409 procedentem.
841 3333 1069 3389 Latinos
1110 3332 1285 3402 culpa:
1335 3331 1407 3386 ob
1458 3330 1604 3386 istud
1664 3329 2006 3384 additamen-

426 3444 539 3485 tum
581 3444 707 3484 reos
730 3443 916 3499 agere,
960 3424 1164 3481 saeculo
1205 3434 1402 3480 octavo
1453 3423 1763 3489 desinente,
1822 3438 2006 3494 cmpe-

422 3531 552 3577 runt
578 3520 751 3577 Graeci
792 3534 860 3574 ex
921 3517 1410 3574 lconomacborum
1458 3527 1652 3573 secta:
1710 3532 1775 3572 ex
1825 3532 2005 3587 eoque

419 3615 700 3672 scissionis
736 3623 1083 3685 prastextum,
1119 3611 1312 3682 utique
1341 3610 1722 3678 vanissimum,
1752 3626 2005 3681 sumpse-

416 3724 481 3765 re
507 3707 844 3765 schismatici
871 3708 1184 3778 sequiores.

488 3803 759 3859 Joannem
820 3800 1056 3856 Beccum
1095 3839 1109 3865 ,
1161 3813 1327 3870 quem
1405 3808 1693 3855 strenuum
1748 3798 2004 3854 catholici

418 3893 692 3966 dogmatis
717 3891 991 3967 vindicem
1052 3892 1327 3962 superiori
1363 3891 1600 3946 vidimus
1637 3890 1693 3944 in
1741 3890 2005 3966 disserta-

420 3985 593 4048 tione,
651 3984 815 4040 veluti
870 3984 1143 4055 prasdictte
1198 3982 1500 4037 additionis
1548 3983 2002 4050 reprehensorem

420 4076 646 4132 exhibet
688 4075 960 4147 Georgius
1015 4075 1381 4145 Pachymeres
1428 4077 1599 4129 semel
1657 4090 1721 4129 ac
1776 4075 1999 4131 iterum.

2031 1474 2075 1532 Α
2109 1488 2183 1540 μα
2206 1469 2422 1525 κεῖσθαι
2453 1471 2514 1525 τὺ
2553 1470 2831 1542 μέτωπον.
2863 1473 2935 1529 Ita
2961 1473 3209 1531 locutum
3257 1475 3433 1556 fuisse
3447 1476 3690 1533 Beccum

2113 1564 2166 1618 in
2192 1562 2717 1631 Disceptationibus,
2749 1579 2870 1637 qum
2912 1582 3013 1621 suo
3047 1576 3294 1638 tempore
3325 1586 3449 1625 cum
3481 1569 3693 1627 Graecis

2112 1656 2533 1712 adversantibus
2564 1657 2765 1713 habita:
2813 1667 2961 1727 sunt,
3011 1659 3211 1715 adduci
3275 1661 3539 1718 Pessinus
3575 1677 3694 1718 non

2112 1758 2291 1819 potest
2325 1749 2379 1803 in
2429 1750 2606 1816 Notis,
2639 1760 2697 1807 ut
2759 1750 2917 1808 facile
2968 1754 3196 1810 credat:
3254 1764 3545 1827 putatque,
3589 1757 3696 1811 ali-

2110 1857 2272 1912 quam
2296 1841 2528 1898 fortasse
2552 1844 2605 1898 in
2641 1855 2777 1900 aestu
2839 1845 3226 1916 disputationis
3276 1864 3380 1919 pro
3433 1850 3694 1920 dogmate

2110 1931 2545 2004 concessionem,
2584 1947 2641 1994 ut
2669 1939 2788 1994 fieri
2817 1938 2978 2006 solet,
3013 1940 3329 2007 admissam,
3368 1941 3492 2012 plus
3537 1944 3694 2014 justo

2110 2031 2491 2101 ampliﬁcatam
2518 2032 2713 2087 referri
2748 2032 2850 2088 abs
2876 2034 3229 2089 schismatico
3248 2034 3543 2091 historico.
3616 2104 3631 2115 '

2180 2123 2486 2181 Genuinam
2517 2126 2631 2180 suis
2651 2126 2705 2180 in
2730 2126 2991 2197 Operihus
3013 2137 3252 2183 mentem
3304 2143 3460 2183 suam
3511 2130 3695 2200 aperit

2111 2217 2341 2275 Beccus.
2371 2223 2425 2272 ln
2451 2219 2702 2274 oratione
2750 2219 2806 2285 2,
2855 2219 2925 2275 de
2972 2222 3173 2291 injusta
3214 2221 3299 2276 sui
3344 2222 3693 2291 depositione

2112 2311 2257 2381 apud
2280 2312 2542 2367 Allatium
2576 2312 2630 2367 in
2656 2312 2864 2368 Gracia
2893 2316 3214 2378 orthodoxa,
3245 2324 3392 2370 tomo
3418 2316 3483 2377 ll,
3518 2316 3693 2373 refert

2113 2406 2257 2460 Petri
2292 2405 2622 2461 Antiocheni
2663 2407 2989 2476 patriarcha:
3038 2423 3105 2463 ex
3142 2410 3264 2480 ejus
3319 2410 3554 2479 epistola
3622 2411 3690 2463 ad

2114 2498 2431 2553 Michaelem
2482 2498 2859 2565 Cerularium,
2892 2517 3056 2571 quam
3082 2501 3346 2572 integram
3385 2503 3526 2574 typis
3571 2505 3693 2557 vul-

2111 2587 2257 2659 gavit
2281 2588 2610 2655 Cotelerius,
2632 2591 2796 2645 verba
2824 2590 2952 2647 illa:
2980 2590 3039 2646 Si
3064 2593 3119 2646 in
3155 2594 3423 2647 additione
3453 2592 3696 2667 Symbols‘

2112 2682 2448 2753 corrigantur
2503 2680 2707 2749 Latini,
2741 2684 2874 2738 nillil
2890 2697 3147 2755 pra’terea
3176 2687 3695 2757 postularet-imm:

2112 2790 2245 2830 vero
2266 2776 2473 2831 Beccus
2493 2777 2882 2846 ibidem,num.
2910 2779 2944 2833 4
2976 2798 2992 2837 :
3027 2800 3045 2833 ι
3077 2782 3187 2852 Ego
3215 2780 3373 2849 plane
3404 2797 3533 2837 eum
3569 2782 3698 2854 (Pe-

2113 2876 2258 2924 trum
2313 2870 2765 2942 Antiochenum),
2807 2873 2953 2944 quod
2996 2875 3271 2930 videbatur
3320 2877 3376 2930 in
3414 2877 3697 2932 addition:

2109 2961 2380 3028 delictum,
2419 2962 2565 3019 facili
2596 2964 2817 3034 negotio
2876 2966 3255 3036 neglecturum
3301 2968 3581 3034 existimo,
3640 2969 3696 3024 si

2111 3052 2195 3107 vel
2221 3052 2480 3122 pusillum
2513 3055 2663 3123 pacis
2694 3056 2950 3123 spiritum
2986 3060 3042 3111 in
3064 3071 3151 3124 eo,
3171 3058 3238 3113 ad
3272 3074 3431 3128 quem
3474 3058 3698 3116 litteras

2111 3145 2276 3200 dabat
2301 3144 2647 3215 (Michaeletn
2675 3147 3041 3217 Cerularium)
3070 3152 3341 3205 contineri
3374 3154 3698 3222 prospexis-

2111 3247 2215 3295 set.
2248 3238 2538 3294 sNimium
2591 3241 2732 3294 irato
2772 3242 3058 3297 Cerulario
3118 3244 3408 3316 indulgens
3466 3244 3694 3311 Petrus,

2111 3331 2496 3403 corrigendum
2566 3335 2911 3405 proponebat
2973 3336 3217 3409 Symboli
3297 3336 3693 3408 additionem,

2112 3441 2274 3496 quam
2307 3427 2422 3497 ipse
2451 3427 2608 3482 facile
2642 3429 2990 3499 neglexisset,
3020 3439 3159 3488 teste
3207 3431 3405 3488 Becco.

2183 3518 2241 3573 ln
2279 3519 2540 3590 Apologia
2569 3521 2654 3577 sui
2680 3522 2855 3591 ipsius
2880 3532 3147 3590 veterem,
3187 3540 3309 3594 qua
3338 3525 3526 3581 medio
3581 3524 3698 3582 cir-

2111 3613 2251 3669 citer
2271 3613 2474 3666 saeculo
2495 3622 2693 3683 quarto
2726 3624 2849 3669 orta
2876 3626 2984 3678 est,
3020 3620 3456 3674 controversiam
3480 3635 3699 3675 memo-

2028 3714 2035 3719 '
2111 3717 2194 3764 rat
2216 3708 2277 3761 de
2304 3724 2433 3771 una,
2466 3704 2546 3759 vel
2569 3705 2730 3761 tribus
2754 3708 2806 3760 in
2832 3706 2941 3762 Deo
2962 3709 3353 3779 ltypostasibus,
3375 3726 3437 3766 ea
3462 3711 3697 3768 demum

2112 3799 2324 3851 ratione
2355 3797 2732 3866 compositam,
2768 3800 2913 3867 quod
2944 3798 3234 3853 dissidium
3262 3808 3410 3855 esset
3438 3800 3511 3856 de
3568 3817 3698 3857 ver-

2112 3887 2221 3952 bis,
2243 3902 2351 3941 non
2380 3886 2448 3957 de
2467 3888 2697 3942 veritate
2715 3886 2984 3959 mysterii.
3012 3889 3194 3946 Hocce
3243 3890 3455 3947 Beccus
3500 3907 3700 3947 exem-

2111 3983 2201 4053 plo
2234 3982 2425 4047 utitur,
2450 3990 2505 4036 et
2550 3982 2643 4035 ait
2687 3996 2840 4035 num.
2869 3982 2902 4036 4
2939 3998 2953 4036 :
2989 4000 3007 4032 ι
3059 3982 3171 4053 Ego
3221 3984 3442 4053 quidem
3487 3985 3702 4054 opinor

2111 4089 2222 4128 non
2251 4089 2374 4129 esse
2403 4072 2658 4144 pluribus
2700 4088 2841 4142 opus
2900 4074 2967 4128 ad
3004 4073 3521 4142 demonstrandum,
3588 4092 3700 4139 nos

414 4165 511 4225 'Sic
531 4169 679 4223 enim
704 4168 783 4224 ait
816 4168 870 4222 in
903 4167 1168 4223 Michaele
1204 4167 1527 4238 Palaaologo,
1580 4166 1728 4222 libro
1756 4184 1810 4234 v,
1862 4169 2012 4238 capi-
2041 4182 2082 4239 ε
2118 4181 2227 4221 non
2258 4167 2419 4234 male,
2445 4167 2539 4220 sed
2571 4174 2689 4220 tuto
2726 4166 2980 4221 Romana:
3008 4164 3271 4224 Ecclesia:
3301 4169 3695 4226 defensionem

421 4271 472 4317 te
493 4261 599 4315 ‘16:
640 4279 658 4313 ι
690 4262 834 4315 lnter
885 4260 1001 4315 haec
1026 4260 1234 4315 Beccus
1283 4259 1442 4316 lectis
1490 4260 1649 4315 libris
1679 4260 2006 4316 observabat

421 4355 636 4420 multa,
697 4369 823 4423 qua:
875 4353 1299 4409 conventionem
1375 4353 1750 4410 Ecclesiarum
1830 4354 2004 4408 multo

420 4463 586 4518 quam
645 4456 882 4517 putarat,
930 4447 1330 4518 expeditiorem
1364 4447 1724 4501 ostenderent
1754 4462 1768 4501 :
1801 4445 2002 4517 quippe

418 4558 544 4597 cum
579 4540 706 4597 inde
735 4549 1032 4605 constaret,
1071 4555 1341 4595 summam
1370 4539 1591 4596 domum
1619 4539 1828 4611 peccati
1857 4537 2007 4593 Lati-

422 4650 622 4690 norum
648 4640 707 4688 tn
737 4634 1104 4688 additameuto
1157 4632 1309 4687 verbi
1362 4631 1526 4686 unius
1575 4630 1643 4686 ad
1685 4630 2003 4703 Symbolum

418 4726 748 4783 consistere.
789 4745 808 4778 ι
838 4726 1053 4781 Possini
1084 4726 1200 4780 haec
1234 4726 1419 4781 versio
1456 4734 1562 4780 est.
1595 4723 1802 4780 Textus
1857 4723 2006 4781 Grae-

419 4837 520 4877 cus
573 4820 788 4876 habet:
851 4820 942 4882 '0;
996 4818 1165 4889 μηδὲν
1226 4818 1392 4873 πλέον
1449 4816 2004 4889 τολμησάντωνςτῶν

419 4911 642 4965 Ἰταλῶν
693 4910 906 4982 ἴσως,ἢ
944 4910 1005 4963 τὸ
1038 4908 1135 4963 ἐπὶ
1183 4909 1263 4981 τῷ
1324 4911 1589 4983 Συμδόλῳ
1649 4912 2005 4984 προσθεῖναις

422 5002 476 5058 Ν
479 5004 574 5059 iltil
602 5002 830 5074 amplius
855 5017 1011 5056 ausos
1038 4999 1194 5073 140
1213 5002 1377 5072 fuisse
1401 5002 1641 5069 Latinos,
1665 5021 1829 5071 quam
1848 5006 2006 5058 adde-

418 5116 477 5154 re
498 5100 568 5153 ad
593 5094 921 5169 Symbolum,
943 5080 1280 5167 cognoscens.
1318 5096 1578 5153 Audacias
1610 5101 1818 5154 crimen
1850 5099 2006 5154 incu-

420 5200 595 5246 satur.
620 5188 887 5245 Graviora
918 5193 1070 5253 Sunt,
1094 5203 1217 5257 qua:
1244 5189 1387 5243 idem
1422 5188 1787 5260 Pachymeres
1841 5190 2008 5246 habet

420 5283 474 5337 in
495 5278 818 5336 Andronico
852 5278 996 5334 libro
1034 5295 1074 5345 t,
1112 5279 1295 5350 capite
1324 5279 1399 5335 9:
1437 5299 1455 5333 ι
1486 5280 1756 5336 Studebat
1781 5296 2005 5351 persua-

418 5374 552 5428 dere
589 5370 865 5443 (Beccus),
892 5372 1072 5426 solum
1104 5386 1163 5426 se
1187 5371 1428 5428 voluisse
1471 5387 1707 5444 purgare
1752 5374 1999 5428 crimen:

419 5481 529 5521 non
553 5462 693 5519 illud
716 5464 1003 5535 proprium
1033 5463 1387 5529 Latinorum,
1418 5464 1473 5518 in
1496 5463 1645 5534 quod
1675 5464 1821 5533 ipsos
1850 5462 2006 5518 addi-

420 5559 569 5612 tione
589 5558 655 5611 ad
677 5555 999 5627 Symbolum
1030 5558 1316 5628 prolapsos
1345 5556 1645 5622 fatebatur,
1670 5556 2000 5627 gravissime

420 5650 700 5719 peccando
751 5657 946 5705 contra
997 5648 1385 5720 disciplinam;
1423 5663 1528 5703 non
1581 5659 1761 5704 tamen
1813 5663 1843 5703 a
1898 5648 2002 5702 lide

417 5742 748 5799 aberrando.
781 5762 800 5797 ι
833 5744 888 5799 In
906 5743 1098 5799 Graeco
1121 5750 1271 5797 textu
1305 5740 1540 5812 legimus
1566 5756 1580 5795 :
1629 5738 1772 5794 Ἀλλ’
1800 5736 1894 5794 οὖν
1921 5739 2001 5809 τῷ

418 5835 687 5910 τολμῆσαι
719 5836 1036 5907 προσθεῖναι
1069 5835 1145 5906 τῷ
1199 5832 1463 5906 Συμϐόλῳ
1497 5826 1774 5904 τὴν’).έξιν
1803 5830 2001 5902 ἔγκλη-

2109 4257 2437 4327 suscepisse,
2466 4258 2521 4311 in
2549 4257 2864 4311 dictionibus
2923 4259 3350 4329 discrepantiam
3406 4261 3699 4332 negligen-

2112 4362 2211 4409 tes.
2230 4360 2286 4405 et
2320 4347 2650 4419 arripientes
2675 4364 2795 4419 quae
2821 4350 2878 4404 itt
2904 4352 3177 4406 sententia
3200 4361 3285 4408 est
3307 4353 3696 4420 concordiam,

2107 4452 2332 4515 propter
2387 4458 2595 4514 pacem.
2633 4462 2651 4496 ι
2696 4428 2821 4498 Haec
2859 4458 2992 4498 vero
3053 4446 3148 4515 qui
3197 4445 3399 4512 aiebat,
3457 4448 3699 4505 minime

2109 4538 2398 4591 maximum
2419 4535 2474 4589 in
2504 4534 2802 4601 additione,
2833 4532 3091 4606 Filioque,
3116 4551 3278 4593 nosse
3311 4537 3578 4597 delictum
3598 4560 3703 4610 po-

2110 4637 2270 4694 terat,
2304 4627 2450 4698 quod
2491 4626 2657 4682 veluti
2681 4628 2749 4682 ab
2799 4628 2994 4683 eodem
3047 4630 3222 4685 Becco
3284 4633 3696 4703 reprehensum

2108 4728 2297 4774 narrat
2330 4719 2716 4790 Pachymeres.
2753 4719 3141 4777 Luculentiora
3177 4734 3327 4791 sunt,
3350 4740 3473 4796 quae
3521 4729 3702 4797 paulo
3770 4718 3779 4725 ’

2113 4808 2255 4864 inira
2283 4809 2506 4866 disserit
2535 4828 2549 4865 :
2582 4831 2601 4864 ί
2638 4812 2747 4867 Nos
2767 4813 2933 4870 etiam
2958 4828 3082 4867 cum
3114 4824 3359 4871 tutamur
3385 4816 3701 4877 Romanam

2109 4902 2428 4967 Ecclesium,
2462 4906 2804 4961 tantumdem
2836 4915 3101 4975 tutamur,
3136 4917 3309 4965 uteos
3335 4912 3429 4979 qui
3466 4927 3497 4965 a
3536 4915 3702 4983 prin-

2109 4997 2257 5068 cipio
2278 4998 2345 5053 ad
2381 4997 2498 5053 haec
2531 5013 2703 5068 usque
2737 5007 2984 5069 tempora
3023 5002 3077 5055 in
3101 5001 3227 5071 ﬁdei
3265 5001 3518 5074 Symbolo
3551 5010 3703 5063 reci-

2111 5099 2249 5156 tent,
2288 5107 2353 5145 ea:
2391 5088 2555 5145 Patre
2582 5091 2776 5146 Filium
2805 5094 3099 5163 procedere,
3134 5101 3478 5171 μεταστῆσαι
3522 5105 3704 5159 addu-

2110 5199 2291 5238 camus
2311 5194 2369 5239 ut
2412 5184 2666 5249 recitent,
2695 5201 2759 5238 ea:
2788 5183 2954 5239 Patre
3006 5186 3250 5260 Filioque
3286 5195 3594 5262 procedere.
3632 5238 3649 5251 .
3685 5238 3702 5254 .

2111 5290 2221 5330 non
2249 5276 2502 5343 dictioni,
2532 5277 2625 5331 sed
2655 5278 2947 5334 sententiae
2971 5286 3147 5333 totum
3203 5283 3485 5352 negotium
3542 5290 3706 5357 pacis

2112 5369 2479 5438 indulgentes.
2504 5389 2523 5422 ι
3249 5414 3252 5417 λ

2187 5460 2342 5533 11‘]
2373 5461 2513 5518 Hinc
2532 5464 2654 5519 sine
2679 5464 2852 5521 dubio
2879 5466 3105 5532 factum,
3136 5477 3197 5523 ut
3226 5471 3280 5525 in
3311 5472 3527 5542 synodo
3555 5472 3709 5547 Lug.

2112 5557 2348 5612 dunensi
2399 5557 2760 5623 mcumenica,
2795 5573 2942 5614 anno
2982 5561 3120 5615 1274
3157 5564 3458 5631 celebrata,
3487 5569 3709 5626 nullius

2114 5651 2333 5705 vinculo
2390 5649 2639 5705 criminis
2697 5653 2972 5723 propriam
3024 5658 3329 5729 constringi
3372 5664 3711 5721 censuerint

2109 5741 2513 5797 conscientiam
2544 5740 2853 5799 Germanus
2881 5744 3230 5816 imperatoris
3267 5751 3552 5807 Michaelis
3599 5757 3709 5810 Pa-

2109 5834 2319 5905 laeologi
2337 5834 2651 5906 legatus,ac
2670 5836 2879 5905 pridem
2903 5827 3214 5910 patriarcha
3228 5844 3710 5923 Constantinopo-
