3852 6482
171 455 254 521 ωε

1298 459 1510 545 ΥΙΤᾹ.
1536 483 1603 496 -
1628 458 2145 523 DISSERTATIO
2192 462 2274 522 Π.

3309 459 3413 528 illi

161 569 857 642 leos,quivealiieumipso
875 558 1718 644 efantCraciantistites,Sym-
1747 579 1789 635 Α
1818 575 2089 630 dexteram
2130 575 2328 632 Patris.
2383 574 2519 631 Inde
2568 584 2817 631 venturus
2861 577 3115 649 judicare
3168 576 3307 631 uiuos
3366 581 3417 630 et

160 667 329 722 bolum
349 664 459 719 alta
486 680 642 731 voce,
668 664 840 720 semel
864 679 927 720 ac
968 665 1191 731 iterum,
1216 680 1399 721 coram
1430 665 1720 736 palamque

160 758 435 812 recitantes
456 757 607 811 inter
638 758 930 812 missarum
972 758 1241 821 solemnia
1269 772 1393 812 cum
1438 758 1547 813 illis
1575 757 1725 812 voci—

160 848 263 911 bus,
294 846 438 913 quia
470 844 638 900 Patre
671 844 911 916 Filioque
938 849 1192 918 procedit.
1218 848 1461 917 Hujusce
1510 848 1721 914 addita-

161 941 310 994 menti
341 938 628 993 historiam
661 950 869 1007 texere,
897 940 1258 1011 ejusdemque
1292 941 1361 996 ab
1407 941 1556 997 omni
1603 942 1723 999 labe

160 1033 542 1107 immunitatem
565 1032 973 1098 demonstrare,
1005 1048 1319 1105 vanumque
1350 1033 1479 1089 inde
1536 1049 1723 1105 sump-

162 1134 255 1176 tum
280 1124 569 1180 scission'rs
602 1134 933 1194 praetextum
958 1125 1219 1181 evincere
1266 1142 1447 1196 operte
1480 1127 1720 1198 pretium

160 1215 652 1287 est,cbronologica
678 1232 863 1272 rerum
892 1219 1038 1274 serie
1066 1218 1489 1288 diligentissime
1536 1235 1724 1275 serra-

161 1314 219 1358 ta.
250 1302 484 1359 Laudati
532 1306 690 1361 Becei
738 1308 1066 1362 sententiam
1123 1307 1444 1378 praemitto:
1497 1324 1516 1359 ι
1553 1306 1724 1363 Cate-

161 1412 261 1450 rum
297 1399 509 1453 interea
541 1399 658 1454 scio
690 1398 1017 1470 (inquientis
1065 1400 1316 1454 oratione
1345 1399 1398 1464 2,
1428 1399 1495 1453 de
1524 1399 1725 1469 injusta

160 1487 230 1541 sui
251 1488 600 1558 depositione
630 1505 789 1544 num.
839 1489 895 1561 ϐ)
952 1490 1252 1545 nonnullos
1302 1491 1623 1545 additioaem
1666 1490 1724 1543 in

159 1579 385 1650 Symbolo
418 1583 600 1652 culpa:
626 1583 929 1645 obnoxiam
957 1583 1141 1639 facere
1172 1599 1187 1649 ;
1214 1598 1322 1637 non
1362 1582 1512 1653 quod
1552 1583 1725 1653 pieta-

162 1676 220 1729 tis
266 1675 568 1744 puritatem
623 1676 1032 1733 commaculet:
1084 1667 1182 1732 sed
1244 1677 1393 1748 quod
1445 1686 1726 1746 utcunque

158 1764 282 1819 laeta
313 1765 406 1829 sit,
432 1782 656 1837 gravem
712 1768 925 1837 peperit
946 1777 1002 1825 et
1063 1770 1426 1840 periculosam
1467 1768 1725 1825 oﬁ'ensio-

161 1873 288 1913 nem.
325 1860 387 1913 Et
411 1861 459 1915 si
486 1860 614 1931 quis
642 1861 808 1917 altius
862 1863 1249 1934 curiosiusque
1277 1878 1367 1919 res
1394 1862 1735 1933 perpendat,

1833 676 2085 723 mortuos.
2119 667 2188 724 Et
2242 671 2295 724 in
2326 667 2585 740 Spiritum
2619 681 2895 736 sanctum,
2948 679 3188 726 sanctam
3241 667 3421 727 Eccle-

1830 763 1988 828 siam,
2038 763 2396 818 remissionem
2445 772 2804 834 peccatorum,
2848 765 3026 819 carnis
3077 762 3420 818 resurrectio-

1831 872 1970 912 nent.

1899 950 2194 1008 Nonnullis
2229 956 2395 1006 aucto
2422 948 2815 1005 additamentis
2863 949 3123 1004 utebatur
3156 949 3419 1023 Symbolo

1830 1040 2073 1099 Ecclesia
2104 1043 2475 1110 Aquileiensis.
2544 1043 2784 1098 Posteris
2825 1042 2958 1097 illud
2982 1042 3220 1098 servavit
3268 1042 3419 1098 Ruﬁ-

1830 1151 1937 1192 nus
1973 1137 2028 1190 in
2059 1137 2305 1206 ejusdem
2364 1135 2606 1208 Symboli
2657 1134 3037 1206 EXpositione.
3076 1156 3093 1189 ι
3128 1134 3309 1192 Credo
3363 1136 3416 1191 in

1832 1225 2003 1283 Deum
2021 1229 2237 1285 Patrem
2273 1230 2733 1298 omnipotentem,
2779 1227 3113 1294 inuisibilem,
3144 1237 3193 1282 et
3213 1223 3419 1298 impas-

1828 1320 2058 1378 sibilem.
2113 1321 2181 1376 Et
2238 1321 2292 1377 in
2333 1320 2615 1377 Christum
2663 1320 2876 1389 Jesum,
2934 1322 3157 1377 unicum
3215 1321 3418 1376 Filium

1831 1411 1971 1482 ejus,
1999 1412 2292 1467 Dominum
2326 1421 2598 1467 nostrum.
2638 1411 2744 1480 Qui
2771 1422 2935 1469 natus
2959 1422 3047 1469 est
3084 1415 3153 1468 dc.
3208 1412 3417 1484 Spiritu

1831 1514 2026 1560 sancto
2086 1521 2153 1560 ex
2200 1504 2370 1561 Maria
2413 1506 2657 1578 Virgine.
2708 1505 3019 1563 Cruciﬁxns
3075 1507 3180 1563 sub
3224 1506 3420 1562 Pontio

1834 1598 2028 1665 Pilato,
2070 1607 2127 1654 et
2148 1598 2422 1669 sepultus,
2447 1599 2714 1653 descendit
2760 1601 2815 1654 in
2841 1600 3074 1671 inferna.
3113 1599 3299 1655 Tertia
3329 1601 3419 1656 die

1834 1691 2138 1748 resurrexit
2172 1707 2204 1747 a
2239 1693 2498 1749 mortuis.
2533 1692 2795 1748 Ascendit
2823 1694 2877 1748 in
2906 1692 3098 1757 oculos,
3157 1693 3315 1747 sedet
3348 1692 3417 1745 ad

1834 1783 2118 1839 dexteram
2158 1785 2358 1840 Patris.
2424 1785 2556 1841 Inde
2582 1793 2851 1841 venturus
2877 1793 2959 1841 est
2982 1785 3235 1857 judicare
3270 1785 3421 1841 vivos

1796 1887 1888 1947 ,ct
1920 1887 2194 1933 mortuos.
2254 1879 2322 1933 Et
2381 1880 2437 1933 in
2500 1878 2769 1950 Spiritum
2829 1887 3127 1945 sanctum;
3172 1888 3417 1947 sanctam

160 1952 461 2007 additionem
492 1955 631 2008 hanc
662 1970 946 2027 nunquam
974 1956 1297 2013 oﬁ'ensionis
1316 1972 1536 2013 causam
1564 1955 1731 2025 origi-

1843 1967 2162 2035 Ecclesiam,
2186 1968 2570 2024 remissionem
2603 1978 2954 2039 peccatorum
2986 1986 3001 2035 ;
3031 1969 3190 2040 hujus
3234 1970 3420 2024 carnis

162 2061 380 2116 nemque
409 2045 584 2104 fuisse
612 2066 624 2102 :
661 2049 757 2105 sed
780 2050 927 2105 inter
952 2050 1110 2118 alias,
1140 2061 1305 2122 atque
1332 2050 1466 2106 alias
1492 2065 1559 2105 ex
1587 2060 1729 2105 tem-

162 2152 276 2205 pore
300 2138 637 2194 rarietatum
672 2149 839 2210 atque
863 2151 1164 2198 eventuum
1219 2156 1416 2197 causas
1469 2138 1728 2195 offensio-

161 2245 298 2291 num,
342 2231 456 2285 alio
497 2243 666 2302 atque
721 2233 830 2287 alio
881 2242 1148 2303 tempore,
1206 2244 1265 2288 et
1312 2233 1482 2289 variis
1544 2246 1725 2286 rerum

160 2316 399 2371 cursibus
423 2327 480 2372 et
530 2319 1040 2390 perturbationibus
1087 2330 1278 2378 enatas
1303 2364 1317 2385 ,
1348 2323 1485 2377 hanc
1524 2335 1729 2392 quoque

163 2408 466 2465 additionem
500 2453 516 2478 ,
576 2414 748 2468 veluti
805 2414 1104 2469 simultatis
1155 2415 1453 2478 abortum,
1519 2424 1730 2469 temere

162 2502 444 2573 projeetam
473 2505 741 2574 reperiet.
773 2524 792 2559 ι
819 2506 957 2562 Rem
981 2507 1157 2577 ipsam
1199 2507 1509 2578 aggredior.

219 2594 285 2651 ll.
305 2595 613 2654 Commune
644 2598 780 2655 illud
831 2600 1075 2656 occurrit
1128 2599 1471 2673 Symbolum,
1513 2599 1722 2657 dictum

161 2691 527 2756 apostolorum,
559 2706 671 2762 quo
702 2708 814 2748 uno
839 2702 968 2748 ante
995 2693 1264 2766 synodum
1291 2693 1570 2750 Niczenam
1605 2702 1726 2747 ute-

162 2781 307 2834 batur
333 2784 608 2839 catbolica
664 2784 911 2841 Ecclesia
946 2786 1003 2842 in
1034 2786 1338 2843 Occidente
1392 2796 1449 2843 et
1474 2785 1701 2841 Oriente

163 2872 548 2929 lntemeratnm
587 2879 745 2944 illud,
781 2887 840 2933 ut
866 2880 937 2934 ab
977 2881 1134 2935 initio
1172 2880 1397 2950 prodiit,
1443 2894 1509 2934 ac
1579 2879 1725 2935 nulla

1832 2060 2332 2115 resurrectionem.
2389 2078 2408 2112 ι
2452 2060 2787 2116 Addimenta
2865 2060 3247 2131 Aquileiensis
3315 2061 3419 2117 tria

1835 2157 2050 2220 patent.
2113 2150 2295 2206 Ruﬁni
2349 2151 2864 2208 animadversiones
2912 2154 3123 2223 accipe.
3167 2154 3259 2208 Ait
3301 2153 3415 2223 pri-

1828 2258 1979 2297 mum
2000 2260 2028 2320 j:
2052 2243 2303 2312 Additur,
2343 2245 2660 2300 inuisibilem
2684 2255 2732 2298 et
2759 2244 3166 2317 impassibilem.
3199 2244 3419 2316 Quippe

1829 2335 2099 2390 sciendum
2128 2345 2226 2401 est,
2252 2338 2509 2408 apudnos
2560 2337 2637 2408 (et
2666 2335 3000 2405 Orientales)
3067 2337 3247 2391 addita
3306 2352 3421 2391 esse

1830 2426 1986 2479 verba
2008 2425 2401 2491 illa,luereseos
2426 2445 2590 2484 causa
2623 2427 2872 2488 ~Sabellii
2900 2443 2918 2482 :
2980 2427 3122 2483 illius
3166 2427 3419 2500 profecto,

1829 2533 1947 2588 quae
1976 2535 2007 2571 a
2041 2522 2232 2573 nostris
2257 2519 2667 2590 Putripassiana
2693 2522 2888 2575 dicitur
2927 2537 2948 2586 ;
2979 2522 3033 2575 id
3057 2530 3133 2574 est
3166 2537 3283 2589 qua:
3312 2520 3419 2575 Pa-

1827 2619 1962 2665 trem
1997 2613 2174 2682 ipsum
2189 2611 2272 2667 rel
2299 2628 2365 2667 ea:
2412 2611 2628 2683 Virgine
2655 2624 2838 2668 natum
2874 2614 3023 2677 dicit,
3057 2623 3105 2668 et
3159 2613 3417 2669 visibilem

1828 2704 2053 2772 factum.
2078 2705 2160 2760 uel
2197 2723 2413 2779 passum
2438 2707 2669 2777 afﬁrmat
2706 2708 2761 2761 in
2790 2724 2970 2760 carne.
3007 2704 3071 2762 Ut
3105 2723 3229 2777 ergo
3291 2707 3417 2761 talis

1828 2797 2195 2851 excluderetur
2219 2799 2463 2868 impietas
2498 2799 2562 2852 de
2596 2798 2781 2863 Patre,
2816 2799 3062 2852 videntur
3116 2802 3224 2852 Ιιατε
3270 2798 3421 2852 addi-

1826 2890 1965 2943 disse
1990 2891 2264 2956 majores:
2298 2901 2346 2944 et
2369 2890 2685 2945 inuisibilem
2724 2890 2956 2957 Patrem,
2992 2877 3151 2960 atque
3175 2890 3419 2958 impossi-

162 2970 355 3024 tametsi
391 2982 605 3026 rectam
633 2972 797 3027 ﬁdem
823 2974 1132 3043 explicante
1159 2983 1381 3028 auctum
1442 2988 1599 3036 voce.
1650 2970 1722 3027 ad
1821 2980 1979 3035 bilem
2000 2982 2214 3037 diaisse.
2257 2982 2377 3037 Alia
2409 2992 2495 3038 est
2545 2983 2850 3038 doctissimi
2907 2982 3011 3036 viri
3066 2983 3417 3036 animadver-

162 3064 344 3116 saecula
378 3063 540 3133 plura
567 3068 810 3121 servavit
860 3067 1106 3122 Romana
1137 3067 1403 3122 Ecclesia.
1437 3065 1573 3121 Illud
1603 3073 1687 3121 est
1715 3082 1731 3121 :

161 3151 318 3207 Credo
346 3156 400 3208 in
427 3155 595 3209 Deum
623 3156 840 3213 Patrem
890 3161 1322 3229 omnipotentem.
1360 3158 1429 3212 Et
1460 3160 1515 3212 in
1570 3155 1728 3212 Chri-

160 3257 284 3298 stum
303 3245 510 3311 Iesum,
537 3250 750 3305 unicum
782 3236 981 3306 Filium.
1007 3252 1141 3317 eius,
1165 3252 1446 3307 Dominum
1469 3249 1728 3305 nostrum.

1829 3073 1961 3128 sio:
2018 3073 2084 3128 In
2145 3074 2398 3129 Ecclesia:
2457 3073 2717 3130 Iiomanw
2778 3074 3023 3146 Symbolo
3080 3089 3180 3128 non
3237 3074 3420 3128 haberi

1828 3166 2072 3220 additum
2102 3184 2114 3221 :
2142 3164 2417 3221 Descendit
2449 3168 2520 3221 ad
2549 3167 2784 3238 inferna,
2808 3168 2907 3220 sed
2936 3182 3102 3236 neque
3134 3168 3191 3220 in
3228 3164 3419 3221 Orien-

1831 3258 1899 3310 tis
1921 3256 2175 3311 Ecclesiis
2203 3259 2389 3312 haberi
2410 3259 2548 3312 hunc
2579 3275 2896 3313 sermonem:
2931 3260 3035 3313 vim
3062 3269 3234 3312 tamen
3274 3258 3419 3312 verbi

162 3338 253 3404 Ωιιί
290 3352 448 3396 "aliis
518 3345 675 3398 estde
700 3343 899 3415 Spiritu
942 3360 1125 3402 sancto
1156 3363 1221 3401 ex
1257 3345 1437 3401 Maria
1501 3344 1730 3414 Virgine.
1758 3333 1803 3395 (ἶ
1838 3350 2003 3404 videri
2028 3368 2135 3404 esse
2156 3351 2210 3405 in
2231 3367 2311 3415 eo,
2335 3352 2474 3421 quod
2501 3351 2736 3420 sepultus
2780 3353 2997 3405 dicitur.
3043 3352 3284 3437 Aduolat
3328 3350 3423 3405 de-

162 3432 448 3504 Cruciﬁxus
489 3438 584 3491 sub
635 3438 828 3494 Pontio
853 3439 1051 3505 Pilato,
1085 3450 1132 3495 et
1157 3441 1410 3509 sepultus.
1443 3438 1618 3494 Tertia
1648 3438 1731 3492 die

160 3533 439 3584 resurrexit
469 3548 501 3584 a
544 3534 786 3588 mortuis.
821 3534 1066 3589 Ascendit
1108 3537 1163 3588 in
1214 3537 1390 3596 caelos,
1446 3533 1588 3587 sedet
1654 3533 1724 3584 ad

163 3623 424 3677 dexteram
450 3623 651 3678 Patris.
683 3623 709 3677 1
718 3628 816 3679 nde
838 3634 1089 3680 uenturus
1115 3636 1189 3680 est
1225 3628 1472 3697 judicare
1498 3628 1656 3690 vicos,
1682 3634 1730 3678 et

165 3725 409 3772 mortuos.
447 3717 519 3772 Et
544 3721 601 3773 in
645 3718 907 3790 Spiritum
936 3731 1202 3787 sanctum,
1259 3730 1501 3778 sanctam
1553 3721 1738 3776 Eccle-

161 3813 309 3871 sium.
348 3814 711 3869 remissionem
754 3824 1110 3885 peccatorum,
1169 3818 1343 3870 carnis
1394 3817 1733 3869 resurrectio-

164 3920 292 3958 nem.
324 3906 463 3959 Cum
489 3906 748 3977 Symbolo
772 3906 1027 3964 Ecclesia:
1050 3907 1414 3978 Aquileiensis
1439 3918 1494 3962 et
1536 3906 1730 3962 Orien-

167 3998 251 4051 tali
316 4001 597 4054 communi
670 4014 1049 4071 comparatum
1120 4018 1152 4057 a
1219 4003 1418 4058 Ruﬁno
1473 4002 1734 4057 dabimus

164 4089 298 4145 intra
328 4108 451 4146 cum
471 4092 1064 4152 animadversionibns.

230 4182 351 4239 Pari
381 4186 621 4241 formula
660 4188 960 4243 utebantur
992 4189 1113 4244 alia:
1162 4189 1216 4245 in
1258 4190 1413 4246 italia
1450 4191 1730 4248 Ecclesiae.

167 4272 615 4332 Ravennatensem
648 4280 856 4348 profert
883 4280 1080 4336 Petrus
1112 4283 1483 4354 Chrysologus
1512 4284 1566 4340 in
1619 4302 1738 4341 ser-

167 4370 418 4424 monibus
459 4387 603 4441 quos
630 4372 823 4427 habuit
854 4373 906 4428 in
949 4374 1266 4444 Symbolum
1317 4377 1732 4447 apostolorum;

166 4458 327 4516 Credo
360 4464 416 4517 in
451 4463 618 4518 Deum
645 4465 863 4519 Patrem
891 4469 1321 4537 omnipotentem.
1349 4466 1419 4520 Et
1466 4469 1519 4522 in
1553 4468 1737 4522 Jesum

167 4551 448 4621 Christum,
485 4555 687 4612 Filium
718 4558 831 4627 ejus
884 4561 1120 4623 unicum,
1174 4559 1456 4615 Dominum
1505 4570 1741 4616 nostrum

169 4645 449 4712 Quinatus
470 4651 637 4704 estde
671 4648 874 4720 Spiritu
923 4663 1105 4707 sancto
1155 4668 1219 4707 ea:
1272 4651 1450 4707 Maria
1510 4652 1740 4725 Virgine.

170 4738 268 4804 Qui
295 4742 393 4815 sub
428 4740 627 4796 Pontio
683 4741 862 4799 Pilato
908 4745 1193 4813 cruciﬁxus
1238 4755 1334 4808 est,
1394 4755 1443 4800 et
1492 4748 1742 4815 sepultus.

171 4813 341 4889 Tertiis
374 4837 459 4890 die
486 4839 778 4890 resurrexit
801 4853 833 4889 a
875 4838 1119 4891 mortuis.
1149 4837 1397 4892 Ascendit
1450 4841 1506 4893 in
1569 4838 1743 4902 cwlos,

167 4930 304 4981 sedet
332 4929 403 4982 ad
433 4930 709 4982 dexteram
738 4926 941 4984 Patris.
970 4929 1100 4983 Inde
1134 4940 1384 4984 venturus
1404 4938 1480 4982 est
1496 4931 1749 5000 judicare

168 5025 328 5087 rivos,
359 5024 518 5096 142
544 5033 595 5077 et
624 5024 1080 5103 mortuosuliredo
1109 5026 1164 5077 in
1190 5023 1447 5095 Spiritum
1479 5033 1744 5090 sanctum,

170 5127 408 5170 sanctam
448 5114 769 5178 Ecclesium,
792 5125 841 5169 et
872 5117 1228 5169 remissionem
1258 5125 1608 5186 peccatorum,
1632 5132 1751 5169 car-

173 5209 253 5261 nis
278 5210 748 5271 resurrectionem,
771 5208 935 5261 vitam
964 5216 1244 5261 cateruam.
1278 5206 1590 5263 Postretnas
1613 5208 1752 5264 duas

174 5316 341 5356 voces
366 5301 666 5370 adjunctus
721 5299 900 5354 vides.
955 5299 1118 5353 Hisce
1177 5299 1444 5354 minutam
1489 5299 1752 5355 Ecclesiae

173 5414 282 5452 sua:
315 5397 616 5451 formulam
645 5394 872 5449 exhibet
898 5392 1169 5447 Maximus
1199 5393 1537 5447 Taurinensis
1559 5396 1754 5462 episco-

174 5507 263 5558 pus
292 5489 530 5545 ﬂomilia
549 5490 605 5542 in
637 5487 935 5542 traditione
964 5486 1208 5556 Symboli
1237 5504 1251 5551 ;
1290 5501 1489 5555 nempe
1529 5504 1541 5539 :
1580 5484 1752 5541 Credo

175 5586 224 5636 in
250 5582 421 5636 Deam
455 5581 677 5636 Patrem
701 5580 1131 5650 omnipotentem.
1174 5578 1238 5632 Et
1269 5580 1323 5632 in
1358 5578 1539 5633 Jesum
1602 5578 1751 5633 Cleri~

176 5687 336 5741 stum,
361 5675 559 5730 Filium
586 5676 702 5743 ejus
727 5674 959 5735 unicum,
994 5672 1277 5726 Dominum
1326 5684 1583 5727 nostrum.
1653 5662 1755 5738 Qui

177 5782 333 5822 natus
362 5770 521 5823 estde
554 5767 763 5838 Spiritu
819 5776 1003 5821 sancto
1049 5782 1113 5818 ea:
1152 5764 1326 5819 Maria
1376 5764 1755 5833 l’irgineJSub

180 5861 369 5915 Pontio
404 5862 579 5916 Pilato
606 5859 892 5928 cruciﬁxus
923 5868 1021 5920 est,
1057 5868 1108 5912 et
1153 5857 1409 5927 sepultus.
1448 5855 1623 5911 Tertia
1676 5860 1758 5912 die

180 5953 530 6007 resurrexita
573 5952 812 6006 mortuis.
848 5950 1093 6005 Ascendit
1147 5948 1199 6002 in
1250 5947 1457 6014 costum,
1493 5948 1635 6004 sedet
1689 5951 1757 6002 ad

1844 3457 1992 3497 mum
2031 3457 2050 3495 :
2104 3440 2247 3497 Satis
2303 3453 2460 3497 cauta
2518 3453 2566 3497 et
2637 3444 2857 3514 provida
2920 3444 3218 3513 adjectione
3260 3443 3422 3511 ﬁdem

1843 3532 2080 3603 Symboli
2117 3535 2186 3589 ab
2228 3536 2468 3591 Ecclesia
2504 3535 2845 3606 Aquileiensi
2882 3536 3236 3607 doceri;qute
3276 3537 3331 3589 in
3365 3552 3424 3589 eo

1841 3627 1980 3693 quod
2002 3644 2034 3679 a
2061 3629 2264 3681 ueteris
2300 3629 2553 3692 traditur,
2585 3628 2779 3683 Carnis
2819 3630 3280 3694 resurrectionem,
3317 3644 3422 3681 uno

1797 3719 2025 3773 “addito
2071 3722 2382 3790 pronomine
2405 3721 2796 3790 tradit:lIujns
2852 3722 3030 3775 carnis
3084 3723 3422 3776 resurrectio-

1844 3827 1983 3865 nem.
2019 3811 2178 3868 Hisce
2231 3813 2407 3868 tribus
2432 3817 2498 3869 de
2532 3813 2924 3868 additamenlis
2978 3814 3245 3883 ampliora
3288 3812 3422 3868 scri-

1835 3903 2052 3987 psimus
2092 3906 2147 3959 in
2205 3908 2408 3963 nostris
2467 3905 2834 3976 Aquileiensis
2895 3905 3192 3971 Ecclesiael
3228 3903 3422 3960 Monu-

1847 4000 2068 4063 tnentis,
2099 4015 2220 4071 cap.
2260 4017 2354 4065 \‘ll,
2398 4017 2551 4055 num.
2587 4000 2641 4055 4.

1918 4093 1975 4147 In
1994 4095 2185 4148 eadem
2204 4094 2447 4168 Symboli
2471 4094 2825 4165 Expositione
2845 4096 2940 4150 alis
2960 4094 3160 4150 Ruﬁno
3182 4093 3307 4148 ador
3322 4107 3423 4148 na-

1848 4198 1920 4248 ta,
1949 4203 2070 4257 quae.
2092 4198 2302 4257 prostat.
2360 4188 2504 4243 inter
2532 4203 2696 4257 opera
2727 4188 2902 4243 sancti
2936 4186 3217 4259 Cypriani,
3246 4202 3277 4241 a
3301 4184 3426 4241 Ste-

1849 4279 2031 4349 phano
2056 4279 2295 4342 Balnzio,
2321 4290 2377 4334 et
2402 4295 2511 4334 uno
2538 4295 2606 4334 ex
2642 4281 2928 4336 tuonachis
2978 4278 3427 4351 congregationis

1846 4373 2227 4429 SanctiMauri
2253 4374 2544 4441 edila,alio
2561 4375 2779 4431 diverso
2811 4379 2976 4431 verba
3003 4377 3252 4446 quaedam
3284 4373 3426 4429 elle-

1849 4476 2045 4519 runtur
2059 4466 2243 4519 modo:
2264 4465 2708 4531 videlicet,Credo
2721 4469 2771 4521 in
2795 4467 2900 4521 Deo
2918 4467 3080 4522 Patre
3100 4468 3430 4536 omnipoten-

1848 4570 1896 4613 te
1932 4544 2088 4631 ιω
2115 4569 2162 4612 et
2192 4560 2246 4613 in
2276 4558 2482 4615 Christo
2499 4560 2644 4621 Iesu.
2677 4562 2832 4615 unico
2864 4558 3005 4614 Filio
3036 4561 3170 4632 ejus,
3202 4559 3428 4613 Domino

1852 4657 2030 4701 nostro
2056 4663 2075 4701 :
2101 4656 2150 4703 et
2185 4649 2238 4702 in
2264 4646 2465 4719 Spiritu
2516 4659 2718 4705 sancto.
2769 4652 2850 4705 Ad
2884 4667 2947 4705 ea
2980 4652 3142 4704 verba
3176 4666 3189 4703 :
3222 4647 3289 4701 In
3321 4647 3426 4701 Deo

1852 4740 2015 4793 Patre
2073 4743 2448 4811 omnipotente,
2503 4752 2630 4797 nota
2676 4743 2990 4812 appingitur
3042 4761 3055 4796 :
3118 4758 3137 4793 ι
3193 4740 3284 4796 Sic
3318 4750 3428 4794 tres

1854 4832 1979 4886 Mss.
2011 4832 2230 4887 codices
2255 4849 2379 4888 cum
2419 4832 2804 4904 (editionibus)
2866 4832 3162 4897 Rembolti,
3189 4830 3426 4896 Erasmi,

1852 4937 1908 4981 et
1966 4925 2178 4981 Morelii
2209 4944 2223 4981 :
2255 4937 2310 4982 et
2359 4928 2440 4982 sic
2492 4928 2549 4982 in
2613 4926 2973 4997 sequentibus
3002 4924 3271 4988 articulis,
3297 4935 3347 4978 et
3376 4927 3432 4979 in

1850 5016 1978 5071 Jcsu
2001 5018 2227 5085 Christo,
2254 5027 2360 5074 etc.
2401 5018 2675 5073 Pamelius
2714 5018 2801 5072 his
2834 5019 2884 5071 in
2913 5017 3048 5072 locis
3072 5018 3428 5071 accusativum

1854 5094 2057 5181 posuit,
2115 5119 2228 5165 tum
2276 5112 2403 5181 quia
2457 5111 2538 5164 sic
2581 5109 2789 5163 invenit
2818 5109 2871 5162 in
2901 5106 3267 5172 Frobeniana,
3294 5118 3350 5163 et
3378 5109 3430 5161 in

1853 5204 1978 5258 aliis
2034 5203 2252 5259 duabus
2311 5205 2545 5258 vetustis
2592 5201 2980 5257 editionibus:
3020 5213 3135 5256 tum
3192 5203 3320 5272 quia
3351 5202 3433 5257 sic

1855 5294 2061 5349 habent
2105 5296 2208 5348 tria
2261 5296 2406 5364 apud
2463 5295 2858 5367 Hieronymum
2902 5294 3182 5364 Symbola,
3243 5303 3302 5349 et
3355 5295 3436 5349 sic

1858 5388 1973 5458 ipse
2008 5388 2372 5457 Hieronymus
2398 5388 2452 5443 in
2477 5387 2704 5460 Dialogo
2736 5388 3002 5444 adversus
3032 5388 3430 5449 aniferianos,

1859 5496 1970 5535 uno
2032 5482 2153 5534 loro
2198 5491 2430 5551 excepto
2469 5500 2483 5536 :
2517 5482 2597 5536 sic
2637 5480 2802 5537 etiam
2836 5481 3039 5551 ubique
3064 5482 3431 5551 Augustinus.

1862 5575 2063 5628 Verum
2116 5574 2341 5629 Pamelii
2391 5574 2632 5629 rationes
2687 5574 2923 5644 probant
2951 5572 3082 5627 illud
3112 5573 3335 5645 quidem
3380 5575 3433 5627 in

1859 5669 2137 5739 plerisque
2190 5666 2463 5739 Symliolis
2519 5668 2626 5723 dici
2676 5668 2878 5731 solere,
2937 5665 3106 5721 Credo
3136 5667 3194 5720 in
3226 5664 3434 5721 Deum:

1859 5769 1914 5813 at
1972 5758 2197 5813 minime
2255 5758 2515 5828 probant,
2579 5759 2658 5812 sic
2690 5758 3157 5819 etiamexstitisse
3189 5756 3243 5811 in
3279 5756 3436 5826 Sym-

1866 5852 1989 5907 Ι›οΙο
2039 5851 2297 5905 Ecclesia:
2329 5850 2717 5921 Aquileiensis.
2756 5850 2899 5917 Quin
2936 5851 3096 5904 etiam
3128 5864 3238 5919 quo
3272 5853 3436 5904 usita-

1865 5947 1969 6001 tior
1994 5956 2112 6003 erat
2139 5946 2471 6000 accusativus
2502 5946 2559 5999 in
2587 5944 2887 6014 Sytnbolis,
2928 5958 2994 5999 co
3022 5943 3202 5998 minus
3232 5942 3436 6014 proba-

3203 6039 3229 6060 κ
