3838 6362
390 395 501 460 147

1321 396 1649 461 GEORGII
1693 401 1952 462 CYPRII
1993 401 2105 463 ΕΡ.
2136 402 2661 464 ΡΑΤΙἨΑῙΗΣΗΕ

3546 389 3651 453 158

386 502 495 557 bile
547 508 632 557 est
688 501 950 557 librarios
1001 502 1085 558 vel
1139 502 1377 571 incuria,
1429 508 1515 563 vel
1578 507 1647 563 de
1693 508 1966 564 industria
1991 517 2045 576 Α
2069 515 2263 568 eodem
2316 511 2578 583 Symbolo
2627 525 2739 582 quo
2774 518 2829 565 et
2871 523 2976 564 nos
3028 506 3331 578 baptizare.
3384 497 3647 557 eumdem

387 584 682 652 ablativum
736 595 791 651 in
843 590 971 652 hoc.
1009 597 1271 669 Symbolo
1334 601 1607 669 posuisse.
1645 604 1713 655 At
1739 601 1966 658 minime

390 686 593 741 mirum
657 687 727 752 si,
783 702 908 742 cum
952 690 1259 759 reperirent
1288 690 1602 756 ablativum,
1624 695 1865 749 novitate
1889 694 1970 748 ol-

390 775 553 838 lensi,
588 778 960 831 acetisativuni
993 781 1353 835 inserueriut.
1415 783 1780 848 Quamobrem
1813 786 1967 840 codi-

342 888 345 895 ·
389 883 502 931 eos,
563 868 617 923 in
668 870 874 940 quibus
925 872 1145 941 legitur,
1195 873 1366 929 Credo
1416 875 1471 930 in
1526 875 1883 942 Deo,etc.,et
1908 879 1966 931 in

391 961 622 1031 Christo,
684 975 818 1035 ctc.,
878 977 934 1022 et
977 970 1033 1023 in
1083 969 1512 1040 Spiritusancto,
1542 972 1804 1028 videntur
1830 974 1965 1030 mihi

389 1061 701 1114 accuratius
761 1061 1219 1119 consuetudinem
1264 1064 1526 1120 Ecclesiae
1594 1067 1967 1136 Aquileiensis

387 1152 650 1216 retinere,
713 1169 878 1219 quam
949 1155 1043 1223 qui
1102 1157 1462 1211 accusativum
1515 1169 1808 1226 usurpant.
1844 1159 1967 1213 [late

385 1249 569 1294 autem
609 1243 852 1313 Sj'tnboli
878 1245 1278 1313 pronuntiandi
1333 1248 1473 1303 ratio
1500 1264 1611 1302 non
1641 1249 1861 1304 videtur
1896 1249 1966 1305 ab

399 1332 501 1387 hac
544 1332 792 1389 Ecclesia
845 1336 1014 1391 ascita
1070 1338 1191 1392 sine
1241 1331 1473 1395 consilio
1501 1330 1670 1395 fuisse
1711 1339 1850 1396 :sed
1908 1350 1968 1397 ut

384 1424 551 1478 trium
583 1440 945 1496 personarum
987 1428 1306 1484 divinarum
1346 1430 1545 1486 clarior
1592 1441 1737 1487 esset
1766 1432 1967 1488 distin»

382 1519 493 1573 ctio
548 1520 618 1573 ab
670 1520 921 1590 articulis
963 1525 1346 1594 sequentibus,
1386 1536 1628 1581 sanctum
1652 1527 1962 1595 Ecclesium,

382 1619 494 1666 etc.
550 1631 571 1666 ι
632 1612 866 1677 Vereor,
927 1631 995 1671 ne
1042 1633 1204 1687 quam
1248 1618 1458 1674 invehit
1508 1621 1967 1693 diligentissimus

383 1702 695 1767 adnotator,
744 1698 995 1778 Symboli
1035 1712 1427 1780 pronuntiandi
1461 1714 1599 1769 ratio
1631 1714 1685 1769 in
1719 1715 1965 1773 Ecclesia

382 1796 724 1866 Aquileieusi
772 1814 1012 1871 unquam
1085 1803 1341 1874 viguerit.
1414 1805 1720 1863 Clariorem
1795 1810 1963 1864 trium

383 1888 750 1959 personarum
804 1892 1117 1949 divinarum
1171 1897 1584 1955 distinctionem
1638 1903 1707 1957 ah
1732 1903 1855 1959 aliis
1880 1920 1969 1957 are
2005 1883 2047 1937 Β

386 1980 569 2039 ticulis
619 1984 727 2038 alio
778 1999 846 2039 ex
904 1975 1083 2057 capite
1143 1989 1378 2046 Rufinus
1436 1992 1677 2049 desumit
1739 1995 1966 2062 ibidem,

382 2088 538 2128 num.
567 2072 638 2129 36
665 2094 678 2130 :
711 2096 729 2129 ι
770 2076 1025 2133 Sanctam
1082 2074 1404 2150 Ecclesium,
1464 2087 1827 2142 remissionem
1853 2106 1971 2158 pec-

384 2176 647 2235 catorum,
683 2171 840 2241 hujus
872 2175 1052 2228 carnis
1112 2178 1572 2234 resurrectionem.
1610 2180 1731 2235 Non
1783 2182 1921 2239 dixit
1953 2198 1967 2236 :

384 2257 449 2315 In
477 2271 721 2315 sanctum
750 2258 1069 2330 Ecclesium,
1098 2283 1200 2322 nec
1228 2270 1284 2322 in
1314 2272 1678 2327 remissionem
1728 2287 1971 2346 peccato-

386 2365 530 2412 rum,
586 2366 687 2406 nec
725 2352 778 2406 in
809 2356 988 2409 carnis
1019 2361 1480 2418 resurrectionem.
1523 2361 1582 2418 Si
1629 2368 1776 2420 enim
1812 2365 1973 2422 addi-

389 2443 565 2499 dissct
604 2440 658 2497 in
689 2446 1163 2515 praepositionem,
1198 2468 1306 2508 una
1355 2454 1663 2526 eademque
1724 2458 1809 2523 vis
1833 2458 1973 2515 fuis-

388 2544 474 2591 set
504 2553 628 2591 cum
659 2540 1063 2608 superioribus.
1117 2544 1276 2600 Nunc
1298 2557 1479 2603 autem
1512 2549 1569 2605 in
1603 2550 1718 2607 illis
1747 2554 1969 2620 quidem

389 2627 699 2695 vocabulis,
765 2630 859 2686 ubi
917 2633 985 2688 de
1038 2635 1332 2717 divinitate
1388 2640 1521 2694 fides
1543 2642 1837 2717 ordinatur
1874 2647 1971 2700 :in

389 2717 500 2773 Deo
528 2718 690 2775 Patre
719 2723 942 2791 dicitur,
971 2734 1028 2780 et
1066 2716 1123 2780 in
1179 2727 1306 2782 Iesu
1354 2729 1566 2785 Christo
1589 2716 1726 2788 Filio
1752 2736 1887 2806 ejus,
1916 2746 1972 2789 et

389 2809 447 2863 in
472 2807 673 2880 Spiritu
698 2822 884 2866 sancto
917 2830 937 2880 ;
976 2814 1031 2869 in
1089 2818 1303 2874 caeteris
1353 2835 1484 2874 vero
1526 2821 1616 2876 ubi
1638 2839 1748 2877 non
1771 2825 1865 2887 ,de
1890 2826 1974 2879 di-

391 2901 647 2968 vinitate,
679 2904 775 2959 sed
813 2904 881 2960 de
913 2909 1184 2964 creaturis
1241 2926 1305 2966 ac
1343 2913 1616 2982 mysteriis
1660 2929 1840 2969 sermo
1865 2927 1970 2982 est,

391 2993 447 3046 in
478 2996 789 3064 prtepositio
818 3013 926 3052 non
971 2999 1213 3065 additur,
1255 3012 1314 3057 ut
1365 3004 1582 3059 dicatur
1622 3006 1678 3059 in
1728 3016 1968 3063 sanctum

391 3086 716 3156 Ecclesium,
746 3089 840 3146 sed
871 3104 1116 3148 sanctum
1148 3095 1438 3151 Ecclesium
1469 3099 1802 3156 credendam
1826 3118 1967 3167 esse,

392 3194 589 3236 nonut
620 3184 675 3236 in
737 3178 929 3253 Deum,
975 3187 1071 3241 sed
1101 3197 1160 3242 ut
1188 3187 1493 3245 Ecclesiam
1534 3190 1645 3247 Deo
1670 3207 1971 3264 congrega-

395 3283 507 3327 tam
550 3291 563 3326 :
594 3284 650 3328 et
685 3277 1047 3332 remissionem
1100 3288 1436 3350 peccatorum
1470 3282 1802 3338 credendam
1828 3300 1969 3350 esse,

394 3379 504 3417 non
541 3366 596 3419 in
623 3369 987 3423 remissionem
1027 3382 1367 3440 peccatorum
1397 3388 1417 3428 :
1452 3382 1507 3428 et
1536 3378 1978 3431 resurrectionem

394 3462 592 3526 carnis,
655 3478 762 3517 non
831 3466 885 3517 in
934 3470 1373 3523 resurrectionem
1408 3471 1611 3526 carnis.
1641 3472 1754 3527 Hac
1788 3474 1977 3543 itaque

395 3552 804 3622 pra-positionis
838 3556 1042 3628 syllaba
1074 3559 1305 3616 Creator
1357 3580 1386 3616 a
1416 3567 1690 3622 creaturis
1727 3570 1976 3623 secerni-

398 3651 512 3708 tur,
561 3653 617 3698 et
655 3642 842 3701 divina
896 3661 1223 3719 separantur
1245 3642 1316 3706 ab
1351 3654 1634 3711 humanis.
1676 3676 1695 3708 s
1725 3658 1848 3713 llaec
1880 3676 1977 3728 ιιοο

396 3734 605 3791 tissima
629 3736 811 3794 Ruﬁni
842 3743 1003 3805 ratio,
1029 3759 1191 3813 quam
1221 3745 1393 3801 solam
1426 3749 1584 3804 atl‘ert
1625 3750 1761 3820 ipse,
1794 3752 1975 3808 locum

395 3825 586 3892 habet,
648 3828 864 3886 tametsi
922 3834 1130 3889 Divina.-
1164 3853 1429 3909 personte,
1466 3843 1783 3897 accusativo
1819 3860 2007 3899 usnr-.

394 3928 524 3988 pato
549 3935 703 3989 casu,
737 3929 1185 3993 pronuntieutur.

473 4010 636 4084 144
679 4013 904 4070 Interim
953 4018 1329 4079 additamenta
1382 4025 1751 4095 Aquileiensiu
1805 4028 1975 4097 (quod

395 4103 463 4159 ad
490 4121 604 4160 rem
629 4120 876 4163 nostram
910 4114 1144 4168 maxime
1176 4117 1443 4187 pertinet)
1496 4120 1792 4187 postulavit
1816 4135 1978 4175 nemo

397 4199 469 4255 de
490 4200 744 4257 crimine.
775 4201 954 4260 Litem
986 4206 1283 4263 adversum
1315 4225 1381 4264 ea
1410 4221 1709 4267 moverunt
1743 4213 1975 4281 nullam,

400 4308 525 4362 qua:
568 4294 689 4349 alia:
744 4295 1004 4353 Ecclesiae
1054 4315 1161 4352 non
1213 4301 1408 4356 eadem
1463 4303 1976 4372 amplexabantur:

395 4398 579 4453 neque
632 4387 748 4457 ipsa
803 4388 1031 4443 demum
1093 4392 1336 4447 licclesia
1389 4394 1660 4462 Romana,
1710 4396 1869 4466 cujus
1917 4414 1977 4452 se

393 4477 768 4548 Aquileiensis
810 4480 1172 4550 proﬁtebatur
1224 4486 1419 4551 ﬁliam,
1473 4488 1780 4557 rejicieuda
1839 4505 1978 4559 pra:-

2070 622 2237 663 nosse
2292 607 2460 661 Deum
2496 606 2736 671 Patrem,
2788 603 3045 661 eumdem
3098 600 3295 656 Filium
3353 595 3648 656 Christum,

2069 699 2327 755 eumdem
2377 698 2637 770 Spiritum
2684 704 3033 761 sunctum...;
3065 692 3209 749 sciat
3253 686 3504 760 quisquis
3537 684 3648 740 hoc

2069 791 2469 863 opponendum
2525 800 2702 862 putat.
2756 789 2995 860 primum
3042 801 3151 841 nou
3183 798 3306 840 esse
3349 779 3533 844 nobis,
3586 784 3647 832 et

2070 886 2439 942 sehismaticis
2468 898 2633 940 unam
2669 882 2915 956 Symboli
2941 881 3138 951 legem,
3181 890 3360 946 neque
3387 870 3642 928 eamdem

2069 979 2583 1050 interrogationem.
2611 977 2747 1032 Nam
2798 989 2924 1030 cum
2958 974 3171 1035 dicunt,
3218 968 3403 1026 Credis
3456 963 3651 1017 remis-

2072 1075 2275 1127 sionem
2316 1080 2678 1143 peccatorum,
2717 1079 2767 1124 et
2806 1072 2970 1125 vitam
3001 1078 3257 1124 aeternum
3286 1080 3378 1134 per
3401 1071 3648 1117 sanctam

2071 1164 2393 1230 Ecclesium,
2439 1164 2786 1219 mentiuntur
2814 1163 2871 1218 in
2921 1159 3381 1230 interrogatione,
3422 1152 3651 1224 quando

2072 1275 2177 1313 non
2215 1258 2465 1312 habeant
2516 1255 2846 1312 Ecclesiam.
2883 1273 2902 1307 ι
2940 1253 3147 1309 Eadem
3198 1249 3390 1306 scribit
3422 1246 3480 1300 in
3524 1243 3650 1312 epi-

2069 1352 2210 1408 stola
2244 1351 2310 1405 70
2343 1352 2430 1404 his
2459 1349 2647 1405 verbis
2679 1366 2693 1401 :
2731 1348 2871 1413 Nam
2907 1363 3027 1400 cum
3066 1345 3318 1406 dicimus,
3342 1338 3557 1393 -Credis
3589 1337 3648 1390 iu

2069 1445 2234 1499 citum
2294 1448 2574 1505 «ternum,
2637 1449 2688 1494 et
2750 1439 3111 1494 remissionem
3174 1442 3509 1505 peccatorum
3554 1444 3654 1499 per

2068 1548 2315 1594 sanctam
2343 1536 2733 1590 Ecclesiunt....
2765 1532 3059 1587 Additione
3090 1531 3209 1585 uiue
3242 1535 3457 1583 caterua:
3490 1538 3653 1579 care-

2071 1633 2170 1688 bat
2203 1631 2524 1703 Symbolum
2545 1628 2864 1683 Romanum.
2898 1624 3041 1680 Hine
3068 1623 3302 1679 Ruﬁnus
3319 1620 3418 1685 ait,
3445 1632 3653 1673 sermo-

2072 1742 2213 1785 nem,
2244 1725 2332 1796 qui
2370 1723 2827 1777 Resurrectionem
2879 1718 3063 1773 carnis
3106 1715 3446 1787 pronuntiat,
3497 1725 3653 1764 sumo
3743 1785 3749 1793 .

2071 1832 2217 1871 mum
2250 1817 2411 1871 totius
2459 1814 2796 1885 perfectionis
2839 1810 3110 1866 succincta
3143 1807 3398 1862 brevitate
3430 1800 3655 1856 conclu-

2072 1916 2216 1967 dere.
2254 1910 2435 1981 lpsius
2485 1923 2623 1964 vero
2669 1902 3089 1962 Recurrectionis
3124 1899 3416 1955 clariorem
3454 1893 3649 1949 verbis

2071 2006 2203 2070 illis,
2277 2004 2408 2059 Vitas
2453 2012 2702 2064 rrtcrnat,
2763 1996 3172 2067 expositionem
3232 1991 3440 2052 aﬂerri,
3490 1990 3655 2044 docet

2070 2096 2416 2167 Augustinus
2459 2094 2515 2147 in
2557 2104 2835 2154 sermone,
2879 2103 2975 2143 seu
3027 2086 3219 2140 libro:
3266 2082 3341 2135 De
3400 2079 3657 2151 Symbolo

2074 2193 2145 2248 ad
2176 2191 2602 2251 catechumenos,
2651 2199 2808 2240 num.
2843 2181 2910 2237 16
2938 2201 2952 2238 :
2988 2179 3071 2234 Ne
3096 2178 3274 2232 carnis
3307 2173 3663 2230 resurrectio-

2074 2298 2193 2338 nem
2254 2284 2515 2351 [κιαι-ατη,
2574 2277 2853 2347 inquiens,
2912 2284 3054 2345 putet
3109 2271 3335 2341 aliquis,
3388 2265 3658 2338 quomodo

2074 2378 2311 2440 Lazari;
2343 2384 2403 2429 ut
2445 2375 2677 2428 sciamus
2713 2387 2819 2425 non
2854 2371 2930 2424 sic
2958 2382 3090 2430 esse,
3128 2365 3371 2419 additum
3403 2361 3504 2431 fuit
3534 2376 3553 2414 :
3590 2356 3656 2412 In

2072 2475 2237 2527 vitam
2272 2478 2551 2524 cateruam.
2600 2467 2722 2532 Quo
2784 2465 2908 2519 loco
2958 2458 3339 2516 animadverte
3387 2450 3662 2524 pra-posi-

2076 2567 2307 2628 tionem,
2341 2565 2421 2623 in,
2453 2560 2733 2631 aliquibus
2768 2558 2822 2611 in
2857 2552 3126 2610 Ecclesiis
3169 2547 3403 2621 perinde
3443 2542 3660 2600 divinis

2073 2656 2328 2727 personis
2359 2654 2596 2716 allium,
2628 2667 2693 2706 ac
2721 2648 2935 2704 ceteris
2965 2643 3233 2699 articulis.

2146 2754 2427 2819 integrum
2482 2745 2794 2814 Africanum
2849 2738 3194 2811 Symbolum,
3250 2730 3503 2803 pluribus
3552 2743 3658 2783 au-

2075 2854 2225 2899 ctum
2259 2840 2510 2905 vocibus,
2558 2837 2706 2907 quod
2758 2849 2861 2890 suo
2904 2829 3125 2899 vigebat
3179 2837 3448 2896 tempore,
3500 2821 3656 2876 idem

2074 2935 2414 3007 Augustinus
2459 2929 2674 3001 profert
2715 2928 2770 2982 in
2841 2937 3097 2979 sermone
3146 2919 3277 2983 212,
3340 2934 3405 2973 ac
3472 2915 3665 2971 tribus

2077 3026 2500 3099 insequentibus
2535 3036 2678 3092 quos
2733 3019 2930 3074 habuit
2959 3018 3015 3070 in
3047 3015 3088 3070 Τ
3089 3014 3355 3068 raditione
3393 3011 3661 3083 Symboli,

2078 3126 2321 3193 itemque
2352 3119 2494 3174 libro
2529 3115 2607 3169 De
2643 3113 2750 3181 ﬁde
2786 3123 2834 3167 et
2854 3109 3137 3195 'Syntbolo,
3172 3124 3235 3163 ac
3274 3120 3535 3161 sermone
3584 3104 3665 3157 de

1999 3240 2044 3302 ρ
2079 3204 2342 3290 Symbolo
2382 3216 2449 3269 ad
2497 3209 2947 3266 catechumenos.
2994 3205 3131 3302 Illud
3180 3213 3264 3302 est
3288 3221 3330 3302 -ε
3384 3201 3560 3302 Credo
3600 3199 3664 3302 in

2082 3311 2252 3365 Deum
2286 3308 2507 3363 Putrem
2567 3302 3001 3372 omnipotentem.
3065 3297 3135 3352 Et
3174 3299 3229 3352 in
3274 3296 3455 3351 Iesum
3497 3293 3665 3350 Chrio

2079 3413 2245 3467 stum,
2283 3399 2480 3454 Filium
2513 3399 2629 3470 ejus
2668 3384 3231 3454 unicumfllominum
3263 3398 3523 3444 nostrum.
3553 3388 3669 3453 Qui

2080 3504 2360 3565 conceptus
2407 3501 2484 3546 est
2532 3492 2596 3544 de
2641 3487 2848 3558 Spiritu
2892 3493 3103 3549 sancto,
3151 3493 3308 3538 nutus
3357 3497 3422 3535 ex
3478 3480 3667 3535 naria

2087 3587 2318 3657 Virgine.
2355 3583 2553 3637 Passus
2599 3580 2756 3652 1&5
2798 3589 2871 3632 est
2897 3578 2992 3633 sub
3026 3576 3221 3631 Pontio
3255 3574 3452 3639 Pilato,
3484 3576 3671 3627 cruci-

2080 3679 2245 3746 ﬁxus,
2281 3687 2544 3739 mortuus,
2577 3686 2626 3729 et
2656 3672 2915 3741 sepultus.
2948 3671 3126 3725 Tertia
3153 3670 3237 3723 die
3282 3668 3574 3722 resurrexit
3630 3685 3669 3721 α

2082 3774 2328 3828 mortuis.
2395 3770 2645 3824 Ascendit
2696 3770 2752 3821 in
2807 3765 3017 3831 citium,
3071 3763 3214 3818 sedet
3261 3764 3329 3815 ad
3385 3760 3668 3814 dexteram

2084 3863 2285 3919 Patris.
2334 3863 2466 3919 Inde
2512 3872 2769 3917 venturus
2800 3859 3052 3929 judicare
3084 3859 3246 3923 vivos,
3297 3864 3349 3910 et
3400 3865 3670 3911 mortuos.

2085 3958 2153 4012 Et
2214 3960 2270 4012 in
2332 3957 2594 4028 Spiritum
2674 3960 2943 4019 sanctum,
3015 3960 3260 4006 sanctam
3317 3950 3670 4015 Ecclesium,

2081 4049 2462 4103 Remissionem
2515 4054 2883 4116 peccatorum.
2944 4042 3143 4099 Carnis
3192 4043 3669 4104 resurrectionem,

2086 4143 2259 4196 Vitam
2296 4148 2593 4213 ,urtcrnam.
2630 4157 2649 4191 ι
2686 4137 2943 4207 Quinque
2978 4136 3205 4206 adjecta:
3232 4148 3396 4190 voces
3430 4148 3673 4191 enume-

2082 4244 2296 4288 rantur;

2155 4325 2408 4379 Veterem
2444 4321 2858 4392 Hispanicarum
2885 4320 3261 4376 Ecclesiarum
3280 4319 3525 4391 Symboli
3551 4319 3676 4373 ior-

2082 4416 2309 4479 mulatn,
2344 4428 2509 4484 quam
2543 4415 2781 4483 majores
2816 4411 3196 4475 tradiderant,
3231 4413 3466 4467 recitant
3494 4411 3671 4467 Ethe-

2084 4510 2197 4561 rius
2213 4509 2511 4577 episeopus
2536 4505 2883 4572 Uxamensis,
2903 4515 2959 4561 et
2986 4504 3189 4560 Beatus
3211 4505 3496 4576 presbyter
3516 4506 3669 4576 ejus,

394 4572 642 4640 scripsit.
673 4574 786 4629 Cur
818 4575 964 4630 enim
1003 4578 1187 4632 unitas
1215 4579 1469 4635 violanda
1498 4583 1661 4643 foret.
1691 4600 1816 4639 cum
1853 4601 1959 4640 una

2080 4598 2222 4651 libro
2252 4572 2301 4663 -ι,
2330 4572 2593 4650 Adversus
2628 4594 2956 4663 Elipandum
2977 4572 3457 4664 archiepiscopum
3499 4572 3673 4648 Tole-

393 4664 700 4736 eademque
739 4676 890 4724 esset
941 4668 1078 4727 lides
1108 4672 1380 4741 omnium,
1406 4677 1507 4729 etsi
1534 4690 1656 4729 eam
1681 4678 1773 4732 alii
1808 4690 1974 4750 atque

393 4758 486 4815 alii
517 4759 709 4829 paucis
755 4775 851 4816 aut
885 4763 1140 4831 pluribus
1173 4766 1403 4821 vocibus
1451 4768 1756 4824 etIerrent?
1802 4772 1978 4829 Erant

392 4852 601 4921 quippe
646 4852 915 4908 clariores
963 4853 1233 4908 duntaxat
1277 4860 1589 4916 communis
1644 4873 1812 4917 recta!
1847 4863 1975 4920 ﬁdei

392 4942 837 5010 declaratioues;
886 4962 1009 5016 quae
1067 4948 1396 5003 necessaria:
1422 4950 1625 5008 alicubi
1678 4954 1809 5010 visa:
1860 4959 1980 5010 l’ue-

394 5045 542 5097 rant,
580 5045 640 5089 ut
677 5038 959 5091 communi
990 5037 1257 5110 Symbolo
1292 5040 1702 5112 insererentur,
1736 5049 1803 5102 ad
1849 5065 1978 5103 sur-

392 5138 586 5196 gentes
619 5144 721 5199 pro
768 5140 1016 5201 tempore
1065 5131 1305 5189 haereses
1352 5137 1546 5205 procul
1602 5138 1902 5209 abigendas
1948 5159 1977 5196 a

394 5232 580 5279 mente
614 5221 1100 5279 Christilidclium.
1148 5227 1357 5283 Eodem
1396 5230 1451 5283 in
1484 5230 1745 5301 Africana
1789 5234 1980 5291 Eccle-

396 5317 478 5372 sia
512 5310 749 5375 consilio
785 5319 1156 5389 simpliciores
1186 5322 1429 5391 viguisse
1460 5326 1721 5393 primum,
1770 5331 1985 5383 auctio-

396 5426 598 5481 rcsque
643 5421 835 5482 postea
880 5414 933 5468 in
990 5430 1091 5468 usu
1152 5415 1364 5485 positas
1413 5431 1536 5472 esse
1586 5417 1977 5490 Sytnbolornm

308 5546 322 5561 .
396 5505 684 5571 formulas,
736 5505 1078 5562 addiscimus
1118 5524 1185 5563 ex
1215 5506 1491 5580 Cypriano
1555 5520 1611 5565 et
1645 5515 1976 5581 Augustino.

398 5596 495 5658 ille
528 5600 581 5653 in
643 5600 879 5670 cpistola
927 5604 993 5657 ad
1035 5600 1313 5671 Magnum,
1359 5603 1428 5658 69
1459 5606 1512 5659 in
1543 5607 1789 5662 editione
1840 5607 1986 5663 Oxo-

402 5691 604 5753 niensi,
643 5702 698 5746 et
746 5691 901 5762 juxta
954 5692 1255 5753 Pamelium
1299 5692 1385 5759 76,
1438 5694 1552 5749 haec
1602 5695 1818 5751 habet:
1867 5715 1886 5747 s
1925 5695 1980 5750 Si

400 5787 603 5857 aliquis
631 5785 762 5841 illud
807 5785 1061 5856 opponit,
1107 5794 1163 5841 et
1213 5785 1405 5840 dicat:
1443 5786 1982 5846 EamdemNovatia-

406 5897 538 5946 3,qu
568 5881 744 5956 legem
781 5893 990 5949 tenere,
1024 5897 1189 5959 quam
1222 5882 1469 5947 Ecclesia
1502 5882 1776 5939 catholica
1809 5892 1979 5953 tenet,

2079 4703 2289 4754 tanunt,
2336 4705 2487 4743 anno
2535 4688 2741 4745 Christi
2775 4687 2882 4742 785
2953 4687 3253 4742 confecto:
3299 4705 3317 4737 ι
3359 4686 3673 4756 Surgamus

2077 4796 2211 4853 ergo
2246 4797 2372 4834 cum
2423 4780 2560 4849 ipsis
2588 4779 2887 4849 apostolis,
2923 4791 2981 4834 et
3018 4778 3143 4834 lidei
3182 4788 3383 4833 nostra:
3420 4778 3671 4848 Symbo-

2080 4874 2389 4944 lutu,-qnod
2426 4873 2776 4929 tradiderunt
2806 4872 2969 4927 nobis
2993 4872 3146 4927 brevi
3179 4872 3534 4941 compendio,
3568 4887 3669 4927 re.

2078 4972 2387 5022 citemus...
2419 4965 2601 5020 Credo
2640 4965 2693 5018 in
2731 4965 2901 5018 Deum
2939 4965 3156 5019 Patrem
3197 4964 3672 5033 omnipotentem.

2081 5061 2147 5114 Et
2183 5060 2236 5113 in
2264 5059 2450 5116 Jesum
2475 5059 2781 5121 Christum,
2804 5038 3002 5113 Filium
3036 5057 3158 5126 ejus
3189 5058 3435 5123 unicum,
3463 5057 3669 5125 Deum,

2079 5168 2134 5211 et
2167 5154 2463 5208 Dominum
2521 5162 2797 5207 nostrum.
2838 5151 2943 5218 Qui
2995 5161 3159 5206 natus
3185 5161 3268 5205 est
3314 5150 3383 5205 de
3450 5150 3672 5220 Spiritu

2081 5254 2275 5301 sancto
2299 5260 2366 5301 es
2400 5245 2568 5299 Maria
2596 5242 2847 5314 Virgine.
2880 5244 3075 5298 Passus
3099 5242 3203 5296 sub
3225 5243 3419 5297 Pontio
3458 5243 3673 5310 Pilato,

2082 5336 2400 5401 cruciﬁxus,
2425 5345 2483 5389 et.
2511 5334 2781 5402 sepultus.
2813 5333 3089 5387 Descendit
3117 5334 3186 5386 ad
3213 5332 3443 5402 inferna.
3473 5332 3678 5387 Tertia

2083 5432 2171 5485 die
2206 5427 2509 5485 resurrexit
2535 5429 2680 5490 uiuus
2713 5443 2742 5481 a
2775 5426 3029 5483 mortuis.
3063 5414 3324 5484 Ascendit
3358 5425 3425 5478 ad
3462 5426 3668 5491 celos,

2086 5522 2243 5576 sedet
2272 5519 2340 5574 ad
2386 5520 2675 5575 dexteram
2721 5520 2815 5574 Dei
2861 5520 3043 5574 Patris
3091 5521 3482 5586 omnipotentis.
3532 5520 3677 5574 lude

2086 5624 2360 5668 venturus
2391 5620 2477 5667 est
2513 5611 2761 5681 judicare
2798 5611 2971 5676 vivos,
3000 5621 3056 5665 et
3086 5619 3353 5664 mortuos.
3381 5610 3566 5664 Credo
3610 5613 3677 5668 in

2086 5701 2356 5773 Spiritum
2389 5715 2664 5766 sanctum,
2694 5711 2941 5757 sanctam
2982 5701 3283 5757 Ecclesiam
3318 5701 3676 5769 catholicam,

2088 5796 2470 5852 remissionem
2505 5797 2742 5850 omnium
2790 5808 3162 5865 peccatorum,
3194 5794 3377 5849 carnis
3410 5810 3639 5851 rcsurro
3666 5829 3677 5837 -

2088 5888 2366 5955 ctioncm,
2420 5898 2465 5941 et
2516 5886 2676 5943 ritum
2723 5900 2999 5945 (τίει-παρη.
3051 5890 3247 5943 Amen.
3300 5906 3315 5937 ι
3367 5888 3689 5944 Ecclesiam
