3852 6458
164 412 250 479 149

1262 424 1464 487 VlTA.
1505 443 1574 462 ⁸·-
1614 425 2128 491 DISSERTATIO
2170 429 2256 491 Il.

3291 416 3398 485 Ῑῖτο

160 525 373 580 instituit
399 526 564 582 Iesus
593 526 871 594 Christus,
895 530 1044 586 omni
1070 540 1350 601 patentem
1380 533 1617 611 nationi.
1646 534 1714 588 ad
1744 537 1790 595 Α
1820 537 1926 592 lam
1992 539 2274 594 existimat
2320 553 2441 594 eam
2485 535 2723 594 Iacobus
2769 533 3027 593 Usserius
3072 531 3127 586 in
3178 529 3396 585 Disser-

161 618 317 673 omnia
349 627 600 687 tempora
630 630 970 689 protensam,
992 631 1049 677 et
1071 624 1138 678 ad
1162 627 1345 681 omnia
1366 626 1482 681 loca
1513 644 1526 680 :
1563 628 1711 683 unde

163 727 249 766 ros
284 710 541 765 catholica
600 712 909 783 simplicem
966 716 1214 773 continet
1264 719 1707 788 explicationem.

160 803 329 857 Carent
352 820 415 857 ea
448 805 799 873 antiquiores
827 805 1078 862 formulae
1107 826 1118 862 :
1145 809 1500 879 additumque
1525 824 1712 880 postea

163 898 338 959 fuisse,
368 898 506 951 satis
559 898 771 954 iudicat
820 900 1162 970 Augustinus
1211 904 1355 958 libro
1410 904 1482 956 De
1527 903 1631 972 fide
1663 911 1713 957 et

163 987 380 1059 Symbolo
410 1004 431 1044 :
467 989 729 1045 Sanctam
779 991 1075 1049 Ecclesium
1101 1036 1116 1062 ,
1169 996 1427 1066 inquiens
1458 1036 1474 1062 ,
1534 996 1713 1066 utique

164 1086 474 1139 catholicam.

220 1175 335 1230 Haec
378 1180 438 1233 in
496 1177 799 1234 Occidente
848 1179 1089 1234 innocue
1146 1180 1556 1250 usurpabatur,
1619 1189 1715 1236 aut

165 1269 473 1338 simplicior,
511 1280 607 1326 aut
651 1272 867 1327 auctior
899 1272 1144 1341 Symboli
1189 1254 1566 1342 apostolorum
1598 1273 1714 1328 lor-

165 1360 307 1412 inula.
337 1360 442 1414 Par
498 1372 621 1417 erat
670 1362 1040 1417 Ecclesiarum
1082 1361 1309 1418 Orientis
1347 1363 1712 1418 consuetudo.

165 1451 300 1518 Quod
328 1451 400 1507 ibi
442 1452 797 1523 frequentius
843 1454 897 1507 in
930 1468 1034 1508 usu
1066 1465 1183 1510 erat
1217 1456 1561 1529 Symbolum,
1599 1456 1714 1509 Bu-

164 1544 286 1596 ﬁnus
320 1541 546 1597 exhibet
571 1544 694 1598 loco
726 1544 897 1607 citato
933 1562 946 1598 :
987 1564 1004 1596 ι
1042 1545 1220 1601 Credo
1253 1547 1305 1600 in
1353 1562 1515 1600 unum
1546 1547 1714 1600 Deum

164 1634 358 1690 Patrem
387 1638 851 1707 omnipotentem.
885 1638 950 1693 Et
983 1640 1037 1694 in
1068 1655 1234 1693 unum
1282 1640 1577 1695 Dominum
1619 1655 1717 1694 no-

166 1737 316 1783 strum
349 1729 540 1785 Iesum
577 1730 895 1795 Christum,
948 1732 1174 1793 unicum
1211 1732 1411 1789 Filium
1441 1734 1584 1805 ejus.
1611 1732 1717 1801 Qui

164 1832 304 1879 natus
328 1833 413 1879 est
443 1824 513 1879 de
545 1823 754 1894 Spiritu
783 1834 976 1881 sancto
1007 1843 1073 1881 ex
1108 1826 1277 1882 Maria
1307 1828 1553 1895 Virgine.
1577 1828 1715 1885 Cru-

1823 629 2030 686 tatione
2061 631 2129 685 de
2165 629 2481 703 Symbolis,
2513 645 2680 701 quam
2727 626 3095 684 Constantino
3153 624 3399 693 impera-

1825 722 1929 776 tori
1965 721 2288 778 obtulerunt
2321 724 2505 788 Arius,
2540 730 2597 777 et
2627 720 2907 784 Euwius,
2952 716 3242 788 presbyter
3280 714 3394 779 ille,

1821 830 1884 870 ac
1917 814 2019 870 iste
2060 815 2327 871 diaconus
2361 816 2610 889 ejusdem
2648 814 2934 879 Ecclesiae.
2968 809 3241 867 Referunt
3273 823 3395 862 eam

1822 902 2106 969 Socrates,
2142 906 2288 961 libro
2338 921 2377 971 ι,
2413 906 2593 976 capite
2622 905 2715 971 26,
2745 911 2796 961 et
2830 903 3198 963 Sozomenus,
3250 899 3397 954 libro

1822 1010 1880 1058 tt,
1911 996 2091 1065 capite
2125 996 2215 1051 27.
2258 1015 2276 1046 ο
2314 995 2609 1051 Credimus
2653 997 2709 1049 in
2761 1010 2932 1049 unum
2974 994 3144 1048 Deum
3177 982 3407 1046 Patrem

1822 1091 2285 1157 omnipotentem.
2337 1089 2409 1143 Et
2453 1089 2508 1142 in
2549 1089 2842 1142 Dominum
2876 1085 3062 1141 Iesum
3092 1083 3398 1146 Christum,

1824 1179 2024 1234 Filium
2056 1182 2176 1251 ejus
2199 1222 2214 1247 ,
2261 1182 2350 1251 qui
2381 1196 2447 1235 ex
2481 1197 2541 1234 eo
2576 1180 2747 1250 factus
2788 1186 2864 1234 est
2905 1179 2999 1249 (al.
3031 1178 3240 1249 genitus
3275 1179 3394 1240 est),

1824 1278 1949 1326 ante
1979 1272 2159 1326 omnia
2190 1270 2409 1337 stecula,
2447 1270 2612 1326 Deum
2643 1270 2885 1333 Verbum,
2915 1284 3009 1338 per
3030 1283 3185 1338 quem
3219 1263 3399 1321 omnia

1823 1365 1966 1434 facta
1996 1372 2145 1427 sunt,
2174 1379 2291 1434 qua
2316 1364 2371 1417 in
2396 1361 2529 1417 calo
2556 1372 2607 1416 et
2631 1376 2747 1433 qua:
2776 1362 2829 1416 in
2858 1371 3028 1416 terra.
3058 1359 3158 1425 Qui
3188 1359 3400 1412 descen-

1823 1458 1901 1511 dit
1941 1465 1991 1510 et
2019 1458 2330 1511 incarnatus
2358 1466 2453 1512 est.
2480 1456 2587 1524 Qui
2625 1470 2824 1526 passus
2851 1464 2955 1521 est,
2985 1462 3039 1509 et
3070 1450 3396 1516 resurrexit,

1823 1555 1879 1600 et
1912 1547 2162 1602 ascendit
2207 1548 2275 1603 ad
2331 1548 2525 1613 caelos,
2569 1557 2627 1603 et
2676 1547 2877 1603 iterum
2909 1556 3184 1601 venturus
3228 1551 3316 1598 est
3343 1553 3402 1596 ut

1822 1639 2032 1709 iudicet
2064 1640 2222 1695 vivos
2253 1648 2310 1695 et
2341 1651 2612 1697 mortuos.
2644 1640 2711 1696 Et
2743 1639 2797 1694 in
2826 1638 3094 1709 Spiritum
3118 1645 3397 1691 sanctum.

1825 1732 1883 1786 In
1910 1732 2092 1785 carnis
2133 1732 2625 1801 resurrectipnem,
2658 1741 2710 1788 et
2760 1732 2815 1785 in
2845 1732 3009 1786 vitam
3044 1727 3263 1784 venturi
3294 1742 3390 1782 sm-

1826 1823 1956 1877 culi.
1987 1823 2056 1877 Et
2100 1823 2153 1877 in
2187 1838 2352 1877 unam
2381 1824 2713 1878 catholicam
2758 1824 2854 1878 Dei
2889 1821 3193 1878 Ecclesiam
3224 1859 3240 1885 ,
3277 1834 3401 1890 qua:

165 1915 333 1973 ciﬁxus
365 1918 468 1975 sub
497 1918 695 1975 Pontio
741 1917 943 1986 Pilato,
988 1930 1044 1976 et
1073 1919 1342 1990 sepultus.
1380 1921 1566 1977 Tertia
1628 1921 1719 1977 die
1754 1904 1792 1958 Β
1822 1929 1851 1968 a
1882 1914 2078 1984 primis
2108 1914 2435 1970 cardinibus
2478 1914 2549 1969 ad
2603 1914 2834 1969 ultimos
2885 1920 3062 1983 usque
3123 1922 3401 1968 terrarum

166 2008 445 2062 resurrexit
475 2023 505 2063 a
541 2010 796 2064 mortuis.
831 2010 1097 2065 Ascendit
1145 2010 1201 2065 in
1236 2012 1432 2077 ‘cmlos,
1463 2011 1617 2067 sedet
1648 2011 1715 2067 ad

166 2104 420 2156 desieram
448 2100 654 2157 Patris.
690 2102 820 2158 lude
855 2112 1122 2159 venturus
1152 2114 1238 2160 est
1263 2105 1516 2174 judicare
1543 2105 1714 2173 \ivos,

165 2203 210 2247 et
234 2206 493 2248 mortuos.
522 2193 596 2266 Et
625 2196 680 2246 in
726 2195 997 2263 Spiritum
1029 2204 1582 2262 sanctum,-sanctam
1620 2195 1721 2249 Ec-

167 2286 389 2353 clesiam,
439 2288 824 2347 remissionem
879 2298 1259 2358 peccatorum,
1312 2289 1499 2345 carnis
1530 2304 1716 2343 resur-

168 2380 470 2434 rectionem.
524 2397 543 2432 ι
598 2380 792 2434 Ruﬁni
850 2382 1367 2437 animadversiones
1411 2382 1618 2453 accipe.
1671 2382 1716 2434 l.

169 2469 381 2527 Orientis
425 2472 682 2528 Ecclesia:
715 2476 825 2543 fere
856 2491 1033 2531 omnes
1068 2477 1149 2530 ita
1203 2476 1417 2530 tradunt
1446 2491 1464 2530 :
1496 2495 1514 2529 ‹
1553 2476 1718 2531 Credo

166 2566 328 2618 inuno
367 2565 471 2620 Deo
508 2565 675 2623 Patre
704 2569 1081 2635 omnipotente.
1127 2588 1146 2621 ι
1186 2568 1252 2624 Et
1292 2586 1502 2624 rursum
1548 2570 1603 2624 in
1632 2586 1716 2623 sc-

167 2660 323 2727 quenti
378 2676 619 2716 sermone
645 2701 660 2727 ,
728 2680 746 2713 ι
788 2660 858 2715 Et
891 2663 944 2715 in
976 2662 1101 2717 Iesu
1133 2664 1341 2718 Christo
1383 2665 1534 2719 unico
1574 2661 1719 2717 Filio

166 2751 261 2818 ejus
297 2751 516 2807 Domina
549 2766 750 2821 nostra,
794 2775 811 2807 ι
846 2758 924 2809 ita
946 2755 1026 2809 illi
1056 2756 1316 2811 tradunt:
1362 2774 1380 2809 ι
1422 2756 1491 2810 Et
1527 2758 1583 2810 in
1614 2774 1719 2811 uno

171 2843 372 2898 Domino
408 2857 589 2901 nostra
649 2846 775 2901 Iesu
835 2846 1044 2904 Christo
1105 2850 1264 2902 unico
1320 2844 1461 2902 filio
1513 2852 1646 2918 (jus.
1699 2868 1718 2911 η

171 2936 324 2993 Unum
359 2942 553 2994 scilicet
605 2941 795 3005 Deum,
869 2950 917 2995 et
991 2959 1153 2996 unum
1217 2941 1375 3015 146
1441 2942 1720 2995 Dominum

167 3036 428 3085 secundum
445 3038 816 3089 auctoritatem
838 3035 998 3089 Pauli
1015 3035 1241 3105 apostoli
1262 3035 1601 3106 proﬁtentes:
1623 3018 1716 3089 sed

170 3125 224 3175 de
253 3126 345 3179 hoc
374 3126 429 3180 in
466 3130 804 3197 sequentibus
836 3128 961 3182 locis
991 3137 1308 3199 repetemus.
1339 3129 1396 3183 2.
1437 3128 1719 3183 Scieiolum

166 3230 275 3268 sane
306 3224 405 3281 est,
434 3218 574 3285 quod
606 3218 659 3270 in
687 3216 937 3273 Ecclesia:
966 3216 1221 3273 Romana:
1238 3217 1487 3288 Symbolo
1505 3234 1609 3271 non
1625 3218 1723 3271 Ita-

168 3311 299 3361 betur
322 3310 584 3376 additum,
622 3328 641 3363 ‹
684 3310 961 3365 Descendit
990 3313 1060 3365 ad
1099 3312 1394 3381 infernam
1419 3311 1512 3366 sed
1552 3326 1721 3381 neque

169 3400 215 3454 in
241 3400 460 3455 Orientis
484 3400 733 3456 Ecclesia
756 3400 1004 3472 Symbolo
1030 3401 1253 3456 habetur
1279 3401 1361 3454 hic
1392 3416 1587 3455 sermo.
1618 3400 1719 3454 Ba-

168 3491 367 3546 luziana
416 3493 623 3546 utimur
645 3492 914 3547 editione.
942 3492 1336 3546 Animadverte
1381 3492 1548 3546 verba
1588 3491 1678 3545 illa
1705 3511 1718 3547 :

170 3582 321 3637 Credo
350 3585 401 3637 in
432 3599 537 3638 uno
574 3583 680 3637 Deo
716 3583 880 3637 Patre
907 3584 1291 3651 oumipotente,
1316 3583 1558 3653 itemque
1590 3583 1720 3637 illa:

170 3684 211 3728 et
244 3679 294 3729 in
321 3676 444 3730 Iesu
474 3677 689 3732 Christo
727 3678 880 3733 unico
920 3676 1061 3732 Filio
1095 3680 1209 3749 eius
1244 3696 1257 3733 :
1292 3695 1413 3749 quae
1443 3681 1507 3731 ab
1538 3676 1723 3734 Orien-

172 3769 226 3821 tis
252 3767 492 3823 Ecclesiis
524 3769 634 3838 {ere
660 3770 905 3824 omnibus
956 3770 1098 3823 tradi
1141 3770 1426 3825 dicuntur.
1454 3769 1573 3825 Jam
1606 3769 1718 3822 col-

168 3861 284 3932 ligo,
323 3863 544 3917 modum
599 3862 754 3917 illum
805 3864 1174 3929 enuntiandi,
1230 3864 1274 3918 si
1333 3864 1571 3933 viguerit
1625 3878 1726 3915 un-

169 3969 333 4022 quam,
359 3971 647 4024 perperam
669 3956 739 4009 ab
762 3955 1086 4009 adnotatorc
1110 3956 1320 4009 dictum
1345 3954 1518 4009 fuisse
1544 3953 1725 4008 Eccle-

169 4047 250 4102 sia:
273 4049 619 4117 Aquileiensis
645 4049 1007 4120 peculiarem.
1038 4047 1249 4120 Colligo
1279 4048 1506 4107 deinde.
1540 4047 1727 4104 veriu--

172 4153 270 4191 rem
302 4140 598 4195 lectionem
640 4155 798 4206 esse,
830 4141 885 4193 in
924 4139 1091 4193 Deum
1144 4138 1388 4204 Patrem,
1439 4139 1496 4193 in
1540 4137 1721 4197 Iesum

170 4227 436 4295 Christum,
470 4234 526 4287 in
552 4231 814 4300 Spiritum
848 4240 1093 4286 sanctum
1121 4248 1139 4287 :
1178 4248 1305 4289 cum
1333 4230 1522 4289 Graeca
1548 4231 1719 4304 Sym-

169 4320 280 4376 bula
309 4324 544 4381 habeant
568 4326 649 4387 sl;
673 4325 809 4379 8va
833 4365 850 4392 ,
883 4326 965 4389 εἰς
1016 4325 1252 4399 Χριστὸν
1285 4324 1520 4395 Ἰησοῦν,
1548 4329 1628 4390 εἰς
1660 4324 1723 4379 τὸ

169 4414 307 4483 ἅγιον
339 4417 584 4489 Πνεῦμα.

227 4508 339 4563 Non
367 4512 625 4566 omnibus
650 4550 664 4576 ,
713 4511 809 4567 sed
845 4514 956 4583 fere
984 4513 1223 4569 omnibus
1258 4512 1500 4569 Orientis
1530 4511 1721 4566 Eccle-

1750 3260 1792 3317 C

1823 2004 1960 2058 lines
1991 2004 2312 2072 porrigitur.
2358 2023 2376 2056 ι
2413 2004 2611 2060 Nullus
2660 2018 2761 2074 ego
2801 2001 3204 2064 dubitaverim,
3256 2000 3400 2053 hanc

1824 2094 1949 2151 ﬁdei
1978 2095 2269 2149 formulam
2300 2095 2368 2149 ab
2401 2095 2535 2151 Ario
2571 2095 2901 2150 instructam
2943 2110 2958 2147 :
2993 2092 3062 2148 ab
3101 2105 3281 2162 eoque
3309 2088 3397 2145 Ni-

1823 2186 1959 2242 ca-ni
1991 2187 2259 2259 Symboli,
2297 2188 2451 2259 quod
2476 2189 2587 2261 jam
2621 2188 2828 2243 editum
2862 2186 3083 2251 fuerat,
3116 2190 3399 2253 assumpta

1823 2282 2070 2353 quaedam
2102 2281 2507 2347 additamenta,
2541 2297 2649 2336 non
2679 2282 2866 2337 omnia
2892 2280 3228 2348 fuisse,quat
3248 2275 3401 2333 scili-

1823 2383 1911 2431 cet
1947 2376 2203 2441 bzcresim
2233 2377 2354 2445 ejus
2387 2374 2594 2430 clarius
2627 2372 3010 2445 proﬂigabunt.

1899 2468 2054 2542 147
2088 2468 2366 2525 Orientale
2390 2483 2689 2525 commune
2720 2468 3032 2523 adhibitum
3066 2465 3122 2521 in
3155 2465 3402 2523 Ecclesia

1827 2560 2314 2632 Hierosolymitana
2355 2560 2677 2632 Symbolum
2707 2600 2722 2628 ,
2771 2560 2956 2629 colligi
2990 2575 3151 2630 posse
3189 2575 3254 2621 ex
3289 2558 3405 2614 Ru-

1826 2656 1935 2710 fino
1960 2656 2203 2723 videtur,
2223 2655 2316 2725 qui
2342 2670 2469 2709 cum
2499 2654 2574 2709 ibi
2600 2654 2787 2709 sedem
2814 2652 3074 2715 habuerit
3102 2662 3183 2707 tot
3204 2668 3399 2719 annos,

1823 2749 2231 2817 discrepantias
2266 2747 2463 2818 utique
2512 2746 2836 2802 adnotasset
2877 2745 2924 2800 si
2965 2760 3089 2815 quae
3138 2743 3400 2800 fuissent.

1824 2840 1997 2895 Nemo
2029 2842 2229 2908 nescit,
2259 2839 2568 2911 Liturgiam
2597 2838 2787 2895 Jacobi
2819 2839 3008 2894 fratris
3036 2838 3278 2903 Domini,
3308 2839 3400 2909 qui

1823 2934 2135 2989 Ecclesiam
2177 2934 2329 2988 illam
2381 2932 2813 2998 administravit,
2866 2931 3162 3004 genuinam
3193 2931 3260 2986 ad
3302 2947 3403 2988 nos

1823 3043 1934 3083 non
1970 3027 2313 3097 pervenisse.
2338 3027 2409 3082 At
2436 3026 2852 3097 supposititium
2886 3023 3400 3090 totum,etomnino

1824 3119 2073 3189 spuiinm
2103 3118 2277 3174 fetum
2301 3133 2449 3187 esse,
2482 3117 2631 3188 quod
2676 3119 2781 3173 sub
2804 3116 2994 3183 Jacobi
3026 3114 3189 3170 titulo
3223 3113 3402 3168 fertur

1824 3215 2141 3286 liturgicum
2181 3230 2341 3285 opus,
2369 3217 2717 3268 contendunt
2744 3226 2879 3271 sane
2924 3208 3274 3273 lteterodoxi,
3302 3207 3404 3262 mi-

1826 3308 1974 3363 nime
2003 3307 2261 3378 probant,
2299 3316 2358 3362 ut
2387 3308 2465 3362 ait
2510 3305 2785 3362 Eusebius
2818 3302 3219 3368 Renaudotius,
3253 3310 3402 3356 tomo

1823 3397 1845 3457 l
1896 3399 2299 3471 Liturgiarum,
2334 3398 2389 3453 in
2423 3397 2821 3453 Dissertatione
2861 3394 3042 3467 capite
3070 3395 3124 3453 ι.
3152 3394 3404 3465 interpo-

1822 3491 1932 3546 lata
1965 3491 2168 3549 dixerit
2197 3491 2441 3562 prudens
2474 3506 2660 3556 nemo,
2690 3506 2812 3560 qua:
2850 3489 3096 3561 Symboli
3128 3487 3295 3543 verba
3325 3485 3404 3544 ibi

1827 3583 2122 3639 traduntur
2155 3600 2168 3636 :
2197 3598 2394 3654 nempe
2416 3622 2431 3648 ,
2466 3581 2634 3639 Credo
2666 3582 2721 3636 in
2774 3598 2938 3635 unum
2989 3579 3155 3635 Deum
3185 3576 3403 3633 Patrem

1825 3679 2258 3747 omnipotentem,
2298 3658 2556 3745 factorem
2588 3673 2704 3728 caeli
2738 3682 2786 3727 et
2816 3683 2992 3729 terrae.
3028 3671 3098 3726 Et
3139 3673 3195 3725 in
3235 3686 3403 3724 unum

1825 3769 2112 3824 Dominum
2139 3769 2321 3823 Iesum
2367 3766 2631 3835 Christum
2666 3765 2866 3820 Filium
2913 3764 3031 3820 Dei.
3081 3763 3148 3817 Et
3197 3762 3404 3832 reliqua

1824 3862 2062 3934 Symboli
2090 3863 2237 3933 ﬁdei.
2272 3861 2601 3926 Dolendum,
2635 3860 2751 3914 haec
2779 3857 3072 3914 excidisse.
3110 3856 3241 3924 Quae
3271 3870 3402 3911 vero

1825 3956 2057 4021 iuerint,
2104 3955 2270 4024 paulo
2310 3956 2570 4024 superius
2617 3951 2933 4007 indicantur
2971 3967 2988 4005 :
3026 3969 3044 4002 ‹
3078 3948 3287 4004 Deinde
3319 3948 3401 4011 le-

1825 4060 2030 4121 guntur
2052 4048 2331 4105 lusissime
2357 4048 2581 4109 oracula
2607 4062 2766 4101 sacra
2794 4043 3009 4101 Veteris
3031 4043 3397 4106 Testamenti,

1823 4153 1881 4198 et
1917 4142 2321 4212 Prophetarum
2360 4148 2463 4195 :et
2492 4135 2621 4193 Filii
2668 4137 2763 4191 Dei
2810 4134 3124 4190 Incarnatio
3171 4133 3402 4191 demon-

1823 4243 2054 4299 stratur,
2083 4233 2299 4300 Passio,
2348 4232 2679 4286 llesurrectio
2736 4247 2800 4284 ex
2861 4230 3106 4293 mortuis,
3142 4228 3403 4284 Ascensus

1823 4327 1880 4380 in
1924 4324 2143 4397 calum,
2186 4324 2444 4380 secundus
2489 4332 2749 4395 praeterea
2803 4322 3058 4376 adventus
3107 4325 3223 4390 ejus
3278 4332 3403 4374 cum

1823 4421 2021 4492 gloria.
2067 4439 2087 4473 δ
2140 4419 2202 4474 ln
2251 4419 2339 4474 bis
2384 4416 2665 4474 Orientale
2722 4415 3046 4489 Symbolum
3108 4427 3403 4470 commune

1826 4530 1990 4571 nemo
2036 4529 2143 4568 non
2180 4512 2349 4568 videt.
2406 4500 2413 4511 ’

169 4601 254 4656 siis
276 4604 409 4658 banc
439 4604 614 4661 fuisse
646 4620 998 4663 communem
1042 4607 1288 4678 Symboli
1321 4608 1581 4671 formam,
1610 4606 1723 4660 Ru-
1755 4615 1802 4674 ι)
1901 4603 2450 4675 Hicrosolymitanam
2471 4602 2636 4656 aliam
2661 4600 2882 4672 profero
2903 4600 3402 4670 formulam,quam

172 4693 298 4747 ﬁnus
322 4696 499 4752 docet.
532 4698 929 4755 Additamento
978 4699 1136 4753 unius
1186 4707 1337 4753 caret
1386 4699 1480 4752 illa
1508 4739 1523 4764 ,
1558 4710 1721 4766 quam

170 4787 301 4841 .lulio
322 4790 568 4846 lloniano
590 4793 838 4862 pontifici
863 4793 1068 4847 obtulit
1096 4791 1384 4846 Marcellus
1407 4792 1724 4860 Ancyranus

171 4881 298 4944 apud
330 4881 723 4951 Epiphaniam,
772 4886 966 4942 lueresi
1003 4885 1072 4938 72
1098 4924 1112 4950 ,
1163 4900 1319 4939 num.
1352 4885 1385 4938 5
1419 4902 1432 4938 :
1462 4882 1631 4938 Credo
1667 4883 1722 4949 in

174 4971 328 5025 Deum
356 4978 788 5046 omnipotentem.
826 4978 896 5033 Et
931 4980 985 5031 in
1020 4977 1291 5033 Christum
1328 4977 1529 5042 Iesum,
1562 4977 1724 5046 ipsius

175 5060 358 5120 Filium
390 5071 741 5138 unigenitum,
777 5069 1064 5124 Dominum
1098 5079 1357 5131 nostrum,
1390 5070 1627 5140 genitum
1662 5065 1726 5119 de

175 5155 367 5225 Spiritu
398 5173 605 5226 sancto,
656 5174 706 5217 et
761 5162 944 5217 Maria
980 5163 1209 5234 Virgine.
1251 5161 1352 5228 Qui
1389 5161 1482 5217 sub
1534 5160 1725 5215 Pontio

172 5249 337 5303 l'ilato
368 5253 650 5321 cruciﬁxus
678 5264 753 5308 est
780 5294 798 5320 ,
846 5264 896 5308 et
928 5255 1186 5325 sepultus.
1227 5252 1296 5307 Et
1333 5254 1491 5306 tertia
1522 5252 1605 5305 die
1640 5267 1725 5303 re-

172 5347 384 5399 surrexit
417 5364 449 5400 a
493 5348 739 5402 mortuis.
778 5348 1024 5403 Ascendit
1053 5349 1106 5402 in
1133 5346 1344 5410 caelum,
1392 5355 1441 5401 et
1470 5348 1614 5400 sedet
1656 5344 1726 5399 ad

174 5438 423 5491 dexteram
458 5438 666 5494 Patris.
712 5437 860 5492 Unde
889 5451 1136 5493 uenturus
1176 5446 1253 5493 est
1286 5438 1536 5509 judicare
1564 5437 1721 5502 viros,

173 5534 213 5575 et
236 5537 476 5583 mortuos.
509 5528 575 5583 Et
600 5532 655 5583 in
688 5527 948 5599 Spiritum
977 5538 1240 5595 sanctum,
1269 5537 1512 5583 sanctam
1540 5526 1727 5582 Eccle-

174 5614 316 5676 sium.
353 5619 716 5672 remissionem
750 5632 1108 5688 peccatorum,
1160 5621 1337 5674 carnis
1386 5619 1729 5672 resurrectio-

177 5717 300 5768 nem,
320 5707 478 5760 vitam
509 5717 788 5763 a’ternam.
824 5708 955 5774 Quae
986 5718 1260 5779 postrema
1290 5709 1399 5764 duo
1426 5709 1590 5763 verba
1619 5724 1725 5773 non

176 5809 421 5864 apparent
455 5799 509 5853 in
549 5798 818 5855 Οιίιιηωιὶ
843 5790 1127 5856 communi
1165 5800 1443 5873 Symbolo.

246 5888 410 5947 Veluti
438 5892 775 5964 pewliarcm
817 5892 1193 5949 Alexandrina:
1234 5892 1479 5951 Ecclesia
1513 5896 1727 5950 furinu-

1827 4713 1895 4752 ex
1927 4696 2117 4767 Cyrilli
2148 4694 2641 4766 llierosolymitani
2673 4693 3078 4749 Catecliesibus
3111 4692 3400 4747 collectam

1828 4790 2104 4846 Antonius
2145 4788 2492 4859 Augustinus
2550 4785 2749 4843 'l‘uttée
2809 4784 3045 4856 subjecit
3114 4783 3403 4839 Catecbesi

1828 4883 2035 4953 quiutm
2066 4879 2382 4936 :Credimus
2411 4882 2464 4935 in
2496 4895 2662 4933 unum
2692 4878 2887 4941 Deum,
2919 4876 3139 4930 Patrem
3170 4875 3407 4942 omnipo-

1830 4983 2045 5038 tentem,
2089 4974 2342 5043 {actorem
2384 4972 2501 5027 caeli
2526 4981 2575 5025 et
2614 4981 2788 5035 terrte,
2835 4966 3121 5023 visibilium
3168 4968 3403 5022 omnium

1830 5077 1876 5121 et
1906 5065 2268 5120 invisibiliuin.
2305 5055 2374 5117 Et
2425 5064 2482 5116 in
2516 5077 2680 5115 unum
2712 5060 2995 5115 Dominum
3036 5057 3219 5114 Iesum
3250 5057 3403 5113 Chri-

1828 5169 1989 5221 stum,
2015 5156 2214 5211 Filium
2256 5155 2351 5209 Dei
2379 5154 2704 5224 unigenitum
2734 5165 2752 5203 :
2779 5152 2869 5222 qui
2897 5167 2961 5206 ea:
3002 5150 3166 5206 Patre
3193 5152 3402 5219 genitus

1830 5259 1906 5306 est
1940 5249 2075 5305 Deus
2101 5264 2252 5303 verus
2292 5260 2418 5301 ante
2449 5246 2629 5300 omnia
2655 5242 2874 5310 scecula,
2909 5261 3003 5314 per
3027 5262 3179 5317 quem
3223 5245 3404 5299 omnia

1831 5347 1977 5415 facta
2013 5351 2158 5396 sunt.
2203 5339 2305 5406 Qui
2337 5342 2391 5393 in
2422 5355 2583 5393 carne
2619 5339 2862 5403 advenit,
2915 5348 2964 5393 et
3018 5339 3405 5393 inhumanatns

1830 5445 1929 5503 est,
1957 5452 2019 5490 ex
2060 5436 2272 5504 Virgine
2307 5444 2353 5487 et
2395 5432 2600 5505 Spiritu
2631 5444 2840 5488 sancto.
2883 5432 3180 5502 Cruci/imus
3204 5474 3218 5497 ,
3248 5442 3295 5485 ct
3328 5448 3405 5485 se-

1831 5528 2028 5600 pultus.
2063 5526 2366 5581 Resurrexit
2404 5529 2562 5581 tertia
2595 5527 2698 5580 die.
2751 5523 2820 5580 Et
2859 5525 3094 5580 ascendit
3126 5525 3182 5577 in
3227 5526 3403 5584 cwlos.

1832 5632 1878 5675 et
1911 5624 2143 5675 consedit
2176 5639 2207 5674 a
2238 5622 2438 5675 dextris
2475 5620 2677 5674 Patris.
2722 5619 2792 5673 Et
2817 5630 3066 5674 venturus
3102 5629 3176 5673 est
3207 5623 3259 5673 in
3297 5619 3408 5689 gl.)-

1834 5715 1913 5767 ria
1939 5713 2189 5783 judicare
2216 5714 2377 5779 viros,
2408 5721 2455 5765 et
2492 5721 2723 5781 mortuos
2758 5730 2771 5765 :
2801 5711 2950 5781 cujus
2989 5713 3136 5782 regni
3165 5726 3268 5763 non
3307 5713 3408 5762 erit

1832 5807 1971 5876 ﬁnis.
2023 5804 2088 5858 Et
2140 5806 2193 5858 in
2240 5821 2400 5858 unum
2426 5813 2669 5858 sanctum
2721 5802 2985 5869 Spiritum
3039 5801 3402 5870 I’aracletnm,

1834 5899 1921 5969 qui
1956 5897 2156 5951 loculus
2196 5906 2270 5950 est
2313 5896 2676 5965 inprophetis.
2734 5894 2800 5950 Et
2842 5896 2893 5948 in
2929 5911 3093 5950 unum
3142 5892 3405 5962 baptisma
