3852 6468
413 404 515 474 151

1337 413 1668 476 GEORGII
1711 418 1973 482 CYPRII
2015 423 2130 488 (ΖΡ.
2170 426 2686 490 PATRIARCILE

3587 434 3690 503 152

408 531 759 596 purulentus,
787 531 842 579 in
876 526 1235 581 remissionem
1264 539 1622 598 peccatorum.
1646 530 1717 586 Et
1754 537 1805 589 in
1833 553 1996 593 unam
2027 550 2068 604 Α
2099 541 2578 608 Quemadmodum
2637 562 2772 600 vero
2829 545 3075 615 adiectas
3149 547 3469 619 huiusmodi
3523 566 3688 606 voces

407 629 652 673 sanctam
681 619 1001 675 catholicam
1024 619 1344 704 Ecclesium.
1374 622 1440 677 Et
1471 627 1524 677 in
1544 629 1723 680 carnis
1751 645 1992 684 resurre-

409 712 663 777 ctiorem,
696 724 746 766 et
777 715 830 767 in
863 714 1028 767 vitam
1062 722 1345 769 cternam.
1379 714 1666 787 Snmptam
1700 718 1991 775 formulam

410 802 575 856 istam
628 814 785 873 putat
830 804 1140 860 Casimirus
1192 807 1471 871 Oudiuns,
1520 808 1598 863 De
1647 813 1992 880 scriptoribus

410 895 801 959 ecclesiasticis,
831 907 981 951 tomo
1013 898 1066 965 l,
1111 915 1177 953 ea:
1204 898 1453 969 Symbolo
1476 941 1493 965 ,
1534 904 1674 970 quod
1718 921 1860 957 anno
1886 906 1985 960 38l

412 990 745 1057 adoptarunt
774 989 1355 1060 Constantinopolitani
1380 990 1592 1046 Patres.
1616 992 1757 1047 Hinc
1787 994 1994 1065 Cyrillo

411 1082 914 1151 Hierosolymitano
956 1084 1276 1153 suppositas
1316 1084 1484 1137 infert
1515 1084 1866 1141 Catccheses.
1895 1088 1993 1143 Vel

2095 633 2359 699 admisit,
2387 636 2460 689 ita
2494 650 2684 690 vocem
2726 635 2914 700 l'nius,
2946 653 3070 707 qua:
3105 636 3356 708 Symboli
3391 638 3688 697 Orientalis

2100 729 2321 796 prepria
2353 739 2494 793 erat,
2533 745 2643 783 non
2693 731 2895 801 adjecit
2935 745 3202 800 unquam.
3242 731 3357 787 llac
3384 733 3454 788 de
3486 750 3546 789 re
3572 735 3689 805 agit

2097 821 2329 889 Vigilius
2355 821 2651 888 Tapsensis
2705 823 2762 876 in
2827 822 3109 894 Byzacena
3143 823 3349 881 Africa
3392 827 3685 895 provincia

2095 914 2412 980 episcopus,
2459 913 2646 967 saeculi
2684 914 2826 969 sexti
2877 915 3143 981 scriptor,
3191 916 3335 971 libro
3388 932 3441 970 tv
3474 916 3683 971 Contra

2099 1003 2387 1075 Eutychem
2421 1022 2438 1058 :
2476 1005 2565 1059 ubi
2598 1008 2769 1058 nescio
2795 1006 2948 1075 cujus
2971 1008 3340 1061 temeritatem
3379 1009 3681 1077 castigans,

2096 1099 2191 1167 qui
2218 1114 2445 1167 caryere
2468 1110 2550 1152 ‘ea
2577 1099 2742 1152 verba
2772 1101 2951 1154 sancti
2998 1099 3201 1154 Leonis
3241 1100 3310 1154 ad
3350 1099 3681 1155 Flavianum

409 1190 518 1230 una
550 1175 782 1247 hujusce
809 1174 1221 1247 Symbolhciim
1246 1175 1494 1239 Nicano,
1525 1187 1581 1232 ct
1608 1179 1996 1248 Constantino—

413 1264 701 1334 politano,
743 1267 812 1322 de
846 1268 1057 1337 quibus
1103 1267 1247 1322 infra
1295 1269 1592 1339 agendum,
1651 1272 1995 1339 comparatio

414 1358 860 1414 lnculentissime
907 1361 1113 1416 evincit
1138 1399 1155 1426 ,
1203 1361 1495 1417 lormulam
1532 1364 1845 1432 praedictam
1882 1367 1992 1421 diei

2096 1207 2267 1246 ausus
2304 1194 2481 1245 fuerat
2507 1236 2522 1257 ,
2575 1191 2843 1247 Fidelium
2892 1196 3209 1247 universitas
3238 1194 3523 1262 proﬁtetur
3561 1210 3728 1262 ere-9;

2097 1286 2221 1337 dere
2258 1286 2311 1337 in
2353 1284 2514 1355 149
2554 1284 2720 1337 Deum
2768 1284 2981 1339 Patrem
3023 1258 3476 1355 omnipotentem,
3526 1295 3577 1339 et
3628 1258 3738 1365 in?

2094 1376 2273 1431 Iesum
2315 1376 2584 1431 Christum
2618 1375 2816 1430 Filium
2844 1379 2957 1446 ejus
2988 1379 3202 1431 unicum
3243 1378 3528 1433 Dominum
3586 1382 3687 1431 nb-
3722 1380 3732 1419 ι

417 1461 661 1507 veterem
696 1469 895 1521 posse,
942 1468 1065 1523 qua
1121 1454 1179 1508 in
1218 1452 1463 1509 Ecclesia
1509 1455 1992 1528 Hierosolymitana

409 1553 536 1598 erat
577 1543 631 1597 in
670 1560 770 1599 usu
794 1586 811 1611 ,
848 1543 1186 1615 quibusdam
1230 1545 1416 1600 verbis
1461 1561 1525 1601 ex
1564 1546 1790 1602 Nicacno
1832 1548 1992 1618 Sym-

414 1636 544 1691 bolo
568 1637 874 1707 desumptis
900 1648 1140 1694 auctam.
1162 1637 1471 1694 Laudatum
1494 1638 1765 1695 editorem
1784 1640 1996 1698 doctis-

412 1730 616 1784 simum
650 1733 900 1790 consule.

2094 1480 2289 1534 strum,
2324 1485 2387 1523 ca
2440 1470 2687 1533 ratione,
2751 1472 2880 1539 quia
2929 1487 3037 1525 non
3096 1471 3303 1525 dixerit
3349 1470 3467 1537 ειη
3517 1488 3687 1524 unum

2098 1562 2292 1626 Deum,
2332 1573 2388 1618 et
2418 1579 2433 1617 :
2463 1563 2527 1618 In
2568 1580 2731 1617 unum
2778 1564 2962 1618 Iesum
3009 1563 3319 1630 Christum;
3353 1566 3435 1621 sic
3460 1564 3634 1618 habet
3668 1584 3683 1620 :

2096 1654 2201 1710 Sed
2237 1656 2437 1721 Romm,
2492 1668 2539 1709 et
2600 1663 2883 1726 antequam
2932 1657 3161 1711 Niccrna
3207 1657 3441 1728 synodus
3492 1673 3688 1711 conve-

2098 1749 2272 1813 niret,
2323 1766 2355 1802 a
2395 1750 2714 1819 temporibus
2764 1748 3123 1815 apostolorum
3170 1766 3336 1818 usque
3389 1766 3574 1810 nunc,
3630 1758 3681 1803 et

485 1820 649 1895 148
688 1823 908 1882 Uuitate
939 1826 1307 1884 Ecclesiarum
1341 1830 1545 1886 intacta
1566 1872 1581 1895 ,
1615 1829 1847 1901 singulis
1881 1831 1993 1886 his-
2028 1860 2069 1919 η
2095 1842 2189 1915 gub
2218 1842 2387 1895 beata:
2417 1842 2683 1895 memoriae
2719 1839 3074 1896 Caelestino...
3122 1842 3197 1894 ita
3237 1840 3485 1910 ﬁdelibus
3532 1838 3693 1912 Sym-

415 1928 504 1981 (c,
537 1933 847 1989 earumque
891 1921 1222 1989 prasidibus
1252 1922 1336 1978 fas
1375 1933 1497 1980 erat
1552 1940 1652 1995 pro
1683 1934 1992 1996 temporum

416 2011 891 2076 circumstantiis,
930 2023 1028 2067 aut
1079 2015 1306 2087 majoris
1349 2016 1741 2087 explicationis
1794 2018 1991 2086 gratia,

415 2112 510 2156 aut
553 2116 904 2175 emergentes
956 2117 1185 2178 propter
1224 2107 1501 2174 hereses,
1533 2109 1761 2164 vocibus
1793 2125 1995 2179 augrrc

414 2195 747 2265 quibusdam
771 2197 1092 2270 Symbolum
1122 2202 1527 2269 apostolorum,
1560 2202 1709 2273 quod
1742 2204 1810 2257 ab
1838 2204 1995 2259 initio

413 2301 762 2358 acceperant.
805 2291 864 2345 lu
891 2309 1012 2345 eam
1043 2293 1283 2362 denique
1334 2294 1632 2353 formulam
1693 2289 2010 2350 dcvcntunr

413 2389 519 2448 est,
557 2397 682 2451 qua:
722 2382 1004 2453 hodieque
1037 2386 1205 2455 viget.
1248 2387 1524 2458 lutegram
1576 2405 1699 2441 eam
1730 2389 1995 2444 exhibent

410 2487 699 2528 sermones
733 2473 858 2535 240.
888 2477 986 2530 2“
1023 2488 1078 2531 et
1104 2476 1232 2541 242,
1260 2479 1354 2547 qui
1387 2488 1643 2548 prostant
1681 2479 1735 2534 in
1768 2479 1993 2550 Appen-

413 2564 538 2620 dice
569 2566 635 2620 ad
669 2568 943 2637 genuinos
981 2571 1277 2640 Augustini
1316 2588 1604 2627 sermones
1648 2573 1704 2627 in
1750 2574 1994 2628 editione

416 2661 816 2715 monachorum
846 2663 1021 2718 sancti
1058 2664 1229 2718 Mauri
1255 2682 1269 2719 :
1302 2663 1473 2719 Credo
1492 2667 1547 2739 in
1581 2665 1744 2720 Deum
1776 2667 1994 2721 Patrem

414 2754 852 2822 omnipotentem,
881 2765 1173 2808 creatorem
1201 2755 1316 2809 caeli
1350 2766 1400 2809 et
1432 2766 1503 2809 ter
1517 2774 1610 2810 rw.
1642 2755 1711 2809 Et
1738 2757 1995 2811 inlesum

415 2842 683 2899 Christum
721 2843 924 2900 Filium
951 2847 1065 2917 ejus
1120 2849 1363 2914 unicum,
1398 2849 1683 2903 Dominum
1730 2860 1993 2904 nostrum.

417 2935 523 3002 Qui
546 2950 826 3009 conceptus
854 2949 933 2995 est
957 2941 1021 2994 de
1052 2940 1263 3012 Spiritu
1300 2953 1511 3008 sancto,
1538 2954 1696 2997 natus
1720 2959 1784 2996 ea:
1810 2942 1993 2997 Maria

420 3027 655 3105 Virgine.
688 3029 885 3085 Passus
926 3033 1019 3085 sub
1053 3032 1249 3086 Pontio
1283 3031 1484 3099 l‘ilato,
1517 3035 1825 3098 cruciﬁxus,
1856 3052 1995 3088 mor-

412 3131 554 3188 tuus,
596 3131 647 3178 et
688 3125 949 3197 sepultus.
999 3126 1276 3181 Descendit
1321 3128 1391 3181 ad
1423 3127 1635 3197 inferna
1664 3169 1679 3192 ,
1724 3130 1879 3181 :srtia
1911 3129 1997 3183 die

2101 1935 2277 1989 bolum
2325 1937 2580 1990 traditur.
2638 1938 2767 1993 Sive
2830 1936 3221 2005 paucioribus,
3263 1935 3379 1989 sive
3429 1934 3691 2004 pluribus

2102 2028 2335 2081 vocibus
2370 2027 2701 2082 recitaretur
2738 2028 3116 2097 apostolorum
3169 2026 3534 2099 Symbolum.
3581 2044 3689 2098 pax

2102 2116 2480 2172 Ecclesiarum
2511 2118 2723 2189 integra
2751 2133 2972 2186 semper
3004 2116 3352 2187 permansit,
3397 2132 3463 2171 ac
3508 2118 3691 2171 invio-

2101 2207 2211 2262 lata
2240 2207 2296 2261 in
2330 2205 2628 2262 Occidente
2657 2219 2712 2262 et
2738 2207 2988 2263 Oriente.

2172 2299 2259 2355 lll.
2304 2300 2528 2355 Nicaeuo
2563 2300 2688 2355 fidei
2719 2300 2984 2371 Symbolo
3007 2302 3386 2370 conﬁciundo,
3417 2304 3565 2374 quod
3604 2312 3693 2358 est

2102 2391 2466 2463 apostolorum
2510 2390 2844 2463 Symbolum,
2887 2393 3142 2463 pluribus
3170 2393 3241 2449 ad
3272 2403 3480 2449 rectam
3519 2393 3688 2448 fidem

2110 2486 2453 2542 luculentius
2510 2486 2898 2541 illustrandam
2950 2489 3328 2558 tuendamque
3380 2487 3692 2559 aptissimis

2102 2590 2326 2634 auctum
2357 2579 2609 2645 vocibus,
2646 2580 2851 2634 dedere
2893 2595 3081 2634 ansam
3123 2580 3392 2645 haereses,
3424 2596 3548 2649 quae
3588 2581 3693 2635 tri-

2104 2672 2209 2724 bus
2241 2670 2438 2740 primis
2464 2670 2726 2723 Ecclesia:
2753 2670 2970 2725 sacculis
3000 2680 3368 2725 etiaerserant;
3402 2670 3511 2725 Eas
3542 2688 3691 2725 cnu-

2104 2770 2281 2815 merat
2324 2759 2579 2815 Gelasius
2612 2760 2923 2831 Cyziccnus
2974 2761 3030 2816 in
3083 2762 3365 2816 volumine
3414 2763 3690 2818 Actorum

2101 2852 2323 2908 concilii
2352 2852 2585 2917 Nicutni,
2610 2851 2755 2907 libro
2787 2869 2846 2916 ιι,
2869 2854 3050 2923 capite
3081 2852 3175 2915 26.
3208 2872 3227 2906 σ
3265 2853 3391 2909 lla-c
3407 2864 3492 2909 est
3524 2854 3688 2923 fides,

2104 2944 2366 3016 inquiens
2388 2987 2403 3010 ,
2436 2959 2603 3013 quam
2636 2955 3016 3013 exposuerunt
3064 2945 3262 3001 Nicma:
3289 2947 3466 3000 sancti
3502 2948 3690 3001 nostri

2104 3038 2295 3093 I'atres
2324 3037 2616 3091 orthodoxi
2646 3038 2890 3107 episcopi
2921 3056 2935 3092 :
2963 3038 3201 3107 primum
3226 3038 3455 3108 quidem
3484 3038 3694 3093 adver-

2082 3143 2200 3184 sus
2229 3128 2417 3183 Arium
2449 3129 2951 3199 blasphemantem,
2986 3140 3044 3185 et
3069 3131 3348 3185 dicentem
3374 3140 3691 3186 creaturam

412 3218 707 3270 resurrexit
737 3233 769 3270 a
810 3220 1052 3273 mortuis.
1092 3220 1341 3273 Ascendit
1381 3222 1450 3273 ad
1499 3220 1652 3273 caelos
1675 3260 1688 3284 ,
1734 3222 1875 3273 sedet
1926 3222 1997 3272 ad
2026 3231 2066 3285 (ς
2104 3218 2300 3273 Ισ’ίιὶιιιη
2332 3218 2426 3272 Dei
2463 3230 2565 3274 :et
2598 3230 2791 3275 contra
2828 3220 3147 3285 Sabellium,
3186 3232 3246 3277 et
3292 3221 3605 3289 l’hotinum,
3635 3238 3693 3280 et

413 3311 692 3362 dexteram
748 3309 845 3364 Dci
892 3310 1072 3365 Patris
1122 3314 1518 3383 omnipotentis.
1568 3313 1698 3368 Inde
1747 3325 1998 3368 venturus

417 3410 494 3455 est
529 3402 779 3473 judicare
820 3407 996 3470 vivos,
1046 3418 1094 3459 et
1128 3416 1385 3462 mortuos.
1423 3408 1593 3461 Credo
1639 3409 1691 3461 in
1734 3406 1997 3476 Spiritum

412 3509 679 3564 sanctum,
708 3506 952 3551 sanctam
986 3497 1278 3553 Ecclesium
1309 3501 1658 3563 catholicam,
1693 3510 2000 3553 sanctorum

414 3588 866 3657 communionem,
906 3591 1271 3646 remissionem
1307 3602 1667 3659 peccatorum,
1711 3595 1890 3645 carnis
1921 3610 2002 3648 re-

418 3684 825 3753 surrectionem,
878 3690 1044 3739 vitam
1096 3695 1379 3741 cateruam.
1418 3690 1503 3739 Ab
1533 3686 1847 3756 Augustino
1878 3685 2003 3741 Ser-

402 3793 601 3832 anones
626 3794 714 3832 eos
743 3778 1070 3847 abjudicant
1099 3779 1309 3833 laudati
1339 3778 1591 3834 editores
1623 3796 1636 3832 :
1681 3790 2001 3833 auctorem-

415 3886 526 3939 que
555 3870 862 3941 eunjiciunt
893 3871 1071 3930 illum.
1109 3872 1205 3942 qui
1236 3886 1527 3925 sermones
1560 3870 1801 3924 confecit
1830 3868 1999 3923 Euse-

411 3963 498 4018 bio
527 3962 776 4019 Emiseno
803 3966 1140 4034 suppositus,
1164 3973 1259 4019 aut
1289 3963 1587 4019 Casarium
1614 3964 1998 4027 Arelatensem,

414 4065 511 4112 aut
542 4054 858 4111 Eucherium
885 4056 1311 4128 Lugdunensem,
1339 4068 1434 4110 aut
1473 4054 1735 4109 Faustum
1775 4054 2000 4124 ficgien-

416 4166 549 4211 um.
584 4150 764 4207 Vitam
804 4152 1040 4222 agebant
1086 4151 1167 4205 illi
1217 4152 1418 4220 quinto
1455 4147 1714 4204 Ecclesiae
1755 4147 1999 4202 san-nlo:

418 4243 566 4299 unde
593 4245 873 4317 praedicta:
907 4244 1181 4319 Symboli
1208 4243 1460 4298 formula:
1496 4254 1628 4297 aetas
1673 4240 1999 4296 innotescit.

489 4336 883 4393 lntcmeratam
930 4337 1219 4407 pristinum
1256 4335 1567 4390 breviorem
1600 4334 1832 4387 formam
1867 4331 2000 4386 reti-

417 4433 588 4489 nebat
642 4431 887 4488 Ecclesia
925 4430 1191 4485 Romana.
1230 4428 1643 4496 Dignissimam.
1678 4434 1735 4481 et
1775 4425 2002 4479 honoris

416 4542 485 4583 ac
525 4525 778 4582 veritatis
820 4526 1038 4595 plenam
1065 4563 1079 4587 ,
1135 4519 1320 4577 reddit
1370 4519 1638 4573 rationem
1678 4519 1912 4573 Ruﬁnus
1944 4516 1999 4570 in

2104 3310 2335 3365 Paulum
2364 3310 2791 3377 Samosatenum,
2819 3324 2876 3367 et
2911 3313 3268 3368 Manicha’um
3294 3354 3309 3381 ,
3347 3325 3403 3369 et
3448 3315 3694 3371 l’alenti-
3778 3376 3783 3380 ,

2105 3421 2253 3467 num,
2279 3413 2336 3459 et
2370 3404 2711 3470 .llurcioncm,
2765 3416 2817 3459 ct
2867 3406 3139 3461 adversus
3168 3422 3390 3460 omnem
3426 3407 3691 3463 haeresim

2106 3513 2230 3567 quae
2258 3506 2376 3551 orta
2402 3508 2485 3551 est
2512 3498 2564 3550 in
2589 3499 2858 3552 catholica
2917 3511 2973 3552 et
3000 3499 3306 3569 apostolica
3342 3500 3619 3556 Ecclesia.
3665 3521 3686 3553 ι

2104 3589 2422 3644 Formulam
2461 3590 2652 3661 accipe
2688 3608 2706 3647 :
2740 3590 3018 3646 Credimus
3047 3593 3100 3645 in
3150 3609 3314 3647 unum
3352 3593 3544 3659 Deum,
3582 3594 3697 3656 Pa-

2103 3695 2238 3739 trem
2267 3689 2708 3756 omnipotentem,
2742 3691 2981 3764 omnium
3013 3689 3300 3743 visibilium
3348 3699 3396 3742 et
3450 3692 3699 3744 invisibi-

2105 3775 2233 3829 liuni
2269 3777 2554 3845 factorem.
2591 3778 2657 3831 Et
2709 3779 2761 3831 in
2803 3796 2965 3833 unum
2996 3780 3284 3834 Dominunt
3317 3780 3501 3835 Jesum
3532 3781 3697 3837 Chri-

2102 3879 2241 3924 stum
2281 3867 2479 3923 Filium
2518 3870 2632 3935 Dei,
2670 3888 2735 3924 ea:
2780 3871 2942 3925 Patre
2979 3881 3164 3926 natum
3191 3916 3204 3939 ,
3238 3874 3593 3944 unigenitum,
3641 3876 3700 3930 id

2104 3971 2179 4016 est
2216 3978 2279 4016 ex
2310 3963 2607 4015 substantia
2653 3962 2831 4017 l’ntris
2867 3978 2895 4017 :.
2927 3962 3089 4016 Deum
3132 3964 3197 4017 de
3222 3964 3353 4025 Dco,
3397 3964 3577 4017 lumen
3631 3968 3698 4019 de

2107 4052 2336 4117 lumine,
2388 4053 2555 4106 Deum
2592 4071 2771 4108 rerum
2806 4056 2869 4109 de
2913 4055 3025 4110 Deo
3059 4074 3200 4122 uero,
3252 4058 3488 4127 genitum
3522 4098 3536 4123 ,
3583 4075 3699 4111 non

2105 4145 2325 4215 factum,
2359 4146 2862 4201 consubstantialem
2918 4148 3075 4203 Pal-ri
3108 4190 3125 4216 ,
3177 4166 3273 4220 per
3323 4166 3474 4219 quem
3508 4153 3699 4205 omnia

2105 4237 2250 4304 facta
2279 4244 2402 4289 sunt
2436 4245 2544 4289 tam
2576 4254 2693 4305 qua:
2721 4239 2774 4291 in
2794 4240 2944 4304 caelo,
2972 4256 3132 4310 quam
3156 4257 3271 4309 qua'
3300 4242 3353 4293 in
3381 4252 3550 4295 terra.
3585 4242 3700 4307 Qui

2103 4340 2319 4399 propter
2367 4346 2458 4382 nos
2488 4331 2760 4397 homines,
2805 4342 2857 4385 et
2904 4344 3121 4404 pr0pter
3158 4345 3396 4388 nostrum
3451 4336 3698 4390 salutem

2092 4412 2389 4483 "descendit,
2418 4433 2466 4475 et
2503 4424 2819 4476 incarnatus
2850 4434 2949 4489 est,
2982 4435 3033 4477 et
3065 4427 3221 4481 homo
3255 4425 3430 4495 [actus
3457 4438 3557 4481 est.
3589 4427 3702 4494 Qui

2106 4532 2294 4585 passus
2329 4523 2427 4579 est,
2476 4525 2524 4569 et
2574 4519 2860 4570 resurrexit
2894 4520 3054 4570 tertia
3103 4520 3208 4572 die.
3241 4520 3307 4574 Et
3351 4522 3595 4574 ascendit
3627 4524 3703 4575 ad

417 4634 519 4676 sua
579 4594 938 4688 Expositione
975 4632 989 4668 :
1021 4613 1479 4670 Commonendum
1518 4620 1647 4681 puto
1690 4609 1999 4681 (inquiens)
2037 4594 2077 4646 υ
2108 4606 2280 4660 oculos.
2320 4606 2390 4660 Et
2416 4609 2605 4661 iterum
2633 4620 2883 4662 venturus
2911 4622 2982 4662 cst
3000 4611 3247 4679 judicare
3277 4612 3441 4676 viros,
3472 4622 3522 4665 ct
3549 4614 3704 4666 mbr-

380 4704 383 4707 λ
419 4714 560 4787 quod
594 4713 650 4767 in
704 4711 921 4765 dirersis
968 4708 1216 4763 Ecclesiis
1264 4706 1446 4773 aliqua
1485 4708 1539 4759 in
1580 4705 1661 4758 his
1713 4704 2003 4775 (Symboli)

418 4808 587 4863 verbis
623 4805 960 4862 invenientur
991 4801 1201 4872 adjecta
1234 4819 1246 4853 :
1278 4802 1332 4855 in
1368 4798 1605 4853 Ecclesia
1647 4807 1824 4851 tanien
1862 4798 2005 4850 urbis

418 4900 604 4956 Roma:
650 4900 749 4952 hoc
807 4913 913 4950 non
970 4893 1383 4964 deprehenditur
1432 4895 1653 4962 factum.
1703 4890 1858 4956 Quod
1913 4907 2004 4960 ego

422 5002 705 5064 propterea
729 5007 839 5046 esse
872 4989 1128 5064 arbitror,
1152 4987 1293 5057 quod
1321 5002 1489 5057 neque
1519 4986 1735 5041 heresis
1759 4984 1870 5039 ulla
1893 4984 2005 5037 illic

421 5063 643 5153 sumpsit
690 5084 965 5139 exordium
1006 5098 1024 5135 :
1058 5063 1117 5135 ei
1149 5096 1257 5134 mos
1317 5079 1388 5133 ibi
1431 5089 1679 5133 servatur
1725 5078 2001 5145 antiquus,

421 5196 508 5245 eos
542 5177 634 5250 qui
681 5179 913 5249 gratiam
943 5175 1192 5245 baptismi
1222 5173 1518 5241 suscepturi
1570 5181 1735 5229 sunt.
1778 5170 2001 5239 publice,

424 5273 480 5325 id
506 5279 582 5325 est
611 5268 856 5339 ﬁdelium
885 5267 1079 5338 populo
1108 5267 1380 5328 audiente,
1415 5262 1723 5335 Symbolum
1757 5262 2003 5325 reddere;

424 5371 474 5416 et
515 5361 699 5430 utique
735 5359 1089 5429 adjectionem
1124 5359 1279 5411 unius
1309 5358 1501 5411 saltem
1533 5355 1791 5409 sermoni;
1825 5370 2003 5405 eorum

424 5455 516 5523 qui
544 5463 919 5522 praeesserunt
965 5454 1017 5507 in
1046 5450 1180 5519 ﬁde.
1214 5467 1313 5503 non
1344 5450 1583 5503 admittit
1631 5448 1867 5500 auditus.
1930 5444 2002 5497 Ita

429 5563 629 5617 nempe
657 5547 843 5602 Rufini
874 5555 1076 5601 mtatea
1105 5545 1334 5613 pristina
1365 5556 1473 5595 nun
1506 5551 1814 5595 recesserat
1841 5539 2009 5590 disci-

427 5642 577 5715 plina
616 5639 863 5696 Bottiana
918 5638 1211 5693 Ecclesia:
1270 5651 1394 5704 quae
1446 5645 1630 5689 tamen
1682 5648 1799 5685 avo
1855 5632 2005 5685 inse-

426 5742 673 5803 quente.
727 5742 1059 5801 postremam
1109 5728 1439 5792 formulam,
1491 5741 1656 5797 quam
1705 5724 2005 5792 descripsi-

430 5842 576 5891 mus.
637 5827 783 5899 apud
835 5826 973 5891 tilias
1015 5822 1289 5893 Ecclesias
1313 5821 1423 5890 jam
1455 5820 1729 5889 vulgatam
1757 5861 1769 5882 ,
1801 5827 1855 5871 et
1887 5818 2003 5887 ipsa

429 5920 650 5988 demum
703 5920 1009 5996 rapiemus
1072 5928 1177 5972 est.
1232 5914 1349 5982 Quo
1406 5924 1673 5985 tempore,
1733 5913 2001 5983 ignotum.

2110 4709 2252 4753 tuos.
2281 4699 2350 4752 Et
2385 4702 2439 4754 in
2472 4698 2732 4769 Spiritum
2773 4712 3039 4756 sanctum.
3092 4700 3311 4772 Reliqui
3375 4703 3706 4762 subintelli-

2109 4802 2314 4863 guntur
2345 4793 2583 4847 articuli.
2624 4794 2804 4847 Verba
2844 4794 2936 4848 illa
2962 4835 2977 4858 .
3030 4794 3310 4849 Descendit
3355 4796 3426 4849 ad
3467 4798 3703 4866 inferos,

2110 4904 2215 4943 non
2245 4887 2525 4942 habentur
2555 4888 2798 4957 :quibus
2844 4904 2908 4944 ea
2959 4897 3120 4943 actate.
3166 4889 3437 4945 carebant
3487 4891 3704 4945 Roma-

2108 4998 2240 5037 num
2268 4982 2457 5046 etiam,
2489 4991 2544 5034 et
2583 4980 2867 5036 Orientale
2899 4981 3246 5053 Symbolum.
3281 4982 3543 5053 \‘ulgaris
3571 5001 3707 5043 terte

2106 5091 2256 5129 anno
2288 5075 2392 5129 325
2433 5073 2651 5129 Nicama
2681 5078 2925 5144 synodus
2949 5076 3227 5132 celebrata
3260 5087 3366 5131 est.

2192 5165 2511 5229 l'cculiares
2539 5181 2678 5236 quas
2712 5167 2982 5222 hactenus
3019 5178 3423 5236 usurpaverant
3472 5168 3527 5223 in
3576 5176 3705 5223 col-

2111 5260 2317 5315 latione
2369 5259 2670 5329 baptismi,
2716 5260 3063 5329 reliquerunt
3110 5259 3364 5329 Symboli
3420 5262 3705 5317 formulas

2112 5355 2372 5410 Ecclesia:
2420 5356 2607 5425 plures
2633 5394 2650 5418 ,
2682 5354 2956 5408 Niccenam
3003 5354 3356 5423 aduptantes.
3390 5344 3572 5411 Voccs
3604 5372 3704 5411 so-

2112 5448 2393 5501 lummodo
2423 5462 2627 5513 paucas
2653 5453 2983 5515 receperunt
3008 5444 3149 5509 aliaz,
3174 5445 3379 5516 quibus
3402 5448 3706 5516 proprium

2113 5557 2316 5595 auxere
2351 5539 2670 5609 Symbolum
2711 5556 2725 5592 :
2771 5539 2884 5593 imo
2927 5538 3192 5610 Symbolo
3244 5538 3469 5593 Niceno
3505 5540 3707 5610 plures

2111 5632 2387 5687 dictiones
2418 5632 2750 5685 addiderunt
2786 5631 2907 5684 alia:
2944 5622 3217 5699 :alizeqtie
3255 5631 3479 5685 demum
3515 5633 3573 5687 in
3607 5651 3710 5690 ve-

2113 5737 2256 5780 tusta
2298 5741 2397 5781 sua
2448 5724 2679 5779 formula
2714 5734 3074 5789 manserunt;
3115 5725 3277 5779 siniul
3313 5724 3596 5781 .Vicmnam
3628 5730 3703 5798 ﬁ-

2112 5826 2227 5873 dem
2257 5818 2445 5898 corde,
2477 5828 2533 5872 et
2585 5834 2681 5872 ore
2708 5815 3039 5888 proﬁtentes
3070 5833 3282 5872 omnes.
3317 5818 3703 5887 Apostolorum

2114 5909 2416 5975 Symbolum
2455 5909 2508 5965 in
2567 5909 2893 5969 baptismate
2927 5907 3276 5965 rmimtetunt
3336 5906 3579 5965 llontanu
3642 5926 3703 5974 ct
