3838 6362
228 361 316 427 153

1264 306 1272 323 .
1334 360 1527 423 VITA.
1569 384 1638 397 —
1682 360 2197 423 DISSERTA'HO
2242 362 2329 423 Il.

3376 359 3481 427 1M

221 474 524 532 Occidentis
560 475 846 531 Ecclesiae.
899 475 1142 532 Vocibus
1173 475 1504 545 quibusdam
1556 478 1794 534 Nicaenis
1823 488 1863 539 Α
1892 488 2121 549 propter
2152 488 2395 545 nostram
2428 480 2663 535 salutem
2691 480 2977 536 descendit
3012 480 3079 535 de
3110 479 3287 543 cmlis,
3314 488 3368 532 et
3393 479 3479 533 in-

219 567 357 624 ausit
386 566 526 622 illud
573 567 818 623 Ecclesia
870 566 1360 639 Hierosolymitana
1384 612 1398 635 ,
1436 580 1495 624 ut
1525 572 1785 640 superius

221 676 360 717 num.
392 661 429 715 9.
460 662 875 716 adnotavimus.
908 660 1236 729 Hujusmodi
1285 678 1408 716 esse
1457 672 1612 732 puto,
1673 679 1785 733 quo

221 754 457 810 Ecclesia
504 753 840 809 Antiochena
876 756 1056 809 medio
1100 754 1261 825 150
1311 756 1536 810 circiter
1586 758 1787 811 samitlo

220 847 404 915 quinto
436 846 621 900 adhuc
654 848 935 899 utebatur.
990 846 1133 900 Illud
1176 846 1337 900 aﬂert
1368 846 1666 901 Cassianus
1714 848 1786 901 li—

220 941 310 994 bro
329 955 378 991 Vl
410 939 487 992 De
517 937 906 992 lncarnatione
930 937 1163 1001 Domini,
1192 938 1372 1007 capite
1392 938 1446 1002 3,
1477 937 1570 990 ubi
1598 937 1791 991 Nesto-

220 1031 280 1086 rii
313 1032 567 1085 haeresim
620 1031 825 1084 refellit
858 1048 871 1084 :
910 1049 928 1081 ι
966 1029 1124 1082 Nune
1164 1030 1230 1083 ad
1281 1029 1444 1084 fidem
1479 1030 1789 1085 Antiocheni

223 1121 469 1194 Symboli.
505 1122 787 1190 inquiens,
820 1121 1204 1191 virtutemque
1230 1122 1520 1177 veniamus
1552 1141 1565 1177 :
1595 1121 1650 1176 in
1680 1138 1788 1191 qua

221 1228 332 1267 cum
373 1214 495 1283 ipse
539 1214 876 1285 (Nestorius)
924 1214 1236 1283 baptizatus
1288 1215 1362 1269 sit
1414 1230 1477 1270 ac
1536 1226 1784 1280 renatus,

220 1305 325 1359 suis
358 1321 486 1360 eum
532 1307 971 1375 professionibus
1007 1307 1234 1377 argui...
1283 1317 1524 1377 oportet.
1577 1307 1789 1363 Textns

219 1414 361 1467 ergo,
395 1414 462 1453 ac
495 1397 635 1479 ﬁdes
668 1400 998 1453 Antioclteni
1031 1399 1275 1470 Symboli
1316 1400 1433 1454 haec
1454 1411 1540 1455 est
1574 1419 1587 1454 :
1619 1400 1791 1455 Credo

220 1493 270 1545 in
301 1508 465 1545 unum
496 1503 548 1545 et
575 1492 748 1547 soluat
781 1510 957 1547 verum
993 1492 1179 1553 Deum,
1214 1491 1436 1547 Patrem
1467 1495 1793 1563 omnipoten-

222 1595 351 1647 tem,
394 1593 693 1639 creatorem
737 1586 973 1639 omnium
1023 1584 1310 1638 visibilium
1355 1592 1405 1638 et
1452 1584 1791 1639 invisibilium

219 1688 604 1731 creaturarum.
654 1677 719 1733 Et
752 1680 806 1732 in
837 1678 1124 1732 Dominum
1162 1687 1400 1731 nostrum
1428 1677 1610 1732 Jesum
1640 1679 1792 1732 Chri-

220 1781 371 1834 stum,
410 1769 616 1825 Filium
644 1772 763 1842 ejus
792 1773 1141 1842 unigenitum,
1188 1779 1241 1824 et
1276 1773 1683 1843 primogenitum
1708 1781 1790 1826 to—

1892 579 2152 626 carnatus
2215 578 2300 627 est
2363 570 2431 625 de
2463 570 2673 640 Spiritu
2702 582 2893 626 sancto
2930 586 2997 625 ex
3025 569 3188 624 Manis
3225 568 3473 639 Virgine,

1891 675 1946 716 et
1978 664 2143 717 homo
2168 664 2350 717 iactus
2377 671 2481 717 est.
2513 662 2821 717 Crucitlxus
2843 662 3005 715 etiam
3043 676 3145 731 pro
3182 661 3343 715 nobis
3376 661 3480 715 sub

1894 756 2091 811 Pontio
2125 756 2325 818 Pilato,
2362 770 2575 825 passus,
2600 763 2656 809 et
2683 754 2931 823 sepultus
2964 763 3070 808 est.
3128 755 3195 809 Et
3228 770 3480 810 resurrec

1894 850 1969 902 xit
2022 848 2181 903 tertia
2210 848 2300 901 die
2346 848 2631 902 secundum
2668 846 3003 915 Scripturas.
3038 848 3098 899 Et
3135 848 3383 901 ascendit
3425 849 3476 899 in

1891 940 2116 1003 cadum,
2145 940 2303 995 sedet
2334 939 2401 993 ad
2436 940 2720 994 dexteram
2753 938 2955 992 Patris.
2996 938 3066 991 Et
3100 938 3306 991 iterum
3340 952 3485 991 νειμ

1893 1043 2049 1087 turus
2077 1042 2161 1087 est
2194 1049 2318 1086 cum
2359 1033 2530 1102 gloria
2580 1032 2833 1101 judicare
2888 1034 3042 1085 vivos
3098 1041 3153 1083 et
3206 1040 3476 1096 mortuos,

1892 1123 2051 1194 Cujus
2085 1124 2237 1192 regni
2274 1139 2381 1179 non
2411 1124 2516 1177 erit
2549 1123 2693 1177 fluis.
2720 1124 2787 1177 Et
2810 1124 2866 1176 in
2898 1122 3166 1191 Spiritum
3201 1131 3477 1183 sanetum,

1896 1216 2205 1278 Dominum,
2240 1224 2288 1269 et
2322 1215 2675 1282 viviﬁcantem
2715 1232 2728 1267 ε
2780 1215 2871 1282 qui
2906 1230 2971 1266 ex
3006 1211 3168 1281 l'atre
3220 1212 3477 1273 procedit,

1890 1310 1979 1379 qui
2016 1326 2133 1363 cum
2179 1308 2341 1362 Patre
2372 1317 2418 1361 et
2447 1302 2582 1360 Filio
2612 1305 3048 1359 simuladoratur
3085 1313 3133 1356 et
3175 1302 3482 1372 congloii/i-

1892 1408 2072 1460 catur,
2112 1398 2202 1468 qui
2237 1395 2440 1450 locutus
2476 1405 2553 1450 est
2593 1412 2689 1465 per
2714 1397 3005 1466 prophetas
3061 1395 3129 1448 Et
3182 1394 3235 1447 in
3290 1409 3477 1452 unum.

1894 1499 2160 1555 sanetam,
2220 1485 2571 1549 catholicam.
2627 1499 2684 1542 et
2749 1488 3107 1556 apostolicam
3156 1484 3479 1539 Ecclesiam.

1893 1579 2239 1636 Confitentur
2281 1595 2451 1633 unum
2484 1579 2752 1648 baptisma
2776 1578 2830 1631 in
2865 1577 3249 1631 remissionem
3286 1591 3480 1645 pecca-

1905 1682 2108 1727 torum.
2134 1673 2600 1741 Etexspectamus
2620 1671 3085 1725 resurrectionem
3113 1680 3480 1729 mortuorutn,

1899 1776 1956 1819 et
1982 1765 2151 1819 vitam
2173 1765 2343 1819 futuri
2373 1763 2614 1819 saeculi.-
2651 1762 2804 1817 Hanc
2827 1777 2958 1816 vero
2980 1762 3107 1815 licet
3135 1761 3480 1814 additamen-

224 1865 316 1917 tius
345 1874 609 1918 creature
634 1904 649 1928 ,
692 1879 758 1917 ex
798 1880 857 1917 eo
887 1871 1073 1917 natum
1104 1874 1229 1916 ante
1263 1865 1441 1917 omnia
1473 1864 1703 1929 sa'cula"
1744 1874 1793 1917 τι
1829 1850 1870 1907 Β
1901 1859 1969 1912 tis
2009 1868 2249 1923 auctam,
2280 1866 2443 1912 vocat
2495 1857 2861 1912 nihilominus
2902 1853 3282 1924 Epiphanius:
3335 1851 3481 1905 Fidei

228 1971 323 2007 non
360 1954 598 2024 factum,
628 1952 793 2007 Deum
829 1969 1008 2008 verum
1053 1969 1119 2007 ea:
1154 1952 1261 2007 Deo
1300 1971 1448 2018 vero,
1483 1955 1792 2009 homousion

222 2046 389 2108 Patri,
412 2063 507 2115 per
532 2062 689 2115 quem
721 2056 771 2100 et
809 2045 1007 2100 secula
1042 2047 1416 2117 compaginata
1452 2056 1575 2100 sunt
1608 2057 1654 2100 et
1680 2064 1797 2100 om-

220 2140 300 2189 nia
328 2137 493 2205 facta.
519 2136 626 2202 Qui
658 2145 874 2207 propter
900 2153 992 2190 nos
1023 2142 1183 2199 venit:
1204 2147 1250 2190 et
1285 2149 1439 2203 natus
1471 2148 1543 2192 est
1570 2154 1636 2191 ea:
1663 2138 1793 2193 Μα-

222 2232 295 2280 ria
326 2227 561 2298 Virgine.
596 2227 665 2281 Et
696 2228 986 2296 cruciﬁxus
1023 2228 1118 2282 sub
1159 2227 1350 2281 Pontio
1397 2227 1592 2290 Pilato;
1629 2239 1677 2281 et
1709 2245 1795 2282 se-

220 2319 410 2386 pultus.
439 2316 507 2369 Et
533 2319 694 2370 tertia
724 2318 811 2370 die
839 2316 1125 2370 resurrexit
1154 2315 1442 2368 secundum
1468 2313 1794 2384 Scripturas.

223 2410 285 2467 εξ
314 2413 367 2466 in
392 2410 548 2463 ctzlos
580 2408 840 2462 ascendit.
865 2407 935 2461 Et
959 2408 1152 2461 iterant
1175 2407 1344 2461 veniet
1361 2406 1610 2475 judicare
1636 2408 1797 2470 viros,

225 2516 271 2558 et
307 2513 563 2558 mortuos.
590 2502 657 2556 Et
690 2502 921 2572 reliqua.
954 2522 973 2553 ι
1004 2501 1245 2572 Hujusce
1274 2500 1523 2556 formula
1544 2512 1800 2558 auctores

229 2598 495 2667 perquirit
520 2595 758 2650 Alardus
781 2594 1010 2650 Gaza-us
1034 2594 1089 2646 in
1120 2592 1301 2647 Notis.
1339 2591 1456 2647 Non
1494 2593 1658 2647 aliam
1689 2595 1804 2647 ori-

224 2690 402 2758 ginem
434 2688 558 2758 ejus
592 2687 1001 2749 existimamus,
1044 2684 1152 2738 nisi
1194 2700 1363 2754 quam
1406 2683 1797 2740 indicavimus.

224 2782 440 2837 Similes
490 2781 614 2836 aliae
648 2780 705 2833 itt
755 2779 881 2834 aliis
926 2777 1187 2849 vigebant
1236 2777 1500 2833 Ecclesiis
1548 2778 1802 2834 formula:

224 2873 635 2947 Symbolorum.
1282 2900 1309 2919 κ

291 2966 466 3021 Fuere
495 2966 743 3020 nonnulli
773 2966 825 3019 in
856 2965 1161 3021 Sardirensi
1195 2965 1443 3027 concilio.
1478 2964 1624 3034 quod
1655 2979 1804 3019 anno

226 3058 329 3116 ΞΠ
354 3059 687 3113 celebratum
719 3058 1036 3128 cltronologi
1091 3058 1438 3127 frequentius
1466 3059 1758 3113 adnotant
1784 3077 1798 3114 :

228 3151 319 3221 qui
356 3150 601 3221 Symbolo
631 3147 852 3204 Merena
880 3148 1161 3219 quidpiam
1196 3149 1358 3219 adjici
1391 3162 1645 3219 oportere
1669 3164 1803 3203 cott-

1898 1949 2185 2021 formulam
2237 1968 2270 2004 a
2304 1955 2499 2005 sanctis
2531 1950 2783 2017 apostolis
2818 1951 3076 2003 traditam
3126 1958 3175 2001 et
3211 1948 3265 2000 in
3302 1946 3482 1999 Eccle-

1894 2044 1976 2096 sia
2011 2044 2065 2096 itt
2088 2053 2274 2096 sancta
2300 2042 2424 2097 urbe
2444 2043 2507 2095 ab
2543 2043 2784 2096 omnibus
2817 2042 3019 2093 sanctis
3048 2040 3333 2110 episcopis.
3380 2041 3474 2108 qui

1897 2152 2062 2205 supra
2095 2144 2348 2190 trecentos
2361 2143 2410 2188 et
2438 2135 2614 2189 decem
2632 2138 2866 2204 luerunt.
2893 2134 3164 2203 (Nicatnos
3178 2131 3481 2200 videlicet),

1897 2229 2280 2298 prtrscriptam.
2316 2228 2517 2295 Quidni
2553 2228 2842 2297 apostolica
2905 2237 2959 2280 et
2998 2225 3223 2279 Nicrcna
3251 2223 3481 2279 dicenda

1900 2320 2063 2383 foret,
2090 2336 2216 2373 cum
2247 2336 2412 2375 voces
2448 2321 2732 2381 duntaxat,
2764 2319 2970 2387 quibus
2995 2318 3283 2370 enucleate
3312 2317 3486 2385 magis

1900 2412 2117 2469 articnli
2164 2414 2540 2473 declarantur.
2584 2412 2829 2482 adjectus
2891 2410 3125 2463 aﬂ’erat?
3181 2412 3482 2476 Argumen-

1903 2516 2018 2560 tum
2075 2506 2205 2560 binc
2234 2505 2473 2570 elicitur,
2503 2505 2649 2576 quod
2686 2504 2909 2560 Grmcos
2935 2502 3172 2573 jugulat,
3232 2501 3488 2571 favetqne

1904 2597 2167 2652 Romanis
2205 2608 2262 2653 et
2283 2598 2756 2653 Occidentalibus.

1973 2688 2171 2743 Adhuc
2198 2690 2360 2744 aliam
2383 2691 2555 2760 magis
2584 2692 2853 2759 prolisam
2884 2689 3090 2744 ibidem
3115 2686 3310 2749 refert,
3331 2699 3485 2740 nttm.

1905 2777 2029 2832 tat.
2066 2778 2228 2833 Vetbi
2276 2778 2452 2833 divini
2478 2757 2811 2840 incarnatio,
2840 2794 2902 2831 ac
2927 2776 3169 2847 Spiritus
3203 2772 3378 2828 sancti
3406 2771 3491 2824 di-
3548 2757 3563 2762 ’

1902 2869 2103 2925 vinitas
2136 2871 2503 2925 luculentiore
2532 2884 2790 2925 sermone
2813 2879 3190 2938 exponuntur.
3252 2861 3486 2920 (laeteris

1904 2963 2311 3033 praetermissis,
2337 2979 2460 3031 qua:
2484 2963 2675 3016 eadem
2709 2970 2839 3016 sunt
2869 2961 2924 3013 in
2957 2954 3478 3029 SymboloNieatuo,

1908 3058 2023 3110 haec
2049 3046 2306 3124 profero:
2340 3054 2406 3107 Et
2442 3057 2601 3109 homo
2632 3055 2806 3117 [actus
2840 3061 2916 3107 est
2944 3067 2962 3105 :
3015 3052 3070 3105 id
3091 3058 3168 3104 est
3202 3048 3492 3119 perfectum

1908 3149 2194 3217 assumpsit
2235 3148 2519 3219 hominem,
2591 3148 2850 3207 animam,
2887 3159 3099 3211 carpus.
3166 3148 3410 3200 mentem.
3441 3149 3490 3191 ct

229 3209 538 3301 tendebant.
593 3244 727 3297 Rem
776 3209 982 3305 narrat,
1017 3209 1443 3312 decretumque.
1467 3242 1658 3313 synodi
1710 3244 1807 3296 ad-
1829 3209 1876 3271 Ο
1911 3209 2164 3311 quidquid
2190 3241 2341 3296 aliud
2381 3209 2533 3296 homo
2564 3251 2660 3303 est,
2688 3248 2902 3310 excepto
2940 3209 3191 3308 peccato:
3224 3250 3327 3288 non
3362 3249 3389 3285 e
3422 3234 3495 3286 ri-

227 3353 462 3401 versum,
495 3336 662 3391 all'ert
694 3345 918 3391 sanctus
965 3336 1298 3390 Athanasius
1350 3336 1402 3389 in
1437 3337 1646 3406 synodo
1685 3337 1808 3390 Ale-

229 3429 486 3484 xandrina
518 3444 665 3483 anno
715 3429 842 3494 362,
891 3444 911 3479 ς
949 3426 1211 3494 Quamvis
1241 3428 1378 3482 certi
1422 3428 1693 3490 homines,
1724 3429 1809 3482 itt-

229 3525 443 3592 quiens,
507 3522 775 3576 nonnulla
832 3520 986 3590 quasi
1040 3536 1163 3590 quae
1221 3520 1523 3587 deessent,
1582 3521 1806 3575 Nicreao

231 3616 461 3671 concilio
488 3615 770 3670 ascribere
806 3614 1008 3667 vellent
1038 3613 1250 3683 (utique
1282 3612 1610 3683 orthodoxa)
1646 3616 1809 3682 idque

179 3757 187 3763 .
234 3712 432 3763 acriter
456 3708 899 3771 contenderent;
954 3716 1137 3759 sancta
1171 3716 1350 3759 tamen
1384 3709 1628 3776 synodus
1681 3723 1804 3776 quae

233 3802 463 3857 Sardicae
487 3800 770 3863 convenit,
803 3799 1025 3867 indigne
1056 3799 1111 3852 id
1147 3798 1291 3863 tulit,
1331 3802 1659 3869 decretoque
1684 3815 1809 3852 san-

232 3896 395 3951 civit:
425 3893 501 3949 Ne
547 3893 676 3963 quid
705 3891 926 3945 ulterius
951 3892 1014 3945 de
1059 3891 1161 3961 ﬁde
1217 3891 1552 3956 scriberetur,
1608 3904 1653 3944 et
1698 3907 1810 3945 sese

231 4000 502 4044 contentos
531 4004 640 4042 esse
664 3986 892 4042 Nictena
919 3987 1026 4053 ﬁde
1046 3986 1454 4041 declaraverunt
1479 4003 1497 4050 ;
1522 3996 1575 4039 ut
1612 3988 1697 4039 cui
1728 3988 1809 4039 ni-

232 4082 307 4136 hil
348 4082 569 4140 deesset,
594 4087 643 4134 et
674 4094 794 4150 quae
822 4077 977 4147 plena
1018 4077 1231 4145 pietatis
1251 4085 1422 4141 esset;
1453 4093 1616 4146 neque
1655 4077 1811 4129 eden-

235 4176 358 4229 dam
376 4190 481 4228 esse
508 4172 674 4226 aliam
694 4170 1072 4243 professionem
1097 4168 1244 4233 ﬁdei.
1266 4186 1331 4222 ne
1359 4167 1454 4222 illa
1472 4186 1587 4238 qum
1615 4166 1811 4222 Nicth

238 4270 431 4339 scripta
462 4277 561 4327 est,
596 4264 906 4332 imperfecta
932 4263 1275 4326 crederetur;
1308 4277 1432 4314 nere
1464 4262 1570 4315 illis
1606 4262 1811 4314 occasio

235 4361 536 4430 hujusrnodi
582 4357 1039 4427 suppeditaretur,
1072 4356 1164 4425 qui
1217 4370 1581 4424 swpenuntero
1627 4355 1811 4407 colunt

234 4452 300 4505 de
327 4450 430 4519 [ide
457 4449 679 4517 delinire
709 4456 759 4499 et
791 4444 1042 4500 scribere.
1079 4464 1098 4495 ι

1913 3334 2003 3384 riti
2033 3342 2178 3395 satu,
2218 3348 2308 3386 nec
2342 3333 2501 3385 ita.ut
2532 3332 2586 3383 in
2610 3332 2819 3384 homine
2845 3330 3109 3383 duntaa‘at
3142 3327 3351 3385 inesset,
3405 3324 3495 3377 sed

1914 3424 1971 3477 in
2036 3425 2265 3494 seipsum
2322 3425 2544 3493 efﬁctam
2601 3423 2753 3476 illaut
2809 3436 3024 3473 carnem
3079 3416 3378 3480 transtulit,
3447 3423 3496 3466 et

1913 3519 1970 3569 in
1997 3534 2160 3569 unam
2212 3533 2275 3569 ac
2301 3527 2541 3569 sanctam
2574 3513 3004 3581 singularitatem
3036 3508 3314 3579 conjunxit
3340 3522 3357 3559 :
3392 3519 3496 3558 non

1917 3609 1986 3660 ad
2019 3623 2136 3661 eum
2171 3610 2381 3660 modum
2406 3624 2509 3676 quo
2532 3606 2797 3676 prophetis
2834 3605 3116 3671 aspiravit,
3172 3611 3218 3653 et
3279 3601 3333 3652 in
3389 3598 3497 3650 illis

1918 3701 2123 3754 locutus
2148 3710 2242 3763 est,
2284 3701 2549 3770 effecitque
2578 3698 2876 3767 quidpiam,
2911 3696 3004 3747 sed
3057 3696 3212 3746 homo
3243 3689 3498 3762 perfectus

1919 3810 2030 3847 esse
2055 3793 2255 3847 voluit:
2298 3791 2522 3845 Verbum
2556 3791 2747 3860 quippe
2797 3804 2923 3841 caro
2953 3788 3150 3856 factum
3177 3793 3286 3847 est;
3334 3798 3500 3853 neque

1919 3896 2011 3939 aut
2045 3887 2389 3939 mutationem
2413 3884 2581 3937 ullam
2613 3892 2687 3935 est
2708 3891 3008 3948 expertum.
3042 3886 3136 3931 aut
3166 3877 3498 3929 divinitatem

1919 3995 2073 4032 suam
2114 3979 2168 4031 in
2192 3988 2443 4031 naturam
2478 3975 2734 4028 convertit
2785 3970 3032 4033 nominis,
3089 3969 3183 4023 sed
3241 3969 3295 4023 in
3332 3981 3499 4021 unam

1918 4087 2160 4130 sanctam
2197 4074 3016 4145 perfectionemdivinitatemque
3037 4066 3320 4136 copulavit.
3355 4064 3500 4120 Unus

1919 4178 1996 4221 est
2047 4168 2184 4221 enim
2217 4167 2471 4220 Dominus
2503 4166 2655 4220 Jesus
2715 4163 2976 4221 Christus.
3018 4177 3121 4215 non
3150 4160 3289 4212 duo:
3359 4158 3498 4211 idem

1926 4258 2087 4324 Deus,
2122 4260 2260 4312 idem
2286 4258 2559 4321 Dominus,
2580 4256 2818 4325 idemque
2848 4253 2979 4306 Rex.
3007 4252 3108 4315 Qui
3131 4266 3316 4322 passus
3344 4258 3421 4302 est
3448 4250 3504 4303 in

1919 4368 2099 4425 carne,
2131 4350 2538 4404 et'rcsurrexit:
2593 4357 2641 4400 et
2699 4346 2888 4400 aulum
2921 4361 3036 4397 cum
3059 4342 3241 4396 eodem
3278 4356 3503 4410 corpore

1923 4442 2261 4496 conscendit:
2288 4453 2336 4496 et
2364 4441 2431 4494 ad
2457 4442 2729 4493 dexteram
2766 4438 2946 4492 Patris
2977 4435 3203 4506 gloriose
3229 4433 3501 4487 consedit:

305 4546 386 4600 An
415 4545 532 4598 lta-c
556 4533 731 4596 nobis.
750 4550 1032 4608 opponant
1056 4538 1229 4591 Gra‘Ci
1266 4538 1318 4592 itt
1352 4538 1667 4607 pra-sidinnt
1704 4553 1815 4589 sum
1853 4565 1895 4618 υ
1925 4546 1974 4587 et
2002 4553 2118 4589 cum
2149 4535 2325 4589 eodem
2351 4551 2567 4603 corpore
2598 4542 2851 4587 venturus
2898 4538 2972 4583 est
3002 4544 3119 4591 cum
3149 4528 3322 4597 gloria
3350 4526 3503 4595 judi-

236 4653 412 4692 εδοξε
471 4636 767 4689 adversum
806 4648 1023 4693 vocem,
1065 4630 1336 4701 Filioque,
1379 4631 1639 4700 Symbolo
1672 4634 1820 4698 adje-

237 4708 420 4784 ctanai
474 4725 737 4782 Noverint
791 4724 921 4793 ipsi,
979 4723 1261 4778 decretum
1305 4722 1438 4776 illud
1494 4721 1820 4778 Sardicense

243 4819 642 4890 impedimento
704 4830 812 4870 non
853 4815 1038 4878 fuisse,
1101 4814 1402 4882 quominus
1469 4815 1522 4869 itt
1580 4816 1821 4870 Ecclesia

240 4912 511 4970 Orientali
545 4908 813 4979 prolixior
844 4906 1105 4963 ederetur
1139 4906 1373 4960 formula
1407 4908 1460 4961 in
1498 4907 1821 4976 baptismate

250 5007 542 5067 tradenda.
591 5001 809 5058 Profert
861 5017 981 5055 eam
1027 5001 1370 5071 Epiphanius
1428 5004 1483 5056 itt
1531 5004 1819 5067 Ancorato,

238 5120 396 5158 num.
464 5100 599 5156 120:
642 5117 663 5151 ι
703 5081 998 5153 Credimus
1050 5096 1103 5150 in
1142 5111 1313 5151 unum
1356 5095 1546 5157 Deum,
1605 5096 1819 5150 Patrem

238 5196 706 5264 omnipotentem,
769 5188 1037 5241 factorem
1071 5188 1479 5250 cmliettcrrm,
1526 5187 1821 5240 visibilium

241 5289 493 5343 omnium
552 5297 610 5341 et
663 5282 1046 5339 iuvisibiliunt.
1114 5280 1179 5334 Et
1230 5280 1284 5334 in
1334 5294 1501 5332 unum
1535 5276 1821 5331 Dominum

241 5383 432 5439 Jesum
466 5379 752 5434 Christum
791 5375 992 5430 Filium
1020 5373 1112 5427 Dei
1148 5371 1514 5440 unigenitum,
1555 5379 1608 5422 et
1634 5386 1698 5422 es
1729 5370 1827 5423 Pa-

246 5484 334 5528 tre
385 5482 577 5527 natum
636 5478 766 5523 ante
820 5468 1010 5522 omnia
1058 5462 1473 5532 secula:l5l
1522 5462 1627 5517 ltoc
1652 5472 1824 5515 estex

244 5566 425 5624 Patris
458 5562 791 5623 substantia,
827 5561 1011 5614 lumen
1050 5558 1116 5611 de
1146 5556 1380 5620 lumine,
1419 5554 1586 5608 lteutn
1633 5570 1822 5607 verum

243 5663 315 5715 de
340 5661 448 5713 Deo
476 5671 633 5721 vero,
648 5653 891 5724 genitum
919 5666 1026 5704 non
1048 5651 1276 5711 factum.
1309 5645 1824 5702 consubstantialem

246 5751 421 5815 Patri,
454 5766 553 5820 per
585 5763 751 5819 quem
782 5744 967 5799 omnia
1008 5742 1150 5797 facta
1183 5749 1335 5803 sunt,
1394 5756 1515 5808 qua:
1550 5737 1690 5792 coelo
1721 5746 1827 5792 ter-

249 5861 416 5916 raque
459 5844 853 5903 continentur;
887 5837 1007 5908 qui'
1035 5844 1258 5905 propter
1292 5848 1391 5889 nos
1444 5832 1717 5893 homines,
1771 5841 1825 5887 et

1925 4645 2050 4682 care
2098 4630 2237 4683 vivos
2264 4637 2312 4680 et
2350 4636 2611 4687 mortuos,
2672 4624 2826 4695 cujus
2879 4622 3027 4692 regni
3067 4636 3169 4673 non
3220 4619 3317 4672 erit
3357 4618 3501 4685 ﬁnis.

1926 4722 2200 4777 Credimus
2239 4730 2287 4775 et
2327 4722 2383 4774 in
2442 4720 2698 4790 Spiritum
2728 4729 2993 4778 sanctum,
3029 4714 3118 4783 qui
3178 4713 3377 4765 locutus
3431 4718 3505 4764 est

1931 4812 2091 4881 152
2119 4813 2173 4865 in
2211 4812 2342 4883 lege,
2375 4820 2424 4863 et
2455 4826 2550 4881 per
2574 4811 2859 4877 prophetas
2889 4804 3200 4875 prwdicavit
3227 4818 3245 4854 :
3283 4801 3354 4854 ad
3377 4799 3506 4854 lor-

1926 4908 2118 4957 danem
2143 4905 2429 4963 descendit,
2452 4905 2505 4956 in
2544 4901 2795 4976 apostolis
2828 4900 3030 4951 locutus
3067 4904 3160 4954 cst,
3198 4905 3244 4946 et
3296 4896 3347 4947 in
3379 4909 3508 4946 san.-

1927 5005 2021 5050 ctts
2051 4996 2292 5049 habitat.
2350 4993 2437 5046 Ita
2477 5009 2638 5063 porro
2699 5008 2793 5044 nos
2825 4991 2878 5043 in
2911 4990 3023 5059 ipso
3060 4987 3357 5040 credimus:
3388 4984 3505 5056 Spi-

1929 5090 2089 5141 ritum
2126 5102 2237 5139 esse
2266 5096 2530 5143 sanctum,
2567 5083 2660 5135 Dei
2714 5081 2990 5151 Spiritum,
3021 5078 3280 5145 Spiritum
3332 5077 3507 5147 perfe-

1929 5157 2092 5243 ctum,
2141 5178 2406 5248 Spiritum
2464 5172 2835 5235 Paracletum,
2898 5171 3219 5232 ittcreatum,
3264 5185 3296 5220 a
3344 5167 3509 5225 Patre

1927 5271 2311 5339 procedentem,
2384 5265 2733 5335 accipientem
2767 5281 2797 5316 a
2835 5261 2992 5317 Filia.
3056 5259 3180 5314 llwc
3235 5269 3507 5327 postrema

1931 5364 2095 5417 verba
2124 5357 2608 5416 animadvertenda
2641 5366 2791 5418 sunt,
2813 5372 2933 5424 qum-
2967 5353 3244 5423 particular-
3274 5350 3512 5419 Filioque

1929 5456 2300 5526 a-qnipollent.
2336 5452 2543 5506 Tenus
2607 5450 2828 5503 Gracus
2886 5446 3090 5502 habet:
3124 5444 3222 5496 Ἐκ
3252 5442 3346 5496 τοῦ
3383 5440 3513 5495 lio?»

1929 5550 2212 5618 λαμϐανόμ
2228 5565 2366 5603 ενον.
2399 5547 2484 5601 AI.
2526 5543 2898 5613 λαμϐάνοντα.

2002 5643 2167 5711 Digna
2186 5648 2312 5694 sunt
2331 5638 2497 5693 etiam
2512 5634 3003 5694 animadversione,
3020 5645 3139 5700 ιιιιςῐ·
3160 5627 3360 5682 ibidem
3381 5638 3517 5693 prb

1932 5737 2161 5791 miserat
2190 5731 2531 5803 Epiphanius
2561 5730 2724 5783 vcrlia
2749 5745 2761 5781 :
2792 5744 2809 5777 ι
2836 5726 3033 5779 Verum
3063 5720 3322 5793 quoniam
3354 5725 3515 5770 aetate

1931 5838 2119 5886 nostra
2154 5825 2273 5881 alia!
2294 5830 2418 5894 post
2456 5822 2589 5878 alias
2623 5822 2862 5877 lmresos
2890 5822 3257 5875 cmcrzcrunt,
3320 5809 3371 5869 id
3428 5814 3515 5867 est
