3838 6362
305 336 409 401 155

1226 303 1552 398 usuusu
1595 335 1853 397 evrum
1896 336 2003 397 ce.
2046 334 2562 396 PATnIARcae

3448 324 3553 392 156

296 451 642 521 temporibus
668 450 1047 508 Valentiniani
1080 460 1135 541 et
1161 442 1408 508 Valentis
1467 454 1879 523 imperatorum,
1916 457 1953 510 Α
1987 450 2062 503 tui
2094 463 2282 504 sancto
2332 450 2729 504 resistentium.
2766 466 2783 499 ι
2819 446 2963 502 Satis
3011 445 3064 500 id
3105 450 3243 497 erat.
3282 441 3444 498 Fides
3479 453 3563 497 at-

293 559 530 613 quorum
579 545 690 614 jam
751 544 981 599 decimus
1014 532 1201 601 annus
1270 546 1477 617 agitur,
1518 553 1576 601 et
1617 545 1875 601 Gratiani

292 646 553 701 sextus,a
607 636 955 693 Diocletiano
1003 654 1136 693 vero
1183 650 1414 711 tyranno
1465 641 1881 710 nonagesimus:

295 741 588 799 propterea
628 740 737 783 tam
770 745 889 793 vos.
926 747 1093 801 quam
1158 748 1261 787 nos
1319 731 1451 801 ipsi.
1483 742 1540 787 et
1585 731 1879 786 orthodoxi

297 837 488 874 omnes
511 821 782 889 episcopi.
821 833 879 877 et
912 838 1025 876 uno
1058 833 1116 875 ut
1145 825 1313 876 verbo
1345 824 1524 900 dicam
1551 833 1663 879 tota
1695 823 1884 879 Eccle-

295 912 372 967 sia
406 915 701 971 catholica.
741 915 1009 969 adversus
1040 917 1383 988 prodeuntes
1423 917 1730 971 identidem
1766 916 1878 970 hae-

295 1023 472 1071 reses,
512 1020 997 1077 consentaneeque
1051 1025 1174 1063 cum
1231 1011 1480 1077 exposita
1538 1011 1700 1078 paulo
1756 1017 1881 1064 ante

298 1110 615 1154 sanctorqu
676 1100 894 1152 Patrum
951 1100 1075 1152 fidei
1126 1099 1388 1158 fut-inuia.
1451 1101 1521 1154 iis
1576 1099 1881 1168 prtesertiut

298 1196 389 1259 qui
422 1193 681 1260 baptismo
706 1192 959 1245 initiandi
989 1202 1135 1248 sunt.
1167 1193 1407 1246 dicimus
1468 1203 1530 1246 ut
1564 1194 1670 1261 hoc
1719 1194 1882 1247 modo

300 1284 683 1351 profiteantur,
743 1300 805 1338 ac
836 1284 1059 1337 dicant:
1094 1284 1411 1347 Credimus.
1468 1297 1579 1340 etc.
1621 1305 1639 1337 ι
1673 1284 1880 1354 Collige

299 1375 446 1426 duo:
488 1374 775 1439 praedictas
806 1373 932 1441 ﬁdei
963 1375 1224 1443 formulas
1257 1376 1310 1430 in
1349 1392 1449 1430 usu
1480 1377 1649 1431 fuisse
1681 1377 1880 1445 aliqui-

301 1462 404 1516 bus
432 1465 485 1516 in
520 1462 763 1519 Orientis
792 1465 1189 1519 Ecclesiisante
1221 1482 1423 1520 annum
1455 1467 1580 1530 575,
1605 1481 1712 1536 quo
1735 1468 1882 1521 deci-

300 1569 419 1605 mus
446 1570 617 1608 annus
645 1554 1009 1611 Valentiniani
1059 1567 1117 1612 et
1151 1552 1411 1626 Valentis,
1439 1569 1495 1615 et
1531 1572 1713 1614 sextus
1745 1559 1881 1616 Gra-

299 1647 435 1701 tiani
474 1647 836 1716 inceperunt:
875 1651 1098 1721 sibique
1146 1653 1229 1708 las
1263 1654 1431 1710 fuiSse
1464 1655 1885 1726 Graactelingnae

299 1742 489 1797 Patres
551 1742 920 1805 existimasse.
996 1744 1271 1799 Nicmnam
1340 1744 1585 1817 Symboli
1654 1748 1872 1803 iuratu-

298 1831 408 1885 lam
480 1832 930 1900 explicatioribus
975 1847 1174 1898 augere
1194 1833 1425 1889 vocibus
1456 1838 1871 1905 proptcrlttere-

301 1938 390 1978 ses
423 1935 792 1993 emergentes.
827 1923 940 1979 Cur
997 1927 1187 1980 eadem
1245 1926 1475 1982 facultas
1533 1944 1635 1997 pro
1696 1946 1881 1984 rerum

302 2016 753 2082 circumstantiis,
772 2027 1223 2089 emergentesque
1247 2029 1468 2088 propter
1491 2020 1746 2089 haereses,
1772 2038 1884 2077 non

302 2108 599 2163 conveniat
647 2108 961 2165 Occidentis
997 2110 1300 2167 Ecclesiis‘l

373 2199 692 2256 Etuerserat
725 2217 858 2256 vero
880 2201 1105 2258 hmresis
1138 2205 1538 2269 Anonto'orum,
1568 2206 1883 2261 auctoribus

306 2290 465 2344 Aetio
521 2300 578 2346 et
621 2290 909 2357 Eunomio,
951 2294 1045 2363 qui
1093 2295 1441 2350 Tllt‘OdOl‘BlO
1479 2307 1614 2351 teste
1652 2297 1796 2352 libro
1829 2314 1881 2351 tv

311 2382 699 2438 [hereticorum
725 2384 1080 2451 Fabularum,
1103 2387 1355 2441 dicebant
1385 2406 1398 2441 :
1440 2388 1645 2445 Filium
1671 2390 1883 2461 quidem

307 2476 537 2540 primaut
610 2485 912 2530 creaturam
987 2477 1189 2542 Patris,
1260 2481 1689 2548 praecipuamque
1732 2492 1882 2533 esse:

307 2564 568 2636 Spiritum
591 2583 711 2621 vero
733 2579 977 2622 sanctum
1010 2588 1042 2623 ιι
1076 2571 1213 2625 Filio
1241 2583 1365 2626 ante
1389 2572 1502 2626 alia
1528 2589 1691 2643 opera
1738 2590 1887 2627 crea-

307 2672 421 2713 tum
447 2676 576 2715 esse.
643 2662 816 2731 Ipsius
840 2665 1095 2718 llunomii
1123 2667 1287 2719 verba
1311 2676 1440 2721 sunt
1468 2667 1610 2736 apud
1626 2679 1883 2737 sanctum

305 2753 590 2815 Basilium,
616 2754 755 2808 libro
776 2771 835 2817 n,
856 2766 1048 2811 contra
1076 2758 1329 2813 eumdem
1363 2759 1703 2822 hatreticum,
1728 2764 1882 2813 nutu.

306 2846 377 2900 55
418 2846 695 2913 :Ingeniti
745 2850 957 2919 quidem
1015 2862 1265 2905 creatura
1321 2850 1490 2904 Filius
1540 2868 1559 2905 :
1625 2850 1888 2920 Unigeniti

306 2954 428 2992 uero
494 2938 827 2994 Paraclelus.
885 2940 1035 2997 Hanc
1098 2952 1256 2997 vocat
1302 2952 1527 2997 sanctus
1552 2944 1890 3012 Augustinus

306 3029 559 3085 haeresim
618 3035 963 3099 Arianorum,
1019 3052 1167 3091 num.
1224 3037 1316 3101 49,
1375 3038 1469 3105 qui
1536 3038 1773 3101 Patrem,
1839 3048 1890 3092 et

1992 551 2173 595 tamen
2224 542 2496 596 catholica
2526 550 2584 594 ut
2623 539 2844 595 facilius
2902 539 3273 593 iunotesceret
3325 536 3560 599 cunctis.

1982 649 2046 689 ac
2080 634 2288 688 lirtnior
2342 635 2543 688 animis
2573 635 2819 688 omnium
2878 631 3219 693 inhaereret,
3254 628 3565 683 consultius

1982 726 2192 781 duxere
2219 727 2411 780 Patres
2470 726 2543 778 illi
2579 720 3202 790 ConstantiImpolitani,
3258 729 3317 773 ut
3348 719 3562 773 formu-

1980 816 2087 870 lam
2124 814 2390 887 Symbcli.
2424 815 2637 870 Nicarna
2675 815 3047 883 prolixiorem,
3076 811 3331 867 Ecclesiis
3366 825 3567 879 propo-

1985 918 2211 964 nerent:
2269 924 2501 978 eamque
2532 910 2883 975 a-loptaruut.
2938 921 3058 973 qum
3090 905 3239 972 prior
3264 912 3347 957 est
3401 917 3565 973 supe-

1987 1003 2105 1055 rius
2164 1001 2436 1068 descripta
2464 998 2840 1068 Epipltaniana
2865 1014 2883 1061 ;
2910 996 3110 1050 additis
3133 995 3301 1048 etiam
3334 994 3563 1047 Vocibus

1984 1095 2114 1155 illis.
2154 1092 2322 1146 Deum
2353 1095 2415 1146 de
2475 1093 2613 1148 Deo:
2647 1093 2768 1143 aliis
2805 1086 3222 1158 praetermissis,
3268 1102 3481 1154 nempe.
3514 1096 3562 1136 et

1984 1201 2101 1254 qua:
2123 1187 2177 1239 in
2211 1186 2374 1243 caelis.
2406 1194 2453 1237 et
2493 1200 2611 1254 qua:
2640 1186 2693 1236 in
2746 1192 2890 1234 terra
2922 1199 2941 1243 ;
2972 1191 3027 1234 et
3091 1181 3197 1233 illis
3233 1178 3418 1241 etiam,
3467 1178 3564 1230 hoc

1986 1292 2082 1337 est,
2107 1293 2169 1332 ea:
2195 1279 2490 1332 substantia
2557 1278 2776 1331 Patris:
2817 1292 2939 1345 quae
2976 1277 3031 1329 in
3085 1275 3190 1328 alia
3242 1288 3400 1334 voce.
3433 1288 3561 1325 con-
3614 1351 3617 1353 ι

1987 1369 2370 1431 substantialis.
2430 1371 2994 1435 comprehenduntur.

2062 1461 2261 1516 lterum
2304 1462 2506 1528 regiam
2541 1463 2593 1514 in
2618 1461 2897 1515 civitatem
2928 1475 3076 1513 anno
3112 1456 3425 1525 insequenti
3451 1455 3560 1509 382

1984 1570 2296 1612 convenere
2338 1555 2562 1618 Patres,
2624 1568 2688 1607 ac
2728 1552 3054 1622 Synodicam
3114 1550 3345 1603 Damaso
3380 1548 3561 1616 ponti-

1986 1649 2095 1710 fici,
2134 1646 2459 1716 caeterisque
2492 1644 2808 1703 Occidentis
2838 1643 3116 1711 episcopis
3152 1642 3446 1695 dederunt.
3481 1638 3568 1691 ln-

1986 1752 2071 1796 ter
2102 1741 2206 1795 alia
2251 1740 2332 1795 sic
2371 1740 2575 1794 habent
2623 1755 2638 1793 :
2675 1738 2803 1804 Quae
2836 1738 2998 1806 igitur
3032 1736 3101 1789 ad
3128 1734 3288 1802 ﬁdem
3315 1734 3568 1796 attinent,

1982 1851 2148 1906 quam
2180 1843 2361 1908 aperte
2390 1834 2765 1905 prauticamus,
2794 1833 2847 1884 in
2872 1846 3079 1884 summa
3109 1837 3233 1881 sunt
3263 1811 3572 1896 Itujusmodi

1991 1933 2136 2000 (qua:
2168 1926 2442 1997 praemissa
2471 1925 2644 1993 sunt).
2678 1924 2752 1978 De
2781 1923 2966 1993 quibus
2995 1920 3225 1993 amplius
3255 1920 3452 1972 animis
3485 1933 3573 1973 ve-

1980 2023 2105 2076 stris
2156 2020 2468 2089 satisfacere
2502 2018 2764 2089 poteritis,
2825 2017 2871 2070 si
2914 2024 3111 2069 tomum
3151 2014 3337 2084 synodi
3380 2013 3571 2065 Antio.

1982 2117 2175 2172 cliente.
2200 2124 2249 2167 et
2275 2130 2393 2167 eum
2421 2113 2511 2183 qui
2541 2111 2800 2180 superiori
2853 2126 2994 2163 anno
3057 2108 3206 2172 (581)
3260 2105 3573 2160 Constanti-

1982 2212 2158 2284 nopoli
2200 2230 2231 2265 a
2268 2211 2467 2281 synodo
2498 2206 2788 2262 uniuersali
2817 2214 2893 2260 est
2948 2207 3144 2266 editus.
3201 2205 3459 2267 inspicere
3488 2202 3574 2255 di-

1979 2304 2240 2374 gnamini.
2272 2299 2365 2355 Ubi
2387 2309 2436 2352 et
2473 2298 2597 2365 ﬁdei
2654 2298 3028 2365 confessionem
3080 2295 3290 2348 uberius
3324 2295 3573 2360 exposui-

1983 2409 2139 2449 mur:
2175 2403 2222 2447 et
2258 2394 2316 2445 in
2345 2407 2521 2445 recens
2568 2391 2881 2444 adinventas
2926 2391 3148 2443 htereses
3217 2384 3573 2438 anathematis

1980 2486 2297 2540 sententiam
2331 2485 2755 2554 perscripsimus.
2790 2483 3093 2538 Postremis
3118 2480 3302 2533 verbis
3327 2477 3573 2532 Canones

1982 2576 2162 2630 editos
2204 2576 2517 2645 intelligunt
2552 2594 2566 2628 :
2603 2574 2757 2628 Fidei
2799 2590 2919 2629 vero
2970 2573 3372 2640 confessionem.
3409 2585 3574 2634 quam

1985 2670 2198 2724 uberius
2220 2670 2516 2737 expositam
2567 2670 2744 2730 aiunt,
2779 2668 3023 2720 indicant
3052 2664 3393 2735 Symbolum,
3422 2666 3574 2731 quod

1985 2764 2150 2833 vulgo
2181 2760 2833 2831 Constantinopolitanum
2861 2759 3171 2830 appellatur
3214 2775 3228 2812 :
3270 2773 3335 2811 ac
3391 2768 3568 2811 tomus

1988 2856 2081 2910 ille
2109 2856 2330 2909 demum
2373 2856 2561 2926 synodi
2592 2853 2927 2908 Antiocheam
2961 2852 3283 2923 Symbolum
3317 2851 3573 2904 contine-

1989 2947 2106 3013 bat,
2147 2948 2404 3018 superius
2439 2963 2505 3002 ex
2528 2947 2789 3001 Cassiano
2822 2946 3191 3015 descriptum,
3214 2944 3359 3012 quod
3391 2944 3442 2995 in
3468 2957 3573 2995 usu

1990 3042 2136 3113 apud
2194 3057 2255 3097 se
2305 3042 2543 3112 positum
2584 3043 2650 3095 ad
2706 3041 2973 3110 synodum
3017 3036 3582 3107 Constantinopolita-

307 3123 534 3191 Filium,
583 3136 635 3181 et
698 3126 955 3198 Spiritum
1016 3142 1258 3184 sanctum
1305 3129 1492 3184 nolunt
1537 3148 1645 3186 esse
1707 3134 1886 3199 unius,
1914 3162 1960 3222 α
1993 3151 2117 3191 nam
2155 3135 2509 3191 transmisere
2532 3135 2724 3190 Patres
2753 3133 3182 3187 Antiochenin
3202 3131 3576 3186 verodeuium

308 3217 642 3288 ejusdemque
696 3234 928 3285 natura,
974 3231 1131 3294 atque
1180 3223 1510 3287 substantiis.
1565 3234 1658 3280 aut
1709 3243 1885 3282 essen-

309 3311 442 3366 tice:
481 3313 573 3366 sed
630 3330 743 3368 esse
814 3314 1021 3370 Filium
1056 3327 1384 3384 creaturam,
1441 3317 1703 3389 Spiritum
1762 3336 1885 3374 vero

306 3413 551 3459 sanctum
605 3415 915 3463 creaturam
993 3421 1296 3476 creatura,
1362 3414 1458 3465 hoc
1514 3422 1589 3466 est
1640 3413 1707 3467 ab
1768 3416 1883 3483 ipso

314 3496 454 3551 Filio
485 3511 725 3554 creatum
760 3501 966 3558 volunt.
999 3502 1368 3568 Macedonius.
1397 3506 1693 3575 episcOpus
1739 3505 1886 3561 Con-

309 3592 865 3661 stantinopolitanus,
928 3594 1125 3650 Filium
1173 3597 1672 3664 consubstantialem
1735 3599 1884 3655 Patri

309 3685 561 3752 negabat,
613 3685 847 3741 similem
904 3688 983 3742 illi
1046 3705 1144 3757 per
1194 3691 1377 3744 omnia
1426 3690 1889 3762 latebatur:Spi-

311 3777 470 3830 ritum
525 3794 644 3831 uero
688 3789 933 3833 sanctum
980 3781 1167 3851 (verba
1215 3790 1344 3836 sant
1386 3784 1717 3838 Theodoreti
1764 3785 1887 3840 loco

311 3868 527 3938 citato),
560 3869 695 3922 sicut
722 3871 904 3936 Arius,
937 3880 986 3926 et
1020 3872 1335 3936 Eunomius,
1364 3873 1733 3945 blasphemare
1760 3894 1886 3947 per-

308 3963 469 4017 sistit.
506 3962 650 4017 Uude
669 3965 758 4034 qui
784 3966 895 4035 ejus
918 3976 1074 4022 sectae
1108 3968 1442 4035 dicebantur,
1466 3970 1888 4026 Pneumatoma~

308 4053 394 4110 tibi
426 4058 785 4124 cognominati
813 4070 960 4115 sunt.

384 4147 647 4204 [heresim
668 4136 891 4207 dammit
922 4155 1187 4210 Damasus
1218 4171 1356 4226 papa
1406 4157 1461 4211 in
1507 4159 1718 4228 synodo
1777 4158 1887 4214 Ro-

310 4259 476 4299 mana
511 4260 657 4299 anno
684 4246 790 4302 379
844 4247 1000 4319 153
1024 4251 1333 4306 celebrata:
1377 4271 1396 4304 ι
1449 4253 1890 4308 Anathematiza-

310 4350 438 4391 mus
466 4337 678 4403 Arium,
706 4347 870 4408 atque
901 4340 1257 4408 Eunamium,
1308 4342 1404 4413 qui
1438 4349 1550 4412 pari
1578 4344 1879 4415 impietate,

252 4458 259 4465 ~
313 4425 446 4481 licet
466 4442 722 4482 sermone
744 4429 1024 4498 dissimili,
1055 4432 1250 4487 Filium
1270 4443 1324 4487 ot
1344 4433 1606 4505 Spiritum
1636 4445 1883 4490 sanctum

314 4530 572 4575 asserunt
601 4537 724 4577 esse
759 4533 1057 4581 creaturas.
1119 4525 1668 4583 Anathematizamus
1701 4529 1883 4583 Mace-
1919 4514 1965 4573 ο

314 4615 591 4680 donianos,
627 4618 719 4686 qui
752 4618 821 4674 de
856 4619 970 4674 Arii
1003 4620 1174 4689 stirpe
1206 4622 1509 4687 venientes,
1561 4636 1668 4676 nou
1726 4621 1892 4692 perli-

314 4709 462 4761 iliam
494 4721 867 4786 mutauerant,
894 4713 988 4767 sed
1025 4730 1223 4768 nomen
1245 4756 1257 4768 .
1285 4755 1301 4769 .
1327 4756 1340 4770 .
1367 4714 1422 4769 Si
1455 4715 1579 4785 quis
1604 4731 1711 4771 non
1737 4717 1891 4770 dixe-

311 4800 389 4856 rit
420 4799 677 4870 Spiritum
696 4816 939 4859 sanctum
971 4806 1035 4858 de
1074 4806 1234 4860 Patre
1268 4823 1377 4860 esse
1406 4822 1532 4861 vere
1554 4822 1617 4860 ac
1648 4809 1890 4876 praprie,

309 4894 456 4947 sicut
508 4893 702 4949 Filium
736 4897 803 4950 de
829 4896 1016 4950 divina
1059 4898 1385 4963 substantia.
1414 4899 1706 4953 anathema
1748 4899 1853 4954 sit.
1875 4940 1888 4954 .

314 5024 376 5043 ρ.
418 4985 632 5057 Siquis
703 4988 909 5043 dixerit
961 4988 1225 5059 Spiritum
1288 5001 1535 5044 sanctum
1599 4991 1890 5056 facturam,

242 5140 245 5143 _
310 5090 409 5135 ant
457 5097 552 5149 per
616 5078 820 5134 Filium
848 5082 1068 5151 factum,
1094 5083 1382 5136 anathema
1439 5082 1532 5137 sit.
1570 5101 1588 5133 ι
1626 5082 1891 5137 Ηςιττεείῐῐι

314 5174 524 5244 pariter
556 5175 888 5228 damnarunt
950 5173 1257 5229 Orientales
1281 5176 1470 5229 Patres
1508 5191 1652 5230 anno
1697 5177 1795 5232 581
1837 5178 1893 5231 in

314 5267 526 5334 synodo
571 5263 1183 5334 Coustantinopolitana
1213 5266 1451 5320 collecti.
1490 5266 1712 5321 Canone
1750 5268 1775 5321 l
1812 5267 1893 5322 sic

318 5356 557 5411 habent:
590 5353 780 5408 Fidem
807 5371 913 5409 non
938 5356 1248 5411 violandam
1283 5357 1505 5412 Patrum
1537 5368 1892 5414 trecentorum

315 5454 493 5503 decem
526 5457 574 5501 et
607 5461 741 5512 octo,
773 5449 865 5519 qui
900 5449 1044 5519 apud
1096 5449 1330 5505 Nicaeam
1364 5451 1629 5523 Bithyniae
1686 5468 1892 5508 conve.

314 5550 556 5596 nvruut:
612 5542 706 5593 sed
773 5556 991 5595 tuanere
1055 5557 1174 5596 eam
1223 5542 1456 5609 ﬁrmam,
1522 5554 1575 5600 et
1616 5545 1890 5601 stabilem.

318 5634 901 5689 Auathematizmdam
934 5651 1154 5691 omnem
1186 5636 1467 5704 haeresim,
1497 5648 1553 5692 et
1584 5639 1893 5708 specialiter

318 5726 792 5790 Eunomianorum,
824 5728 907 5781 vel
964 5729 1407 5794 Anomianorum,
1462 5740 1517 5786 et
1546 5733 1890 5798 Arianorum,

321 5820 407 5874 ul
455 5820 905 5887 Eudtu'ianorum,
950 5833 1002 5878 ct
1038 5822 1560 5889 .llaccdonianorum,
1601 5827 1684 5881 τοι
1719 5824 1893 5894 Spiri-

1991 3229 2282 3297 perspicue
2339 3236 2578 3289 constat,
2638 3225 2914 3281 Nicwnum
2962 3223 3285 3296 Symbolum
3346 3221 3579 3278 vocibus

1986 3319 2345 3390 quibusdam,
2377 3324 2587 3387 synodo
2615 3315 3209 3387 Constantinopolitano
3260 3312 3580 3385 approban-

1990 3420 2066 3473 te,
2124 3421 2347 3465 auctum
2387 3410 2557 3463 fuisse
2627 3391 2993 3478 propter‘eas
3045 3422 3168 3478 quae
3210 3413 3578 3470 emerseram,

1986 3502 2445 3557 Eunomianorum
2485 3511 2542 3555 et
2566 3499 3075 3554 Macedonianorum
3095 3500 3351 3558 haereses,
3387 3511 3488 3567 pro
3511 3511 3579 3550 ea

1988 3610 2097 3664 qua
2120 3595 2406 3664 pollebant
2436 3592 2608 3648 Crteci
2647 3593 2836 3647 Patres
2865 3602 3159 3663 potestate.
3201 3590 3364 3665 154
3393 3605 3577 3660 quave

1988 3698 2220 3744 caeteras
2256 3701 2366 3739 non
2395 3687 2665 3749 caruisse,
2710 3701 2890 3756 neque
2956 3700 3146 3740 carere
3185 3685 3238 3738 in
3276 3682 3581 3740 Occidente

1989 3778 2283 3843 Ecclesiae,
2315 3781 2661 3849 maximeque
2699 3780 3019 3842 ltomanatn,
3060 3776 3385 3834 dtl‘litebitur
3404 3792 3577 3833 neruo

1971 3874 2231 3944 .sapicns.

2626 3948 2952 4044 caeurit

1994 4102 2247 4174 Tempore
2294 4105 2515 4159 Damasi
2553 4119 2723 4175 papar,
2776 4112 2824 4156 et
2853 4103 3042 4174 synodi
3096 4098 3585 4175 Cotistantinopoli-

2060 4173 2220 4237 tanta,
2246 4175 2492 4244 Symbolo
2527 4173 2736 4243 adjecta
2759 4190 2860 4228 non
2886 4173 2987 4245 fuit
3015 4175 3307 4244 particula,
3349 4192 3367 4224 ι
3407 4173 3582 4228 bilio-

2060 4262 2179 4314 que.
2205 4265 2221 4297 ι
2265 4246 2401 4299 Eam
2431 4256 2607 4299 tamen
2652 4246 2851 4314 passim
2882 4245 3102 4314 docent,
3135 4260 3197 4297 ac
3232 4253 3449 4298 tuentur
3480 4245 3586 4298 Ec-

2061 4316 2234 4370 clesiae
2263 4317 2474 4373 Patres.
2505 4316 2837 4368 divinitatem
2893 4314 3124 4383 Spiritus
3177 4317 3351 4367 sancti
3404 4316 3584 4369 vindi—

2060 4396 2260 4439 cantes.
2297 4387 2574 4439 Decretum
2602 4384 2791 4455 synodi
2861 4385 3196 4439 cecumenica:
3228 4384 3535 4455 “Ephesiqu
3566 4402 3588 4440 .'

2059 4474 2159 4525 quo
2195 4473 2340 4511 nova:
2371 4455 2607 4525 Symboli
2633 4453 2882 4526 formula:
2915 4463 3184 4508 vetantur.
3224 4453 3394 4516 Vocis.
3425 4476 3443 4504 ι
3488 4454 3585 4508 Fi-

2065 4529 2255 4597 lioque.
2289 4546 2307 4579 i
2341 4527 2651 4597 urtjectﬁioni,
2684 4542 2802 4597 qua:
2830 4537 3013 4597 postea
3043 4528 3185 4597 [itcta
3217 4534 3310 4581 est.
3349 4542 3452 4579 non
3484 4529 3585 4578 ob—

2069 4595 2203 4650 stat.
2236 4595 2452 4668 Insigne
2487 4596 2675 4666 Cyrilli
2723 4595 3077 4668 Alexaiwrini
3099 4597 3455 4668 testimonium
3483 4613 3584 4648 ex-

2064 4668 2332 4737 penditur.
2355 4664 2494 4719 'Htec
2521 4664 2767 4737 gpertinet
2799 4667 3050 4737 adjectia,
3084 4735 3092 4737 _
3119 4664 3201 4718 vel
3258 4668 3475 4720 amissio
3506 4669 3584 4720 ad

2066 4735 2315 4790 Ecclesia:
2340 4736 2674 4803 disciplinam
2700 4752 2718 4789 :
2744 4737 2928 4803 synodi
2958 4735 3400 4789 Chalcedonensis
3430 4750 3582 4792 acta.

2069 4807 2377 4861 Peculiares
2432 4807 2626 4874 aliqua:
2656 4806 2782 4874 ﬁdei
2837 4807 3187 4873 confessiones
3215 4808 3385 4860 instar
3417 4805 3586 4877 Synt-

2064 4878 2167 4932 boli
2189 4878 2362 4941 editte,
2402 4888 2448 4929 et
2481 4880 2534 4930 in
2568 4877 2777 4947 synodis
2813 4877 3140 4929 wcumenicis
3174 4879 3503 4948 approbatis.

2064 4993 2105 5048 ι.
2141 4992 2602 5047 Fueruut‘Latini
2663 5002 2722 5047 et
2751 4991 2926 5047 (ἶπεωεὶ
2952 4996 3278 5063 scriptores,
3347 4996 3441 5064 qui
3478 5012 3582 5051 vo-

1993 5102 2137 5149 cem,
2172 5076 2442 5155 Filioque,
2476 5101 2506 5141 a
2548 5085 2784 5141 Damaso
2815 5086 3068 5140 Romano
3115 5087 3475 5156 poutiticc,et
3511 5093 3588 5145 ab

1995 5180 2109 5249 ipsa
2133 5178 2720 5246 Constantinopolitano
2753 5181 2953 5248 synodo
2970 5179 3240 5247 adjectum
3295 5180 3589 5250 Symbolo,

1993 5274 2211 5329 scilicet
2235 5270 2846 5339 Constantinopolitano,
2908 5271 3128 5327 dixere.
3171 5271 3284 5326 Leo
3321 5273 3590 5341 Allatius,

1996 5366 2052 5421 in
2081 5380 2248 5435 opere
2268 5365 2536 5419 adversus
2559 5364 2966 5433 Hottingerum,
2995 5364 3175 5433 capite
3205 5364 3297 5432 3'0,
3339 5368 3596 5421 nonnul-

1995 5459 2077 5512 los
2104 5456 2328 5513 Graecos
2382 5457 2577 5522 refert,
2619 5456 2716 5526 qui
2759 5456 2932 5512 Alexii
2989 5458 3260 5515 Aristeni.
3317 5459 3594 5517 Ecclesia:

1994 5548 2621 5618 ConstantinOpolitanm
2645 5549 2849 5603 sacculo
2892 5544 3221 5605 duodecimo
3248 5551 3601 5622 chartophy-

1996 5643 2152 5705 lacis,
2187 5643 2520 5697 auctoritate
2547 5641 2724 5701 ducti.
2761 5640 2991 5696 Damaso
3022 5641 3272 5710 pontiﬁci
3310 5642 3534 5711 adiecti:
3573 5678 3595 5685 -

1995 5749 2121 5788 ncm
2173 5734 2503 5790 attribuunt.
2575 5733 2775 5787 Errant
2841 5733 3092 5788 omnino.
3155 5732 3398 5800 Quaestio
3447 5733 3597 5790 facti

1998 5837 2104 5884 cst.
2145 5828 2277 5884 Rem
2307 5843 2544 5891 namque
2581 5826 2743 5882 silent
2774 5834 2991 5883 vetusta
3027 5826 3190 5897 hujus
3244 5826 3345 5882 aevi
3384 5841 3599 5884 monti-
