3852 6468
283 373 382 435 159

239 628 250 638 .
279 589 668 644 consideretur
694 586 939 657 spirandi
967 586 1158 646 virtus,
1198 600 1321 653 qua:
1352 598 1461 638 una
1491 594 1572 637 est
1608 583 1663 637 in
1700 592 1856 636 utro-

279 694 391 748 que
438 698 451 734 :
497 694 608 731 non
656 678 852 730 eodem
907 676 1075 730 modo
1131 676 1435 741 procedere
1493 674 1602 728 dici
1655 684 1858 743 potest,

283 774 412 839 quia
443 772 572 831 hoc,
607 769 753 836 quod
790 778 876 824 est
902 769 1117 837 spirare
1149 768 1419 836 Spiritum
1454 778 1732 827 sanetum.
1756 767 1859 820 Pa-

286 876 372 916 ter
411 880 520 915 non
552 862 719 916 habet
749 862 820 914 ab
852 862 984 920 alio,
1020 877 1049 913 a
1077 862 1240 915 Patre
1270 861 1435 913 habet
1466 859 1662 914 Filius.
1700 861 1862 925 Quae-

284 972 506 1021 cunque
539 972 673 1008 vero
706 956 821 1009 hrc
852 955 1019 1009 fuerit
1066 954 1291 1017 demum
1325 952 1646 1015 diﬂicultas,
1696 953 1862 1006 inane

284 1046 512 1099 dubium
570 1059 729 1097 suum
776 1059 1072 1114 agnoscere
1127 1045 1384 1098 Rusticus
1446 1053 1683 1112 poterat,
1734 1057 1858 1096 cum

287 1141 407 1209 ejus
434 1154 551 1191 (BH)
582 1138 909 1206 simpliciter
938 1145 996 1189 ct
1037 1136 1289 1189 absolute
1322 1134 1583 1204 Spiritum
1618 1143 1862 1187 sanctum

289 1249 320 1281 a
358 1228 522 1281 Patre
581 1238 631 1281 et
679 1245 711 1281 a
760 1226 905 1279 Filio
935 1232 1219 1292 procedere
1249 1226 1549 1294 scriptores
1576 1225 1861 1284 ducerent.

283 1322 626 1385 Gennadius,
680 1323 733 1375 in
775 1321 933 1392 157
986 1322 1130 1375 libro
1161 1322 1223 1373 de
1252 1319 1595 1390 Dogtnatibus
1627 1335 1643 1383 ;
1671 1320 1866 1372 Avitus

290 1413 642 1473 Viennensis,
681 1413 754 1466 De
785 1415 1063 1467 divinitate
1105 1410 1335 1480 Spiritus
1379 1413 1589 1476 sancti;
1630 1410 1865 1480 Fulgen-

294 1506 405 1558 tius
430 1505 483 1557 in
519 1505 664 1559 libro
700 1505 775 1558 De
803 1505 944 1573 ﬁde;
988 1505 1320 1560 Paschasius
1348 1503 1647 1570 Diaconus,
1672 1502 1815 1558 libro
1849 1519 1864 1557 ι

290 1596 385 1652 De-
403 1597 608 1662 Spiritu
644 1609 854 1661 sancto,
883 1598 1111 1667 aliique.
1174 1638 1180 1644 .

368 1688 544 1744 Voces
578 1689 822 1752 easdem,
876 1709 908 1746 a
948 1690 1113 1745 Patre
1151 1702 1200 1747 et
1247 1709 1279 1746 a
1308 1691 1476 1757 Filio,
1520 1692 1665 1746 vela
1703 1689 1871 1744 Patre

291 1796 387 1851 per
418 1779 641 1845 Filium,
670 1783 977 1838 adhibuere
1007 1796 1137 1838 ante
1187 1800 1252 1837 ac
1279 1795 1402 1854 post
1430 1782 1698 1855 synodum
1721 1781 1865 1837 Con-

288 1873 841 1942 stantinopolitanam
868 1873 1049 1929 Latini
1100 1884 1157 1930 et
1179 1875 1355 1930 Graeci
1378 1875 1698 1945 scriptores,
1724 1876 1874 1945 ejus-

292 1966 418 2021 dem
458 1965 703 2035 Spiritus
737 1968 913 2022 sancti
963 1968 1308 2022 divinitatem
1342 1977 1538 2022 contra
1575 1967 1872 2022 Eunomia-

292 2076 387 2114 nos
446 2069 503 2114 et
572 2057 989 2113 Macedonianos
1048 2060 1420 2113 vindicantes.
1475 2060 1761 2130 Superiori
1811 2060 1869 2114 iu

293 2154 687 2209 dissntatione
724 2155 1040 2208 testimonia
1088 2153 1346 2208 dedimus
1376 2168 1440 2206 ac
1471 2154 1872 2209 illustravimus

293 2247 610 2317 Epipbauii,
655 2247 864 2310 Basilii,
884 2246 1613 2319 GregoriiNysseni,Cyrilli
1640 2249 1874 2302 Alexan-

290 2342 461 2395 drini.
528 2341 766 2405 Hujusce
826 2340 1135 2395 sententias
1215 2340 1688 2394 luculentissimas
1745 2354 1875 2409 pro-

292 2433 544 2487 tulimus.
576 2432 709 2486 Eam
735 2431 980 2502 profero,
1010 2448 1133 2501 qua:
1158 2432 1210 2485 in
1237 2432 1358 2502 ejus
1392 2431 1629 2486 habetur
1651 2447 1721 2486 ex
1741 2447 1873 2503 syn-

291 2526 402 2579 odo
456 2516 832 2579 Alexandrina
877 2524 1110 2594 epistola
1141 2524 1210 2578 ad
1242 2525 1577 2589 Nestorium,
1622 2524 1677 2579 in
1716 2539 1871 2580 tecu-

295 2618 516 2673 menico
564 2618 847 2686 Ephesino
897 2617 1137 2672 concilio
1187 2621 1378 2672 lecta:
1426 2637 1445 2669 ι
1474 2618 1757 2683 ,ρυιιιῐινίε
1813 2618 1871 2673 in

295 2726 398 2766 sua
431 2714 501 2764 sit
545 2712 901 2766 subsistentia
941 2710 1203 2781 Spiritus,
1256 2721 1312 2766 et
1361 2712 1482 2782 ejus
1535 2711 1873 2782 intelligatur

293 2802 351 2858 in
395 2818 631 2873 persona
664 2804 1000 2873 proprietas,
1035 2803 1194 2874 juxta
1229 2803 1280 2857 id
1311 2806 1456 2873 quod
1489 2803 1731 2872 Spiritus
1763 2815 1871 2870 est,

291 2907 350 2952 et
383 2912 494 2950 non
530 2897 743 2951 Filius:
781 2905 1030 2951 attamen
1082 2897 1290 2951 alienus
1333 2915 1437 2951 non
1493 2910 1567 2952 est
1601 2899 1652 2970 (a
1683 2899 1870 2969 Filio).

291 2990 377 3044 Ab
414 2989 509 3044 illo
556 2991 705 3043 enim
751 2989 917 3058 (Filio
964 2988 1094 3045 Jesu
1126 2988 1371 3059 Christo)
1404 2987 1638 3059 Spiritus
1682 2993 1875 3059 appel-

292 3083 437 3137 latus
484 3091 569 3136 est
615 3083 897 3137 veritatis:
940 3092 995 3136 et
1046 3083 1250 3137 veritas
1300 3081 1553 3138 Christus
1607 3095 1727 3139 est:
1764 3085 1873 3138 Καὶ

1203 370 1529 430 GEORGII
1573 367 1830 427 CYPRll
1872 366 1983 427 ΟΡ.
2028 366 2540 429 PATRIARCH/E

278 494 586 562 eodemque
620 491 785 546 modo
835 489 1090 560 procedit
1126 489 1196 543 ab
1239 498 1475 558 utroque
1509 489 1775 558 Spiritus,
1811 487 1856 541 si
1891 494 1933 545 Α
1963 501 2051 540 me
2097 497 2254 556 parte
2304 487 2611 555 depravato
2645 526 2660 550 ,

3439 357 3542 422 160

2716 500 2839 554 qua:
2912 497 3076 537 noctu
3136 480 3545 537 incarnationis

1967 580 2246 650 proponit.
2287 580 2529 650 Hujusce
2556 578 2839 649 depravati
2862 576 3119 648 Sytnboli
3151 574 3545 633 Nestorianam

1964 672 2371 740 expositionem
2411 672 2575 726 simul
2624 672 2810 725 attulit
2855 670 3165 733 Charisius,
3205 684 3367 738 quam
3418 668 3546 737 plu-

1965 780 2055 817 res
2095 764 2310 831 decepti
2340 764 2806 833 subscripserant.
2831 762 3120 829 Quodnam
3149 763 3292 815 foret
3324 760 3545 813 articuli

1965 858 2029 909 de
2060 857 2430 910 incarnatione
2469 855 2631 926 158
2670 857 2959 926 depravati
2992 858 3210 918 vitium,
3246 872 3313 909 es
3352 855 3546 909 eadem

1965 949 2148 1017 colligi
2204 957 2393 1018 potest
2440 950 2811 1017 expositione.
2847 949 2922 1003 De
2972 946 3359 1001 incarnatione
3397 961 3550 999 nosse

1967 1049 2193 1111 oportet,
2232 1041 2541 1110 inquiebat,
2578 1042 2861 1095 Dominum
2890 1041 3056 1094 Deum
3093 1038 3321 1094 Verbum
3345 1042 3551 1092 assum-

1968 1134 2133 1202 psisse
2177 1135 2443 1186 hominem
2491 1135 2779 1187 secundum
2829 1143 3081 1186 naturam
3137 1133 3452 1202 perfectum,
3485 1146 3551 1184 ex

1968 1229 2201 1280 humana
2253 1244 2413 1281 carne
2469 1238 2519 1282 et
2576 1229 2757 1282 anima
2814 1226 3072 1280 rationali
3106 1228 3550 1280 consistentem...

1972 1322 2140 1386 Quem
2200 1324 2791 1383 secundttm_ttostram
2847 1333 3125 1402 naturam,
3185 1322 3435 1389 nobisque
3470 1306 3553 1372 si-

1970 1415 2147 1468 milem
2190 1418 2456 1469 hominem
2514 1418 2873 1477 exsistentem,
2936 1413 3168 1482 Spiritus
3220 1412 3396 1465 sancti
3444 1413 3542 1465 sir-

1974 1518 2083 1561 tute
2109 1509 2164 1561 in
2195 1517 2344 1563 utero
2377 1509 2605 1579 Virginis
2630 1509 2994 1577 formatum...
3028 1504 3397 1570 inexplicabili
3424 1518 3554 1575 quo—

1973 1602 2099 1654 dam
2133 1601 2287 1653 modo
2315 1600 2414 1654 sibi
2437 1600 2786 1669 conjunxit...
2825 1596 3003 1651 Unum
3037 1598 3202 1668 igitur
3236 1595 3461 1657 Filium,
3504 1602 3555 1648 et

1974 1694 2265 1749 Dominum
2312 1694 2496 1748 Iesum
2539 1693 2834 1756 Christum,
2887 1709 2981 1763 per
3033 1706 3187 1759 quem
3236 1689 3381 1758 facta
3427 1697 3556 1741 sunt

1975 1792 2176 1851 omnia,
2223 1806 2333 1843 esse
2390 1789 2614 1842 dicintus
2646 1803 2665 1841 :
2698 1787 2869 1858 primo
2910 1785 3126 1855 quidem
3172 1800 3234 1836 ac
3289 1784 3557 1853 praecipue

1975 1879 2142 1937 Deum
2200 1879 2448 1944 Verbum,
2475 1879 2568 1949 qui
2592 1877 2881 1932 secundum
2907 1877 3196 1938 essentiam
3249 1872 3345 1927 Dei
3380 1871 3556 1926 Filius

1972 1980 2025 2026 et
2078 1971 2336 2025 Dominus
2385 1980 2485 2036 est,
2538 1978 2711 2023 mente
2767 1970 3159 2038 concipientes;
3211 1965 3374 2019 simul
3434 1979 3558 2017 vero
3617 2001 3628 2010 .

1973 2065 2135 2119 etiam
2166 2065 2305 2136 quod
2341 2073 2675 2134 assumptum
2722 2072 2820 2126 est,
2863 2062 2961 2115 hoc
3002 2070 3080 2114 est
3112 2058 3297 2113 Jesum
3352 2076 3384 2111 a
3438 2054 3559 2110 Na-

1972 2164 2177 2219 zareth,
2231 2159 2413 2210 animo
2477 2155 2900 2225 complectentes.
2961 2153 3037 2207 lta
3093 2153 3311 2207 scilicet
3354 2147 3559 2202 verbo-

1974 2266 2096 2305 rum
2152 2250 2457 2305 involucris
2525 2258 2733 2304 tectum
2792 2246 3124 2317 propinabat
3162 2244 3456 2300 Nestorius
3485 2240 3558 2296 de

1972 2345 2168 2415 duplici
2199 2344 2254 2397 in
2285 2343 2415 2399 Jesu
2445 2342 2667 2398 Christo
2695 2357 2924 2411 persona
2968 2340 3200 2410 impium
3247 2352 3522 2392 errorem.

2045 2433 2287 2488 Nestorii
2338 2433 2594 2495 facinus.
2650 2431 2744 2502 qui
2813 2440 3078 2498 corrupto
3134 2429 3557 2499 depravatoque

1975 2528 2238 2600 Symbolo
2289 2528 2596 2599 pr0posito,
2651 2526 2935 2597 simplices
2982 2525 3171 2580 ﬁdeles
3220 2523 3557 2592 deceperat,

1975 2621 2249 2691 Ephesina
2281 2619 2547 2692 synodus,
2573 2634 2720 2674 anno
2748 2619 2849 2673 451
2880 2618 3179 2679 celebrata,
3208 2615 3518 2668 detestatur
3544 2628 3562 2665 :

1976 2713 2214 2782 tulitque
2253 2712 2475 2785 decreta
2523 2713 2579 2765 in
2606 2711 2727 2766 bare
2760 2711 2964 2765 verba:
3010 2728 3030 2761 ι
3084 2707 3183 2763 His
3211 2707 3382 2777 igitur
3429 2720 3563 2775 per-

1974 2804 2157 2870 lectis,
2208 2806 2402 2860 statuit
2437 2813 2628 2858 sancta
2673 2802 2940 2874 synodus,
2973 2802 3201 2855 alteram
3254 2799 3417 2868 ﬁdem
3465 2815 3565 2854 ne-

1975 2897 2115 2951 mini
2142 2896 2315 2951 licere
2348 2897 2619 2966 proferre,
2670 2903 2769 2949 aut
2808 2894 3179 2957 conscribere,
3210 2902 3306 2948 aut
3333 2908 3562 2963 eontpo-

1977 3005 2132 3052 nere.
2169 2999 2372 3059 praeter
2420 2989 2702 3043 deﬁnitam
2761 3004 2793 3041 a
2851 2988 3058 3043 sanctis
3108 2988 3385 3048 Patribus.
3461 2987 3561 3056 qui

1975 3084 2032 3136 in
2068 3082 2248 3137 Nica'a
2293 3097 2418 3135 eum
2453 3080 2661 3151 Spiritu
2712 3089 2907 3135 sancto
2939 3080 3261 3151 congregati
3309 3083 3558 3136 luerunt.

290 3177 586 3245 προχεῖται
620 3175 751 3243 παρ’
792 3174 983 3238 αὐτοῦ,
1032 3175 1286 3243 καθάπερ
1332 3176 1527 3245 ἀμέλει
1562 3177 1657 3229 καὶ
1686 3178 1750 3229 ἐκ
1780 3176 1870 3228 τοῦ

1980 3176 2079 3244 Qui
2115 3191 2247 3231 vero
2291 3174 2410 3229 ausi
2460 3175 2666 3229 fuerint
2698 3183 2793 3228 aut
2834 3189 3173 3245 componere
3215 3175 3374 3242 fidem
3425 3174 3565 3228 alte-

292 3268 428 3322 Θεοῦ
456 3269 551 3321 καὶ
585 3268 822 3337 Πατρὸς,
860 3267 930 3320 Et
964 3269 1138 3336 prodit
1169 3285 1265 3338 per
1306 3270 1488 3333 istum,
1531 3270 1876 3340 quemadmo-

292 3362 419 3415 dum
446 3371 583 3415 certe
611 3378 674 3415 ex
698 3361 806 3416 Deo
830 3370 880 3414 et
903 3361 1087 3415 Patre.
1116 3381 1134 3412 ι
1172 3361 1345 3416 llotas
1372 3362 1478 3416 hac
1512 3361 1580 3415 de
1609 3378 1669 3416 re
1694 3362 1822 3416 lites
1844 3379 1873 3417 a

294 3456 675 3520 'l'heodoreto,
708 3455 802 3526 qui
834 3455 1062 3509 nimium
1096 3457 1283 3510 animo
1316 3455 1371 3510 in
1406 3455 1673 3528 Cyrillum
1706 3472 1877 3513 .eom-

293 3563 479 3607 motus
516 3562 662 3614 erat.
690 3555 1093 3610 enarravimus.

364 3645 456 3700 Ill.
503 3645 731 3700 Interim
761 3646 1028 3719 Symbolo
1054 3651 1107 3701 in
1140 3647 1469 3716 baptismate
1498 3647 1795 3705 utebantur
1816 3647 1872 3701 in

293 3739 521 3796 Oriente
566 3740 845 3803 Ecclesiae,
897 3739 1137 3802 simplici
1180 3724 1399 3794 Nicteno
1451 3741 1592 3804 aliae,
1643 3740 1874 3808 aliaeque

294 3833 912 3904 Constantinopolitano,
948 3844 1005 3886 et
1032 3833 1153 3887 alia:
1188 3833 1411 3888 Nicaeuo
1462 3833 1742 3903 aliquibus
1774 3849 1874 3886 vo-

295 3927 455 3982 cibus
502 3936 690 3982 aucto.
732 3924 1061 3997 Hujusmodi
1104 3927 1276 3981 fuisse
1321 3925 1711 3980 adnotavimus
1751 3926 1877 3980 Hie-

292 4019 738 4092 rosolymitanum
806 4030 1058 4091 tempore
1116 4018 1308 4091 Cyrilli
1362 4018 1871 4091 Hierosolymorum

290 4114 563 4187 episcopi,
607 4132 670 4172 ac
708 4116 1118 4179 Antiochenam,
1150 4116 1337 4184 inquo
1369 4112 1667 4192 Cassianus
1688 4112 1875 4167 aiebat

295 4210 637 4278 baptizatum
681 4208 852 4263 fuisse
887 4208 1207 4263 Nestorium
1261 4207 1319 4261 in
1355 4206 1565 4277 synodo
1591 4204 1872 4275 Ephesius

292 4307 632 4357 damnatum.
668 4301 752 4356 An
784 4302 927 4355 lianc
960 4300 1143 4355 refero
1176 4300 1409 4354 classem
1443 4296 1689 4350 Ecclesia:
1717 4296 1876 4351 Pliil-

289 4397 647 4469 adelpltiensis
698 4395 1046 4460 Symbolum,
1093 4391 1242 4462 quod
1292 4392 1349 4446 in
1408 4389 1603 4445 eadem
1661 4390 1872 4460 synodo

290 4491 569 4562 Epltesina
607 4497 843 4559 prostat,
872 4486 1094 4542 actione
1120 4485 1152 4540 6
1184 4500 1212 4538 a
1248 4485 1506 4541 Cbarisio
1542 4485 1873 4555 presbytero

1980 3284 2122 3332 rant,
2155 3274 2252 3320 aut
2279 3264 2552 3335 proferre,
2583 3264 2669 3318 vel
2713 3264 2919 3319 oll‘erre
2961 3264 3214 3319 converti
3242 3265 3563 3319 volentibus

1978 3361 2043 3415 ad
2079 3359 2420 3429 agnitionem
2454 3357 2746 3422 veritatis;
2787 3357 2889 3412 hos
2920 3357 3141 3427 quidem
3189 3357 3235 3410 si
3284 3357 3396 3411 sint
3439 3358 3557 3426 epi-

1977 3452 2156 3520 scopi,
2202 3460 2300 3504 aut
2335 3449 2545 3515 clerici,
2595 3450 2810 3503 alienos
2850 3465 2971 3504 esse
3004 3449 3074 3503 ab
3121 3449 3472 3519 episcopatu,
3501 3459 3564 3505 et

1978 3546 2215 3600 clericos
2245 3558 2275 3596 a
2303 3542 2565 3596 elerieatu
2597 3541 2848 3596 decrevit
2886 3559 2901 3594 :
2935 3542 2980 3595 si
3012 3556 3142 3596 vero
3173 3541 3300 3596 laici
3331 3540 3563 3606 fuerint,

1978 3635 2318 3689 anathemati
2358 3634 2579 3703 subjici.
2614 3652 2634 3686 ι
2670 3633 2807 3689 Tum
2838 3633 3155 3689 Nestoriani
3192 3633 3427 3705 symboli
3451 3632 3568 3690 for-

1978 3728 2182 3782 mulam
2211 3735 2269 3781 et
2295 3727 2696 3795 expositionem
2724 3726 2967 3781 damnat.

2049 3821 2139 3876 IV.
2192 3819 2554 3884 Prohibente,
2609 3833 2681 3873 ne
2731 3819 2961 3873 alteram
3001 3819 3162 3886 fidem
3215 3819 3411 3874 liceret
3462 3818 3562 3873 ulli

1980 3912 2254 3982 proferre,
2302 3921 2396 3965 aut
2429 3909 2805 3974 conscribere,
2840 3920 2939 3964 aut
2973 3925 3334 3979 componere,
3363 3919 3564 3980 prte'ter

1977 4004 2253 4073 deﬁnitam
2304 4022 2339 4058 a
2402 4003 2633 4058 Maenia
2679 4003 2950 4067 Patribus,
2999 4003 3284 4072 Epltesinu
3332 4002 3568 4059 decreto

1981 4094 2187 4149 bellum
2218 4093 2393 4148 Graeci
2425 4103 2594 4163 agunt
2624 4091 2920 4147 adversum
2947 4091 3198 4157 Latinos,
3236 4092 3331 4163 qui
3368 4109 3564 4148 vocem

1988 4185 2234 4257 Filioque
2262 4186 2520 4258 Symbolo
2552 4185 3169 4256 Constantinopolitano
3197 4185 3568 4242 addiderunt.

1982 4278 2227 4348 l’ugnam
2268 4286 2536 4348 pugnent,
2575 4292 2739 4347 quam
2771 4276 2967 4330 volunt
2998 4296 3011 4331 :
3042 4276 3352 4332 certissima
3375 4278 3572 4333 clades

1980 4373 2155 4427 instat
2194 4372 2331 4426 illis.
2361 4371 2439 4427 Ac
2469 4371 2651 4442 primo
2682 4371 2875 4425 statuit
2905 4379 3095 4425 sancta
3122 4371 3393 4441 synodus,
3426 4371 3593 4425 alte-7

1982 4481 2101 4519 ram
2130 4463 2290 4535 ﬁdem
2336 4466 2536 4519 nemini
2588 4464 2747 4518 licere
2776 4465 3036 4535 proferre,
3073 4471 3169 4517 aut
3215 4467 3570 4530 conscribere,
3640 4516 3647 4523 .

289 4586 538 4640 oblatum
567 4600 582 4637 :
616 4581 787 4637 Credo
814 4581 870 4634 in
896 4597 1058 4633 unum
1089 4580 1257 4636 Deum
1284 4579 1502 4633 Patrem
1539 4581 1870 4649 omnipoten-

1981 4568 2075 4612 aut
2106 4572 2439 4626 componere,
2468 4565 2660 4624 prater
2683 4554 2959 4624 deﬁnitam
2987 4574 3019 4609 a
3048 4557 3251 4611 sanctis
3284 4556 3570 4625 Patribus,

288 4690 414 4744 tem,
450 4676 765 4731 Creatorem
798 4675 1055 4729 omnium.
1116 4672 1406 4726 visibilium
1440 4662 1499 4726 et
1524 4672 1871 4727 invisibilium

288 4774 567 4838 factorem.
617 4768 687 4823 Et
715 4768 772 4821 in
816 4783 984 4820 unum
1028 4767 1316 4819 Dominum
1359 4764 1542 4819 Iesum
1578 4766 1870 4827 Christum.

291 4864 492 4921 Filium
525 4864 639 4934 ejus
685 4861 1040 4931 unigenitum,
1092 4859 1260 4913 Deum
1310 4859 1376 4911 de
1422 4857 1552 4924 Deo,
1599 4858 1774 4912 lumen
1810 4859 1874 4912 de

289 4959 512 5020 lumine,
559 4959 725 5012 Deum
778 4971 959 5011 verum
1001 4955 1065 5008 de
1114 4953 1223 5007 Deo
1270 4968 1410 5014 vero,
1444 4951 1872 5005 consubstantia-

289 5049 392 5106 lem
447 5047 620 5102 Patri.
680 5046 782 5113 Qui
833 5053 1052 5119 propter
1102 5061 1216 5110 nos,
1262 5053 1315 5099 et.
1353 5052 1591 5098 nostram
1641 5042 1871 5097 salutem

287 5144 556 5197 descendit
588 5142 652 5194 de
680 5142 842 5203 cretis,
888 5147 939 5192 et
964 5138 1307 5192 ‘incarnatus
1351 5145 1449 5201 est,
1495 5148 1545 5191 et
1585 5152 1648 5190 ex
1680 5144 1872 5190 sancta

290 5235 505 5308 Virgine
555 5241 734 5297 natus,
788 5239 839 5285 et
888 5232 1043 5284 homo
1075 5231 1247 5301 factus
1284 5238 1383 5283 est.
1422 5227 1726 5293 Cruciﬂxus
1776 5240 1872 5294 pro

288 5329 460 5394 nobis,
498 5335 735 5382 mortuus
772 5331 871 5378 est.
899 5321 1211 5376 Resurrexit
1235 5322 1392 5375 tertia
1412 5321 1518 5374 die.
1540 5317 1793 5374 Ascendit
1816 5318 1871 5369 in

284 5419 460 5476 cwlos.
524 5419 595 5474 Et
653 5420 848 5472 iterum
899 5424 1148 5469 venturus
1192 5424 1269 5468 est
1321 5414 1572 5485 judicare
1632 5412 1770 5465 visos
1822 5418 1872 5462 et

289 5522 551 5572 mortuos.
596 5513 662 5568 Et
692 5515 745 5565 in
780 5512 1042 5584 Spiritum
1077 5511 1332 5569 ueritatis.
1362 5505 1729 5566 Paraclctum,
1766 5501 1875 5556 Pa-

287 5609 358 5662 tri
387 5616 434 5660 et
468 5603 613 5659 Filio
649 5601 1177 5658 consubstantialem.
1217 5600 1286 5652 Et
1326 5599 1381 5652 itt
1419 5605 1666 5651 sanctam
1693 5595 1874 5647 catho-

287 5704 443 5754 licam
477 5697 791 5753 Ecclesiam.
825 5696 888 5751 In
923 5703 1252 5749 mortuorum
1297 5690 1758 5745 resurrectionem.
1805 5683 1870 5738 In

288 5799 450 5851 vitam
481 5804 762 5848 retentam.

361 5887 625 5956 Symbolo
650 5888 872 5943 Nicacno
895 5885 1151 5941 utebatur
1176 5878 1479 5944 Nestor-ius,
1534 5878 1589 5930 in
1608 5891 1670 5929 ea
1703 5870 1875 5927 niaxi-

1984 4652 2073 4722 qui
2099 4652 2155 4705 in
2188 4650 2371 4705 Nictea
2400 4666 2519 4703 cum
2548 4647 2751 4717 Spiritu
2775 4659 2959 4702 sancto
2986 4651 3293 4720 congregati
3322 4650 3569 4719 fuerunt.

1984 4744 2176 4814 Itaque
2209 4745 2395 4798 verbis
2429 4752 2591 4798 tenus
2634 4743 2680 4797 si
2731 4742 3066 4806 luereamus,
3111 4758 3299 4812 neque
3346 4741 3577 4814 Symbo-

1984 4835 2094 4890 lum
2144 4834 2801 4905 Constantinopolitanum
2836 4836 3076 4903 proferre
3105 4834 3351 4889 licuerit.
3406 4836 3574 4892 Haud

1984 4944 2072 4984 me
2124 4931 2274 4988 latet.
2320 4927 2642 4998 Symbolum
2683 4926 2826 4980 idem
2879 4925 3571 4995 ConstantinOpolitauum

1982 5023 2091 5077 diei
2116 5020 2394 5076 Nicwnum
2423 5021 2666 5073 maxime
2694 5027 2818 5087 post
2843 5017 3115 5089 synodum
3145 5017 3580 5073 Chalcedonen-

1983 5130 2102 5170 sem
2145 5113 2504 5169 consuevisse
2534 5128 2553 5165 ι
2580 5120 2640 5164 at
2663 5126 2731 5164 eo
2773 5111 2829 5164 in
2859 5110 3143 5179 Ephesino
3176 5111 3408 5167 decreto
3452 5113 3578 5184 agi-

1984 5219 2072 5264 tur
2103 5207 2223 5262 sine
2244 5205 2415 5260 dubio
2442 5205 2511 5259 de
2541 5203 2772 5274 formula
2799 5202 3041 5263 Nicazna.
3065 5215 3174 5272 qua
3199 5213 3262 5257 ut
3284 5219 3576 5261 summum

1982 5303 2262 5373 aliquibus
2320 5299 2551 5354 vocibus
2611 5307 2789 5375 aucta,
2845 5311 2954 5350 non
3014 5296 3277 5352 omnibus
3326 5313 3454 5367 qua:
3513 5302 3576 5355 in

1985 5397 2246 5470 Symbolo
2290 5388 2907 5459 COnstantinopolitauo
2953 5388 3256 5455 habentur,
3302 5390 3577 5461 Ecclesia

1983 5494 2173 5563 plures
2197 5488 2250 5541 iu
2284 5485 2617 5553 baptismate
2651 5482 2972 5537 utebantur.
3528 5494 3539 5499 -

2057 5586 2113 5637 ln
2146 5578 2350 5635 libellis
2384 5591 2413 5631 a
2444 5574 2701 5631 Cbarisio
2734 5576 3060 5647 presbytero
3085 5576 3579 5649 Pliiladelpbieusi

1983 5675 2201 5733 oblatis,
2262 5670 2579 5740 Symbolum
2638 5666 2800 5737 159
2838 5667 3199 5737 depravatum
3245 5672 3580 5726 contineba-

1986 5782 2093 5833 tur,
2142 5780 2206 5819 ac
2238 5772 2358 5831 ejus
2391 5758 2718 5815 Nestoriaua
2752 5760 3051 5828 expositio.
3092 5746 3409 5831 Utrumque
3439 5779 3578 5833 spe-

1986 5861 2113 5920 ciali
2142 5859 2368 5916 decreto
2402 5853 2667 5908 damnant
2700 5850 2962 5923 Ephesini
2996 5851 3208 5910 Patres.
3243 5855 3359 5910 Alia
3399 5858 3573 5913 etiam
