3852 6464
270 332 368 403 it'l

1398 348 1598 411 VITA.
1644 371 1710 381 ·-
1753 346 2261 413 DlSSERTATIO
2304 350 2384 411 II.

3430 361 3531 426 1’2

263 453 518 527 Symboli
573 454 805 510 formula
842 457 1090 527 Ecclesiae
1136 457 1617 527 Philadelphiensis
1669 459 1849 513 conti-
1875 469 1923 528 Α
1952 462 2213 532 epistolis,
2248 462 2334 517 vel
2361 466 2545 531 tomis,
2582 464 2664 520 uel
2695 466 2842 525 libris
2879 472 3291 543 evulgaoeram:
3350 483 3400 529 et
3428 478 3532 531 soli

259 548 527 614 uehatur,
563 564 685 620 qua:
717 563 900 619 neque
934 549 1149 605 Nictena
1174 558 1278 614 est,
1319 565 1499 618 neque
1531 549 1843 605 Constanti-

260 640 609 712 nopolitano,
651 643 840 712 utique
878 650 1062 697 tamen
1100 658 1367 709 consona,
1415 659 1479 698 ac
1510 645 1842 714 interpolata

258 735 491 790 Nicena
523 733 629 790 dici
659 744 863 805 potest.
899 738 981 791 An
1004 752 1137 806 ergo
1165 737 1389 790 decreto
1411 736 1689 805 Ephesino
1716 752 1847 805 pro-

258 826 475 896 scripta
510 826 626 881 hzec
655 827 824 882 fuerit
845 828 868 881 ?
889 829 1009 882 Non
1041 829 1179 884 adeo
1201 829 1379 884 insani
1402 820 1577 884 Graeci
1610 829 1839 893 fuerint,

259 917 359 985 qui
411 918 463 972 id
495 918 789 975 allirment.
823 919 1110 987 Quomodo
1147 936 1280 991 ergo
1308 922 1455 989 iuxta
1504 921 1840 990 Ephesinum

258 1009 554 1064 decretum
588 1025 691 1066 nec
732 1011 961 1066 alteram
989 1028 1018 1066 a
1044 1013 1263 1068 Nicaeus
1300 1013 1458 1081 ﬁdem
1494 1012 1839 1077 conscribere,

258 1110 312 1153 et
351 1117 687 1169 componere.
729 1119 832 1158 nec
873 1105 1099 1158 alteram
1127 1104 1364 1175 proferre
1403 1105 1606 1159 liceat?
1636 1104 1841 1171 Nempe

256 1206 375 1244 nou
398 1208 461 1246 ea
494 1191 773 1261 Ephesino
796 1192 1024 1247 decreto
1046 1192 1432 1262 intelligentia,
1457 1201 1553 1246 aut
1572 1193 1654 1247 vis
1676 1192 1841 1254 inest,

254 1299 427 1353 quam
458 1285 566 1339 sibi
594 1284 808 1355 lingunt
839 1284 1040 1341 Graeci.
1310 1358 1313 1359 ν

332 1376 541 1430 Eadem
572 1384 734 1431 aetate
771 1377 939 1431 variae
975 1378 1028 1431 in
1061 1375 1322 1433 Ecclesiis
1345 1378 1604 1447 vigebant
1634 1378 1842 1448 formu-

258 1466 327 1521 lae
362 1467 622 1540 Symboli,
653 1485 775 1539 quae
801 1470 983 1525 verbis
1008 1479 1168 1524 tenus
1192 1487 1219 1524 a
1244 1470 1476 1539 simplici
1503 1470 1751 1536 Nicena,
1786 1476 1843 1523 et

253 1577 287 1616 δ
307 1562 614 1632 ρτυιὶιὶοιιθ
633 1561 1227 1633 Constantinopolitano
1257 1563 1617 1617 diﬁ'erebant.
1651 1561 1843 1615 Hiero-

253 1656 647 1726 solymitanam
677 1644 1127 1719 memoravimus,
1153 1664 1211 1722 et
1232 1656 1615 1710 Antiochenam
1636 1669 1655 1708 :
1681 1654 1843 1707 alias-

256 1764 373 1819 que
410 1764 511 1802 usu
545 1758 799 1817 receptas
815 1748 1124 1812 exstitisse,-
1148 1749 1380 1802 dubium
1417 1747 1650 1802 nullum.
1681 1746 1843 1801 Libe-

1951 554 2095 623 ﬁdei.
2125 572 2242 625 qua:
2267 573 2299 608 a
2341 561 2541 612 sanctis
2580 557 2830 618 Patribus
2886 566 3081 620 nostris
3146 566 3338 622 Nicone
3389 569 3531 623 edita

1952 648 2150 717 fuerat,
2184 652 2499 707 consentire.
2554 654 2812 723 Dogmata
2862 657 2917 712 in
2948 660 3198 729 epistolis
3255 677 3319 715 ac
3369 663 3532 717 tmnis
3580 638 3588 645 .

1951 739 2224 795 declarata
2254 759 2281 794 a
2305 744 2509 815 Cyrillo
2537 746 2861 818 rejiciebant
2882 750 2981 813 illi.
3003 738 3065 805 ac
3089 754 3131 807 si
3152 753 3356 809 Nicani
3376 754 3533 827 Sym-

1953 831 2060 885 boli
2097 845 2270 888 metas
2305 833 2675 896 tratisiliisset.
2737 842 2854 896 Alia
2905 843 2959 897 in
3016 844 3191 913 ipsum
3251 847 3364 901 haec
3412 858 3531 902 erat

1951 925 2195 992 querela.
2233 925 2477 997 Intelligo
2505 945 2648 994 vero,
2683 939 2734 983 et
2760 933 2856 985 hoc
2878 949 3082 1003 quoque
3104 934 3224 988 illos
3265 936 3412 990 nobis
3440 937 3530 991 ob-

1939 1016 2143 1086 jicere:
2170 1035 2354 1088 nempe
2372 1020 2507 1084 quod
2528 1020 2654 1087 ﬁdei
2673 1025 3071 1092 expasitionem,
3101 1028 3217 1094 ἦτοι
3242 1029 3525 1096 Σύμϐολον

1951 1108 2153 1173 καινὸν,
2183 1110 2288 1164 sive
2321 1127 2511 1166 novum
2537 1110 2847 1183 Symbolum
2909 1119 3305 1186 receperimus;
3372 1121 3526 1189 quasi

1949 1208 2092 1254 vetus
2117 1201 2274 1267 illud,
2305 1206 2765 1277 verterandumque
2828 1208 3178 1279 (Niraannm)
3226 1214 3525 1275 aspernati.

1948 1290 2101 1346 Fidei
2160 1296 2560 1363 expositionem
2609 1297 2678 1351 al)
2739 1296 3116 1356 Orientalibus
3150 1304 3529 1358 transmissam

1950 1399 2249 1454 receperat.
2287 1389 2523 1456 Reponit
2555 1391 2646 1445 ille
2673 1410 2687 1446 :
2730 1390 2928 1446 Verum
2961 1396 3211 1459 dicimus.
3241 1413 3334 1451 nos
3364 1415 3531 1470 neque

1950 1492 2139 1530 novam
2170 1476 2295 1545 ﬁdei
2332 1482 2715 1550 expositionem
2751 1485 2816 1537 ab
2844 1484 2955 1539 ullo
2996 1491 3244 1558 exegisse,
3271 1507 3437 1558 neque
3460 1492 3526 1546 ab

1949 1568 2074 1622 aliis
2104 1560 2417 1625 innovatum
2439 1573 2969 1631 admisisse.Novum
2994 1580 3142 1633 aliud
3171 1581 3526 1653 Symbolum,

1950 1668 2045 1713 aut
2075 1658 2402 1731 Symbolum
2430 1664 2828 1735 atlditamentis
2852 1670 3171 1726 innovatum
3206 1674 3311 1728 sibi
3352 1687 3531 1731 trans~

1951 1754 2202 1817 missum,
2246 1754 2542 1810 inticiatnr.
2578 1754 2782 1827 Su/ﬁcit
2814 1761 2956 1813 enim
2988 1762 3136 1815 nobis
3166 1765 3347 1818 diuina
3376 1762 3527 1819 Scri.

256 1853 387 1895 rum
414 1847 734 1896 earumdem
776 1840 829 1895 in
866 1841 1123 1897 Ecclesiis
1152 1857 1310 1895 usum
1345 1839 1632 1909 reliquisse
1653 1839 1843 1894 Patres
1878 1836 1917 1893 Β
1946 1854 2130 1916 plura,
2190 1858 2599 1921 sanctorumque
2653 1849 2879 1906 Patrum
2941 1857 3244 1923 prudentia.
3299 1868 3347 1912 et
3399 1859 3527 1928 ﬁdei

256 1932 595 2003 Ephesinos,
624 1946 805 2001 neque
829 1942 1048 1988 velasse
1075 1932 1212 2003 quin
1248 1932 1380 2002 ipsae
1429 1931 1664 2003 proferri
1722 1946 1846 1999 pos-

255 2033 407 2089 sent,
444 2025 688 2095 synodus
716 2024 1185 2080 Chalcedonensis
1215 2024 1422 2080 evincit
1444 2025 1660 2079 actione
1698 2024 1753 2085 5.
1789 2023 1844 2076 in

256 2116 586 2172 deﬁnitione
619 2116 784 2171 ﬁdei:
821 2117 913 2172 ubi
944 2116 1260 2188 Symbolum
1291 2117 1572 2172 Nicwnum
1626 2116 1843 2171 emeris

255 2209 591 2281 praefulgens
623 2208 855 2277 dicitur,
904 2209 1337 2281 decernitnrquc
1374 2210 1582 2266 servari
1641 2211 1841 2268 debere

260 2302 582 2375 Symbolum
620 2304 1298 2377 Constantinopolitanum,
1326 2320 1393 2359 ac
1445 2305 1569 2360 alite
1621 2306 1840 2360 demum

257 2399 523 2469 legitima:
548 2400 918 2454 Ecclesiarum
953 2400 1200 2455 formulae
1220 2398 1642 2454 conﬁrmantur.
1670 2399 1846 2455 Verba

258 2502 395 2547 sunt
424 2510 439 2547 :
486 2511 506 2544 ‹
538 2480 1108 2562 Decernimusigitur,
1140 2493 1397 2556 ordinem,
1431 2503 1487 2546 et
1519 2508 1696 2545 onmes
1737 2493 1845 2563 [or-

257 2584 441 2639 mutas
474 2600 599 2656 quia
629 2585 698 2639 de
740 2584 845 2640 ﬁde
873 2595 1002 2639 sunt
1032 2589 1363 2649 constitutae,
1392 2589 1766 2640 custodientes
1789 2594 1845 2639 et

257 2692 611 2741 nos.sanct:e
629 2679 824 2751 synodi
845 2680 1124 2751 quondam
1152 2680 1209 2732 in
1246 2677 1450 2748 Epheso
1472 2680 1625 2732 facta:
1657 2695 1670 2732 :
1697 2693 1833 2747 pra:-

258 2771 466 2842 {ulgere
493 2771 721 2841 quidem
753 2781 943 2837 rectae,
982 2780 1039 2826 et
1065 2771 1432 2826 itnmaculatie
1465 2772 1588 2825 lidei
1619 2771 1842 2841 exposi-

259 2864 476 2917 tionem
528 2872 852 2918 sanetorum
883 2874 937 2918 et
972 2863 1418 2918 beatissimorum
1470 2873 1841 2918 trecentorum

256 2957 453 3013 decem
480 2966 537 3010 et
554 2968 682 3011 octo
703 2956 945 3023 Patrum,
969 2957 1134 3026 quiin
1165 2956 1346 3011 Νίσαια
1382 2959 1721 3026 temporibus
1742 2958 1845 3026 pias

257 3052 547 3105 memoriae
564 3049 915 3106 Constantini
943 3050 1292 3119 imperatoris
1323 3050 1652 3119 congregati
1676 3058 1838 3104 sunt:

255 3142 482 3197 Servari
516 3153 701 3197 autem
738 3150 792 3196 et
820 3157 906 3207 ea,
936 3158 1059 3211 qua:
1090 3145 1232 3212 apud
1263 3141 1776 3211 Constantinopolim
1809 3158 1837 3197 a

254 3234 633 3290 Sanctissimis
657 3244 879 3288 centum
915 3235 1312 3302 quinquaginta
1334 3231 1592 3286 Patribus
1622 3233 1843 3287 decreta

253 3337 409 3390 sunt,
440 3327 510 3382 ad
543 3326 898 3398 expellendas
927 3326 1152 3396 quidem
1184 3329 1418 3380 haereses
1457 3342 1579 3396 qua:
1607 3341 1672 3381 eo
1707 3335 1844 3380 tem-

256 3436 399 3489 pore
450 3422 922 3489 germinaverant,
953 3429 1010 3474 et
1040 3418 1108 3472 ad
1161 3419 1638 3473 conﬁrmationem
1690 3421 1841 3491 ejus-

253 3514 389 3571 dem
421 3513 713 3569 catholicze
751 3523 809 3567 et
857 3513 1180 3582 aposmlicze
1206 3523 1407 3567 nostrae
1442 3513 1593 3567 ﬁdei.
1638 3531 1657 3564 ι

330 3607 463 3662 Haec
490 3614 769 3676 postrema
808 3605 978 3660 verba
1012 3618 1236 3659 sensum
1288 3603 1579 3659 declarant
1618 3618 1842 3672 germao

251 3713 394 3753 num
422 3698 632 3752 Decreti
660 3696 912 3768 Ephesini
937 3711 956 3750 :
989 3696 1362 3767 symbolarum
1387 3695 1601 3751 scilicet
1632 3695 1844 3750 formu-

251 3792 342 3847 las
380 3792 617 3845 maxime
645 3790 916 3856 damnari,
956 3790 1011 3844 in
1062 3790 1266 3859 quibus
1302 3788 1586 3859 quidpiam
1621 3791 1842 3842 minua-

253 3892 374 3951 tur,
413 3893 511 3938 aut
541 3892 799 3945 mutetur,
835 3882 931 3936 aut
969 3881 1285 3952 adjiciatur,
1321 3880 1467 3950 quod
1503 3897 1536 3933 a
1567 3890 1712 3932 recta
1737 3880 1844 3945 ﬁde

253 3980 503 4034 alienum
524 3979 613 4031 sit.
650 3975 707 4029 Id
754 3974 979 4029 invictis
1013 3954 1471 4028 demonstrarunt
1502 3973 1847 4041 argumentis

251 4072 312 4126 in
339 4069 556 4142 synodo
571 4061 896 4123 Florentina
928 4065 1110 4121 Latini
1150 4065 1428 4121 doctores.
1482 4064 1619 4119 Acta
1676 4073 1729 4117 et
1759 4064 1848 4118 in-

250 4171 442 4220 sertas
496 4162 901 4231 disputationes
930 4157 1179 4214 consule.

330 4255 401 4312 V.
429 4255 539 4310 Sed
569 4254 754 4309 omnis
783 4262 843 4307 ut
874 4251 1059 4322 pravis
1090 4249 1411 4305 hominibus
1438 4264 1570 4305 ansa
1596 4251 1843 4320 eripere-

251 4359 380 4410 tur,
408 4349 840 4414 minationibus,
881 4345 1282 4410 additionibus,
1325 4345 1847 4413 mutatiOnibusque

249 4440 586 4513 Symbolum
618 4439 1053 4509 corrumpendi,
1093 4438 1326 4492 inliciari
1384 4439 1577 4504 nolim,
1610 4453 1711 4492 suo
1752 4453 1843 4491 vc-

1870 3189 1917 3252 (Σ

1947 1935 2253 2008 Symbolum
2283 1938 2630 2009 (Nicasnum),
2668 1942 2739 1997 ad
2767 1946 2949 2000 omnia
2982 1958 3127 2001 recta
3150 1948 3405 2020 dogmata
3431 1968 3527 2022 ap—

1945 2038 1996 2082 te
2045 2030 2245 2099 riteque
2266 2033 2655 2086 concinnatum.

2026 2122 2169 2187 Quid
2206 2123 2440 2193 egerint.
2479 2125 2681 2194 quidve
2749 2130 3152 2186 transmiserint
3217 2132 3525 2192 Orientales

1946 2214 2217 2281 epis-cupi.
2241 2226 2490 2269 enarrat.
2526 2216 2664 2282 Quia
2692 2234 2812 2274 vero
2869 2226 3189 2279 sanctissimi
3227 2225 3525 2283 Orientales

1948 2308 2176 2376 episcOpi
2208 2324 2323 2360 cum
2375 2308 2566 2378 Ephesi
2611 2322 2800 2376 essent,
2845 2331 2878 2368 α
2926 2316 3069 2369 nobis
3126 2319 3523 2385 dissentiebant.

1950 2415 2113 2468 eaque
2132 2400 2195 2452 de
2218 2416 2378 2453 causa
2409 2404 2563 2469 quasi
2591 2403 3037 2469 blasphemiarum
3060 2408 3294 2465 Nestorii
3323 2414 3524 2483 laqueis

1950 2492 2144 2544 irretiti
2171 2500 2497 2558 tenerentur,
2533 2500 2759 2567 suspecti
2787 2509 2980 2553 erant:
3014 2510 3067 2553 ut
3089 2518 3148 2554 eo
3180 2505 3406 2558 crimine
3460 2523 3516 2560 se

1950 2582 2268 2649 liberarent,
2303 2586 2689 2657 inculpatteqne
2721 2590 2844 2659 ﬁdei
2871 2595 3199 2647 amatoribus
3225 2612 3321 2663 per
3342 2598 3521 2651 oiunin

1945 2679 2344 2744 satisfacerent,
2375 2696 2438 2734 ac
2464 2680 2798 2737 Nestorium:
2849 2685 3141 2755 impietatis
3195 2705 3251 2742 se
3288 2700 3523 2758 expertes

1946 2786 2057 2823 esse
2102 2772 2450 2835 ostenderent,
2486 2777 2814 2841 πεποίηνται
2849 2780 2949 2848 τὴν
2985 2782 3307 2850 ἀπολογίαν,
3337 2784 3523 2853 apolo—

1946 2864 2085 2932 giam
2114 2878 2535 2931 composuerunt.
2569 2867 2624 2921 In
2654 2883 2720 2923 ea
2746 2879 2949 2924 rectam
2980 2872 3099 2925 ﬁdei
3125 2875 3524 2942 expositionem

1949 2955 2175 3011 dabant.
2228 2957 2294 3011 Et
2326 2960 2378 3011 id
2403 2961 2612 3029 quidem
2647 2963 2933 3017 admodum
2961 2967 3265 3034 prudenter.
3299 2968 3526 3023 Tantum

1948 3049 2115 3113 abest,
2184 3059 2239 3101 ut
2268 3051 2364 3102 hoc
2402 3053 2622 3105 istorum
2649 3054 2851 3122 [uetant
2901 3059 3082 3127 aliqua
3127 3064 3341 3115 omnino
3398 3074 3526 3117 nota

1948 3150 2042 3194 aut
2088 3144 2488 3209 reprehensione
2542 3146 2758 3215 dignum
2814 3150 3073 3206 rideatur.
3125 3152 3260 3218 Quid
3308 3156 3448 3211 enim
3477 3158 3526 3211 si

1950 3232 2056 3297 ipse
2101 3229 2384 3287 Nestorius
2413 3251 2471 3288 eo
2495 3246 2748 3307 tempore.
2777 3256 2880 3306 quo
2914 3262 2944 3294 a
2978 3242 3122 3296 nobis
3147 3246 3387 3298 omnibus
3443 3247 3527 3300 illi

1947 3328 2335 3403 proponebatur
2353 3338 2608 3398 oportere.
2630 3338 2793 3385 utsua
2810 3332 2920 3402 ipse
2942 3332 3191 3403 dogmata
3207 3337 3525 3391 condemna-

1950 3427 2049 3482 ret,
2078 3423 2454 3490 veritatemque
2477 3422 2905 3493 amplecteretur,
2933 3426 3210 3498 ἔγγραφον
3232 3432 3527 3500 ἐποιήσατο
3561 3496 3566 3502 .

1947 3515 2047 3579 τὴν
2094 3514 2186 3566 ἐπὶ
2233 3518 2445 3575 τούτοις
2499 3517 2818 3587 ὁμολογίαν,
2864 3521 3120 3591 scriptam
3160 3524 3223 3577 iis
3276 3524 3340 3577 de
3373 3526 3526 3581 rebus

1944 3608 2315 3676 confessionem
2341 3609 2652 3667 exhibuisset
2667 3612 2819 3682 (quin
2849 3613 3057 3670 scilicet
3075 3614 3351 3670 Nicasnum
3371 3616 3528 3689 Sym-

1947 3696 2132 3751 bolum
2161 3700 2378 3753 clariori
2418 3702 2597 3773 aliqua
2641 3704 3314 3775 auxisscteXplicatione).
3370 3709 3527 3778 quis-

1948 3806 2071 3843 nam
2097 3791 2344 3846 dicturus
2366 3803 2504 3858 erat,
2524 3794 2676 3847 illum
2697 3796 2929 3858 πίστεως
2961 3797 3096 3864 ἡμῖν
3130 3799 3525 3867 καινοτομῆσαι

1949 3882 2236 3950 σύμϐολοκο,
2262 3901 2451 3938 novum
2475 3885 2602 3954 ﬁdei
2625 3886 2917 3957 symbolum
2945 3887 3091 3942 nobis
3108 3891 3477 3961 conscripsisse
3499 3892 3527 3947 2

1948 3974 2092 4039 Quid
2117 3978 2284 4046 igitur
2312 3986 2505 4032 temere
2542 3981 2789 4033 conuiciis
2814 3982 3143 4036 insectantur
3165 3987 3524 4042 sanctissimos

1948 4066 2240 4123 Phanii-ia
2275 4071 2566 4142 episcopos,
2621 4088 2799 4126 eorum
2847 4089 3156 4129 consensum
3195 4077 3524 4145 appellantes

1945 4158 2162 4212 ἔκθεσιν
2193 4161 2474 4231 Συμϐόλου
2509 4165 2723 4234 καινὴν,
2754 4181 2945 4219 novam
2974 4165 3214 4238 Symboli
3241 4174 3524 4241 expositio-

1948 4267 2066 4305 nem
2117 4267 2271 4321 quem
2327 4252 2657 4306 illi'utiliter
2694 4262 2744 4308 et
2797 4262 3093 4312 necessario
3126 4261 3423 4330 ediderunt,
3467 4276 3526 4319 ut

1950 4346 2199 4400 nimirum
2220 4361 2276 4400 se
2321 4355 2614 4417 purgarent
3438 4338 3441 4341 ’

2025 4439 2179 4507 161
2216 4439 2559 4508 presinnen
2594 4441 2874 4499 decretum
2907 4443 3069 4500 affert
3108 4444 3345 4518 Cyrillns
3376 4451 3525 4520 quod

176 4526 187 4536 ’
249 4543 414 4593 tasse
443 4532 672 4586 decreto
698 4531 1009 4601 Ephesinos
1041 4531 1231 4586 Patres
1261 4545 1459 4594 novas,
1483 4544 1606 4599 qua:
1638 4531 1844 4598 itnpos-
1880 4546 1919 4597 ιι
1953 4527 2026 4582 ita
2068 4528 2314 4582 declarat
2343 4549 2354 4580 ;
2387 4528 2589 4586 Sancta
2636 4534 2850 4605 quippe,
2908 4535 3187 4604 inquiens,
3223 4549 3272 4591 et
3304 4555 3526 4594 αρεηιηε-

248 4640 445 4683 terum
477 4625 854 4697 symbolornm
875 4625 1123 4679 formula:
1142 4624 1506 4679 cuderentur.
1537 4622 1694 4676 llunc
1724 4623 1845 4693 ejus

248 4719 474 4775 decreti
506 4733 730 4772 sensum
758 4717 1045 4772 declarare
1071 4715 1306 4787 Cyrinus
1338 4715 1734 4769 Alexandrinus
1762 4716 1812 4767 vi
1830 4742 1847 4756 -

246 4814 425 4867 detur
454 4812 511 4865 in
544 4811 780 4881 epistola
810 4809 879 4864 ad
906 4810 1174 4864 Acacium
1206 4809 1631 4863 Melitiuensem.
1692 4806 1847 4861 Hanc

276 4905 486 4975 cripsit
519 4904 635 4968 ille,
668 4902 960 4958 occasione
992 4902 1121 4956 data
1155 4902 1438 4973 cujusdam
1475 4900 1635 4971 160
1672 4899 1849 4968 expli-

247 5000 492 5054 catioris
518 4998 645 5053 ﬁdei
704 4996 1092 5067 professionis,
1150 5010 1314 5066 quam
1363 4994 1675 5050 Orientales
1730 4992 1849 5061 epi-

250 5093 424 5161 scopi
456 5091 524 5144 ad
562 5090 853 5157 impactam
895 5087 1189 5142 eluendam
1222 5086 1637 5140 Nestorianismi
1670 5085 1847 5138 labem

253 5191 731 5254 cmuposuerant.
767 5180 902 5237 Cum
965 5196 1099 5234 vero
1154 5179 1549 5249 professionem
1597 5177 1847 5232 eamdem

254 5277 485 5332 Decreti
526 5274 785 5345 Ephesini
808 5282 1073 5343 pra-textu
1108 5272 1507 5340 redarguerem
1532 5268 1849 5325 hesteriani

251 5367 566 5430 homines,
613 5366 855 5420 vindicat
884 5379 1005 5418 eam
1049 5352 1304 5434 Cyrinus,
1361 5361 1510 5432 quod
1539 5361 1850 5417 Orientales

241 5463 334 5518 illi
369 5460 539 5514 tidem
568 5474 724 5513 suam
762 5456 999 5528 professi
1051 5466 1201 5519 sunt,
1245 5456 1384 5509 nihil
1438 5454 1701 5526 Symbolo
1756 5454 1854 5507 ad-

245 5557 488 5615 dentes.
540 5553 638 5606 sed
670 5559 822 5605 extra
851 5547 1157 5621 Symbolum
1194 5546 1561 5602 necessariam
1608 5547 1849 5602 olleren-

243 5657 339 5704 tes
403 5644 866 5700 declarationem.

322 5741 543 5795 Locum
609 5740 886 5808 integrum
918 5735 1111 5792 affero.
1152 5733 1408 5790 Volabant
1454 5735 1592 5788 enim
1637 5734 1851 5806 (Nesto-

242 5837 432 5891 riana:
458 5831 717 5887 factionis
755 5829 1025 5896 homines)
1060 5844 1120 5882 ea
1154 5828 1333 5881 omnia
1381 5826 1602 5890 aboleri,
1626 5842 1741 5898 qua:
1772 5824 1854 5879 vel

1949 4620 2071 4672 nica
2126 4621 2381 4689 synodus'
2410 4637 2526 4691 qua:
2580 4621 2773 4693 Ephesi
2830 4635 3164 4690 convenerat,
3233 4632 3525 4687 necessario

1950 4712 2176 4781 providit
2240 4728 2345 4766 non
2413 4724 2655 4783 oportere
2720 4716 2959 4777 πίστεως
3024 4716 3244 4771 ἔκθεσιν
3303 4721 3521 4792 ἑτέραν,

1949 4804 2116 4858 aliam
2144 4804 2269 4873 ﬁdei
2325 4809 2704 4876 expositionem
2762 4808 2816 4860 in
2886 4806 3148 4863 Ecclesias
3202 4810 3301 4866 Dei
3329 4813 3526 4883 inferre

1948 4909 2143 4967 prater
2203 4915 2320 4952 eam
2374 4915 2492 4969 qua:
2539 4899 2660 4970 jam
2715 4901 3189 4961 exstabat:quam
3234 4903 3526 4963 beatissimi

1953 4991 2139 5046 Patres
2174 4994 2344 5045 nostri
2373 5005 2557 5046 sancto
2605 4989 2807 5059 Spiritu
2840 4992 2998 5047 locuti
3032 4995 3376 5063 deﬁniverant
3405 5000 3527 5067 (Ni—

1949 5084 2124 5155 caeae).
2158 5083 2304 5138 Satis
2338 5086 2688 5138 innotescere
2728 5085 2971 5148 videtur.
3021 5086 3095 5140 ita
3144 5087 3407 5160 Cyrillum
3447 5093 3527 5147 in-

1955 5176 2234 5230 tellexisse
2272 5174 2594 5244 Epltesinum
2649 5175 2941 5242 decretum,
2978 5186 3039 5231 ut
3092 5194 3295 5234 novum
3348 5183 3528 5253 impo-

1952 5276 2160 5321 sterum
2193 5280 2303 5320 non
2345 5266 2541 5320 liceret
2587 5266 2909 5338 Symbolum
2963 5270 3152 5337 edere,
3202 5281 3300 5326 aut
3348 5273 3525 5344 ipsum

1953 5358 2235 5414 Nicznum
2292 5358 2560 5412 innovare
2595 5360 2985 5416 additamentis
3040 5374 3287 5421 anetum.
3330 5367 3400 5422 At
3445 5367 3529 5422 illi

1910 5455 2131 5505 ‘tamen
2183 5451 2536 5522 (Orientales)
2593 5453 2657 5506 ab
2704 5454 2802 5507 hac
2842 5454 3075 5525 (Nicaani
3108 5455 3350 5529 Sytuboli
3402 5460 3529 5530 fide)

1952 5545 2231 5599 dissentire
2261 5547 2378 5611 uisi,
2408 5555 2459 5598 et
2507 5546 2647 5615 quod
2702 5562 2863 5615 neque
2917 5560 3056 5602 recte
3111 5553 3434 5609 sentirent...
3475 5555 3531 5609 in

1951 5638 2301 5707 suspicionem
2337 5639 2586 5705 adducti;
2642 5640 2881 5707 nunquid
2916 5642 3284 5707 taciturnitate
3332 5647 3533 5705 abhae

1954 5732 2307 5804 ignominiosa
2339 5741 2467 5785 nota
2494 5748 2545 5784 se
2582 5730 2914 5794 liberassent,
2946 5749 3016 5785 an
3053 5733 3209 5803 plena
3235 5739 3411 5804 potius
3443 5756 3533 5793 sa.

1957 5825 2274 5897 tisfartione,
2340 5839 2552 5894 sumque
2607 5826 2882 5880 sententia:
2936 5826 3343 5882 declarations?
3398 5812 3531 5898 Quae
