3830 6368
341 369 443 433 161

1299 364 1623 429 GEORGII
1668 328 1925 425 cum:
1968 362 2082 423 ce.
2123 363 2639 426 mmmam:

3491 367 3595 431 164

344 491 534 560 utique
584 488 911 558 intelligitur
958 504 987 543 a
1043 488 1304 562 Symbolo
1353 486 1577 541 NlCll‘ﬂO
1633 484 1913 538 distincta.
1950 487 1987 539 Α
2022 483 2158 551 ﬁeri.
2203 482 2425 538 Patrum
2479 494 2683 539 statuta
2739 485 3004 539 valebant.
3041 485 3281 542 Alteram
3324 487 3431 541 hoc.
3476 488 3597 542 loco

343 582 445 648 Qui
475 584 568 637 hoc
599 581 706 636 vult
742 581 936 651 facere,
962 583 1283 652 καινουργεῖ
1310 579 1409 650 μὲν
1433 578 1608 644 οὐδὲν,
1642 575 1774 629 nihil
1798 573 1915 628 novi

345 675 565 743 molitur
608 689 627 727 :
672 674 793 726 οὐδὲ
836 675 1074 738 πίστεως
1133 673 1350 729 ἔκθεσιν
1408 672 1606 741 ὁρᾶται
1674 684 1916 720 καινοτο-

344 766 481 836 μῶν,
509 780 603 817 nec
627 764 752 832 ﬁdei
796 766 1169 834 expositionem
1204 765 1458 817 innovare
1480 759 1910 831 deprehenditur.

418 856 567 911 llanc
593 858 799 911 decreti
836 856 1115 924 Ephesini,
1161 871 1226 910 ac
1266 854 1454 926 Cyrilli
1494 852 1694 907 mentis
1740 852 1916 905 inter-

341 951 708 1021 pretationem
744 949 1032 1003 cnnlirmat
1083 959 1195 1001 tum
1256 948 1371 1016 ipsa
1405 944 1772 1000 Orientalium
1821 944 1916 998 de—

341 1042 572 1097 claratio
598 1040 850 1108 Epistolis
886 1041 1091 1094 inserta
1130 1038 1361 1093 Joannis
1393 1036 1750 1099 Antiocbcni,
1800 1045 1915 1088 tum

343 1135 590 1203 ejusdem
614 1133 840 1188 Joannis
865 1130 1232 1185 disertissima
1261 1130 1558 1183 sententia.
1592 1127 1915 1200 Hujusuiodi

344 1229 592 1297 epistola:
666 1233 916 1295 prostant
973 1225 1120 1278 inter
1173 1238 1340 1293 opera
1384 1222 1598 1293 Cyrilli,
1657 1232 1791 1277 tom.
1851 1220 1915 1284 V,

344 1329 491 1389 part.
533 1336 591 1377 ιι.
635 1330 689 1372 et
715 1329 856 1387 part.
900 1333 944 1371 ιτ
1002 1316 1226 1371 concilii
1273 1316 1563 1386 Ephesini,
1590 1315 1767 1386 capite
1791 1314 1862 1369 9.0
1901 1331 1914 1368 :

351 1430 368 1462 ι
405 1411 481 1464 De
517 1410 741 1479 Virgine
768 1421 953 1463 autem
988 1408 1084 1463 Dei
1111 1410 1392 1464 Genitrice
1428 1409 1595 1462 Maria
1639 1410 1916 1477 quomodo

343 1501 647 1556 sentiamus
691 1510 747 1555 et
778 1502 1074 1570 loquamur
1109 1542 1123 1566 ,
1153 1501 1333 1571 deque
1367 1502 1632 1571 unigeniti
1666 1500 1786 1554 Filii
1822 1500 1917 1554 Dei

344 1594 747 1659 incarnatione,
792 1597 1131 1657 necessario,
1176 1597 1277 1648 οὐκ
1336 1598 1393 1649 ἐν
1447 1597 1770 1666 προσθήκης
1826 1595 1921 1665 μέ-

346 1705 451 1757 ρει,
482 1705 584 1740 non
617 1688 969 1742 additamenti
1010 1689 1140 1752 loco,
1173 1687 1264 1743 sed
1318 1690 1475 1758 plena
1524 1689 1919 1744 satisfactionis

344 1780 521 1835 forma
552 1783 667 1851 (aut
700 1780 1141 1840 conﬁrmationis
1173 1783 1403 1853 specie),
1431 1784 1680 1838 dicemus
1718 1774 1919 1837 ‘brevi-

2017 574 2144 644 ﬁdei
2190 568 2575 642 expositionem
2629 578 2894 646 intelligo.
2943 594 3065 646 quas
3119 579 3191 635 sit
3250 580 3335 633 vel
3387 595 3593 639 novum

2019 668 2427 737 quodammodo
2456 668 2776 741 Symbolum
2812 688 2839 724 a
2867 671 3090 725 Nicaeae
3120 680 3175 725 ct
3194 670 3590 729 Cetistantiuo-

2019 760 2265 830 pclitano
2305 761 2651 824 distinctum,
2685 762 2771 817 vel
2806 779 2927 831 qiue
2958 762 3031 818 ad
3066 764 3260 819 eadem
3292 764 3402 818 duo
3436 764 3598 825 Sviu-

2019 851 2163 914 bola,
2194 853 2279 905 vel
2312 852 2557 920 ejusdem
2621 855 2865 926 Symboli
2922 854 3065 911 duas
3114 855 3385 911 formulas
3434 856 3597 923 quid-

2020 945 2164 1012 piam
2198 944 2383 999 addat.
2408 944 2709 1015 Utramque
2746 947 3035 1001 formulam
3070 947 3123 1001 in
3148 948 3342 1002 eadem
3378 949 3596 1002 actione

2018 1033 2304 1104 legendam
2342 1039 2796 1106 praescripserunt
2844 1040 3056 1099 Patres.
3085 1023 3156 1097 ac.
3198 1055 3305 1098 una
3348 1040 3595 1094 omnium

2021 1128 2420 1183 acclamatione
2471 1131 2891 1187 confirmarunt.
2922 1134 2992 1188 At
3032 1131 3291 1196 Caresus,
3333 1143 3394 1188 et
3428 1134 3596 1187 Dom-

2023 1219 2204 1282 tbeus,
2237 1229 2291 1275 et
2329 1221 2421 1275 alii
2462 1223 2908 1279 archimandritas
2941 1234 2996 1278 et
3048 1224 3321 1288 monachi,
3355 1226 3448 1294 qui
3490 1224 3599 1278 Eu-

2023 1313 2197 1383 tycbis
2233 1329 2295 1367 ac
2320 1314 2561 1368 Dioscuri
2590 1330 2807 1370 causam
2830 1317 3146 1380 tuebantur,
3178 1333 3341 1373 unatn
3371 1326 3599 1373 conten-

2021 1405 2227 1459 dcbant
2245 1407 2493 1461 suilieere
2518 1408 2802 1471 formulam
2824 1408 3050 1465 Nic-trum
3066 1412 3195 1480 ﬁdei
3214 1427 3232 1465 :
3254 1411 3601 1465 abnuebant-

2020 1514 2128 1568 que
2181 1498 2429 1570 Symbolo
2482 1499 3076 1572 ConstantinOpolitano
3128 1504 3604 1569 subscribere,et

2023 1592 2281 1659 amplecti
2310 1591 2515 1648 Leonis
2541 1594 2833 1662 epistolam
2863 1595 2929 1648 ad
2958 1596 3279 1652 Flavianum
3308 1619 3323 1654 :
3352 1615 3603 1655 onmem-

2024 1697 2130 1751 que
2155 1684 2501 1755 rejiciebant,
2529 1703 2654 1756 qua:
2691 1686 2809 1750 ﬁeri
2846 1688 2914 1743 ad
2949 1689 3231 1744 Nictenum
3276 1690 3598 1762 Symbolum

2024 1785 2234 1845 posset,
2256 1778 2619 1845 additionein,
2642 1778 2892 1843 decreto,
2916 1780 3196 1850 Ephesiae
3246 1783 3600 1839 inhaerentes.

346 1885 449 1934 ter,
490 1874 633 1927 sicut
666 1872 734 1927 ab
771 1873 928 1926 initio
963 1891 1028 1928 ex
1070 1874 1274 1928 divinis
1318 1875 1523 1929 litteris
1572 1884 1917 1929 sanctorum-
1954 1841 1995 1900 Β
2026 1866 2081 1920 In
2131 1882 2321 1923 eorum
2368 1852 2555 1925 libello
2582 1867 2641 1923 S.
2676 1871 2877 1941 synodo
2924 1860 3109 1928 oblato
3145 1874 3362 1928 actione
3404 1876 3460 1937 4,
3492 1879 3606 1929 lucc

345 1980 452 2033 que
502 1965 724 2017 Patrum
782 1963 1179 2018 traditionibus
1233 1964 1518 2018 hausimus
1572 1982 1585 2019 :
1634 1964 1802 2018 Οὐδὲν
1859 1964 1920 2015 τὸ

346 2054 990 2127 σύνολον’προσ-τιθέντες
1032 2061 1095 2128 τῇ
1146 2058 1254 2109 τῶν
1298 2059 1470 2124 ἁγίων
1506 2059 1767 2127 Πατέρων
1810 2056 1920 2109 τῶν

344 2149 400 2202 ἓν
425 2149 632 2220 Nimia
666 2149 948 2219 ὲκτεθείσῃ
1004 2150 1210 2209 nutet.
1246 2149 1395 2204 Nihil
1427 2166 1641 2221 prorsus
1692 2149 1821 2217 ﬁdei
1865 2152 1920 2203 in

341 2241 530 2297 Nirea
561 2258 595 2295 a
650 2244 849 2297 sanctis
897 2241 1146 2296 Patribus
1179 2244 1427 2313 exposita:
1459 2244 1787 2313 adjicientcs.
1825 2243 1920 2298 Illa

344 2334 519 2402 enim,
560 2342 619 2388 ut.
654 2345 816 2389 antea
859 2335 1120 2402 diximus,
1155 2336 1222 2389 ad
1243 2352 1461 2390 omnem
1487 2338 1704 2407 pietatis
1731 2337 1921 2406 cogni-

344 2425 580 2490 tionem,
610 2427 900 2497 omnisque
930 2427 1203 2482 liazreticze
1224 2443 1408 2498 prava:
1438 2428 1704 2483 doctrinae
1726 2429 1924 2499 depul-

344 2516 559 2572 sionem
589 2518 794 2573 abunde
825 2526 907 2573 sat
946 2528 1087 2574 est...
1122 2518 1300 2573 Habet
1349 2536 1479 2574 vero
1510 2531 1694 2575 nostra
1741 2522 1921 2592 Expo-

346 2609 475 2664 sitio
508 2608 564 2663 iu
600 2608 749 2663 hunc
780 2611 1002 2664 modum
1036 2628 1049 2664 :
1079 2609 1406 2679 Conﬁtentur
1437 2613 1599 2682 igitur
1639 2611 1923 2665 Dominum

349 2709 591 2753 nostrum
637 2699 821 2754 Jesum
870 2699 1140 2755 Christum
1198 2702 1527 2771 unigenitum
1581 2701 1673 2756 Dei
1717 2699 1923 2755 Filium

348 2810 464 2849 esse
526 2796 691 2848 Deum
746 2795 1075 2866 perfectum.
1129 2805 1176 2849 et
1222 2796 1482 2848 hominem
1529 2794 1817 2863 perfectum
1860 2811 1925 2848 ea:

345 2888 529 2939 anima
554 2884 813 2939 rationali
839 2896 887 2939 et
920 2902 1139 2955 corpore
1168 2900 1185 2938 :
1226 2894 1348 2938 ante
1393 2885 1587 2938 sa‘rula
1614 2887 1824 2955 quidem
1860 2900 1924 2939 ex

348 2977 512 3033 Patre
537 2980 824 3033 secundum
855 2979 1187 3032 divinitatem
1218 2980 1472 3049 genitum.
1510 2980 1782 3043 postremis
1806 2996 1924 3033 vero

347 3075 671 3144 temporibus
699 3074 937 3127 eumdem
976 3074 1147 3143 ipsum
1189 3081 1403 3142 prapter
1433 3083 1670 3127 nostram
1694 3073 1923 3127 salutem

2025 1959 2301 2015 habentur
2328 1980 2341 2016 :
2373 1963 2650 2018 Piissimus
2696 1966 3065 2037 imperator...
3097 1966 3362 2036 pollicitus
3396 1977 3471 2021 est
3508 1982 3605 2023 no-

2024 2054 2098 2107 bis
2123 2055 2432 2122 conﬁrmari
2466 2066 2672 2111 tantum
2703 2061 3076 2127 expositionem
3098 2061 3227 2129 ﬁdei
3247 2069 3605 2117 trecentorum

2025 2145 2199 2200 decem
2225 2155 2272 2199 et
2298 2157 2410 2202 octo
2434 2147 2652 2205 Patrum
2679 2160 2765 2205 :et
2795 2151 2924 2207 nihil
2948 2152 3094 2205 aliud
3124 2164 3244 2209 ante
3264 2158 3359 2211 hoc
3386 2157 3607 2219 moveri,

2025 2240 2107 2294 uel
2138 2241 2323 2310 ﬁeri...
2354 2244 2434 2297 Ad
2477 2246 2812 2315 intrgriorem
2842 2263 3019 2302 autem
3055 2252 3436 2320 probationem,
3468 2252 3608 2320 quod

2026 2335 2158 2387 nihil
2215 2352 2309 2390 nos
2368 2340 2696 2394 contrarium
2759 2342 2852 2393 τοῦ
2893 2342 3171 2410 Συμϐόλου
3233 2344 3332 2414 τῆς
3372 2347 3607 2409 πίστεως

2028 2424 2273 2496 Symbolo
2294 2427 2419 2496 ﬁdei
2438 2431 2780 2496 sapiamus...
2808 2433 3135 2490 subdidimus
3158 2445 3207 2490 et
3243 2439 3413 2507 ipsum
3452 2438 3607 2511 Sym-

2029 2519 2245 2581 bolum;
2269 2530 2318 2572 et
2346 2520 2725 2590 deﬁnitionem,
2754 2541 2871 2595 qua:
2910 2528 3005 2580 hoc
3046 2531 3453 2601 supersignaoit,
3486 2549 3611 2599 pro-

2030 2608 2198 2663 latum
2222 2627 2253 2663 a
2282 2606 2560 2665 sancta‘et
2608 2615 2893 2671 universali
2923 2619 3120 2687 synodo
3168 2636 3284 2690 quae
3308 2621 3607 2681 Nestorium

2028 2704 2414 2759 condemnavit.
2484 2705 2609 2761 limc
2669 2723 2887 2763 rursum
2948 2710 3230 2781 judicibus
3283 2724 3340 2769 et
3392 2717 3608 2774 senatui

2029 2797 2279 2866 reposuit
2331 2799 2569 2854 Caresus
2618 2800 2850 2856 :Fidem
2908 2813 3257 2861 trecentorum
3326 2810 3500 2863 decem
3556 2822 3611 2867 et

2030 2899 2145 2943 orto
2171 2889 2414 2949 Patrum,
2442 2893 2529 2962 qui
2560 2905 2912 2949 convenerunt
2943 2899 3085 2968 apud
3128 2898 3384 2965 Nicteam,
3421 2903 3475 2956 in
3503 2919 3612 2972 qua

2030 2991 2078 3035 et
2106 2981 2407 3050 baptizatus
2424 3000 2562 3049 sum,
2584 2987 2701 3040 novi
2722 3002 2742 3041 :
2772 3003 2892 3042 nam
2910 2992 3003 3059 eg’o
3029 2989 3193 3045 aliam
3226 2992 3383 3058 ﬁdem
3416 2996 3612 3049 nescio.

2032 3073 2096 3129 Et
2127 3075 2433 3131 Doroiheus
2466 3094 2482 3132 :
2518 3077 2814 3133 Permaneo
2847 3083 2904 3135 in
2934 3082 3037 3149 ﬁde
3055 3095 3360 3140 sanctorum
3388 3086 3616 3142 Patrum

348 3181 413 3220 ea:
485 3166 663 3219 Maria
742 3164 954 3236 Virgine
1019 3166 1307 3218 secundum
1379 3167 1766 3219 humanitatem
1830 3183 1997 3254 για-ο
2033 3178 2385 3224 trecentorum
2417 3171 2818 3239 decem‘etocto,
2845 3177 2934 3246 qui
2964 3178 3108 3245 apud
3153 3178 3390 3235 Nicteam
3425 3198 3617 3237 conve-

352 3268 486 3312 tum.
524 3277 541 3310 ι
591 3257 911 3329 Symbolum
949 3274 1082 3328 ergo
1137 3258 1437 3322 Nicaenum,
1481 3259 1595 3314 sive
1638 3259 1926 3328 formulam

353 3349 476 3402 tiilci
521 3356 761 3417 spectes,
811 3348 927 3401 sive
959 3347 1117 3416 ﬁdem
1157 3347 1327 3415 ipsam
1362 3347 1414 3400 in
1443 3345 1674 3399 formula
1701 3358 1929 3399 conten-

355 3452 488 3503 tam,
526 3440 793 3496 intactum
827 3439 1038 3494 servari
1076 3439 1334 3494 debuisse
1368 3437 1523 3507 juxta
1549 3439 1720 3507 legent
1751 3438 1930 3507 Ephe-

350 3532 553 3597 sinam,
584 3528 1135 3602 censebatCyrillus.
1177 3530 1246 3585 At
1283 3531 1464 3599 ipsum
1493 3529 1929 3583 Alexandrinum

351 3625 659 3678 antistitem
723 3625 1099 3678 animadverte
1146 3623 1293 3677 haud
1372 3623 1593 3677 illicitas
1653 3622 1931 3703 judicasse

348 3718 474 3786 ﬁdei
505 3719 875 3788 confessiones,
905 3728 1002 3771 aut
1034 3717 1382 3787 expositiones
1414 3715 1575 3779 alias,
1606 3730 1635 3768 a
1668 3714 1929 3786 Sytnbolo

350 3811 570 3865 Νίείριιο
597 3812 910 3872 distinctas,
936 3810 1091 3879 queis
1123 3810 1256 3864 lich
1289 3812 1403 3879 ipsa
1439 3809 1656 3863 Nicrena
1682 3794 1932 3863 luculen-

352 3902 458 3955 lius
491 3912 882 3971 exponeretur.
921 3901 1076 3972 162
1100 3900 1156 3954 ld
1192 3917 1321 3955 vero
1348 3901 1743 3955 validissimum
1768 3915 1935 3970 argu-

353 4004 598 4047 mentum
639 4000 744 4056 est,
789 4007 898 4062 quo
932 3992 1072 4045 infra
1107 3991 1399 4046 adversum
1432 3990 1651 4045 Grincos
1673 4007 1926 4061 agemus.

428 4084 513 4139 Π.
545 4085 663 4140 Jam
695 4100 823 4138 vero
852 4084 1049 4137 decreti
1071 4082 1322 4150 Ephesiui
1345 4098 1540 4137 sensus
1566 4082 1936 4151 lucrit,quem

354 4177 458 4246 ipsi
492 4176 667 4233 Graeci
703 4178 915 4231 volunt.
956 4176 1085 4231 Suis
1131 4176 1353 4231 tandem
1401 4176 1741 4246 pra-iudiciis
1785 4175 1936 4229 exuti

352 4270 665 4325 concedant
694 4280 749 4324 et
785 4269 909 4339 ipsi,
943 4269 1091 4339 quod
1124 4269 1308 4337 negari
1335 4269 1487 4322 nullo
1515 4269 1682 4322 modo
1710 4277 1933 4339 potest:

355 4377 470 4416 rem
508 4362 648 4415 lianc
699 4361 767 4415 ad
831 4360 1200 4415 ecclesiastica:
1247 4360 1546 4431 disciplina:
1599 4373 1767 4431 caput
1812 4376 1937 4432 Spe-

355 4469 530 4523 ctare,
572 4474 696 4527 qua:
753 4473 854 4528 pro
887 4467 1196 4527 temporum
1230 4457 1686 4521 circumstantiis,
1720 4473 1783 4512 ac
1837 4475 1935 4512 ur-

2034 3271 2241 3325 neruut,
2271 3265 2322 3317 in
2350 3281 2452 3333 qua
2479 3265 2776 3335 baptizatus
2801 3269 2957 3340 L63
2980 3287 3128 3325 sum:
3162 3281 3210 3325 et
3241 3274 3295 3328 in
3328 3278 3619 3331 constituto

2031 3372 2232 3421 eorum,
2280 3359 2369 3427 qui
2425 3360 2568 3425 apud
2614 3362 2879 3430 Ephesum
2908 3361 3218 3419 Nestorium
3258 3366 3615 3424 damnarunt.

2102 3448 2331 3519 Collige,
2370 3451 2737 3506 Alexandrina
2772 3454 2826 3507 in
2885 3443 3134 3512 Ecclesia
3184 3458 3493 3529 simplicem
3524 3461 3623 3517 Ni-

2034 3559 2234 3596 catnam
2262 3544 2553 3612 formulam
2588 3554 2856 3601 retentam
2892 3564 3013 3605 esse
3047 3567 3062 3604 :
3102 3566 3285 3620 neque
3341 3554 3445 3609 hoc
3497 3571 3623 3611 aevo

2036 3633 2342 3705 Symbolum
2390 3636 3042 3708 Constantinopolitauum
3093 3654 3378 3713 receptum
3424 3645 3621 3702 fuisse.

2042 3725 2267 3779 Memno
2317 3743 2448 3779 vero
2490 3728 2865 3784 abolebantur
2917 3732 3176 3803 Symbolo
3228 3735 3619 3808 Eutycbiani:

2036 3834 2341 3889 eorumque
2378 3819 2566 3875 dolum
2606 3824 2786 3891 aperit
2838 3824 3132 3895 Diogenes,
3184 3826 3365 3900 Cyziei
3406 3832 3626 3901 episeo-

2036 3930 2162 3982 pus,
2221 3914 2500 3970 actione!
2573 3918 2819 3987 ejusdem
2876 3921 3070 3992 synodi
3125 3922 3621 3985 Chalcedonensis.

2041 4004 2217 4061 Verba
2272 4008 2392 4079 ejus
2445 4019 2618 4065 sunt:
2662 4029 2681 4063 ι
2733 4012 2922 4067 Dolose
2954 4015 3272 4087 (Eutycltes)
3318 4023 3625 4088 praeposuit

2038 4101 2297 4168 synodum
2331 4109 2649 4155 sanctorum
2718 4104 2960 4169 Patrum,
3003 4123 3124 4176 quae
3152 4108 3205 4162 in
3237 4109 3418 4164 Nicaea
3476 4112 3623 4168 iacta

2038 4200 2142 4246 est.
2172 4192 2400 4261 Accepit
2444 4210 2679 4265 namque
2707 4197 3089 4253 Additamento
3119 4216 3150 4256 a
3188 4203 3395 4259 sanctis
3434 4204 3625 4261 Patri-

2039 4284 2142 4338 bus
2209 4285 2526 4356 (Nicrenis),
2593 4298 2816 4358 propter
2877 4306 3203 4360 perversum
3273 4295 3622 4353 intellectum

2038 4374 2392 4443 Apollinaris.
2421 4384 2476 4431 et
2532 4374 2830 4444 Valentini,
2857 4386 2914 4434 et
2947 4378 3275 4444 Macedonii,
3320 4392 3374 4438 et
3404 4385 3496 4454 qui
3540 4386 3627 4440 eis

2040 4470 2248 4523 similes
2277 4481 2426 4524 sunt.
2450 4470 2521 4525 Et
2550 4470 2790 4525 additum
2816 4482 2899 4525 est
2931 4471 2985 4525 in
3025 4471 3273 4543 Symbolo
3300 4485 3625 4532 sanctorum

353 4557 517 4615 genite
543 4547 899 4612 necessitate,
932 4534 1299 4603 variationcm
1335 4548 1504 4601 subit.
1548 4548 1767 4619 Insigne
1792 4565 1935 4618 prie-
1968 4562 2011 4616 D
2042 4563 2264 4617 patrum
2322 4562 2848 4631 (consjaminopoli)
2879 4579 2895 4619 ε
2931 4563 3034 4631 Qui
3065 4534 3379 4631 aescendit,
3437 4579 3495 4623 (ει
3544 4572 3630 4626 in-

356 4637 447 4694 bet.
469 4640 780 4710 exemplum
836 4641 1068 4710 synodus
1111 4640 1427 4695 wenmenica
1463 4639 1934 4704 Chalcedonensis,

354 4748 477 4801 quae
505 4733 601 4787 abs
630 4735 769 4803 legis
802 4733 1092 4802 Epliesime
1122 4733 1304 4804 rigore
1330 4736 1450 4788 sine
1483 4735 1655 4789 dubio
1682 4737 1935 4793 recessit.

264 4854 267 4859 ·
355 4826 468 4883 liae
508 4829 576 4882 de
609 4844 665 4881 re
690 4828 965 4897 agendum
1009 4827 1143 4880 mihi
1175 4827 1371 4882 latiore
1394 4842 1672 4883 sermone.
1720 4828 1934 4884 Decreti

358 4918 620 4988 Eplicsini
649 4920 962 4974 reverentia
1002 4918 1181 4981 ducti,
1214 4920 1318 4973 sibi
1357 4920 1779 4989 temperandum
1804 4936 1933 4976 cen-

352 5026 519 5067 suere
572 5012 893 5082 aliquandiu
945 5011 1137 5067 Patres
1186 5012 1671 5069 Clialcedonenses
1718 5015 1788 5069 ab
1826 5016 1934 5069 ulla

355 5103 735 5156 conscribenda
768 5102 1134 5173 Expositione,
1170 5119 1291 5171 qua-
1350 5102 1511 5156 ﬁdem
1574 5102 1855 5158 Nica'nam
1883 5113 1938 5159 et

355 5193 1035 5264 ConstantinOpolitanam,
1086 5195 1235 5265 quod
1272 5196 1472 5249 attinet
1524 5195 1590 5248 ad
1637 5196 1933 5249 articulum

358 5285 760 5341 lncarnationis
808 5286 929 5340 Filii
965 5285 1092 5349 Dei,
1136 5288 1247 5341 ullo
1301 5287 1465 5344 modo
1496 5288 1656 5341 novis
1707 5288 1936 5358 adjectis

355 5379 589 5432 vocibus
633 5379 962 5433 declararet.
996 5377 1135 5433 llinc
1191 5379 1350 5434 initio
1382 5379 1618 5434 actionis
1656 5379 1933 5445 secundae,

355 5480 503 5527 anno
531 5472 625 5525 451
676 5473 990 5540 celebratae,
1022 5472 1296 5527 Iudicibus
1326 5484 1373 5528 et
1403 5473 1735 5545 amplissimo
1781 5489 1936 5526 sena-

356 5566 438 5621 tui
466 5582 570 5620 una
608 5582 741 5621 voce
792 5580 1161 5637 reposuerunt
1205 5567 1452 5637 episcopi
1486 5584 1500 5620 :
1536 5567 1932 5637 Ezpositionem

359 5663 586 5716 alteram
611 5662 791 5716 nullus
821 5662 1017 5731 facit...
1058 5663 1111 5715 in
1154 5665 1361 5732 scriptis
1403 5664 1780 5731 expositionem
1832 5679 1937 5716 non

354 5754 601 5824 facimus.
646 5755 846 5827 Regula
890 5766 986 5818 est,
1038 5772 1156 5827 qua:
1211 5758 1466 5827 praedicat
1518 5757 1774 5824 sufficere,
1821 5773 1937 5825 quae

357 5857 479 5898 sunt
515 5848 772 5917 exposita.
806 5848 1004 5921 Regula
1040 5850 1173 5914 vult,
1213 5849 1394 5923 aliam
1422 5848 1798 5918 expositionem
1833 5864 1936 5902 non

2039 4667 2299 4711 carnatus
2351 4666 2436 4711 est
2478 4657 2541 4711 de
2570 4656 2790 4728 Spiritu
2817 4670 3001 4712 sancto
3040 4675 3104 4713 ea:
3140 4659 3320 4714 Maria
3377 4660 3626 4732 Virgine.

2038 4747 2154 4803 lioe
2196 4757 2384 4803 autem
2438 4751 2795 4817 praetermisit
2828 4750 3123 4821 Eutyches.
3167 4752 3309 4807 sicut
3339 4755 3628 4821 Apollina-

2038 4838 2195 4892 tista.
2230 4839 2364 4894 Nam
2392 4845 2557 4894 etiam
2591 4841 2923 4909 Apollinaris
2973 4841 3204 4912 suscipit
3238 4854 3482 4897 sanctam
3536 4863 3631 4917 sy-

2038 4930 2266 4996 nodum,
2321 4949 2442 5001 quae
2475 4933 2531 4986 in
2582 4933 2762 4989 Nicma
2796 4933 2939 4988 facta
2981 4943 3104 5003 est;
3147 4936 3451 4991 secundum
3496 4950 3631 5006 pru-

2041 5025 2217 5093 priam
2252 5026 2680 5095 perversitatem
2731 5026 3047 5097 intelligens
3081 5028 3251 5083 verba
3281 5045 3296 5083 :
3326 5039 3385 5084 et
3432 5028 3634 5096 cffugit

2039 5116 2102 5169 de
2136 5114 2340 5186 Spiritu
2372 5127 2562 5171 sancto
2591 5134 2656 5172 ea:
2693 5118 2872 5174 Maria
2919 5121 3155 5191 Virgine,
3186 5128 3249 5174 ut
3281 5136 3350 5174 ne
3396 5121 3629 5175 omnino

2040 5210 2303 5264 unionem
2335 5212 2519 5264 carnis
2543 5211 2925 5267 confiteretur.
2955 5212 3171 5269 Etenim
3205 5214 3383 5268 sancti
3409 5214 3625 5273 Patres.

2040 5302 2132 5371 qui
2191 5302 2244 5356 in
2291 5302 2472 5357 Nicra
2503 5312 2900 5372 convenerunt,
2944 5305 3089 5375 quod
3156 5306 3473 5360 incarnatus
3526 5316 3650 5368 est,.

2046 5395 2330 5450 dixerunt.
2369 5394 2552 5451 Sancti
2621 5407 2802 5453 autem
2864 5399 3076 5473 Patres,
3137 5399 3233 5470 qui
3292 5409 3415 5470 post
3476 5400 3633 5470 ipsos

2040 5488 2293 5550 fuerunt,
2326 5488 2769 5559 explanaverunt
2788 5491 3315 5565 (Constantinopoli)
3334 5492 3586 5550 dicentes
3613 5511 3631 5550 :

2046 5579 2121 5632 De
2150 5578 2354 5647 Spiritu
2387 5591 2571 5635 sancto
2616 5600 2679 5639 ca:
2725 5585 2900 5639 Maria
2943 5584 3181 5657 Virgine.
3217 5605 3236 5639 ι
3275 5586 3533 5658 Legimus
3574 5588 3631 5641 in

2042 5668 2192 5723 Acl‘s
2240 5688 2255 5725 :
2308 5669 2600 5742 Egyptios
2666 5674 2899 5743 Eutycbi
2975 5675 3225 5730 faventes
3304 5678 3624 5732 clamasse:

2040 5757 2208 5813 Nemo
2256 5762 2478 5831 suscipit
2537 5762 2929 5832 adjectionem,
2979 5781 3129 5818 nemo
3198 5766 3628 5819 diminutionem.

2046 5850 2174 5917 Qua:
2222 5853 2277 5905 in
2319 5852 2500 5909 Nicena
2542 5857 2828 5911 constituta
2879 5866 3024 5925 sunt,
3059 5868 3288 5914 teneant.
3326 5857 3466 5912 Malo
3499 5856 3632 5912 dolo
