3830 6368
253 267 336 332 155

1329 269 1537 330 νίΤᾹ.
1581 292 1650 307 -·-
1693 266 2215 330 DISSERTATIO
2248 263 2330 330 ΙΙ.

3361 257 3464 325 166

238 392 434 466 Symbali
492 387 1079 459 Constantinopolitani
1126 387 1504 442 additamenta
1569 383 1780 456 rejicie-
1812 388 1850 446 Α
1881 382 2005 452 ﬁdei
2036 382 2348 453 formulam,
2386 379 2719 450 alteramque
2742 378 2907 435 condi
2941 377 3099 449 ﬁdem
3132 377 3469 447 inliibuisse,

238 491 383 544 bant:
419 494 474 538 at
529 484 665 537 illud
705 498 836 536 vero
887 489 1126 541 constat.
1168 482 1414 535 nondum
1451 481 1596 549 apud
1653 480 1782 534 illos

237 582 491 638 formulam
522 577 1195 646 ConstantinOpolitanam
1234 575 1554 630 invaluisse.

296 674 517 731 Subdola
567 674 800 726 istorum
844 670 1029 725 indole
1059 669 1301 737 denique
1332 678 1650 737 perspecta.
1704 666 1781 720 illi

234 770 321 842 ipsi
371 765 855 821 Chalcedonenses
907 764 1122 823 Patres,
1171 761 1265 831 qui
1300 754 1417 814 diu‘
1450 770 1784 829 negmerant

235 860 578 919 deﬁnitionem
614 858 779 911 ullam
833 857 1072 910 A'ica'nrv
1112 854 1360 924 formula:
1390 863 1440 907 et
1476 853 1783 907 Constanti-

236 955 519 1024 nopolitame
570 954 947 1010 attexendam,
979 957 1322 1003 censuerunt
1358 948 1603 1015 denique
1635 946 1778 1000 haud

238 1050 297 1103 ita
327 1047 416 1113 legi
464 1045 762 1112 Ephesium
806 1043 1078 1112 obstringi
1132 1058 1274 1107 sese,
1312 1058 1444 1110 quin
1479 1043 1556 1096 uti
1614 1039 1781 1094 laettl-

236 1150 325 1192 tate
353 1147 591 1205 possent,
658 1134 820 1187 fidem
848 1135 913 1186 de
951 1136 1235 1186 incarnato
1282 1132 1439 1185 Verbo
1465 1128 1777 1198 explicandi

235 1230 460 1300 peculiari
510 1229 842 1296 appendice.
896 1225 1132 1279 [temtari
1194 1227 1392 1294 jnbent
1442 1227 1663 1278 actioiie
1723 1223 1776 1288 5,

234 1327 383 1393 primo
412 1321 718 1392 Symbolum
771 1320 1072 1384 Nictenum,
1129 1330 1241 1374 tum
1288 1317 1593 1388 Symbolum
1641 1315 1780 1370 Con-

230 1414 761 1483 stantinopolitannm.
808 1414 976 1468 Aiunt
1031 1412 1504 1481 verozswﬁceret
1553 1411 1777 1479 quidem

229 1510 285 1563 ad
314 1510 516 1576 plenam
550 1507 924 1576 cognitionem
953 1513 1008 1559 et
1043 1506 1528 1558 confirmationem
1558 1502 1778 1571 pietatis

231 1602 318 1655 hoc
343 1599 553 1668 sapiens
600 1607 656 1652 et
690 1600 933 1652 salutare
960 1597 1162 1651 divinae
1219 1597 1410 1664 gratia.-
1450 1593 1777 1665 Symbolum

227 1695 500 1765 (Nieenum
528 1702 586 1746 et
620 1691 1299 1760 Constantinopolitanum
1323 1690 1363 1758 ).
1432 1686 1538 1743 Sed
1572 1703 1778 1742 omnem

1886 484 1946 529 ut
1985 474 2124 528 alias
2155 469 2517 533 orthodoxss,
2549 485 2674 539 qua:
2716 469 2769 523 in
2803 469 3062 525 Ecclesiis
3115 472 3465 539 particulari-

1884 567 1989 622 bus
2020 580 2120 618 usu
2152 572 2387 630 recepta:
2418 571 2604 624 erant,
2641 578 2748 616 non
2778 564 3054 634 rejet'erit.
3084 564 3304 618 Nieama
3333 564 3467 617 sim-

1884 659 2010 727 plici
2059 657 2322 711 utebatur
2350 654 2725 710 Alexandrina
2762 654 3027 709 Ecclesia.
3058 656 3337 710 Νἰρειιιιςιιιι
3371 672 3469 709 vo-

1884 753 2047 807 cibus
2078 752 2363 818 aliquibus
2398 762 2615 803 auctam
2651 750 2986 804 adhibebant
3038 751 3370 805 Antiochena
3411 763 3466 805 et

1886 844 2369 915 Philadelphiensis
2401 859 2419 897 :
2458 861 2521 897 ac
2551 844 2605 897 in
2644 844 2771 898 aliis
2802 842 3464 914 Constantinopolimnnm

1883 940 2152 1006 viguisse.
2203 939 2503 1007 perspicue
2536 939 2813 1007 colligitur
2862 953 2929 990 ex
2981 940 3169 991 verbis
3208 938 3465 1008 Diogenis

1882 1033 2134 1103 Cyziceni
2156 1033 2267 1102 jam
2299 1033 2500 1086 allatis.
2528 1031 2669 1085 Hinc
2698 1042 2867 1099 patet,
2896 1029 3187 1085 formulam
3213 1035 3463 1086 eatiidom

1883 1125 2533 1191 Constantinopolitanam
2593 1141 2655 1178 ea
2721 1125 2947 1178 minime
2998 1135 3124 1179 ante
3190 1126 3463 1197 synodum

1881 1218 2388 1273 Chalcedonensmn
2416 1220 2641 1287 politam
2670 1218 2837 1274 fuisse
2869 1222 3220 1281 auctoritate,
3254 1229 3313 1273 ut
3350 1222 3463 1288 ipsa

1884 1327 1992 1364 una
2049 1311 2102 1363 in
2138 1311 2454 1379 quibusque
2498 1311 2766 1366 Ecclesiis
2813 1313 3241 1385 particularibus
3274 1313 3326 1365 in
3361 1328 3466 1367 usu

1880 1402 2044 1456 foret.
2073 1403 2211 1457 Tum
2238 1418 2371 1457 vero
2427 1403 2547 1457 sine
2598 1403 2773 1456 dubio
2808 1404 3034 1467 factum,
3067 1414 3126 1457 ut
3156 1404 3467 1458 Orientales

1883 1496 2207 1549 orthodoxte
2267 1495 2546 1559 Ecclesiae,
2596 1497 2974 1566 singularibus
3029 1499 3278 1551 formulis
3328 1514 3468 1565 prm—

1885 1589 2176 1650 termissis,
2206 1588 2411 1657 quibus
2437 1590 2736 1644 utebantur
2764 1607 2862 1659 pro
2891 1591 3168 1650 libertate.
3201 1594 3465 1659 paulatim

1885 1680 2537 1751 Constantinopolitanam
2591 1682 2859 1737 adhibere
2917 1686 3194 1752 cmperint
3259 1686 3312 1739 in
3372 1686 3469 1740 ba-

229 1754 650 1843 ξηατιάηαιξοηεηι
710 1785 1192 1854 (ἣπτθιίροηιτη)
1260 1793 1445 1837 contra
1494 1784 1781 1837 veritatem
1817 1754 1856 1808 θ
1888 1775 2161 1844 ptismatis
2202 1776 2534 1840 collatione;
2584 1776 2840 1844 idemque
2894 1778 3212 1849 Symbolum
3265 1781 3467 1835 nihilo-

227 1882 455 1936 claudere
485 1881 681 1934 volens
720 1894 962 1949 praesens
988 1895 1136 1932 nunc
1163 1890 1377 1940 sancta,
1408 1890 1463 1931 et
1500 1893 1695 1947 magna
1728 1887 1785 1931 et

229 1973 533 2028 universalis
560 1974 877 2044 synodus...
916 1974 1165 2026 decrevit
1210 1983 1341 2026 ante
1382 1974 1589 2031 omnia.
1626 1973 1785 2026 ﬁdem

227 2068 467 2135 integram
506 2074 563 2119 et
620 2065 1004 2119 intemeratum
1051 2080 1374 2134 permanere
1438 2073 1785 2118 trecentorum

225 2162 377 2213 decem
404 2168 449 2211 et
484 2168 605 2212 octo
633 2169 944 2212 sanctorum
980 2158 1224 2212 Patrum.
1251 2158 1553 2213 Confirmat
1582 2156 1786 2211 doctri-

225 2266 354 2309 nam.
378 2266 498 2319 qum
531 2250 600 2302 de
628 2250 935 2304 substantia
965 2248 1206 2319 Spiritus
1240 2253 1418 2304 sancti
1452 2266 1481 2303 a
1528 2250 1784 2304 Patribus

223 2356 408 2421 centum
451 2344 851 2414 quinquaginta
913 2354 1097 2413 postea
1134 2344 1483 2413 congregatis
1535 2344 1592 2397 in
1643 2343 1786 2413 regia

221 2436 411 2490 civitate
444 2435 611 2507 164
641 2437 837 2490 tradita
860 2444 944 2490 est
975 2446 1197 2506 propter
1253 2436 1377 2491 illos
1415 2438 1509 2505 qui
1551 2435 1784 2505 Spiritui

224 2537 400 2582 sancto
445 2527 839 2596 repugnabant
883 2543 1092 2597 :quam
1153 2527 1230 2582 illi
1284 2528 1548 2582 omnibus
1600 2537 1784 2581 notam

221 2618 466 2687 iecerunt,
515 2637 624 2674 non
655 2621 812 2691 quasi
844 2620 1050 2691 aliquid
1076 2620 1278 2674 deesset
1321 2621 1607 2691 prioribus,
1649 2622 1788 2692 adji-

220 2714 569 2768 cientes:sed
612 2729 777 2768 suum
810 2713 878 2767 de
930 2723 1122 2768 sancto
1175 2712 1385 2782 Spiritu
1444 2714 1784 2769 intellectum

221 2804 616 2875 Seripturarum
687 2805 1025 2861 testimoniis
1072 2807 1442 2861 declarantes.
1483 2826 1500 2859 ι
1541 2805 1789 2877 Suscipit

217 2898 365 2952 etiam
417 2908 612 2952 contra
659 2898 974 2953 Nestorium
1057 2909 1113 2954 et
1162 2900 1464 2970 Eutychem
1512 2901 1787 2970 Epistolas

215 2991 384 3063 Cyrilli
426 3003 483 3047 et
538 2992 749 3047 Leonis
786 2992 984 3064 Magni.
1050 2996 1265 3057 Quibus
1295 2994 1519 3048 demum
1581 2996 1787 3051 sanctis

217 3083 449 3139 Patribus
488 3087 809 3145 acllizerens.
868 3082 1270 3139 [incarnationis
1323 3086 1616 3140 articulum
1659 3087 1787 3141 dili-

214 3177 414 3246 gentius
465 3177 728 3245 exponit,
783 3176 991 3230 docens
1030 3195 1045 3231 :
1089 3175 1263 3231 Unum
1314 3179 1659 3249 eamdemque
1691 3179 1784 3233 Dei

216 3266 257 3319 Γ
258 3269 397 3322 ilium
420 3269 711 3323 Dominum
730 3278 968 3323 nostrum
984 3269 1165 3324 Iesum
1184 3271 1469 3333 Christum,
1489 3271 1785 3342 perfectum

214 3360 261 3413 in
294 3360 521 3424 Deitnte,
548 3371 598 3413 et
633 3363 877 3415 eumdem
906 3362 1193 3431 perfectum
1211 3362 1266 3414 in
1288 3364 1644 3424 humanitate,
1674 3372 1783 3417 etc.

214 3451 325 3506 Haec
344 3457 408 3506 ad
434 3454 770 3524 Symbolum
800 3453 1109 3515 Niemnnm,
1136 3464 1194 3508 et
1219 3453 1787 3525 Constantinopolita—

212 3563 329 3600 num
352 3548 637 3618 Appendix
654 3563 682 3600 a
704 3546 961 3600 Patribus
987 3545 1539 3601 Chalcedonensibus
1563 3549 1787 3603 condita

211 3640 323 3693 fuit.
358 3640 485 3694 Haec
525 3640 653 3693 sine
688 3638 860 3692 dubio
889 3639 1138 3706 quaedam
1178 3647 1263 3692 est
1292 3638 1486 3692 decreti
1531 3639 1787 3707 Epltcsini

211 3730 479 3792 relaxatio,
516 3743 648 3798 qua
681 3731 746 3781 ad
772 3727 1204 3782 ecclesiasticam
1238 3729 1586 3798 disciplinam
1613 3731 1787 3798 perti-

209 3834 309 3877 net.
337 3823 461 3877 Ηεεε
484 3823 719 3876 deinnm
755 3820 948 3893 synodi
972 3820 1446 3875 Chalcedonensis
1481 3824 1678 3892 agendi
1706 3838 1788 3875 ra-

212 3915 654 3985 tioimportunos
675 3912 996 3967 Graecorum
1023 3922 1257 3967 conatus
1289 3913 1509 3983 frangit,
1540 3917 1631 3984 qui
1663 3915 1789 3986 legis

206 4008 434 4079 ejusdem
476 4006 771 4073 Ephesium
825 4004 1009 4074 rigore
1042 4014 1233 4058 contra
1270 4005 1496 4060 Latinos
1518 4021 1782 4077 pugnant.

266 4102 553 4152 Adnotare
589 4109 776 4151 tamen
816 4098 921 4150 hoc
950 4096 1072 4150 loco
1117 4113 1301 4165 opera:
1330 4099 1564 4166 pretium
1601 4099 1785 4165 fuerit,

206 4192 512 4259 pra-dictant
573 4187 1063 4244 Chnlcedonensem
1115 4188 1491 4258 Appendicem,
1542 4190 1789 4257 aliasque

204 4285 445 4337 conditas
473 4288 530 4336 in
562 4284 698 4336 aliis
740 4282 997 4335 conciliis
1026 4293 1217 4334 contra
1253 4292 1605 4350 emergentes
1630 4298 1789 4334 erro-

202 4392 298 4433 res.
351 4380 544 4428 lorum
618 4390 731 4426 non
811 4372 1070 4426 habuisse
1134 4387 1374 4440 unquam
1439 4374 1494 4426 in
1575 4374 1789 4440 publica

1887 1867 2071 1921 minus
2122 1868 2178 1921 in
2215 1872 2587 1921 monumentis
2623 1869 2781 1939 165
2834 1872 3229 1925 ecclesnasticis
3282 1875 3469 1941 appel-

1883 1957 1985 2012 lari
2014 1956 2291 2011 Nicwnum
2318 1971 2691 2018 consueverit.
2721 1976 2847 2013 cum
2880 1977 3067 2014 revera
3094 1967 3165 2013 sit
3191 1962 3465 2017 Nicwnum

1884 2052 2163 2121 aliquibus
2190 2054 2446 2113 vocibus,
2500 2063 2614 2107 tum
2648 2055 2922 2108 claritatis
2950 2072 3135 2120 causa,
3182 2068 3294 2110 tum
3342 2072 3469 2126 pro-

1885 2162 2007 2217 pter
2040 2132 2280 2201 haereses
2331 2158 2697 2217 emergentes,
2732 2163 2980 2203 auctum.
3036 2149 3190 2204 Unde
3227 2152 3331 2217 iam
3368 2153 3467 2207 de-

1884 2239 2055 2308 nique
2112 2248 2293 2308 patet.
2350 2239 2513 2310 legis]
2553 2241 2836 2309 Ephesium
2901 2244 3068 2312 rigori
3140 2245 3467 2314 derogatum

1888 2335 2080 2398 fuisse,
2122 2348 2229 2403 qua
2262 2333 2420 2402 ﬁdem
2462 2332 2695 2387 alterum
2744 2351 2775 2387 a
2827 2335 3046 2390 Niczena
3084 2338 3322 2406 simplici
3373 2350 3469 2394 aut

1885 2427 2135 2498 proferri,
2166 2436 2262 2481 aut
2303 2428 2585 2491 conscribi,
2621 2437 2677 2482 et
2712 2430 2954 2495 componi
2980 2429 3294 2485 vetabatur.

1957 2520 2172 2575 Ilarcus
2223 2519 2497 2588 Ephesius
2558 2521 2614 2575 in
2669 2523 2881 2592 synodo
2938 2522 3279 2587 Florentius.
3350 2538 3468 2578 εθε·

1886 2613 2042 2669 sione
2070 2613 2126 2673 5.
2157 2612 2328 2667 hocce
2366 2612 2525 2678 vidit,
2562 2627 2626 2667 ac
2661 2630 3053 2684 praeoccupare
3079 2626 3470 2685 argumentum

1888 2716 2120 2761 conatus
2143 2719 2225 2759 est
2256 2723 2272 2762 :
2310 2723 2329 2756 ι
2362 2704 2642 2760 Statutum
2677 2707 2883 2777 quippe
2921 2709 3027 2762 luit
3068 2708 3399 2779 (inquiens),
3436 2726 3470 2766 a

1887 2799 2147 2855 Patribus
2197 2798 2515 2868 Ephesinis,
2560 2800 2699 2854 nulii
2746 2800 3014 2869 deinceps
3053 2811 3238 2870 patere
3290 2803 3469 2859 licen-

1889 2894 2021 2950 tiam
2047 2894 2373 2949 immutandi
2400 2897 2599 2964 quovis
2630 2896 2793 2950 modo
2814 2895 3124 2966 Symbolum
3146 2897 3422 2953 Nicwnum
3446 2914 3470 2955 :

1888 2988 2034 3057 quod
2096 2988 2239 3041 idem
2290 2997 2381 3041 test
2440 3003 2506 3041 sc
2549 2990 2737 3043 dicere
2782 2988 3467 3061 Constantinopolitanum;

1815 3114 1856 3168 ρ
1889 3083 2094 3133 virtute
2127 3080 2276 3133 enim
2307 3082 2632 3134 continetur
2661 3081 2717 3134 in
2753 3082 2868 3149 illo,
2899 3084 3176 3154 amboque
3214 3101 3316 3153 pro
3357 3102 3471 3140 uno

1891 3184 2021 3229 sunt
2082 3174 2292 3228 habita.
2328 3193 2346 3226 ι
2384 3175 2684 3244 Ephesinis
2728 3175 2881 3231 Actis
2936 3178 3051 3233 haec
3085 3183 3469 3249 repugnatin-

1891 3270 2238 3338 terpretatio.
2284 3269 2597 3323 liccitatum
2634 3270 2842 3340 quippe
2899 3274 3118 3328 actione
3173 3275 3196 3327 l
3236 3275 3472 3341 legimus

1888 3357 2161 3412 Nicrenum
2195 3360 2423 3427 simplex
2455 3358 2790 3429 Symbolum.
2824 3361 3100 3433 Synodica
3150 3365 3355 3419 ibidem
3391 3366 3471 3419 le~

1888 3454 2039 3520 gitur
2072 3450 2261 3521 Cyrilli
2309 3453 2543 3519 epistola
2577 3469 2643 3507 ex
2695 3458 2909 3525 synodo
2935 3459 3307 3512 Alexandrina
3340 3460 3465 3513 data

1889 3547 1956 3599 ad
2002 3544 2341 3610 Nestorium,
2369 3549 2459 3602 ubi
2497 3550 2731 3618 simplex
2758 3551 2950 3605 eadem
3000 3564 3213 3621 prostat
3252 3556 3468 3610 Nicmna

1893 3638 2128 3691 formula
2164 3656 2176 3691 :
2211 3653 2274 3691 ae
2327 3654 2433 3692 una
2491 3640 2545 3693 iu
2580 3641 2804 3694 l'atrum
2846 3644 3338 3701 acclamationibus
3367 3648 3469 3702 Ni-

1891 3745 2038 3782 (mna
2058 3728 2187 3796 ﬁdes
2223 3741 2586 3794 memoratur,
2624 3732 2864 3801 exposita
2904 3733 2961 3785 in
2994 3735 3241 3788 trecentis
3292 3735 3469 3789 decem

1891 3833 1941 3876 et
1972 3832 2088 3875 octo
2136 3824 2335 3876 sanctis
2384 3823 2659 3877 Patribus.
2712 3825 2914 3878 lterum
2946 3826 3165 3881 actione
3193 3828 3248 3889 6,
3281 3843 3467 3881 coram

1894 3916 2189 3984 palamque
2228 3915 2495 3968 recitatur
2525 3912 2749 3969 Nicena
2794 3916 2926 3985 ﬁdes
2959 3934 2979 3971 :
3006 3919 3236 3973 infertur
3270 3918 3472 3975 Chari-

1889 4008 2070 4070 siano,
2102 4021 2224 4076 qua:
2282 4008 2509 4061 vocibus
2562 4007 2850 4077 aliquibus
2891 4011 3170 4080 adiunctis
3207 4014 3395 4067 dill'ert
3440 4029 3470 4067 a

1892 4103 2112 4158 Nicena
2156 4120 2168 4155 :
2210 4103 2547 4173 additurque
2592 4105 2818 4159 demum
2868 4117 3195 4178 corruptum
3241 4108 3471 4180 Symbo-

1892 4197 2006 4251 lum
2030 4197 2447 4252 Nestorianum.
2472 4195 3073 4265 ConstantinOpolilana
3096 4202 3473 4259 additamenta

1892 4299 2164 4359 apparent
2206 4290 2405 4344 nullibi
2444 4309 2460 4346 :
2494 4294 2896 4363 decretumque
2944 4295 3204 4364 presini
3278 4297 3476 4353 Patres

1897 4385 2100 4450 ferunt,
2127 4398 2237 4453 quo
2274 4386 2673 4453 praescribitur,
2702 4386 2939 4441 alterum
2968 4391 3126 4457 [idem
3162 4391 3363 4445 nemini
3403 4392 3474 4445 ιι-

206 4467 430 4538 Symlmli
492 4465 1093 4533 Constantinopolitani
1140 4465 1502 4529 recitatione,
1560 4469 1674 4519 sive
1733 4468 1786 4518 in
1819 4475 1867 4534 ι)
1894 4492 2010 4528 εει-ε
2045 4479 2301 4546 proferre,
2344 4488 2437 4530 ατη
2463 4481 2808 4543 conscribere.
2846 4489 2941 4535 αυτ
2978 4496 3306 4551 ι-οηιροηενρ⁹
3339 4490 3479 4555 μνη...

204 4566 371 4627 tmpus
399 4602 405 4611 .
433 4574 553 4617 ate.
599 4562 720 4613 sive
757 4560 811 4611 in
858 4558 1126 4625 Lttnrgia,
1162 4568 1221 4609 nt
1255 4559 1433 4626 capite
1463 4563 1786 4626 insequente

200 4656 473 4720 dicemus;
530 4670 609 4707 ne
644 4652 913 4720 prolixior
951 4668 1113 4721 quam
1172 4667 1272 4719 par
1323 4661 1467 4705 esset
1513 4654 1787 4707 confessio

200 4745 314 4797 tidei
367 4755 468 4799 aut
510 4743 874 4812 baptizandis
919 4742 1253 4803 traderetur,
1294 4724 1791 4812 autlegcreturin-

200 4848 272 4891 ter
294 4837 601 4891 Missarum
640 4835 909 4888 solemnia
945 4851 959 4887 :
994 4850 1118 4888 cum
1153 4834 1370 4888 Nicena
1398 4838 1547 4901 ﬁdes,
1576 4836 1789 4891 addita-

197 4934 386 4983 mentis
417 4926 1059 4995 Constantinopolitanis
1101 4938 1285 4989 aucta,
1319 4943 1418 4997 per
1466 4943 1586 4983 sese
1644 4932 1786 4999 suffi-

196 5021 325 5073 ciens
375 5021 448 5073 ad
503 5020 740 5091 plenam
795 5020 1147 5088 cognitionem
1205 5030 1253 5072 et
1330 5020 1788 5089 conﬁrmationem

195 5115 397 5181 pietatis
444 5114 652 5165 habita
687 5126 905 5179 semper
931 5120 1100 5163 esset.

259 5206 517 5259 Salutant
542 5221 711 5272 ergo,
740 5203 1150 5271 contritamque
1173 5202 1571 5270 difﬁcultatem,
1602 5206 1646 5260 si
1670 5222 1790 5277 qua:

194 5299 324 5353 sumi
353 5313 424 5352 ex
468 5295 760 5366 Ephesino
791 5296 995 5347 decreto
1032 5305 1232 5365 pote-3t,
1267 5313 1427 5351 nemo
1462 5314 1567 5351 non
1608 5301 1791 5355 videat

193 5392 274 5458 qui
305 5391 479 5459 sapit.
525 5390 678 5442 Item
709 5387 852 5440 hanc
888 5392 1124 5443 maxime
1158 5393 1451 5445 confirmat
1483 5391 1790 5464 Symbolum

193 5488 353 5555 ipsum
406 5480 1123 5549 Constatntinopolitnnum,
1155 5484 1302 5551 quod
1339 5484 1392 5537 in
1437 5500 1786 5540 communem

196 5581 353 5632 totius
412 5574 705 5630 [ἱερὴ-δᾶερ
740 5589 898 5627 usum
939 5576 1157 5627 nonnisi
1192 5577 1436 5646 synodus
1487 5580 1792 5633 Chalcedo—

192 5675 371 5727 nensis
401 5670 690 5724 deduxit.
731 5664 933 5719 Recole
974 5669 1227 5737 superius
1262 5669 1405 5723 dicta
1444 5686 1596 5723 num.
1630 5675 1678 5732 i,
1718 5675 1789 5728 ita

195 5768 446 5823 videlicet
475 5762 763 5835 synodum
784 5758 1101 5830 Epltesinmn
1126 5748 1490 5819 coiilirmassc
1518 5765 1789 5822 .‘x'gco'nnm

1899 4577 1978 4621 ter
2015 4568 2293 4635 deﬁnitum
2324 4588 2354 4623 α
2384 4572 2584 4624 sanctis
2628 4571 2902 4638 Patribns,
2932 4578 3021 4643 qui
3061 4575 3117 4628 in
3147 4575 3327 4631 Nicwa
3353 4594 3475 4631 cum
3566 4632 3578 4643 _

1897 4659 2102 4727 Spiritu
2134 4672 2315 4715 sancto
2366 4666 2673 4734 congregati
2729 4665 2963 4732 fuerunt.
3002 4667 3224 4723 Lubens
3274 4670 3478 4735 fateor.

1899 4755 2556 4825 (Iomtantinopolitanam
2601 4759 2893 4813 formulam
2948 4761 3057 4815 dici
3111 4776 3271 4830 posse
3300 4759 3479 4816 Nicw-

1876 4863 2025 4899 .nam
2051 4863 2073 4902 :
2109 4857 2165 4900 at
2212 4849 2371 4902 istam
2403 4849 2523 4903 sine
2561 4848 2751 4912 dubio,
2787 4866 2897 4904 non
2948 4852 3095 4905 illam
3137 4868 3250 4921 pra:
3298 4856 3477 4910 oculis

1902 4937 2144 4992 habebat
2192 4939 2438 5009 sytwdus
2487 4940 2784 5008 Ephesina.
2818 4942 3018 4995 Fateor
3066 4943 3255 5009 etiam,
3285 4945 3480 5001 l’atres

1902 5030 2209 5098 Ephesinos
2242 5031 2469 5085 decreto
2530 5047 2631 5086 suo
2684 5047 2793 5087 non
2853 5034 3120 5104 rejecisse
3179 5037 3473 5092 formulam
3524 5103 3529 5108 1

1899 5120 2591 5189 ConstantinOpolitanam.
2678 5125 2926 5195 aliasque
3001 5128 3342 5186 orthodoxas
3422 5135 3474 5186 in

1898 5214 2280 5270 Orientalibus
2313 5216 2575 5271 Ecclesiis
2602 5233 2706 5272 usu
2739 5229 2993 5290 receptas
3032 5231 3121 5275 :at
3148 5223 3275 5278 inde
3308 5240 3478 5295 argn-

1900 5320 2145 5362 mentum
2178 5312 2423 5364 sumitur
2448 5321 2642 5367 contra
2675 5313 2917 5369 Marcum
2954 5317 3281 5386 Ephesium,
3321 5335 3481 5374 suos-

1896 5417 2004 5471 que
2027 5400 2269 5468 Graecos,
2289 5404 2463 5473 legem
2498 5405 2833 5475 Ephesinam
2858 5419 2964 5463 tam
3000 5411 3172 5482 rigide
3199 5412 3480 5484 interpre-

1902 5503 2100 5561 tantes,
2134 5510 2308 5565 eaque
2340 5498 2781 5555 abutentes;Aio
2798 5501 3044 5562 demum.
3077 5507 3271 5576 synodi
3308 5506 3479 5565 Chal-

1899 5587 2226 5642 cedonensis
2267 5594 2599 5646 auctoritate
2631 5593 2855 5660 factum,
2893 5606 2951 5648 ut
2993 5594 3299 5667 Symbolum
3334 5599 3479 5652 Con-

1898 5681 2466 5751 stantinopolitanum,
2520 5685 2741 5741 Nicmno
2797 5693 3192 5756 pratermisso,
3248 5705 3312 5744 ac
3354 5691 3482 5744 aliis

1902 5776 2291 5842 praetermissis
2350 5777 2742 5846 peculiaribus,
2796 5781 2850 5835 in
2904 5797 3254 5838 communem
3313 5796 3475 5836 usum
