3830 6368
328 349 426 412 16⁵1

1302 330 1628 393 GEGRGII
1671 329 1934 393 CYPBII
1977 329 2088 390 CP.
2133 326 2656 388 ΡΑΤΠΙΑΗΕΗίΕ

3480 324 3587 389 Ιϐἳ

323 461 581 521 Ecclesia
635 456 1055 513 deduceretur:
1096 449 1244 521 quod
1302 459 1389 506 cst
1448 466 1479 503 a
1546 451 1719 521 rigore
1776 450 1899 520 legis
1934 454 1975 509 Α
2006 453 2250 499 auctum.
2278 441 2875 512 CnrergoEphesinam
2895 438 3250 511 legemGra‘ci
3275 440 3589 496 violarunt?

325 556 605 630 Ephesium
638 548 919 606 recedere.

402 645 508 700 Vll.
560 643 709 697 Hane
753 640 854 694 sibi
912 637 1211 694 convenire
1267 634 1651 690 auctoritatem
1710 634 1766 688 in
1814 648 1903 696 eo,

325 740 470 810 quod
502 748 587 792 est
614 733 984 790 ecclesiastica
1011 727 1305 799 disciplina:
1344 737 1531 798 caput,
1559 728 1751 799 synodi
1810 744 1904 795 pu-

325 836 608 892 steriores,
637 839 692 883 et
726 825 983 881 Ecclesiae
1017 821 1404 892 particulares.
1433 830 1491 875 et
1530 820 1902 875 Ecclesiarum

327 923 609 978 antistites
649 920 873 973 minime
905 917 1252 971 dubitarunt.
1286 912 1666 968 Professiones
1698 912 1908 981 aliquas

332 1015 461 1070 ﬁdei
501 1014 743 1084 profero,
778 1026 900 1080 qua:
944 1010 1118 1062 instar
1173 1004 1408 1077 Symboli
1441 1003 1603 1057 editae
1658 1002 1906 1064 fuerunt.

329 1124 396 1164 ac
421 1107 528 1161 dici
564 1114 793 1174 possunt
824 1100 1132 1171 Symbolum
1164 1100 1307 1153 idem
1341 1097 1642 1159 Nica’num,
1676 1106 1733 1150 et
1767 1095 1909 1150 Con-

324 1197 865 1269 stantinopolitanum
893 1193 1287 1247 additatnentis
1309 1202 1554 1245 auctum.
1580 1189 1907 1260 llujusntodi

328 1304 412 1346 est
443 1290 719 1360 Expositio
750 1287 899 1357 ﬁdei,
931 1285 1190 1355 superius
1228 1284 1471 1348 laudata,
1506 1299 1670 1354 quam
1703 1284 1909 1356 Cyrillo

327 1383 703 1438 Alexandrino
782 1379 1110 1433 obtulerunt
1181 1376 1512 1431 Orientales.
1586 1375 1909 1446 Huiusmodi

329 1474 437 1529 dici
470 1474 635 1528 debet
671 1472 830 1543 166
852 1467 1090 1539 formula
1115 1466 1234 1534 illa,
1263 1483 1387 1539 quae
1422 1467 1475 1521 in
1525 1476 1677 1521 sexta
1703 1473 1911 1538 synodo

254 1596 259 1602 ·
329 1568 671 1624 mountenica
726 1580 873 1618 anno
920 1562 1026 1617 680
1057 1560 1337 1617 celebrata
1368 1560 1570 1630 legitur
1605 1559 1823 1613 actione
1857 1557 1911 1619 4,

331 1663 385 1715 in
417 1659 653 1729 epistola
687 1658 722 1710 2
762 1656 1048 1727 Agathonis
1098 1668 1271 1722 papa,
1303 1651 1390 1705 his
1420 1652 1603 1706 verbis
1635 1668 1649 1706 :
1679 1650 1913 1706 Creden-

333 1764 407 1806 tes
448 1754 501 1806 in
539 1752 703 1807 Deum
745 1748 967 1803 Patrem
1017 1747 1452 1817 omnipotentem,
1491 1744 1741 1813 factorem
1797 1742 1913 1796 coeli

2008 539 2113 594 Sed
2167 538 2336 592 altera
2383 537 2513 606 ﬁdes
2583 535 2704 601 illa,
2753 550 2916 605 quam
2971 544 3167 589 vocant
3201 535 3461 605 Ephesini
3492 539 3592 593 Pa-

2013 642 2146 696 tres,
2220 631 2306 685 vel
2364 628 2693 700 intelligitur
2744 627 3024 682 catholicae
3051 627 3173 682 ﬁdei
3202 628 3429 685 adversa
3454 631 3590 686 doc.

2011 726 2157 780 trina
2200 741 2213 778 :
2248 739 2360 794 quo
2425 724 2614 793 utique
2680 736 2843 776 sensu
2878 722 3035 775 novis
3062 722 3169 776 illis
3192 722 3313 776 ﬁdei
3340 723 3593 782 formulis

2011 817 2240 887 prolatis
2291 825 2348 872 et
2389 812 2738 887 conscriptis.
2791 824 2982 886 utpote
3010 816 3357 880 orthodoxis,
3389 819 3588 874 violata
3645 816 3649 820 ’

2013 910 2122 965 dici
2154 911 2347 979 nequit
2377 909 2657 979 Epltesina
2693 910 2801 963 lex.
2833 909 2941 965 Sed
2977 924 3157 979 neque
3183 908 3389 973 adilita,
3429 912 3588 982 167

2013 1003 2279 1073 Filioque,
2303 1018 2438 1057 voce
2461 1002 2704 1056 violatur
2733 1002 2871 1072 ipsa.
2899 1002 2995 1057 Vel
3024 1002 3201 1055 altera
3230 1002 3425 1057 eadem
3460 1006 3591 1074 ﬁdes

2019 1098 2351 1166 intelligitur
2382 1095 2505 1164 ﬁdei
2544 1095 2800 1164 formula,
2835 1110 2958 1164 quae
2996 1109 3022 1146 a
3064 1094 3305 1161 Nictena,
3335 1097 3595 1151 autCon-

2015 1190 2514 1261 stantinopolitana
2540 1190 2695 1243 nullo
2729 1188 2893 1242 modo
2926 1187 3169 1242 diderat.
3201 1186 3259 1243 id
3287 1189 3331 1243 si
3359 1199 3593 1244 conten-

2014 1284 2149 1337 dant
2180 1282 2391 1347 Graeci,
2436 1297 2556 1337 sese
2601 1282 2841 1351 primum
2874 1280 3110 1335 crimine
3156 1290 3413 1350 purgent,
3462 1297 3590 1336 eunt

2017 1383 2141 1443 post
2187 1372 2521 1442 Ephesinam
2563 1372 2829 1442 synodum
2884 1378 2964 1425 tot
3008 1370 3211 1424 alteras
3255 1371 3595 1441 protulerint

2019 1467 2283 1521 formulas
2315 1486 2327 1519 :
2364 1475 2459 1520 aut
2499 1466 2791 1521 nobiscum
2821 1465 3118 1526 fateantur,
3154 1480 3268 1519 rem
3299 1465 3439 1521 hanc
3474 1482 3597 1536 qua

2018 1560 2085 1614 ad
2136 1558 2547 1614 ecclesiasticam
2613 1558 2951 1631 disciplinam
2994 1561 3280 1629 pertinet,
3327 1560 3596 1615 mutatio-

2019 1669 2115 1708 nes
2154 1669 2249 1722 pro
2283 1653 2454 1707 variis
2494 1653 2902 1724 cmergentinm
2928 1652 3200 1707 haeresum
3232 1654 3598 1709 circumstan-
3656 1676 3661 1679 -

2019 1747 2131 1811 tiis,
2172 1762 2309 1817 quas
2344 1746 2589 1802 Ecclesia
2627 1762 2727 1816 pro
2779 1761 2877 1801 sua
2925 1747 3257 1802 auctoritate
3308 1746 3592 1817 expendit,

333 1855 381 1899 et
418 1853 596 1903 terra.
630 1852 738 1896 etc.
789 1841 1033 1894 Libellos
1069 1840 1195 1894 ﬁdei
1229 1856 1344 1894 suae
1370 1840 1569 1893 Petrus
1618 1837 1911 1906 episeopus
1941 1831 1989 1890 Β
2015 1838 2206 1893 subire
2235 1839 2506 1908 potuisse,
2541 1853 2606 1892 ac
2640 1837 2926 1892 debuisse.

331 1936 691 1998 Nicomediae,
718 1943 772 1988 et
794 1933 1065 2002 Georgius
1089 1934 1379 2003 presbyter
1415 1930 1720 1985 monachus
1749 1930 1913 1984 obtu-

330 2029 446 2083 lere
476 2027 693 2082 actione
729 2026 814 2080 10.
860 2025 961 2079 llic
996 2041 1128 2080 vero
1169 2040 1366 2080 eorum
1421 2024 1644 2078 libellus
1699 2023 1913 2093 ipsissi-

334 2135 482 2173 mum
539 2127 625 2173 est
682 2118 986 2189 Symbolum
1041 2115 1729 2188 ConstantinOpolitanam,
1784 2132 1910 2171 cum

333 2211 728 2266 additamentis
765 2212 958 2266 haeresi
995 2212 1420 2265 Monotlieliticze
1453 2209 1721 2264 adversis.
1771 2209 1912 2264 inci-

332 2312 411 2374 pit
444 2322 458 2358 :
496 2304 666 2359 Credo
710 2306 764 2358 in
797 2321 959 2357 unum
995 2304 1157 2358 Deum
1212 2302 1431 2356 Patrem
1476 2304 1913 2374 omnipotentem,

332 2398 586 2467 fictorem
624 2396 739 2451 caeli
773 2407 819 2450 et
855 2404 1030 2451 terra.
1059 2382 1175 2451 etc.
1214 2395 1532 2466 Symbolum
1567 2395 1710 2448 istud
1740 2396 1912 2449 recla-

335 2500 520 2543 mante
576 2491 797 2543 nemine
832 2500 1143 2557 susceptum
1196 2497 1324 2541 est:
1386 2488 1496 2539 imo
1525 2487 1910 2542 Constantinus

335 2582 690 2651 (Pogonatus)
722 2574 992 2653 piissimus
1023 2583 1337 2652 imperator,
1380 2590 1427 2633 et
1462 2593 1700 2634 sanctum
1741 2581 1915 2633 conci-

336 2673 465 2725 lium
515 2673 788 2739 dixerunt,
848 2682 908 2725 ut
963 2673 1065 2737 ipsi
1116 2671 1342 2734 libellos,
1374 2687 1503 2741 quos
1534 2672 1760 2743 polliciti
1790 2682 1915 2727 sunt

335 2764 567 2833 propria:
600 2763 745 2832 fidei,
774 2770 1022 2833 furantes
1051 2764 1295 2834 offerant.

409 2855 467 2908 In
499 2855 710 2926 synodo
742 2855 1081 2910 tecunieniea
1116 2856 1370 2923 septima,
1402 2855 1616 2911 Nicmna
1665 2854 1737 2923 ll,
1769 2873 1915 2913 anno

334 2948 442 3003 787
475 2948 685 3009 habita,
719 2948 958 3002 Basilius
1008 2948 1358 3019 Ancyranus,
1393 2956 1450 3002 et
1501 2948 1593 3002 alii
1629 2964 1753 3003 cum
1798 2949 1917 3019 ipso

336 3040 605 3109 episcopi,
661 3039 1154 3094 lconomachorum
1214 3050 1376 3095 antea
1433 3041 1631 3110 polluti
1692 3042 1912 3107 haeresi,

339 3134 502 3187 ﬁdem
563 3133 931 3187 orthodoxam
992 3135 1322 3203 prolitentur
1382 3135 1600 3189 actione
1653 3135 1677 3189 1
1735 3136 1917 3190 oblata

339 3224 592 3297 formula,
614 3242 738 3296 qua:
768 3225 1076 3296 Symbolum
1102 3226 1761 3298 Constantinopolitanum
1784 3244 1919 3284 con-
1946 3218 1991 3275 ο

342 3320 502 3380 tinet,
544 3328 599 3373 et
630 3320 735 3373 alia
766 3322 922 3387 plura
955 3321 1350 3374 additamenta.
1386 3321 1585 3391 Incipit
1610 3339 1622 3375 :
1650 3321 1840 3386 Credo,
1870 3334 1917 3378 et

339 3411 593 3478 conﬁteor
634 3411 686 3464 in
723 3428 888 3464 unum
951 3411 1120 3465 Deum
1152 3410 1372 3465 Patrem
1413 3413 1843 3484 omnipotentem,
1871 3424 1921 3468 et

338 3505 395 3558 in
454 3519 622 3557 unum
676 3504 963 3557 Dominum
1005 3502 1187 3557 Iesum
1237 3502 1529 3567 Christum,
1587 3514 1696 3560 etc.
1754 3507 1922 3563 Pares

341 3605 494 3656 sunt.
530 3612 649 3663 quae
685 3596 957 3649 habentur
998 3595 1215 3651 actione
1243 3596 1276 3649 3
1306 3596 1552 3666 formulae
1589 3599 1715 3653 ﬁdei
1750 3614 1781 3654 a
1817 3600 1921 3656 Ta-

344 3688 490 3741 rasio
536 3688 847 3757 pa'riarcha
884 3686 1522 3758 Constantinopolitano,
1557 3702 1613 3745 et
1657 3707 1686 3746 a
1735 3691 1919 3748 Theo-

340 3782 477 3835 doro
516 3780 1028 3852 Hierosolymorum
1069 3781 1388 3851 patriarcha
1420 3782 1636 3846 oblatm,
1662 3783 1919 3853 pluribus

341 3873 735 3929 additamentis
760 3873 1049 3945 formulam
1105 3875 1381 3945 vulgatam
1424 3874 1921 3948 Constantinopoli-

342 3978 530 4022 tanam
583 3977 866 4037 augentes.
922 3966 1015 4021 llis
1068 3968 1156 4023 vel
1215 3968 1546 4023 hodiernum
1597 3969 1918 4025 Grmcornm

344 4074 504 4115 usum
530 4058 697 4123 addo,
731 4058 827 4129 qui
851 4059 905 4113 in
933 4060 1178 4129 episcopi
1200 4060 1621 4115 consecratione
1644 4071 1917 4117 servatur.

342 4152 421 4207 Ac
452 4151 688 4221 primum
726 4151 876 4207 clara
936 4168 1058 4206 voce
1094 4152 1223 4205 dicit
1268 4152 1383 4222 ipse
1431 4150 1739 4223 Symbolum
1796 4171 1922 4209 san-

342 4258 486 4300 ctum
507 4246 604 4300 hoc
629 4254 786 4317 pacto
809 4262 835 4300 ε
853 4246 1016 4303 Credo
1046 4247 1103 4301 in
1128 4264 1293 4301 unum
1324 4246 1543 4301 Patrem
1592 4250 1922 4321 omnipoten-

342 4350 485 4407 tem;
531 4340 746 4396 scilicet
801 4339 1496 4411 Constantinopolitanum.
1552 4342 1690 4397 Tum
1749 4345 1916 4398 alium

256 4468 259 4471 λ
342 4427 591 4483 libellum
627 4430 752 4484 ﬁdei
788 4430 964 4483 instar
1001 4428 1237 4501 Symboli
1272 4432 1617 4498 pronuntiat,
1650 4434 1744 4502 qni
1782 4433 1921 4489 inci-

2091 1931 2170 1986 Ad
2201 1931 2436 2001 Spiritus
2467 1931 2642 1984 sancti
2668 1931 2926 1999 originem
2953 1930 3100 1996 quod
3131 1931 3360 1993 attinet,
3393 1931 3602 2001 dignis-

2021 2025 2226 2080 simum
2271 2034 2358 2079 est
2403 2023 2881 2078 animadversione
2939 2023 3397 2086 additamentum,
3448 2024 3597 2094 quod

2021 2118 2077 2173 in
2113 2118 2333 2170 laudato
2379 2116 2632 2187 Symbolo
2671 2118 2967 2171 Tarasiano
3020 2117 3220 2184 legitur
3269 2118 3327 2172 in
3386 2117 3600 2189 synodo

2018 2210 2236 2266 Nicaena
2284 2226 2321 2265 tt
2360 2210 2699 2264 mcumenica
2750 2208 2969 2265 actione
2998 2211 3072 2265 δε
3112 2211 3179 2265 Et
3221 2210 3277 2264 in
3333 2209 3601 2281 Spiritum

2018 2313 2286 2367 sanctum,
2328 2303 2637 2369 Dominum,
2672 2312 2720 2356 et
2752 2304 3130 2373 viviﬁcantem,
3163 2304 3224 2357 τὸ
3256 2306 3319 2359 ἐκ
3357 2304 3453 2359 τοῦ
3487 2306 3603 2359 Πα-

2022 2399 2149 2467 τρδς
2195 2397 2263 2449 δι’
2298 2395 2430 2450 Υἱοῦ
2474 2397 2933 2467 ἐκπορευόμενον,
2961 2413 3025 2450 ex
3070 2396 3239 2451 Patre
3269 2414 3361 2467 per
3394 2396 3601 2451 Filium

2022 2488 2411 2556 procedentem,
2457 2495 2505 2539 et
2564 2474 2805 2540 eumdem
2852 2485 3017 2540 Deum
3074 2502 3183 2540 esse
3234 2496 3283 2540 et
3336 2492 3601 2557 cognosci.

2024 2584 2149 2637 llaec
2200 2591 2287 2635 est
2333 2581 2665 2635 Latinorum
2721 2580 2955 2646 additio,
3014 2578 3497 2652 Filioque:quam
3543 2581 3601 2636 in

2022 2677 2461 2748 professionibus
2492 2676 2616 2731 ﬁdei
2660 2685 2811 2729 extra
2851 2676 3168 2747 Symbolum
3206 2674 3606 2731 Constantino-

2023 2770 2332 2838 politanum
2363 2769 2473 2839 jam
2503 2766 2891 2836 expritnebant
2919 2766 3195 2837 superiori
3234 2766 3414 2823 ethac
3439 2775 3603 2823 atate

2023 2862 2260 2917 Romani
2301 2859 2615 2931 pontiﬁces,
2649 2868 2711 2915 ut
2754 2859 2899 2913 intra
2928 2857 3245 2915 dicendum.

2623 2972 2848 3030 CAPUT
2902 2974 2998 3029 Ill.

2026 3071 2214 3127 Fidem
2247 3071 2500 3135 alteram,
2545 3085 2664 3141 qua:
2712 3068 2907 3122 scilicet
2952 3066 3258 3141 rectmﬁdei
3297 3067 3608 3123 orthodon

2099 3144 2436 3205 aduersatur,
2492 3139 2750 3212 proferri.
2783 3149 2876 3193 aut
2924 3139 3184 3212 conscribi
3225 3146 3406 3212 vetant
3438 3155 3604 3210 syno-

2095 3217 2191 3267 dus
2227 3210 2545 3268 wenmeuica
2593 3210 3054 3270 Chalcedonensis,
3098 3219 3147 3262 et
3198 3210 3391 3279 synodi
3425 3219 3606 3279 poste-

2096 3287 2285 3339 riores.
2310 3280 2961 3351 ConstantinOpolitanum
2987 3278 3295 3350 Symbolum
3325 3278 3440 3347 post
3459 3295 3610 3345 eant-

2096 3358 2212 3408 dem
2283 3355 2539 3424 synodum
2610 3350 3363 3424 Chalcedonensem_passim
3426 3352 3608 3404 vocari

2098 3418 2378 3480 Nimirum
2415 3424 2700 3478 consuevit.
2726 3421 2870 3475 Illud
2901 3422 3069 3488 fecere
3109 3418 3368 3488 Liturgia:
3394 3431 3605 3487 partem

2097 3497 2347 3550 Ecclesia:
2393 3497 2701 3548 orthodoxae
2735 3490 3055 3545 Orientales.
3106 3488 3309 3559 Regula
3342 3488 3468 3557 ﬁdei
3512 3506 3611 3543 etr-

2097 3569 2367 3633 penditur.
2394 3580 2511 3634 qua:
2535 3566 2734 3635 synodo
2760 3561 3025 3635 Toletanis
3049 3578 3065 3616 ι
3095 3567 3286 3635 a_ds_uta
3314 3562 3606 3635 reperitur.

2096 3631 2160 3691 In
2196 3631 2421 3689 concilio
2445 3631 2760 3688 acumenico
2785 3632 3077 3699 particula,
3110 3631 3384 3700 Filioque,
3415 3632 3606 3684 addita

2098 3724 2203 3760 non
2252 3715 2327 3759 est
2369 3706 2438 3759 ad
2487 3702 2837 3773 Symbolum;
2880 3704 2970 3755 sed
3020 3700 3169 3756 illam
3209 3703 3408 3772 passim
3450 3710 3609 3754 extra

2100 3776 2411 3849 Symbolum
2444 3772 2760 3829 adhibebant
2791 3772 2999 3827 Patres.

2098 3896 2329 3950 Decreta
2376 3891 2536 3961 ﬁdem
2583 3889 2810 3944 alteram
2861 3884 3198 3950 inhibentia,
3246 3886 3613 3958 quemadmo-

2025 3988 2156 4042 dum
2209 3984 2482 4051 presina
2511 3981 2776 4055 synodus,
2825 3981 2899 4034 ita
2948 3981 3287 4051 posteriores
3322 3980 3486 4034 etiam
3523 3989 3611 4033 tu-

2024 4083 2136 4135 lere
2170 4080 2363 4154 synodi
2412 4078 2811 4134 mcumenicaaz
2852 4076 3191 4143 alteramque
3241 4073 3402 4128 ﬁdem
3445 4076 3615 4130 intel-

2024 4177 2302 4238 lexerunt,
2335 4187 2458 4241 qua:
2513 4169 2637 4224 ﬁdei
2671 4176 2836 4223 recta:
2873 4166 3223 4221 adversatur.
3259 4165 3471 4220 Sensus
3498 4179 3611 4228 est.

2024 4271 2116 4339 qui
2149 4269 2301 4324 vocis
2333 4264 2579 4335 Filioque
2623 4262 2997 4333 adiectionem
3035 4275 3143 4315 non
3187 4260 3461 4325 excludit,
3499 4264 3619 4316 cri-

2027 4380 2057 4415 ιι
2081 4377 2264 4432 enqne
2290 4359 2551 4414 amolitur
2575 4358 2786 4414 Latinis
2818 4358 3142 4426 impactum.
3170 4355 3427 4425 Synodus
3455 4371 3617 4411 mcu-

2026 4453 2238 4507 menica
2262 4449 2729 4506 Chalcedonensis
2754 4448 2975 4503 actione
2999 4447 3032 4501 5
3060 4448 3274 4509 statuit.
3301 4446 3615 4518 Symbolum

342 4520 461 4588 pit:
492 4519 662 4575 Credo
717 4522 775 4575 in
830 4538 994 4575 unum
1027 4521 1192 4575 Deam
1246 4522 1412 4576 tribus
1443 4525 1683 4594 personis
1731 4526 1914 4579 distin-

2039 4543 2302 4596 Vica'nnm
2351 4555 2677 4611 permanere
2727 4540 2993 4608 integrum
3053 4553 3116 4591 ac
3174 4537 3557 4592 intemeratum
3589 4554 3611 4593 :

342 4619 506 4673 ctum,
536 4623 644 4667 etc.
682 4614 757 4666 Ac
791 4612 1035 4683 denique
1069 4615 1281 4667 tertiam
1336 4615 1716 4684 professionem
1760 4617 1913 4686 legit,

341 4717 465 4771 quae
512 4700 692 4771 ipsum
725 4702 1408 4774 ConstantinOpoliumum
1465 4706 1787 4777 Symbolum
1828 4717 1917 4763 est

341 4793 744 4863 adiectionibus
772 4796 1029 4865 pluribus
1066 4797 1483 4866 locupletatum.
1516 4801 1915 4871 Euchologium

341 4884 454 4948 adi,
488 4896 544 4939 et
576 4887 848 4961 expende.
889 4887 1280 4956 llujuscemodi
1310 4889 1529 4946 demum
1566 4891 1826 4961 formulas
1862 4898 1919 4949 in

341 4978 693 5033 ordinatione
722 4981 1135 5049 episcoporum,
1167 4997 1231 5036 ac
1283 4982 1513 5038 llomani
1550 4985 1825 5053 pontiﬁcis
1858 4987 1916 5043 in

344 5087 446 5124 usu
494 5073 702 5141 positas
735 5072 906 5128 fuisse
938 5072 1141 5135 Romae,
1166 5082 1223 5128 et
1252 5074 1304 5127 in
1338 5074 1635 5139 Occidente.
1669 5078 1919 5134 dicemus

343 5165 504 5229 intra,
565 5175 868 5235 notumque
899 5164 1028 5220 facit
1057 5165 1223 5220 Liber
1254 5166 1486 5222 diuruus
1541 5167 1917 5225 Romanorum

343 5259 660 5327 pontiﬁcum
689 5273 718 5312 a
753 5256 1022 5312 Garneriu
1064 5258 1340 5330 vulgatus.

414 5372 606 5442 Repeti
661 5380 854 5426 contra
890 5371 1110 5427 Graecos
1157 5372 1560 5442 argumentatio
1595 5384 1796 5444 poteSI.
1821 5375 1923 5429 De-

342 5476 495 5521 creto
522 5482 623 5521 suo
656 5464 905 5538 synodus
940 5466 1215 5535 Ephesiua
1278 5478 1447 5532 vetat,
1487 5484 1555 5523 ne
1588 5467 1760 5522 altera
1786 5468 1917 5536 fides

343 5567 538 5629 pra’ter
590 5558 887 5622 Ntcwnom,
919 5558 1245 5631 proferatur,
1271 5570 1362 5612 aut
1402 5561 1764 5613 conscribatur
1785 5603 1800 5627 ,
1825 5570 1920 5614 aut

341 5663 709 5720 componatur.
780 5656 943 5724 Atqui
999 5661 1078 5707 tot
1124 5652 1298 5706 allata:
1322 5651 1566 5721 formulis
1601 5638 1921 5723 Symbolum

341 5747 627 5808 exhibent,
657 5746 802 5817 quod
838 5757 921 5801 est
959 5747 1189 5800 alterum
1221 5762 1250 5799 a
1298 5744 1516 5799 Nictcno
1577 5755 1629 5799 et
1661 5745 1923 5802 Constan-

340 5839 719 5909 tinopolitano,
754 5840 1144 5896 adzlilatnentis
1198 5839 1453 5895 videlicet
1482 5839 1639 5903 longe
1671 5838 1922 5901 pluribus

2028 4635 2349 4706 Symbolum
2382 4631 3030 4703 Constantinopolitanum
3066 4633 3227 4685 etiam
3282 4631 3614 4701 conﬁrmat;

2028 4729 2291 4797 additque
2347 4726 2741 4798 Appendicem,
2803 4738 2911 4793 qua
2977 4734 3169 4778 contra
3228 4723 3616 4795 Eutychianos

2030 4824 2323 4880 articulum
2359 4822 2423 4876 de
2454 4820 2824 4874 incarnatione
2857 4818 3068 4873 Domini
3103 4829 3268 4874 nostri
3292 4818 3418 4873 Jesu
3454 4819 3615 4876 Citri-

2026 4915 2395 4971 stideclarat.
2424 4912 2562 4966 Tum
2598 4927 2732 4966 vero
2771 4911 3055 4965 decretum
3090 4912 3178 4966 his
3219 4914 3402 4966 verbis
3432 4913 3551 4968 edit
3590 4930 3609 4967 :

2028 5005 2120 5060 llis
2155 5006 2318 5077 igitur
2353 5019 2470 5057 cum
2503 5003 2647 5055 omni
2693 5002 2926 5071 undique
2966 5012 3152 5055 exacta
3187 5019 3337 5067 cura,
3378 5011 3427 5054 et
3478 5004 3611 5057 dili-

2027 5100 2206 5170 gentia
2239 5116 2269 5151 a
2303 5096 2453 5150 nobis
2479 5095 2767 5165 dispositis,
2801 5093 2986 5161 deﬁnit
3028 5104 3217 5148 sancta
3251 5109 3298 5147 et
3332 5098 3616 5150 uniuersa-

2030 5193 2095 5246 lis
2144 5190 2421 5262 synodus:
2475 5188 2705 5241 alteram
2756 5186 2913 5253 ﬁdem
2968 5186 3102 5241 nulli
3143 5187 3298 5241 licere
3341 5198 3611 5259 proferre,

2030 5292 2124 5337 aut
2172 5281 2515 5340 conscribere.
2556 5280 2637 5334 vel
2676 5294 3011 5348 componere,
3050 5279 3214 5349 168
3255 5291 3348 5333 aitt
3383 5282 3612 5341 sentire.

2028 5386 2118 5429 aut
2142 5375 2278 5428 alios
2311 5374 2518 5426 docere.
2568 5371 2670 5425 Eos
2702 5381 2903 5433 autem,
2935 5372 3025 5440 qui
3065 5371 3262 5423 audent
3290 5387 3613 5439 componere

2030 5467 2188 5537 ﬁdem
2230 5466 2477 5524 alterum.
2503 5473 2612 5520 etc.
2646 5465 2725 5518 Au
2758 5463 2917 5531 fidem
2953 5461 3182 5515 alteram
3215 5462 3286 5515 ita
3322 5463 3612 5518 intellexe-

2033 5563 2146 5614 rint
2180 5559 2369 5613 Patres
2418 5555 2922 5618 Cltalcedonenses,
2978 5563 3038 5607 ut
3077 5544 3610 5623 formulam‘qnam-

2031 5665 2249 5718 cunque
2303 5646 2537 5718 Symboli
2582 5642 2948 5709 inhibuerint,
2995 5661 3120 5715 quae
3173 5661 3203 5699 ε
3256 5642 3497 5710 Nic-uno,
3553 5655 3613 5699 et

2033 5739 2650 5802 Constantinopolitano,
2683 5754 2791 5794 nua
2822 5737 3011 5804 etiam,
3043 5737 3130 5791 vel
3163 5740 3352 5806 paucis
3375 5738 3614 5791 vocibus

2034 5835 2286 5901 adiectis,
2349 5831 2639 5888 diﬁ‘erret?
2690 5830 2845 5886 llum:
2906 5830 3168 5898 rejiciunt
3235 5844 3461 5885 sensum
3528 5840 3611 5887 tot
