  <div class='ocr_page' id='page_1' title='image "/cluster/home/n/w/nwhite01/storage/ocr_20150623/142/hvd.32044012457388/090.png"; bbox 0 0 3852 6468; ppageno 0'>
   <div class='ocr_carea' id='block_1_1' title="bbox 248 443 358 513">
    <p class='ocr_par' dir='ltr' id='par_1_1' title="bbox 248 443 358 513">
     <span class='ocr_line' id='line_1_1' title="bbox 248 443 358 513; baseline 0 -1"><span class='ocrx_word' id='word_1_1' title='bbox 248 443 358 513; x_wconf 71' lang='lat'><strong>169</strong></span> 
     </span>
    </p>
   </div>
   <div class='ocr_carea' id='block_1_2' title="bbox 1382 455 2360 522">
    <p class='ocr_par' dir='ltr' id='par_1_2' title="bbox 1382 455 2360 522">
     <span class='ocr_line' id='line_1_2' title="bbox 1382 455 2360 522; baseline 0.006 -6"><span class='ocrx_word' id='word_1_2' title='bbox 1382 458 1576 516; x_wconf 75' lang='lat' dir='ltr'><strong>\&#39;l&#39;l‘.-\.</strong></span> <span class='ocrx_word' id='word_1_3' title='bbox 1620 482 1687 494; x_wconf 85' lang='grc'><strong>--</strong></span> <span class='ocrx_word' id='word_1_4' title='bbox 1727 455 2238 520; x_wconf 76' lang='lat' dir='ltr'><strong>DISSERTATIO</strong></span> <span class='ocrx_word' id='word_1_5' title='bbox 2287 462 2360 522; x_wconf 88' lang='lat' dir='ltr'><strong>ll.</strong></span> 
     </span>
    </p>
   </div>
   <div class='ocr_carea' id='block_1_3' title="bbox 3386 465 3488 530">
    <p class='ocr_par' dir='ltr' id='par_1_3' title="bbox 3386 465 3488 530">
     <span class='ocr_line' id='line_1_3' title="bbox 3386 465 3488 530; baseline -0.039 0"><span class='ocrx_word' id='word_1_6' title='bbox 3386 465 3488 530; x_wconf 83' lang='grc' dir='ltr'><strong>1ῖο</strong></span> 
     </span>
    </p>
   </div>
   <div class='ocr_carea' id='block_1_4' title="bbox 246 564 3487 650">
    <p class='ocr_par' dir='ltr' id='par_1_4' title="bbox 246 564 3487 650">
     <span class='ocr_line' id='line_1_4' title="bbox 246 564 3487 650; baseline 0.006 -34"><span class='ocrx_word' id='word_1_7' title='bbox 246 564 640 636; x_wconf 84' lang='lat' dir='ltr'><strong>Symbolorum</strong></span> <span class='ocrx_word' id='word_1_8' title='bbox 703 564 950 620; x_wconf 67' lang='lat' dir='ltr'><strong>formulae</strong></span> <span class='ocrx_word' id='word_1_9' title='bbox 1006 565 1262 637; x_wconf 68' lang='lat' dir='ltr'><strong>superius</strong></span> <span class='ocrx_word' id='word_1_10' title='bbox 1330 568 1620 630; x_wconf 72' lang='lat' dir='ltr'><strong>iudicatae.</strong></span> <span class='ocrx_word' id='word_1_11' title='bbox 1684 585 1820 639; x_wconf 83' lang='lat' dir='ltr'><strong>quas</strong></span> <span class='ocrx_word' id='word_1_12' title='bbox 1855 581 1893 629; x_wconf 70' lang='grc' dir='ltr'><strong>Α</strong></span> <span class='ocrx_word' id='word_1_13' title='bbox 1927 570 2200 637; x_wconf 85' lang='lat' dir='ltr'><strong>deputata,</strong></span> <span class='ocrx_word' id='word_1_14' title='bbox 2229 584 2335 629; x_wconf 92' lang='lat' dir='ltr'><strong>etc.</strong></span> <span class='ocrx_word' id='word_1_15' title='bbox 2375 574 2575 646; x_wconf 86' lang='lat' dir='ltr'><strong>Synodi</strong></span> <span class='ocrx_word' id='word_1_16' title='bbox 2611 576 2975 648; x_wconf 70' lang='lat' dir='ltr'><strong>Ecclesizeque</strong></span> <span class='ocrx_word' id='word_1_17' title='bbox 3031 578 3320 633; x_wconf 82' lang='lat' dir='ltr'><strong>consilium</strong></span> <span class='ocrx_word' id='word_1_18' title='bbox 3362 596 3487 650; x_wconf 87' lang='lat' dir='ltr'><strong>per-</strong></span> 
     </span>
    </p>
   </div>
   <div class='ocr_carea' id='block_1_5' title="bbox 244 657 1822 730">
    <p class='ocr_par' dir='ltr' id='par_1_5' title="bbox 244 657 1822 730">
     <span class='ocr_line' id='line_1_5' title="bbox 244 657 1822 730; baseline 0.002 -19"><span class='ocrx_word' id='word_1_19' title='bbox 244 657 595 712; x_wconf 71' lang='lat' dir='ltr'><strong>uacumcnica</strong></span> <span class='ocrx_word' id='word_1_20' title='bbox 655 659 962 727; x_wconf 75' lang='lat' dir='ltr'><strong>posteriora</strong></span> <span class='ocrx_word' id='word_1_21' title='bbox 1019 660 1250 714; x_wconf 87' lang='lat' dir='ltr'><strong>concilia</strong></span> <span class='ocrx_word' id='word_1_22' title='bbox 1305 673 1706 730; x_wconf 85' lang='lat' dir='ltr'><strong>susceperunt,</strong></span> <span class='ocrx_word' id='word_1_23' title='bbox 1771 670 1822 714; x_wconf 85' lang='lat' dir='ltr'><strong>et</strong></span> 
     </span>
    </p>
   </div>
   <div class='ocr_carea' id='block_1_6' title="bbox 251 749 1823 821">
    <p class='ocr_par' dir='ltr' id='par_1_6' title="bbox 251 749 1823 821">
     <span class='ocr_line' id='line_1_6' title="bbox 251 749 1823 821; baseline 0.003 -21"><span class='ocrx_word' id='word_1_24' title='bbox 251 750 664 820; x_wconf 84' lang='lat' dir='ltr'><strong>approbarunt.</strong></span> <span class='ocrx_word' id='word_1_25' title='bbox 703 750 783 802; x_wconf 83' lang='lat' dir='ltr'><strong>An</strong></span> <span class='ocrx_word' id='word_1_26' title='bbox 824 751 896 803; x_wconf 81' lang='lat' dir='ltr'><strong>ita</strong></span> <span class='ocrx_word' id='word_1_27' title='bbox 926 749 1053 816; x_wconf 69' lang='lat' dir='ltr'><strong>fides</strong></span> <span class='ocrx_word' id='word_1_28' title='bbox 1083 750 1254 805; x_wconf 81' lang='lat' dir='ltr'><strong>altera</strong></span> <span class='ocrx_word' id='word_1_29' title='bbox 1290 752 1523 806; x_wconf 87' lang='lat' dir='ltr'><strong>inhibita</strong></span> <span class='ocrx_word' id='word_1_30' title='bbox 1556 753 1823 821; x_wconf 71' lang='lat' dir='ltr'><strong>intelliga-</strong></span> 
     </span>
    </p>
   </div>
   <div class='ocr_carea' id='block_1_7' title="bbox 253 843 1819 910">
    <p class='ocr_par' dir='ltr' id='par_1_7' title="bbox 253 843 1819 910">
     <span class='ocr_line' id='line_1_7' title="bbox 253 843 1819 910; baseline 0.003 -16"><span class='ocrx_word' id='word_1_31' title='bbox 253 851 373 902; x_wconf 89' lang='lat' dir='ltr'><strong>tur.</strong></span> <span class='ocrx_word' id='word_1_32' title='bbox 416 850 476 894; x_wconf 89' lang='lat' dir='ltr'><strong>ut</strong></span> <span class='ocrx_word' id='word_1_33' title='bbox 514 843 568 895; x_wconf 89' lang='lat' dir='ltr'><strong>in</strong></span> <span class='ocrx_word' id='word_1_34' title='bbox 601 853 878 910; x_wconf 86' lang='lat' dir='ltr'><strong>posterum</strong></span> <span class='ocrx_word' id='word_1_35' title='bbox 921 859 1029 896; x_wconf 93' lang='lat' dir='ltr'><strong>non</strong></span> <span class='ocrx_word' id='word_1_36' title='bbox 1060 844 1272 910; x_wconf 77' lang='lat' dir='ltr'><strong>liceret,</strong></span> <span class='ocrx_word' id='word_1_37' title='bbox 1303 844 1426 899; x_wconf 89' lang='lat' dir='ltr'><strong>aliis</strong></span> <span class='ocrx_word' id='word_1_38' title='bbox 1454 846 1529 901; x_wconf 91' lang='lat' dir='ltr'><strong>uti</strong></span> <span class='ocrx_word' id='word_1_39' title='bbox 1555 846 1737 899; x_wconf 78' lang='lat' dir='ltr'><strong>verbis</strong></span> <span class='ocrx_word' id='word_1_40' title='bbox 1770 847 1819 898; x_wconf 92' lang='lat' dir='ltr'><strong>in</strong></span> 
     </span>
    </p>
   </div>
   <div class='ocr_carea' id='block_1_8' title="bbox 249 933 1825 1008">
    <p class='ocr_par' dir='ltr' id='par_1_8' title="bbox 249 933 1825 1008">
     <span class='ocr_line' id='line_1_8' title="bbox 249 933 1825 1008; baseline 0.005 -22"><span class='ocrx_word' id='word_1_41' title='bbox 249 935 490 989; x_wconf 81' lang='lat' dir='ltr'><strong>articulo</strong></span> <span class='ocrx_word' id='word_1_42' title='bbox 506 933 922 999; x_wconf 84' lang='lat' dir='ltr'><strong>Incaruatiouis,</strong></span> <span class='ocrx_word' id='word_1_43' title='bbox 943 936 1045 991; x_wconf 82' lang='lat' dir='ltr'><strong>nisi</strong></span> <span class='ocrx_word' id='word_1_44' title='bbox 1066 953 1185 1005; x_wconf 75' lang='lat' dir='ltr'><strong>quae</strong></span> <span class='ocrx_word' id='word_1_45' title='bbox 1204 939 1445 1008; x_wconf 80' lang='lat' dir='ltr'><strong>synodus</strong></span> <span class='ocrx_word' id='word_1_46' title='bbox 1461 940 1648 994; x_wconf 87' lang='lat' dir='ltr'><strong>eadem</strong></span> <span class='ocrx_word' id='word_1_47' title='bbox 1667 939 1825 994; x_wconf 87' lang='lat' dir='ltr'><strong>Chal-</strong></span> 
     </span>
    </p>
   </div>
   <div class='ocr_carea' id='block_1_9' title="bbox 253 1018 1829 1093">
    <p class='ocr_par' dir='ltr' id='par_1_9' title="bbox 253 1018 1829 1093">
     <span class='ocr_line' id='line_1_9' title="bbox 253 1018 1829 1093; baseline 0.006 -19"><span class='ocrx_word' id='word_1_48' title='bbox 253 1025 584 1078; x_wconf 73' lang='lat' dir='ltr'><strong>cedonensis</strong></span> <span class='ocrx_word' id='word_1_49' title='bbox 605 1025 924 1093; x_wconf 68' lang='lat' dir='ltr'><strong>usurpavit‘l</strong></span> <span class='ocrx_word' id='word_1_50' title='bbox 945 1026 1100 1080; x_wconf 88' lang='lat' dir='ltr'><strong>llunc</strong></span> <span class='ocrx_word' id='word_1_51' title='bbox 1122 1028 1282 1081; x_wconf 87' lang='lat' dir='ltr'><strong>etiam</strong></span> <span class='ocrx_word' id='word_1_52' title='bbox 1303 1018 1524 1082; x_wconf 86' lang='lat' dir='ltr'><strong>sensum</strong></span> <span class='ocrx_word' id='word_1_53' title='bbox 1548 1038 1829 1084; x_wconf 78' lang='lat' dir='ltr'><strong>removent</strong></span> 
     </span>
    </p>
   </div>
   <div class='ocr_carea' id='block_1_10' title="bbox 251 1114 1824 1186">
    <p class='ocr_par' dir='ltr' id='par_1_10' title="bbox 251 1114 1824 1186">
     <span class='ocr_line' id='line_1_10' title="bbox 251 1114 1824 1186; baseline 0.003 -17"><span class='ocrx_word' id='word_1_54' title='bbox 251 1127 569 1170; x_wconf 82' lang='lat' dir='ltr'><strong>memoratae</strong></span> <span class='ocrx_word' id='word_1_55' title='bbox 607 1114 991 1186; x_wconf 89' lang='lat' dir='ltr'><strong>Symbolorum</strong></span> <span class='ocrx_word' id='word_1_56' title='bbox 1040 1119 1305 1173; x_wconf 74' lang='lat' dir='ltr'><strong>formulae.</strong></span> <span class='ocrx_word' id='word_1_57' title='bbox 1349 1119 1466 1173; x_wconf 87' lang='lat' dir='ltr'><strong>Non</strong></span> <span class='ocrx_word' id='word_1_58' title='bbox 1513 1121 1824 1182; x_wconf 82' lang='lat' dir='ltr'><strong>abnuerim.</strong></span> 
     </span>
    </p>
   </div>
   <div class='ocr_carea' id='block_1_11' title="bbox 253 1207 1828 1285">
    <p class='ocr_par' dir='ltr' id='par_1_11' title="bbox 253 1207 1828 1285">
     <span class='ocr_line' id='line_1_11' title="bbox 253 1207 1828 1285; baseline 0.006 -25"><span class='ocrx_word' id='word_1_59' title='bbox 253 1207 511 1260; x_wconf 86' lang='lat' dir='ltr'><strong>inhibere</strong></span> <span class='ocrx_word' id='word_1_60' title='bbox 563 1209 829 1278; x_wconf 82' lang='lat' dir='ltr'><strong>synodum</strong></span> <span class='ocrx_word' id='word_1_61' title='bbox 871 1210 1144 1278; x_wconf 86' lang='lat' dir='ltr'><strong>potuisse,</strong></span> <span class='ocrx_word' id='word_1_62' title='bbox 1183 1226 1251 1266; x_wconf 89' lang='lat' dir='ltr'><strong>ne</strong></span> <span class='ocrx_word' id='word_1_63' title='bbox 1289 1228 1450 1268; x_wconf 87' lang='lat' dir='ltr'><strong>voces</strong></span> <span class='ocrx_word' id='word_1_64' title='bbox 1489 1215 1682 1285; x_wconf 71' lang='lat' dir='ltr'><strong>aliqua:</strong></span> <span class='ocrx_word' id='word_1_65' title='bbox 1726 1217 1828 1270; x_wconf 82' lang='lat' dir='ltr'><strong>mi-</strong></span> 
     </span>
    </p>
   </div>
   <div class='ocr_carea' id='block_1_12' title="bbox 255 1301 1827 1369">
    <p class='ocr_par' dir='ltr' id='par_1_12' title="bbox 255 1301 1827 1369">
     <span class='ocr_line' id='line_1_12' title="bbox 255 1301 1827 1369; baseline 0.007 -16"><span class='ocrx_word' id='word_1_66' title='bbox 255 1301 1215 1369; x_wconf 73' lang='lat' dir='ltr'><strong>nuerentur,autadderenturullae,</strong></span> <span class='ocrx_word' id='word_1_67' title='bbox 1248 1321 1314 1360; x_wconf 92' lang='lat' dir='ltr'><strong>eo</strong></span> <span class='ocrx_word' id='word_1_68' title='bbox 1333 1306 1610 1362; x_wconf 85' lang='lat' dir='ltr'><strong>inductam</strong></span> <span class='ocrx_word' id='word_1_69' title='bbox 1642 1310 1827 1364; x_wconf 87' lang='lat' dir='ltr'><strong>consi-</strong></span> 
     </span>
    </p>
   </div>
   <div class='ocr_carea' id='block_1_13' title="bbox 255 1391 1825 1471">
    <p class='ocr_par' dir='ltr' id='par_1_13' title="bbox 255 1391 1825 1471">
     <span class='ocr_line' id='line_1_13' title="bbox 255 1391 1825 1471; baseline 0.008 -26"><span class='ocrx_word' id='word_1_70' title='bbox 255 1391 359 1456; x_wconf 87' lang='lat' dir='ltr'><strong>lio,</strong></span> <span class='ocrx_word' id='word_1_71' title='bbox 387 1405 448 1446; x_wconf 90' lang='lat' dir='ltr'><strong>ut</strong></span> <span class='ocrx_word' id='word_1_72' title='bbox 483 1408 700 1447; x_wconf 89' lang='lat' dir='ltr'><strong>errores</strong></span> <span class='ocrx_word' id='word_1_73' title='bbox 727 1396 918 1463; x_wconf 81' lang='lat' dir='ltr'><strong>procul</strong></span> <span class='ocrx_word' id='word_1_74' title='bbox 952 1407 1166 1451; x_wconf 87' lang='lat' dir='ltr'><strong>arceret</strong></span> <span class='ocrx_word' id='word_1_75' title='bbox 1193 1411 1550 1469; x_wconf 85' lang='lat' dir='ltr'><strong>omnes,quos</strong></span> <span class='ocrx_word' id='word_1_76' title='bbox 1569 1401 1825 1471; x_wconf 85' lang='lat' dir='ltr'><strong>imperiti,</strong></span> 
     </span>
    </p>
   </div>
   <div class='ocr_carea' id='block_1_14' title="bbox 254 1486 1827 1558">
    <p class='ocr_par' dir='ltr' id='par_1_14' title="bbox 254 1486 1827 1558">
     <span class='ocr_line' id='line_1_14' title="bbox 254 1486 1827 1558; baseline 0.006 -21"><span class='ocrx_word' id='word_1_77' title='bbox 254 1496 355 1539; x_wconf 82' lang='lat' dir='ltr'><strong>aut</strong></span> <span class='ocrx_word' id='word_1_78' title='bbox 377 1486 771 1553; x_wconf 87' lang='lat' dir='ltr'><strong>imprudentes,</strong></span> <span class='ocrx_word' id='word_1_79' title='bbox 800 1497 894 1541; x_wconf 86' lang='lat' dir='ltr'><strong>aut</strong></span> <span class='ocrx_word' id='word_1_80' title='bbox 911 1499 1164 1543; x_wconf 82' lang='lat' dir='ltr'><strong>errantes</strong></span> <span class='ocrx_word' id='word_1_81' title='bbox 1184 1489 1457 1558; x_wconf 84' lang='lat' dir='ltr'><strong>homines,</strong></span> <span class='ocrx_word' id='word_1_82' title='bbox 1481 1494 1720 1547; x_wconf 88' lang='lat' dir='ltr'><strong>addendo</strong></span> <span class='ocrx_word' id='word_1_83' title='bbox 1741 1495 1827 1548; x_wconf 85' lang='lat' dir='ltr'><strong>vel</strong></span> 
     </span>
    </p>
   </div>
   <div class='ocr_carea' id='block_1_15' title="bbox 256 1575 1829 1654">
    <p class='ocr_par' dir='ltr' id='par_1_15' title="bbox 256 1575 1829 1654">
     <span class='ocr_line' id='line_1_15' title="bbox 256 1575 1829 1654; baseline 0.007 -26"><span class='ocrx_word' id='word_1_84' title='bbox 256 1575 563 1641; x_wconf 81' lang='lat' dir='ltr'><strong>minuendo,</strong></span> <span class='ocrx_word' id='word_1_85' title='bbox 584 1577 842 1631; x_wconf 83' lang='lat' dir='ltr'><strong>invehere</strong></span> <span class='ocrx_word' id='word_1_86' title='bbox 859 1588 1083 1646; x_wconf 83' lang='lat' dir='ltr'><strong>possent</strong></span> <span class='ocrx_word' id='word_1_87' title='bbox 1106 1597 1118 1632; x_wconf 93' lang='lat'>:</span> <span class='ocrx_word' id='word_1_88' title='bbox 1143 1589 1196 1632; x_wconf 87' lang='lat' dir='ltr'><strong>at</strong></span> <span class='ocrx_word' id='word_1_89' title='bbox 1219 1582 1543 1651; x_wconf 67' lang='lat' dir='ltr'><strong>praecipuam</strong></span> <span class='ocrx_word' id='word_1_90' title='bbox 1566 1586 1674 1654; x_wconf 80' lang='lat' dir='ltr'><strong>jam</strong></span> <span class='ocrx_word' id='word_1_91' title='bbox 1697 1600 1829 1639; x_wconf 85' lang='lat' dir='ltr'><strong>con-</strong></span> 
     </span>
    </p>
   </div>
   <div class='ocr_carea' id='block_1_16' title="bbox 254 1667 1828 1731">
    <p class='ocr_par' dir='ltr' id='par_1_16' title="bbox 254 1667 1828 1731">
     <span class='ocr_line' id='line_1_16' title="bbox 254 1667 1828 1731; baseline 0.008 -15"><span class='ocrx_word' id='word_1_92' title='bbox 254 1672 368 1717; x_wconf 74' lang='lat' dir='ltr'><strong>stat</strong></span> <span class='ocrx_word' id='word_1_93' title='bbox 404 1675 638 1720; x_wconf 87' lang='lat' dir='ltr'><strong>mentem</strong></span> <span class='ocrx_word' id='word_1_94' title='bbox 655 1667 848 1731; x_wconf 74' lang='lat' dir='ltr'><strong>fuisse,</strong></span> <span class='ocrx_word' id='word_1_95' title='bbox 883 1671 1197 1724; x_wconf 87' lang='lat' dir='ltr'><strong>minutiones</strong></span> <span class='ocrx_word' id='word_1_96' title='bbox 1226 1683 1281 1725; x_wconf 89' lang='lat' dir='ltr'><strong>et</strong></span> <span class='ocrx_word' id='word_1_97' title='bbox 1304 1673 1600 1727; x_wconf 80' lang='lat' dir='ltr'><strong>additiones</strong></span> <span class='ocrx_word' id='word_1_98' title='bbox 1645 1686 1828 1730; x_wconf 87' lang='lat' dir='ltr'><strong>vetare</strong></span> 
     </span>
    </p>
   </div>
   <div class='ocr_carea' id='block_1_17' title="bbox 257 1755 1827 1825">
    <p class='ocr_par' dir='ltr' id='par_1_17' title="bbox 257 1755 1827 1825">
     <span class='ocr_line' id='line_1_17' title="bbox 257 1755 1827 1825; baseline 0.009 -17"><span class='ocrx_word' id='word_1_99' title='bbox 257 1755 403 1816; x_wconf 87' lang='lat' dir='ltr'><strong>illas.</strong></span> <span class='ocrx_word' id='word_1_100' title='bbox 443 1773 560 1825; x_wconf 72' lang='lat' dir='ltr'><strong>qua:</strong></span> <span class='ocrx_word' id='word_1_101' title='bbox 591 1770 792 1815; x_wconf 90' lang='lat' dir='ltr'><strong>rectam</strong></span> <span class='ocrx_word' id='word_1_102' title='bbox 833 1761 995 1816; x_wconf 83' lang='lat' dir='ltr'><strong>tidem</strong></span> <span class='ocrx_word' id='word_1_103' title='bbox 1021 1763 1380 1818; x_wconf 79' lang='lat' dir='ltr'><strong>orthodoxam</strong></span> <span class='ocrx_word' id='word_1_104' title='bbox 1411 1766 1827 1822; x_wconf 79' lang='lat' dir='ltr'><strong>labefactarent.</strong></span> 
     </span>
    </p>
   </div>
   <div class='ocr_carea' id='block_1_18' title="bbox 333 1849 1827 1914">
    <p class='ocr_par' dir='ltr' id='par_1_18' title="bbox 333 1849 1827 1914">
     <span class='ocr_line' id='line_1_18' title="bbox 333 1849 1827 1914; baseline 0.008 -13"><span class='ocrx_word' id='word_1_105' title='bbox 333 1849 833 1906; x_wconf 82' lang='lat' dir='ltr'><strong>Prudentissimum</strong></span> <span class='ocrx_word' id='word_1_106' title='bbox 884 1854 1181 1909; x_wconf 90' lang='lat' dir='ltr'><strong>innotescit</strong></span> <span class='ocrx_word' id='word_1_107' title='bbox 1235 1855 1379 1910; x_wconf 88' lang='lat' dir='ltr'><strong>idem</strong></span> <span class='ocrx_word' id='word_1_108' title='bbox 1424 1859 1715 1912; x_wconf 86' lang='lat' dir='ltr'><strong>consilium</strong></span> <span class='ocrx_word' id='word_1_109' title='bbox 1771 1862 1827 1914; x_wconf 91' lang='lat' dir='ltr'><strong>in</strong></span> 
     </span>
    </p>
   </div>
   <div class='ocr_carea' id='block_1_19' title="bbox 258 1941 1830 2018">
    <p class='ocr_par' dir='ltr' id='par_1_19' title="bbox 258 1941 1830 2018">
     <span class='ocr_line' id='line_1_19' title="bbox 258 1941 1830 2018; baseline 0.008 -27"><span class='ocrx_word' id='word_1_110' title='bbox 258 1941 491 2009; x_wconf 82' lang='lat' dir='ltr'><strong>synodis</strong></span> <span class='ocrx_word' id='word_1_111' title='bbox 542 1943 963 2010; x_wconf 84' lang='lat' dir='ltr'><strong>posterioribus.</strong></span> <span class='ocrx_word' id='word_1_112' title='bbox 1007 1945 1064 1999; x_wconf 92' lang='lat' dir='ltr'><strong>ln</strong></span> <span class='ocrx_word' id='word_1_113' title='bbox 1115 1947 1456 2002; x_wconf 75' lang='lat' dir='ltr'><strong>meumenica</strong></span> <span class='ocrx_word' id='word_1_114' title='bbox 1503 1965 1576 2015; x_wconf 67' lang='grc' dir='ltr'><strong>γι,</strong></span> <span class='ocrx_word' id='word_1_115' title='bbox 1620 1960 1830 2018; x_wconf 87' lang='lat' dir='ltr'><strong>prostat</strong></span> 
     </span>
    </p>
   </div>
   <div class='ocr_carea' id='block_1_20' title="bbox 265 2031 1828 2109">
    <p class='ocr_par' dir='ltr' id='par_1_20' title="bbox 265 2031 1828 2109">
     <span class='ocr_line' id='line_1_20' title="bbox 265 2031 1828 2109; baseline 0.008 -28"><span class='ocrx_word' id='word_1_116' title='bbox 265 2032 492 2109; x_wconf 74' lang='lat' dir='ltr'><strong>actione</strong></span> <span class='ocrx_word' id='word_1_117' title='bbox 520 2031 552 2084; x_wconf 73' lang='grc'><strong>4</strong></span> <span class='ocrx_word' id='word_1_118' title='bbox 582 2033 815 2100; x_wconf 85' lang='lat' dir='ltr'><strong>cpistola</strong></span> <span class='ocrx_word' id='word_1_119' title='bbox 861 2035 883 2087; x_wconf 79' lang='grc'><strong>1</strong></span> <span class='ocrx_word' id='word_1_120' title='bbox 911 2035 1196 2104; x_wconf 81' lang='lat' dir='ltr'><strong>Agathonis</strong></span> <span class='ocrx_word' id='word_1_121' title='bbox 1240 2038 1470 2092; x_wconf 78' lang='lat' dir='ltr'><strong>Romani</strong></span> <span class='ocrx_word' id='word_1_122' title='bbox 1518 2039 1789 2107; x_wconf 80' lang='lat' dir='ltr'><strong>pontiﬁcis</strong></span> <span class='ocrx_word' id='word_1_123' title='bbox 1814 2078 1828 2102; x_wconf 90' lang='lat'><strong>,</strong></span> 
     </span>
    </p>
   </div>
   <div class='ocr_carea' id='block_1_21' title="bbox 265 2121 1830 2194">
    <p class='ocr_par' dir='ltr' id='par_1_21' title="bbox 265 2121 1830 2194">
     <span class='ocr_line' id='line_1_21' title="bbox 265 2121 1830 2194; baseline 0.008 -22"><span class='ocrx_word' id='word_1_124' title='bbox 265 2121 365 2172; x_wconf 87' lang='lat' dir='ltr'><strong>ubi</strong></span> <span class='ocrx_word' id='word_1_125' title='bbox 407 2137 512 2174; x_wconf 92' lang='lat' dir='ltr'><strong>non</strong></span> <span class='ocrx_word' id='word_1_126' title='bbox 559 2123 721 2190; x_wconf 81' lang='lat' dir='ltr'><strong>longe</strong></span> <span class='ocrx_word' id='word_1_127' title='bbox 767 2126 837 2177; x_wconf 81' lang='lat' dir='ltr'><strong>ab</strong></span> <span class='ocrx_word' id='word_1_128' title='bbox 873 2126 1033 2180; x_wconf 88' lang='lat' dir='ltr'><strong>ittitio</strong></span> <span class='ocrx_word' id='word_1_129' title='bbox 1067 2127 1182 2182; x_wconf 76' lang='lat' dir='ltr'><strong>lucc</strong></span> <span class='ocrx_word' id='word_1_130' title='bbox 1214 2129 1491 2184; x_wconf 80' lang='lat' dir='ltr'><strong>habentur</strong></span> <span class='ocrx_word' id='word_1_131' title='bbox 1524 2148 1536 2184; x_wconf 89' lang='lat'><strong>:</strong></span> <span class='ocrx_word' id='word_1_132' title='bbox 1581 2131 1710 2194; x_wconf 80' lang='lat' dir='ltr'><strong>Qua:</strong></span> <span class='ocrx_word' id='word_1_133' title='bbox 1749 2148 1830 2184; x_wconf 72' lang='lat' dir='ltr'><strong>re-</strong></span> 
     </span>
    </p>
   </div>
   <div class='ocr_carea' id='block_1_22' title="bbox 254 2212 1830 2292">
    <p class='ocr_par' dir='ltr' id='par_1_22' title="bbox 254 2212 1830 2292">
     <span class='ocr_line' id='line_1_22' title="bbox 254 2212 1830 2292; baseline 0.009 -29"><span class='ocrx_word' id='word_1_134' title='bbox 254 2212 528 2284; x_wconf 81' lang='lat' dir='ltr'><strong>gulariter</strong></span> <span class='ocrx_word' id='word_1_135' title='bbox 571 2233 604 2268; x_wconf 92' lang='lat' dir='ltr'><strong>a</strong></span> <span class='ocrx_word' id='word_1_136' title='bbox 657 2219 856 2270; x_wconf 88' lang='lat' dir='ltr'><strong>sanctis</strong></span> <span class='ocrx_word' id='word_1_137' title='bbox 903 2228 1062 2288; x_wconf 89' lang='lat' dir='ltr'><strong>atque</strong></span> <span class='ocrx_word' id='word_1_138' title='bbox 1098 2222 1401 2290; x_wconf 84' lang='lat' dir='ltr'><strong>apostolicis</strong></span> <span class='ocrx_word' id='word_1_139' title='bbox 1433 2224 1804 2292; x_wconf 65' lang='lat' dir='ltr'><strong>praedecessori</strong></span> <span class='ocrx_word' id='word_1_140' title='bbox 1819 2256 1830 2263; x_wconf 96' lang='lat'><strong>-</strong></span> 
     </span>
    </p>
   </div>
   <div class='ocr_carea' id='block_1_23' title="bbox 258 2303 1828 2382">
    <p class='ocr_par' dir='ltr' id='par_1_23' title="bbox 258 2303 1828 2382">
     <span class='ocr_line' id='line_1_23' title="bbox 258 2303 1828 2382; baseline 0.007 -24"><span class='ocrx_word' id='word_1_141' title='bbox 258 2303 381 2367; x_wconf 80' lang='lat' dir='ltr'><strong>bus,</strong></span> <span class='ocrx_word' id='word_1_142' title='bbox 417 2315 464 2356; x_wconf 88' lang='lat' dir='ltr'><strong>et</strong></span> <span class='ocrx_word' id='word_1_143' title='bbox 491 2307 869 2361; x_wconf 71' lang='lat' dir='ltr'><strong>uenerabilibus</strong></span> <span class='ocrx_word' id='word_1_144' title='bbox 899 2312 1129 2381; x_wconf 86' lang='lat' dir='ltr'><strong>quinque</strong></span> <span class='ocrx_word' id='word_1_145' title='bbox 1163 2313 1393 2366; x_wconf 86' lang='lat' dir='ltr'><strong>conciliis</strong></span> <span class='ocrx_word' id='word_1_146' title='bbox 1426 2313 1644 2382; x_wconf 76' lang='lat' dir='ltr'><strong>deﬁnita</strong></span> <span class='ocrx_word' id='word_1_147' title='bbox 1687 2325 1828 2382; x_wconf 84' lang='lat' dir='ltr'><strong>sunt,</strong></span> 
     </span>
    </p>
   </div>
   <div class='ocr_carea' id='block_1_24' title="bbox 259 2399 1829 2475">
    <p class='ocr_par' dir='ltr' id='par_1_24' title="bbox 259 2399 1829 2475">
     <span class='ocr_line' id='line_1_24' title="bbox 259 2399 1829 2475; baseline 0.008 -26"><span class='ocrx_word' id='word_1_148' title='bbox 259 2414 384 2450; x_wconf 82' lang='lat' dir='ltr'><strong>cum</strong></span> <span class='ocrx_word' id='word_1_149' title='bbox 408 2399 755 2468; x_wconf 66' lang='lat' dir='ltr'><strong>simplicitate</strong></span> <span class='ocrx_word' id='word_1_150' title='bbox 789 2403 980 2464; x_wconf 87' lang='lat' dir='ltr'><strong>cordis,</strong></span> <span class='ocrx_word' id='word_1_151' title='bbox 1019 2415 1067 2456; x_wconf 89' lang='lat' dir='ltr'><strong>et</strong></span> <span class='ocrx_word' id='word_1_152' title='bbox 1104 2405 1218 2457; x_wconf 88' lang='lat' dir='ltr'><strong>sine</strong></span> <span class='ocrx_word' id='word_1_153' title='bbox 1250 2407 1596 2475; x_wconf 83' lang='lat' dir='ltr'><strong>ambiguitate</strong></span> <span class='ocrx_word' id='word_1_154' title='bbox 1645 2425 1676 2460; x_wconf 91' lang='lat' dir='ltr'><strong>a</strong></span> <span class='ocrx_word' id='word_1_155' title='bbox 1719 2407 1829 2460; x_wconf 78' lang='lat' dir='ltr'><strong>Pa-</strong></span> 
     </span>
    </p>
   </div>
   <div class='ocr_carea' id='block_1_25' title="bbox 261 2490 1834 2568">
    <p class='ocr_par' dir='ltr' id='par_1_25' title="bbox 261 2490 1834 2568">
     <span class='ocr_line' id='line_1_25' title="bbox 261 2490 1834 2568; baseline 0.006 -27"><span class='ocrx_word' id='word_1_156' title='bbox 261 2490 432 2542; x_wconf 83' lang='lat' dir='ltr'><strong>tribus</strong></span> <span class='ocrx_word' id='word_1_157' title='bbox 469 2491 687 2544; x_wconf 65' lang='lat' dir='ltr'><strong>tradite</strong></span> <span class='ocrx_word' id='word_1_158' title='bbox 739 2491 862 2558; x_wconf 80' lang='lat' dir='ltr'><strong>ﬁdei</strong></span> <span class='ocrx_word' id='word_1_159' title='bbox 910 2510 1274 2549; x_wconf 80' lang='lat' dir='ltr'><strong>conservamus</strong></span> <span class='ocrx_word' id='word_1_160' title='bbox 1298 2513 1316 2550; x_wconf 87' lang='lat'><strong><em>:</em></strong></span> <span class='ocrx_word' id='word_1_161' title='bbox 1341 2514 1525 2560; x_wconf 87' lang='lat' dir='ltr'><strong>unum,</strong></span> <span class='ocrx_word' id='word_1_162' title='bbox 1558 2516 1619 2551; x_wconf 90' lang='lat' dir='ltr'><strong>ac</strong></span> <span class='ocrx_word' id='word_1_163' title='bbox 1649 2501 1834 2568; x_wconf 76' lang='lat' dir='ltr'><strong>prteci-</strong></span> 
     </span>
    </p>
   </div>
   <div class='ocr_carea' id='block_1_26' title="bbox 258 2583 1830 2660">
    <p class='ocr_par' dir='ltr' id='par_1_26' title="bbox 258 2583 1830 2660">
     <span class='ocr_line' id='line_1_26' title="bbox 258 2583 1830 2660; baseline 0.006 -26"><span class='ocrx_word' id='word_1_164' title='bbox 258 2599 425 2650; x_wconf 84' lang='lat' dir='ltr'><strong>puum</strong></span> <span class='ocrx_word' id='word_1_165' title='bbox 452 2583 643 2637; x_wconf 89' lang='lat' dir='ltr'><strong>bonum</strong></span> <span class='ocrx_word' id='word_1_166' title='bbox 671 2587 862 2638; x_wconf 81' lang='lat' dir='ltr'><strong>habere</strong></span> <span class='ocrx_word' id='word_1_167' title='bbox 896 2604 1102 2654; x_wconf 87' lang='lat' dir='ltr'><strong>semper</strong></span> <span class='ocrx_word' id='word_1_168' title='bbox 1129 2597 1390 2658; x_wconf 87' lang='lat' dir='ltr'><strong>optantes,</strong></span> <span class='ocrx_word' id='word_1_169' title='bbox 1421 2601 1580 2660; x_wconf 87' lang='lat' dir='ltr'><strong>atque</strong></span> <span class='ocrx_word' id='word_1_170' title='bbox 1611 2593 1830 2644; x_wconf 85' lang='lat' dir='ltr'><strong>studen-</strong></span> 
     </span>
    </p>
   </div>
   <div class='ocr_carea' id='block_1_27' title="bbox 258 2677 1828 2751">
    <p class='ocr_par' dir='ltr' id='par_1_27' title="bbox 258 2677 1828 2751">
     <span class='ocr_line' id='line_1_27' title="bbox 258 2677 1828 2751; baseline 0.008 -26"><span class='ocrx_word' id='word_1_171' title='bbox 258 2687 339 2727; x_wconf 87' lang='lat' dir='ltr'><strong>tes</strong></span> <span class='ocrx_word' id='word_1_172' title='bbox 365 2693 383 2729; x_wconf 87' lang='lat'><strong><em>:</em></strong></span> <span class='ocrx_word' id='word_1_173' title='bbox 415 2686 469 2728; x_wconf 90' lang='lat' dir='ltr'><strong>ut</strong></span> <span class='ocrx_word' id='word_1_174' title='bbox 509 2677 641 2730; x_wconf 76' lang='lat' dir='ltr'><strong>nihil</strong></span> <span class='ocrx_word' id='word_1_175' title='bbox 691 2678 752 2730; x_wconf 90' lang='lat' dir='ltr'><strong>de</strong></span> <span class='ocrx_word' id='word_1_176' title='bbox 794 2680 866 2731; x_wconf 84' lang='lat' dir='ltr'><strong>eis</strong></span> <span class='ocrx_word' id='word_1_177' title='bbox 898 2697 1014 2749; x_wconf 69' lang='lat' dir='ltr'><strong>quae</strong></span> <span class='ocrx_word' id='word_1_178' title='bbox 1059 2683 1383 2751; x_wconf 79' lang='lat' dir='ltr'><strong>regulariter</strong></span> <span class='ocrx_word' id='word_1_179' title='bbox 1411 2684 1628 2750; x_wconf 78' lang='lat' dir='ltr'><strong>deﬁnita</strong></span> <span class='ocrx_word' id='word_1_180' title='bbox 1684 2696 1828 2749; x_wconf 88' lang='lat' dir='ltr'><strong>sunt,</strong></span> 
     </span>
    </p>
   </div>
   <div class='ocr_carea' id='block_1_28' title="bbox 259 2767 1828 2844">
    <p class='ocr_par' dir='ltr' id='par_1_28' title="bbox 259 2767 1828 2844">
     <span class='ocr_line' id='line_1_28' title="bbox 259 2767 1828 2844; baseline 0.008 -26"><span class='ocrx_word' id='word_1_181' title='bbox 259 2767 560 2832; x_wconf 85' lang='lat' dir='ltr'><strong>minuatur,</strong></span> <span class='ocrx_word' id='word_1_182' title='bbox 611 2770 742 2822; x_wconf 76' lang='lat' dir='ltr'><strong>nihil</strong></span> <span class='ocrx_word' id='word_1_183' title='bbox 770 2781 1025 2836; x_wconf 83' lang='lat' dir='ltr'><strong>mutetur,</strong></span> <span class='ocrx_word' id='word_1_184' title='bbox 1066 2776 1146 2825; x_wconf 76' lang='lat' dir='ltr'><strong>vel</strong></span> <span class='ocrx_word' id='word_1_185' title='bbox 1192 2785 1491 2844; x_wconf 81' lang='lat' dir='ltr'><strong>augeatur;</strong></span> <span class='ocrx_word' id='word_1_186' title='bbox 1529 2777 1619 2829; x_wconf 82' lang='lat' dir='ltr'><strong>sed</strong></span> <span class='ocrx_word' id='word_1_187' title='bbox 1649 2779 1828 2832; x_wconf 87' lang='lat' dir='ltr'><strong>eadem</strong></span> 
     </span>
    </p>
   </div>
   <div class='ocr_carea' id='block_1_29' title="bbox 255 2861 1830 2939">
    <p class='ocr_par' dir='ltr' id='par_1_29' title="bbox 255 2861 1830 2939">
     <span class='ocr_line' id='line_1_29' title="bbox 255 2861 1830 2939; baseline 0.009 -29"><span class='ocrx_word' id='word_1_188' title='bbox 255 2861 455 2922; x_wconf 72' lang='lat' dir='ltr'><strong>verbis,</strong></span> <span class='ocrx_word' id='word_1_189' title='bbox 487 2869 537 2912; x_wconf 90' lang='lat' dir='ltr'><strong>et</strong></span> <span class='ocrx_word' id='word_1_190' title='bbox 564 2862 801 2917; x_wconf 72' lang='lat' dir='ltr'><strong>sensibus</strong></span> <span class='ocrx_word' id='word_1_191' title='bbox 855 2864 1068 2919; x_wconf 85' lang='lat' dir='ltr'><strong>illibata</strong></span> <span class='ocrx_word' id='word_1_192' title='bbox 1111 2870 1496 2922; x_wconf 83' lang='lat' dir='ltr'><strong>custodiantur.</strong></span> <span class='ocrx_word' id='word_1_193' title='bbox 1529 2869 1678 2922; x_wconf 86' lang='lat' dir='ltr'><strong>lianc</strong></span> <span class='ocrx_word' id='word_1_194' title='bbox 1715 2870 1830 2939; x_wconf 75' lang='lat' dir='ltr'><strong>epi-</strong></span> 
     </span>
    </p>
   </div>
   <div class='ocr_carea' id='block_1_30' title="bbox 258 2953 1831 3029">
    <p class='ocr_par' dir='ltr' id='par_1_30' title="bbox 258 2953 1831 3029">
     <span class='ocr_line' id='line_1_30' title="bbox 258 2953 1831 3029; baseline 0.007 -23"><span class='ocrx_word' id='word_1_195' title='bbox 258 2953 459 3006; x_wconf 88' lang='lat' dir='ltr'><strong>stolam</strong></span> <span class='ocrx_word' id='word_1_196' title='bbox 491 2953 698 3009; x_wconf 81' lang='lat' dir='ltr'><strong>ibidem</strong></span> <span class='ocrx_word' id='word_1_197' title='bbox 733 2957 984 3025; x_wconf 86' lang='lat' dir='ltr'><strong>sequitur</strong></span> <span class='ocrx_word' id='word_1_198' title='bbox 1011 2959 1256 3028; x_wconf 81' lang='lat' dir='ltr'><strong>ejusdem</strong></span> <span class='ocrx_word' id='word_1_199' title='bbox 1294 2959 1594 3029; x_wconf 76' lang='lat' dir='ltr'><strong>Agathonis</strong></span> <span class='ocrx_word' id='word_1_200' title='bbox 1623 2963 1722 3016; x_wconf 87' lang='lat' dir='ltr'><strong>alia</strong></span> <span class='ocrx_word' id='word_1_201' title='bbox 1765 2979 1831 3017; x_wconf 77' lang='lat' dir='ltr'><strong>ex</strong></span> 
     </span>
    </p>
   </div>
   <div class='ocr_carea' id='block_1_31' title="bbox 256 3045 1830 3122">
    <p class='ocr_par' dir='ltr' id='par_1_31' title="bbox 256 3045 1830 3122">
     <span class='ocr_line' id='line_1_31' title="bbox 256 3045 1830 3122; baseline 0.009 -26"><span class='ocrx_word' id='word_1_202' title='bbox 256 3045 476 3113; x_wconf 85' lang='lat' dir='ltr'><strong>synodo</strong></span> <span class='ocrx_word' id='word_1_203' title='bbox 524 3046 770 3102; x_wconf 82' lang='lat' dir='ltr'><strong>Romana</strong></span> <span class='ocrx_word' id='word_1_204' title='bbox 813 3050 960 3113; x_wconf 84' lang='lat' dir='ltr'><strong>data,</strong></span> <span class='ocrx_word' id='word_1_205' title='bbox 1001 3049 1054 3103; x_wconf 89' lang='lat' dir='ltr'><strong>in</strong></span> <span class='ocrx_word' id='word_1_206' title='bbox 1091 3067 1196 3118; x_wconf 84' lang='lat' dir='ltr'><strong>qua</strong></span> <span class='ocrx_word' id='word_1_207' title='bbox 1229 3051 1356 3118; x_wconf 82' lang='lat' dir='ltr'><strong>ﬁdei</strong></span> <span class='ocrx_word' id='word_1_208' title='bbox 1378 3056 1632 3122; x_wconf 77' lang='lat' dir='ltr'><strong>professio</strong></span> <span class='ocrx_word' id='word_1_209' title='bbox 1661 3057 1830 3110; x_wconf 82' lang='lat' dir='ltr'><strong>instar</strong></span> 
     </span>
    </p>
   </div>
   <div class='ocr_carea' id='block_1_32' title="bbox 255 3134 1831 3212">
    <p class='ocr_par' dir='ltr' id='par_1_32' title="bbox 255 3134 1831 3212">
     <span class='ocr_line' id='line_1_32' title="bbox 255 3134 1831 3212; baseline 0.008 -24"><span class='ocrx_word' id='word_1_210' title='bbox 255 3134 498 3206; x_wconf 78' lang='lat' dir='ltr'><strong>Symboli</strong></span> <span class='ocrx_word' id='word_1_211' title='bbox 525 3139 810 3202; x_wconf 87' lang='lat' dir='ltr'><strong>inseritur,</strong></span> <span class='ocrx_word' id='word_1_212' title='bbox 839 3143 1027 3209; x_wconf 80' lang='lat' dir='ltr'><strong>utique</strong></span> <span class='ocrx_word' id='word_1_213' title='bbox 1051 3142 1308 3212; x_wconf 86' lang='lat' dir='ltr'><strong>Symbolo</strong></span> <span class='ocrx_word' id='word_1_214' title='bbox 1331 3143 1572 3211; x_wconf 67' lang='lat' dir='ltr'><strong>Nicrcno,</strong></span> <span class='ocrx_word' id='word_1_215' title='bbox 1596 3159 1653 3200; x_wconf 90' lang='lat' dir='ltr'><strong>et</strong></span> <span class='ocrx_word' id='word_1_216' title='bbox 1688 3147 1831 3202; x_wconf 66' lang='lat' dir='ltr'><strong>Con.</strong></span> 
     </span>
    </p>
   </div>
   <div class='ocr_carea' id='block_1_33' title="bbox 259 3229 1834 3298">
    <p class='ocr_par' dir='ltr' id='par_1_33' title="bbox 259 3229 1834 3298">
     <span class='ocr_line' id='line_1_33' title="bbox 259 3229 1834 3298; baseline 0.007 -15"><span class='ocrx_word' id='word_1_217' title='bbox 259 3229 791 3298; x_wconf 84' lang='lat' dir='ltr'><strong>stantinopolitano,</strong></span> <span class='ocrx_word' id='word_1_218' title='bbox 817 3246 880 3284; x_wconf 91' lang='lat' dir='ltr'><strong>ac</strong></span> <span class='ocrx_word' id='word_1_219' title='bbox 911 3232 1220 3287; x_wconf 74' lang='lat' dir='ltr'><strong>deﬁnitioni</strong></span> <span class='ocrx_word' id='word_1_220' title='bbox 1246 3233 1680 3292; x_wconf 83' lang='lat' dir='ltr'><strong>Chalcedonensi</strong></span> <span class='ocrx_word' id='word_1_221' title='bbox 1703 3254 1834 3294; x_wconf 84' lang='lat' dir='ltr'><strong>con-</strong></span> 
     </span>
    </p>
   </div>
   <div class='ocr_carea' id='block_1_34' title="bbox 255 3321 1828 3395">
    <p class='ocr_par' dir='ltr' id='par_1_34' title="bbox 255 3321 1828 3395">
     <span class='ocr_line' id='line_1_34' title="bbox 255 3321 1828 3395; baseline 0.008 -24"><span class='ocrx_word' id='word_1_222' title='bbox 255 3333 418 3381; x_wconf 87' lang='lat' dir='ltr'><strong>sona,</strong></span> <span class='ocrx_word' id='word_1_223' title='bbox 441 3321 627 3374; x_wconf 80' lang='lat' dir='ltr'><strong>verbis</strong></span> <span class='ocrx_word' id='word_1_224' title='bbox 655 3330 834 3374; x_wconf 89' lang='lat' dir='ltr'><strong>tamen</strong></span> <span class='ocrx_word' id='word_1_225' title='bbox 861 3321 1112 3389; x_wconf 89' lang='lat' dir='ltr'><strong>pluribus</strong></span> <span class='ocrx_word' id='word_1_226' title='bbox 1143 3337 1206 3378; x_wconf 85' lang='lat' dir='ltr'><strong>ac</strong></span> <span class='ocrx_word' id='word_1_227' title='bbox 1224 3326 1456 3395; x_wconf 83' lang='lat' dir='ltr'><strong>prolixis</strong></span> <span class='ocrx_word' id='word_1_228' title='bbox 1485 3327 1828 3384; x_wconf 66' lang='lat' dir='ltr'><strong>additamcno</strong></span> 
     </span>
    </p>
   </div>
   <div class='ocr_carea' id='block_1_35' title="bbox 258 3411 734 3481">
    <p class='ocr_par' dir='ltr' id='par_1_35' title="bbox 258 3411 734 3481">
     <span class='ocr_line' id='line_1_35' title="bbox 258 3411 734 3481; baseline -0.004 -15"><span class='ocrx_word' id='word_1_229' title='bbox 258 3411 335 3466; x_wconf 80' lang='lat' dir='ltr'><strong>tis</strong></span> <span class='ocrx_word' id='word_1_230' title='bbox 375 3412 734 3481; x_wconf 74' lang='lat' dir='ltr'><strong>locupletato.</strong></span> 
     </span>
    </p>
   </div>
   <div class='ocr_carea' id='block_1_36' title="bbox 335 3502 1832 3572">
    <p class='ocr_par' dir='ltr' id='par_1_36' title="bbox 335 3502 1832 3572">
     <span class='ocr_line' id='line_1_36' title="bbox 335 3502 1832 3572; baseline 0.007 -14"><span class='ocrx_word' id='word_1_231' title='bbox 335 3502 631 3572; x_wconf 83' lang='lat' dir='ltr'><strong>Synodalis</strong></span> <span class='ocrx_word' id='word_1_232' title='bbox 691 3505 942 3560; x_wconf 85' lang='lat' dir='ltr'><strong>delinitio</strong></span> <span class='ocrx_word' id='word_1_233' title='bbox 991 3518 1182 3563; x_wconf 87' lang='lat' dir='ltr'><strong>contra</strong></span> <span class='ocrx_word' id='word_1_234' title='bbox 1238 3510 1628 3568; x_wconf 79' lang='lat' dir='ltr'><strong>lllonothelitas</strong></span> <span class='ocrx_word' id='word_1_235' title='bbox 1686 3515 1832 3570; x_wconf 85' lang='lat' dir='ltr'><strong>edita</strong></span> 
     </span>
    </p>
   </div>
   <div class='ocr_carea' id='block_1_37' title="bbox 257 3594 1832 3670">
    <p class='ocr_par' dir='ltr' id='par_1_37' title="bbox 257 3594 1832 3670">
     <span class='ocr_line' id='line_1_37' title="bbox 257 3594 1832 3670; baseline 0.01 -22"><span class='ocrx_word' id='word_1_236' title='bbox 257 3594 464 3665; x_wconf 74' lang='lat' dir='ltr'><strong>legitur</strong></span> <span class='ocrx_word' id='word_1_237' title='bbox 501 3597 720 3652; x_wconf 87' lang='lat' dir='ltr'><strong>actione</strong></span> <span class='ocrx_word' id='word_1_238' title='bbox 772 3599 861 3654; x_wconf 81' lang='grc'><strong>18.</strong></span> <span class='ocrx_word' id='word_1_239' title='bbox 889 3601 1209 3670; x_wconf 76' lang='lat' dir='ltr'><strong>Symbolum</strong></span> <span class='ocrx_word' id='word_1_240' title='bbox 1245 3603 1540 3668; x_wconf 66' lang='lat' dir='ltr'><strong>Nicaanum,</strong></span> <span class='ocrx_word' id='word_1_241' title='bbox 1593 3617 1648 3661; x_wconf 88' lang='lat' dir='ltr'><strong>et</strong></span> <span class='ocrx_word' id='word_1_242' title='bbox 1692 3608 1832 3662; x_wconf 83' lang='lat' dir='ltr'><strong>Con-</strong></span> 
     </span>
    </p>
   </div>
   <div class='ocr_carea' id='block_1_38' title="bbox 253 3689 1834 3767">
    <p class='ocr_par' dir='ltr' id='par_1_38' title="bbox 253 3689 1834 3767">
     <span class='ocr_line' id='line_1_38' title="bbox 253 3689 1834 3767; baseline 0.009 -27"><span class='ocrx_word' id='word_1_243' title='bbox 253 3689 799 3757; x_wconf 81' lang='lat' dir='ltr'><strong>stantinopolitanum</strong></span> <span class='ocrx_word' id='word_1_244' title='bbox 839 3695 1144 3748; x_wconf 82' lang='lat' dir='ltr'><strong>recitantur</strong></span> <span class='ocrx_word' id='word_1_245' title='bbox 1179 3713 1192 3760; x_wconf 93' lang='lat'><strong>;</strong></span> <span class='ocrx_word' id='word_1_246' title='bbox 1229 3709 1282 3748; x_wconf 89' lang='lat' dir='ltr'><strong>et</strong></span> <span class='ocrx_word' id='word_1_247' title='bbox 1309 3697 1424 3751; x_wconf 76' lang='lat' dir='ltr'><strong>hzec</strong></span> <span class='ocrx_word' id='word_1_248' title='bbox 1465 3699 1717 3767; x_wconf 68' lang='lat' dir='ltr'><strong>sufﬁcere,</strong></span> <span class='ocrx_word' id='word_1_249' title='bbox 1751 3701 1834 3754; x_wconf 82' lang='lat' dir='ltr'><strong>in-</strong></span> 
     </span>
    </p>
   </div>
   <div class='ocr_carea' id='block_1_39' title="bbox 258 3781 1832 3862">
    <p class='ocr_par' dir='ltr' id='par_1_39' title="bbox 258 3781 1832 3862">
     <span class='ocr_line' id='line_1_39' title="bbox 258 3781 1832 3862; baseline 0.008 -31"><span class='ocrx_word' id='word_1_250' title='bbox 258 3782 462 3848; x_wconf 87' lang='lat' dir='ltr'><strong>quiunt</strong></span> <span class='ocrx_word' id='word_1_251' title='bbox 489 3781 702 3846; x_wconf 78' lang='lat' dir='ltr'><strong>Patres,</strong></span> <span class='ocrx_word' id='word_1_252' title='bbox 734 3784 803 3836; x_wconf 87' lang='lat' dir='ltr'><strong>ad</strong></span> <span class='ocrx_word' id='word_1_253' title='bbox 833 3786 1123 3853; x_wconf 82' lang='lat' dir='ltr'><strong>perfectam</strong></span> <span class='ocrx_word' id='word_1_254' title='bbox 1154 3788 1456 3841; x_wconf 69' lang='lat' dir='ltr'><strong>orthodoxa</strong></span> <span class='ocrx_word' id='word_1_255' title='bbox 1482 3789 1608 3856; x_wconf 83' lang='lat' dir='ltr'><strong>ﬁdei</strong></span> <span class='ocrx_word' id='word_1_256' title='bbox 1654 3792 1832 3862; x_wconf 77' lang='lat' dir='ltr'><strong>cogni-</strong></span> 
     </span>
    </p>
   </div>
   <div class='ocr_carea' id='block_1_40' title="bbox 257 3873 1830 3950">
    <p class='ocr_par' dir='ltr' id='par_1_40' title="bbox 257 3873 1830 3950">
     <span class='ocr_line' id='line_1_40' title="bbox 257 3873 1830 3950; baseline 0.008 -26"><span class='ocrx_word' id='word_1_257' title='bbox 257 3873 482 3927; x_wconf 79' lang='lat' dir='ltr'><strong>tionem.</strong></span> <span class='ocrx_word' id='word_1_258' title='bbox 511 3873 882 3929; x_wconf 76' lang='lat' dir='ltr'><strong>Nihilominus</strong></span> <span class='ocrx_word' id='word_1_259' title='bbox 914 3876 1297 3930; x_wconf 83' lang='lat' dir='ltr'><strong>incarnationis</strong></span> <span class='ocrx_word' id='word_1_260' title='bbox 1323 3881 1664 3949; x_wconf 84' lang='lat' dir='ltr'><strong>mysterium,</strong></span> <span class='ocrx_word' id='word_1_261' title='bbox 1687 3882 1830 3950; x_wconf 89' lang='lat' dir='ltr'><strong>quod</strong></span> 
     </span>
    </p>
   </div>
   <div class='ocr_carea' id='block_1_41' title="bbox 259 3965 1836 4038">
    <p class='ocr_par' dir='ltr' id='par_1_41' title="bbox 259 3965 1836 4038">
     <span class='ocr_line' id='line_1_41' title="bbox 259 3965 1836 4038; baseline 0.007 -22"><span class='ocrx_word' id='word_1_262' title='bbox 259 3965 462 4018; x_wconf 83' lang='lat' dir='ltr'><strong>attinet</strong></span> <span class='ocrx_word' id='word_1_263' title='bbox 491 3965 559 4019; x_wconf 87' lang='lat' dir='ltr'><strong>ad</strong></span> <span class='ocrx_word' id='word_1_264' title='bbox 590 3966 916 4020; x_wconf 84' lang='lat' dir='ltr'><strong>voluntatem</strong></span> <span class='ocrx_word' id='word_1_265' title='bbox 948 3979 995 4022; x_wconf 89' lang='lat' dir='ltr'><strong>et</strong></span> <span class='ocrx_word' id='word_1_266' title='bbox 1026 3974 1382 4038; x_wconf 83' lang='lat' dir='ltr'><strong>operationem</strong></span> <span class='ocrx_word' id='word_1_267' title='bbox 1411 3973 1465 4025; x_wconf 90' lang='lat' dir='ltr'><strong>in</strong></span> <span class='ocrx_word' id='word_1_268' title='bbox 1502 3971 1710 4027; x_wconf 83' lang='lat' dir='ltr'><strong>Christo</strong></span> <span class='ocrx_word' id='word_1_269' title='bbox 1741 3976 1836 4026; x_wconf 87' lang='lat' dir='ltr'><strong>du-</strong></span> 
     </span>
    </p>
   </div>
   <div class='ocr_carea' id='block_1_42' title="bbox 267 4058 1833 4135">
    <p class='ocr_par' dir='ltr' id='par_1_42' title="bbox 267 4058 1833 4135">
     <span class='ocr_line' id='line_1_42' title="bbox 267 4058 1833 4135; baseline 0.006 -26"><span class='ocrx_word' id='word_1_270' title='bbox 267 4058 484 4126; x_wconf 80' lang='lat' dir='ltr'><strong>plicem,</strong></span> <span class='ocrx_word' id='word_1_271' title='bbox 518 4059 729 4126; x_wconf 77' lang='lat' dir='ltr'><strong>prolixa</strong></span> <span class='ocrx_word' id='word_1_272' title='bbox 760 4060 1078 4128; x_wconf 79' lang='lat' dir='ltr'><strong>Appendice</strong></span> <span class='ocrx_word' id='word_1_273' title='bbox 1107 4061 1410 4116; x_wconf 82' lang='lat' dir='ltr'><strong>declarant.</strong></span> <span class='ocrx_word' id='word_1_274' title='bbox 1447 4061 1833 4135; x_wconf 87' lang='lat' dir='ltr'><strong>Deliniuntqne</strong></span> 
     </span>
    </p>
   </div>
   <div class='ocr_carea' id='block_1_43' title="bbox 259 4147 1834 4224">
    <p class='ocr_par' dir='ltr' id='par_1_43' title="bbox 259 4147 1834 4224">
     <span class='ocr_line' id='line_1_43' title="bbox 259 4147 1834 4224; baseline 0.005 -22"><span class='ocrx_word' id='word_1_275' title='bbox 259 4147 488 4204; x_wconf 90' lang='lat' dir='ltr'><strong>demum</strong></span> <span class='ocrx_word' id='word_1_276' title='bbox 532 4165 548 4203; x_wconf 84' lang='lat'><strong>:</strong></span> <span class='ocrx_word' id='word_1_277' title='bbox 590 4151 765 4203; x_wconf 75' lang='lat' dir='ltr'><strong>Aliam</strong></span> <span class='ocrx_word' id='word_1_278' title='bbox 826 4151 981 4218; x_wconf 79' lang='lat' dir='ltr'><strong>ﬁdem</strong></span> <span class='ocrx_word' id='word_1_279' title='bbox 1031 4152 1165 4206; x_wconf 84' lang='lat' dir='ltr'><strong>nulli</strong></span> <span class='ocrx_word' id='word_1_280' title='bbox 1217 4153 1374 4207; x_wconf 85' lang='lat' dir='ltr'><strong>licere</strong></span> <span class='ocrx_word' id='word_1_281' title='bbox 1426 4159 1683 4224; x_wconf 80' lang='lat' dir='ltr'><strong>proferre,</strong></span> <span class='ocrx_word' id='word_1_282' title='bbox 1740 4166 1834 4210; x_wconf 88' lang='lat' dir='ltr'><strong>aut</strong></span> 
     </span>
    </p>
   </div>
   <div class='ocr_carea' id='block_1_44' title="bbox 259 4244 1834 4316">
    <p class='ocr_par' dir='ltr' id='par_1_44' title="bbox 259 4244 1834 4316">
     <span class='ocr_line' id='line_1_44' title="bbox 259 4244 1834 4316; baseline 0.004 -20"><span class='ocrx_word' id='word_1_283' title='bbox 259 4244 606 4306; x_wconf 84' lang='lat' dir='ltr'><strong>conscribere,</strong></span> <span class='ocrx_word' id='word_1_284' title='bbox 649 4261 984 4316; x_wconf 83' lang='lat' dir='ltr'><strong>componere,</strong></span> <span class='ocrx_word' id='word_1_285' title='bbox 1014 4256 1106 4298; x_wconf 89' lang='lat' dir='ltr'><strong>aut</strong></span> <span class='ocrx_word' id='word_1_286' title='bbox 1150 4263 1356 4316; x_wconf 82' lang='lat' dir='ltr'><strong>sapere,</strong></span> <span class='ocrx_word' id='word_1_287' title='bbox 1386 4249 1464 4301; x_wconf 88' lang='lat' dir='ltr'><strong>vel</strong></span> <span class='ocrx_word' id='word_1_288' title='bbox 1489 4250 1650 4302; x_wconf 88' lang='lat' dir='ltr'><strong>etiam</strong></span> <span class='ocrx_word' id='word_1_289' title='bbox 1679 4250 1834 4304; x_wconf 69' lang='lat' dir='ltr'><strong>aliter</strong></span> 
     </span>
    </p>
   </div>
   <div class='ocr_carea' id='block_1_45' title="bbox 268 4336 1836 4410">
    <p class='ocr_par' dir='ltr' id='par_1_45' title="bbox 268 4336 1836 4410">
     <span class='ocr_line' id='line_1_45' title="bbox 268 4336 1836 4410; baseline 0.006 -23"><span class='ocrx_word' id='word_1_290' title='bbox 268 4337 482 4389; x_wconf 80' lang='lat' dir='ltr'><strong>docere.</strong></span> <span class='ocrx_word' id='word_1_291' title='bbox 515 4336 693 4390; x_wconf 84' lang='lat' dir='ltr'><strong>Aliam</strong></span> <span class='ocrx_word' id='word_1_292' title='bbox 726 4337 936 4391; x_wconf 88' lang='lat' dir='ltr'><strong>scilicet</strong></span> <span class='ocrx_word' id='word_1_293' title='bbox 967 4337 1208 4406; x_wconf 79' lang='lat' dir='ltr'><strong>iutellige</strong></span> <span class='ocrx_word' id='word_1_294' title='bbox 1242 4339 1426 4402; x_wconf 82' lang='lat' dir='ltr'><strong>ﬁdem,</strong></span> <span class='ocrx_word' id='word_1_295' title='bbox 1461 4356 1582 4410; x_wconf 70' lang='lat' dir='ltr'><strong>quae</strong></span> <span class='ocrx_word' id='word_1_296' title='bbox 1617 4357 1724 4396; x_wconf 90' lang='lat' dir='ltr'><strong>non</strong></span> <span class='ocrx_word' id='word_1_297' title='bbox 1764 4343 1836 4397; x_wconf 86' lang='lat' dir='ltr'><strong>sit</strong></span> 
     </span>
    </p>
   </div>
   <div class='ocr_carea' id='block_1_46' title="bbox 272 4427 1831 4494">
    <p class='ocr_par' dir='ltr' id='par_1_46' title="bbox 272 4427 1831 4494">
     <span class='ocr_line' id='line_1_46' title="bbox 272 4427 1831 4494; baseline 0.005 -15"><span class='ocrx_word' id='word_1_298' title='bbox 272 4439 426 4480; x_wconf 89' lang='lat' dir='ltr'><strong>recta</strong></span> <span class='ocrx_word' id='word_1_299' title='bbox 461 4427 770 4480; x_wconf 81' lang='lat' dir='ltr'><strong>orthodoxa</strong></span> <span class='ocrx_word' id='word_1_300' title='bbox 806 4427 962 4494; x_wconf 81' lang='lat' dir='ltr'><strong>ﬁdes,</strong></span> <span class='ocrx_word' id='word_1_301' title='bbox 994 4431 1088 4483; x_wconf 88' lang='lat' dir='ltr'><strong>sed</strong></span> <span class='ocrx_word' id='word_1_302' title='bbox 1125 4433 1428 4484; x_wconf 83' lang='lat' dir='ltr'><strong>errantium</strong></span> <span class='ocrx_word' id='word_1_303' title='bbox 1460 4442 1831 4487; x_wconf 88' lang='lat' dir='ltr'><strong>commentum</strong></span> 
     </span>
    </p>
   </div>
   <div class='ocr_carea' id='block_1_47' title="bbox 262 4517 1829 4586">
    <p class='ocr_par' dir='ltr' id='par_1_47' title="bbox 262 4517 1829 4586">
     <span class='ocr_line' id='line_1_47' title="bbox 262 4517 1829 4586; baseline 0.005 -16"><span class='ocrx_word' id='word_1_304' title='bbox 262 4517 546 4586; x_wconf 66' lang='lat' dir='ltr'><strong>praedictae</strong></span> <span class='ocrx_word' id='word_1_305' title='bbox 591 4517 902 4572; x_wconf 80' lang='lat' dir='ltr'><strong>definitioni</strong></span> <span class='ocrx_word' id='word_1_306' title='bbox 935 4519 1250 4574; x_wconf 85' lang='lat' dir='ltr'><strong>adversum.</strong></span> <span class='ocrx_word' id='word_1_307' title='bbox 1294 4521 1518 4576; x_wconf 88' lang='lat' dir='ltr'><strong>Interim</strong></span> <span class='ocrx_word' id='word_1_308' title='bbox 1566 4525 1738 4578; x_wconf 78' lang='lat' dir='ltr'><strong>coacti</strong></span> <span class='ocrx_word' id='word_1_309' title='bbox 1775 4526 1829 4578; x_wconf 90' lang='lat' dir='ltr'><strong>in</strong></span> 
     </span>
    </p>
   </div>
   <div class='ocr_carea' id='block_1_48' title="bbox 261 4601 1830 4682">
    <p class='ocr_par' dir='ltr' id='par_1_48' title="bbox 261 4601 1830 4682">
     <span class='ocr_line' id='line_1_48' title="bbox 261 4601 1830 4682; baseline 0.004 -20"><span class='ocrx_word' id='word_1_310' title='bbox 261 4609 374 4664; x_wconf 86' lang='lat' dir='ltr'><strong>hac</strong></span> <span class='ocrx_word' id='word_1_311' title='bbox 398 4609 610 4680; x_wconf 81' lang='lat' dir='ltr'><strong>synodo</strong></span> <span class='ocrx_word' id='word_1_312' title='bbox 645 4609 833 4663; x_wconf 87' lang='lat' dir='ltr'><strong>Patres</strong></span> <span class='ocrx_word' id='word_1_313' title='bbox 878 4611 1096 4664; x_wconf 84' lang='lat' dir='ltr'><strong>actione</strong></span> <span class='ocrx_word' id='word_1_314' title='bbox 1130 4612 1164 4664; x_wconf 76' lang='grc'><strong>4</strong></span> <span class='ocrx_word' id='word_1_315' title='bbox 1193 4601 1249 4663; x_wconf 80' lang='lat' dir='ltr'><strong>et</strong></span> <span class='ocrx_word' id='word_1_316' title='bbox 1281 4611 1363 4674; x_wconf 75' lang='lat'><strong>10,</strong></span> <span class='ocrx_word' id='word_1_317' title='bbox 1393 4613 1518 4679; x_wconf 78' lang='lat' dir='ltr'><strong>ﬁdei</strong></span> <span class='ocrx_word' id='word_1_318' title='bbox 1551 4616 1830 4682; x_wconf 74' lang='lat' dir='ltr'><strong>professio-</strong></span> 
     </span>
    </p>
   </div>
   <div class='ocr_carea' id='block_1_49' title="bbox 260 4698 1837 4773">
    <p class='ocr_par' dir='ltr' id='par_1_49' title="bbox 260 4698 1837 4773">
     <span class='ocr_line' id='line_1_49' title="bbox 260 4698 1837 4773; baseline 0.004 -21"><span class='ocrx_word' id='word_1_319' title='bbox 260 4715 379 4760; x_wconf 87' lang='lat' dir='ltr'><strong>nes,</strong></span> <span class='ocrx_word' id='word_1_320' title='bbox 417 4701 596 4753; x_wconf 81' lang='lat' dir='ltr'><strong>instar</strong></span> <span class='ocrx_word' id='word_1_321' title='bbox 637 4698 870 4770; x_wconf 83' lang='lat' dir='ltr'><strong>Symboli</strong></span> <span class='ocrx_word' id='word_1_322' title='bbox 915 4701 1117 4766; x_wconf 79' lang='lat' dir='ltr'><strong>editas,</strong></span> <span class='ocrx_word' id='word_1_323' title='bbox 1155 4712 1519 4770; x_wconf 84' lang='lat' dir='ltr'><strong>susceperunt</strong></span> <span class='ocrx_word' id='word_1_324' title='bbox 1552 4714 1606 4759; x_wconf 69' lang='lat' dir='ltr'><strong>et.</strong></span> <span class='ocrx_word' id='word_1_325' title='bbox 1637 4720 1837 4773; x_wconf 88' lang='lat' dir='ltr'><strong>appro-</strong></span> 
     </span>
    </p>
   </div>
   <div class='ocr_carea' id='block_1_50' title="bbox 259 4790 1837 4860">
    <p class='ocr_par' dir='ltr' id='par_1_50' title="bbox 259 4790 1837 4860">
     <span class='ocr_line' id='line_1_50' title="bbox 259 4790 1837 4860; baseline 0.003 -15"><span class='ocrx_word' id='word_1_326' title='bbox 259 4793 491 4850; x_wconf 85' lang='lat' dir='ltr'><strong>barunt,</strong></span> <span class='ocrx_word' id='word_1_327' title='bbox 529 4790 690 4860; x_wconf 75' lang='lat'><strong>169</strong></span> <span class='ocrx_word' id='word_1_328' title='bbox 736 4807 858 4858; x_wconf 69' lang='lat' dir='ltr'><strong>qua:</strong></span> <span class='ocrx_word' id='word_1_329' title='bbox 904 4792 1172 4846; x_wconf 77' lang='lat' dir='ltr'><strong>dillerunt</strong></span> <span class='ocrx_word' id='word_1_330' title='bbox 1220 4793 1447 4848; x_wconf 80' lang='lat' dir='ltr'><strong>vocibus</strong></span> <span class='ocrx_word' id='word_1_331' title='bbox 1476 4809 1505 4847; x_wconf 88' lang='lat' dir='ltr'><strong>a</strong></span> <span class='ocrx_word' id='word_1_332' title='bbox 1536 4795 1754 4848; x_wconf 81' lang='lat' dir='ltr'><strong>Nictena</strong></span> <span class='ocrx_word' id='word_1_333' title='bbox 1788 4806 1837 4850; x_wconf 88' lang='lat' dir='ltr'><strong>et</strong></span> 
     </span>
    </p>
   </div>
   <div class='ocr_carea' id='block_1_51' title="bbox 257 4881 1316 4951">
    <p class='ocr_par' dir='ltr' id='par_1_51' title="bbox 257 4881 1316 4951">
     <span class='ocr_line' id='line_1_51' title="bbox 257 4881 1316 4951; baseline 0.002 -15"><span class='ocrx_word' id='word_1_334' title='bbox 257 4883 872 4951; x_wconf 71' lang='lat' dir='ltr'><strong>Constantinopolitano</strong></span> <span class='ocrx_word' id='word_1_335' title='bbox 894 4881 1026 4936; x_wconf 76' lang='lat' dir='ltr'><strong>ﬁdei</strong></span> <span class='ocrx_word' id='word_1_336' title='bbox 1059 4882 1316 4938; x_wconf 77' lang='lat' dir='ltr'><strong>formula.</strong></span> 
     </span>
    </p>
   </div>
   <div class='ocr_carea' id='block_1_52' title="bbox 336 4971 1835 5046">
    <p class='ocr_par' dir='ltr' id='par_1_52' title="bbox 336 4971 1835 5046">
     <span class='ocr_line' id='line_1_52' title="bbox 336 4971 1835 5046; baseline 0.002 -19"><span class='ocrx_word' id='word_1_337' title='bbox 336 4974 662 5040; x_wconf 79' lang='lat' dir='ltr'><strong>Hujusmodi</strong></span> <span class='ocrx_word' id='word_1_338' title='bbox 695 4977 843 5026; x_wconf 77' lang='lat' dir='ltr'><strong>varia</strong></span> <span class='ocrx_word' id='word_1_339' title='bbox 875 4971 1146 5045; x_wconf 80' lang='lat' dir='ltr'><strong>Symbola.</strong></span> <span class='ocrx_word' id='word_1_340' title='bbox 1195 4989 1314 5042; x_wconf 78' lang='lat' dir='ltr'><strong>quae</strong></span> <span class='ocrx_word' id='word_1_341' title='bbox 1343 4974 1482 5030; x_wconf 87' lang='lat' dir='ltr'><strong>lecta</strong></span> <span class='ocrx_word' id='word_1_342' title='bbox 1537 4976 1592 5029; x_wconf 89' lang='lat' dir='ltr'><strong>in</strong></span> <span class='ocrx_word' id='word_1_343' title='bbox 1629 4975 1835 5046; x_wconf 86' lang='lat' dir='ltr'><strong>synodo</strong></span> 
     </span>
    </p>
   </div>
   <div class='ocr_carea' id='block_1_53' title="bbox 253 5064 1832 5135">
    <p class='ocr_par' dir='ltr' id='par_1_53' title="bbox 253 5064 1832 5135">
     <span class='ocr_line' id='line_1_53' title="bbox 253 5064 1832 5135; baseline 0.001 -17"><span class='ocrx_word' id='word_1_344' title='bbox 253 5065 483 5118; x_wconf 60' lang='lat' dir='ltr'><strong>Nicena</strong></span> <span class='ocrx_word' id='word_1_345' title='bbox 511 5080 571 5128; x_wconf 90' lang='lat' dir='ltr'><strong>ll,</strong></span> <span class='ocrx_word' id='word_1_346' title='bbox 603 5075 656 5118; x_wconf 88' lang='lat' dir='ltr'><strong>et</strong></span> <span class='ocrx_word' id='word_1_347' title='bbox 682 5064 978 5134; x_wconf 89' lang='lat' dir='ltr'><strong>approbata</strong></span> <span class='ocrx_word' id='word_1_348' title='bbox 1031 5064 1206 5129; x_wconf 80' lang='lat' dir='ltr'><strong>fuere,</strong></span> <span class='ocrx_word' id='word_1_349' title='bbox 1241 5067 1352 5135; x_wconf 80' lang='lat' dir='ltr'><strong>jam</strong></span> <span class='ocrx_word' id='word_1_350' title='bbox 1391 5068 1832 5120; x_wconf 83' lang='lat' dir='ltr'><strong>memoravimus.</strong></span> 
     </span>
    </p>
   </div>
   <div class='ocr_carea' id='block_1_54' title="bbox 249 5155 1836 5215">
    <p class='ocr_par' dir='ltr' id='par_1_54' title="bbox 249 5155 1836 5215">
     <span class='ocr_line' id='line_1_54' title="bbox 249 5155 1836 5215; baseline 0.004 -6"><span class='ocrx_word' id='word_1_351' title='bbox 249 5155 417 5210; x_wconf 79' lang='lat' dir='ltr'><strong>Fidei</strong></span> <span class='ocrx_word' id='word_1_352' title='bbox 435 5155 813 5210; x_wconf 73' lang='lat' dir='ltr'><strong>deﬁnitionem</strong></span> <span class='ocrx_word' id='word_1_353' title='bbox 833 5169 1022 5210; x_wconf 85' lang='lat' dir='ltr'><strong>contra</strong></span> <span class='ocrx_word' id='word_1_354' title='bbox 1039 5156 1414 5213; x_wconf 83' lang='lat' dir='ltr'><strong>Iconomacltos</strong></span> <span class='ocrx_word' id='word_1_355' title='bbox 1436 5160 1676 5214; x_wconf 79' lang='lat' dir='ltr'><strong>continet</strong></span> <span class='ocrx_word' id='word_1_356' title='bbox 1695 5162 1836 5215; x_wconf 87' lang='lat' dir='ltr'><strong>actio</strong></span> 
     </span>
    </p>
   </div>
   <div class='ocr_carea' id='block_1_55' title="bbox 246 5245 1833 5318">
    <p class='ocr_par' dir='ltr' id='par_1_55' title="bbox 246 5245 1833 5318">
     <span class='ocr_line' id='line_1_55' title="bbox 246 5245 1833 5318; baseline 0.001 -16"><span class='ocrx_word' id='word_1_357' title='bbox 246 5245 522 5316; x_wconf 77' lang='lat' dir='ltr'><strong>septima:</strong></span> <span class='ocrx_word' id='word_1_358' title='bbox 552 5247 768 5302; x_wconf 80' lang='lat' dir='ltr'><strong>scilicet</strong></span> <span class='ocrx_word' id='word_1_359' title='bbox 797 5246 1105 5318; x_wconf 80' lang='lat' dir='ltr'><strong>Symbolum</strong></span> <span class='ocrx_word' id='word_1_360' title='bbox 1140 5246 1782 5318; x_wconf 75' lang='lat' dir='ltr'><strong>ConstantinOpolitanum</strong></span> <span class='ocrx_word' id='word_1_361' title='bbox 1813 5268 1833 5304; x_wconf 84' lang='lat'><strong><em>:</em></strong></span> 
     </span>
    </p>
   </div>
   <div class='ocr_carea' id='block_1_56' title="bbox 244 5338 1836 5404">
    <p class='ocr_par' dir='ltr' id='par_1_56' title="bbox 244 5338 1836 5404">
     <span class='ocr_line' id='line_1_56' title="bbox 244 5338 1836 5404; baseline 0.002 -12"><span class='ocrx_word' id='word_1_362' title='bbox 244 5338 611 5394; x_wconf 80' lang='lat' dir='ltr'><strong>anathemata</strong></span> <span class='ocrx_word' id='word_1_363' title='bbox 643 5347 834 5394; x_wconf 87' lang='lat' dir='ltr'><strong>contra</strong></span> <span class='ocrx_word' id='word_1_364' title='bbox 889 5340 1145 5404; x_wconf 73' lang='lat' dir='ltr'><strong>haereses,</strong></span> <span class='ocrx_word' id='word_1_365' title='bbox 1177 5340 1462 5401; x_wconf 78' lang='lat' dir='ltr'><strong>Arianam.</strong></span> <span class='ocrx_word' id='word_1_366' title='bbox 1503 5340 1836 5395; x_wconf 72' lang='lat' dir='ltr'><strong>Macedonia-</strong></span> 
     </span>
    </p>
   </div>
   <div class='ocr_carea' id='block_1_57' title="bbox 247 5429 1834 5502">
    <p class='ocr_par' dir='ltr' id='par_1_57' title="bbox 247 5429 1834 5502">
     <span class='ocr_line' id='line_1_57' title="bbox 247 5429 1834 5502; baseline 0 -18"><span class='ocrx_word' id='word_1_367' title='bbox 247 5445 412 5494; x_wconf 78' lang='lat' dir='ltr'><strong>suutt,</strong></span> <span class='ocrx_word' id='word_1_368' title='bbox 434 5429 830 5495; x_wconf 78' lang='lat' dir='ltr'><strong>Nestorianam,</strong></span> <span class='ocrx_word' id='word_1_369' title='bbox 853 5430 1266 5502; x_wconf 76' lang='lat' dir='ltr'><strong>Eutychianam,</strong></span> <span class='ocrx_word' id='word_1_370' title='bbox 1287 5442 1340 5485; x_wconf 88' lang='lat' dir='ltr'><strong>et</strong></span> <span class='ocrx_word' id='word_1_371' title='bbox 1356 5431 1834 5487; x_wconf 78' lang='lat' dir='ltr'><strong>Monotneliticam:</strong></span> 
     </span>
    </p>
   </div>
   <div class='ocr_carea' id='block_1_58' title="bbox 242 5520 1836 5590">
    <p class='ocr_par' dir='ltr' id='par_1_58' title="bbox 242 5520 1836 5590">
     <span class='ocr_line' id='line_1_58' title="bbox 242 5520 1836 5590; baseline -0.001 -15"><span class='ocrx_word' id='word_1_372' title='bbox 242 5537 317 5575; x_wconf 72' lang='lat' dir='ltr'><strong>ac</strong></span> <span class='ocrx_word' id='word_1_373' title='bbox 361 5520 581 5574; x_wconf 81' lang='lat' dir='ltr'><strong>denmm</strong></span> <span class='ocrx_word' id='word_1_374' title='bbox 625 5521 978 5590; x_wconf 78' lang='lat' dir='ltr'><strong>Appendicem</strong></span> <span class='ocrx_word' id='word_1_375' title='bbox 1007 5531 1198 5574; x_wconf 88' lang='lat' dir='ltr'><strong>contra</strong></span> <span class='ocrx_word' id='word_1_376' title='bbox 1249 5520 1686 5574; x_wconf 84' lang='lat' dir='ltr'><strong>lconomachos:</strong></span> <span class='ocrx_word' id='word_1_377' title='bbox 1731 5520 1836 5575; x_wconf 82' lang='lat' dir='ltr'><strong>Eos</strong></span> 
     </span>
    </p>
   </div>
   <div class='ocr_carea' id='block_1_59' title="bbox 244 5611 1836 5681">
    <p class='ocr_par' dir='ltr' id='par_1_59' title="bbox 244 5611 1836 5681">
     <span class='ocr_line' id='line_1_59' title="bbox 244 5611 1836 5681; baseline -0.001 -15"><span class='ocrx_word' id='word_1_378' title='bbox 244 5627 407 5681; x_wconf 81' lang='lat' dir='ltr'><strong>ergo,</strong></span> <span class='ocrx_word' id='word_1_379' title='bbox 441 5611 702 5680; x_wconf 87' lang='lat' dir='ltr'><strong>inquiunt</strong></span> <span class='ocrx_word' id='word_1_380' title='bbox 725 5613 938 5678; x_wconf 84' lang='lat' dir='ltr'><strong>Patres,</strong></span> <span class='ocrx_word' id='word_1_381' title='bbox 972 5615 1062 5680; x_wconf 83' lang='lat' dir='ltr'><strong>qui</strong></span> <span class='ocrx_word' id='word_1_382' title='bbox 1081 5613 1278 5667; x_wconf 81' lang='lat' dir='ltr'><strong>audent</strong></span> <span class='ocrx_word' id='word_1_383' title='bbox 1325 5613 1480 5665; x_wconf 79' lang='lat' dir='ltr'><strong>aliter</strong></span> <span class='ocrx_word' id='word_1_384' title='bbox 1508 5626 1713 5676; x_wconf 86' lang='lat' dir='ltr'><strong>sapere,</strong></span> <span class='ocrx_word' id='word_1_385' title='bbox 1745 5622 1836 5665; x_wconf 87' lang='lat' dir='ltr'><strong>aut</strong></span> 
     </span>
    </p>
   </div>
   <div class='ocr_carea' id='block_1_60' title="bbox 242 5703 1834 5768">
    <p class='ocr_par' dir='ltr' id='par_1_60' title="bbox 242 5703 1834 5768">
     <span class='ocr_line' id='line_1_60' title="bbox 242 5703 1834 5768; baseline -0.001 -9"><span class='ocrx_word' id='word_1_386' title='bbox 242 5707 462 5768; x_wconf 69' lang='lat' dir='ltr'><strong>docere,</strong></span> <span class='ocrx_word' id='word_1_387' title='bbox 479 5715 574 5758; x_wconf 85' lang='lat' dir='ltr'><strong>aut</strong></span> <span class='ocrx_word' id='word_1_388' title='bbox 598 5705 884 5759; x_wconf 84' lang='lat' dir='ltr'><strong>secundum</strong></span> <span class='ocrx_word' id='word_1_389' title='bbox 907 5705 1151 5760; x_wconf 75' lang='lat' dir='ltr'><strong>scelestos</strong></span> <span class='ocrx_word' id='word_1_390' title='bbox 1170 5707 1439 5760; x_wconf 67' lang='lat' dir='ltr'><strong>hereticos</strong></span> <span class='ocrx_word' id='word_1_391' title='bbox 1460 5703 1834 5760; x_wconf 85' lang='lat' dir='ltr'><strong>ecclesiasticas</strong></span> 
     </span>
    </p>
   </div>
   <div class='ocr_carea' id='block_1_61' title="bbox 246 5791 1833 5867">
    <p class='ocr_par' dir='ltr' id='par_1_61' title="bbox 246 5791 1833 5867">
     <span class='ocr_line' id='line_1_61' title="bbox 246 5791 1833 5867; baseline 0.002 -20"><span class='ocrx_word' id='word_1_392' title='bbox 246 5796 571 5850; x_wconf 80' lang='lat' dir='ltr'><strong>traditiones</strong></span> <span class='ocrx_word' id='word_1_393' title='bbox 600 5812 868 5864; x_wconf 82' lang='lat' dir='ltr'><strong>spernere,</strong></span> <span class='ocrx_word' id='word_1_394' title='bbox 904 5805 954 5850; x_wconf 87' lang='lat' dir='ltr'><strong>et</strong></span> <span class='ocrx_word' id='word_1_395' title='bbox 984 5791 1270 5852; x_wconf 81' lang='lat' dir='ltr'><strong>nouitatem</strong></span> <span class='ocrx_word' id='word_1_396' title='bbox 1317 5797 1603 5867; x_wconf 77' lang='lat' dir='ltr'><strong>quamlibet</strong></span> <span class='ocrx_word' id='word_1_397' title='bbox 1633 5797 1833 5864; x_wconf 71' lang='lat' dir='ltr'><strong>excogi-</strong></span> 
     </span>
    </p>
   </div>
   <div class='ocr_carea' id='block_1_62' title="bbox 248 5889 1830 5962">
    <p class='ocr_par' dir='ltr' id='par_1_62' title="bbox 248 5889 1830 5962">
     <span class='ocr_line' id='line_1_62' title="bbox 248 5889 1830 5962; baseline 0.002 -23"><span class='ocrx_word' id='word_1_398' title='bbox 248 5897 402 5955; x_wconf 75' lang='lat' dir='ltr'><strong>tare,</strong></span> <span class='ocrx_word' id='word_1_399' title='bbox 433 5890 515 5944; x_wconf 76' lang='lat' dir='ltr'><strong>vel</strong></span> <span class='ocrx_word' id='word_1_400' title='bbox 549 5891 812 5962; x_wconf 85' lang='lat' dir='ltr'><strong>projicere</strong></span> <span class='ocrx_word' id='word_1_401' title='bbox 843 5889 1044 5962; x_wconf 75' lang='lat' dir='ltr'><strong>aliquid</strong></span> <span class='ocrx_word' id='word_1_402' title='bbox 1080 5906 1146 5944; x_wconf 77' lang='lat' dir='ltr'><strong>ea:</strong></span> <span class='ocrx_word' id='word_1_403' title='bbox 1179 5893 1258 5943; x_wconf 83' lang='lat' dir='ltr'><strong>his</strong></span> <span class='ocrx_word' id='word_1_404' title='bbox 1286 5907 1400 5960; x_wconf 70' lang='lat' dir='ltr'><strong>qua’</strong></span> <span class='ocrx_word' id='word_1_405' title='bbox 1427 5905 1547 5944; x_wconf 83' lang='lat' dir='ltr'><strong>sunt</strong></span> <span class='ocrx_word' id='word_1_406' title='bbox 1586 5889 1830 5943; x_wconf 74' lang='lat' dir='ltr'><strong>Ecclesia:</strong></span> 
     </span>
    </p>
   </div>
   <div class='ocr_carea' id='block_1_63' title="bbox 592 5986 1313 6048">
    <p class='ocr_par' dir='ltr' id='par_1_63' title="bbox 592 5986 1313 6048">
     <span class='ocr_line' id='line_1_63' title="bbox 592 5986 1313 6048; baseline 0.003 -2"><span class='ocrx_word' id='word_1_407' title='bbox 592 5986 864 6048; x_wconf 70' lang='lat' dir='ltr'><strong>Pn‘non.</strong></span> <span class='ocrx_word' id='word_1_408' title='bbox 905 5992 1017 6048; x_wconf 78' lang='lat' dir='ltr'><strong>Gn.</strong></span> <span class='ocrx_word' id='word_1_409' title='bbox 1067 5986 1313 6048; x_wconf 83' lang='lat' dir='ltr'><strong>CXLII.</strong></span> 
     </span>
    </p>
   </div>
   <div class='ocr_carea' id='block_1_64' title="bbox 1927 663 3490 744">
    <p class='ocr_par' dir='ltr' id='par_1_64' title="bbox 1927 663 3490 744">
     <span class='ocr_line' id='line_1_64' title="bbox 1927 663 3490 744; baseline 0.009 -30"><span class='ocrx_word' id='word_1_410' title='bbox 1927 663 2114 728; x_wconf 85' lang='lat' dir='ltr'><strong>spicue</strong></span> <span class='ocrx_word' id='word_1_411' title='bbox 2139 665 2250 735; x_wconf 88' lang='lat' dir='ltr'><strong>jam</strong></span> <span class='ocrx_word' id='word_1_412' title='bbox 2283 666 2470 722; x_wconf 88' lang='lat' dir='ltr'><strong>vides:</strong></span> <span class='ocrx_word' id='word_1_413' title='bbox 2497 670 2641 738; x_wconf 87' lang='lat' dir='ltr'><strong>quod</strong></span> <span class='ocrx_word' id='word_1_414' title='bbox 2667 670 2888 724; x_wconf 80' lang='lat' dir='ltr'><strong>obstare</strong></span> <span class='ocrx_word' id='word_1_415' title='bbox 2913 671 3141 740; x_wconf 71' lang='lat' dir='ltr'><strong>adjecta:</strong></span> <span class='ocrx_word' id='word_1_416' title='bbox 3175 674 3490 744; x_wconf 71' lang='lat' dir='ltr'><strong>particulae,</strong></span> 
     </span>
    </p>
   </div>
   <div class='ocr_carea' id='block_1_65' title="bbox 1928 751 3067 830">
    <p class='ocr_par' dir='ltr' id='par_1_65' title="bbox 1928 751 3067 830">
     <span class='ocr_line' id='line_1_65' title="bbox 1928 751 3067 830; baseline 0.013 -27"><span class='ocrx_word' id='word_1_417' title='bbox 1928 751 2189 825; x_wconf 80' lang='lat' dir='ltr'><strong>Filioque,</strong></span> <span class='ocrx_word' id='word_1_418' title='bbox 2223 761 2448 814; x_wconf 79' lang='lat' dir='ltr'><strong>insanus</strong></span> <span class='ocrx_word' id='word_1_419' title='bbox 2472 770 2592 815; x_wconf 86' lang='lat' dir='ltr'><strong>esto</strong></span> <span class='ocrx_word' id='word_1_420' title='bbox 2619 764 2709 830; x_wconf 87' lang='lat' dir='ltr'><strong>qui</strong></span> <span class='ocrx_word' id='word_1_421' title='bbox 2752 763 3067 818; x_wconf 87' lang='lat' dir='ltr'><strong>contendat.</strong></span> 
     </span>
    </p>
   </div>
   <div class='ocr_carea' id='block_1_66' title="bbox 2001 847 3493 921">
    <p class='ocr_par' dir='ltr' id='par_1_66' title="bbox 2001 847 3493 921">
     <span class='ocr_line' id='line_1_66' title="bbox 2001 847 3493 921; baseline 0.007 -21"><span class='ocrx_word' id='word_1_422' title='bbox 2001 847 2064 900; x_wconf 88' lang='lat' dir='ltr'><strong>ll.</strong></span> <span class='ocrx_word' id='word_1_423' title='bbox 2103 848 2157 902; x_wconf 88' lang='lat' dir='ltr'><strong>In</strong></span> <span class='ocrx_word' id='word_1_424' title='bbox 2216 865 2373 903; x_wconf 89' lang='lat' dir='ltr'><strong>usum</strong></span> <span class='ocrx_word' id='word_1_425' title='bbox 2421 851 2673 908; x_wconf 63' lang='lat' dir='ltr'><strong>Ecclesiae</strong></span> <span class='ocrx_word' id='word_1_426' title='bbox 2724 870 3106 921; x_wconf 90' lang='lat' dir='ltr'><strong>communem,</strong></span> <span class='ocrx_word' id='word_1_427' title='bbox 3164 858 3493 913; x_wconf 79' lang='lat' dir='ltr'><strong>auctoritate</strong></span> 
     </span>
    </p>
   </div>
   <div class='ocr_carea' id='block_1_67' title="bbox 1931 940 3492 1010">
    <p class='ocr_par' dir='ltr' id='par_1_67' title="bbox 1931 940 3492 1010">
     <span class='ocr_line' id='line_1_67' title="bbox 1931 940 3492 1010; baseline 0.01 -21"><span class='ocrx_word' id='word_1_428' title='bbox 1931 940 2121 1006; x_wconf 79' lang='lat' dir='ltr'><strong>synodi</strong></span> <span class='ocrx_word' id='word_1_429' title='bbox 2195 940 2660 1000; x_wconf 84' lang='lat' dir='ltr'><strong>Chalcedonensis</strong></span> <span class='ocrx_word' id='word_1_430' title='bbox 2740 949 3118 1010; x_wconf 63' lang='lat' dir='ltr'><strong>meumenicae.</strong></span> <span class='ocrx_word' id='word_1_431' title='bbox 3193 949 3492 1005; x_wconf 90' lang='lat' dir='ltr'><strong>deductum</strong></span> 
     </span>
    </p>
   </div>
   <div class='ocr_carea' id='block_1_68' title="bbox 1931 1029 3492 1110">
    <p class='ocr_par' dir='ltr' id='par_1_68' title="bbox 1931 1029 3492 1110">
     <span class='ocr_line' id='line_1_68' title="bbox 1931 1029 3492 1110; baseline 0.008 -30"><span class='ocrx_word' id='word_1_432' title='bbox 1931 1029 2097 1084; x_wconf 82' lang='lat' dir='ltr'><strong>luisse</strong></span> <span class='ocrx_word' id='word_1_433' title='bbox 2161 1030 2806 1097; x_wconf 64' lang='lat' dir='ltr'><strong>Constantinoiiolitnnum</strong></span> <span class='ocrx_word' id='word_1_434' title='bbox 2865 1039 3205 1110; x_wconf 89' lang='lat' dir='ltr'><strong>Symbolum,</strong></span> <span class='ocrx_word' id='word_1_435' title='bbox 3264 1041 3492 1097; x_wconf 89' lang='lat' dir='ltr'><strong>dubium</strong></span> 
     </span>
    </p>
   </div>
   <div class='ocr_carea' id='block_1_69' title="bbox 1931 1120 3496 1202">
    <p class='ocr_par' dir='ltr' id='par_1_69' title="bbox 1931 1120 3496 1202">
     <span class='ocr_line' id='line_1_69' title="bbox 1931 1120 3496 1202; baseline 0.008 -28"><span class='ocrx_word' id='word_1_436' title='bbox 1931 1122 2163 1178; x_wconf 86' lang='lat' dir='ltr'><strong>nullum.</strong></span> <span class='ocrx_word' id='word_1_437' title='bbox 2225 1125 2424 1180; x_wconf 82' lang='lat' dir='ltr'><strong>Recole</strong></span> <span class='ocrx_word' id='word_1_438' title='bbox 2485 1120 2628 1184; x_wconf 84' lang='lat' dir='ltr'><strong>dicta</strong></span> <span class='ocrx_word' id='word_1_439' title='bbox 2688 1131 2867 1199; x_wconf 86' lang='lat' dir='ltr'><strong>capite</strong></span> <span class='ocrx_word' id='word_1_440' title='bbox 2917 1134 3200 1202; x_wconf 88' lang='lat' dir='ltr'><strong>superiore</strong></span> <span class='ocrx_word' id='word_1_441' title='bbox 3258 1151 3410 1189; x_wconf 90' lang='lat' dir='ltr'><strong>num.</strong></span> <span class='ocrx_word' id='word_1_442' title='bbox 3445 1136 3496 1189; x_wconf 79' lang='grc'><strong>5.</strong></span> 
     </span>
    </p>
   </div>
   <div class='ocr_carea' id='block_1_70' title="bbox 1931 1214 3496 1288">
    <p class='ocr_par' dir='ltr' id='par_1_70' title="bbox 1931 1214 3496 1288">
     <span class='ocr_line' id='line_1_70' title="bbox 1931 1214 3496 1288; baseline 0.011 -22"><span class='ocrx_word' id='word_1_443' title='bbox 1931 1214 2449 1273; x_wconf 85' lang='lat' dir='ltr'><strong>Animadversiones</strong></span> <span class='ocrx_word' id='word_1_444' title='bbox 2503 1221 2704 1277; x_wconf 87' lang='lat' dir='ltr'><strong>addere</strong></span> <span class='ocrx_word' id='word_1_445' title='bbox 2742 1226 3060 1288; x_wconf 88' lang='lat' dir='ltr'><strong>nonnullas,</strong></span> <span class='ocrx_word' id='word_1_446' title='bbox 3117 1227 3248 1281; x_wconf 84' lang='lat' dir='ltr'><strong>mihi</strong></span> <span class='ocrx_word' id='word_1_447' title='bbox 3309 1229 3496 1283; x_wconf 88' lang='lat' dir='ltr'><strong>liceat.</strong></span> 
     </span>
    </p>
   </div>
   <div class='ocr_carea' id='block_1_71' title="bbox 1931 1303 3498 1385">
    <p class='ocr_par' dir='ltr' id='par_1_71' title="bbox 1931 1303 3498 1385">
     <span class='ocr_line' id='line_1_71' title="bbox 1931 1303 3498 1385; baseline 0.01 -30"><span class='ocrx_word' id='word_1_448' title='bbox 1931 1303 2094 1373; x_wconf 80' lang='lat' dir='ltr'><strong>Origo</strong></span> <span class='ocrx_word' id='word_1_449' title='bbox 2125 1305 2360 1377; x_wconf 78' lang='lat' dir='ltr'><strong>Symboli</strong></span> <span class='ocrx_word' id='word_1_450' title='bbox 2392 1308 2970 1383; x_wconf 81' lang='lat' dir='ltr'><strong>Constantinopolitani</strong></span> <span class='ocrx_word' id='word_1_451' title='bbox 3010 1315 3077 1369; x_wconf 89' lang='lat' dir='ltr'><strong>ad</strong></span> <span class='ocrx_word' id='word_1_452' title='bbox 3112 1317 3498 1385; x_wconf 86' lang='lat' dir='ltr'><strong>particularem</strong></span> 
     </span>
    </p>
   </div>
   <div class='ocr_carea' id='block_1_72' title="bbox 1931 1397 3500 1476">
    <p class='ocr_par' dir='ltr' id='par_1_72' title="bbox 1931 1397 3500 1476">
     <span class='ocr_line' id='line_1_72' title="bbox 1931 1397 3500 1476; baseline 0.008 -28"><span class='ocrx_word' id='word_1_453' title='bbox 1931 1397 2168 1466; x_wconf 84' lang='lat' dir='ltr'><strong>aliquam</strong></span> <span class='ocrx_word' id='word_1_454' title='bbox 2221 1399 2547 1469; x_wconf 85' lang='lat' dir='ltr'><strong>Ecclesiam,</strong></span> <span class='ocrx_word' id='word_1_455' title='bbox 2617 1405 2972 1476; x_wconf 87' lang='lat' dir='ltr'><strong>privatosque</strong></span> <span class='ocrx_word' id='word_1_456' title='bbox 3031 1407 3332 1476; x_wconf 84' lang='lat' dir='ltr'><strong>scriptores</strong></span> <span class='ocrx_word' id='word_1_457' title='bbox 3361 1410 3500 1463; x_wconf 75' lang='lat' dir='ltr'><strong>rete-</strong></span> 
     </span>
    </p>
   </div>
   <div class='ocr_carea' id='block_1_73' title="bbox 1935 1489 3496 1571">
    <p class='ocr_par' dir='ltr' id='par_1_73' title="bbox 1935 1489 3496 1571">
     <span class='ocr_line' id='line_1_73' title="bbox 1935 1489 3496 1571; baseline 0.011 -31"><span class='ocrx_word' id='word_1_458' title='bbox 1935 1489 2101 1541; x_wconf 83' lang='lat' dir='ltr'><strong>renda</strong></span> <span class='ocrx_word' id='word_1_459' title='bbox 2132 1500 2235 1554; x_wconf 89' lang='lat' dir='ltr'><strong>est,</strong></span> <span class='ocrx_word' id='word_1_460' title='bbox 2263 1501 2506 1562; x_wconf 89' lang='lat' dir='ltr'><strong>tempore</strong></span> <span class='ocrx_word' id='word_1_461' title='bbox 2564 1494 2709 1549; x_wconf 90' lang='lat' dir='ltr'><strong>inter</strong></span> <span class='ocrx_word' id='word_1_462' title='bbox 2744 1497 3018 1552; x_wconf 59' lang='lat' dir='ltr'><strong>Sicaniam</strong></span> <span class='ocrx_word' id='word_1_463' title='bbox 3044 1500 3273 1568; x_wconf 84' lang='lat' dir='ltr'><strong>primaut</strong></span> <span class='ocrx_word' id='word_1_464' title='bbox 3335 1516 3496 1571; x_wconf 85' lang='lat' dir='ltr'><strong>syno-</strong></span> 
     </span>
    </p>
   </div>
   <div class='ocr_carea' id='block_1_74' title="bbox 1933 1580 3502 1661">
    <p class='ocr_par' dir='ltr' id='par_1_74' title="bbox 1933 1580 3502 1661">
     <span class='ocr_line' id='line_1_74' title="bbox 1933 1580 3502 1661; baseline 0.009 -29"><span class='ocrx_word' id='word_1_465' title='bbox 1933 1580 2060 1632; x_wconf 89' lang='lat' dir='ltr'><strong>dum</strong></span> <span class='ocrx_word' id='word_1_466' title='bbox 2104 1583 2397 1650; x_wconf 82' lang='lat' dir='ltr'><strong>mediante,</strong></span> <span class='ocrx_word' id='word_1_467' title='bbox 2427 1601 2489 1640; x_wconf 86' lang='lat' dir='ltr'><strong>ac</strong></span> <span class='ocrx_word' id='word_1_468' title='bbox 2516 1587 2660 1641; x_wconf 85' lang='lat' dir='ltr'><strong>inter</strong></span> <span class='ocrx_word' id='word_1_469' title='bbox 2699 1590 2930 1658; x_wconf 81' lang='lat' dir='ltr'><strong>primum</strong></span> <span class='ocrx_word' id='word_1_470' title='bbox 2955 1587 3502 1661; x_wconf 85' lang='lat' dir='ltr'><strong>Constantinopolita-</strong></span> 
     </span>
    </p>
   </div>
   <div class='ocr_carea' id='block_1_75' title="bbox 1933 1674 3501 1754">
    <p class='ocr_par' dir='ltr' id='par_1_75' title="bbox 1933 1674 3501 1754">
     <span class='ocr_line' id='line_1_75' title="bbox 1933 1674 3501 1754; baseline 0.01 -32"><span class='ocrx_word' id='word_1_471' title='bbox 1933 1689 2077 1725; x_wconf 86' lang='lat' dir='ltr'><strong>nam.</strong></span> <span class='ocrx_word' id='word_1_472' title='bbox 2116 1674 2250 1727; x_wconf 88' lang='lat' dir='ltr'><strong>Illud</strong></span> <span class='ocrx_word' id='word_1_473' title='bbox 2286 1677 2493 1744; x_wconf 88' lang='lat' dir='ltr'><strong>primus</strong></span> <span class='ocrx_word' id='word_1_474' title='bbox 2524 1681 2761 1749; x_wconf 77' lang='lat' dir='ltr'><strong>vulgavit</strong></span> <span class='ocrx_word' id='word_1_475' title='bbox 2818 1681 3140 1746; x_wconf 76' lang='lat' dir='ltr'><strong>Epiphanius</strong></span> <span class='ocrx_word' id='word_1_476' title='bbox 3171 1697 3190 1736; x_wconf 90' lang='lat'><strong><em>:</em></strong></span> <span class='ocrx_word' id='word_1_477' title='bbox 3246 1684 3501 1754; x_wconf 78' lang='lat' dir='ltr'><strong>idemque</strong></span> 
     </span>
    </p>
   </div>
   <div class='ocr_carea' id='block_1_76' title="bbox 1933 1766 3496 1846">
    <p class='ocr_par' dir='ltr' id='par_1_76' title="bbox 1933 1766 3496 1846">
     <span class='ocr_line' id='line_1_76' title="bbox 1933 1766 3496 1846; baseline 0.008 -30"><span class='ocrx_word' id='word_1_478' title='bbox 1933 1766 2223 1834; x_wconf 79' lang='lat' dir='ltr'><strong>amplexati</strong></span> <span class='ocrx_word' id='word_1_479' title='bbox 2255 1779 2384 1822; x_wconf 87' lang='lat' dir='ltr'><strong>sunt</strong></span> <span class='ocrx_word' id='word_1_480' title='bbox 2415 1778 2622 1824; x_wconf 88' lang='lat' dir='ltr'><strong>centum</strong></span> <span class='ocrx_word' id='word_1_481' title='bbox 2657 1782 2706 1825; x_wconf 88' lang='lat' dir='ltr'><strong>et</strong></span> <span class='ocrx_word' id='word_1_482' title='bbox 2735 1774 3127 1844; x_wconf 82' lang='lat' dir='ltr'><strong>quinquaginta</strong></span> <span class='ocrx_word' id='word_1_483' title='bbox 3155 1774 3366 1840; x_wconf 82' lang='lat' dir='ltr'><strong>Patres,</strong></span> <span class='ocrx_word' id='word_1_484' title='bbox 3403 1780 3496 1846; x_wconf 84' lang='lat' dir='ltr'><strong>qui</strong></span> 
     </span>
    </p>
   </div>
   <div class='ocr_carea' id='block_1_77' title="bbox 1932 1857 3502 1935">
    <p class='ocr_par' dir='ltr' id='par_1_77' title="bbox 1932 1857 3502 1935">
     <span class='ocr_line' id='line_1_77' title="bbox 1932 1857 3502 1935; baseline 0.008 -27"><span class='ocrx_word' id='word_1_485' title='bbox 1932 1871 2076 1908; x_wconf 92' lang='lat' dir='ltr'><strong>anno</strong></span> <span class='ocrx_word' id='word_1_486' title='bbox 2096 1857 2193 1910; x_wconf 79' lang='grc'><strong>581</strong></span> <span class='ocrx_word' id='word_1_487' title='bbox 2219 1868 2406 1913; x_wconf 87' lang='lat' dir='ltr'><strong>contra</strong></span> <span class='ocrx_word' id='word_1_488' title='bbox 2429 1860 2805 1917; x_wconf 83' lang='lat' dir='ltr'><strong>Maeedonium</strong></span> <span class='ocrx_word' id='word_1_489' title='bbox 2825 1867 3094 1935; x_wconf 81' lang='lat' dir='ltr'><strong>synodum</strong></span> <span class='ocrx_word' id='word_1_490' title='bbox 3115 1865 3502 1921; x_wconf 60' lang='lat' dir='ltr'><strong>Constantium</strong></span> 
     </span>
    </p>
   </div>
   <div class='ocr_carea' id='block_1_78' title="bbox 1937 1947 3496 2025">
    <p class='ocr_par' dir='ltr' id='par_1_78' title="bbox 1937 1947 3496 2025">
     <span class='ocr_line' id='line_1_78' title="bbox 1937 1947 3496 2025; baseline 0.012 -30"><span class='ocrx_word' id='word_1_491' title='bbox 1937 1947 2043 2014; x_wconf 87' lang='lat' dir='ltr'><strong>poli</strong></span> <span class='ocrx_word' id='word_1_492' title='bbox 2063 1949 2436 2006; x_wconf 83' lang='lat' dir='ltr'><strong>celebrarunt.</strong></span> <span class='ocrx_word' id='word_1_493' title='bbox 2459 1952 2734 2024; x_wconf 89' lang='lat' dir='ltr'><strong>Synodum</strong></span> <span class='ocrx_word' id='word_1_494' title='bbox 2763 1956 2920 2009; x_wconf 83' lang='lat' dir='ltr'><strong>istam</strong></span> <span class='ocrx_word' id='word_1_495' title='bbox 2941 1959 3251 2025; x_wconf 79' lang='lat' dir='ltr'><strong>generalem</strong></span> <span class='ocrx_word' id='word_1_496' title='bbox 3305 1960 3496 2014; x_wconf 80' lang='lat' dir='ltr'><strong>fuisse.</strong></span> 
     </span>
    </p>
   </div>
   <div class='ocr_carea' id='block_1_79' title="bbox 1937 2038 3499 2113">
    <p class='ocr_par' dir='ltr' id='par_1_79' title="bbox 1937 2038 3499 2113">
     <span class='ocr_line' id='line_1_79' title="bbox 1937 2038 3499 2113; baseline 0.01 -26"><span class='ocrx_word' id='word_1_497' title='bbox 1937 2045 2122 2104; x_wconf 83' lang='lat' dir='ltr'><strong>utpote</strong></span> <span class='ocrx_word' id='word_1_498' title='bbox 2148 2038 2358 2094; x_wconf 73' lang='lat' dir='ltr'><strong>Damasi</strong></span> <span class='ocrx_word' id='word_1_499' title='bbox 2423 2046 2618 2097; x_wconf 88' lang='lat' dir='ltr'><strong>summi</strong></span> <span class='ocrx_word' id='word_1_500' title='bbox 2656 2045 2931 2113; x_wconf 81' lang='lat' dir='ltr'><strong>pontificis</strong></span> <span class='ocrx_word' id='word_1_501' title='bbox 2983 2049 3316 2103; x_wconf 86' lang='lat' dir='ltr'><strong>auctoritate</strong></span> <span class='ocrx_word' id='word_1_502' title='bbox 3371 2063 3499 2104; x_wconf 81' lang='lat' dir='ltr'><strong>coa-</strong></span> 
     </span>
    </p>
   </div>
   <div class='ocr_carea' id='block_1_80' title="bbox 1934 2130 3494 2210">
    <p class='ocr_par' dir='ltr' id='par_1_80' title="bbox 1934 2130 3494 2210">
     <span class='ocr_line' id='line_1_80' title="bbox 1934 2130 3494 2210; baseline 0.01 -30"><span class='ocrx_word' id='word_1_503' title='bbox 1934 2137 2098 2192; x_wconf 89' lang='lat' dir='ltr'><strong>ctam,</strong></span> <span class='ocrx_word' id='word_1_504' title='bbox 2123 2141 2310 2185; x_wconf 89' lang='lat' dir='ltr'><strong>censet</strong></span> <span class='ocrx_word' id='word_1_505' title='bbox 2333 2130 2620 2190; x_wconf 88' lang='lat' dir='ltr'><strong>Baronius.</strong></span> <span class='ocrx_word' id='word_1_506' title='bbox 2655 2135 2737 2190; x_wconf 79' lang='lat' dir='ltr'><strong>Ea:</strong></span> <span class='ocrx_word' id='word_1_507' title='bbox 2757 2146 2869 2207; x_wconf 79' lang='lat' dir='ltr'><strong>post</strong></span> <span class='ocrx_word' id='word_1_508' title='bbox 2887 2141 3050 2208; x_wconf 74' lang='lat' dir='ltr'><strong>facta,</strong></span> <span class='ocrx_word' id='word_1_509' title='bbox 3107 2147 3166 2192; x_wconf 91' lang='lat' dir='ltr'><strong>ut</strong></span> <span class='ocrx_word' id='word_1_510' title='bbox 3222 2141 3494 2210; x_wconf 87' lang='lat' dir='ltr'><strong>inquiunt,</strong></span> 
     </span>
    </p>
   </div>
   <div class='ocr_carea' id='block_1_81' title="bbox 1933 2217 3498 2296">
    <p class='ocr_par' dir='ltr' id='par_1_81' title="bbox 1933 2217 3498 2296">
     <span class='ocr_line' id='line_1_81' title="bbox 1933 2217 3498 2296; baseline 0.006 -26"><span class='ocrx_word' id='word_1_511' title='bbox 1933 2217 2114 2272; x_wconf 76' lang='lat' dir='ltr'><strong>eidem</strong></span> <span class='ocrx_word' id='word_1_512' title='bbox 2147 2226 2447 2277; x_wconf 88' lang='lat' dir='ltr'><strong>accessisse</strong></span> <span class='ocrx_word' id='word_1_513' title='bbox 2477 2225 2669 2296; x_wconf 88' lang='lat' dir='ltr'><strong>synodi</strong></span> <span class='ocrx_word' id='word_1_514' title='bbox 2703 2229 3060 2282; x_wconf 71' lang='lat' dir='ltr'><strong>mcumenictc</strong></span> <span class='ocrx_word' id='word_1_515' title='bbox 3087 2231 3498 2290; x_wconf 84' lang='lat' dir='ltr'><strong>auctoritatem,</strong></span> 
     </span>
    </p>
   </div>
   <div class='ocr_carea' id='block_1_82' title="bbox 1932 2311 3500 2388">
    <p class='ocr_par' dir='ltr' id='par_1_82' title="bbox 1932 2311 3500 2388">
     <span class='ocr_line' id='line_1_82' title="bbox 1932 2311 3500 2388; baseline 0.009 -25"><span class='ocrx_word' id='word_1_516' title='bbox 1932 2311 2275 2366; x_wconf 86' lang='lat' dir='ltr'><strong>arbitrantur</strong></span> <span class='ocrx_word' id='word_1_517' title='bbox 2301 2315 2393 2369; x_wconf 85' lang='lat' dir='ltr'><strong>alii</strong></span> <span class='ocrx_word' id='word_1_518' title='bbox 2421 2332 2433 2368; x_wconf 88' lang='lat'><strong><em>:</em></strong></span> <span class='ocrx_word' id='word_1_519' title='bbox 2462 2317 2540 2369; x_wconf 85' lang='lat' dir='ltr'><strong>vel</strong></span> <span class='ocrx_word' id='word_1_520' title='bbox 2569 2317 2802 2372; x_wconf 82' lang='lat' dir='ltr'><strong>Damaso</strong></span> <span class='ocrx_word' id='word_1_521' title='bbox 2837 2335 2972 2388; x_wconf 84' lang='lat' dir='ltr'><strong>papa</strong></span> <span class='ocrx_word' id='word_1_522' title='bbox 3005 2336 3125 2374; x_wconf 80' lang='lat' dir='ltr'><strong>eum</strong></span> <span class='ocrx_word' id='word_1_523' title='bbox 3165 2322 3500 2376; x_wconf 78' lang='lat' dir='ltr'><strong>conﬁrman-</strong></span> 
     </span>
    </p>
   </div>
   <div class='ocr_carea' id='block_1_83' title="bbox 1936 2405 3500 2483">
    <p class='ocr_par' dir='ltr' id='par_1_83' title="bbox 1936 2405 3500 2483">
     <span class='ocr_line' id='line_1_83' title="bbox 1936 2405 3500 2483; baseline 0.008 -28"><span class='ocrx_word' id='word_1_524' title='bbox 1936 2411 2008 2465; x_wconf 92' lang='lat' dir='ltr'><strong>te,</strong></span> <span class='ocrx_word' id='word_1_525' title='bbox 2063 2413 2121 2456; x_wconf 88' lang='lat' dir='ltr'><strong>ut</strong></span> <span class='ocrx_word' id='word_1_526' title='bbox 2161 2405 2436 2477; x_wconf 83' lang='lat' dir='ltr'><strong>aliquibus</strong></span> <span class='ocrx_word' id='word_1_527' title='bbox 2493 2408 2706 2477; x_wconf 80' lang='lat' dir='ltr'><strong>placet;</strong></span> <span class='ocrx_word' id='word_1_528' title='bbox 2745 2411 2829 2464; x_wconf 83' lang='lat' dir='ltr'><strong>vel</strong></span> <span class='ocrx_word' id='word_1_529' title='bbox 2859 2412 3052 2465; x_wconf 79' lang='lat' dir='ltr'><strong>saltem</strong></span> <span class='ocrx_word' id='word_1_530' title='bbox 3093 2412 3277 2467; x_wconf 84' lang='lat' dir='ltr'><strong>Leone</strong></span> <span class='ocrx_word' id='word_1_531' title='bbox 3306 2413 3500 2483; x_wconf 74' lang='lat' dir='ltr'><strong>Magno</strong></span> 
     </span>
    </p>
   </div>
   <div class='ocr_carea' id='block_1_84' title="bbox 1937 2492 3502 2576">
    <p class='ocr_par' dir='ltr' id='par_1_84' title="bbox 1937 2492 3502 2576">
     <span class='ocr_line' id='line_1_84' title="bbox 1937 2492 3502 2576; baseline 0.008 -32"><span class='ocrx_word' id='word_1_532' title='bbox 1937 2492 1988 2544; x_wconf 91' lang='lat' dir='ltr'><strong>in</strong></span> <span class='ocrx_word' id='word_1_533' title='bbox 2016 2495 2221 2562; x_wconf 64' lang='lat' dir='ltr'><strong>synodo</strong></span> <span class='ocrx_word' id='word_1_534' title='bbox 2244 2495 2698 2565; x_wconf 78' lang='lat' dir='ltr'><strong>Chalcedonensi;</strong></span> <span class='ocrx_word' id='word_1_535' title='bbox 2716 2513 2807 2557; x_wconf 85' lang='lat' dir='ltr'><strong>aut</strong></span> <span class='ocrx_word' id='word_1_536' title='bbox 2831 2516 2979 2558; x_wconf 88' lang='lat' dir='ltr'><strong>certe</strong></span> <span class='ocrx_word' id='word_1_537' title='bbox 2998 2506 3111 2573; x_wconf 85' lang='lat' dir='ltr'><strong>ipsa</strong></span> <span class='ocrx_word' id='word_1_538' title='bbox 3129 2507 3328 2574; x_wconf 81' lang='lat' dir='ltr'><strong>synodo</strong></span> <span class='ocrx_word' id='word_1_539' title='bbox 3355 2509 3502 2576; x_wconf 84' lang='lat' dir='ltr'><strong>prio-</strong></span> 
     </span>
    </p>
   </div>
   <div class='ocr_carea' id='block_1_85' title="bbox 1935 2582 3502 2660">
    <p class='ocr_par' dir='ltr' id='par_1_85' title="bbox 1935 2582 3502 2660">
     <span class='ocr_line' id='line_1_85' title="bbox 1935 2582 3502 2660; baseline 0.011 -28"><span class='ocrx_word' id='word_1_540' title='bbox 1935 2596 2048 2633; x_wconf 89' lang='lat' dir='ltr'><strong>rem</strong></span> <span class='ocrx_word' id='word_1_541' title='bbox 2089 2582 2778 2655; x_wconf 77' lang='lat' dir='ltr'><strong>Constantiuopolitanam,</strong></span> <span class='ocrx_word' id='word_1_542' title='bbox 2814 2607 2940 2645; x_wconf 75' lang='lat' dir='ltr'><strong>cuni</strong></span> <span class='ocrx_word' id='word_1_543' title='bbox 2973 2593 3208 2648; x_wconf 85' lang='lat' dir='ltr'><strong>decretis</strong></span> <span class='ocrx_word' id='word_1_544' title='bbox 3237 2594 3384 2660; x_wconf 86' lang='lat' dir='ltr'><strong>lidei,</strong></span> <span class='ocrx_word' id='word_1_545' title='bbox 3437 2608 3502 2649; x_wconf 82' lang='lat' dir='ltr'><strong>ac</strong></span> 
     </span>
    </p>
   </div>
   <div class='ocr_carea' id='block_1_86' title="bbox 1937 2672 3388 2754">
    <p class='ocr_par' dir='ltr' id='par_1_86' title="bbox 1937 2672 3388 2754">
     <span class='ocr_line' id='line_1_86' title="bbox 1937 2672 3388 2754; baseline 0.01 -29"><span class='ocrx_word' id='word_1_546' title='bbox 1937 2672 2194 2743; x_wconf 88' lang='lat' dir='ltr'><strong>Symbolo</strong></span> <span class='ocrx_word' id='word_1_547' title='bbox 2229 2677 2509 2746; x_wconf 73' lang='lat' dir='ltr'><strong>praedicto,</strong></span> <span class='ocrx_word' id='word_1_548' title='bbox 2534 2681 2896 2751; x_wconf 86' lang='lat' dir='ltr'><strong>suscipiente,</strong></span> <span class='ocrx_word' id='word_1_549' title='bbox 2935 2693 2992 2738; x_wconf 89' lang='lat' dir='ltr'><strong>et</strong></span> <span class='ocrx_word' id='word_1_550' title='bbox 3020 2684 3388 2754; x_wconf 87' lang='lat' dir='ltr'><strong>approbante.</strong></span> 
     </span>
    </p>
   </div>
   <div class='ocr_carea' id='block_1_87' title="bbox 2008 2764 3502 2831">
    <p class='ocr_par' dir='ltr' id='par_1_87' title="bbox 2008 2764 3502 2831">
     <span class='ocr_line' id='line_1_87' title="bbox 2008 2764 3502 2831; baseline 0.009 -15"><span class='ocrx_word' id='word_1_551' title='bbox 2008 2764 2064 2818; x_wconf 88' lang='lat' dir='ltr'><strong>In</strong></span> <span class='ocrx_word' id='word_1_552' title='bbox 2089 2767 2404 2822; x_wconf 82' lang='lat' dir='ltr'><strong>utramlibet</strong></span> <span class='ocrx_word' id='word_1_553' title='bbox 2434 2773 2760 2826; x_wconf 88' lang='lat' dir='ltr'><strong>sententiam</strong></span> <span class='ocrx_word' id='word_1_554' title='bbox 2783 2774 3005 2829; x_wconf 86' lang='lat' dir='ltr'><strong>disserit</strong></span> <span class='ocrx_word' id='word_1_555' title='bbox 3023 2774 3369 2831; x_wconf 87' lang='lat' dir='ltr'><strong>Christianus</strong></span> <span class='ocrx_word' id='word_1_556' title='bbox 3391 2775 3502 2830; x_wconf 86' lang='lat' dir='ltr'><strong>Lu-</strong></span> 
     </span>
    </p>
   </div>
   <div class='ocr_carea' id='block_1_88' title="bbox 1934 2859 3499 2938">
    <p class='ocr_par' dir='ltr' id='par_1_88' title="bbox 1934 2859 3499 2938">
     <span class='ocr_line' id='line_1_88' title="bbox 1934 2859 3499 2938; baseline 0.004 -26"><span class='ocrx_word' id='word_1_557' title='bbox 1934 2874 2056 2930; x_wconf 88' lang='lat' dir='ltr'><strong>pus,</strong></span> <span class='ocrx_word' id='word_1_558' title='bbox 2091 2869 2238 2914; x_wconf 89' lang='lat' dir='ltr'><strong>tomo</strong></span> <span class='ocrx_word' id='word_1_559' title='bbox 2274 2859 2315 2921; x_wconf 88' lang='lat' dir='ltr'><strong>l,</strong></span> <span class='ocrx_word' id='word_1_560' title='bbox 2347 2863 2399 2914; x_wconf 90' lang='lat' dir='ltr'><strong>in</strong></span> <span class='ocrx_word' id='word_1_561' title='bbox 2426 2861 2662 2918; x_wconf 88' lang='lat' dir='ltr'><strong>Scholiis</strong></span> <span class='ocrx_word' id='word_1_562' title='bbox 2683 2866 2750 2918; x_wconf 89' lang='lat' dir='ltr'><strong>ad</strong></span> <span class='ocrx_word' id='word_1_563' title='bbox 2777 2865 3028 2920; x_wconf 85' lang='lat' dir='ltr'><strong>eamdem</strong></span> <span class='ocrx_word' id='word_1_564' title='bbox 3059 2868 3352 2938; x_wconf 87' lang='lat' dir='ltr'><strong>synodum,</strong></span> <span class='ocrx_word' id='word_1_565' title='bbox 3376 2882 3499 2937; x_wconf 86' lang='lat' dir='ltr'><strong>cap.</strong></span> 
     </span>
    </p>
   </div>
   <div class='ocr_carea' id='block_1_89' title="bbox 1935 2949 3500 3027">
    <p class='ocr_par' dir='ltr' id='par_1_89' title="bbox 1935 2949 3500 3027">
     <span class='ocr_line' id='line_1_89' title="bbox 1935 2949 3500 3027; baseline 0.006 -24"><span class='ocrx_word' id='word_1_566' title='bbox 1935 2952 2004 3014; x_wconf 69' lang='lat'><strong>4;</strong></span> <span class='ocrx_word' id='word_1_567' title='bbox 2035 2958 2089 3003; x_wconf 89' lang='lat' dir='ltr'><strong>et</strong></span> <span class='ocrx_word' id='word_1_568' title='bbox 2116 2959 2260 3003; x_wconf 89' lang='lat' dir='ltr'><strong>tomo</strong></span> <span class='ocrx_word' id='word_1_569' title='bbox 2287 2949 2348 3014; x_wconf 85' lang='lat' dir='ltr'><strong>V,</strong></span> <span class='ocrx_word' id='word_1_570' title='bbox 2380 2951 2432 3004; x_wconf 92' lang='lat' dir='ltr'><strong>in</strong></span> <span class='ocrx_word' id='word_1_571' title='bbox 2465 2951 2701 3008; x_wconf 85' lang='lat' dir='ltr'><strong>Scholiis</strong></span> <span class='ocrx_word' id='word_1_572' title='bbox 2722 2954 2787 3008; x_wconf 89' lang='lat' dir='ltr'><strong>ad</strong></span> <span class='ocrx_word' id='word_1_573' title='bbox 2813 2953 3077 3010; x_wconf 85' lang='lat' dir='ltr'><strong>dictatum</strong></span> <span class='ocrx_word' id='word_1_574' title='bbox 3103 2957 3354 3027; x_wconf 78' lang='lat' dir='ltr'><strong>Gregorii</strong></span> <span class='ocrx_word' id='word_1_575' title='bbox 3387 2957 3500 3023; x_wconf 74' lang='lat' dir='ltr'><strong>VII,</strong></span> 
     </span>
    </p>
   </div>
   <div class='ocr_carea' id='block_1_90' title="bbox 1935 3041 3503 3120">
    <p class='ocr_par' dir='ltr' id='par_1_90' title="bbox 1935 3041 3503 3120">
     <span class='ocr_line' id='line_1_90' title="bbox 1935 3041 3503 3120; baseline 0.006 -25"><span class='ocrx_word' id='word_1_576' title='bbox 1935 3056 2143 3095; x_wconf 85' lang='lat' dir='ltr'><strong>canone</strong></span> <span class='ocrx_word' id='word_1_577' title='bbox 2161 3041 2219 3094; x_wconf 76' lang='lat'><strong>‘2!</strong></span> <span class='ocrx_word' id='word_1_578' title='bbox 2235 3082 2249 3106; x_wconf 93' lang='lat'><strong>,</strong></span> <span class='ocrx_word' id='word_1_579' title='bbox 2269 3052 2458 3110; x_wconf 79' lang='lat' dir='ltr'><strong>quaest.</strong></span> <span class='ocrx_word' id='word_1_580' title='bbox 2478 3044 2536 3098; x_wconf 77' lang='lat'><strong>3.</strong></span> <span class='ocrx_word' id='word_1_581' title='bbox 2559 3045 2890 3100; x_wconf 88' lang='lat' dir='ltr'><strong>Litterarum</strong></span> <span class='ocrx_word' id='word_1_582' title='bbox 2908 3048 3346 3116; x_wconf 78' lang='lat' dir='ltr'><strong>conﬁrmationis,</strong></span> <span class='ocrx_word' id='word_1_583' title='bbox 3363 3065 3503 3120; x_wconf 82' lang='lat' dir='ltr'><strong>quas</strong></span> 
     </span>
    </p>
   </div>
   <div class='ocr_carea' id='block_1_91' title="bbox 1935 3129 3496 3207">
    <p class='ocr_par' dir='ltr' id='par_1_91' title="bbox 1935 3129 3496 3207">
     <span class='ocr_line' id='line_1_91' title="bbox 1935 3129 3496 3207; baseline 0.006 -25"><span class='ocrx_word' id='word_1_584' title='bbox 1935 3129 2152 3183; x_wconf 85' lang='lat' dir='ltr'><strong>dederit</strong></span> <span class='ocrx_word' id='word_1_585' title='bbox 2194 3130 2479 3191; x_wconf 78' lang='lat' dir='ltr'><strong>Damasus.</strong></span> <span class='ocrx_word' id='word_1_586' title='bbox 2517 3133 2710 3187; x_wconf 90' lang='lat' dir='ltr'><strong>nullibi</strong></span> <span class='ocrx_word' id='word_1_587' title='bbox 2749 3133 3000 3190; x_wconf 87' lang='lat' dir='ltr'><strong>mentio:</strong></span> <span class='ocrx_word' id='word_1_588' title='bbox 3034 3137 3131 3190; x_wconf 91' lang='lat' dir='ltr'><strong>sed</strong></span> <span class='ocrx_word' id='word_1_589' title='bbox 3177 3152 3356 3207; x_wconf 85' lang='lat' dir='ltr'><strong>neque</strong></span> <span class='ocrx_word' id='word_1_590' title='bbox 3385 3137 3496 3192; x_wconf 77' lang='lat' dir='ltr'><strong>ulla</strong></span> 
     </span>
    </p>
   </div>
   <div class='ocr_carea' id='block_1_92' title="bbox 1857 3221 3504 3310">
    <p class='ocr_par' dir='ltr' id='par_1_92' title="bbox 1857 3221 3504 3310">
     <span class='ocr_line' id='line_1_92' title="bbox 1857 3221 3504 3310; baseline 0.007 -39"><span class='ocrx_word' id='word_1_591' title='bbox 1857 3245 1903 3310; x_wconf 69' lang='grc' dir='ltr'><strong>ο</strong></span> <span class='ocrx_word' id='word_1_592' title='bbox 1938 3223 2142 3276; x_wconf 85' lang='lat' dir='ltr'><strong>mentio</strong></span> <span class='ocrx_word' id='word_1_593' title='bbox 2171 3221 2414 3292; x_wconf 88' lang='lat' dir='ltr'><strong>ejusdem</strong></span> <span class='ocrx_word' id='word_1_594' title='bbox 2446 3221 3042 3292; x_wconf 78' lang='lat' dir='ltr'><strong>Constantinopolitante</strong></span> <span class='ocrx_word' id='word_1_595' title='bbox 3065 3228 3286 3299; x_wconf 83' lang='lat' dir='ltr'><strong>synodi,</strong></span> <span class='ocrx_word' id='word_1_596' title='bbox 3317 3229 3372 3283; x_wconf 91' lang='lat' dir='ltr'><strong>in</strong></span> <span class='ocrx_word' id='word_1_597' title='bbox 3405 3243 3504 3285; x_wconf 84' lang='lat' dir='ltr'><strong>ea-</strong></span> 
     </span>
    </p>
   </div>
   <div class='ocr_carea' id='block_1_93' title="bbox 1935 3314 3498 3392">
    <p class='ocr_par' dir='ltr' id='par_1_93' title="bbox 1935 3314 3498 3392">
     <span class='ocr_line' id='line_1_93' title="bbox 1935 3314 3498 3392; baseline 0.005 -26"><span class='ocrx_word' id='word_1_598' title='bbox 1935 3329 2042 3383; x_wconf 89' lang='lat' dir='ltr'><strong>que</strong></span> <span class='ocrx_word' id='word_1_599' title='bbox 2063 3314 2195 3368; x_wconf 82' lang='lat' dir='ltr'><strong>editi</strong></span> <span class='ocrx_word' id='word_1_600' title='bbox 2224 3314 2479 3384; x_wconf 82' lang='lat' dir='ltr'><strong>Symboli,</strong></span> <span class='ocrx_word' id='word_1_601' title='bbox 2504 3317 2556 3368; x_wconf 89' lang='lat' dir='ltr'><strong>in</strong></span> <span class='ocrx_word' id='word_1_602' title='bbox 2590 3320 2928 3373; x_wconf 85' lang='lat' dir='ltr'><strong>oecumenica</strong></span> <span class='ocrx_word' id='word_1_603' title='bbox 2978 3321 3189 3392; x_wconf 77' lang='lat' dir='ltr'><strong>synodo</strong></span> <span class='ocrx_word' id='word_1_604' title='bbox 3209 3319 3498 3391; x_wconf 81' lang='lat' dir='ltr'><strong>Ephesina.</strong></span> 
     </span>
    </p>
   </div>
   <div class='ocr_carea' id='block_1_94' title="bbox 1936 3407 3501 3484">
    <p class='ocr_par' dir='ltr' id='par_1_94' title="bbox 1936 3407 3501 3484">
     <span class='ocr_line' id='line_1_94' title="bbox 1936 3407 3501 3484; baseline 0.004 -25"><span class='ocrx_word' id='word_1_605' title='bbox 1936 3407 2177 3476; x_wconf 69' lang='lat' dir='ltr'><strong>Ignotam</strong></span> <span class='ocrx_word' id='word_1_606' title='bbox 2209 3407 2311 3461; x_wconf 89' lang='lat' dir='ltr'><strong>sibi</strong></span> <span class='ocrx_word' id='word_1_607' title='bbox 2332 3423 2452 3462; x_wconf 87' lang='lat' dir='ltr'><strong>eam</strong></span> <span class='ocrx_word' id='word_1_608' title='bbox 2483 3409 2771 3479; x_wconf 84' lang='lat' dir='ltr'><strong>synodum,</strong></span> <span class='ocrx_word' id='word_1_609' title='bbox 2804 3410 3158 3482; x_wconf 78' lang='lat' dir='ltr'><strong>ignotumque</strong></span> <span class='ocrx_word' id='word_1_610' title='bbox 3181 3410 3501 3484; x_wconf 87' lang='lat' dir='ltr'><strong>Symbolum</strong></span> 
     </span>
    </p>
   </div>
   <div class='ocr_carea' id='block_1_95' title="bbox 1936 3501 3501 3574">
    <p class='ocr_par' dir='ltr' id='par_1_95' title="bbox 1936 3501 3501 3574">
     <span class='ocr_line' id='line_1_95' title="bbox 1936 3501 3501 3574; baseline 0.004 -21"><span class='ocrx_word' id='word_1_611' title='bbox 1936 3501 2114 3554; x_wconf 84' lang='lat' dir='ltr'><strong>testati</strong></span> <span class='ocrx_word' id='word_1_612' title='bbox 2142 3511 2269 3555; x_wconf 91' lang='lat' dir='ltr'><strong>sunt</strong></span> <span class='ocrx_word' id='word_1_613' title='bbox 2299 3502 2538 3571; x_wconf 79' lang='lat' dir='ltr'><strong>episcOpi</strong></span> <span class='ocrx_word' id='word_1_614' title='bbox 2580 3503 2634 3557; x_wconf 91' lang='lat' dir='ltr'><strong>in</strong></span> <span class='ocrx_word' id='word_1_615' title='bbox 2657 3504 3042 3570; x_wconf 80' lang='lat' dir='ltr'><strong>conciliabula,</strong></span> <span class='ocrx_word' id='word_1_616' title='bbox 3070 3506 3220 3574; x_wconf 91' lang='lat' dir='ltr'><strong>quod</strong></span> <span class='ocrx_word' id='word_1_617' title='bbox 3249 3506 3302 3560; x_wconf 92' lang='lat' dir='ltr'><strong>in</strong></span> <span class='ocrx_word' id='word_1_618' title='bbox 3335 3521 3501 3560; x_wconf 85' lang='lat' dir='ltr'><strong>causa</strong></span> 
     </span>
    </p>
   </div>
   <div class='ocr_carea' id='block_1_96' title="bbox 1934 3593 3503 3669">
    <p class='ocr_par' dir='ltr' id='par_1_96' title="bbox 1934 3593 3503 3669">
     <span class='ocr_line' id='line_1_96' title="bbox 1934 3593 3503 3669; baseline 0.004 -23"><span class='ocrx_word' id='word_1_619' title='bbox 1934 3593 2253 3664; x_wconf 86' lang='lat' dir='ltr'><strong>Eutychetis</strong></span> <span class='ocrx_word' id='word_1_620' title='bbox 2290 3593 2490 3660; x_wconf 84' lang='lat' dir='ltr'><strong>Ephesi</strong></span> <span class='ocrx_word' id='word_1_621' title='bbox 2519 3597 2820 3650; x_wconf 84' lang='lat' dir='ltr'><strong>celebravit</strong></span> <span class='ocrx_word' id='word_1_622' title='bbox 2849 3595 3166 3652; x_wconf 78' lang='lat' dir='ltr'><strong>Dioscorus.</strong></span> <span class='ocrx_word' id='word_1_623' title='bbox 3236 3597 3292 3651; x_wconf 74' lang='grc' dir='ltr'>Μ</span> <span class='ocrx_word' id='word_1_624' title='bbox 3336 3595 3503 3669; x_wconf 80' lang='lat' dir='ltr'><strong>Euty-</strong></span> 
     </span>
    </p>
   </div>
   <div class='ocr_carea' id='block_1_97' title="bbox 1933 3686 3505 3759">
    <p class='ocr_par' dir='ltr' id='par_1_97' title="bbox 1933 3686 3505 3759">
     <span class='ocr_line' id='line_1_97' title="bbox 1933 3686 3505 3759; baseline 0.002 -20"><span class='ocrx_word' id='word_1_625' title='bbox 1933 3686 2162 3741; x_wconf 81' lang='lat' dir='ltr'><strong>cbianos</strong></span> <span class='ocrx_word' id='word_1_626' title='bbox 2189 3686 2438 3757; x_wconf 77' lang='lat' dir='ltr'><strong>ignorare</strong></span> <span class='ocrx_word' id='word_1_627' title='bbox 2467 3688 2732 3756; x_wconf 80' lang='lat' dir='ltr'><strong>potuisse,</strong></span> <span class='ocrx_word' id='word_1_628' title='bbox 2783 3697 2942 3757; x_wconf 79' lang='lat' dir='ltr'><strong>negat</strong></span> <span class='ocrx_word' id='word_1_629' title='bbox 2977 3689 3244 3758; x_wconf 85' lang='lat' dir='ltr'><strong>Evoptius</strong></span> <span class='ocrx_word' id='word_1_630' title='bbox 3281 3688 3505 3759; x_wconf 71' lang='lat' dir='ltr'><strong>Cyzice-</strong></span> 
     </span>
    </p>
   </div>
   <div class='ocr_carea' id='block_1_98' title="bbox 1934 3779 3505 3850">
    <p class='ocr_par' dir='ltr' id='par_1_98' title="bbox 1934 3779 3505 3850">
     <span class='ocr_line' id='line_1_98' title="bbox 1934 3779 3505 3850; baseline 0 -19"><span class='ocrx_word' id='word_1_631' title='bbox 1934 3793 2041 3832; x_wconf 89' lang='lat' dir='ltr'><strong>nus</strong></span> <span class='ocrx_word' id='word_1_632' title='bbox 2071 3793 2196 3832; x_wconf 87' lang='lat' dir='ltr'><strong>cum</strong></span> <span class='ocrx_word' id='word_1_633' title='bbox 2234 3779 2350 3832; x_wconf 91' lang='lat' dir='ltr'><strong>suis</strong></span> <span class='ocrx_word' id='word_1_634' title='bbox 2381 3779 2935 3847; x_wconf 84' lang='lat' dir='ltr'><strong>comprovinciatibus</strong></span> <span class='ocrx_word' id='word_1_635' title='bbox 2983 3780 3262 3848; x_wconf 88' lang='lat' dir='ltr'><strong>episcopis</strong></span> <span class='ocrx_word' id='word_1_636' title='bbox 3299 3781 3354 3835; x_wconf 90' lang='lat' dir='ltr'><strong>in</strong></span> <span class='ocrx_word' id='word_1_637' title='bbox 3384 3782 3505 3850; x_wconf 71' lang='lat' dir='ltr'><strong>epi-</strong></span> 
     </span>
    </p>
   </div>
   <div class='ocr_carea' id='block_1_99' title="bbox 1936 3871 3503 3943">
    <p class='ocr_par' dir='ltr' id='par_1_99' title="bbox 1936 3871 3503 3943">
     <span class='ocr_line' id='line_1_99' title="bbox 1936 3871 3503 3943; baseline 0.002 -20"><span class='ocrx_word' id='word_1_638' title='bbox 1936 3871 2095 3933; x_wconf 85' lang='lat' dir='ltr'><strong>stola.</strong></span> <span class='ocrx_word' id='word_1_639' title='bbox 2115 3886 2236 3939; x_wconf 62' lang='lat' dir='ltr'><strong>qua</strong></span> <span class='ocrx_word' id='word_1_640' title='bbox 2252 3880 2457 3940; x_wconf 88' lang='lat' dir='ltr'><strong>prostat</strong></span> <span class='ocrx_word' id='word_1_641' title='bbox 2478 3873 2530 3926; x_wconf 92' lang='lat' dir='ltr'><strong>in</strong></span> <span class='ocrx_word' id='word_1_642' title='bbox 2549 3871 2740 3927; x_wconf 90' lang='lat' dir='ltr'><strong>codice</strong></span> <span class='ocrx_word' id='word_1_643' title='bbox 2756 3873 3066 3943; x_wconf 85' lang='lat' dir='ltr'><strong>encyclico:</strong></span> <span class='ocrx_word' id='word_1_644' title='bbox 3090 3873 3365 3942; x_wconf 85' lang='lat' dir='ltr'><strong>simulque</strong></span> <span class='ocrx_word' id='word_1_645' title='bbox 3386 3889 3503 3926; x_wconf 84' lang='lat' dir='ltr'><strong>mo-</strong></span> 
     </span>
    </p>
   </div>
   <div class='ocr_carea' id='block_1_100' title="bbox 1935 3962 3502 4037">
    <p class='ocr_par' dir='ltr' id='par_1_100' title="bbox 1935 3962 3502 4037">
     <span class='ocr_line' id='line_1_100' title="bbox 1935 3962 3502 4037; baseline 0.001 -19"><span class='ocrx_word' id='word_1_646' title='bbox 1935 3962 2063 4018; x_wconf 91' lang='lat' dir='ltr'><strong>dum</strong></span> <span class='ocrx_word' id='word_1_647' title='bbox 2095 3963 2323 4029; x_wconf 85' lang='lat' dir='ltr'><strong>indicat,</strong></span> <span class='ocrx_word' id='word_1_648' title='bbox 2351 3979 2459 4033; x_wconf 89' lang='lat' dir='ltr'><strong>quo</strong></span> <span class='ocrx_word' id='word_1_649' title='bbox 2481 3966 2722 4034; x_wconf 89' lang='lat' dir='ltr'><strong>synodus</strong></span> <span class='ocrx_word' id='word_1_650' title='bbox 2748 3965 2838 4019; x_wconf 85' lang='lat' dir='ltr'><strong>illa</strong></span> <span class='ocrx_word' id='word_1_651' title='bbox 2870 3966 3502 4037; x_wconf 76' lang='lat' dir='ltr'><strong>Constantinopolitano.</strong></span> 
     </span>
    </p>
   </div>
   <div class='ocr_carea' id='block_1_101' title="bbox 1941 4057 3506 4128">
    <p class='ocr_par' dir='ltr' id='par_1_101' title="bbox 1941 4057 3506 4128">
     <span class='ocr_line' id='line_1_101' title="bbox 1941 4057 3506 4128; baseline 0.001 -19"><span class='ocrx_word' id='word_1_652' title='bbox 1941 4057 2100 4126; x_wconf 74' lang='lat' dir='ltr'><strong>17o</strong></span> <span class='ocrx_word' id='word_1_653' title='bbox 2139 4057 2364 4126; x_wconf 87' lang='lat' dir='ltr'><strong>ejusque</strong></span> <span class='ocrx_word' id='word_1_654' title='bbox 2404 4057 2708 4128; x_wconf 86' lang='lat' dir='ltr'><strong>symbolum</strong></span> <span class='ocrx_word' id='word_1_655' title='bbox 2737 4058 3118 4112; x_wconf 88' lang='lat' dir='ltr'><strong>auctoritatem</strong></span> <span class='ocrx_word' id='word_1_656' title='bbox 3165 4059 3506 4114; x_wconf 83' lang='lat' dir='ltr'><strong>obtinuerint</strong></span> 
     </span>
    </p>
   </div>
   <div class='ocr_carea' id='block_1_102' title="bbox 1937 4149 3505 4222">
    <p class='ocr_par' dir='ltr' id='par_1_102' title="bbox 1937 4149 3505 4222">
     <span class='ocr_line' id='line_1_102' title="bbox 1937 4149 3505 4222; baseline 0.002 -21"><span class='ocrx_word' id='word_1_657' title='bbox 1937 4149 1993 4202; x_wconf 88' lang='lat' dir='ltr'><strong>in</strong></span> <span class='ocrx_word' id='word_1_658' title='bbox 2029 4149 2294 4203; x_wconf 87' lang='lat' dir='ltr'><strong>Ecclesia.</strong></span> <span class='ocrx_word' id='word_1_659' title='bbox 2330 4150 2510 4204; x_wconf 80' lang='lat' dir='ltr'><strong>Verba</strong></span> <span class='ocrx_word' id='word_1_660' title='bbox 2563 4160 2693 4205; x_wconf 87' lang='lat' dir='ltr'><strong>sunt</strong></span> <span class='ocrx_word' id='word_1_661' title='bbox 2749 4149 2934 4205; x_wconf 88' lang='lat' dir='ltr'><strong>:llanc</strong></span> <span class='ocrx_word' id='word_1_662' title='bbox 2977 4152 3326 4221; x_wconf 64' lang='lat' dir='ltr'><strong>synodum...</strong></span> <span class='ocrx_word' id='word_1_663' title='bbox 3393 4167 3505 4222; x_wconf 79' lang='lat' dir='ltr'><strong>pra:</strong></span> 
     </span>
    </p>
   </div>
   <div class='ocr_carea' id='block_1_103' title="bbox 1935 4241 3506 4312">
    <p class='ocr_par' dir='ltr' id='par_1_103' title="bbox 1935 4241 3506 4312">
     <span class='ocr_line' id='line_1_103' title="bbox 1935 4241 3506 4312; baseline 0.001 -18"><span class='ocrx_word' id='word_1_664' title='bbox 1935 4241 2173 4294; x_wconf 87' lang='lat' dir='ltr'><strong>omnibus</strong></span> <span class='ocrx_word' id='word_1_665' title='bbox 2193 4241 2399 4310; x_wconf 88' lang='lat' dir='ltr'><strong>quidem</strong></span> <span class='ocrx_word' id='word_1_666' title='bbox 2418 4243 2609 4296; x_wconf 78' lang='lat' dir='ltr'><strong>ueritas</strong></span> <span class='ocrx_word' id='word_1_667' title='bbox 2626 4241 2959 4309; x_wconf 78' lang='lat' dir='ltr'><strong>conﬁrmavit</strong></span> <span class='ocrx_word' id='word_1_668' title='bbox 2980 4258 3000 4296; x_wconf 90' lang='lat'><strong><em>:</em></strong></span> <span class='ocrx_word' id='word_1_669' title='bbox 3022 4243 3325 4312; x_wconf 88' lang='lat' dir='ltr'><strong>eademque</strong></span> <span class='ocrx_word' id='word_1_670' title='bbox 3355 4252 3506 4296; x_wconf 88' lang='lat' dir='ltr'><strong>tanto</strong></span> 
     </span>
    </p>
   </div>
   <div class='ocr_carea' id='block_1_104' title="bbox 1939 4333 3502 4402">
    <p class='ocr_par' dir='ltr' id='par_1_104' title="bbox 1939 4333 3502 4402">
     <span class='ocr_line' id='line_1_104' title="bbox 1939 4333 3502 4402; baseline 0 -16"><span class='ocrx_word' id='word_1_671' title='bbox 1939 4343 2170 4402; x_wconf 81' lang='lat' dir='ltr'><strong>tempore</strong></span> <span class='ocrx_word' id='word_1_672' title='bbox 2195 4337 2353 4388; x_wconf 87' lang='lat' dir='ltr'><strong>robur</strong></span> <span class='ocrx_word' id='word_1_673' title='bbox 2384 4336 2603 4402; x_wconf 84' lang='lat' dir='ltr'><strong>accepit.</strong></span> <span class='ocrx_word' id='word_1_674' title='bbox 2625 4333 2759 4390; x_wconf 90' lang='lat' dir='ltr'><strong>Utut</strong></span> <span class='ocrx_word' id='word_1_675' title='bbox 2782 4334 3002 4388; x_wconf 88' lang='lat' dir='ltr'><strong>demum</strong></span> <span class='ocrx_word' id='word_1_676' title='bbox 3028 4349 3149 4389; x_wconf 88' lang='lat' dir='ltr'><strong>sese</strong></span> <span class='ocrx_word' id='word_1_677' title='bbox 3181 4351 3270 4389; x_wconf 90' lang='lat' dir='ltr'><strong>res</strong></span> <span class='ocrx_word' id='word_1_678' title='bbox 3289 4335 3502 4388; x_wconf 85' lang='lat' dir='ltr'><strong>habeat.</strong></span> 
     </span>
    </p>
   </div>
   <div class='ocr_carea' id='block_1_105' title="bbox 1936 4424 3505 4497">
    <p class='ocr_par' dir='ltr' id='par_1_105' title="bbox 1936 4424 3505 4497">
     <span class='ocr_line' id='line_1_105' title="bbox 1936 4424 3505 4497; baseline -0.002 -16"><span class='ocrx_word' id='word_1_679' title='bbox 1936 4427 2156 4481; x_wconf 78' lang='lat' dir='ltr'><strong>Certum</strong></span> <span class='ocrx_word' id='word_1_680' title='bbox 2208 4424 2267 4478; x_wconf 82' lang='lat' dir='ltr'><strong>ﬁt</strong></span> <span class='ocrx_word' id='word_1_681' title='bbox 2301 4440 2753 4495; x_wconf 86' lang='lat' dir='ltr'><strong>compertumque</strong></span> <span class='ocrx_word' id='word_1_682' title='bbox 2817 4425 3119 4497; x_wconf 84' lang='lat' dir='ltr'><strong>Symbolum</strong></span> <span class='ocrx_word' id='word_1_683' title='bbox 3171 4427 3313 4480; x_wconf 88' lang='lat' dir='ltr'><strong>idem</strong></span> <span class='ocrx_word' id='word_1_684' title='bbox 3363 4424 3505 4479; x_wconf 74' lang='lat' dir='ltr'><strong>Cou-</strong></span> 
     </span>
    </p>
   </div>
   <div class='ocr_carea' id='block_1_106' title="bbox 1935 4516 3502 4587">
    <p class='ocr_par' dir='ltr' id='par_1_106' title="bbox 1935 4516 3502 4587">
     <span class='ocr_line' id='line_1_106' title="bbox 1935 4516 3502 4587; baseline -0.001 -17"><span class='ocrx_word' id='word_1_685' title='bbox 1935 4518 2486 4587; x_wconf 81' lang='lat' dir='ltr'><strong>stantinopolitanum,</strong></span> <span class='ocrx_word' id='word_1_686' title='bbox 2510 4519 2726 4572; x_wconf 87' lang='lat' dir='ltr'><strong>nonnisi</strong></span> <span class='ocrx_word' id='word_1_687' title='bbox 2763 4528 2881 4586; x_wconf 89' lang='lat' dir='ltr'><strong>post</strong></span> <span class='ocrx_word' id='word_1_688' title='bbox 2911 4517 3174 4587; x_wconf 84' lang='lat' dir='ltr'><strong>synodum</strong></span> <span class='ocrx_word' id='word_1_689' title='bbox 3203 4516 3502 4572; x_wconf 47' lang='lat' dir='ltr'><strong>Chalcedoc</strong></span> 
     </span>
    </p>
   </div>
   <div class='ocr_carea' id='block_1_107' title="bbox 1895 4592 3504 4679">
    <p class='ocr_par' dir='ltr' id='par_1_107' title="bbox 1895 4592 3504 4679">
     <span class='ocr_line' id='line_1_107' title="bbox 1895 4592 3504 4679; baseline 0 -14"><span class='ocrx_word' id='word_1_690' title='bbox 1895 4592 1907 4630; x_wconf 69' lang='grc'><strong><em>³</em></strong></span> <span class='ocrx_word' id='word_1_691' title='bbox 1941 4626 2187 4675; x_wconf 89' lang='lat' dir='ltr'><strong>nensem,</strong></span> <span class='ocrx_word' id='word_1_692' title='bbox 2212 4614 2488 4666; x_wconf 88' lang='lat' dir='ltr'><strong>communi</strong></span> <span class='ocrx_word' id='word_1_693' title='bbox 2517 4611 2886 4665; x_wconf 68' lang='lat' dir='ltr'><strong>Ecclesiarum</strong></span> <span class='ocrx_word' id='word_1_694' title='bbox 2923 4627 3027 4665; x_wconf 86' lang='lat' dir='ltr'><strong>usu</strong></span> <span class='ocrx_word' id='word_1_695' title='bbox 3069 4620 3347 4679; x_wconf 85' lang='lat' dir='ltr'><strong>receptum</strong></span> <span class='ocrx_word' id='word_1_696' title='bbox 3372 4611 3504 4666; x_wconf 74' lang='lat' dir='ltr'><strong>fuis-</strong></span> 
     </span>
    </p>
   </div>
   <div class='ocr_carea' id='block_1_108' title="bbox 1940 4704 3503 4773">
    <p class='ocr_par' dir='ltr' id='par_1_108' title="bbox 1940 4704 3503 4773">
     <span class='ocr_line' id='line_1_108' title="bbox 1940 4704 3503 4773; baseline 0 -17"><span class='ocrx_word' id='word_1_697' title='bbox 1940 4717 2032 4756; x_wconf 86' lang='lat' dir='ltr'><strong>se:</strong></span> <span class='ocrx_word' id='word_1_698' title='bbox 2065 4718 2129 4756; x_wconf 89' lang='lat' dir='ltr'><strong>ac</strong></span> <span class='ocrx_word' id='word_1_699' title='bbox 2159 4704 2428 4773; x_wconf 86' lang='lat' dir='ltr'><strong>synodum</strong></span> <span class='ocrx_word' id='word_1_700' title='bbox 2465 4704 2654 4765; x_wconf 83' lang='lat' dir='ltr'><strong>etiam,</strong></span> <span class='ocrx_word' id='word_1_701' title='bbox 2681 4718 2844 4770; x_wconf 85' lang='lat' dir='ltr'><strong>quam</strong></span> <span class='ocrx_word' id='word_1_702' title='bbox 2877 4712 3098 4756; x_wconf 87' lang='lat' dir='ltr'><strong>centum</strong></span> <span class='ocrx_word' id='word_1_703' title='bbox 3145 4712 3197 4755; x_wconf 92' lang='lat' dir='ltr'><strong>et</strong></span> <span class='ocrx_word' id='word_1_704' title='bbox 3231 4705 3503 4770; x_wconf 82' lang='lat' dir='ltr'><strong>quinqua-</strong></span> 
     </span>
    </p>
   </div>
   <div class='ocr_carea' id='block_1_109' title="bbox 1938 4792 3498 4865">
    <p class='ocr_par' dir='ltr' id='par_1_109' title="bbox 1938 4792 3498 4865">
     <span class='ocr_line' id='line_1_109' title="bbox 1938 4792 3498 4865; baseline -0.003 -18"><span class='ocrx_word' id='word_1_705' title='bbox 1938 4794 2086 4865; x_wconf 71' lang='lat' dir='ltr'><strong>ginta</strong></span> <span class='ocrx_word' id='word_1_706' title='bbox 2113 4794 2298 4848; x_wconf 77' lang='lat' dir='ltr'><strong>Patres</strong></span> <span class='ocrx_word' id='word_1_707' title='bbox 2332 4795 2386 4846; x_wconf 89' lang='lat' dir='ltr'><strong>in</strong></span> <span class='ocrx_word' id='word_1_708' title='bbox 2413 4794 2550 4848; x_wconf 88' lang='lat' dir='ltr'><strong>urbe</strong></span> <span class='ocrx_word' id='word_1_709' title='bbox 2593 4793 2760 4862; x_wconf 73' lang='lat' dir='ltr'><strong>Regia</strong></span> <span class='ocrx_word' id='word_1_710' title='bbox 2783 4810 2927 4847; x_wconf 89' lang='lat' dir='ltr'><strong>anno</strong></span> <span class='ocrx_word' id='word_1_711' title='bbox 2975 4793 3074 4846; x_wconf 69' lang='lat'><strong>58!</strong></span> <span class='ocrx_word' id='word_1_712' title='bbox 3115 4792 3498 4854; x_wconf 86' lang='lat' dir='ltr'><strong>celebrarunt,</strong></span> 
     </span>
    </p>
   </div>
   <div class='ocr_carea' id='block_1_110' title="bbox 1940 4882 3423 4952">
    <p class='ocr_par' dir='ltr' id='par_1_110' title="bbox 1940 4882 3423 4952">
     <span class='ocr_line' id='line_1_110' title="bbox 1940 4882 3423 4952; baseline -0.001 -15"><span class='ocrx_word' id='word_1_713' title='bbox 1940 4887 2323 4938; x_wconf 88' lang='lat' dir='ltr'><strong>connumerari</strong></span> <span class='ocrx_word' id='word_1_714' title='bbox 2351 4885 2498 4938; x_wconf 87' lang='lat' dir='ltr'><strong>inter</strong></span> <span class='ocrx_word' id='word_1_715' title='bbox 2522 4884 2889 4938; x_wconf 75' lang='lat' dir='ltr'><strong>(ecumetticas</strong></span> <span class='ocrx_word' id='word_1_716' title='bbox 2920 4882 3119 4952; x_wconf 87' lang='lat' dir='ltr'><strong>passim</strong></span> <span class='ocrx_word' id='word_1_717' title='bbox 3165 4887 3423 4951; x_wconf 80' lang='lat' dir='ltr'><strong>ccepisse.</strong></span> 
     </span>
    </p>
   </div>
   <div class='ocr_carea' id='block_1_111' title="bbox 2002 4973 3500 5043">
    <p class='ocr_par' dir='ltr' id='par_1_111' title="bbox 2002 4973 3500 5043">
     <span class='ocr_line' id='line_1_111' title="bbox 2002 4973 3500 5043; baseline 0 -13"><span class='ocrx_word' id='word_1_718' title='bbox 2002 4976 2082 5030; x_wconf 77' lang='lat' dir='ltr'><strong>Ea</strong></span> <span class='ocrx_word' id='word_1_719' title='bbox 2150 4990 2280 5027; x_wconf 79' lang='lat' dir='ltr'><strong>vero</strong></span> <span class='ocrx_word' id='word_1_720' title='bbox 2356 4976 2674 5036; x_wconf 86' lang='lat' dir='ltr'><strong>auctoritas,</strong></span> <span class='ocrx_word' id='word_1_721' title='bbox 2735 4988 2798 5028; x_wconf 86' lang='lat' dir='ltr'><strong>ac</strong></span> <span class='ocrx_word' id='word_1_722' title='bbox 2854 4973 3162 5028; x_wconf 86' lang='lat' dir='ltr'><strong>reverentia</strong></span> <span class='ocrx_word' id='word_1_723' title='bbox 3231 4974 3500 5043; x_wconf 66' lang='lat' dir='ltr'><strong>praedicto</strong></span> 
     </span>
    </p>
   </div>
   <div class='ocr_carea' id='block_1_112' title="bbox 1941 5059 3503 5130">
    <p class='ocr_par' dir='ltr' id='par_1_112' title="bbox 1941 5059 3503 5130">
     <span class='ocr_line' id='line_1_112' title="bbox 1941 5059 3503 5130; baseline 0.003 -17"><span class='ocrx_word' id='word_1_724' title='bbox 1941 5060 2200 5130; x_wconf 85' lang='lat' dir='ltr'><strong>Symbolo</strong></span> <span class='ocrx_word' id='word_1_725' title='bbox 2267 5062 2519 5123; x_wconf 73' lang='lat' dir='ltr'><strong>accessit,</strong></span> <span class='ocrx_word' id='word_1_726' title='bbox 2559 5071 2617 5118; x_wconf 87' lang='lat' dir='ltr'><strong>ut</strong></span> <span class='ocrx_word' id='word_1_727' title='bbox 2679 5060 2929 5115; x_wconf 85' lang='lat' dir='ltr'><strong>absolute</strong></span> <span class='ocrx_word' id='word_1_728' title='bbox 2987 5059 3263 5118; x_wconf 71' lang='lat' dir='ltr'><strong>Nicaznum</strong></span> <span class='ocrx_word' id='word_1_729' title='bbox 3319 5065 3503 5120; x_wconf 90' lang='lat' dir='ltr'><strong>vocari</strong></span> 
     </span>
    </p>
   </div>
   <div class='ocr_carea' id='block_1_113' title="bbox 1940 5150 3504 5224">
    <p class='ocr_par' dir='ltr' id='par_1_113' title="bbox 1940 5150 3504 5224">
     <span class='ocr_line' id='line_1_113' title="bbox 1940 5150 3504 5224; baseline 0.003 -21"><span class='ocrx_word' id='word_1_730' title='bbox 1940 5152 2306 5206; x_wconf 72' lang='lat' dir='ltr'><strong>consueverit.</strong></span> <span class='ocrx_word' id='word_1_731' title='bbox 2340 5152 2398 5204; x_wconf 90' lang='lat' dir='ltr'><strong>ln</strong></span> <span class='ocrx_word' id='word_1_732' title='bbox 2427 5152 2634 5221; x_wconf 81' lang='lat' dir='ltr'><strong>synodo</strong></span> <span class='ocrx_word' id='word_1_733' title='bbox 2685 5150 3316 5221; x_wconf 84' lang='lat' dir='ltr'><strong>Constantinopolitana,</strong></span> <span class='ocrx_word' id='word_1_734' title='bbox 3381 5170 3504 5224; x_wconf 72' lang='lat' dir='ltr'><strong>qua:</strong></span> 
     </span>
    </p>
   </div>
   <div class='ocr_carea' id='block_1_114' title="bbox 1938 5242 3502 5308">
    <p class='ocr_par' dir='ltr' id='par_1_114' title="bbox 1938 5242 3502 5308">
     <span class='ocr_line' id='line_1_114' title="bbox 1938 5242 3502 5308; baseline 0.004 -14"><span class='ocrx_word' id='word_1_735' title='bbox 1938 5255 2087 5294; x_wconf 87' lang='lat' dir='ltr'><strong>anno</strong></span> <span class='ocrx_word' id='word_1_736' title='bbox 2109 5242 2236 5304; x_wconf 76' lang='lat'><strong>556,</strong></span> <span class='ocrx_word' id='word_1_737' title='bbox 2269 5243 2373 5296; x_wconf 86' lang='lat' dir='ltr'><strong>sub</strong></span> <span class='ocrx_word' id='word_1_738' title='bbox 2396 5243 2552 5296; x_wconf 75' lang='lat' dir='ltr'><strong>Mena</strong></span> <span class='ocrx_word' id='word_1_739' title='bbox 2587 5244 2860 5297; x_wconf 83' lang='lat' dir='ltr'><strong>celebrata</strong></span> <span class='ocrx_word' id='word_1_740' title='bbox 2919 5244 3044 5308; x_wconf 78' lang='lat' dir='ltr'><strong>fuit,</strong></span> <span class='ocrx_word' id='word_1_741' title='bbox 3076 5255 3255 5300; x_wconf 73' lang='lat' dir='ltr'><strong>exstat</strong></span> <span class='ocrx_word' id='word_1_742' title='bbox 3284 5249 3502 5300; x_wconf 89' lang='lat' dir='ltr'><strong>actione</strong></span> 
     </span>
    </p>
   </div>
   <div class='ocr_carea' id='block_1_115' title="bbox 1938 5333 3500 5406">
    <p class='ocr_par' dir='ltr' id='par_1_115' title="bbox 1938 5333 3500 5406">
     <span class='ocr_line' id='line_1_115' title="bbox 1938 5333 3500 5406; baseline 0.003 -20"><span class='ocrx_word' id='word_1_743' title='bbox 1938 5333 1970 5386; x_wconf 81' lang='grc'>5</span> <span class='ocrx_word' id='word_1_744' title='bbox 2030 5333 2288 5403; x_wconf 86' lang='lat' dir='ltr'><strong>synodica</strong></span> <span class='ocrx_word' id='word_1_745' title='bbox 2341 5335 2568 5388; x_wconf 87' lang='lat' dir='ltr'><strong>alterius</strong></span> <span class='ocrx_word' id='word_1_746' title='bbox 2624 5335 3222 5406; x_wconf 76' lang='lat' dir='ltr'><strong>Constantinopolitani</strong></span> <span class='ocrx_word' id='word_1_747' title='bbox 3278 5339 3500 5392; x_wconf 84' lang='lat' dir='ltr'><strong>concilii</strong></span> 
     </span>
    </p>
   </div>
   <div class='ocr_carea' id='block_1_116' title="bbox 1938 5425 3501 5498">
    <p class='ocr_par' dir='ltr' id='par_1_116' title="bbox 1938 5425 3501 5498">
     <span class='ocr_line' id='line_1_116' title="bbox 1938 5425 3501 5498; baseline 0.001 -18"><span class='ocrx_word' id='word_1_748' title='bbox 1938 5441 2082 5480; x_wconf 88' lang='lat' dir='ltr'><strong>anno</strong></span> <span class='ocrx_word' id='word_1_749' title='bbox 2116 5425 2220 5480; x_wconf 79' lang='grc'><strong>518</strong></span> <span class='ocrx_word' id='word_1_750' title='bbox 2261 5428 2520 5483; x_wconf 84' lang='lat' dir='ltr'><strong>celebrati</strong></span> <span class='ocrx_word' id='word_1_751' title='bbox 2574 5427 2804 5497; x_wconf 86' lang='lat' dir='ltr'><strong>epistola</strong></span> <span class='ocrx_word' id='word_1_752' title='bbox 2859 5428 2924 5482; x_wconf 90' lang='lat' dir='ltr'><strong>ad</strong></span> <span class='ocrx_word' id='word_1_753' title='bbox 2971 5428 3236 5483; x_wconf 81' lang='lat' dir='ltr'><strong>Joannem</strong></span> <span class='ocrx_word' id='word_1_754' title='bbox 3268 5432 3501 5498; x_wconf 88' lang='lat' dir='ltr'><strong>patriar-</strong></span> 
     </span>
    </p>
   </div>
   <div class='ocr_carea' id='block_1_117' title="bbox 1939 5517 3504 5588">
    <p class='ocr_par' dir='ltr' id='par_1_117' title="bbox 1939 5517 3504 5588">
     <span class='ocr_line' id='line_1_117' title="bbox 1939 5517 3504 5588; baseline -0.001 -14"><span class='ocrx_word' id='word_1_755' title='bbox 1939 5521 2096 5574; x_wconf 85' lang='lat' dir='ltr'><strong>cham</strong></span> <span class='ocrx_word' id='word_1_756' title='bbox 2131 5533 2312 5581; x_wconf 85' lang='lat' dir='ltr'><strong>suum,</strong></span> <span class='ocrx_word' id='word_1_757' title='bbox 2363 5519 2452 5572; x_wconf 91' lang='lat' dir='ltr'><strong>ubi</strong></span> <span class='ocrx_word' id='word_1_758' title='bbox 2488 5517 2604 5573; x_wconf 79' lang='lat' dir='ltr'><strong>haec</strong></span> <span class='ocrx_word' id='word_1_759' title='bbox 2662 5519 2974 5574; x_wconf 82' lang='lat' dir='ltr'><strong>habentur:</strong></span> <span class='ocrx_word' id='word_1_760' title='bbox 3011 5536 3029 5568; x_wconf 76' lang='grc' dir='ltr'><strong>ι</strong></span> <span class='ocrx_word' id='word_1_761' title='bbox 3067 5518 3312 5574; x_wconf 84' lang='lat' dir='ltr'><strong>Tertium</strong></span> <span class='ocrx_word' id='word_1_762' title='bbox 3357 5521 3504 5588; x_wconf 83' lang='lat' dir='ltr'><strong>capi-</strong></span> 
     </span>
    </p>
   </div>
   <div class='ocr_carea' id='block_1_118' title="bbox 1941 5609 3498 5682">
    <p class='ocr_par' dir='ltr' id='par_1_118' title="bbox 1941 5609 3498 5682">
     <span class='ocr_line' id='line_1_118' title="bbox 1941 5609 3498 5682; baseline 0 -18"><span class='ocrx_word' id='word_1_763' title='bbox 1941 5611 2110 5664; x_wconf 86' lang='lat' dir='ltr'><strong>tulum</strong></span> <span class='ocrx_word' id='word_1_764' title='bbox 2162 5609 2214 5663; x_wconf 90' lang='lat' dir='ltr'><strong>in</strong></span> <span class='ocrx_word' id='word_1_765' title='bbox 2264 5611 2530 5680; x_wconf 87' lang='lat' dir='ltr'><strong>petitione</strong></span> <span class='ocrx_word' id='word_1_766' title='bbox 2601 5611 2990 5666; x_wconf 88' lang='lat' dir='ltr'><strong>continebatur</strong></span> <span class='ocrx_word' id='word_1_767' title='bbox 3041 5618 3100 5665; x_wconf 90' lang='lat' dir='ltr'><strong>ut</strong></span> <span class='ocrx_word' id='word_1_768' title='bbox 3147 5627 3248 5681; x_wconf 87' lang='lat' dir='ltr'><strong>pro</strong></span> <span class='ocrx_word' id='word_1_769' title='bbox 3307 5613 3498 5682; x_wconf 85' lang='lat' dir='ltr'><strong>majori</strong></span> 
     </span>
    </p>
   </div>
   <div class='ocr_carea' id='block_1_119' title="bbox 1939 5701 3500 5773">
    <p class='ocr_par' dir='ltr' id='par_1_119' title="bbox 1939 5701 3500 5773">
     <span class='ocr_line' id='line_1_119' title="bbox 1939 5701 3500 5773; baseline 0 -17"><span class='ocrx_word' id='word_1_770' title='bbox 1939 5701 2349 5770; x_wconf 86' lang='lat' dir='ltr'><strong>Scripturarum</strong></span> <span class='ocrx_word' id='word_1_771' title='bbox 2388 5713 2826 5767; x_wconf 87' lang='lat' dir='ltr'><strong>auctoramento,</strong></span> <span class='ocrx_word' id='word_1_772' title='bbox 2878 5715 3064 5759; x_wconf 81' lang='lat' dir='ltr'><strong>sancta</strong></span> <span class='ocrx_word' id='word_1_773' title='bbox 3110 5712 3162 5757; x_wconf 92' lang='lat' dir='ltr'><strong>et</strong></span> <span class='ocrx_word' id='word_1_774' title='bbox 3190 5718 3382 5773; x_wconf 75' lang='lat' dir='ltr'><strong>magna</strong></span> <span class='ocrx_word' id='word_1_775' title='bbox 3412 5717 3500 5772; x_wconf 77' lang='lat' dir='ltr'><strong>sy-</strong></span> 
     </span>
    </p>
   </div>
   <div class='ocr_carea' id='block_1_120' title="bbox 1938 5794 3502 5874">
    <p class='ocr_par' dir='ltr' id='par_1_120' title="bbox 1938 5794 3502 5874">
     <span class='ocr_line' id='line_1_120' title="bbox 1938 5794 3502 5874; baseline 0 -28"><span class='ocrx_word' id='word_1_776' title='bbox 1938 5794 2114 5849; x_wconf 83' lang='lat' dir='ltr'><strong>nodus</strong></span> <span class='ocrx_word' id='word_1_777' title='bbox 2149 5803 2514 5850; x_wconf 86' lang='lat' dir='ltr'><strong>trecentorum</strong></span> <span class='ocrx_word' id='word_1_778' title='bbox 2550 5796 2736 5850; x_wconf 87' lang='lat' dir='ltr'><strong>decem</strong></span> <span class='ocrx_word' id='word_1_779' title='bbox 2763 5807 2818 5850; x_wconf 90' lang='lat' dir='ltr'><strong>et</strong></span> <span class='ocrx_word' id='word_1_780' title='bbox 2860 5809 2993 5874; x_wconf 85' lang='lat' dir='ltr'><strong>octo</strong></span> <span class='ocrx_word' id='word_1_781' title='bbox 3021 5795 3238 5850; x_wconf 80' lang='lat' dir='ltr'><strong>Patrum</strong></span> <span class='ocrx_word' id='word_1_782' title='bbox 3274 5811 3502 5863; x_wconf 78' lang='lat' dir='ltr'><strong>congre-</strong></span> 
     </span>
    </p>
   </div>
   <div class='ocr_carea' id='block_1_121' title="bbox 1937 5887 3504 5960">
    <p class='ocr_par' dir='ltr' id='par_1_121' title="bbox 1937 5887 3504 5960">
     <span class='ocr_line' id='line_1_121' title="bbox 1937 5887 3504 5960; baseline -0.001 -17"><span class='ocrx_word' id='word_1_783' title='bbox 1937 5899 2182 5957; x_wconf 69' lang='lat' dir='ltr'><strong>satorum</strong></span> <span class='ocrx_word' id='word_1_784' title='bbox 2215 5891 2269 5944; x_wconf 88' lang='lat' dir='ltr'><strong>in</strong></span> <span class='ocrx_word' id='word_1_785' title='bbox 2325 5887 2528 5956; x_wconf 66' lang='lat' dir='ltr'><strong>Nica’a,</strong></span> <span class='ocrx_word' id='word_1_786' title='bbox 2573 5892 2663 5960; x_wconf 89' lang='lat' dir='ltr'><strong>qui</strong></span> <span class='ocrx_word' id='word_1_787' title='bbox 2730 5902 2976 5946; x_wconf 84' lang='lat' dir='ltr'><strong>sanctum</strong></span> <span class='ocrx_word' id='word_1_788' title='bbox 3018 5887 3319 5960; x_wconf 65' lang='lat' dir='ltr'><strong>Symbolum</strong></span> <span class='ocrx_word' id='word_1_789' title='bbox 3377 5887 3504 5956; x_wconf 62' lang='lat' dir='ltr'><strong>ﬁdei</strong></span> 
     </span>
    </p>
   </div>
   <div class='ocr_carea' id='block_1_122' title="bbox 3130 5985 3162 6043">
    <p class='ocr_par' dir='ltr' id='par_1_122' title="bbox 3130 5985 3162 6043">
     <span class='ocr_line' id='line_1_122' title="bbox 3130 5985 3162 6043; baseline 0 0"><span class='ocrx_word' id='word_1_790' title='bbox 3130 5985 3162 6043; x_wconf 87' lang='lat'>6</span> 
     </span>
    </p>
   </div>
  </div>
