3852 6464
388 477 476 540 lTl

1278 490 1284 496 -
1317 452 1638 520 GEORGII
1675 447 1931 512 CYPRII
1971 446 2083 508 ΟΡ.
2132 438 2648 506 ΡΑΤΒΙΑΒΟΗΕ

3520 429 3622 496 ΗΞ

346 595 714 652 οιύείὶιιίειθιιιιι
743 596 800 642 et
857 581 1252 640 exclamatum,
1288 575 1351 629 In
1381 588 1484 644 quo
1535 565 1792 638 baptizati
1862 577 1949 616 su-
1977 574 2024 629 Α
2051 556 2260 614 scilicet
2291 554 2624 624 intelligens,
2659 539 2902 622 Spiritus
2950 550 3122 604 sancti
3163 545 3469 602 divinitatis
3522 552 3611 600 lto‘

341 719 346 724 ι
377 701 516 746 mus.
541 690 591 737 et
613 678 941 750 baptizamus
965 686 984 725 :
1011 679 1066 723 et
1093 685 1212 738 quin
1263 666 1316 719 in
1352 655 1808 728 Constantinopoli
1842 652 1944 708 sub

381 776 638 836 Nectario
665 777 868 826 sanctae
897 763 1174 817 memoriae
1207 766 1534 826 congregata
1587 760 1693 813 est,
1719 759 1774 802 et
1806 761 1946 816 prae-

377 874 590 928 tlietum
621 873 872 923 sanctum
914 855 1216 926 Symbolum
1265 859 1616 905 trecentorum
1670 844 1844 896 decem
1899 847 1945 892 et

381 975 497 1022 octo
551 959 780 1016 Patrum
845 949 1200 1018 confirmavit,
1259 950 1606 1014 apponuntur
1663 938 1717 990 in
1775 932 1950 988 sacris

383 1051 678 1124 diptychis.
719 1065 737 1097 ι
803 1045 959 1100 Patet
1009 1037 1326 1109 Symbolum
1395 1024 1952 1095 Constantinopolita-

389 1114 542 1208 mini,
568 1141 698 1195 licet
727 1133 1114 1192 addinmentis
1173 1135 1416 1185 auctum,
1482 1121 1588 1174 dici
1648 1114 1950 1188 Symbolum

369 1235 682 1292 Niceratum,
723 1227 776 1280 in
811 1222 1018 1296 synodo
1050 1219 1214 1290 regite
1247 1217 1399 1271 urbis
1425 1211 1818 1280 conﬁrmatum.
1855 1207 1951 1260 Pa-

387 1325 468 1380 ria
536 1331 688 1384 sunt,
743 1331 866 1386 quae
904 1311 1155 1367 monachi
1188 1309 1419 1362 ibidem-
1458 1304 1706 1358 scribunt
1747 1313 1842 1351 sua
1899 1297 1953 1348 in

385 1414 650 1486 epistola:
713 1409 970 1468 Petimus,
1027 1404 1359 1472 inquientes,
1413 1409 1468 1450 ut
1524 1403 1722 1448 sancta:
1771 1389 1955 1459 synodi

387 1528 483 1581 pro
515 1518 748 1576 tempore
777 1508 1109 1572 congreguttc
1135 1514 1228 1567 pro
1259 1497 1380 1562 ﬁde,
1420 1499 1684 1562 ponantur
1716 1489 1766 1541 in
1793 1485 1955 1538 sacris

352 1601 572 1655 «libris:
630 1598 724 1649 hoc
755 1601 852 1652 est,
894 1593 1133 1651 [Ἧι-ωηο,
1169 1603 1284 1656 qua:
1344 1580 1658 1636 exclamavit
1706 1576 1956 1631 Sanctum

390 1691 692 1765 Symbolum
712 1691 762 1742 in
787 1702 886 1757 quo
930 1681 1181 1752 baptizati
1219 1675 1418 1736 sumus,
1453 1685 1502 1725 et
1527 1673 1957 1742 boptizamus:et

357 1809 366 1824 θ
395 1781 1007 1851 Constantinopolitano,
1026 1791 1139 1844 qum
1156 1774 1269 1841 ipsa
1280 1787 1327 1823 m
1347 1765 1696 1834 confirmavit:
1710 1771 1768 1815 et
1786 1759 1960 1827 Ephe-

393 1879 537 1940 sina,
569 1890 689 1944 quae
718 1870 969 1926 similiter
997 1862 1358 1925 conﬁrmavit,
1384 1866 1541 1928 atque
1566 1855 1723 1907 etiam
1748 1849 1960 1904 Chalce-

2051 661 2214 714 stcm,
2245 651 2302 704 in
2353 647 2560 719 synodo
2610 643 3218 712 Constantinopolitana
3274 639 3613 693 damnatum.

2053 745 2129 799 Ita
2162 742 2250 796 illo
2286 740 2486 795 sarculo
2525 754 2577 792 tv
2614 737 3004 792 dissertatione
3049 736 3137 798 57,
3171 741 3278 786 art.
3307 733 3360 794 i,
3391 731 3448 785 in
3495 732 3618 785 line.

2054 835 2282 890 Fallitur
2323 833 2405 887 vir
2442 833 2656 886 doctus.
2703 828 3054 883 Macedonius
3087 834 3190 891 est,
3253 841 3360 879 non
3397 825 3618 894 primus,

2059 928 2151 997 qui
2204 927 2446 997 Spiritus
2499 923 2670 979 sancti
2704 923 3041 992 impugnavit
3085 918 3475 971 divinitatem:
3527 915 3618 967 sed

2058 1020 2221 1089 hujus
2253 1019 2494 1073 nominis
2519 1016 2795 1078 secundus,
2833 1011 3182 1066 immediatus
3231 1009 3406 1078 ipsius
3435 1007 3595 1060 Timo

2061 1113 2175 1165 thei
2230 1124 2553 1180 prmcessor,
2588 1106 2869 1162 catholica:
2921 1102 3044 1156 ﬁdei
3085 1102 3136 1154 in
3189 1098 3622 1154 Chalcedonensi

2057 1204 2292 1258 concilio
2338 1210 2554 1256 statuta:
2597 1199 2944 1269 professione
2985 1199 3184 1250 clarus.
3221 1193 3368 1246 Hanc
3396 1191 3618 1244 ob-cau

2058 1310 2173 1349 sam
2223 1295 2290 1348 ab
2321 1291 2610 1346 Anastasio
2673 1291 3002 1359 imperatore
3059 1288 3114 1340 in
3160 1285 3412 1338 exsilium
3472 1295 3618 1334 anno

2059 1386 2158 1440 5H
2219 1385 2401 1453 pulso,
2441 1383 2558 1451 ipse
2589 1381 2915 1435 Timotheus
2965 1377 3277 1439 haereticus,
3319 1383 3374 1428 et
3430 1371 3626 1443 synodi

2059 1475 2526 1533 Chalcedonensis
2559 1476 2927 1543 impugnator,
2994 1468 3261 1525 sull‘ectus
3304 1465 3428 1519 luit.
3465 1463 3628 1517 Plura

2063 1569 2338 1638 pessimus
2357 1568 2465 1634 egit
2502 1569 2686 1626 homo,
2717 1562 3009 1616 Theodoro
3039 1561 3246 1612 lectore
3297 1564 3456 1615 teste,
3489 1568 3628 1606 con—

2064 1672 2146 1716 tra
2203 1663 2384 1731 ipsum
2416 1657 2831 1712 Macedoniam:
2886 1669 2949 1708 ac
2992 1655 3134 1706 inter
3166 1651 3269 1704 alia
3325 1645 3628 1718 Symbolum

2063 1753 2186 1822 ﬁdei
2243 1762 2587 1806 trecentorum
2616 1758 2665 1803 et
2713 1748 2994 1802 octodecim
3047 1745 3265 1798 Patrum
3301 1740 3630 1812 (Nicaruum)

2065 1849 2124 1899 in
2167 1845 2393 1916 singulis
2430 1844 2660 1897 collectis
2690 1841 2903 1896 recitari
2935 1839 3201 1909 priet-epit,
3240 1837 3293 1888 in
3323 1835 3502 1888 odium
3530 1835 3631 1884 ινξ-

393 1921 537 1940 .....-,
569 1921 688 1944 η-..
1347 1921 1354 1925 _
1455 1921 1465 1928 v

357 2005 366 2014 -
395 1969 663 2029 donensis,
695 1981 812 2035 quce
835 1959 1082 2017 similiter
1111 1959 1358 2026 signavit.
1400 1949 1601 2004 Eadem
1644 1944 1809 1999 verba
1857 1941 1963 1995 fre-
1999 1941 2039 1993 Β
2067 1937 2184 1990 licet
2213 1936 2509 1990 Macedonii
2537 1929 2929 2002 (praecessoris)
2965 1970 2979 1993 ,
3021 1927 3173 1998 quasi
3206 1925 3294 1979 ille
3333 1939 3434 1977 non
3464 1921 3633 1975 susci-

359 2061 656 2133 ~_quentius
691 2063 1028 2125 repetuntur
1061 2053 1113 2103 in
1138 2047 1336 2106 libello,
1374 2043 1466 2112 qui
1498 2043 1621 2094 loco
1658 2037 1826 2090 citato
1877 2049 1961 2084 re.

397 2155 571 2208 fertur
642 2123 1100 2212 insciihiturque,
1181 2134 1452 2203 Quomodo
1501 2128 1805 2200 prtedicatte
1859 2123 1964 2175 sint

397 2243 622 2318 synodi;
661 2257 723 2296 ac
786 2239 1009 2292 demum
1046 2236 1098 2286 in
1155 2230 1422 2298 Rescripta
1471 2222 1760 2279 habentur,
1820 2212 1964 2284 quod

391 2335 720 2408 subjicitur,
747 2331 973 2386 Joannis
1009 2317 1498 2391 Hierosolymitani,
1533 2323 1582 2366 et
1613 2311 1969 2383 episcoporum

403 2432 490 2498 qui
521 2426 615 2481 sub
641 2440 700 2478 eo
737 2430 881 2484 sunt,
927 2420 993 2472 ad
1015 2414 1278 2469 Joannem
1305 2401 1968 2472 Constantinopolitanum.

403 2522 530 2578 Haec
574 2532 706 2574 vero
755 2514 1017 2568 evincunt
1059 2507 1262 2570 omnia,
1315 2499 1638 2558 Ecclesium,
1704 2509 1825 2563 quae
1855 2491 1971 2544 sine

367 2613 657 2676 ~ct'imine,
691 2605 927 2677 simplici
993 2601 1179 2656 relicta
1236 2593 1450 2650 Nicwna
1488 2584 1720 2659 Symboli
1779 2584 1973 2652 forma,

407 2709 461 2760 in
495 2719 657 2759 usum
694 2671 1043 2756 communem
1085 2686 1389 2761 Symbolum
1431 2671 1974 2737 ConstantinOpolita-

405 2810 532 2850 num
561 2788 952 2848 additameutis
1001 2760 1221 2836 auctum
1288 2770 1537 2832 adduxit,
1578 2765 1693 2836 pari
1743 2760 1978 2832 gaudere

403 2892 698 2958 potestate,
723 2891 784 2936 ut
806 2879 984 2948 ipsam
1020 2872 1187 2928 etiam
1225 2863 1470 2939 Symboli
1504 2860 1976 2920 Constantinopo-

379 2980 563 3035 Jitani
601 2973 904 3031 formulam.
929 2982 1030 3038 pro
1061 2973 1369 3033 temporum
1415 2947 1870 3010 circumstantiis,
1915 2958 1980 2998 ac

380 3070 740 3127 .necessitate
765 3063 1018 3133 adigente
1065 3069 1266 3124 augere
1301 3048 1558 3120 potuerit.

483 3165 578 3220 lll.
629 3129 1017 3217 Additanienta
1072 3141 1665 3214 Constantinopolitana
1748 3129 1986 3202 pertina-

381 3256 628 3311 -cissime
677 3248 962 3322 rejiciebat
1014 3240 1291 3311 Eutyches
1329 3238 1382 3289 in
1441 3229 1647 3302 synodo
1680 3221 1985 3281 Chalcedo-

411 3347 593 3412 uensi,
627 3359 690 3398 ac
754 3341 987 3409 rejicere
1043 3334 1411 3404 perrexerunt
1472 3316 1822 3391 Eutychiani,
1882 3327 1976 3366 seu

410 3433 828 3507 Monophysitae.
866 3427 1062 3484 Recole
1098 3424 1244 3478 dicta
1270 3419 1447 3488 capite
1502 3411 1792 3481 superiore
1827 3421 1977 3458 num.

416 3531 468 3584 5.
501 3502 768 3599 Ejusdem
805 3521 962 3592 171
999 3522 1374 3582 contemptum
1427 3502 1668 3576 Symboli
1697 3507 1755 3552 ut
1795 3508 1980 3548 coram

419 3590 702 3693 palamque
735 3590 1092 3670 ostenderent
1129 3608 1324 3662 Petrus
1380 3599 1534 3655 Fullo
1581 3590 1981 3649 Autiochenus,

416 3725 473 3770 et
508 3709 831 3767 Timotheus
868 3694 1528 3765 ConStantinopolitanus,
1574 3682 1988 3738 Chah-edoncn-

417 3810 490 3865 sis
518 3805 730 3864 concilii
750 3804 953 3862 hostes,
985 3795 1268 3850 Alica-num
1297 3787 1524 3856 simplex
1565 3776 1870 3852 Symbolum
1910 3772 1992 3827 ie-

416 3915 542 3956 cere
559 3913 722 3955 sacrae
752 3890 1006 3962 Liturgiae
1033 3896 1262 3957 partem.
1285 3879 1609 3935 Theodorus
1633 3875 1824 3932 lector,
1844 3869 1988 3921 libro

417 3991 712 4058 θητεῖαι-ιε
746 3988 962 4042 Petrum
1001 3979 1310 4036 Fullouem,
1344 3988 1439 4026 seu
1490 3968 1843 4035 Citaphaeum,
1876 3974 1991 4012 cum

421 4101 603 4141 rursus
633 4083 994 4151 episcopatum
1025 4073 1378 4140 recuperasset
1414 4061 1814 4121 Antiochenam,
1846 4066 1993 4106 exco-

419 4178 616 4247 gitasse
646 4145 701 4225 ut
733 4172 787 4222 in
807 4145 1056 4237 singulis
1085 4157 1316 4214 collectis
1356 4150 1660 4222 Symbolum
1711 4145 1992 4197 diceretur.

424 4267 702 4320 Nicmnum
725 4259 922 4316 fuisse,
947 4255 1064 4306 haec
1091 4249 1200 4302 alia»
1226 4244 1470 4315 ejusdem
1511 4232 1791 4291 Theodori
1831 4230 1995 4282 verba

424 4360 726 4412 eyincum:
771 4349 1069 4405 Timotheus
1104 4342 1412 4413 (episcopus
1441 4323 1997 4390 Constantinopolita-

424 4451 550 4521 nus)
565 4445 870 4517 Symbolum
892 4440 1015 4509 ﬁdei
1034 4443 1380 4490 trecentorum
1397 4435 1446 4482 et
1463 4422 1745 4480 octodecim
1773 4417 1999 4472 Patrum

429 4547 482 4597 in
512 4503 734 4611 singulis
767 4532 997 4589 collectis
1027 4525 1246 4582 recitari
1287 4519 1554 4592 praecepit,
1592 4517 1648 4567 in
1663 4511 1841 4564 odium
1861 4503 2000 4559 scili-

425 4637 506 4688 cet
541 4598 862 4690 Nbcedonii,
895 4622 1048 4695 quasi
1081 4618 1175 4672 ille
1223 4630 1324 4670 non
1383 4610 1664 4678 susciperet
1699 4603 1751 4657 id
1783 4598 2001 4670 Symbo-
2027 4631 2080 4690 ι)
2106 4599 2366 4671 synodum

429 4729 560 4780 tum.
613 4690 923 4779 Secundam
975 4709 1232 4782 Cnaphaei
1296 4702 1660 4772 irruptionem
1715 4696 1772 4748 in
1811 4690 2000 4747 sedem

431 4817 830 4876 Antiochenam
854 4809 922 4869 ad
955 4819 1159 4862 annum
1201 4797 1306 4856 476
1327 4794 1629 4868 pertinere,
1659 4787 1862 4842 docent
1890 4782 1999 4836 Le-

430 4915 682 4986 quienus,
724 4909 778 4964 iu
808 4905 1023 4963 Oriente
1059 4896 1388 4956 Christiano,
1429 4887 1848 4945 continuatorcs
1875 4875 2000 4931 Bol-

431 4967 606 5071 ljavndi,
650 4967 819 5058 tonio
843 4997 909 5054 ιν
953 4993 1104 5057 Julii,
1133 4986 1405 5044 Antonius
1432 4979 1651 5051 Pagius.
1691 4967 2004 5028 Macedonio

437 5059 606 5171 liuius
627 5092 867 5150 nominis
890 5085 1134 5145 secundo
1164 5094 1310 5137 anno
1337 5076 1433 5132 5H
1468 5075 1523 5127 in
1545 5067 1799 5133 exsilium
1827 5059 2005 5131 pulso,

437 5152 814 5261 Mdnophysita
869 5180 1191 5236 TimOtheus
1243 5169 1509 5227 suilectus
1560 5169 1646 5216 est
1709 5158 1764 5212 in
1821 5152 2006 5208 sedem

433 5281 1124 5352 ConstantinOpolitanam,
1185 5271 1435 5338 texitque
1489 5257 1792 5316 Ecclesiam
1863 5250 2009 5305 illam

441 5397 652 5454 septem
703 5389 900 5433 annos.
933 5367 1139 5425 lnvecti
1172 5364 1296 5419 novi
1345 5360 1488 5414 ritus
1549 5361 1742 5407 auctor
1801 5343 1904 5398 fuit
1953 5340 2010 5393 in

444 5432 781 5532 Aritiochena
832 5463 1075 5522 Ecclesia
1108 5459 1305 5514 Petrus
1339 5449 1530 5506 Fullo:
1570 5445 1863 5514 ipsumque
1889 5432 2012 5486 imi-

447 5569 548 5624 tari
575 5569 627 5620 in
659 5559 902 5618 Ecclesia
921 5556 1083 5623 regiae
1106 5549 1260 5606 urbis
1290 5541 1583 5599 Timotheo
1611 5531 1834 5604 placuit.

514 5619 692 5717 verba
722 5656 833 5720 illa,
871 5653 925 5705 in
959 5619 1137 5703 odium
1167 5630 1486 5699 Macedonii,
1511 5628 1824 5701 expendens
1852 5619 2016 5674 Nata-

446 5759 520 5813 lis
548 5749 878 5812 Alcxander,
903 5744 1156 5809 colligere
1188 5735 1288 5791 sihi
1334 5731 1487 5785 visus
1517 5734 1636 5780 est:
1663 5722 1748 5789 agi
1797 5733 1863 5771 eo
1910 5711 2017 5767 loci

449 5851 520 5908 de
557 5844 806 5920 Symbolo
856 5811 1469 5900 Constantinopolitano,
1517 5816 1737 5874 tametsi
1798 5811 2018 5864 dicatur

450 5945 583 6002 illud
600 5899 956 5999 lrecentorum
973 5940 1021 5989 et
1045 5928 1323 5986 octodecim
1349 5921 1574 5978 Patrum
1596 5928 1615 5979 ;
1641 5899 2018 5965 Macedonium

2067 2038 2209 2102 peret
2244 2030 2294 2083 id
2320 2025 2625 2098 Symbolum
2659 2026 2878 2096 (nempe
2913 2018 3240 2083 Nicasnum).
3433 2081 3436 2084 _

2142 2120 2290 2174 Bitui
2327 2133 2515 2188 porro,
2535 2131 2698 2186 quem
2732 2129 2896 2184 pravo
2919 2110 3147 2165 consilio
3179 2108 3492 2160 iuvexerant
3523 2102 3636 2156 ha:-

2072 2211 2228 2265 retici
2259 2207 2676 2278 Monophysitae,
2711 2205 2874 2257 ritum
2920 2208 3294 2270 opposuerunt
3323 2193 3638 2254 orthodoxi,

2070 2318 2180 2372 quo
2215 2302 2392 2372 palam
2456 2312 2752 2366 coramque
2793 2296 2845 2349 in
2875 2308 3027 2348 sacra
3069 2289 3309 2357 Lilurgia
3341 2295 3549 2342 rectam
3581 2295 3638 2337 et

2073 2395 2397 2451 catholicam
2423 2387 2816 2445 incarnationis
2856 2385 3150 2438 Dominicae
3200 2380 3360 2435 ﬁdem
3418 2377 3639 2446 proﬁte-

2075 2495 2265 2541 rentur
2297 2523 2313 2548 ,
2363 2483 2606 2554 Symbolo
2647 2473 3254 2543 Constantinopolitano,
3322 2470 3464 2540 quod
3518 2467 3646 2538 reji-

2076 2580 2300 2633 ciebant
2317 2575 2417 2636 illi,
2446 2573 2715 2628 adhibito.
2745 2570 2946 2624 Praesto
2967 2575 3051 2619 est
3072 2563 3498 2619 ecclesiasticum
3527 2574 3646 2611 mo-

2078 2679 2426 2732 numentutn,
2467 2665 2609 2734 quod
2666 2663 2730 2716 ad
2795 2675 2995 2714 annum
3053 2657 3156 2711 518
3214 2653 3496 2724 pertinet:
3533 2666 3646 2719 quo

2081 2761 2315 2816 maxime
2346 2765 2583 2818 constat,
2604 2756 2712 2825 jam
2743 2763 2855 2806 tum
2885 2752 2937 2804 in
2970 2763 3072 2802 usu
3099 2747 3267 2800 fuisse
3291 2743 3433 2812 apud
3458 2741 3649 2795 ortho—

2081 2854 2272 2916 doxos,
2311 2859 2370 2903 ut
2398 2850 2451 2903 iu
2486 2849 2668 2902 divina
2705 2843 2943 2910 Liturgia
2973 2839 3291 2910 Symbolum
3329 2836 3450 2889 ﬁdei
3503 2834 3647 2886 reei-

2084 2953 2312 2999 taretur.
2343 2939 2500 3010 172
2534 2940 2592 2993 lu
2639 2936 2826 2991 libello
2851 2931 3106 3002 superius
3133 2935 3456 2988 memorato,
3507 2925 3653 2990 Quo-

2083 3036 2236 3089 modo
2254 3033 2550 3103 pradicant:
2571 3029 2688 3096 (seu
2705 3024 3078 3096 promulgatae)
3132 3022 3241 3073 sint
3264 3018 3471 3089 synodi,
3505 3029 3652 3070 anno

2089 3127 2192 3183 518
2225 3124 2456 3192 scripto,
2493 3120 2709 3174 Justino
2735 3116 2952 3170 seniore
2979 3113 3252 3167 catholico
3278 3118 3400 3180 post
3421 3107 3656 3161 Anasta-

2089 3223 2227 3277 sium
2264 3228 2546 3290 regnante,
2586 3215 2699 3268 haac
2739 3212 3014 3264 hahentur
3044 3205 3207 3259 verba
3250 3215 3418 3270 prOpe
3446 3200 3612 3252 tinem
3638 3214 3656 3250 :

2009 3293 2052 3349 ο
2085 3313 2212 3369 Post
2244 3311 2512 3365 lectionem
2537 3305 2708 3360 sancti
2744 3299 3034 3370 Evangelii,
3066 3313 3183 3350 cum
3211 3295 3374 3350 Missa
3416 3306 3480 3344 ea:
3511 3305 3656 3344 more

2081 3405 2456 3464 celebraretur,
2498 3408 2546 3453 et
2593 3396 2789 3450 clausis
2829 3392 3042 3464 januis,
3099 3397 3149 3440 et
3193 3400 3347 3440 sacro
3404 3379 3653 3451 Symboln

2087 3497 2201 3567 (τοῦ
2238 3495 2394 3562 ἁγίου
2443 3489 2787 3560 μαθήματος)
2833 3500 2900 3538 ει
2942 3495 3091 3535 more
3123 3479 3376 3539 recitato,
3400 3474 3564 3542 (κατὰ
3594 3471 3653 3524 τὸ

2089 3564 2362 3656 amantia.)
2390 3581 2475 3635 ubi
2506 3590 2718 3634 ventum
2752 3586 2824 3630 est
2852 3575 2922 3628 ad
2954 3572 3234 3641 Diptycha,
3263 3577 3369 3622 etc.
3415 3564 3655 3635 Symbo-

2089 3683 2198 3734 lum
2237 3678 2358 3730 ﬁdei
2381 3677 2489 3745 jam
2509 3688 2651 3726 anno
2683 3671 2785 3725 518
2807 3685 2874 3722 ea;
2901 3682 3043 3721 more
3074 3665 3274 3718 lectum
3336 3663 3634 3718 recitatum

2089 3786 2197 3841 que
2219 3769 2286 3823 ab
2316 3765 2636 3821 orthodoxis
2667 3763 2853 3820 fuisse,
2887 3757 3173 3829 perspicue
3205 3760 3373 3822 patet.

2163 3866 2234 3918 At
2276 3859 2407 3915 illud
2463 3867 2579 3912 erat
2639 3852 2942 3925 Symbolum
2987 3842 3660 3915 Constantinopolitanum.

2094 3960 2149 4014 ld
2187 3957 2378 4025 utique
2415 3951 2551 4006 satis
2573 3949 3218 4003 indicantmonumenta,
3261 3953 3384 4007 qua:
3428 3945 3668 3987 numero

2094 4048 2382 4118 superiore
2413 4041 2742 4097 adduximus
2779 4049 2846 4089 ex
2885 4031 3122 4088 concilio
3158 4029 3262 4082 sub
3317 4025 3528 4079 Menna.
3565 4024 3669 4078 Ac.

2097 4140 2244 4195 cedit
2280 4131 2716 4191 luculentissima
2745 4125 3087 4181 conﬁrmatio
3137 4136 3201 4172 ex
3251 4118 3527 4173 Chronico
3571 4113 3672 4168 ab-

2099 4231 2240 4285 batis
2291 4226 2518 4284 Joannis
2569 4218 2906 4276 Biclarensis
2957 4211 3231 4275 Lusitani,
3298 4209 3393 4278 qui
3465 4206 3673 4260 saeculo

2096 4333 2251 4378 sexto
2274 4321 2526 4374 ﬂorebat.
2551 4316 2724 4370 Verba
2745 4320 2904 4366 sunt:
2933 4306 3294 4360 Romanorum
3323 4304 3673 4370 (imperator;

2097 4413 2250 4478 LIII,
2299 4411 2541 4466 Justinus
2559 4409 2748 4479 junior
2779 4403 2930 4457 annis
2961 4398 3222 4452 undecim.
3275 4392 3377 4457 Qui
3430 4391 3678 4444 Justinus

2101 4524 2241 4562 auito
2269 4508 2439 4575 primo
2475 4503 2622 4571 regni
2647 4500 2728 4551 sui
2762 4496 2985 4565 (Christi
3015 4489 3164 4556 566),
3220 4503 3283 4540 ea
3318 4499 3436 4555 qua!
3481 4494 3676 4536 contra

2417 4592 2884 4650 CImlcedonensem
2947 4585 3156 4654 fuerant
3208 4583 3527 4638 commenta,
3583 4573 3684 4627 de-

2103 4663 2324 4752 siruatit,
2412 4683 2818 4756 Symbolumque
2882 4685 3188 4730 sanctorum
3271 4667 3374 4723 150
3445 4663 3682 4717 Patrum

2105 4755 2558 4849 Constantinopoli
2597 4780 3056 4843 congregatarum,
3082 4773 3130 4817 et
3159 4765 3211 4816 in
3236 4759 3433 4832 synodo
3453 4755 3686 4811 Chalce-

2105 4879 2321 4932 donensi
2352 4880 2635 4938 receptum,
2671 4868 2725 4920 in
2765 4863 2904 4916 omni
2958 4857 3193 4913 Ecclesia
3221 4852 3483 4908 catholica
3525 4867 3557 4901 α
3587 4863 3687 4917 ρο⁶

2107 4970 2232 5036 pulo
2265 4963 2642 5020 concinentium
2671 4955 2977 5017 intromisit,
3028 4949 3339 5020 priusquam
3395 4942 3681 4996 Dominica

2110 5064 2322 5115 dicatur
2363 5055 2565 5112 Oratio.
2593 5054 2724 5116 Quae
2749 5061 2944 5116 nempe
2995 5042 3211 5098 Justino
3241 5034 3448 5092 seniori
3471 5046 3680 5087 conve-

2113 5155 2291 5212 niunt,
2311 5159 2366 5205 et
2391 5161 2533 5202 anno
2550 5144 2653 5199 518
2674 5141 2814 5196 facta
2830 5146 2978 5203 sunt,
2995 5136 3284 5202 deceptum
3306 5127 3684 5182 Biclarensem

2113 5243 2373 5300 tribuisse
2433 5237 2650 5294 Justino
2673 5230 2904 5305 juniori,
2935 5238 2998 5283 et-
3032 5225 3099 5280 ad
3136 5235 3339 5277 annum
3375 5216 3492 5271 -566
3531 5227 3689 5268 retu.

2112 5335 2263 5398 lisse,
2293 5331 2487 5386 latiore
2515 5324 2858 5381 ostendimus
2885 5319 3136 5374 oratione
3162 5317 3215 5368 in
3241 5318 3432 5366 nostra
3475 5307 3695 5360 disser-

2116 5423 2320 5480 tatione
2348 5421 2417 5474 de
2449 5418 2553 5473 ﬁde
2584 5414 2827 5470 auctoris
2856 5411 3104 5478 Operam,
3151 5417 3272 5473 qua:
3303 5399 3465 5467 vulgo
3518 5399 3699 5448 Areo-

2117 5518 2355 5589 pagitica
2379 5515 2658 5571 dicuntur,
2697 5507 2876 5574 capite
2914 5503 3003 5556 15.
3038 5501 3159 5553 llmc
3203 5500 3526 5548 numeratur
3568 5489 3699 5542 Dis-

2117 5608 2335 5664 sertatio
2367 5619 2507 5658 nona
2539 5603 2683 5654 inter
2715 5611 2829 5658 eas,
2857 5607 2991 5662 quas
3017 5586 3360 5658 vulgavimus
3393 5581 3558 5636 simul
3579 5580 3704 5632 col-

2119 5703 2307 5762 lectas,
2341 5697 2414 5750 De
2444 5695 2598 5766 gestis
2631 5690 2908 5759 etscriptis
2937 5694 2986 5737 et
3018 5681 3256 5735 doctrina
3284 5675 3455 5730 sancti
3488 5671 3706 5726 Thema:

2121 5763 2813 5863 Aquinatis.i30mmunem
2846 5792 3028 5839 usum,
3074 5775 3128 5828 in
3178 5784 3340 5841 quem
3373 5763 3708 5836 Symbolum

2122 5859 2785 5952 constantinopolitanum
2810 5888 2936 5931 cum
2959 5870 3079 5927 suis
3103 5859 3512 5923 Additamentis-
3531 5859 3709 5913 dedu-
