3852 6500
269 416 381 487 1τ3

1427 414 1624 478 \‘ITA.
1667 439 1735 454 -··-
1779 415 2284 478 DlSSER'l‘ATlO
2317 416 2401 480 ΙΙ.

3439 416 3542 485 174

261 534 345 587 xit
385 546 486 602 pro
520 546 615 588 sua
658 530 991 586 auctoritate
1019 524 1280 592 Ecclesia,
1309 526 1532 583 videant
1564 526 1764 590 Graeci,
1799 543 1859 581 ac
1891 535 1933 588 Α
1972 527 2120 582 llauc
2148 543 2271 583 esse
2301 528 2597 600 genuinam
2635 524 2956 593 lectionem,
3002 528 3202 600 e0njiei
3236 539 3416 600 potest
3473 548 3540 588 ex

262 627 543 680 attentius
596 623 936 693 expendant.

334 719 432 774 IV.
456 717 538 772 Ad
565 718 862 785 particulae.
890 713 1155 785 Filioque,
1177 714 1536 786 adjectionem
1559 712 1860 785 proximius

263 813 570 882 pertinent,
607 827 726 878 quae
773 820 1098 878 sequuntur.
1144 808 1362 879 Synodo
1387 805 1699 862 Toletanaet
1739 823 1859 877 quae

263 902 334 956 ad
370 918 577 956 annum
633 902 757 964 400,
803 901 857 953 in
892 898 1322 954 Collectiouibus
1370 896 1728 951 conciliorum
1772 911 1858 948 re-

265 997 468 1058 fertur,
530 993 731 1065 Regula
758 994 885 1061 ﬁdei
943 991 1238 1061 subjicitur
1291 999 1474 1044 contra
1526 1005 1704 1042 omnes
1756 990 1860 1042 Inc-

265 1103 432 1150 reses,
475 1095 525 1140 et
565 1087 961 1156 quummaxime
994 1091 1178 1136 contra
1201 1081 1580 1135 Priscillianos.
1613 1080 1689 1134 Ea
1720 1080 1860 1133 dici-

267 1190 360 1232 tur
424 1179 490 1232 ab
560 1179 812 1246 episcOpis
858 1174 1360 1240 Tarraconensibus,
1425 1172 1860 1242 Cart/iaginensi-

268 1272 392 1326 bus.
418 1270 722 1330 Lusitanis,
773 1278 820 1322 et
859 1269 1068 1322 Baeticis
1111 1268 1255 1337 facta
1295 1283 1314 1320 .'
1356 1275 1404 1319 et
1447 1282 1563 1318 cunt
1607 1275 1862 1335 pra'ceplo

266 1377 427 1427 paulo
451 1362 594 1413 urbis
627 1360 804 1413 Roma:
840 1358 1030 1412 Leonis
1086 1359 1154 1410 ad
1187 1356 1504 1410 Balconium
1561 1357 1863 1426 episcopum

268 1453 526 1508 Calliciw
594 1453 933 1506 transmissa.
974 1449 1230 1504 Formula
1289 1459 1373 1505 est
1429 1454 1602 1504 instar
1633 1449 1864 1520 Symboli

268 1549 446 1610 edita,
503 1564 569 1602 ac
592 1548 786 1617 incipit
811 1561 827 1600 :
852 1545 1128 1600 Credimus
1152 1545 1207 1598 in
1239 1561 1402 1599 unum
1430 1545 1594 1598 Deum
1626 1543 1862 1608 Patrem,

268 1656 320 1694 et
383 1639 610 1708 Filium,
671 1650 721 1694 et
783 1639 1043 1709 Spiritum
1083 1645 1352 1702 sanctum,
1379 1647 1488 1692 etc.
1549 1637 1625 1691 De
1678 1645 1866 1691 sancto

268 1733 467 1788 eodem
497 1732 708 1798 Spiritu
741 1732 854 1786 llch
903 1730 1225 1784 habentur:
1275 1748 1293 1780 ι
1345 1727 1610 1798 Spiritum
1647 1742 1868 1798 quoque

269 1825 622 1881 Paracletum
655 1839 801 1885 esse.
821 1822 914 1892 qui
944 1836 1044 1877 nec
1068 1821 1229 1876 Pater
1253 1820 1324 1877 sit
1348 1821 1487 1891 ipse,
1521 1835 1621 1873 nec
1661 1818 1864 1873 Filius:

269 1921 369 1974 sed
399 1935 432 1970 a
463 1915 630 1970 Patre
661 1915 910 1986 Filioque
943 1917 1246 1985 procedens.
1277 1931 1297 1965 ι

341 2011 652 2065 Romanam
693 2009 876 2063 sedero
914 2022 1060 2060 anno
1092 2004 1196 2060 400
1255 2004 1576 2060 conscendit
1642 2012 1867 2059 sanctus

271 2100 391 2158 Leo
417 2102 678 2172 Magnus:
714 2098 861 2154 unde
889 2098 1174 2154 Toletanaa
1219 2097 1427 2169 synodo
1474 2098 1665 2166 prima
1699 2095 1866 2150 tribui

272 2198 482 2270 Regula
539 2199 632 2253 illa
674 2213 784 2253 non
823 2206 1028 2267 potest.
1099 2195 1180 2250 Ad
1239 2209 1444 2249 annum
1474 2193 1576 2248 447
1629 2193 1866 2248 refertur

272 2293 560 2346 concilium
593 2291 938 2359 Hispanicum
968 2286 1244 2358 generale,
1273 2301 1438 2341 suasu
1478 2284 1680 2340 Leonis
1711 2285 1868 2355 173

274 2385 560 2455 pontificis
616 2385 882 2438 indictum
947 2382 1000 2436 in
1046 2395 1250 2434 'causa
1302 2378 1868 2434 Prisciliianistarum.

275 2481 481 2535 Praeter
509 2477 633 2547 ﬁdei
690 2475 933 2548 regulam
986 2475 1248 2542 superius
1302 2483 1679 2537 memoratam,
1740 2471 1867 2526 nihil

273 2581 520 2636 exstare,
569 2570 838 2625 adnotant
911 2567 1274 2622 conciliorum
1323 2565 1669 2619 collectores.
1731 2562 1870 2618 Hinc

276 2680 414 2720 vero
441 2664 593 2718 edita
628 2663 718 2717 illa
749 2662 967 2716 videtur
1020 2660 1074 2713 in
1105 2663 1206 2714 hac
1263 2657 1494 2730 synodo.
1531 2658 1665 2712 Rem
1706 2657 1866 2721 lianc,

274 2765 334 2810 et
380 2754 576 2826 synodi
611 2753 790 2807 locum
828 2761 981 2806 certo
1007 2749 1346 2804 addiscimus
1386 2763 1448 2802 ex
1479 2747 1691 2818 synodo
1741 2746 1870 2799 Bra-

279 2847 505 2900 Carensi
529 2844 659 2898 anni
683 2844 824 2898 565:
851 2861 869 2892 ι
899 2840 1192 2896 Lucretius
1218 2841 1513 2908 episcopus
1554 2837 1692 2891 dixit
1724 2853 1736 2890 :
1772 2877 1784 2889 .
1808 2875 1821 2887 .
1853 2873 1866 2889 .

273 2937 482 3004 Credo,
560 2947 757 2990 vestra:
802 2933 1158 2988 beatitudinis
1240 2931 1633 2984 fraternitatem
1686 2944 1867 2990 nosse.

275 3029 408 3094 quia
439 3043 506 3080 eo
531 3036 776 3094 tempore
799 3039 911 3094 quo
938 3023 991 3076 in
1019 3023 1106 3076 his
1131 3021 1449 3086 regionibus
1477 3020 1864 3073 nefandissima

274 3119 631 3178 Priscillianaa
678 3127 843 3172 sectae
871 3131 1081 3172 venena
1125 3115 1449 3185 serpebant,
1508 3112 1866 3167 beatissimus

1966 615 2184 670 laudata
2243 616 2445 671 Leonis
2508 619 2683 687 magni
2732 619 3099 689 epistola,qui
3127 636 3308 676 veram
3343 634 3539 679 contra

1967 705 2413 762 Priscillianistas
2463 705 2621 760 ﬁdem
2653 707 2926 778 episcopis
2979 707 3235 780 Hispanis
3293 710 3542 767 tradens.

1965 799 2063 864 ait,
2082 801 2258 868 capite
2286 801 2304 852 l
2335 817 2348 853 :
2381 819 2398 851 ι
2426 800 2609 856 Primo
2635 801 2820 870 itaque
2849 801 3090 868 capitulo
3110 803 3546 861 demonstratur.

1965 905 2126 958 quam
2152 889 2319 959 impie
2346 892 2587 945 sentiant
2623 890 2692 944 de
2749 890 3021 947 Trinitate
3073 893 3301 962 divina;
3353 895 3448 965 qui
3494 904 3544 948 et

1968 981 2162 1042 Patris,
2199 990 2252 1036 et
2289 980 2510 1047 Filii,et
2535 981 2772 1051 Spiritus
2800 984 2974 1039 sancti
3001 1000 3162 1040 unam
3196 994 3364 1056 atque
3400 1003 3536 1042 eam-

1967 1073 2090 1128 dem
2125 1084 2382 1129 asserunt
2417 1090 2537 1129 esse
2585 1091 2896 1145 personam,
2925 1085 3185 1146 tanquam
3235 1079 3375 1134 idem
3407 1079 3547 1135 Deus

1966 1182 2113 1221 nunc
2131 1167 2308 1228 Pater.
2328 1183 2473 1222 nunc
2493 1167 2678 1234 Filius,
2704 1185 2850 1224 nunc
2869 1171 3108 1239 Spiritus
3126 1180 3350 1228 sanctus
3374 1175 3532 1230 nomi

1968 1274 2167 1317 netur;
2201 1276 2304 1316 nec
2361 1262 2500 1316 alius
2524 1262 2708 1332 sitqui
2740 1263 2949 1332 genuit,
2995 1265 3138 1319 alius
3190 1266 3284 1335 qui
3335 1267 3548 1336 genitus

1967 1364 2072 1419 est,
2092 1354 2232 1411 alius
2265 1353 2358 1424 qui
2393 1356 2456 1408 de
2484 1368 2705 1424 utroque
2743 1357 2993 1426 processit
3047 1376 3064 1407 υ
3113 1357 3301 1420 Erhac
3327 1357 3547 1414 demum

1971 1445 2096 1500 fidei
2123 1447 2310 1516 regula
2331 1463 2519 1502 vocem
2553 1445 2797 1518 Filioque
2828 1448 3077 1515 inipsum
3106 1446 3540 1522 Constantiipr-

1973 1537 2510 1610 litanumSymbolum
2540 1539 2887 1595 transtulisse
2923 1542 3230 1610 insequenti
3266 1543 3468 1597 saeculo
3497 1559 3549 1595 vr

1975 1632 2246 1688 Eeelesias
2274 1633 2686 1702 Hispaniarum.
2729 1634 2909 1704 rapite
2940 1647 3206 1704 sequente
3232 1635 3548 1690 dicendum.

2049 1725 2209 1798 174
2272 1725 2338 1782 γ.
2392 1726 2610 1782 Steculo
2678 1727 2914 1797 septimo
2977 1727 3276 1784 Eeclesiam
3330 1744 3547 1784 onmem

1974 1819 2380 1875 Occidentaiem
2411 1821 2605 1890 legisse
2630 1820 2976 1891 adjeclionem
3001 1821 3052 1875 in
3079 1823 3273 1876 eodem
3290 1821 3552 1894 Symbolo

1901 1887 2609 1984 BCOnStantinopolitano,
2679 1924 2868 1969 narrat
2926 1915 3140 1969 Manuel
3199 1915 3448 1971 Calecas.
3505 1917 3551 1969 Is

1972 2007 2194 2060 natione
2226 2005 2471 2068 Gratcus,
2497 2015 2622 2060 ante
2658 2021 2863 2060 annum
2899 2006 3036 2062 MOO
3059 2007 3305 2062 clarebat
3349 2008 3552 2062 litteris

1970 2098 2474 2170 Constantinopoli,
2513 2102 2699 2172 ibique
2754 2117 2954 2155 nomen
2995 2101 3172 2154 ordini
3216 2101 3545 2156 Pratdicato-

1972 2208 2094 2246 rum
2120 2191 2273 2247 dedit
2300 2193 2353 2246 in
2389 2193 2656 2248 Cmnobio
2684 2193 2836 2248 Perm
2870 2192 3083 2263 pridem
3105 2205 3312 2248 erecto.
3346 2192 3551 2248 Salutis

1971 2286 2263 2355 gentilium
2292 2302 2523 2341 suorum
2550 2286 2736 2341 studio
2765 2285 3020 2355 ﬂagrans,
3058 2286 3292 2356 plurima
3333 2286 3552 2354 scripsit

1973 2379 2178 2448 quibus
2230 2395 2324 2434 eos
2371 2390 2656 2435 revocaret
2707 2379 2774 2432 ab
2805 2379 3112 2433 erroribus.
3183 2379 3255 2433 De
3279 2378 3554 2447 prmdicta:

1975 2473 2273 2526 Addiiionis
2307 2484 2551 2542 tempore
2585 2473 2663 2527 sic
2697 2473 2862 2526 habet
2894 2471 3040 2525 libro
3087 2488 3136 2525 Iv
3168 2457 3368 2526 Contra
3402 2470 3554 2524 Gm-

1973 2582 2094 2620 cos:
2132 2585 2149 2617 (
2187 2565 2398 2620 ludiCat
2425 2567 2571 2620 enim
2603 2575 2658 2620 et
2687 2565 2882 2620 beatus
2909 2565 3176 2619 Maximus
3225 2566 3276 2618 in
3313 2564 3550 2634 Epistula

1974 2653 2040 2707 ad
2077 2653 2344 2708 Marinum
2378 2674 2391 2711 :
2430 2657 2766 2708 Additionem
2803 2654 2962 2718 lianc,
3010 2670 3117 2708 non
3191 2655 3412 2724 quando
3450 2653 3552 2707 Ec-

1974 2749 2264 2801 clesiarum
2295 2748 2533 2802 scissura
2559 2749 2699 2802 facta
2735 2757 2838 2812 est,
2865 2747 2960 2802 sed
2992 2747 3151 2816 longe
3167 2757 3290 2801 ante
3309 2747 3550 2801 additam

1975 2855 2118 2906 esse,
2147 2848 2201 2893 et
2237 2840 2487 2896 fortassis
2520 2850 2647 2895 ante
2681 2856 2778 2894 sua
2806 2852 3073 2909 tempora.
3122 2839 3242 2894 Fuit
3271 2851 3452 2894 autem
3486 2855 3552 2893 eo

1977 2933 2246 3004 tempore,
2272 2951 2382 3006 quo
2398 2945 2547 2989 sexta
2569 2933 2814 3006 synodus
2831 2935 3065 2988 conflata
3095 2944 3196 2988 est.
3232 2935 3551 3004 Propterea.

1975 3028 2143 3080 rebus
2173 3027 2518 3095 urgentibus,
2543 3041 2665 3079 cum
2697 3025 2953 3096 quosdam
2984 3025 3340 3080 Occidentalis
3373 3025 3555 3084 Eccle-

1973 3118 2067 3170 sia:
2100 3117 2216 3173 haec
2242 3117 2413 3188 pestis
2443 3117 2707 3186 paulatim
2743 3132 2806 3171 ac
2865 3117 3068 3172 sensim
3098 3117 3388 3184 inliceret,
3415 3132 3550 3172 con—

273 3214 421 3283 Papa
455 3211 612 3265 urbis
644 3209 828 3264 Romae
853 3208 966 3263 Leo
990 3249 1004 3262 .
1042 3244 1058 3259 .
1093 3244 1108 3261 .
1142 3245 1156 3258 .
1193 3245 1206 3260 .
1239 3221 1344 3282 per
1379 3205 1666 3259 Turibium
1714 3214 1866 3257 ηοω·
1897 3229 1940 3286 c
1975 3211 2202 3265 veniens
2224 3210 2496 3283 synodus,
2525 3227 2588 3266 ex
2632 3209 2772 3264 Filio
2800 3212 2960 3264 etiam
2994 3209 3250 3281 Spiritum
3307 3223 3550 3267 sanctum

274 3305 424 3359 rium
449 3302 600 3357 sedis
621 3317 735 3356 sua:
764 3300 828 3354 ad
855 3299 1116 3370 synodum
1146 3295 1391 3352 Callicirc
1419 3305 1608 3351 contra
1633 3296 1858 3366 impiam

274 3395 616 3451 Priscilliani
642 3403 848 3448 sectam
887 3393 1091 3462 scripta
1122 3408 1219 3447 sua
1249 3391 1471 3446 direxit.
1507 3389 1678 3460 Cujus
1697 3392 1859 3443 etiam

274 3500 551 3558 praecepto
592 3486 1061 3548 Tarraconenses,
1131 3494 1189 3538 et
1235 3481 1698 3552 Carthaginienses
1747 3483 1860 3551 epi-

272 3585 454 3649 scopi,
497 3580 747 3635 Lusitani
776 3593 1016 3649 quoque,
1080 3585 1136 3630 et
1170 3575 1385 3639 Bmtici,
1458 3575 1598 3628 facto
1630 3577 1771 3628 inter
1799 3589 1857 3627 se

271 3674 534 3737 concilio,
558 3672 819 3743 Regulam
846 3670 969 3740 ﬁdei
1000 3680 1196 3724 contra
1229 3665 1635 3723 Priscillianam
1669 3667 1847 3720 hatre-

272 3769 404 3825 sim,
461 3782 587 3819 eum
644 3764 925 3833 aiiquibus
1001 3761 1259 3830 capitulis
1302 3760 1736 3821 conscribentes,
1791 3758 1858 3811 ad

269 3858 596 3914 Ball-ouium
623 3868 754 3912 tunc
785 3857 950 3927 hujus
977 3855 1235 3912 Ecclesiae
1269 3854 1623 3909 Bracarensis
1655 3869 1859 3922 praesu-

269 3952 383 4006 lem
410 3953 753 4006 dircxeruut.
797 3969 817 4001 ι
853 3949 1212 4004 Memoratum
1276 3947 1479 4002 Leonis
1517 3947 1690 4017 Magni
1723 3961 1858 4014 pra:-

268 4055 479 4114 ceptum
511 4044 711 4113 legitur
753 4047 805 4096 in
859 4042 1110 4112 ejusdem
1166 4042 1397 4111 epistola
1420 4041 1561 4110 apud
1596 4041 1861 4105 Quesuel-

268 4139 408 4191 lium
454 4136 544 4198 H.
575 4137 641 4190 ad
670 4153 877 4190 annum
912 4135 1015 4190 M7
1051 4135 1384 4204 pertinente,
1446 4134 1514 4186 ad
1557 4131 1859 4188 Turribiuut

267 4232 574 4298 episcopum
636 4229 1031 4283 Asturicensrm
1077 4227 1307 4291 directa,
1373 4242 1496 4296 qua:
1551 4227 1636 4280 liis
1673 4226 1858 4282 verbis

266 4323 550 4376 clauditur
578 4337 591 4374 :
638 4339 656 4370 σ
696 4321 957 4375 Dedimus
989 4321 1172 4389 itaque
1202 4319 1416 4374 litteras
1445 4319 1510 4373 ad
1541 4319 1758 4382 fratres,
1803 4328 1857 4372 et

266 4414 634 4482 αοει.ἰεςι›ροε
672 4422 890 4469 nostros
927 4411 1367 4474 Tarraconenses,
1397 4411 1854 4483 Cartltaginenses,

259 4505 586 4570 Lusitanos,
620 4515 776 4574 atque
796 4504 1064 4560 Gallicos:
1109 4506 1301 4572 eisque
1334 4506 1625 4558 consilium
1669 4505 1856 4576 synodi

1967 3303 2268 3374 procedere,
2304 3300 2563 3373 Symbolo
2596 3303 2837 3372 adjecit:
2871 3305 2937 3358 ad
2965 3304 3109 3374 quod
3146 3305 3375 3360 Romani
3409 3305 3556 3360 Pon-

1970 3398 2131 3452 tificis
2161 3395 2467 3453 suﬁecisset
2499 3397 2823 3461 auctoritas,
2888 3411 3012 3466 qua:
3078 3398 3244 3450 etiam
3304 3397 3551 3467 synodos

1969 3487 2208 3554 reliquas
2237 3487 2580 3541 corroborat.
2612 3505 2631 3538 ι

2039 3582 2258 3635 Sextum
2277 3580 2542 3649 synodum
2567 3581 2963 3635 meumenicam
2980 3595 3125 3635 anno
3147 3581 3251 3635 680
3270 3581 3551 3637 celebrare

1966 3683 2251 3740 creperum
2305 3673 2507 3726 Patres.
2571 3672 2752 3741 Longe
2810 3684 2957 3734 ante,
2991 3674 3202 3727 scilicet
3232 3689 3378 3728 anno
3422 3676 3551 3738 669.,

1968 3769 2074 3820 vita
2145 3767 2474 3836 migraverat
2532 3766 2857 3821 Maximus:
2921 3766 3014 3820 sed
3079 3769 3193 3837 ipse
3258 3768 3548 3824 Martinam

1966 3860 2165 3928 Papam
2190 3874 2333 3912 anno
2363 3859 2465 3913 649
2527 3859 2745 3928 impulit
2801 3859 2865 3913 ad
2899 3859 3293 3914 celebrandum
3327 3861 3551 3917 Laterao

1967 3966 2138 4005 nense
2205 3951 2470 4004 adversus
2533 3950 2920 4005 Monothelitas
3001 3952 3337 4008 C(Htt'llllllll:
3387 3955 3549 4024 eique

1967 4058 2206 4112 pra-scus
2239 4043 2431 4096 adluit.
2492 4042 2808 4097 Orationem
2861 4059 3015 4098 suam
3076 4061 3335 4115 perorare
3360 4056 3550 4102 contra

1965 4133 2186 4188 Graecos
2237 4137 2411 4204 pergit
2452 4134 2678 4192 Calceas
2730 4138 2968 4196 ibidem:
3007 4161 3023 4192 ι
3065 4141 3250 4211 Neque
3281 4159 3413 4198 sane
3441 4143 3549 4197 mi.

1966 4228 2221 4290 randum,
2261 4229 2568 4284 Romanum
2614 4233 2952 4303 episc0pum,
2983 4246 3265 4290 convocato
3295 4238 3548 4292 Occiden-

1963 4321 2154 4374 talium
2189 4323 2552 4394 episeoporum
2583 4325 2826 4388 concilio,
2885 4328 3015 4382 illud
3043 4329 3377 4387 decrevisae.
3411 4330 3546 4388 Nam

1967 4413 2012 4466 si
2055 4413 2352 4483 provinciae
2382 4429 2524 4484 saepe
2554 4417 2781 4486 singula:
2839 4422 3070 4476 concilia
3105 4423 3544 4489 celebraverunt,

1971 4506 2164 4574 eisque
2212 4509 2517 4562 auctoritas
2575 4511 2833 4579 derogata
2886 4529 2994 4566 non
3051 4525 3168 4570 est:
3208 4517 3382 4573 multo
3412 4535 3545 4574 sano

259 4599 534 4670 generalis
565 4599 890 4652 indiximus.
921 4599 998 4652 Ad
1030 4608 1137 4650 tua:
1186 4598 1500 4654 dilectionis
1527 4597 1850 4652 sollicitudi-
1891 4611 1930 4665 ι)
1963 4600 2137 4667 magis
2161 4599 2266 4654 hoc
2289 4600 2378 4654 ille
2430 4603 2608 4669 potuit
2640 4618 2765 4656 cum
2798 4605 3058 4660 omnibus
3092 4609 3301 4663 circum
3333 4627 3392 4665 se
3427 4612 3546 4681 epi-

258 4709 396 4746 nern
435 4692 758 4761 pertinebit,
793 4699 852 4746 ut
889 4701 1095 4746 nostra:
1122 4691 1490 4746 ordinationis
1548 4693 1850 4746 auctoritas

256 4786 330 4837 ait
369 4783 758 4852 praedictarum
792 4783 1203 4852 provinciarum
1229 4784 1522 4851 episcopos
1546 4781 1849 4838 deferatur.

255 4873 317 4929 Si
349 4884 537 4930 autem
570 4875 803 4944 aliquid,
840 4876 988 4946 quod
1018 4875 1197 4942 absit!
1240 4877 1522 4932 obstiterit
1552 4876 1851 4947 quominus

253 4969 441 5036 possit
475 4968 752 5023 celebrari
787 4968 1034 5039 generale
1056 4969 1360 5035 concilium,
1389 4969 1633 5026 Galiiciae
1652 4970 1848 5025 saltem

251 5062 314 5116 in
380 5077 552 5116 unum
587 5063 921 5117 conveniant
959 5063 1292 5124 sacerdotes.
1329 5082 1348 5114 ι

327 5155 488 5210 lianc
541 5155 792 5210 eamdem
838 5153 1098 5226 Regulam
1129 5153 1280 5224 ﬁdei.
1345 5171 1508 5226 quam
1562 5155 1848 5210 memorati

244 5247 507 5318 episcopi
545 5247 694 5302 inter
722 5262 781 5302 se
839 5249 1233 5303 convenientes
1274 5247 1589 5310 ediderunt,
1625 5247 1850 5304 exhibet

243 5339 535 5409 integram
576 5353 762 5413 sermo
792 5337 919 5398 129,
969 5339 1114 5394 inter
1168 5355 1266 5398 eos
1291 5339 1355 5394 de
1409 5351 1664 5411 tempore,
1711 5356 1850 5412 quos

243 5437 611 5501 Augustinus
635 5430 1017 5486 concinnavit.
1057 5431 1244 5486 Exstat
1267 5432 1321 5486 in
1367 5431 1617 5488 Paristna
1655 5445 1847 5488 mona-

242 5521 494 5576 chorum
527 5519 715 5577 Sancti
743 5520 918 5576 Mauri
938 5520 1187 5578 editione
1218 5521 1272 5575 in
1341 5520 1650 5592 appendice
1690 5539 1844 5580 num.

239 5613 387 5679 233,
455 5622 514 5668 et
558 5615 612 5668 in
666 5613 858 5668 codice
933 5629 1206 5670 canarium
1252 5614 1508 5671 Ecclesiae
1565 5617 1844 5680 Romanae,

239 5719 410 5761 num.
428 5703 524 5770 40,
550 5705 656 5761 sub
680 5703 841 5758 titulo
857 5705 1046 5760 Libelli
1069 5706 1353 5775 Augustini
1369 5705 1432 5760 de
1452 5706 1557 5774 ﬁde
1577 5708 1844 5762 catholica

238 5806 441 5855 contra
482 5814 662 5852 omnes
690 5799 934 5854 hereses.
963 5801 1022 5854 ιιι
1050 5799 1157 5855 isto
1185 5813 1408 5858 sanctus
1435 5801 1843 5871 Spiritusdici-

239 5898 343 5946 tur
401 5887 626 5943 aPatre
654 5891 985 5957 procedens:
1023 5891 1078 5947 in
1126 5892 1240 5959 illo,
1295 5910 1326 5945 a
1389 5889 1834 5965 PatreFilioque.

1958 4692 2161 4760 scopis,
2191 4694 2283 4761 qui
2311 4704 2497 4762 pastor
2535 4696 2772 4763 primus,
2799 4708 2855 4752 et
2900 4699 3154 4757 lict-.lesite
3185 4704 3356 4760 totius
3383 4706 3546 4762 Pater

1955 4793 2040 4836 est
2071 4821 2085 4836 .
2126 4823 2141 4838 .
2173 4822 2188 4838 ι
2236 4784 2294 4839 Si
2321 4787 2442 4854 quis
2475 4787 2946 4859 interroget,quid
2975 4803 3081 4845 srt:
3113 4797 3260 4862 quod
3285 4811 3409 4851 cum
3439 4800 3541 4854 ista

1957 4864 2158 4931 addilio
2190 4880 2410 4947 antiqua
2440 4881 2528 4946 sit,
2560 4896 2665 4935 non
2697 4882 2861 4936 etiam
2893 4883 2957 4935 ab
2983 4882 3338 4942 Orientalibus
3377 4890 3538 4962 Sym-

1956 4967 2084 5023 bolo
2135 4971 2342 5026 inserta
2385 4971 2458 5026 sit
2495 4991 2510 5028 :
2569 4975 2808 5043 primum
2859 4976 3322 5046 quidelmdebita
3355 4983 3543 5052 sul~jc~

1954 5061 2139 5118 etione
2195 5078 2261 5119 ac
2310 5067 2620 5121 reverentia
2681 5067 2932 5124 Romano
2989 5071 3243 5127 Pontiﬁci
3309 5076 3539 5148 ejusque

1955 5155 2214 5212 Ecclesia:
2246 5158 2479 5224 reddita,
2521 5159 2742 5216 nihilex
2771 5162 2885 5228 hoc
2916 5166 3002 5227 (ex
3029 5167 3330 5225 amissione
3369 5176 3539 5242 parti-

1953 5251 2093 5305 cula:
2135 5248 2428 5321 Filioque),
2467 5252 2520 5306 iu
2596 5253 2704 5310 llde
2763 5257 2848 5311 vel
2915 5257 3166 5324 diﬂ‘erre.
3227 5264 3312 5318 vel
3347 5275 3534 5320 contra

1954 5343 2163 5398 sentire
2207 5343 2546 5412 putabantur
2577 5381 2594 5398 .
2629 5383 2644 5396 .
2681 5384 2695 5398 .
2727 5337 3006 5406 .'Deinde
3036 5367 3264 5408 necesse
3289 5367 3397 5410 non
3432 5355 3540 5414 fuit

1954 5445 2160 5491 rectam
2226 5444 2284 5489 et
2321 5451 2622 5508 congruam
2658 5439 2928 5506 de'l’ilio,
2979 5453 3036 5499 et
3079 5459 3272 5504 saneto
3327 5447 3534 5520 Spiritu

1955 5527 2379 5598 intelligentiam
2422 5530 2716 5599 habentes,
2744 5551 2856 5590 cunt
2904 5538 3176 5595 addition
3229 5539 3536 5612 Symbolum

1953 5620 2142 5693 legere,
2162 5631 2250 5675 etc
2279 5659 2294 5672 .
2327 5663 2340 5676 .
2375 5666 2387 5676 .
2420 5661 2436 5676 .
2460 5623 2661 5694 Siquis
2680 5628 2924 5702 objiciat,
2973 5635 3534 5703 operttrisso'ﬂtaass
3571 5666 3573 5668 -

1951 5714 2114 5767 etiam
2139 5716 2654 5789 rocari,etSynodo
2681 5721 2749 5778 de
2801 5728 3072 5782 sententia
3103 5731 3352 5784 omnium
3384 5745 3534 5785 conr-

1951 5806 2240 5860 rnunicare
2270 5827 2283 5862 :
2324 5809 2562 5880 primum
2597 5814 2817 5885 quidem
2877 5835 2996 5872 cum
3031 5829 3160 5873 nota
3185 5823 3402 5875 omnino
3455 5839 3535 5876 re:

1950 5908 2080 5951 esset
2139 5901 2284 5970 (cum
2346 5905 2558 5962 scilicet
2615 5912 2896 5978 processio
2974 5912 3215 5983 Spiritus
3274 5914 3452 5971 sancti
3501 5935 3534 5971 ιι
