3830 6368
301 386 326 455 ξ
336 430 339 433 .

343 418 361 433 ,ο

414 424 477 455 PE?

427 452 483 484 δυ

1326 404 1651 473 GEOIIGII
1696 408 1947 470 CYPRII
1992 405 2106 467 (ΣΡ.
2138 401 2646 463 ΡΑΤΒΙΑΒΕΗΕ

3458 374 3467 381 ’
3513 396 3623 458 Τῖε)

308 546 315 553 ’
361 534 546 589 ~Patre
580 543 625 585 et
659 528 793 583 Filio
829 542 922 581 seu
975 541 1066 594 per
1099 520 1300 577 Filium
1340 522 1394 576 in
1426 538 1520 577 ore
1550 522 1661 593 jam
1698 538 1813 577 aevo
1854 519 1944 574 illo
1973 526 2023 586 Α
2049 517 2218 588 primo
2310 516 2520 586 quidem
2602 512 2945 567 consonantia
3006 509 3323 564 Latinorum
3394 508 3624 565 Patrum

378 630 523 682 foret.
548 625 771 681 Patrum
826 621 1145 678 Graecorum
1196 638 1259 677 ac
1314 622 1687 688 Latinorum),
1726 634 1948 673 necesse

378 736 485 772 non
545 715 673 779 fuit.
742 715 999 768 omnibus
1062 714 1203 768 hanc
1234 714 1596 768 conveniendi
1643 712 1947 765 molestiam

382 811 655 873 indicere,
718 817 843 862 etc.
884 847 895 859 .
935 846 947 859 .
974 845 986 859 .
1041 806 1175 860 Nam
1234 806 1280 859 si
1334 806 1592 871 (demum)
1627 802 1949 856 additionem

375 904 599 973 impiam
631 902 978 956 existimant:
1005 914 1101 953 cur
1125 899 1299 953 sancti
1332 897 1547 951 Maximi
1586 894 1945 963 temporibus,

378 1007 539 1065 atque
566 1005 689 1048 ante
719 995 886 1057 hunc,
918 992 1128 1061 quando
1148 990 1451 1061 Symbolum
1478 992 1551 1043 ita
1581 989 1751 1042 omnis
1801 986 1947 1041 Occi-

336 1102 343 1105 '
375 1088 605 1142 dentalis
639 1085 870 1139 Ecclesia
907 1083 1063 1154 175
1101 1082 1327 1153 legebat,
1382 1080 1581 1136 Oriens
1630 1088 1773 1133 totus
1812 1081 1949 1131 hanc

377 1179 713 1248 impietatem
764 1192 871 1230 non
904 1176 1205 1244 redarguit,
1248 1188 1428 1243 neque
1469 1172 1537 1226 ab
1572 1170 1813 1227 Ecclesia
1842 1169 1947 1223 Ro-

377 1285 536 1323 mana
566 1269 813 1324 abcissus
838 1281 917 1323 est
944 1268 967 1319 ?
995 1267 1063 1321 At
1092 1267 1145 1321 id
1183 1265 1400 1335 quidem
1429 1265 1503 1318 illi
1538 1278 1646 1318 non
1678 1263 1944 1317 iecerunt.

362 1360 497 1414 'Iino
531 1371 717 1414 coacta
777 1368 924 1412 sexta
959 1370 1014 1413 et
1060 1358 1285 1428 septima
1329 1354 1559 1426 synodo,
1588 1354 1946 1424 adjectionem

380 1453 521 1506 hanc
546 1462 603 1504 ut
644 1452 789 1520 piam
812 1450 1021 1519 liquido
1056 1448 1589 1518 comprobaverunt:
1620 1460 1797 1515 neque
1820 1446 1947 1513 quia

376 1545 555 1598 vocati
583 1561 692 1596 nun
735 1554 884 1605 sunt,
918 1543 1156 1611 graviter
1211 1542 1475 1595 tulerunt.
1533 1558 1550 1590 ι
1601 1539 1747 1594 Bona
1790 1540 1948 1591 tuista

374 1634 531 1688 malis
567 1633 784 1703 (lubens
807 1632 1025 1699 lateor),
1061 1632 1314 1701 propinat
1341 1631 1589 1687 Calceas.

368 1734 375 1743 ‘
454 1727 513 1779 In
555 1727 698 1780 hanc
745 1724 1033 1778 additionis
1066 1725 1380 1778 chronic-ant
1427 1733 1608 1777 notam
1641 1721 1948 1776 consentire

385 1819 600 1873 videtur
626 1816 865 1871 Joannes
897 1816 1389 1880 Beccus,oratione
1415 1814 1450 1867 2
1498 1815 1565 1869 de
1616 1813 1816 1885 injusta
1861 1813 1944 1865 sui

2054 610 2353 664 testimonia
2381 606 2713 677 protulerunt
2748 604 3021 674 (Romani,
3049 620 3186 673 quos
3216 604 3401 658 Romae
3427 619 3627 657 consu-

2055 703 2204 757 lebat
2240 700 2545 763 Masinms).
2575 708 2828 768 praderea
2862 697 3022 750 etiam
3061 696 3246 766 Cyrilli
3276 696 3626 750 Alexandrini

2053 794 2449 863 (testimonium
2499 791 2893 861 proferebant).
2953 788 3077 841 lla‘c
3124 789 3407 851 evincunt,
3455 789 3616 855 juxta

2054 884 2270 939 Maximi
2306 893 2563 948 mentem,
2591 892 2644 935 ct
2670 880 3052 935 auctoritatem
3081 880 3131 932 in
3161 894 3253 933 ore
3286 879 3621 947 scriptisque

2054 978 2373 1033 Latinorum
2432 975 2649 1029 Patrum
2692 973 2931 1042 Spiritus
2962 972 3138 1025 sancti
3195 972 3608 1040 processiouem

2051 1070 2233 1125 ellerri
2265 1084 2328 1123 ea:
2364 1067 2530 1121 Patre
2561 1064 2823 1135 Pilioque,
2866 1080 2927 1118 ac
2957 1064 3121 1117 etiam
3160 1062 3379 1118 Graecos
3427 1063 3617 1117 Patres

2052 1163 2367 1219 consentire
2396 1181 2407 1213 :
2444 1160 2667 1213 minime
2695 1169 2872 1211 tamen
2925 1157 2977 1210 in
3009 1155 3254 1226 Symbolo
3315 1157 3618 1208 Constantir

2053 1254 2365 1324 napolitano
2412 1252 2675 1320 adiectam
2706 1250 2806 1319 legi
2831 1248 3150 1319 particulam
3184 1244 3447 1315 Filioque.
3483 1248 3617 1300 Item

2050 1347 2399 1399 verissimam
2472 1343 2739 1396 Maximus
2813 1339 3107 1395 referebat.
3162 1337 3346 1393 Sancti
3418 1337 3615 1392 Leonis

2049 1437 2223 1508 Magni
2263 1446 2468 1492 textum
2500 1434 2754 1505 superius
2774 1434 3162 1502 descripsimus
3188 1447 3252 1483 ex
3280 1430 3520 1498 Epistula
3548 1410 3640 1482 ad.

2048 1530 2364 1585 Turrihium
2399 1529 2808 1583 Asturicensem
2842 1542 2986 1579 anno
3013 1524 3117 1579 447
3142 1525 3263 1576 data
3316 1540 3329 1575 :
3383 1520 3618 1590 Spiritus

2046 1636 2282 1688 sanctus,
2303 1622 2618 1694 inquientis,
2643 1623 2731 1691 qui
2754 1623 2815 1673 de
2836 1631 3057 1689 utroque
3072 1620 3339 1687 processit.
3360 1614 3613 1669 Consona

2052 1718 2216 1771 verba
2244 1716 2299 1770 in
2333 1731 2430 1770 sua
2458 1713 2657 1785 Regula
2679 1712 2805 1778 ﬁdei
2830 1713 3021 1765 eodem
3078 1726 3223 1764 anno
3256 1709 3617 1761 inseruerunt

2052 1809 2276 1878 Hispani
2305 1808 2589 1877 episL-opi:
2620 1803 2724 1858 Sed
2748 1821 2780 1858 a
2812 1802 2996 1863 Patre,
3018 1801 3337 1870 inquientis,
3368 1797 3615 1867 Filioque

376 1910 742 1980 depositione,
806 1923 958 1962 num.
1014 1911 1095 1963 ὃς
1151 1906 1320 1963 Veluti
1366 1908 1617 1979 primum,
1667 1906 1946 1974 inquiens,
1978 1897 2020 1950 Β
2051 1899 2354 1975 procedens.
2410 1899 2571 1950 Anno
2614 1895 2740 1957 52!.
2772 1894 2839 1948 ad
2871 1894 3146 1949 Justinuni
3190 1890 3471 1944 Senioreni
3501 1890 3617 1941 Au-

379 2000 817 2054 contradictionis
841 2000 1158 2070 principium
1193 1998 1257 2051 de
1287 1998 1552 2051 additione
1584 2004 1740 2049 (etate
1769 1994 1940 2048 sancti

384 2093 613 2147 Maximi
639 2094 974 2164 offendimus.
1002 2090 1297 2146 Annalium
1331 2105 1528 2160 parens
1558 2089 1849 2152 Baronius,
1872 2086 1937 2141 ad

375 2204 504 2241 ann.
557 2186 681 2250 680,
715 2202 870 2240 num.
897 2184 990 2249 5'2,
1015 2184 1093 2238 sic
1123 2184 1235 2238 ait:
1269 2200 1287 2234 ι
1326 2181 1387 2236 In
1422 2197 1485 2236 ea
1520 2197 1640 2250 qua:
1684 2195 1716 2234 a
1753 2167 1939 2234 saucia

375 2278 598 2351 Synodo
621 2278 887 2348 (Romana
931 2276 1034 2331 sub
1062 2275 1346 2345 Agathone
1396 2288 1534 2344 papa
1563 2274 1580 2342 )
1609 2275 1665 2326 in
1695 2270 1939 2343 synodali

374 2369 610 2439 cpistola
657 2368 940 2431 scribitur,
995 2366 1277 2422 catholica:
1300 2365 1430 2420 ﬁdei
1469 2365 1684 2419 sincera
1720 2362 1939 2418 confes-

372 2465 527 2519 sione
550 2468 694 2534 (qua:
722 2461 922 2531 legitur
942 2461 1161 2516 actione
1182 2458 1216 2514 6
1237 2457 1441 2530 Synodi
1465 2473 1517 2511 vr
1539 2458 1937 2525 meumenicae),

373 2558 549 2629 stylus
577 2555 882 2611 scribarum
913 2548 1148 2607 mendax
1190 2559 1452 2622 operatus
1485 2561 1569 2605 est
1616 2551 1934 2604 falsitatem.

372 2651 512 2704 Dum
547 2649 693 2704 enim
734 2648 807 2702 ibi
832 2647 1112 2717 legeretur
1139 2662 1154 2699 :
1182 2642 1457 2700 Credimus
1481 2650 1530 2696 et
1589 2643 1644 2695 in
1673 2639 1938 2713 Spiritum
1986 2690 1991 2699 .

367 2750 613 2795 sanctum
639 2738 943 2803 Dominum,
975 2747 1024 2791 et
1051 2736 1451 2805 oioiﬁcatorem,
1487 2749 1550 2788 ea:
1575 2731 1737 2787 Patre
1771 2732 1939 2787 Filio-

368 2850 466 2902 que
496 2833 861 2904 procedentem
884 2846 905 2896 ;
931 2830 1131 2884 abraso
1157 2828 1399 2891 nomine,
1434 2825 1698 2895 Filioque,
1722 2841 1753 2879 a
1777 2824 1937 2881 Patre

371 2926 757 2995 procedentem
786 2932 1022 2986 tantum,
1066 2922 1328 2981 relictum
1371 2928 1476 2973 est.
1536 2919 1760 2973 Detecta
1831 2917 1939 2973 fuit

364 3014 633 3087 ejusmodi
658 3015 956 3085 impostura
973 3011 1306 3081 Graecorum;
1338 3010 1393 3064 in
1438 3009 1659 3063 concilio
1704 3007 1936 3065 Floren-

356 3111 475 3164 ’tino
508 3125 539 3164 ιι
565 3108 785 3166 Juliano
809 3106 866 3161 S.
913 3106 979 3161 it.
1014 3105 1077 3159 E.
1108 3102 1375 3158 cardinali
1430 3101 1488 3157 in
1540 3103 1934 3173 disputatione,

365 3216 528 3271 quam
560 3201 756 3255 habuit
776 3209 968 3254 contra
998 3195 1240 3253 GfiBCOS.
1270 3214 1289 3249 ι

439 3296 709 3363 Deceptus
764 3292 882 3345 haec
917 3288 1414 3345 narratBaronius.
1444 3287 1506 3342 In
1534 3287 1744 3358 synodo
1803 3285 1930 3341 Flo-

368 3387 583 3440 rentina
618 3383 868 3439 sessione
892 3382 945 3446 5,
972 3391 1095 3451 post
1116 3383 1251 3436 alias
1278 3381 1607 3437 constitutas
1633 3394 1751 3435 sevo
1772 3394 1933 3449 supe-

366 3478 500 3530 riori
526 3476 857 3544 deﬁnitiones
882 3477 1027 3541 ﬁdei,
1052 3489 1115 3529 ea
1138 3476 1305 3530 etiam
1340 3475 1604 3539 refertur,
1629 3487 1790 3543 quam
1813 3472 1930 3526 edi-

372 3567 502 3620 dere
535 3565 725 3620 Patres
764 3564 818 3617 in
848 3568 1046 3634 synodo
1075 3566 1320 3633 septima,
1350 3578 1441 3616 seu
1465 3560 1599 3616 Nica
1614 3577 1683 3614 na
1699 3562 1932 3615 secunda

366 3659 708 3712 treatmenica.
738 3657 792 3710 In
816 3656 881 3710 At
899 3657 966 3709 tis
1014 3656 1129 3709 haec
1157 3655 1464 3708 habentur:
1499 3672 1519 3704 ι
1582 3653 1653 3704 Ea
1688 3653 1932 3707 deﬁnitio

368 3767 492 3803 cum
532 3769 562 3803 ει
607 3750 767 3803 nobis
800 3748 1145 3812 recitaretur,
1176 3746 1425 3816 prolatus
1451 3755 1533 3801 est
1569 3747 1711 3801 alter
1761 3746 1933 3801 codex

366 3860 395 3896 a
433 3843 641 3898 Latinis
695 3842 952 3909 antiquus
1002 3840 1429 3909 tnanuscriptus,
1486 3839 1543 3894 in
1597 3855 1707 3909 quo
1741 3839 1933 3894 eadem

362 3937 533 4006 hujus
569 3935 761 4005 synodi
789 3933 1039 3987 delinitio
1070 3931 1479 3985 continebatur.
1533 3931 1934 3999 Inventumque

366 4037 473 4092 est,
528 4028 620 4081 ubi
663 4029 728 4080 de
777 4026 1016 4094 Spiritus
1064 4022 1242 4077 sancti
1289 4022 1577 4078 divinitate
1612 4023 1815 4092 agitur,
1867 4022 1935 4077 iis

367 4120 551 4175 verbis
576 4134 639 4173 es:
668 4118 829 4173 Patre
845 4114 1240 4187 'procedenlem,
1271 4117 1516 4171 additum
1548 4124 1598 4168 et
1625 4131 1689 4169 ex
1716 4113 1877 4170 Filio.
1908 4134 1928 4169 ι

368 4211 506 4267 Iliuc
554 4220 702 4265 mota
743 4208 960 4264 Gnaeos
1012 4210 1156 4263 inter
1191 4216 1246 4263 et
1285 4206 1511 4262 Latinos
1540 4208 1933 4262 controversia.

366 4304 619 4361 Julianus
670 4302 735 4358 S.
783 4301 849 4356 It.
909 4300 972 4354 E.
999 4300 1290 4355 cardinalis
1311 4302 1426 4353 haec
1451 4301 1515 4354 ad
1548 4299 1934 4369 imperatorem

369 4397 565 4451 habuit
589 4396 752 4450 verba
780 4413 792 4448 :
828 4412 845 4445 ι
876 4392 1237 4448 Serenissime
1261 4393 1578 4460 imperator,
1606 4392 1876 4461 prolatum
1906 4407 1938 4447 a

367 4490 533 4544 nobis
565 4486 878 4559 Symbolum
901 4485 957 4537 in
981 4484 1204 4553 septima
1224 4487 1450 4553 synodo,
1476 4484 1745 4553 scriptum
1776 4491 1861 4537 est
1882 4485 1938 4539 in

367 4578 739 4635 vetustissimo
769 4574 993 4630 codice:
1023 4582 1081 4628 et
1113 4573 1451 4642 impossibile
1500 4584 1592 4627 est
1642 4575 1933 4642 suspicari,
1969 4605 2012 4658 ι)

366 4675 607 4744 aliquam
647 4673 702 4724 in
736 4684 805 4723 eo
842 4668 1036 4722 factam
1076 4680 1195 4721 esse
1223 4667 1602 4719 mutationum.
1642 4682 1662 4718 ι
1726 4666 1938 4735 Ageba-

368 4777 458 4819 tur
520 4777 651 4833 ergo
687 4760 755 4815 de
794 4757 1057 4829 Symbolo
1099 4755 1740 4825 Constantinopolitano,
1783 4755 1932 4825 quod

372 4858 638 4908 insertum
673 4852 870 4920 legitur
896 4848 1203 4904 deﬁnitioni
1228 4848 1415 4918 synodi
1444 4848 1679 4916 septimis
1709 4863 1935 4902 acume-

365 4947 520 5006 nicw,
541 4957 649 4996 non
669 4950 849 4994 δαείω.
870 4939 981 4994 Hac
998 4939 1065 4993 de
1087 4954 1145 4991 re
1168 4938 1366 4992 iterum
1389 4940 1568 5005 capite
1594 4939 1929 5008 inseQuenti.

367 5033 661 5090 auditione
692 5048 867 5103 porro.
891 5030 980 5085 illa
1002 5039 1152 5083 caret
1171 5032 1224 5083 in
1249 5029 1610 5085 conciliorum
1636 5028 1933 5084 Collectio—

357 5128 535 5199 ‘nibus
568 5126 816 5181 deﬁnitio
869 5136 1044 5200 sexta}.
1084 5125 1298 5193 synodi.

438 5222 673 5274 Auctqu
731 5231 864 5270 voce
924 5216 1034 5279 illa,
1098 5217 1274 5271 sancti
1329 5217 1546 5272 Maximi
1597 5218 1929 5273 confessoris

364 5321 547 5375 aetate,
577 5306 881 5379 Symbolum
930 5305 1629 5379 Constantinopolitanum,‘
1658 5323 1769 5363 non
1834 5325 1934 5379 ego

368 5402 708 5458 admiserim.
750 5400 826 5453 Ex
884 5399 1002 5468 ejus
1054 5401 1285 5470 epistola
1349 5400 1417 5455 ad
1448 5399 1720 5454 Marinum
1761 5398 1929 5470 Cypri

369 5495 749 5565 presbyterum
820 5493 1011 5560 utique
1066 5502 1301 5553 constat,
1374 5492 1757 5547 Monothelitas
1792 5492 1937 5548 Con-

370 5582 884 5652 stantinopolitanos
906 5582 961 5634 in
984 5597 1051 5636 eo
1080 5584 1247 5636 etiam
1283 5582 1591 5636 Romanqu
1617 5585 1934 5651 pontiﬁcem

369 5677 823 5750 reprehendisse:
857 5678 994 5747 quod
1029 5678 1188 5747 176
1237 5679 1452 5753 dixerit.
1492 5678 1753 5747 Spiritum
1809 5696 1935 5734 san-

367 5782 507 5827 ctum
552 5772 707 5825 etiam
768 5784 830 5824 ea:
891 5767 1029 5822 Filio
1074 5771 1369 5839 procedere.
1427 5770 1582 5835 Quod
1640 5771 1937 5839 impactum

368 5866 575 5925 crimen
632 5864 747 5934 ipse
804 5860 1075 5927 Maximus
1131 5861 1215 5915 his
1274 5861 1536 5916 aniolitur
1596 5862 1811 5931 verbis;
1869 5862 1938 5916 Et

2042 2005 2257 2066 gustum
2288 1990 2581 2058 scripserat
2628 1988 2945 2043 Hormisdas
2973 1986 3114 2056 Papa
3149 1980 3615 2049 decretalcnu-pi-

2039 2088 2397 2154 stolam,qua:
2438 2084 2492 2137 in
2542 2081 2969 2138 Collectionibus
3007 2078 3361 2133 comiliorum
3423 2090 3615 2130 nume-

2040 2189 2193 2235 ratur
2229 2179 2316 2242 79,
2352 2178 2407 2230 in
2455 2191 2629 2246 eaque
2686 2176 2801 2229 haec
2859 2173 3152 2235 habentur,
3188 2187 3310 2241 quae
3349 2188 3377 2223 a
3417 2172 3610 2224 Graeco

2039 2273 2391 2342 imperatore,
2416 2269 2726 2338 Gr'ecisque
2746 2267 2868 2321 aliis
2897 2266 3121 2320 minime
3142 2268 3470 2333 reprehensa
3490 2264 3612 2317 iue-

2040 2378 2196 2423 runt:
2218 2366 2497 2437 Proprium
2522 2365 2752 2433 Spiritus
2770 2363 2938 2416 sancti
2954 2373 3051 2426 est,
3072 2368 3128 2413 ut
3143 2362 3205 2414 de
3226 2358 3385 2437 Patre
3398 2367 3446 2411 et
3466 2354 3610 2410 Filio

2042 2434 2337 2527 procederet
2355 2455 2448 2510 sub
2469 2470 2571 2509 una
2591 2455 2883 2509 substantia
2904 2453 3142 2506 Deitatis.
3164 2452 3220 2505 In
3245 2434 3367 2505 ﬁdei
3386 2446 3610 2521 quoque

2039 2549 2403 2619 professione,
2438 2564 2599 2618 quam
2633 2561 2858 2602 sanetus
2876 2545 3174 2614 Gregorius
3206 2545 3433 2615 Magnus
3462 2558 3610 2598 anno

2040 2641 2165 2707 590,
2188 2642 2245 2696 in
2295 2642 2528 2696 solemni
2558 2658 2669 2696 sua:
2705 2639 3149 2709 inaugurationis
3184 2639 3289 2691 ritu
3323 2639 3606 2699 emiserat,

2039 2736 2156 2791 haec
2173 2737 2444 2791 habentur
2470 2736 2611 2805 apud
2632 2735 2895 2790 Joannem
2918 2735 3213 2789 Diaconqu
3244 2735 3301 2788 in
3329 2734 3446 2803 ejus
3464 2731 3609 2789 Vita:

2038 2828 2300 2898 Spiritum
2325 2844 2445 2882 vero
2469 2840 2840 2895 sanctum,nec
2865 2830 3098 2899 genitum
3122 2869 3136 2891 ,
3164 2842 3266 2881 nec
3295 2827 3609 2897 ingenitum,

2037 2922 2128 2975 sed
2168 2932 2509 2985 coreternum,
2574 2921 2638 2975 de
2692 2921 2850 2975 Patre
2895 2931 2944 2974 et
2996 2918 3136 2974 Filio
3208 2926 3603 2991 procedentem.

2110 3013 2391 3087 Synodum
2452 3027 2790 3070 convocasse
2885 3011 3188 3067 Βυιιιιιιιυιιι
3257 3013 3604 3075 Ρυηιιιίεειιι,

2040 3107 2252 3163 invehit
2284 3107 2544 3163 Calecas:
2592 3108 2647 3161 in
2686 3121 2860 3176 eaque
2916 3106 3114 3162 factam
3150 3107 3473 3160 auditionem
3533 3092 3604 3161 ad

2040 3199 2348 3270 Symbolum
2365 3197 3035 3267 Conslutttinopolitanum,
3064 3197 3251 3251 refert.
3277 3196 3419 3252 Loco
3434 3196 3607 3253 citato

2038 3307 2106 3347 ex
2141 3293 2259 3363 ejus
2291 3291 2429 3345 libro
2456 3306 2507 3344 tv
2529 3289 2730 3344 Contra
2759 3288 2966 3345 Gra'cos
2996 3290 3134 3343 hanc
3172 3291 3415 3343 noxninat
3442 3305 3611 3361 syno-

2039 3383 2193 3446 dum,
2225 3384 2510 3453 inquiens:
2543 3382 2878 3452 Quapropter
2910 3382 3296 3452 Damasus,qui
3343 3393 3468 3435 tunc
3493 3391 3610 3438 erat

2038 3475 2305 3530 Romanus
2336 3475 2624 3543 episcopus,
2657 3482 2834 3526 coacto
2858 3474 3100 3537 concilio,
3130 3473 3374 3544 Symbolo
3387 3473 3608 3542 adjecit,

2040 3584 2104 3622 ea:
2133 3565 2264 3620 Filio
2290 3566 2566 3631 procedere
2598 3563 2853 3634 Spiritum
2904 3576 3169 3618 sanctum.
3223 3565 3609 3621 Eeclesiastica

2042 3671 2350 3730 repugnant
2376 3664 2708 3713 documenta
2762 3667 2939 3725 certa,
2974 3673 3093 3728 qua:
3119 3659 3295 3729 capite
3321 3665 3608 3731 superiore

2040 3751 2400 3822 expendimus
2445 3768 2598 3806 num.
2626 3753 2679 3807 i.

2553 3867 2709 3937 177
2742 3866 2963 3923 CAPUT
2998 3868 3088 3923 IV.

2044 3977 2436 4049 Hispaniarum
2485 3979 2733 4033 Ecclesia:
2768 3991 2914 4033 sexto
2957 3980 3150 4035 srrculo
3185 3984 3609 4042 additamentum

2115 4055 2184 4125 ad
2233 4051 2535 4121 Symbolum
2592 4050 3233 4125 Constantinopolitanum
3288 4059 3543 4125 recipiunt
3584 4073 3611 4114 :

2113 4122 2389 4189 ipsumque
2420 4136 2607 4172 canere
2637 4131 2903 4187 creperum
2939 4127 3075 4173 inter
3108 4122 3611 4181 illissarum'solem-

2115 4192 2226 4244 nia.
2274 4190 2335 4243 Id
2371 4194 2533 4242 etiam
2574 4190 2768 4243 saculo
2813 4202 2996 4243 octavo
3034 4194 3098 4243 ab
3133 4194 3379 4247 Ecclc-siis
3432 4197 3612 4252 Calli-

2117 4263 2263 4315 canis
2298 4261 2497 4329 factum
2527 4276 2543 4312 :
2575 4276 2734 4311 causa
2766 4263 3045 4329 etroccasio
3077 4267 3379 4327 exhibetur,
3425 4268 3605 4320 uindi-

2117 4328 2324 4403 cia’que
2350 4332 2652 4403 aﬂeruttlur
2692 4328 2916 4403 Paulini
2943 4332 3317 4403 Aquileiensis.
3354 4337 3608 4403 lle/initio

2116 4400 2325 4453 concilii
2364 4400 2568 4453 Nicmni
2598 4416 2632 4452 ιι
2665 4401 2969 4452 tecumeuici
3008 4407 3319 4469 expenditur
3346 4421 3366 4457 :
3400 4400 3463 4458 ac
3498 4406 3613 4459 Ba-

2117 4471 2257 4523 ronii
2296 4482 2500 4522 asserta
2531 4475 2776 4537 quardam
2818 4470 3156 4538 rejelluntur.
3190 4476 3266 4524 Ab
3293 4484 3472 4527 eodem
3499 4477 3615 4529 Ad-

2119 4541 2410 4592 ditamento
2454 4540 2690 4592 alienant
2728 4555 2783 4592 se
2814 4543 3012 4608 prwbel
3053 4543 3286 4595 Ecclesia
3318 4543 3561 4600 lionuma
3593 4563 3611 4601 :

2113 4609 2427 4663 Collationis
2456 4619 2576 4661 acta
2608 4625 2724 4660 cum
2760 4608 2930 4660 Leone
2968 4610 3054 4663 Ill
3087 4613 3449 4666 illustrantur.
3485 4616 3604 4670 lmo

2105 4696 2269 4749 neque
2312 4679 2620 4749 Symbolum
2677 4680 2777 4731 hac
2826 4688 2984 4732 wtate
3037 4686 3091 4733 in
3139 4686 3321 4736 eadem
3361 4683 3607 4739 Romana

2104 4751 2339 4804 Ecclesia
2374 4760 2468 4803 aut
2499 4749 2808 4812 cauebatur,
2838 4760 2930 4802 aut
2956 4750 3227 4821 legebatur
3257 4758 3310 4807 in
3333 4753 3606 4824 Liturgiu.

2120 4861 2162 4915 I.
2206 4858 2574 4914 Particulares
2611 4855 2869 4911 Ecclesia:
2916 4858 3093 4923 fuere,
3136 4874 3259 4928 quae
3293 4861 3347 4915 in
3378 4862 3613 4931 synodis

2037 4954 2153 5008 suis
2178 4967 2276 5022 pro
2307 4957 2616 5019 temporum
2650 4950 3085 5004 circumstantiis
3110 4950 3401 5006 adversum
3426 4952 3611 5008 haere-

2038 5059 2127 5099 ses
2183 5042 2550 5112 particulam,
2603 5039 2892 5110 Filioque,
2950 5041 3285 5097 addiderunt
3343 5043 3609 5114 Symbolo

2034 5131 2655 5201 ConstantinOpolitano
2687 5148 2701 5184 :
2738 5131 2886 5201 quod
2928 5131 3109 5185 etiam
3141 5146 3311 5185 saera:
3345 5132 3611 5206 Liturgia:

2038 5230 2249 5291 partem
2298 5219 2502 5274 fecere.
2538 5219 2717 5274 Prima
2760 5219 2914 5272 adest
2946 5216 3189 5287 synodus
3232 5217 3487 5273 Toletana
3521 5238 3607 5288 Ill,

2035 5329 2183 5367 anno
2210 5313 2318 5371 589
2351 5312 2628 5367 celebrata
2665 5331 2678 5365 :
2712 5314 2766 5366 in
2797 5328 2902 5381 qua
2938 5311 3090 5365 Gothi
3114 5350 3129 5377 ,
3170 5311 3388 5366 Arianae
3432 5314 3609 5368 luere-

2036 5420 2149 5459 seos
2167 5404 2394 5475 perﬁdia
2417 5404 2691 5473 abjurata,
2710 5403 3059 5457 orthodoxam
3078 5402 3236 5471 [idem
3262 5405 3607 5473 proﬁtentur.

2041 5499 2388 5554 Ileccaredus
2419 5514 2513 5551 res
2549 5500 2660 5552 lato
2692 5508 2952 5551 sermone
2975 5499 3240 5566 synodum
3267 5498 3467 5566 aperit.
3499 5498 3610 5553 Do;

2041 5599 2219 5657 gniata
2256 5586 2384 5640 ﬁdei
2426 5586 2739 5656 proﬁtetur,
2777 5603 2845 5639 ac
2876 5586 3024 5639 inter
3049 5584 3155 5637 alia
3185 5583 3446 5655 Spiritum
3472 5592 3610 5643 sané

2039 5691 2180 5733 clunt
2212 5696 2245 5732 α
2294 5679 2458 5733 Putre
2488 5688 2536 5729 et
2570 5677 2714 5731 Filio
2739 5679 3046 5742 procedere,
3090 5686 3140 5729 et
3190 5694 3309 5731 cum
3342 5680 3507 5733 Patre
3554 5690 3609 5735 et

2041 5771 2183 5826 Filio
2218 5773 2374 5826 unius
2409 5788 2518 5827 esse
2557 5772 2887 5825 substantite.
2936 5770 3154 5825 Nic-aena
3201 5773 3445 5843 Syznbnli
3491 5778 3610 5830 fore

2043 5865 2188 5919 mula
2235 5867 2517 5918 recitatur.
2551 5862 2787 5917 Additur
2815 5858 3120 5930 Symbolum
3166 5866 3612 5930 Constantinoooo
