3852 6534
279 445 394 521 1:7‘.

1410 461 1604 523 VITA.
1649 487 1719 499 --
1759 459 2260 521 DlSSERTATiO
2304 457 2417 519 IL.

3415 445 3548 510 ιτς.

275 569 533 637 litnmtm,
563 574 623 631 in
658 589 768 644 quo
794 573 1009 631 additio
1045 575 1186 631 facta
1217 576 1419 646 legitur
1449 595 1462 629 :
1497 575 1773 631 Credimus
1806 581 1854 628 et
1887 585 1930 641 Α
1961 583 2052 628 ιιιι·
2089 588 2242 626 num.
2279 571 2348 626 26
2373 613 2386 635 ,
2416 571 2585 626 verba
2627 579 2757 626 sunt
2785 585 2802 628 :
2842 591 2859 624 ι
2897 570 3108 626 Diresit
3153 567 3313 626 nobis
3344 568 3530 623 excel-

271 664 327 716 in
365 661 626 734 Spiritum
667 675 916 720 sanctum
953 667 1236 722 Dominum
1270 675 1318 721 et
1349 665 1759 733 viri/icatorem,
1786 679 1850 718 ea:

277 755 445 810 Patre
470 767 520 810 et
547 757 688 813 Filio
717 761 1108 830 procedentem,
1138 777 1255 814 cum
1291 760 1454 815 Patre
1482 768 1530 812 et
1556 757 1700 812 Filio
1725 759 1854 811 ado«

274 852 532 909 randum,
560 862 612 904 et
641 851 1070 922 gloriﬁcandunt.
1109 853 1200 922 qui
1244 853 1446 906 locutus
1484 860 1559 906 est
1598 867 1691 922 per
1731 867 1854 919 pro-

275 940 486 1008 phetas.
538 942 762 996 Canntte
807 943 864 1004 5,
905 944 1192 998 anathema
1265 944 1506 1004 dicitur,
1550 945 1846 1011 quicunque

275 1030 534 1094 Spiritum
561 1051 808 1088 sanc-um
845 1052 950 1088 non
982 1036 1188 1099 credit,
1235 1043 1330 1089 aut
1361 1051 1464 1087 non
1497 1034 1783 1086 crediderit
1821 1049 1854 1085 a

283 1123 446 1177 Putre
487 1135 536 1176 et
585 1123 724 1179 Filio
756 1127 1036 1194 procedere
1060 1167 1074 1191 ,
1102 1143 1324 1195 eumque
1371 1142 1476 1178 non
1515 1125 1728 1188 dixerit,
1765 1141 1854 1178 co-

277 1229 534 1270 aternum
563 1233 675 1270 esse
705 1217 856 1272 Patri
873 1227 920 1271 et
949 1216 1108 1280 Filio,
1139 1227 1188 1272 et
1218 1215 1562 1288 coirqualem.
1600 1215 1725 1270 Hzee
1755 1231 1856 1269 nos

274 1307 479 1362 docent
517 1308 774 1376 Ariauos,
819 1309 913 1378 qui
944 1311 1077 1380 iugo
1127 1324 1230 1363 suo
1269 1307 1558 1378 Hispanias
1595 1305 1858 1363 subdide-

279 1408 420 1450 rant.
457 1399 621 1462 impia
654 1407 1000 1464 commenta,
1053 1415 1177 1468 qtne
1223 1409 1415 1455 contra
1447 1397 1854 1454 sanctissimam

277 1490 615 1544 Trinitatem
655 1491 970 1546 didicerant
999 1492 1052 1546 in
1089 1491 1341 1556 Oriente,
1373 1491 1508 1546 illuc
1542 1490 1857 1546 transtulis-

275 1597 356 1640 se.
403 1580 682 1650 ﬁdumque
721 1583 1046 1638 catholicam
1101 1583 1353 1652 pluribus
1419 1580 1651 1636 invectis
1694 1596 1856 1635 erro-

277 1675 440 1726 ribus
485 1667 873 1732 labelactasse.
925 1676 1336 1732 Proeessionem
1398 1675 1638 1746 Spiritus
1678 1673 1855 1729 sancti

277 1782 342 1819 ea:
372 1768 487 1820 solo
525 1767 690 1822 Patre
725 1769 1128 1838 proﬁtebantur
1158 1769 1238 1824 illi
1293 1788 1307 1824 :
1344 1768 1492 1840 quod
1535 1767 1858 1824 habuerunt

277 1859 508 1927 Hispani
544 1859 738 1916 Patres
773 1878 874 1931 pro
909 1863 1078 1932 impio
1113 1863 1390 1930 dogmate.

1953 665 2136 720 lentia:
2165 672 2364 719 vestra:
2397 662 2787 720 Christianitas
2815 703 2831 728 ,
2875 662 3192 734 signiﬁcans
3239 659 3309 726 de
3340 659 3526 714 missis

1955 757 2182 818 nostris.
2231 755 2542 826 vestrisque
2569 795 2584 818 ,
2622 765 2782 828 atque
2814 753 3255 843 Gracorum‘qui
3287 767 3320 807 a
3375 751 3528 821 regia

1957 849 2095 904 urbe
2135 848 2342 904 reversi
2373 857 2521 916 sunt,
2555 863 2652 903 eos
2681 848 2825 919 apud
2860 863 2956 902 vos
2984 861 3106 902 esse
3126 841 3412 900 'detentos.
3441 841 3527 896 ln-

1959 940 2120 994 terim
2171 939 2316 1010 quod
2369 937 2675 1011 aggregatis
2707 939 2910 992 vestris
2943 935 3327 992 sacerdotibus
3360 946 3527 1004 atque

1957 1033 2357 1104 optimatibus,
2405 1032 2679 1102 conjicere
2713 1047 2810 1086 seu
2863 1041 3184 1101 perpetrare
3242 1027 3470 1083 valeatis
3514 1045 3525 1078 :

1957 1125 2086 1192 quid
2115 1125 2181 1177 de
2211 1124 2315 1190 bis,
2345 1139 2467 1194 quae
2492 1124 2648 1178 vobis
2672 1123 2881 1178 directa
2907 1131 3054 1187 sunt,
3081 1117 3524 1189 respondenduin

1959 1217 2051 1272 sit.
2092 1215 2158 1272 Et
2188 1219 2410 1288 quidem
2443 1218 2608 1274 nobis
2634 1217 2737 1271 hac
2767 1215 2835 1270 de
2867 1229 2924 1270 re
2951 1215 3111 1268 aliter
3137 1211 3525 1267 conﬁdendum

1959 1325 2067 1363 non
2102 1319 2187 1363 est
2232 1326 2262 1364 a
2315 1309 2468 1365 vobis
2505 1309 2850 1379 responderi,
2893 1309 2997 1362 nisi
3045 1322 3166 1377 quae
3209 1306 3277 1360 ad
3315 1304 3527 1360 exalta-

1960 1401 2158 1454 tionem
2195 1411 2565 1458 sacrosanctae
2595 1401 2863 1472 spiritalis
2893 1399 3082 1455 Matris
3113 1406 3308 1454 vestra:
3338 1396 3534 1452 Romu-

1961 1508 2044 1546 na
2076 1491 2326 1546 Ecclesia:
2348 1534 2364 1558 ,
2397 1503 2558 1562 atque
2593 1492 2909 1548 Ortltodoa‘tc
2939 1489 3091 1545 Fidei
3127 1491 3402 1560 pertinere
3435 1505 3533 1540 no-

1961 1594 2214 1640 seuntur.
2271 1603 2288 1634 ι
2359 1583 2674 1654 Legationis
2724 1593 2890 1654 caput
2943 1583 3180 1638 alterum
3248 1581 3535 1651 spectabat

1960 1671 2132 1727 ltalite
2180 1675 2434 1743 regiones
2475 1690 2504 1728 a
2551 1675 2748 1745 Pipino
2781 1674 3040 1728 Romana:
3084 1672 3344 1727 Ecclesiae
3373 1675 3534 1726 attri-

1962 1765 2142 1818 bulas.
2195 1765 2492 1833 Spectabat
2535 1765 2770 1820 alterum
2816 1765 3014 1836 dogma
3069 1765 3416 1846 prqcessic’nis
3473 1781 3535 1816 ω·

1967 1855 2127 1911 Patre
2171 1854 2440 1927 Filioque.
2479 1857 2596 1913 Ado
2651 1857 2978 1913 \‘iennensss
3027 1859 3080 1910 in
3129 1857 3404 1910 Chronico
3458 1858 3536 1910 sic

345 1949 610 2020 Capitulo
652 1967 688 2006 ιι
740 1955 852 2008 haec
880 1955 1181 2009 constituta
1215 1955 1479 2024 leguntur
1518 1971 1533 2010 :
1570 1975 1596 2010 ς
1620 1955 1729 2010 Pro
1762 1969 1854 2008 re-
1889 1935 1930 1990 Β
1958 1950 2036 2004 ait
2072 1969 2085 2004 ε
2115 1949 2287 2005 Facta
2318 1957 2395 2004 est
2419 1950 2655 2021 synodus
2697 1968 2838 2006 anno
2871 1951 3271 2006 Incarnationis
3323 1949 3535 2002 Domim

275 2047 532 2098 verentia
557 2045 926 2100 sanctissimae
971 2047 1121 2114 ﬁdei,
1146 2056 1204 2104 et
1229 2057 1460 2120 propter
1487 2050 1861 2104 corroborau-

274 2133 380 2187 das
414 2134 706 2190 hominum
738 2137 1004 2192 invalidas
1045 2147 1281 2206 mentes,
1316 2140 1574 2195 consultu
1614 2139 1856 2210 piissimi

275 2231 335 2277 et
383 2224 774 2292 gloriosissimi
827 2226 1042 2282 Domini
1099 2229 1275 2284 nostri
1323 2228 1629 2285 Beeearedi
1676 2229 1858 2298 regis,

277 2328 469 2370 sancta
501 2319 796 2373 constituit
829 2321 1072 2391 synodus
1098 2360 1114 2384 ,
1141 2329 1200 2376 ut
1225 2337 1324 2390 per
1351 2337 1552 2376 omnes
1586 2320 1861 2376 Eeclesias

277 2405 562 2476 Hispania:
586 2451 602 2474 ,
636 2411 724 2465 vel
760 2411 1020 2466 Gallacite
1069 2413 1162 2479 (al.
1199 2413 1390 2468 Galliae
1413 2455 1428 2479 ,
1470 2396 1686 2468 scilicet
1717 2413 1862 2468 Nar-

274 2502 596 2570 bonensis),
649 2505 936 2559 secundum
989 2507 1220 2576 formam
1271 2505 1623 2560 Orientalium
1682 2505 1861 2560 Eccle-

272 2595 512 2655 siarum.
541 2595 764 2650 concilii
792 2595 1418 2667 Constantinopolitani,
1450 2602 1559 2654 hoc
1588 2599 1750 2670 178
1775 2607 1862 2654 est

277 2689 386 2744 150
433 2691 830 2760 episcoporum
885 2688 1192 2760 Symbolum
1239 2692 1367 2760 ﬁdei
1418 2693 1684 2748 recitetur
1733 2708 1748 2746 :
1801 2701 1862 2748 ut

277 2786 612 2853 priusquam
657 2783 944 2838 Domi-nica
977 2785 1196 2840 dicatur
1231 2787 1430 2850 oratio,
1466 2801 1601 2841 voce
1628 2785 1796 2853 clara,
1829 2801 1860 2841 a

279 2877 493 2944 populo
533 2875 864 2930 deeantetur
887 2893 901 2942 ;
927 2892 1039 2946 quo
1069 2886 1124 2931 et
1172 2878 1310 2932 ﬁdes
1344 2893 1470 2933 vera
1507 2878 1859 2933 manifestum

280 2967 672 3021 testimonium
723 2968 942 3022 habeat.
989 2987 1012 3028 ι,
1045 2968 1367 3041 Symbolum
1415 2970 1662 3040 intellige
1693 2969 1864 3040 parti-

275 3060 404 3114 cula
447 3057 700 3128 Filioque
756 3061 1074 3116 adauctum.
1125 3061 1278 3118 lianc
1337 3061 1676 3116 additionem
1725 3062 1862 3118 reti-

275 3167 480 3216 nuere,
517 3168 582 3206 ae
617 3164 990 3223 propagarnnt
1027 3153 1336 3224 Hispanicae
1367 3155 1690 3225 sequiorem
1721 3164 1860 3208 temo

1963 2041 2089 2108 767,
2122 2053 2172 2097 et
2207 2047 2428 2115 qua’stio
2457 2043 2714 2100 ventilata
2755 2045 2895 2098 inter
2928 2043 3158 2104 Gm’cos,
3191 2053 3238 2096 et
3269 2041 3534 2096 Ποηιηιιτπε

1959 2139 2026 2190 de
2062 2136 2326 2192 Trinitate
2353 2155 2372 2193 :
2408 2147 2457 2192 et
2505 2147 2684 2192 utrum
2723 2138 2884 2209 179
2935 2139 3170 2208 Spiritus
3213 2147 3430 2190 sanctus
3470 2139 3538 2188 .-».i-
3595 2127 3598 2131 ’

1961 2237 2049 2284 cui
2081 2231 2318 2301 procedit
2350 2248 2383 2285 a
2413 2228 2602 2296 Patre,
2654 2231 2729 2284 ita
2775 2231 3028 2300 procedat
3078 2247 3108 2282 a
3159 2227 3335 2294 Filio;
3392 2237 3439 2282 et
3473 2230 3539 2280 de

1959 2332 2265 2376 sanctorum
2290 2323 2634 2391 imaginibus,
2686 2331 2934 2376 utrumne
2964 2321 3242 2392 ﬁngendiv.
3293 2331 3388 2374 aut
3419 2323 3536 2391 piis—

1961 2415 2146 2486 genda:
2172 2423 2328 2470 erant
2356 2417 2411 2470 in
2438 2413 2701 2470 Ecclesiis.
2734 2415 2942 2469 Locum
2980 2415 3268 2485 designant
3299 2415 3489 2469 A’nnal.

1963 2506 2307 2564 Francorum
2357 2507 2543 2563 villam
2594 2508 2896 2566 Geutiliaci.
2937 2507 2994 2572 In
3027 2508 3363 2562 Bertinianis
3423 2507 3540 2561 bace

1965 2601 2243 2657 habentur
2277 2597 2548 2672 z'Pipinus
2585 2603 2872 2658 celebravit
2908 2603 3110 2657 Pascha
3151 2605 3202 2658 iu
3243 2600 3538 2656 Gentilium

1965 2709 2106 2746 anno
2137 2692 2352 2779 Domini
2400 2693 2524 2748 767.
2567 2694 2708 2748 Tunc
2748 2694 2930 2748 habuit
2959 2695 3013 2747 in
3057 2693 3367 2764 supradicta
3411 2691 3540 2745 rillci

1961 2789 2222 2858 synodum
2267 2803 2520 2858 umquam
2585 2789 2726 2842 inter
2775 2786 3074 2842 Romaucsv
3125 2795 3174 2840 et
3223 2785 3431 2843 Cra'cos
3478 2786 3542 2836 de

1961 2887 2148 2932 sancta
2187 2877 2478 2946 Trinitate,
2519 2877 2601 2933 vel
2633 2881 2696 2933 de
2735 2886 3042 2933 sanctorum
3086 2877 3431 2950 imaginibus.

2033 2969 2346 3048 Gallieanas
2374 2969 2676 3034 Ecclesiae,
2695 2969 2797 3023 bac
2822 2971 2944 3024 data
2977 2968 3288 3032 occasione,
3316 2968 3540 3038 Symbo-

1965 3060 2076 3116 lum
2108 3062 2760 3132 Constantinopolitanum
2783 3063 3056 3131 particula
3090 3059 3334 3129 Filioque
3360 3061 3542 3112 auxis-

1965 3172 2043 3221 se,
2069 3155 2532 3212 verisimillimum
2563 3165 2666 3211 est.
2697 3157 2829 3210 Rem
2858 3155 3057 3224 colligo
3083 3169 3147 3209 ex
3178 3151 3544 3224 Forojulicn-:i

277 3262 480 3316 pormn
518 3247 740 3316 syuo-li.
781 3246 1034 3301 Toletaua
1080 3247 1210 3304 VIII
1259 3265 1406 3303 anno
1455 3249 1594 3314 655;
1645 3249 1858 3302 Emeri-
1888 3277 1930 3333 ο
1964 3249 2182 3304 Paulini
2241 3247 2506 3319 Aquileiae
2555 3247 2881 3318 patriarchae
2928 3247 3173 3318 synodo,
3231 3261 3396 3317 quam
3451 3245 3538 3298 alii

277 3338 448 3391 tensis
474 3351 623 3390 anno
658 3336 796 3400 666;
827 3337 1170 3393 Bracareusis
1209 3355 1294 3403 ttt,
1343 3355 1489 3393 anno
1522 3337 1663 3404 673;
1707 3336 1856 3392 Tole-

278 3437 413 3482 tuna
450 3444 551 3492 ιιι,
585 3443 730 3482 anno
761 3428 894 3494 GSl;
933 3447 1053 3491 xm,
1081 3448 1226 3484 anno
1253 3432 1392 3492 685;
1427 3447 1518 3496 xv,
1548 3447 1695 3484 anno
1725 3431 1860 3495 688;

277 3532 336 3574 et
369 3536 505 3581 xm.
543 3536 693 3574 anno
734 3520 861 3575 694.
900 3521 1104 3577 Praeter
1132 3521 1438 3594 Symbolum
1485 3522 1866 3579 Constantino-

279 3613 590 3686 politanum
643 3615 761 3666 alia:
799 3623 1050 3682 prostant
1089 3617 1454 3684 prolixiores,
1507 3615 1683 3670 inelar
1713 3613 1868 3685 Sym-

279 3709 391 3762 boli
418 3708 696 3766 formulae.
731 3723 856 3761 eum
897 3710 1276 3764 ailditamento
1300 3753 1314 3771 ,
1363 3711 1416 3764 in
1447 3710 1662 3782 synodo
1704 3709 1864 3763 Tole-

281 3811 420 3855 tana
463 3817 542 3867 XI,
595 3817 742 3856 anno
777 3803 916 3866 675,
951 3812 1013 3856 et
1048 3803 1103 3855 in
1135 3801 1390 3856 Toletana
1425 3819 1535 3864 χιιι.
1564 3819 1710 3857 anno
1738 3802 1863 3858 695.

279 3893 385 3946 His
409 3892 556 3946 addo
601 3893 922 3955 formulam,
965 3909 1087 3962 qua:
1117 3893 1322 3964 legitur
1357 3895 1409 3948 in
1439 3894 1668 3964 Anglico
1701 3910 1866 3966 gene-

280 3989 390 4042 rali
427 3989 698 4054 concilio,
716 3989 833 4043 sive
885 3988 1281 4056 Haetht'eldensi
1311 4003 1455 4043 anno
1485 3988 1614 4054 680,
1665 3989 1732 4044 de
1760 4005 1868 4058 qua

283 4081 634 4136 mentionem
661 4081 775 4150 agit
801 4081 966 4146 Beda,
990 4080 1136 4134 libro
1162 4097 1177 4134 ι
1207 4080 1458 4136 Historia:
1478 4071 1647 4152 gentis
1679 4082 1869 4153 Anglo-

281 4191 431 4235 rum,
458 4177 638 4242 capite
671 4174 758 4228 l7.

360 4265 426 4319 li.
469 4265 674 4321 Contra
699 4266 872 4320 sancti
919 4265 1160 4335 Spiritus
1180 4267 1588 4334 processionetn
1615 4281 1677 4318 ea:
1704 4265 1868 4320 Patre

281 4359 538 4431 Filioque
596 4360 798 4413 bellum
855 4375 982 4414 aere
1035 4367 1335 4412 moverunt
1381 4356 1719 4412 Iconomachi
1765 4356 1870 4411 sub

281 4454 526 4521 imperio
558 4454 795 4506 maxime
823 4451 1171 4507 Constantini
1205 4449 1562 4522 Copronymi,
1597 4450 1691 4520 qui
1725 4465 1870 4504 anno

277 4545 500 4600 Christi
538 4544 641 4600 7-19
680 4547 893 4599 natales
917 4545 1135 4610 habuit,
1169 4553 1226 4598 et
1259 4561 1404 4598 anno
1441 4545 1754 4612 insequenti
1787 4545 1871 4598 di-

1963 3358 2109 3397 anno
2139 3341 2264 3406 79l,
2285 3342 2475 3396 verius
2499 3341 2590 3395 alii
2629 3357 2774 3396 anno
2800 3341 2905 3396 796
2929 3339 3262 3395 celebratam
3292 3352 3536 3392 narrant.

1965 3437 2237 3490 insertum
2274 3435 2412 3490 actis
2444 3434 2644 3504 legitur
2672 3449 2795 3488 ettm
2829 3433 3206 3489 additamento
3231 3419 3536 3500 Symbolum

1965 3525 2646 3598 Constantinopolitannm.
2691 3513 3042 3582 Additionem
3078 3524 3321 3579 vindieat
3354 3523 3541 3578 Pauli-

1963 3635 2070 3674 nus
2104 3619 2193 3674 bis
2228 3619 2455 3675 verbis:
2493 3637 2511 3671 ι
2547 3620 2675 3675 Seio
2715 3617 3045 3690 quibusdam
3082 3617 3139 3673 in
3187 3616 3542 3688 synodalibus

1966 3711 2112 3768 foliis
2143 3727 2266 3768 esse
2315 3711 2656 3767 sancitum...
2690 3711 2996 3780 praesertim
3035 3716 3262 3779 propter
3300 3707 3498 3762 l'raudu

1965 3807 2170 3860 lentam
2205 3805 2502 3873 ﬁctamque
2523 3802 2791 3863 Nestorii.
2821 3803 2908 3858 vel
2934 3802 3198 3872 Eutycbis
3231 3798 3539 3872 perﬁdiam,

1967 3915 2072 3952 non
2111 3899 2266 3952 licere
2301 3897 2536 3969 cuipiam
2567 3896 2788 3952 alterius
2831 3897 2958 3964 ﬁdei
2993 3894 3300 3968 Symbolum
3337 3894 3536 3956 docere,

1967 3991 2050 4045 vel
2080 4007 2412 4062 componere.
2445 3990 2552 4046 Sed
2585 3992 2728 4046 absit
2758 4006 2787 4044 a
2817 3989 2997 4055 nobis,
3036 3989 3340 4060 proculque
3377 3988 3450 4044 sit
3475 3991 3541 4042 ab

1968 4085 2118 4139 omni
2179 4083 2349 4140 corde
2409 4084 2579 4149 ﬁdeli,
2631 4081 2883 4150 alterum,
2925 4083 3012 4137 vel
3044 4082 3204 4138 aliter
3252 4099 3414 4154 quam
3461 4083 3543 4136 il'i

1967 4176 2334 4241 instituerunt,
2371 4176 2692 4248 Symbolum
2726 4175 2813 4231 vel
2849 4173 3010 4230 ﬁdem
3039 4190 3412 4246 componere,
3455 4177 3542 4229 vel

1969 4269 2170 4323 docere
2196 4271 2212 4324 l
2241 4267 2349 4322 Sed
2383 4271 2543 4338 juxta
2578 4285 2762 4322 eorum
2790 4285 3004 4323 sensum
3033 4283 3095 4323 ea
3127 4267 3386 4331 fortasse,
3417 4283 3543 4337 (ιτ-ιε

1971 4371 2186 4434 propter
2215 4361 2483 4417 brevitatis
2514 4362 2903 4431 compendium,
2938 4361 3121 4416 minus
3144 4377 3311 4432 quam
3358 4361 3540 4426 decet,

1972 4473 2000 4512 a
2026 4455 2372 4526 simplicibus
2394 4455 2480 4510 vel
2511 4454 2755 4510 indoctis
2787 4453 3197 4524 intelliguntur,
3218 4457 3545 4524 exponenda

1973 4549 2327 4604 decrevimus
2355 4547 2576 4603 tradere
2603 4587 2618 4610 ,
2646 4547 2938 4618 ipsumque
2967 4556 3168 4601 textum
3195 4545 3432 4617 Symboti
3463 4565 3545 4601 re-

249 4649 414 4719 'ctus
443 4647 528 4692 est
563 4639 883 4708 imperator.
905 4637 1068 4692 Solus
1105 4654 1337 4706 regnare
1368 4639 1537 4708 erepit
1567 4654 1712 4693 anno
1737 4639 1862 4704 7M,
1898 4634 1942 4691 Β
1973 4644 2222 4698 liuere...
2257 4642 2559 4698 Enimvero
2605 4657 2714 4696 non
2745 4651 2830 4696 est
2863 4642 2915 4696 in
2949 4633 3270 4712 argumento
3291 4640 3418 4710 ﬁdei
3444 4642 3538 4694 ad-

281 4740 418 4801 post
444 4731 658 4784 obitum
693 4730 896 4784 Leonis
925 4730 1100 4786 lsauri
1151 4732 1322 4800 patris
1350 4773 1364 4796 ,
1415 4731 1574 4799 cujus
1607 4731 1866 4799 impieta-

281 4833 401 4878 tem
428 4832 618 4878 contra
657 4838 844 4878 sacras
871 4823 1140 4892 imagines
1177 4838 1275 4892 pro
1300 4823 1626 4878 haereditate
1650 4823 1864 4880 habuit.

277 4915 491 4976 (ἔκ-πεῖ.
526 4917 620 4984 qui
664 4931 766 4984 pro
799 4914 1078 4968 haereticis
1124 4914 1560 4969 traducebantur
1607 4915 1676 4969 ab
1709 4913 1870 4970 Occi-

277 5008 630 5072 dentalibus,
669 5005 1054 5062 Occidentales
1079 5005 1229 5076 ipsos
1259 5005 1328 5060 de
1354 5006 1703 5076 processioue
1742 5005 1870 5076 Spi-

278 5101 435 5152 ritus
485 5097 686 5162 sancti,
721 5113 886 5167 quam
923 5113 987 5150 ea:
1035 5096 1198 5151 Patre
1244 5105 1294 5151 et
1327 5095 1476 5152 Filio
1521 5099 1865 5164 asserebant,

280 5201 345 5243 nt
387 5189 685 5243 redderent
735 5204 831 5255 par
862 5187 1004 5256 pari,
1037 5187 1202 5241 veluti
1250 5187 1320 5245 de
1356 5188 1590 5242 crimine
1631 5187 1869 5242 insimu-

275 5283 497 5336 labant.
530 5281 667 5334 lliue
695 5281 1014 5349 irequentes
1036 5279 1138 5334 bac
1163 5279 1232 5334 de
1271 5296 1327 5334 re
1351 5280 1548 5352 synodi
1579 5281 1868 5334 celebrata:

280 5371 603 5440 liabitteque
627 5370 1054 5438 disputationes.

353 5466 542 5521 Prima
574 5481 697 5532 quae
725 5463 1024 5533 reperitur,
1054 5463 1300 5534 synodus
1331 5472 1417 5518 est
1456 5463 1868 5518 Gentiliaceusis

271 5563 395 5616 sub
429 5561 631 5630 Pipino
660 5559 996 5612 Francorum
1033 5573 1164 5627 rege
1213 5573 1358 5612 anno
1410 5557 1518 5611 767‘
1561 5557 1863 5612 celebrata.

268 5657 656 5714 Οεοιιείοιιεω
689 5655 844 5710 dedit
891 5656 1244 5736 Constantini
1279 5653 1598 5710 Graecorum
1632 5653 1872 5724 impera-

271 5753 430 5807 toris
459 5751 668 5820 legatio
702 5747 772 5802 ad
805 5761 1012 5817 regem.
1051 5739 1160 5804 Hae
1188 5747 1256 5802 de
1289 5764 1346 5802 re
1375 5747 1694 5802 admonitus
1723 5745 1870 5800 Pau-

272 5844 372 5896 lus
395 5857 636 5897 summus
673 5825 933 5912 pomifer,
986 5840 1200 5896 litteras
1235 5841 1300 5896 ad
1339 5829 1596 5896 eumdem
1636 5820 1872 5896 Franco-

275 5952 414 5992 ratn
440 5949 624 6004 regem
651 5935 918 6004 reposuit,
940 5949 1061 6005 quia:
1082 5935 1136 5988 in
1170 5933 1362 5992 codice
1376 5931 1638 5990 Carolino
1663 5931 1870 5990 baben-

1970 4735 2112 4796 dere,
2142 4733 2224 4787 vel
2252 4735 2514 4787 minuere
2543 4747 2606 4787 ea
2655 4747 2778 4800 quae
2808 4749 2840 4786 a
2873 4735 3086 4786 sanctis.
3123 4730 3372 4785 Putribus
3405 4731 3540 4785 bene

1971 4825 2378 4894 salubriterque
2413 4833 2537 4878 sunt
2585 4821 2929 4894 promulgata
2962 4838 2981 4877 :
3009 4821 3315 4876 secundum
3363 4836 3545 4875 eorum

1971 4931 2185 4969 sensum
2229 4923 2380 4968 recte
2404 4913 2634 4980 sentire,
2678 4923 2735 4968 et
2772 4915 3080 4982 exponendo
3115 4926 3307 4966 eorum
3341 4911 3544 4967 subtile

1968 5006 2212 5078 supplere
2251 5007 2559 5077 ingenium;
2613 5005 2710 5060 sed
2758 5006 2950 5058 addere
3013 5004 3096 5059 vel
3147 5006 3384 5058 minuere
3439 5018 3544 5066 εει,

1971 5098 2201 5152 subdole
2232 5105 2417 5150 contra
2447 5105 2860 5151 sacrosanctum
2890 5109 3082 5148 eorum
3110 5108 3356 5154 sensum,
3389 5094 3550 5148 aliter

1972 5206 2133 5262 quam
2166 5187 2270 5254 illi,
2314 5187 2510 5242 callida
2549 5185 3010 5256 tergiversatione
3055 5185 3267 5240 diversa
3300 5183 3496 5240 sentire
3532 5203 3545 5237 :

1971 5289 2024 5335 et
2067 5282 2300 5336 confuso
2351 5279 2496 5350 stle
2552 5293 2858 5348 perversum
2910 5281 3100 5350 dogma
3139 5293 3542 5348 componere...

1971 5373 2340 5428 Plurimorurn
2373 5369 2578 5424 etenim
2606 5368 3020 5424 Catholicorum
3051 5371 3324 5432 virorum,
3357 5369 3549 5424 Eccle—

1971 5469 2290 5534 siarumque
2349 5465 2440 5518 Dei
2502 5463 2799 5524 cultorum.
2835 5479 3004 5518 auerte
3032 5462 3158 5532 ﬁdei
3196 5465 3545 5534 compositum

1969 5555 2267 5613 venerabile
2307 5554 2499 5626 legitur
2531 5571 2681 5624 Opus,
2729 5557 2852 5611 aliis
2880 5558 3103 5627 quidem
3141 5557 3344 5619 verbis,
3375 5556 3542 5612 dissi-

1973 5651 2201 5719 mitique
2236 5648 2448 5703 calamo
2487 5658 2806 5714 resonante,
2850 5651 2946 5703 sed
3000 5649 3256 5705 eumdem
3293 5662 3542 5712 seitsum,

1969 5743 2340 5811 eamdemque
2371 5739 2579 5810 ingenii
2617 5739 2957 5796 intellectum
2981 5739 3332 5795 concorditer
3362 5740 3544 5796 invio»

1970 5837 2094 5893 late
2131 5833 2258 5888 ﬁdei
2292 5847 2405 5888 uno
2445 5831 2772 5890 assertionis
2821 5833 3075 5890 redolere
3109 5831 3418 5902 probantur
3444 5833 3544 5886 ἀι)-

1973 5935 2251 5987 cumento.
2292 5945 2310 5979 ι
