3852 6554
315 469 413 534 ΠΨ

1270 481 1587 544 GEORGU
1633 485 1886 548 Cfl’l'lll
1928 494 2039 552 CP.
2086 494 2592 565 PATHIARCHE

3453 450 3559 573 iso

378 588 530 686 Fidei
563 589 816 648 formulae
839 593 1175 655 indicantur.
1204 612 1326 667 quae
1352 611 1382 651 a
1418 595 1679 669 Symbolo
1704 598 1873 654 Nicae-
1914 609 1950 664 Α
1986 613 2232 676 tempore
2286 611 2482 680 synodi
2527 603 2951 669 Gentiliacens'is
2975 655 2988 680 ,
3027 612 3081 669 in
3110 629 3220 686 quo
3246 628 3376 672 cum
3404 615 3558 674 Grai-

308 694 378 734 no
410 691 465 737 et
491 680 1107 757 Constantinopolitano
1135 688 1409 745 distinctae
1441 701 1591 753 sunt,
1620 689 1878 761 frequen-

309 772 417 827 tius
456 772 524 828 ab
563 774 845 845 Ecclesiis,
902 788 958 834 et
992 781 1384 836 ecclesiasticis
1444 783 1575 838 viris
1607 784 1792 847 editae,
1822 795 1879 841 et

306 882 332 919 ι
357 867 517 922 nobis
547 871 806 939 superius
837 881 1174 927 memoratae.
1203 873 1319 943 ipsa
1353 876 1518 929 etiam
1546 875 1879 945 exprimitur

308 954 570 1015 Formula
606 961 846 1025 Nicena,
885 980 1049 1033 quam
1082 967 1305 1020 vocibus
1335 967 1613 1035 aliquibus
1648 968 1877 1039 adjectis

306 1052 629 1122 supplevere
666 1053 1252 1128 Constantinopotitani
1291 1058 1504 1113 Patres.
1562 1076 1583 1109 σ
1650 1056 1785 1113 Nam
1829 1059 1875 1113 si

308 1158 659 1203 recenseatur
687 1148 894 1204 Νίσιτηί
918 1152 1141 1223 symboli
1175 1154 1348 1207 series
1383 1154 1699 1209 veneranda
1726 1194 1741 1219 ,
1787 1157 1875 1209 ni-

308 1237 380 1291 hil
414 1240 561 1301 aliud
604 1241 671 1295 de
707 1241 916 1313 Spiritu
967 1258 1162 1303 sancto
1213 1248 1267 1304 in
1313 1264 1400 1312 ea,
1435 1248 1537 1302 nisi
1582 1249 1681 1303 hoc
1713 1251 1877 1303 modo

306 1324 533 1403 reperiri
575 1339 781 1405 poterit
819 1341 1225 1410 promulgatum
1260 1358 1274 1399 :
1313 1342 1377 1395 Et
1404 1343 1456 1396 in
1486 1347 1755 1407 sanctum,
1790 1344 1876 1396 in.

302 1427 534 1493 qniunt,
565 1428 847 1500 Spiritum.
881 1431 1022 1498 Quid
1050 1443 1134 1489 est
1162 1450 1295 1505 ergo
1329 1436 1536 1496 dicere.
1580 1447 1627 1490 et
1666 1437 1719 1490 in
1751 1434 1874 1501 δρία

304 1523 463 1574 ritum
523 1524 821 1578 sanctum?
860 1526 1147 1591 Quomodo
1213 1528 1374 1598 180
1422 1529 1745 1599 accipienda
1788 1538 1879 1583 est

303 1624 411 1668 tam
451 1615 778 1672 brevissima
812 1634 1007 1673 eorum
1039 1621 1334 1691 professio,
1368 1622 1474 1676 nisi
1520 1630 1578 1676 ut
1620 1634 1879 1693 patenter

303 1708 465 1763 detur
497 1710 729 1780 intelligi
764 1716 1031 1769 mentium
1072 1731 1266 1770 eorum
1306 1719 1531 1787 integrae
1589 1717 1714 1772 lidei
1751 1718 1879 1773 reli-

303 1801 454 1868 giosa
483 1802 704 1858 devotio
737 1824 751 1860 :
782 1816 830 1860 ct
868 1808 921 1861 in
961 1819 1209 1862 sanctum
1258 1807 1540 1879 Spiritum,
1571 1811 1703 1866 sicut
1727 1823 1775 1864 et
1813 1804 1880 1865 in

306 1894 526 1952 Patrem
552 1909 599 1950 et
626 1900 677 1953 in
707 1896 907 1953 Filium
937 1902 1299 1970 probabiliter
1322 1904 1649 1958 credidisse.
1667 1903 1871 1970 Quem-

1983 697 2063 753 cis
2098 697 2268 756 hocce
2313 703 2380 757 de
2413 703 2541 759 ﬁdei
2577 704 2832 777 dogmate
2865 705 3205 777 disputatum
3234 719 3341 765 est.

2053 790 2541 874 Contirmationem
2579 799 2940 869 suppeditant
2972 799 3394 871 amplissimam,
3433 817 3557 874 qua:

1982 885 2049 939 ad
2089 864 2360 958 syriodum
2416 864 2705 960 pertinent
2756 864 3239 963 Aquisgranensem
3267 864 3416 950 anno
3447 864 3554 952 ἑοῦ

1984 978 2342 1036 celebratum.
2385 982 2685 1040 innotescit
2714 987 2940 1060 quippe,
2982 989 3140 1059 181
3196 990 3252 1044 in
3288 987 3556 1045 Ecclesiis

1983 1065 2299 1134 Gallicanis,
2332 1082 2385 1127 et
2418 1074 2549 1128 alibi
2606 1076 2661 1130 in
2724 1093 2878 1133 more
2907 1079 3019 1147 jam
3059 1080 3299 1151 positum
3360 1078 3554 1144 fuisse,

1984 1170 2040 1213 ut
2082 1162 2230 1218 inter
2257 1165 2551 1221 missarum
2585 1169 2853 1224 solemnia
2894 1169 3554 1242 Constantinopolitanum

1978 1253 2299 1324 symbolum,
2334 1257 2713 1314 additamento
2743 1270 2992 1327 auctum,
3039 1274 3354 1318 caneretur.
3387 1261 3557 1333 Egin-

1983 1348 2209 1415 bardus,
2254 1350 2307 1405 in
2358 1351 2478 1406 Vita
2521 1350 2704 1408 Caroli
2734 1353 2935 1424 Magni,
2984 1356 3063 1410 sic
3093 1354 3170 1409 ait
3204 1371 3220 1409 :
3255 1353 3558 1424 Imperator

1983 1442 2048 1494 de
2073 1441 2357 1497 Arduenna
2380 1443 2701 1514 Aquisgrani
2722 1462 2978 1512 reversus,
3006 1464 3179 1501 mense
3210 1446 3551 1510 Novembrio,

1980 1535 2259 1589 concilium
2310 1537 2491 1590 habuit
2540 1537 2604 1590 de
2661 1540 2987 1607 processione
3037 1538 3270 1610 Spiritus
3326 1542 3555 1595 sancti:

1979 1643 2134 1697 quam
2165 1631 2504 1696 quwstionem
2535 1629 2770 1684 Joannes
2794 1631 3013 1700 quidam
3046 1633 3334 1687 monachus
3365 1632 3556 1687 Hiero-

1978 1722 2192 1792 solymis
2226 1723 2397 1791 primo
2428 1726 2724 1778 commovit.
2765 1742 2784 1775 ‹
2827 1722 2998 1795 Hujus
3036 1725 3434 1780 controversiae
3464 1740 3554 1779 oc-

1982 1814 2134 1869 easio
2187 1814 2373 1885 (verba
2419 1828 2549 1870 sunt
2584 1816 2885 1872 Mabillonii
2924 1817 3247 1883 praefatione
3282 1832 3324 1881 t,
3366 1817 3421 1871 in
3456 1833 3556 1872 sae.

1982 1906 2167 1973 culum
2200 1924 2270 1985 tv.
2302 1906 2523 1962 Ordinis
2556 1910 2732 1963 sancti
2781 1907 3083 1971 Benedicti,
3117 1907 3144 1979 §
3178 1907 3235 1975 2)
3272 1908 3442 1978 petita
3469 1917 3558 1964 est

302 1986 597 2044 admodum
631 2000 819 2060 pos£ea
846 2010 884 2047 ar
913 1996 1125 2050 sanctis
1158 1996 1411 2051 Patribus
1442 2007 1652 2051 centum
1698 1998 1853 2067 quin-
1906 1980 1948 2034 Β
1977 2016 2042 2054 ex
2081 2016 2225 2053 more
2256 1980 2554 2062 Callorum,
2596 2001 2687 2070 qni
2731 2017 2854 2054 cum
2893 2000 2946 2054 in
2986 1999 3249 2070 Symbolo
3279 2000 3557 2054 Constan-

309 2086 593 2153 quagiuta,
614 2084 709 2152 qui
727 2087 1023 2142 eoutestati
1049 2100 1180 2143 sunt
1211 2090 1452 2159 Symboli
1479 2091 1640 2144 ﬁdem
1666 2090 1876 2145 Nicaani

302 2177 519 2232 concilii
550 2176 866 2233 inviolatam
910 2183 1229 2249 perenniter
1261 2198 1581 2251 permanere
1608 2223 1623 2246 ,
1663 2182 1878 2255 supple-

302 2281 490 2325 verunt
527 2282 729 2338 tamen,
770 2276 923 2344 quasi
972 2276 1279 2345 exponendo
1312 2292 1493 2332 eorum
1527 2293 1737 2332 sensum
1770 2293 1789 2334 :
1821 2288 1869 2332 et

304 2366 358 2416 in
411 2362 672 2432 Spiritum
706 2376 951 2425 sanctum
984 2367 1319 2423 conﬁtentur
1350 2384 1411 2423 se
1435 2370 1662 2424 credere
1696 2369 1879 2424 Domi-

302 2475 450 2520 num,
493 2465 544 2512 et
576 2460 975 2526 vivi/icatorem,
1005 2477 1069 2515 ea;
1108 2460 1276 2516 Patre
1311 2462 1700 2533 procedentem,
1758 2478 1877 2518 cum

304 2548 467 2604 Patre
535 2558 584 2604 et
646 2549 789 2605 Filio
841 2552 1214 2618 adorandum,
1253 2560 1301 2608 et
1347 2548 1875 2626 congloriﬁcandum.

304 2644 429 2700 ilice
457 2644 627 2711 enim,
681 2654 738 2700 ct
772 2656 970 2703 caetera
999 2664 1119 2717 qua
1152 2660 1468 2719 sequuntur
1496 2690 1509 2708 .
1566 2647 1620 2702 in
1672 2649 1875 2706 Nicmni

299 2737 544 2808 Symboli
574 2754 734 2794 sacro
756 2739 1010 2810 dogmate
1037 2757 1144 2796 non
1170 2742 1469 2797 habentur.
1497 2741 1609 2798 Sed
1640 2752 1695 2796 et
1725 2751 1874 2813 post-

301 2831 522 2885 modum
542 2870 558 2893 ,
592 2840 808 2903 propter
841 2848 926 2887 eos
963 2832 1206 2888 videlicet
1236 2834 1528 2895 hereticos,
1559 2835 1652 2905 qui
1684 2850 1870 2889 susur-

298 2934 422 2979 rant
448 2924 709 2994 Spiritum
745 2936 986 2981 sanctum
1021 2926 1189 2982 solius
1221 2944 1332 2982 esse
1365 2927 1575 2993 Patris,
1609 2938 1658 2983 et
1692 2947 1725 2983 a
1758 2928 1873 2983 solo

296 3016 579 3083 procedere
604 3016 770 3071 Patre
793 3058 809 3086 ,
847 3016 1096 3072 additum
1124 3029 1209 3075 est
1246 3034 1261 3072 :
1290 3018 1391 3083 Qui
1417 3033 1482 3072 ea:
1520 3018 1680 3072 Patre
1707 3016 1874 3073 Filio-

295 3122 395 3176 que
422 3106 679 3177 procedit.
708 3106 776 3162 Et
804 3117 984 3163 tamen
1012 3123 1122 3162 non
1155 3116 1284 3164 sunt
1334 3108 1392 3163 bi
1445 3108 1619 3163 sancti
1684 3109 1876 3177 Patres

296 3199 550 3268 culpandi
598 3217 612 3254 :
646 3201 801 3269 (μιηεί
833 3202 1166 3256 addidissent
1191 3202 1414 3271 aliquid,
1451 3201 1530 3255 vel
1561 3203 1875 3257 minuissent

295 3292 362 3344 de
389 3290 496 3357 [ide
542 3299 899 3347 trecentorum
950 3294 1131 3348 decem
1182 3303 1230 3348 et
1272 3306 1386 3348 octo
1435 3294 1708 3362 Patrum;
1745 3295 1872 3366 quia

299 3398 404 3436 non
435 3395 621 3439 contra
672 3402 856 3441 eorum
898 3404 1110 3442 sensum
1164 3388 1382 3444 diversa
1423 3397 1740 3453 senserunt,
1775 3388 1873 3444 sed

298 3474 712 3530 immaculatum
770 3494 962 3532 eorum
1030 3479 1377 3533 intellectum
1425 3481 1573 3534 sanis
1627 3480 1874 3537 moribus

293 3567 558 3637 supplere
607 3568 962 3625 studuerunt.
1018 3569 1338 3626 Didicerant
1408 3571 1597 3640 itaque
1663 3579 1875 3625 centum

294 3661 686 3731 quinquaginta
729 3661 964 3731 (Patres)
1004 3662 1100 3732 qui
1156 3662 1466 3717 intulerunt
1494 3679 1526 3715 a
1558 3661 1724 3715 Patre
1754 3677 1878 3731 pro-

294 3754 584 3820 cedentem,
623 3754 961 3825 evangelism
996 3763 1250 3822 testante,
1289 3755 1671 3824 repromisisse
1702 3754 1867 3809 disci-

304 3844 449 3914 pulis
474 3844 655 3915 ipsum
678 3845 1025 3917 Uuigeuitum
1051 3845 1117 3901 de
1139 3862 1239 3905 suo
1268 3843 1473 3916 Spiritu
1496 3864 1508 3898 ε
1528 3845 1760 3916 Spiritus
1783 3845 1875 3916 qui

296 3958 328 3993 a
361 3937 527 3995 Patre
553 3939 809 4011 procedit.
838 3938 1107 4010 Legerant
1139 3953 1336 4008 nempe
1367 3939 1407 3994 ii
1445 3947 1719 4010 sequentes
1750 3937 1875 4008 (Pa-

298 4034 432 4102 tres)
454 4034 546 4105 qui
577 4032 901 4088 addideruut
931 4047 948 4086 :
974 4031 1078 4099 Qui
1110 4046 1178 4086 es
1213 4031 1379 4085 Patre
1417 4028 1664 4099 Filioque
1688 4043 1877 4098 proce-

295 4129 413 4193 dit,
473 4126 651 4195 ipsam
710 4125 963 4180 eamdem
1025 4124 1313 4179 veritatem
1370 4124 1427 4179 in
1492 4122 1812 4192 Evangelio.
1851 4140 1869 4173 ι

296 4224 470 4291 Quam
507 4222 699 4291 utique
740 4221 1036 4275 veritatem
1079 4218 1408 4290 evangelicis
1453 4218 1616 4273 dictis
1654 4216 1872 4288 perspi-

295 4330 398 4371 cue
432 4313 771 4369 deinonslrat
807 4312 1084 4369 Paulinus.
1123 4322 1135 4378 ρ
1302 4369 1307 4375 ,
1390 4372 1393 4379 λ
1612 4360 1617 4369 .
1720 4368 1727 4375 ,

371 4408 719 4466 Validissima
770 4416 899 4462 sunt
942 4408 1234 4462 adversum
1272 4406 1495 4479 Graecos
1527 4417 1873 4477 argumenta.

301 4505 425 4562 llaec
453 4504 645 4561 eadem
683 4504 738 4558 in
785 4501 998 4572 synodo
1038 4499 1358 4557 Florentino
1417 4500 1726 4556 adhibuere
1776 4500 1873 4553 Pa-

298 4611 412 4654 tres
445 4616 460 4654 :
493 4598 798 4666 eademque
846 4610 948 4649 nos
982 4594 1312 4664 compendio
1339 4592 1664 4663 collegimus
1697 4591 1875 4661 capite

1983 2094 2349 2163 tinopolitano
2390 2096 2734 2149 addidissent
2770 2110 2960 2148 vocem
3003 2092 3281 2163 Filioque,
3317 2093 3372 2147 in
3414 2108 3557 2162 quo.

1982 2186 2232 2241 rnmdam
2298 2187 2788 2256 reprehensionem
2871 2188 3201 2250 incurrere,
3278 2186 3556 2255 praecipue

1978 2274 2206 2332 Joannis
2238 2279 2492 2332 monachi
2528 2277 3046 2350 llierosolymitani.
3089 2278 3140 2333 ls
3172 2278 3375 2349 quippe
3406 2292 3553 2332 anno

1974 2372 2083 2440 jam
2115 2371 2267 2426 dicto
2295 2372 2350 2426 in
2383 2372 2612 2428 Galliam
2649 2375 2848 2428 missus
2884 2373 2951 2428 ad
2986 2372 3247 2429 Carolum
3277 2413 3291 2438 ,
3324 2382 3549 2427 contro-

1979 2465 2213 2520 versiam
2250 2466 2350 2520 hac
2385 2465 2452 2520 dc
2493 2483 2551 2520 re
2597 2467 2788 2535 movit,
2823 2482 2945 2538 quze
2976 2466 3045 2522 ad
3078 2465 3313 2521 Romani
3354 2466 3550 2527 Pontio

1979 2555 2394 2625 ﬂcisjudicium
2421 2556 2603 2611 delata
2634 2566 2742 2613 est.
2796 2576 2814 2610 ι
3346 2550 3349 2553 ⁴

2050 2646 2243 2702 Veram
2261 2649 2608 2704 occasionem
2625 2660 2812 2704 narrat
2827 2648 2883 2703 in
2906 2665 3003 2705 sua
3025 2648 3417 2705 Dissertatione
3434 2647 3551 2718 pri—

1979 2755 2063 2793 ma
2109 2738 2497 2797 Damascenica
2533 2742 2763 2798 Michael
2821 2743 3137 2813 Lequienus
3191 2757 3259 2796 ex
3320 2739 3550 2796 Litteris

1977 2832 2305 2903 quibusdam
2345 2834 2571 2891 ineditis
2599 2876 2614 2899 ,
2656 2852 2794 2906 quas
2833 2837 2950 2906 ipse
3009 2847 3293 2904 receperat
3347 2850 3376 2889 a
3427 2832 3553 2888 Ste-

1978 2924 2159 2994 phano
2188 2925 2437 2993 Baluzio,
2479 2942 2543 2980 ac
2576 2928 2623 2982 is
2674 2939 2869 2997 postea
2914 2930 3059 2982 inter
3091 2926 3441 2982 Miscellanca
3468 2935 3555 2995 ty-

1978 3017 2062 3088 pis
2094 3019 2354 3090 vulgavit,
2408 3032 2556 3076 tomo
2593 3020 2703 3076 Vll.
2740 3022 2818 3074 Ad
2875 3020 3101 3074 Leonem
3134 3018 3226 3074 111
3271 3034 3550 3073 summum

1977 3109 2303 3167 Pontiticem
2340 3112 2595 3169 scribunt
2646 3113 2891 3167 monachi
2943 3110 3239 3181 peregrini,
3287 3112 3339 3164 in
3375 3119 3553 3164 monte

1977 3205 2170 3261 Oliveti
2203 3207 2499 3261 habitantes
2529 3223 2548 3260 :
2594 3225 2612 3257 ε
2672 3204 2866 3260 Notam
2922 3205 3020 3259 tibi
3056 3205 3289 3258 iacimus
3316 3203 3551 3257 tribula-

1980 3290 2183 3354 tionem
2218 3308 2482 3361 uostram,
2522 3313 2685 3367 quam
2746 3298 2833 3350 hic
2893 3295 3153 3365 patimur.
3188 3292 3427 3347 Joannes
3459 3297 3553 3363 qui

1979 3389 2080 3459 fuit
2112 3389 2175 3442 de
2209 3389 2530 3443 monasterio
2553 3386 2740 3443 Sancti
2769 3384 3001 3440 Sabar...
3024 3386 3240 3441 levatus
3268 3393 3352 3438 est
3381 3396 3551 3452 super

1979 3500 2077 3537 nos
2111 3482 2346 3538 dicendo
2376 3521 2391 3546 ,
2423 3481 2573 3553 quod
2601 3478 2826 3545 Franci,
2855 3477 2949 3549 qui
2978 3486 3108 3533 sunt
3142 3476 3195 3531 in
3230 3484 3417 3531 monte
3438 3471 3555 3529 Oli-

1978 3575 2109 3640 veti,
2160 3574 2403 3630 haeretici
2459 3582 2588 3627 sunt
2627 3590 2640 3626 :
2687 3581 2743 3626 et
2778 3570 2915 3625 dixit
2951 3568 3113 3624 nobis
3172 3568 3300 3639 quia
3345 3565 3553 3622 Omnes

1980 3664 2174 3721 Franci
2205 3664 2447 3719 haeretici
2476 3663 2684 3719 estis...
2724 3662 2818 3716 Dic
2859 3675 3053 3717 sancto
3081 3660 3373 3714 Dominico
3404 3657 3556 3728 (post

1976 3759 2219 3813 Natalem
2250 3757 2492 3827 Domini)
2525 3756 2837 3829 congregati
2894 3764 3024 3810 sunt
3069 3754 3386 3810 sacerdotes
3423 3766 3551 3807 cum

1978 3850 2126 3905 clero
2156 3859 2212 3904 et
2241 3849 2470 3920 populo,
2502 3858 2559 3903 et
2602 3846 3093 3919 interrogaverunt
3142 3860 3264 3909 nos,
3319 3842 3556 3914 qualiter

1977 3945 2303 3998 crederemus
2349 3939 2679 4012 Symbolum.
2711 3940 2824 3996 Nos
2873 3948 3060 3995 autem
3093 3937 3355 4004 dicendo,
3406 3936 3556 4007 quod

1977 4034 2058 4090 sic
2083 4035 2358 4090 credimus
2396 4034 2540 4095 sicut
2570 4040 2760 4087 sancta
2792 4031 3043 4089 Ecclesia
3087 4031 3333 4086 Romana
3361 4046 3376 4096 ;
3411 4028 3560 4085 dixi-

1979 4143 2122 4190 mus,
2158 4136 2212 4181 et
2241 4126 2478 4182 dicimus
2530 4126 2584 4180 in
2636 4132 2822 4179 nostra
2866 4124 3077 4193 lingua,
3125 4139 3248 4192 quas
3286 4139 3387 4178 vos
3442 4138 3556 4177 non

1979 4218 2162 4272 dicitis
2202 4217 2256 4272 in
2291 4217 2502 4273 Graeca.
2534 4216 2597 4271 Et
2637 4217 2690 4271 in
2737 4214 2925 4270 Gloria
2987 4215 3146 4271 Patri
3200 4230 3310 4270 non
3372 4215 3557 4271 dicitis

1977 4314 2114 4369 sicut
2153 4321 2270 4367 erat
2298 4313 2348 4366 in
2378 4312 2671 4382 principio;
2710 4318 2767 4365 et
2805 4310 2860 4364 in
2892 4308 3076 4366 Gloria
3102 4312 3157 4364 in
3190 4309 3410 4364 excelsis
3443 4326 3553 4364 non

1978 4406 2166 4461 dicitis
2207 4404 2281 4458 Tu
2337 4405 2481 4460 solus
2524 4403 2859 4466 altissimus;
2913 4412 2971 4458 et
3018 4401 3184 4457 Pater
3219 4412 3396 4456 noster
3443 4404 3557 4460 alio

1981 4501 2143 4554 modo
2197 4499 2419 4564 dicitis;
2463 4506 2518 4552 et
2569 4498 2622 4551 in
2665 4495 2916 4568 Symbolo
2978 4512 3084 4552 nos
3120 4496 3371 4553 dicimus
3409 4499 3555 4567 plus,

1978 4606 2143 4660 quam
2188 4606 2286 4645 vos
2318 4607 2331 4645 :
2372 4590 2477 4656 Qui
2505 4606 2570 4643 ex
2600 4589 2770 4643 Patre
2798 4588 3050 4660 Filioque
3080 4592 3337 4662 procedit.
3397 4592 3557 4647 Unde

294 4695 349 4760 2,
382 4707 535 4746 num.
566 4703 621 4753 4.
652 4699 709 4745 et
743 4705 863 4760 cap.
896 4689 959 4755 3,
994 4703 1146 4742 num.
1183 4687 1231 4749 i,
1285 4686 1537 4759 symbolo
1587 4685 1867 4740 Constan-
1903 4693 1952 4751 Ι)
1980 4686 2112 4741 dicit
2146 4688 2249 4739 i.~.te
2281 4684 2542 4746 Joannes,
2596 4685 2862 4739 inimicus
2898 4684 3097 4740 animae
3140 4700 3295 4741 sine:
3330 4695 3562 4755 propter

298 4785 665 4857 tinopolitano
690 4784 804 4855 jam
834 4782 1073 4837 additam
1107 4781 1273 4836 fuisse
1304 4790 1465 4836 aetate
1504 4778 1720 4833 Paulini
1749 4793 1875 4849 par-

299 4876 524 4931 ticulam
569 4873 810 4943 Filioque
856 4872 909 4927 in
942 4870 1206 4928 Ecclesiis
1254 4871 1406 4940 regni
1462 4869 1661 4935 Italici,
1723 4868 1873 4939 quod

294 4968 526 5023 Carolus
559 4967 785 5038 Magnus
820 4964 1229 5028 moderabatur,
1276 4973 1330 5021 et
1371 4963 1425 5018 in
1460 4962 1724 5017 Ecclesiis
1752 4962 1876 5017 Gal-

297 5058 514 5124 licanis,
548 5057 713 5112 allata
757 5055 979 5112 Paulini
1012 5055 1178 5110 verba
1217 5054 1473 5109 suadent.
1506 5053 1747 5125 Tempus
1779 5070 1876 5109 uo-

297 5161 376 5206 tat
406 5161 463 5206 et
506 5148 860 5206 occasionem
892 5167 905 5204 :
935 5147 1278 5202 Postmodum
1307 5156 1526 5218 propter
1572 5163 1656 5202 eos
1692 5145 1875 5201 videli-

295 5255 372 5300 cet
402 5246 705 5309 hereticos,
737 5242 828 5313 qui
876 5253 1163 5297 susurrant
1213 5241 1479 5313 Spiritum
1516 5251 1762 5297 sanctum
1788 5256 1875 5294 so-

297 5342 400 5394 lius
429 5354 541 5393 esse
573 5336 776 5397 Patris,
808 5346 854 5388 et
893 5352 925 5390 α
958 5335 1072 5391 solo
1108 5339 1388 5408 procedere
1420 5334 1604 5401 Patre,
1633 5335 1874 5389 additum

300 5443 375 5488 est
400 5448 417 5486 .'
440 5433 543 5499 Qui
568 5446 633 5485 ea:
670 5429 833 5483 Patre
850 5427 1100 5496 Filioque
1124 5429 1382 5500 procedit.
1407 5428 1462 5483 lci
1496 5439 1649 5483 sexto
1674 5429 1875 5484 suacqu

298 5527 693 5582 iuliciahantur
745 5525 934 5581 Ariani
969 5524 1022 5577 in
1069 5522 1352 5595 Hispaniis
1384 5539 1400 5578 :
1431 5522 1661 5577 dissidia
1702 5521 1877 5591 septi-

297 5638 390 5677 mo
437 5621 639 5677 saeculo
692 5626 984 5673 moverunt
1038 5615 1402 5672 Monothelitw
1443 5614 1875 5693 Costantinopo-

299 5714 459 5771 litani
493 5730 509 5767 :
549 5720 606 5768 et
656 5711 977 5782 insequenti
1007 5723 1204 5767 octavo
1244 5709 1452 5766 bellum
1484 5707 1686 5778 irrupit
1715 5721 1877 5779 aper-

298 5820 428 5866 tum.
457 5807 562 5864 sub
590 5804 981 5869 Iconomachis.
1037 5803 1180 5861 Hinc
1210 5801 1455 5875 additam
1498 5799 1554 5863 in
1598 5796 1878 5877 Hispaniis

298 5918 491 5959 vocent
532 5902 679 5959 illam
720 5909 878 5957 sexto
912 5898 1149 5963 seculo,
1207 5905 1362 5952 certo
1413 5894 1624 5951 scimus
1660 5912 1674 5946 :
1705 5893 1876 5950 idem-

306 6013 414 6068 que
445 5996 650 6052 factum
682 6009 803 6053 esse
853 5995 908 6050 in
951 5990 1246 6050 Gallicanis
1280 5986 1745 6045 verisimillimum
1793 5999 1878 6043 est

1981 4778 2117 4831 hunc
2149 4794 2441 4831 sermonem
2470 4776 2640 4847 (quod
2671 4792 2735 4831 ex
2767 4776 2928 4831 Patre
2960 4776 3214 4847 Filioque
3256 4779 3557 4848 procedit),

1978 4869 2126 4941 quod
2162 4869 2405 4925 haeretici
2445 4884 2656 4924 sumus.
2706 4888 2724 4920 ι
2767 4868 2986 4923 Turbas
3018 4884 3152 4938 ergo
3196 4885 3301 4924 non
3339 4869 3391 4923 in
3432 4870 3563 4926 Gui-

1978 4963 2070 5019 liis
2094 4963 2346 5020 Joannes
2388 4962 2481 5017 ille
2536 4964 2841 5017 monachus
2886 4962 3192 5025 exciverat,
3226 4964 3322 5018 sed
3362 4963 3561 5017 Hiero-

1978 5057 2203 5128 solyma:
2234 5067 2426 5112 contra
2459 5054 2686 5110 Latinos
2737 5057 2943 5110 montis
2984 5053 3188 5110 Oliveti
3225 5057 3556 5119 monachos,

1980 5150 2073 5217 qui
2118 5158 2407 5219 propterea
2441 5147 2755 5218 praesidium
2800 5156 2857 5201 et
2889 5162 3050 5216 opem
3084 5146 3288 5201 summi
3320 5147 3558 5202 Romani

1978 5240 2261 5295 Pontiﬁcis
2291 5247 2487 5309 petunt
2520 5254 2583 5293 ac
2614 5238 2931 5307 implorant.

2052 5335 2315 5403 inquiunt
2343 5349 2477 5389 vero
2510 5350 2525 5389 :
2578 5351 2596 5383 ι
2633 5333 2745 5403 Ego
2796 5331 2894 5386 Leo
2940 5345 3138 5387 servus
3172 5342 3355 5389 vester
3388 5335 3562 5397 (unus

1978 5446 2046 5486 ex
2087 5430 2293 5484 eisdem
2349 5429 2555 5483 montis
2588 5426 2788 5482 Oliveli
2845 5425 3165 5492 monachis,
3200 5438 3261 5482 ut
3290 5427 3436 5484 intra
3500 5429 3558 5485 in

1981 5520 2542 5590 subscriptionibus),
2592 5520 2722 5576 dum
2774 5533 2955 5573 essem
2987 5516 3054 5571 ad
3086 5527 3277 5574 sancta
3314 5523 3556 5593 vestigia

1981 5625 2161 5671 vestra
2194 5614 2448 5685 (Romae),
2481 5624 2539 5669 et
2576 5614 2642 5668 ad
2698 5616 2787 5683 pia
2839 5618 3068 5688 vestigia
3116 5617 3337 5673 Domini
3369 5618 3560 5675 Karoli

1980 5707 2216 5789 piissimi
2269 5706 2638 5789 imperatoris.
2690 5705 2927 5787 Filiique
2974 5711 3180 5776 vestri,
3237 5710 3559 5786 audivimus

1982 5784 2037 5876 ui
2068 5784 2775 5885 1‘82Capella'ejus'dici
2808 5803 2881 5884 in
2939 5802 3201 5874 Symbolo
3249 5784 3420 5869 ﬁdei,
3454 5803 3562 5871 Qui

1982 5910 2047 5950 ea:
2092 5892 2257 5949 Patre
2310 5892 2550 5963 Filioque
2585 5891 2841 5962 procedit.
2891 5893 2961 5950 Et
3002 5894 3057 5948 in
3098 5893 3325 5950 homilia
3381 5886 3560 5951 sancti

1981 5986 2269 6058 Gregorii,
2302 6001 2466 6056 quam
2508 5986 2668 6043 nobis
2712 5987 2858 6043 ﬁlius
2910 5998 3125 6049 voster.
3159 5993 3400 6047 domnus
3455 5987 3561 6047 Ka-
