3852 6460
273 323 412 394 18ῐ,

1415 319 1615 381 VlTA.
1660 342 1727 352 —
1768 314 2279 376 DlSSERTATIO
2322 314 2407 375 II.

3433 305 3571 371 183‘

285 437 441 490 rolus
469 435 772 504 imperator
798 431 972 498 dedit,
1014 435 1067 485 in
1107 429 1366 500 parabola
1395 431 1727 487 Octavarum
1760 431 1858 484 Pa-
1885 437 1930 492 Α
1964 430 2124 483 Patre
2147 438 2197 482 et
2225 424 2364 480 Filio
2426 425 2702 497 proceden.
2729 421 3143 486 Animadverte,
3185 422 3530 491 processiouis

276 532 448 589 scim,
487 527 579 580 ubi
617 524 778 587 dixit.
815 523 922 579 Sed
960 523 1070 594 ejus
1108 523 1287 576 missio
1317 524 1431 592 ipsa
1464 523 1724 592 processio
1755 531 1854 585 est,

273 622 366 691 qui
397 623 461 673 de
496 619 662 672 Patre
688 618 922 688 procedit
950 628 999 670 et
1035 615 1199 670 Filio.
1241 615 1307 670 Et
1345 617 1400 669 in
1449 615 1659 686 Regula
1681 613 1855 670 sancti

275 712 600 777 Benedicti,_
629 726 796 780 quam
849 709 1009 763 nobis
1050 709 1202 762 dedit
1249 708 1395 762 lilius
1416 717 1597 762 vester
1620 707 1857 761 domnus

277 804 539 862 Karolus.
584 819 708 871 quae
759 801 928 856 habet
969 799 1130 855 {idem
1183 801 1447 870 scriptam
1483 800 1550 853 de
1582 807 1769 851 sancta
1803 806 1859 853 et

279 895 638 964 inseparabili
709 893 1020 952 Trinitate.
1072 892 1278 946 dicitur
1330 910 1342 944 :
1393 889 1562 945 Credo
1596 889 1858 960 Spiritum

277 999 544 1043 sanctum.
585 986 750 1038 Deum
783 1001 987 1045 verum.
1018 999 1080 1037 ex
1114 983 1277 1036 Patre
1301 983 1669 1053 procedentem
1697 991 1744 1034 et
1771 978 1860 1034 Fi-

283 1076 377 1129 lio.
415 1072 479 1127 Et
512 1075 565 1127 in
617 1074 841 1144 Dialogo
871 1115 887 1138 ,
941 1090 1101 1143 quem
1139 1073 1298 1128 nobis
1358 1083 1538 1127 vestra
1597 1073 1859 1141 sanctitas

285 1167 417 1218 dare
452 1165 674 1230 dignata
705 1175 809 1226 est,
845 1165 1101 1218 similiter
1139 1163 1294 1220 dicit.
1330 1163 1397 1216 Et
1443 1163 1496 1216 in
1545 1161 1647 1216 ﬁde
1683 1162 1858 1216 sancti

284 1255 572 1308 Athanasii
627 1254 822 1308 eodem
873 1254 1036 1308 modo
1072 1254 1225 1309 dicit.
1267 1273 1286 1306 ι
1332 1254 1428 1308 His
1459 1253 1636 1308 Latini
1670 1269 1861 1306 mona—

288 1349 379 1400 chi
416 1347 776 1402 vindicabant
826 1347 1176 1400 documentis
1213 1346 1541 1415 particulam
1572 1343 1858 1414 Filioque,

288 1455 454 1507 quam
486 1438 734 1510 Symbolo
777 1439 1371 1509 ConstantinOpolitano
1411 1440 1671 1494 insertam
1714 1441 1862 1510 lege-

288 1533 457 1595 haut,
514 1531 932 1602 canebantque;
975 1547 1205 1601 eamque
1254 1533 1444 1587 eodem
1494 1532 1548 1585 in
1600 1532 1863 1602 Symbolo

287 1625 391 1676 dici
424 1625 781 1681 consuevisse
808 1627 863 1678 in
891 1623 1102 1695 capella
1146 1624 1327 1682 Caroli
1380 1617 1568 1695 Magni
1616 1625 1860 1695 impera-

290 1717 448 1780 toris,
484 1727 784 1771 testantur.

1959 538 2020 574 ex
2061 531 2284 590 utroque
2334 519 2528 588 dogma
2585 514 2952 572 confirmari:
3003 515 3070 569 de
3121 514 3419 584 adjectione
3463 513 3529 568 ad

1959 612 2280 684 Symbolum
2349 609 3017 679 Coustantinopolitanum
3077 607 3284 662 nullam
3353 607 3532 678 iugeri

1959 707 2315 760 mentionem.
2410 698 2412 700 ⁷

2031 797 2225 852 Habita
2281 814 2411 852 vero
2455 797 2784 867 Aquisgrani
2834 795 3078 867 synodus
3111 812 3140 850 a
3184 795 3383 851 Carolo
3425 795 3534 850 Ma-

1959 907 2065 961 gno
2088 892 2151 945 de
2181 892 2509 962 processionc
2543 889 2772 960 Spiritus
2807 889 3001 945 sancti.
3062 887 3199 942 Tum
3228 887 3392 957 legati
3425 886 3534 943 Ro.

1959 1001 2104 1038 mam
2157 983 2342 1047 missi,
2391 994 2450 1036 ut
2503 992 2648 1036 mota
2680 981 2902 1052 qua’stio
2947 978 3262 1045 deﬁniretur
3290 1021 3306 1042 ,
3341 987 3401 1032 ut
3459 980 3540 1034 ait

1959 1077 2294 1143 Eginardus.
2333 1077 2494 1132 Putat
2526 1075 2797 1129 Baronius
2844 1073 2911 1128 ad
2966 1088 3172 1126 annum
3211 1071 3337 1138 809,
3375 1088 3532 1127 num.

1962 1171 2030 1224 53
2067 1189 2079 1224 :
2118 1189 2135 1222 ι
2169 1169 2486 1224 Tractatum
2518 1184 2627 1222 non
2662 1167 2853 1230 fuisse,
2879 1183 3007 1220 num
3038 1164 3280 1236 Spiritus
3311 1177 3548 1220 sanctus-

1963 1281 1992 1316 a
2039 1263 2199 1316 Patre
2248 1261 2496 1332 Filioque
2545 1260 2888 1327 procederet:
2922 1259 3015 1312 sed
3049 1258 3194 1328 quod
3236 1267 3347 1312 tum
3393 1258 3550 1324 apud‘

1965 1353 2258 1422 liispanos,
2295 1367 2408 1408 tum
2441 1352 2583 1422 apud
2630 1352 2815 1406 Gallos
2853 1352 3053 1406 additae
3107 1352 3336 1406 fuerunt
3389 1367 3543 1424 sym-

1963 1447 2088 1502 bolo
2122 1456 2361 1515 quatuor
2389 1447 2492 1500 illa:
2525 1445 2769 1515 syllabte,
2805 1441 3088 1514 Filioque;
3137 1460 3266 1498 num
3307 1445 3359 1498 id
3397 1445 3537 1499 bene

1964 1539 2167 1594 factum
2203 1548 2366 1598 esset.
2401 1547 2457 1592 ut
2489 1547 2543 1593 et
2575 1537 2648 1591 ita
2683 1547 2894 1591 auctum
2927 1535 3231 1607 Symbolum
3260 1538 3316 1590 in
3351 1535 3537 1591 Eccle-

1965 1629 2040 1682 sia
2089 1638 2400 1684 caneretur.
2443 1648 2459 1679 ι
2501 1628 2616 1681 lino
2659 1628 2726 1682 de
2763 1630 2877 1695 ipsa
2931 1626 3170 1696 Spiritus
3205 1627 3380 1680 sancti
3414 1641 3536 1693 pro-

1967 1723 2240 1780 cessione,
2265 1730 2450 1775 utrum
2484 1738 2515 1773 a
2553 1719 2714 1772 Patre
2747 1727 2978 1781 tantum,
3004 1735 3072 1771 an
3107 1736 3136 1771 a
3169 1716 3336 1772 Patre
3373 1715 3538 1771 Filio-

358 1809 651 1864 Snmmum
679 1811 1000 1866 Pontilicem
1031 1813 1192 1867 enixe
1223 1824 1418 1884 rogant
1451 1831 1464 1866 :
1504 1831 1522 1865 ι
1565 1810 1633 1868 Ut
1671 1812 1862 1882 digne-
1891 1797 1939 1858 Β
1968 1827 2066 1882 que
2102 1811 2392 1882 procedat,
2429 1821 2628 1865 motam
2679 1826 2799 1864 esse
2840 1826 2868 1862 a
2918 1808 3121 1864 Graecis
3155 1810 3535 1878 quaestionem,

285 1904 363 1958 ris
396 1904 725 1973 (inquiunt),
789 1915 896 1959 tam
942 1908 996 1960 in
1029 1907 1244 1970 Gra'co,
1283 1924 1446 1978 quam
1482 1909 1539 1962 in
1573 1907 1762 1962 Latino
1787 1906 1857 1960 de

283 1997 492 2049 satietis
520 1997 820 2062 Patribus,
873 1999 967 2069 qui
1021 2001 1339 2071 Symbolum
1397 2010 1855 2069 composuerunt,

285 2087 567 2154 inquirere
615 2105 928 2144 sermonem
961 2091 1125 2144 istum
1154 2131 1168 2157 ,
1221 2091 1312 2144 ubi
1345 2091 1546 2146 dicitur
1577 2089 1663 2144 Ex
1695 2091 1859 2144 Patre

285 2176 533 2248 Filioque
561 2181 822 2248 procedit.
871 2180 938 2235 Et
978 2182 1029 2234 in
1063 2180 1250 2235 Graeco
1301 2197 1408 2235 non
1446 2181 1673 2247 dicunt,
1716 2181 1859 2234 sicut

288 2286 387 2323 nos
429 2289 442 2322 :
473 2270 570 2324 sed
603 2271 816 2334 dicunt,
852 2273 954 2335 Qui
982 2287 1046 2325 ea:
1081 2271 1251 2326 Patre
1285 2273 1557 2343 procedit;
1594 2281 1648 2326 et
1680 2272 1860 2326 rident

286 2365 449 2421 istum
494 2381 808 2418 sermonem
859 2382 1079 2435 gravem
1112 2409 1126 2429 ,
1181 2382 1342 2434 quem
1381 2381 1482 2421 nos
1513 2367 1752 2422 dicimus
1801 2367 1857 2420 in

288 2459 508 2512 Latino.
545 2458 613 2512 Et
644 2464 906 2514 mandare
939 2460 1188 2530 digneris
1222 2461 1426 2515 domno
1460 2459 1658 2514 Karolo
1688 2460 1861 2530 impe-

291 2553 460 2606 ratori
518 2552 633 2606 lilio
671 2562 875 2616 vestro,
909 2554 1051 2623 quod
1107 2569 1208 2607 nos
1257 2554 1420 2608 istum
1457 2569 1766 2609 sermonem
1805 2554 1860 2606 in

287 2647 404 2716 ejus
466 2646 678 2714 capella
721 2649 1029 2703 audivimus
1084 2665 1099 2702 :
1142 2649 1244 2714 Qui
1295 2665 1358 2702 ex
1400 2649 1566 2703 Patre
1615 2646 1863 2718 Filioque

288 2740 544 2808 procedit.
595 2760 613 2792 ι
655 2741 914 2806 Epistulae
949 2741 1292 2810 subscriptus
1338 2741 1572 2810 legimus
1620 2741 1862 2796 Domini-

287 2849 427 2889 cum.
450 2832 797 2890 Theodorum.
824 2835 1200 2897 Arimttndum,
1227 2834 1554 2903 Gregorium,
1577 2833 1861 2898 Joannem,

289 2922 538 2986 Leonem,
567 2935 615 2977 et
647 2942 852 2979 omnem
889 2928 1343 2996 congregationem
1379 2929 1440 2982 de
1472 2936 1646 2982 monte
1680 2936 1864 2981 sancto

290 3020 494 3072 Oliveti.
523 3019 878 3074 Aildiscimus
919 3021 1095 3089 primo
1139 3019 1446 3091 Symbolum
1485 3020 1868 3076 Constantino-

293 3111 593 3179 politanum
626 3115 748 3166 cani
777 3115 1132 3168 consuevisse
1171 3115 1226 3167 in
1272 3115 1424 3184 regio
1467 3114 1648 3168 Caroli
1685 3114 1864 3184 Magni

297 3209 499 3260 sacello
532 3216 753 3262 auctum
784 3208 1075 3275 particula,
1116 3207 1363 3279 Filioque
1390 3225 1410 3264 :
1447 3209 1678 3280 hujusce
1709 3209 1865 3262 addi-

294 3305 460 3354 tionis
490 3301 760 3368 originem
794 3301 1072 3370 ignorasse
1111 3302 1414 3357 monachos
1440 3302 1564 3356 illos
1591 3301 1646 3356 in
1679 3312 1865 3357 monte

297 3393 519 3454 Oliveti.
567 3409 891 3462 moremque
937 3394 1280 3449 Gallicanum
1308 3411 1410 3448 suo
1441 3396 1498 3449 in
1531 3395 1866 3450 monasterio

294 3501 546 3540 servasse
591 3489 882 3554 :adeoque
931 3487 1090 3554 longe
1146 3497 1270 3542 ante
1325 3487 1618 3543 concilium
1665 3489 1869 3557 Aquis-

297 3596 563 3647 ;ranense
587 3596 720 3634 voce
756 3581 844 3634 illa
879 3579 1189 3650 Symbolum
1215 3580 1872 3653 Constantinopolitauum

299 3675 598 3729 Gallicanis
628 3675 684 3728 in
716 3675 980 3729 Ecclesiis
1011 3686 1232 3730 auctum
1265 3677 1456 3730 fuisse.

370 3766 544 3832 Quam
583 3767 696 3822 Leo
728 3768 790 3822 lll
828 3778 1118 3839 acceperat
1164 3785 1194 3822 a
1244 3771 1550 3834 monachis.
1592 3771 1662 3826 ad
1701 3771 1872 3827 Caro-

306 3862 414 3913 hnu
479 3861 734 3930 Magnum
788 3863 1096 3916 transmisit
1142 3864 1449 3932 epistolam.
1500 3863 1653 3919 Fidei
1707 3866 1874 3920 etiam

306 3955 709 4008 confessionem
739 3954 1046 4024 subjunxit,
1065 3955 1132 4008 ad
1151 3955 1384 4009 eosdem
1415 3957 1717 4012 monachos
1747 3973 1877 4026 per-

309 4047 592 4100 ferendam
637 4062 654 4100 :
709 4047 824 4100 haec
865 4048 1133 4101 habentur
1165 4048 1351 4101 omnia
1395 4048 1539 4117 apud
1592 4049 1873 4104 laudatum

315 4138 589 4191 ltaluzium
618 4156 630 4190 :
659 4157 678 4189 ι
716 4139 948 4193 Domino
976 4141 1226 4208 piissimo
1246 4153 1303 4196 et
1329 4143 1682 4197 serenissimo
1710 4147 1880 4198 victo-

315 4249 349 4284 l'l
404 4247 467 4286 ac
517 4232 902 4300 triumphatori
962 4232 1072 4285 lilio
1112 4235 1340 4287 amatori
1409 4234 1501 4289 Dei
1551 4244 1607 4290 ct
1660 4235 1877 4290 Domini

313 4327 480 4378 nostri
513 4325 644 4379 Jesu
681 4324 888 4379 Christi
921 4325 1118 4380 Carolo
1150 4329 1418 4396 Augusto,
1447 4327 1560 4380 Leo
1584 4328 1878 4397 episcopus

313 4434 500 4472 servus
540 4434 828 4472 servorum
876 4419 1041 4472 Dei...
1076 4421 1336 4474 Praesenti
1373 4437 1518 4476 anno
1557 4423 1880 4476 direxerunt

1966 1920 2198 1974 eamque
2230 1906 2556 1967 discussam,
2593 1919 2689 1973 pro
2739 1911 2894 1956 certo
2948 1902 3150 1956 habent
3180 1900 3451 1967 Cointins,
3487 1911 3539 1955 et

1960 2000 2186 2067 Pagius,
2217 1999 2422 2066 aliique
2454 1998 2554 2052 viri
2601 1997 2769 2051 docti.
2817 1997 3163 2066 Evangelicis
3189 1994 3539 2051 documentis

1967 2092 2260 2152 instructa,
2311 2106 2373 2146 ac
2421 2091 2646 2145 Patrum
2689 2090 3078 2143 traditionibus
3110 2089 3318 2143 munita
3352 2090 3538 2144 docuit

1966 2200 2186 2255 semper
2214 2186 2458 2238 Romana
2487 2183 2732 2238 Ecclesia
2761 2182 2999 2253 Spiritus
3029 2184 3200 2236 sancti
3235 2181 3540 2252 processio-

1966 2291 2093 2330 nem
2148 2275 2215 2329 ab
2266 2286 2519 2344 utroque.
2560 2273 2815 2328 Nondum
2847 2289 2968 2328 eam
3002 2273 3422 2326 additamentum
3453 2286 3539 2325 te-

1967 2367 2186 2437 ccpisse
2218 2367 2284 2422 ad
2315 2366 2636 2437 Symbolum
2669 2363 3368 2434 Constantinopolitanum,
3389 2373 3541 2418 certo

1966 2460 2231 2515 evincunt
2269 2475 2390 2530 qua:
2438 2458 2706 2513 hactenus
2755 2456 3142 2512 disseruimus.
3199 2455 3341 2510 Num
3405 2455 3541 2512 illud

1968 2553 2070 2608 hac
2097 2562 2259 2608 aetate
2291 2550 2710 2623 approbaverit,
2745 2551 3151 2622 receperitque,
3192 2549 3334 2604 infra
3357 2548 3544 2606 dicen-

1967 2645 2121 2702 dum.

2044 2742 2133 2796 lll.
2177 2743 2336 2797 Anno
2367 2743 2471 2798 787
2506 2752 2694 2798 coacta
2735 2756 2800 2796 ac
2851 2740 3132 2797 celebrata
3176 2739 3284 2794 fuit
3317 2737 3542 2794 Nicana

1968 2836 2226 2897 secunda,
2264 2851 2328 2890 ac
2360 2837 2594 2906 septima
2635 2835 2981 2891 mcumenica
3027 2832 3290 2905 synodus.
3327 2830 3542 2886 Editam

1974 2937 2166 2984 contra
2225 2930 2623 2985 lconomachos
2673 2929 3055 2984 deﬁnitionem
3107 2926 3232 2981 ﬁdei
3294 2926 3542 2980 continet

1973 3025 2120 3077 actio
2170 3022 2238 3087 7,
2282 3023 2337 3077 in
2372 3038 2480 3092 qua
2535 3020 2846 3091 Symbolum
2890 3017 3544 3090 Constantinopolitauum

1975 3113 2244 3170 insertum
2275 3116 2498 3184 legitur.
2529 3115 2737 3170 Textus
2771 3113 2996 3169 Graecus
3039 3113 3154 3166 haec
3201 3119 3414 3165 tantum
3440 3109 3542 3164 ba-

1970 3209 2064 3262 bct
2119 3207 2287 3262 verba
2324 3225 2336 3262 :
2369 3207 2443 3262 Τὸ
2477 3211 2539 3261 ὲκ
2585 3207 2680 3260 τοῦ
2717 3207 2929 3276 [Ιατρδς
2981 3202 3441 3275 ἐκπορευόμενον,
3480 3217 3545 3257 cz

1974 3299 2136 3370 Patre
2161 3300 2549 3370 procedentem.
2586 3299 2778 3363 Versio
2814 3297 3006 3353 Latina
3036 3339 3050 3362 ,
3098 3313 3222 3368 quas
3249 3313 3281 3351 e
3313 3295 3544 3365 regione

1969 3395 2298 3464 prostat,sic
2333 3394 2498 3450 habet
2527 3411 2540 3447 :
2577 3395 2678 3458 Qui
2715 3409 2778 3448 ea:
2816 3393 2979 3447 Patre
3016 3391 3262 3462 Filioque
3290 3387 3544 3459 procedit.

1971 3486 2108 3541 Nota
2133 3487 2450 3556 appiugitur
2475 3486 2529 3540 in
2551 3485 2992 3542 Collectionibus
3015 3483 3375 3541 conciliorum
3399 3481 3546 3551 apud

1973 3581 2252 3637 Labbeum
2276 3621 2291 3646 ,
2324 3594 2381 3639 et
2424 3583 2769 3638 llarduinum
2797 3623 2812 3647 ,
2873 3597 3063 3638 vocem
3095 3581 3244 3636 illam
3280 3578 3460 3635 omitti
3491 3577 3545 3631 in

1973 3675 2149 3728 codice
2203 3673 2480 3746 Jolyauo,
2525 3685 2582 3731 et
2638 3676 2691 3730 in
2743 3677 2852 3731 alio
2887 3691 3047 3745 quem
3096 3683 3258 3728 vocat
3307 3679 3545 3726 nostrum

1976 3763 2315 3822 Harduinus.
2356 3767 2475 3822 Alia
2520 3778 2698 3822 exstat
2741 3767 2886 3836 apud
2932 3767 3214 3821 laudatum
3262 3762 3547 3819 Labbeum

1978 3857 2174 3912 Latina
2207 3859 2388 3914 versio
2433 3859 2664 3928 hujusce
2695 3859 2892 3928 synodi
2932 3859 3184 3927 septimae
3206 3899 3220 3919 .
3253 3872 3420 3928 quam
3454 3873 3550 3913 vo-

1977 3958 2064 4004 cat
2094 3950 2211 4018 ipse
2250 3949 2524 4019 vulgatam
2553 3959 2602 4003 et
2637 3953 2917 4021 antiquam
2951 3965 2971 4004 .°
3019 3950 3112 4005 sed
3159 3965 3445 4020 perperam
3475 3949 3548 4004 ita

1979 4043 2166 4098 vocari
2209 4044 2439 4098 adnotat
2482 4044 2825 4112 llarduinus,
2857 4060 2983 4101 cum
3017 4055 3210 4099 auctor
3235 4047 3356 4113 ejus
3385 4043 3551 4098 fuerit

1979 4135 2254 4206 Gybertus
2284 4135 2607 4208 Longolius,
2649 4139 2744 4208 qui
2795 4153 2914 4192 eam
2958 4137 3198 4194 Coloniae
3229 4140 3408 4206 primo
3433 4136 3550 4192 edi-

1981 4227 2062 4282 dit
2093 4243 2237 4282 anno
2267 4228 2429 4284 1540.
2464 4229 2519 4284 ln
2554 4231 2656 4286 hac
2679 4229 2848 4286 verba
2881 4231 2973 4285 illa
2999 4233 3118 4284 loco
3149 4230 3318 4285 citato
3345 4228 3555 4286 haben-

1983 4330 2072 4374 tur
2107 4339 2118 4375 :
2148 4320 2215 4375 Et
2249 4323 2302 4376 in
2333 4321 2594 4392 Spiritum
2623 4334 2890 4387 sanctum,
2927 4323 3210 4377 Dominum
3232 4365 3247 4390 ,
3278 4321 3557 4392 uiuiﬁcan-

1983 4419 2108 4478 tem,
2139 4415 2231 4480 qui
2253 4429 2318 4467 ea;
2347 4412 2511 4468 Patre
2547 4414 2792 4483 Filioque
2823 4417 3080 4484 procedit.

315 4512 469 4564 nobis
493 4510 779 4577 epistolam
817 4512 1088 4569 monachi.
1135 4515 1226 4579 qui
1261 4513 1314 4566 iu
1343 4523 1526 4567 sancto
1553 4525 1728 4568 monte
1756 4516 1869 4570 Oli-

2056 4503 2220 4576 ιεά.
2260 4506 2315 4558 In
2363 4505 2575 4561 Latinis
2616 4508 2838 4561 concilii
2884 4508 3186 4564 Florentini
3233 4509 3401 4572 Actis,
3435 4525 3556 4579 quas

314 4606 410 4657 tuti
457 4614 786 4669 morantur,
826 4605 950 4658 iidei
1007 4606 1422 4660 contentionem
1477 4608 1876 4676 continentem,

311 4712 474 4761 quam
511 4697 658 4749 inter
699 4711 758 4750 se
798 4697 1096 4751 habebant.
1127 4697 1238 4752 Nos
1269 4715 1402 4752 vero
1442 4699 1754 4770 Symbolum
1794 4718 1882 4754 or-

311 4789 554 4842 thodoxa:
594 4789 722 4856 ﬁdei
774 4791 881 4844 illis
928 4791 1214 4852 misimus.
1263 4803 1534 4861 quatenus
1564 4810 1758 4848 omnes
1791 4810 1881 4848 se-

310 4896 417 4933 cun
442 4887 553 4933 tum
589 4881 730 4935 hanc
753 4892 996 4935 nostram
1023 4893 1265 4936 sanctam
1292 4886 1614 4940 catholicam
1639 4899 1693 4941 et
1724 4888 1880 4957 183

311 4972 672 5037 apostolicam
710 4971 1034 5036 Ecclesiam,
1073 4983 1280 5026 rectam
1333 4983 1389 5028 ct
1441 4975 1759 5029 inviolatam
1799 4988 1884 5029 te-

312 5075 474 5127 ineant
508 5063 694 5126 ﬁdem,
728 5080 888 5133 quant
929 5081 1049 5118 vero
1073 5066 1351 5132 epistolam
1383 5076 1580 5121 vestrae
1610 5069 1883 5137 imperiali

315 5156 574 5224 potentiae
622 5155 872 5208 misimus
902 5157 1272 5224 relegeudam.
1313 5177 1331 5208 ›
1365 5157 1502 5211 Tutu
1556 5160 1751 5213 Carolo
1788 5161 1887 5213 im-

316 5250 544 5316 pensius
592 5248 944 5301 commendat
996 5249 1324 5305 monachos.
1381 5251 1536 5316 Quod
1575 5251 1884 5322 Symbolum

313 5341 778 5408 orthodoxa'ﬁdci
812 5351 985 5406 vocat,
1025 5341 1226 5395 ibidem
1275 5344 1628 5411 subjuuctum
1663 5345 1883 5414 legitur.

315 5433 434 5486 Non
460 5444 544 5486 est
577 5431 898 5502 Symbolum
936 5431 1628 5503 Constantinopolitanum,
1655 5437 1752 5491 sed
1780 5438 1886 5491 alia

316 5527 556 5580 formula
585 5567 600 5589 ,
638 5541 760 5594 qua:
809 5526 1050 5595 prmdicti
1109 5526 1353 5597 Symboti
1399 5529 1665 5584 articulos
1726 5532 1888 5586 latius

317 5621 596 5688 explanat.
652 5619 848 5690 Incipit
895 5638 908 5674 :
949 5620 1224 5676 Credimus
1261 5631 1506 5677 sanctam
1553 5625 1886 5690 Trinitatem,

321 5715 375 5764 id
410 5721 488 5765 est
527 5709 768 5774 Patrem,
812 5709 1035 5775 Filium,
1065 5724 1114 5765 et
1153 5712 1409 5776 Spiritum
1442 5723 1706 5780 sanctum,
1739 5727 1843 5772 etc.
1872 5735 1885 5783 ;

325 5804 381 5858 in
417 5821 592 5874 caque
629 5805 830 5882 dicitur
877 5806 1108 5874 Spiritus
1140 5819 1352 5861 sanctus
1387 5807 1573 5876 plenus
1621 5809 1781 5875 Deus,
1826 5827 1887 5866 cx

1983 4596 2243 4652 Horatius
2269 4598 2618 4658 Justiuianus
2663 4600 2919 4670 collegit,
2970 4601 3264 4670 disposuit,
3311 4610 3368 4654 et
3413 4599 3558 4655 notis

1986 4695 2314 4759 illustravit,
2353 4696 2472 4751 haec
2528 4696 2802 4750 habentur
2858 4698 3154 4752 collatione
3205 4712 3259 4751 νι
3301 4715 3316 4750 :
3364 4715 3384 4748 s
3421 4698 3556 4752 Cum

1986 4791 2233 4856 septimas
2292 4789 2486 4859 synodi
2537 4789 2812 4859 legeretur
2858 4788 3211 4858 Symbolum,
3265 4787 3560 4843 cardinalis

1987 4881 2282 4950 (Julianus)
2322 4881 2514 4936 librum
2545 4881 2798 4935 Latinum
2829 4881 3078 4936 exhibuit
3105 4880 3556 4950 antiquissimum,

1990 4975 2080 5028 ubi
2134 4976 2187 5028 in
2222 4975 2471 5045 Symbolo
2527 4975 2674 5028 illius
2727 4974 2948 5028 concilii
2985 4983 3140 5036 erat,
3184 4969 3459 5044 Filioque.
3494 4971 3561 5026 Et

1988 5068 2276 5134 adiunxit,
2326 5068 2467 5136 quod
2506 5083 2570 5120 ex
2613 5067 2873 5122 Chronica
2933 5064 3269 5120 Martiniana
3305 5065 3558 5128 habetur,

1990 5161 2042 5212 iu
2078 5159 2173 5213 illo
2224 5159 2464 5212 concilio
2497 5157 2692 5227 dogma
2746 5155 2882 5210 illud
2929 5155 3102 5212 fuisse
3135 5155 3495 5225 explicatum.
3537 5172 3555 5205 ι

1989 5252 2188 5306 lterum
2223 5251 2474 5308 Julianus
2501 5251 2578 5304 ait
2618 5267 2632 5303 :
2669 5251 2806 5315 Quia
2855 5249 3167 5321 Symbolum
3195 5249 3408 5320 septimi
3437 5264 3562 5302 con-

1989 5345 2097 5400 cilii
2137 5361 2232 5415 per
2279 5362 2365 5399 eos
2421 5343 2687 5414 (Graecos)
2736 5344 2929 5397 lectum
2986 5359 3094 5397 non
3140 5340 3294 5397 habet
3347 5341 3560 5410 dogma,

1991 5437 2277 5508 Filioque;
2319 5446 2368 5491 et
2397 5454 2490 5491 uos
2535 5438 2788 5492 habemus
2815 5455 2936 5491 cum
2968 5435 3061 5490 illo
3096 5435 3251 5490 verba
3283 5448 3300 5487 .'
3333 5434 3560 5498 videtur,

1993 5543 2048 5588 ut
2087 5548 2148 5585 ex
2182 5541 2365 5586 nostro
2395 5547 2540 5586 more
2569 5533 2783 5602 legatur
2807 5573 2820 5596 ,
2869 5539 3022 5600 prout
3053 5531 3324 5586 habemus.
3361 5527 3565 5584 Conso-

1995 5635 2128 5680 naut
2160 5631 2290 5680 Acta
2321 5624 2737 5680 Graeco-Latina
2763 5625 3012 5679 sessione
3042 5624 3108 5678 5:
3150 5641 3169 5676 s
3201 5623 3274 5676 Ea
3310 5634 3441 5675 vero
3470 5620 3566 5676 de-

1995 5715 2171 5770 ﬁnitio
2209 5715 2426 5784 (synodi
2457 5715 2722 5784 septima.)
2750 5730 2874 5769 cum
2912 5729 2940 5769 a
2973 5714 3132 5770 nobis
3159 5711 3401 5783 (Graecis)
3426 5713 3562 5766 reci-

1997 5817 2203 5864 taretur
2228 5842 2244 5871 ,
2277 5809 2519 5876 prolatus
2547 5815 2629 5863 est
2655 5809 2792 5863 alter
2823 5809 2996 5864 codex
3016 5826 3041 5862 a
3070 5808 3274 5864 Latinis
3300 5806 3562 5874 antiquus
