3852 6462
272 323 382 392 1’3

1219 333 1543 395 GEORGII
1585 336 1839 396 C‘r’PRll
1886 336 1992 398 (ΞΡ.
2041 334 2549 399 ΡΑΤΗῘΑΗΟΗΕ

3410 334 3507 400 liii

274 439 703 511 manuscriptus,
752 440 802 493 in
852 458 959 510 quo
994 440 1181 495 eadem
1216 444 1380 513 hujus
1410 448 1606 516 synodi
1637 445 1833 499 dctlni-
1865 455 1909 508 Α
1939 446 2133 515 synodi
2167 448 2437 501 universae
2482 446 2859 500 deiinitionem
2895 444 3384 514 reprehendisset,
3446 444 3507 495 in

270 538 348 588 tio
377 532 791 589 continebatur.
818 534 1221 607 lttventttmque
1248 546 1352 601 cst,
1379 538 1471 592 ubi
1496 539 1561 592 de
1594 538 1834 607 Spiritus

270 625 444 680 sancti
499 626 789 680 divinitate
860 629 1061 696 agitur,
1116 630 1185 683 iis
1249 632 1437 685 verbis
1474 649 1488 685 :
1522 630 1605 685 Es:
1669 630 1835 686 Patre

270 721 657 789 procedentem,
688 718 937 773 additum
971 730 1017 773 et
1042 738 1107 775 ex
1128 721 1286 785 Filio,
1309 724 1452 777 sicut
1484 725 1586 792 ipsi
1620 723 1833 779 dicunt.

272 812 451 878 Atque
495 808 595 862 hac
626 808 695 863 de
747 826 806 863 re
832 805 1098 864 dmultum
1131 812 1374 868 habuere
1406 828 1740 879 sermonem,
1775 814 1837 867 li-

271 901 416 954 brum
451 901 610 956 nobis
640 903 993 958 ostendentes
1023 907 1177 973 quasi
1208 907 1484 974 antiquum
1516 921 1534 959 :
1572 920 1743 975 seque
1768 903 1836 959 de

274 990 373 1047 illo
401 993 695 1063 iactantes,
729 1007 785 1050 et
831 1013 967 1051 cum.
1006 1009 1194 1052 nostro
1240 999 1430 1053 codice
1472 998 1621 1052 illum
1654 997 1841 1052 conle-

272 1095 524 1141 rentes...
576 1085 687 1142 Nos
742 1087 909 1157 igitur
957 1089 1095 1143 nihil
1141 1089 1209 1144 ad
1271 1090 1377 1147 hac
1433 1089 1835 1160 respondimus,

274 1177 420 1244 quod
459 1192 569 1231 non
604 1179 792 1234 liceret
838 1197 936 1246 per
966 1191 1203 1251 tempus.
1256 1181 1491 1236 Tantum
1525 1197 1620 1237 eos
1670 1181 1838 1252 (quod

276 1270 378 1334 ipsi
416 1271 790 1341 postularunt)
824 1273 1022 1327 hortati
1054 1290 1277 1334 sumus.
1309 1286 1367 1328 ut
1400 1275 1696 1329 recitarent
1735 1276 1839 1329 hn-

265 1360 507 1427 jusnmtli
563 1365 1011 1432 espositioncm,
1061 1366 1206 1421 sicut
1265 1368 1318 1420 in
1381 1368 1523 1421 libro
1576 1369 1840 1439 SCI'iplUlll

271 1452 594 1507 habebatur.
637 1476 654 1503 ι

274 1586 291 1613 ,
347 1544 566 1599 Martini
604 1546 822 1612 Poloni,
848 1548 1009 1617 cujus
1029 1552 1288 1606 utebatur
1309 1553 1640 1607 auctoritate
1670 1551 1842 1607 Julia-

274 1653 380 1692 nus
410 1638 706 1694 cardinalis
728 1680 743 1705 ,
776 1642 943 1696 verba
992 1653 1121 1697 sunt
1174 1644 1225 1697 in
1281 1643 1562 1700 Chronico
1595 1661 1610 1700 :
1641 1645 1844 1699 Horum

274 1727 666 1796 (Constantini,
720 1741 774 1786 et
828 1733 1037 1801 lrenes)
1069 1736 1277 1806 imperii
1321 1753 1463 1791 anno
1511 1738 1544 1791 8
1590 1738 1729 1807 facta
1768 1747 1842 1791 est

1943 551 2046 603 qua
2078 547 2301 590 sanctus
2334 536 2575 607 Spiritus
2621 554 2727 590 non
2770 536 2976 591 dicitur
3001 553 3033 590 a
3077 534 3239 589 Patre
3267 552 3359 606 per
3410 533 3509 588 Fi-

1944 628 2072 681 lium
2100 629 2425 697 procedere?
2465 630 2592 685 Haec
2628 631 2819 699 utique
2854 629 3134 684 habentur
3153 631 3317 685 verba
3340 630 3511 684 actio-

1945 736 2010 771 ne
2037 721 2070 774 5
2102 720 2156 773 in
2186 719 2307 773 fidei
2339 720 2681 789 professione
2713 736 2741 774 a
2776 719 3005 773 'l'arasio
3036 719 3348 789 patriarcha
3370 717 3506 773 Con-

1946 811 2438 880 stantinopolitano
2470 812 2615 866 edita
2651 813 2821 867 instar
2857 810 3122 880 Symboli,
3156 811 3249 863 ubi
3274 812 3348 864 ait
3381 811 3508 863 illo:

1946 897 2013 952 Et
2034 901 2087 953 in
2120 899 2399 970 Spiritum,
2428 901 2734 966 Dominum,
2777 911 2826 955 et
2846 902 3222 970 viviﬁcantem,
3256 916 3320 955 ea:
3352 901 3515 955 Patre

1948 1006 2040 1059 per
2083 989 2131 1043 F
2134 991 2286 1045 ilium
2330 994 2715 1060 procedentem,
2744 1002 2793 1046 et
2825 994 3063 1047 eumdem
3108 993 3272 1047 Deum
3307 1008 3415 1046 esse
3462 1002 3511 1044 et

1945 1086 2207 1155 cognosci.
2254 1083 2378 1139 Haec
2409 1086 2482 1139 ita
2512 1101 2635 1140 cum
2670 1101 2793 1140 sese
2834 1084 3073 1140 habeant
3096 1125 3109 1147 ,
3146 1085 3393 1139 nondum
3448 1086 3513 1137 Ii-

1950 1175 2141 1244 qnidn,
2174 1192 2236 1229 ac
2286 1184 2438 1230 certo
2493 1185 2709 1231 constat
2760 1175 3084 1245 Symbolum
3129 1177 3517 1231 Constantino-

1950 1266 2255 1334 politanum
2291 1278 2417 1319 cum
2454 1267 2603 1321 vocis
2629 1263 2875 1337 Filioque
2905 1265 3196 1333 additione
3226 1266 3279 1320 in
3309 1266 3519 1336 synodo

1947 1357 2168 1413 Nirmua
2201 1374 2237 1413 tt
2271 1360 2560 1414 recitatum
2592 1359 2783 1415 fuisse.

2020 1449 2224 1504 Graecis
2281 1460 2550 1519 attamen,
2582 1451 2675 1521 qui
2734 1452 3145 1520 processionem
3189 1450 3252 1504 ab
3289 1462 3521 1518 utroque

1950 1541 2227 1611 rcjiciunt,
2287 1541 2450 1597 allata
2502 1542 2667 1596 verba
2716 1541 2924 1596 Tarasii
2957 1541 3193 1596 maxime
3224 1540 3521 1594 adversan-

1951 1639 2087 1688 tur:
2128 1648 2251 1688 cum
2315 1634 2580 1705 Spiritum
2631 1646 2878 1689 sanctum
2936 1652 2999 1689 es;
3048 1635 3212 1689 Patre
3244 1634 3522 1703 procedere

1950 1741 2041 1793 per
2080 1724 2279 1779 Filiam
2340 1727 2567 1797 perinde
2618 1743 2763 1791 esse,
2816 1743 2879 1782 ac
2941 1729 3119 1797 ipsum
3174 1743 3238 1780 cx
3287 1725 3447 1780 Patre
3472 1733 3523 1778 et

273 1824 507 1875 secunda
541 1824 771 1895 synodus
801 1827 854 1878 in
886 1825 1086 1891 Nicwa,
1112 1828 1200 1881 ubi
1231 1829 1515 1899 adfuerunt
1539 1832 1758 1884 trecenti
1795 1840 1843 1884 et

1960 1818 2095 1872 Filio
2145 1819 2444 1889 procedere,
2503 1819 2721 1875 invictis
2772 1818 2995 1873 Patrum
3062 1818 3393 1872 testimoniis
3414 1819 3513 1871 de-

281 1914 666 1985 quinquaginta
717 1914 908 1970 Patres
941 1933 960 1971 :
1007 1918 1062 1971 in
1094 1935 1197 1987 qua
1243 1920 1565 1989 aﬁirmatum
1605 1933 1679 1975 cst
1718 1920 1836 1993 Spi-

276 2012 437 2063 ritum
465 2020 709 2065 sanctum
737 2027 800 2064 ea:
836 2009 1000 2066 Patre
1029 2024 1077 2065 et
1105 2010 1239 2066 Filio
1264 2015 1565 2084 procedere.
1602 2014 1726 2071 llzcc
1755 2019 1840 2070 vi-

279 2101 483 2154 dentur
534 2100 856 2170 praedictum
910 2103 1061 2157 vocis
1116 2102 1364 2174 Filioque
1413 2105 1843 2161 additamentum

281 2189 553 2244 indicare.
590 2188 760 2245 Addit
793 2191 1062 2248 Barouius
1093 2193 1158 2248 ad
1189 2210 1394 2249 annum
1417 2196 1541 2251 787.
1574 2209 1726 2249 num.
1753 2196 1842 2262 5.9,

279 2283 329 2330 iii
365 2278 552 2336 haberi
606 2282 660 2334 in
712 2292 885 2337 cetere
934 2281 1293 2339 translatione
1337 2286 1613 2341 Anastasii
1650 2285 1846 2341 Biblio-

280 2372 501 2425 thecarii
524 2372 593 2425 ad
630 2370 895 2428 Joannem
938 2374 1079 2430 VIII
1120 2393 1320 2447 papam
1359 2379 1679 2447 conscripta,
1705 2387 1750 2431 ct
1789 2378 1846 2430 in

280 2461 462 2514 (.‘rteco
491 2469 657 2517 textu.
688 2461 762 2516 At
791 2463 846 2517 in
876 2465 1087 2535 synodo
1143 2466 1463 2521 Florentina
1525 2466 1648 2521 loco
1678 2466 1848 2522 citato

283 2566 390 2606 non
418 2554 685 2624 agebatur
717 2554 785 2611 de
818 2555 998 2613 Greco
1022 2566 1169 2613 textu
1215 2558 1553 2613 additionem
1586 2558 1845 2625 habente,

290 2658 480 2698 \erum
511 2645 580 2701 dc
618 2646 754 2701 libro
793 2648 986 2704 Latino
1024 2652 1414 2722 antiquissimo.
1462 2652 1544 2706 Ad
1574 2636 1847 2709 Anastasii

284 2737 703 2796 ltibliothecarii
738 2742 1156 2798 translationem
1189 2745 1336 2814 quod
1381 2744 1616 2810 attinet,
1652 2744 1850 2800 Petrus

284 2832 533 2888 Pithoeus
569 2833 623 2888 in
666 2850 763 2889 sua
818 2836 1059 2892 llistoria
1107 2838 1513 2894 Controversiae
1547 2841 1751 2894 veteris
1780 2840 1849 2895 de

285 2923 638 2989 processione
681 2925 924 2996 Spiritus
958 2926 1168 2993 sancti,
1198 2943 1318 2998 quae
1372 2938 1554 2985 exstat
1602 2929 1658 2984 in
1700 2930 1848 2984 calce

282 3017 486 3072 tiodicis
513 3018 787 3073 Canonum
813 3022 1002 3074 veteris
1037 3019 1285 3077 Ecclesiae
1314 3020 1601 3089 Romamn,
1654 3023 1851 3078 advero

279 3124 398 3164 sum
456 3107 695 3165 Baronio
759 3112 1015 3182 perhibet
1083 3115 1460 3171 testimonium
1511 3135 1525 3172 :
1578 3116 1851 3171 Anastasii

282 3201 344 3256 Π.
384 3200 449 3255 Ε.
479 3200 892 3271 Bibliothecarii,
928 3206 1218 3277 inquiens,
1245 3210 1336 3279 qui
1377 3211 1555 3264 eodem
1584 3212 1693 3281 fere
1717 3222 1847 3266 tem:

280 3311 406 3364 pore
435 3296 584 3361 vixit,
615 3297 777 3365 paulo
810 3305 927 3367 post
956 3299 1048 3352 sub
1076 3299 1285 3354 Joanne
1323 3299 1463 3355 VII]
1492 3303 1730 3356 eamdem
1762 3320 1850 3374 sy-

283 3387 479 3441 nodum
527 3387 847 3459 (Niczcnaut)
891 3389 1083 3446 Latine
1118 3394 1497 3461 interpretatus
1544 3406 1643 3463 est,
1689 3398 1851 3450 codex

280 3478 422 3547 apud
454 3496 545 3532 nos
573 3481 1000 3551 antiquisssimus
1045 3484 1175 3538 nihil
1205 3486 1317 3539 tale
1352 3490 1602 3541 continet.

353 3572 474 3625 Alio
511 3581 721 3642 pugnat
775 3585 1104 3645 argumento
1155 3577 1451 3633 Annalium
1498 3596 1697 3650 parens
1754 3596 1853 3648 pro

282 3665 589 3721 additione.
643 3667 827 3738 inquit
878 3686 1099 3726 numer.
1143 3672 1211 3727 59
1268 3688 1283 3727 :
1338 3688 1356 3722 ι
1403 3672 1675 3728 Caeterum
1710 3674 1853 3729 lihcr

283 3759 372 3814 ille
406 3758 611 3823 dictus,
641 3761 955 3831 Capitulare
987 3765 1239 3819 adversus
1272 3765 1550 3820 Nicwnam
1570 3769 1851 3835 synodum,

284 3852 489 3909 missus
512 3869 543 3908 a
569 3852 770 3909 Carolo
798 3853 992 3926 Magno
1015 3856 1083 3910 ad
1109 3855 1410 3911 Adrianum
1448 3857 1512 3929 (l)
1549 3858 1708 3930 135
1748 3857 1856 3913 Ro-

282 3961 504 4001 manum
566 3948 890 4003 Pontilicem
957 3948 1125 4019 (idem
1168 3948 1318 4019 Opus
1356 3959 1440 4005 est
1494 3966 1620 4005 cum
1677 3952 1855 4014 libris,

280 4040 375 4109 qui
431 4038 675 4094 Carolini
724 4040 1038 4111 vocantur),
1068 4057 1323 4113 quasnam
1375 4059 1633 4112 germana
1690 4044 1858 4097 fuerit

282 4135 450 4187 lectio
465 4133 797 4215 ejus‘textus
827 4133 903 4202 (in
937 4132 1199 4204 Sytuholo
1220 4132 1857 4205 Constantinopolitano)

282 4226 484 4280 edocet
527 4242 540 4279 :
584 4234 776 4295 utpote
843 4227 973 4297 quia
1006 4227 1074 4282 ab
1138 4237 1365 4285 auctore
1415 4229 1859 4298 reprehendatur

286 4317 453 4375 (libro
493 4331 576 4381 tn,
609 4317 788 4384 capite
819 4316 874 4388 '5)
897 4360 911 4382 ,
949 4318 1098 4389 quod
1128 4319 1387 4374 Tarasius
1419 4336 1525 4374 non
1559 4328 1698 4373 recte
1740 4335 1861 4374 seu.

287 4414 408 4474 tiat,
441 4411 532 4480 qui
569 4410 830 4478 Spiritum
852 4422 1097 4466 sanctum
1123 4427 1228 4466 non
1251 4428 1315 4467 ea:
1345 4412 1513 4466 Patre
1533 4421 1582 4467 et
1608 4411 1753 4466 Filio
1781 4429 1863 4466 se-

1947 1921 2309 1967 ntonstratum
2369 1911 2444 1967 sit
2487 1913 2543 1966 in
2601 1913 2784 1980 priore
2840 1912 3246 1967 dissertatione.
3306 1910 3512 1965 Contra

1946 2003 2322 2058 adversarium
2376 2003 2625 2057 vindicat
2680 2002 2985 2059 Tarasiana
3043 2002 3211 2058 verba
3246 2002 3525 2057 Adrianus

1951 2095 1989 2160 Ι,
2020 2095 2081 2150 in
2108 2094 2337 2166 epistola
2389 2096 2453 2149 ad
2505 2096 2761 2150 Carolum
2822 2111 3026 2166 regem,
3060 2111 3182 2166 qua:
3216 2095 3358 2164 apud
3387 2093 3525 2149 Lab-

1949 2188 2109 2243 beum
2163 2200 2376 2261 prostat
2436 2202 2560 2261 post
2585 2190 2779 2245 Latina
2804 2191 3048 2260 ejusdem
3077 2191 3269 2261 synodi
3295 2188 3526 2244 Nicena:

1949 2282 2104 2345 Acta,
2162 2283 2439 2352 congestis
2487 2283 2907 2353 qttatnpluribus
2949 2292 3266 2337 sanctorum
3300 2281 3524 2335 Patrum

1951 2375 2309 2430 teatimouiis.
2374 2374 2496 2429 Iltec
2564 2390 2686 2427 vero
2741 2375 2788 2427 si
2859 2382 3062 2427 attente
3125 2373 3527 2428 consulerentur

1953 2466 2559 2535 (aduotatLequienus.
2615 2466 3067 2520 dissertatione!
3129 2465 3524 2519 Damascenica

1951 2577 2103 2614 Itum.
2148 2558 2417 2629 12),nihil
2479 2558 2632 2612 aliud
2682 2575 2777 2629 pro
2830 2558 3023 2629 majori
3051 2567 3203 2624 parte
3224 2560 3522 2621 enuntiant,

1954 2654 2054 2707 nisi
2107 2650 2369 2721 Spiritum
2417 2661 2661 2705 sanrtnm
2690 2669 2721 2704 a
2752 2649 2918 2704 Patre
2942 2666 3035 2719 per
3067 2648 3271 2704 Filium
3307 2650 3528 2705 homini-

1953 2745 2045 2799 bns
2089 2743 2323 2798 concedi.
2365 2743 2433 2797 At
2462 2744 2788 2813 quamplura
2835 2758 2938 2797 nos
2966 2742 3153 2813 priore
3181 2744 3232 2795 in
3261 2742 3526 2797 disserta-

1955 2837 2103 2890 tione
2157 2833 2545 2903 expendimus,
2611 2850 2733 2903 quae
2784 2832 3314 2895 eternamSniritus
3350 2834 3525 2889 sancti

1954 2945 1986 2982 α
2022 2926 2187 2981 Patre
2221 2939 2266 2980 et
2300 2944 2332 2980 a
2362 2923 2521 2987 Filio,
2546 2927 2631 2979 vel
2670 2943 2701 2979 a
2738 2925 2905 2980 Patre
2955 2942 3052 2995 per
3106 2923 3309 2980 Filium
3359 2925 3528 2995 origi-

1954 3035 2078 3075 nem
2137 3021 2392 3089 probant.
2443 3020 2498 3074 Id
2559 3020 2722 3073 etiam
2770 3020 3053 3079 evincunt.
3108 3035 3230 3090 quae
3259 3018 3526 3089 Spiritum

1955 3121 2203 3166 sanctum
2225 3126 2254 3165 a
2291 3111 2451 3165 Patre
2485 3121 2539 3165 et
2575 3129 2601 3163 a
2630 3111 2789 3175 Filio,
2826 3127 2920 3164 seu
2959 3126 2987 3164 a
3016 3112 3176 3166 Patre
3205 3099 3302 3180 per
3327 3111 3526 3166 Filium

1956 3204 2094 3257 mitti
2125 3202 2435 3257 enuntiant.
2501 3202 2613 3255 Cur
2657 3219 2763 3257 non
2827 3218 2980 3261 vero.
3032 3220 3156 3257 cum
3199 3204 3251 3257 in
3282 3204 3530 3261 Mission;

1952 3294 2169 3363 proprie
2202 3293 2345 3347 dicta
2378 3286 2872 3357 duo-concurrant,
2924 3302 3145 3346 externa
3187 3293 3371 3363 aliqua
3402 3308 3530 3360 pro-

1954 3386 2139 3441 ductio
2201 3384 2452 3449 el‘fectus,
2514 3386 2671 3457 cujus
2736 3386 2897 3456 183
2953 3387 3163 3439 ratione
3203 3386 3525 3455 specialiter

1954 3479 2262 3534 inhabitare
2293 3493 2523 3549 persona
2564 3478 2790 3540 dicitur,
2818 3493 2939 3548 quae
2959 3477 3219 3542 mittitur,
3239 3475 3335 3531 sed
3360 3477 3528 3530 etiam

1953 3571 2197 3641 ejusdem
2233 3585 2479 3640 personas
2511 3569 2691 3625 missae
2721 3570 3045 3639 sempiterna
3094 3569 3355 3638 processio
3376 3568 3402 3622 ?
3426 3567 3529 3622 Ita-

1955 3684 2063 3737 que
2121 3684 2248 3722 cum
2302 3667 2542 3736 Spiritus
2598 3675 2824 3720 sanctus
2879 3663 3374 3719 mittsturaPatre
3406 3671 3462 3718 et
3497 3677 3531 3717 a

1958 3762 2119 3821 Filio.
2149 3761 2218 3817 ab
2254 3769 2489 3833 utroque
2522 3761 2734 3831 pariter
2761 3758 3031 3828 procedit.

2029 3843 2209 3911 Verba
2260 3854 2506 3925 quaedam
2563 3852 2855 3917 habentur,
2914 3852 2969 3905 in
3004 3850 3263 3921 Epistolis
3291 3850 3532 3905 aLeone

1962 3946 2027 4002 Ill
2083 3946 2229 4000 datis
2287 3945 2353 4000 ad
2419 3942 2677 3999 Carolum
2742 3940 3033 4012 Magnum,
3093 3941 3440 4011 vulgatisque
3475 3949 3536 3995 ut

1960 4037 2343 4092 adnotavimus
2375 4050 2404 4089 a
2432 4034 2670 4096 Baluzio,
2700 4048 2820 4103 quae
2852 4032 3172 4103 dignissima
3207 4040 3335 4086 sunt
3361 4032 3537 4085 anim-

1959 4130 2336 4185 adversione:
2396 4131 2438 4183 Α
2478 4127 2851 4197 Hierosolymis
2899 4124 3204 4179 detulerunt
3264 4124 3440 4190 (missi
3467 4123 3537 4178 ad

1963 4224 2143 4292 ipsum
2177 4221 2413 4277 Leonem
2453 4220 2703 4275 monachi
2750 4219 2948 4273 Montis
2980 4216 3204 4283 Oliveti)
3257 4218 3401 4269 nobis
3429 4215 3538 4283 epi-

1963 4311 2158 4367 stolam
2191 4311 2397 4366 Thoma:
2431 4309 2921 4380 Hierosolymorum
2970 4307 3294 4377 patriarcha
3321 4322 3340 4359 :
3379 4321 3540 4373 quam

1965 4404 2251 4476 relegentes
2297 4406 2608 4474 reperimus,
2660 4410 2716 4454 ut
2757 4417 2850 4469 per
2884 4408 3123 4453 nostram
3174 4397 3537 4468 precatoriam

286 4503 518 4557 randum
570 4502 783 4557 Nieteni
833 4504 967 4571 (imo
1023 4503 1629 4576 ConstantinOpolitani
1684 4505 1850 4560 inter-

1964 4495 2245 4568 epistolom
2275 4506 2461 4551 vestra
2491 4495 2677 4565 pietati
2711 4508 2797 4546 eos
2831 4490 3175 4560 (monachos)
3202 4489 3541 4542 commenda-

286 4595 481 4664 nolati)
511 4594 747 4665 Symboli
764 4596 923 4665 ﬁdem
948 4639 963 4665 ,
992 4599 1084 4652 sed
1112 4614 1176 4652 ea:
1207 4598 1374 4654 Patre
1401 4614 1496 4668 per
1525 4598 1722 4654 Filium
1744 4615 1865 4669 pro-

284 4689 528 4756 ﬁtentur.
565 4686 625 4744 Si
664 4704 798 4760 ergo
837 4691 942 4745 hoc
994 4690 1176 4758 ipsum
1229 4692 1498 4761 scriptum
1552 4691 1749 4745 fuisset
1806 4689 1861 4745 in

286 4781 457 4837 totius
489 4782 681 4852 synodi
707 4781 833 4849 ﬁdei
858 4783 1206 4852 professione,
1246 4798 1368 4854 qua!
1400 4783 1455 4837 in
1491 4783 1592 4837 hac
1625 4783 1863 4853 septima

286 4874 525 4930 habetur
551 4876 793 4936 actione.
832 4875 1097 4946 Spiritum
1134 4883 1381 4932 sanetum
1401 4875 1598 4931 scilicet
1634 4892 1667 4931 a
1699 4876 1863 4931 Patre

284 4979 380 5034 per
414 4964 615 5020 Filium
644 4966 1039 5037 procedentem,
1093 4977 1243 5021 certe
1289 4968 1513 5037 quidem
1566 4968 1635 5022 ab
1662 4967 1861 5023 adver-

288 5060 441 5112 sario
472 5072 582 5112 non
623 5076 761 5113 unus
797 5046 1051 5114 Tarasius
1097 5059 1152 5114 in
1184 5061 1394 5114 crimen
1430 5070 1659 5115 vocatus
1692 5069 1862 5126 esset,

287 5149 384 5205 sed
413 5150 530 5222 ipsa
561 5152 792 5222 synodus
818 5153 1089 5212 universa,
1124 5166 1290 5222 quam
1321 5152 1528 5207 acriter
1575 5151 1864 5222 impugnal

287 5244 407 5297 hat.
448 5261 468 5295 ι
513 5241 838 5314 Symbolum
872 5243 1544 5313 Coustantinopolitanum
1570 5282 1586 5305 ,
1630 5244 1777 5313 quod
1808 5243 1864 5299 in

288 5338 395 5389 hac
421 5334 641 5391 Nicaeus
674 5335 1000 5391 definitione
1031 5337 1374 5401 continetur,
1412 5351 1522 5392 non
1550 5335 1714 5390 habet
1743 5333 1865 5405 Spi-

287 5429 451 5482 ritum
488 5437 733 5483 sanctum
760 5445 792 5482 a
827 5426 996 5484 Patre
1026 5445 1122 5497 per
1165 5427 1209 5482 F
1212 5429 1367 5484 ilium
1391 5428 1776 5500 procedentem.
1807 5430 1865 5483 In

285 5520 479 5578 Greco
527 5530 679 5575 textu
720 5520 924 5590 legitur
970 5521 1115 5575 idem
1155 5519 1386 5592 Spiritus
1420 5539 1451 5575 a
1483 5524 1647 5575 Patre
1686 5536 1867 5591 proce-

290 5617 459 5669 dens:
478 5614 805 5681 eademque,
828 5628 934 5668 non
962 5614 1115 5684 plura
1147 5615 1314 5670 verba
1344 5615 1642 5670 exhibebat
1673 5613 1863 5669 Latina

290 5709 571 5768 Anastasii
599 5707 1013 5765 Bibliothecarii
1054 5708 1258 5772 versio,
1304 5717 1445 5764 teste
1483 5707 1720 5765 Pithteo.
1752 5705 1864 5762 Cor

301 5818 432 5875 ergo
463 5801 825 5859 adversarius
853 5800 958 5859 sub
988 5799 1170 5858 Caroli
1213 5801 1390 5872 Magni
1453 5800 1677 5856 nomine
1722 5800 1865 5859 hanc

1967 4607 2160 4645 remus.
2193 4588 2318 4644 llaec
2349 4588 2612 4644 evincunt
2669 4586 3014 4656 apertissime
3074 4582 3329 4636 Thomam
3379 4578 3538 4633 Jero-

1965 4683 2345 4756 solymitanum
2393 4681 2781 4752 patriarcham,
2805 4680 3035 4749 ejusque
3063 4676 3284 4730 ϐτςεοοδ
3308 4674 3539 4744 presby-

1967 4786 2113 4832 teros
2162 4774 2538 4832 criminationi
2588 4774 2657 4827 ab
2706 4771 2938 4835 Joanne,
3000 4769 3192 4824 Graeco
3223 4764 3539 4822 monasterii

1966 4867 2141 4922 sancti
2208 4863 2366 4920 Sabae
2417 4862 2711 4927 monacho,
2767 4870 2959 4915 contra
3027 4859 3256 4913 Latinos
3282 4859 3531 4927 impacta;

1966 4961 2037 5014 ob
2079 4956 2482 5014 confessionem
2513 4954 2859 5020 processionis
2901 4952 2966 5006 ab
3002 4962 3247 5022 utroque,
3309 4950 3541 5020 ejusque

1965 5053 2292 5107 additionem
2324 5051 2394 5104 ad
2414 5047 2743 5121 Symbolum,
2790 5046 3016 5100 minime
3043 5044 3418 5099 consensisse.
3469 5041 3546 5096 De

1969 5144 2178 5200 Thema
2210 5140 2521 5212 patriarcha
2550 5140 2664 5193 lato
2720 5138 3042 5207 disertoque
3064 5136 3275 5190 calamo
3309 5131 3544 5203 L’equie-

1968 5253 2074 5293 nus
2096 5237 2205 5308 agit
2231 5236 2287 5289 in
2318 5248 2421 5288 suo
2443 5230 2656 5288 Oriente
2690 5230 3011 5292 Christiano,
3051 5238 3198 5283 tomo
3231 5226 3320 5282 ιιι.

2044 5327 2132 5382 IV.
2191 5324 2462 5397 Agitatam
2510 5323 2749 5378 vidimus
2802 5322 3163 5392 quaestionem
3209 5317 3278 5372 de
3305 5314 3548 5386 Spiritus

1970 5419 2142 5476 sancti
2192 5416 2549 5488 processioue
2607 5432 2642 5469 α
2692 5413 2856 5468 Patre
2910 5422 2961 5467 et
3002 5409 3208 5466 aFt'lio
3251 5412 3304 5465 in
3338 5409 3547 5479 synodo

1972 5509 2413 5583 Aquisgrauensi
2431 5524 2576 5564 anno
2595 5507 2701 5563 809
2720 5506 2989 5562 celebrata
3012 5504 3187 5560 Mense
3212 5502 3549 5559 Novembrio.

1972 5607 2225 5677 Legatos,
2280 5604 2613 5659 Bernharum
2672 5604 2969 5671 episcopum
3012 5598 3452 5661 Vormaciensem,
3489 5604 3548 5651 et

1973 5702 2334 5763 Adet/tardum
2361 5699 2602 5754 abbatem
2632 5695 2945 5753 monasterii
3000 5691 3260 5755 Corbeia.
3292 5691 3359 5747 ad
3393 5705 3548 5746 sum-

1977 5809 2124 5852 mum
2185 5791 2502 5848 Pontiﬁcem
2570 5789 2807 5843 Leonem
2864 5782 2935 5841 ill
2993 5784 3190 5840 missos
3252 5799 3282 5837 a
3347 5782 3546 5837 Carolo
