3852 6484
277 327 382 395 183

1413 342 1616 406 Vl'l‘A.
1663 368 1727 377 -
1773 344 2274 411 DiSSEitI‘AI’iO
2316 354 2397 415 ll.

3431 352 3530 417 ltili

272 446 493 516 Magno.
519 457 576 501 ut
603 449 800 504 eadem
828 450 1048 504 demum
1100 455 1332 522 qumstio
1377 457 1710 521 deﬁniretur.
1741 470 1851 512 tra-
1886 480 1923 531 Α
1960 463 2186 518 tollendi
2239 469 2599 533 additionem.
2660 471 2892 537 symboli
2954 471 3211 528 videlicet
3274 483 3436 527 cantu
3471 474 3526 526 in

272 542 349 593 .‘it
412 541 716 609 Eginardus
768 544 823 596 in
857 542 1137 609 Chronico,
1163 545 1326 614 eique
1357 549 1712 605 consentiunt
1742 568 1844 606 ca:-

273 630 375 681 teri
407 632 714 686 annalistm.
747 633 824 686 Ad
859 634 1037 702 ipsum
1092 638 1404 705 pontiﬁcem
1441 640 1564 694 data
1588 657 1615 695 a
1651 643 1846 697 Carolo

274 721 471 787 Magno
523 732 702 779 exstat
763 727 997 792 epistola
1047 727 1098 780 in
1143 728 1433 785 Labbeana
1486 735 1844 790 conciliorum

271 812 621 877 collectione,
662 830 784 882 quae
822 816 1012 886 incipit
1050 816 1342 883 :Quwstio.
1375 837 1491 891 qua:
1523 823 1587 877 de
1619 822 1846 890 Spiritus

269 908 447 959 sancti
504 910 834 975 processione
883 922 956 964 est
989 929 1155 980 nuper
1181 925 1388 977 exorta.
1413 917 1735 986 jamdudum
1771 928 1848 974 est
1908 924 1909 927 “

270 998 675 1068 ι1,ίί9εηεὶεδὸιηε
731 1021 763 1056 a
816 1006 1013 1059 sanctis
1073 1006 1322 1062 Patribus
1363 1011 1639 1066 ventilata.
1672 1013 1850 1067 Testi-

272 1096 458 1145 n~onia
493 1095 719 1149 Patrum
744 1097 897 1164 plura
925 1108 1302 1154 recensentur.

343 1185 483 1236 Acta
511 1185 714 1240 ibidem
738 1199 976 1248 exsmnt.
1010 1200 1067 1244 et
1101 1193 1243 1260 apud
1280 1192 1599 1259 Baronium,
1628 1196 1693 1249 ad
1716 1213 1845 1251 ann.

272 1275 397 1339 {£09.
436 1295 586 1335 num.
628 1281 697 1335 5t
751 1282 1089 1349 Collatiouis.
1139 1301 1302 1354 quam
1352 1288 1550 1358 Legati
1603 1290 1848 1348 habuere

270 1383 396 1419 cum
423 1366 626 1425 Leone.
661 1374 859 1427 Actum
889 1391 1015 1429 vero
1040 1376 1277 1445 primum
1315 1378 1384 1432 de
1407 1379 1532 1446 ﬁdei
1569 1381 1847 1451 dogmate:

270 1472 385 1510 tum
419 1464 650 1529 qltrstio
688 1464 899 1519 invecta
929 1466 996 1523 de
1028 1468 1286 1533 lectione,
1325 1472 1437 1525 sive
1496 1483 1660 1529 cantu
1694 1473 1849 1545 Sym-

264 1550 373 1605 bali
404 1552 983 1627 Constantiuopolitani
1047 1562 1185 1615 inter
1231 1564 1513 1619 missarum
1564 1566 1847 1634 solemnia,

268 1645 620 1715 maximeque
653 1664 779 1701 cum
805 1651 953 1704 vocis
986 1650 1237 1722 Filioque
1265 1654 1664 1711 additamenta.
1693 1659 1849 1712 'l‘itu-

268 1736 354 1790 lus
386 1745 473 1791 est
502 1753 518 1794 :
554 1738 732 1800 Ratio.
788 1759 905 1811 φωρ
955 1743 1135 1798 habita
1166 1755 1241 1798 est
1269 1747 1331 1799 de
1363 1744 1608 1817 Symbolo
1646 1749 1770 1816 fidei
1792 1751 1848 1803 in

1953 556 2155 624 palatio
2215 560 2450 626 primum
2506 561 2697 631 Regio.
2756 564 2959 620 deinde
3018 566 3071 620 in
3120 565 3530 621 aliisEcclesiis

1952 653 2345 718 pra‘termisso.

2021 743 2377 801 Coflationcm
2439 751 2611 817 ipsam
2647 749 2805 803 liceat
2835 749 3172 820 {diligentius
3194 751 3529 819 expendere.

1951 836 2082 891 Fide
2105 837 2360 895 Enniana:
2381 842 2636 897 Ecclesite
2666 844 2728 896 de
2748 844 3078 911 processione
3109 843 3339 912 Spiritus
3362 863 3395 897 a
3425 844 3533 898 Pa-

1951 938 2031 983 tre
2060 940 2106 984 et
2141 928 2282 985 Filio
2307 933 2404 988 abs
2428 932 2609 988 Leone
2647 934 2711 989 Ill
2743 935 3013 1003 exposita,
3046 935 3113 989 de
3150 936 3529 991 additamenta

1950 1023 2016 1077 ad
2082 1023 2396 1093 Symbolum
2448 1042 2757 1082 sermonem
2812 1027 2976 1098 legati
3046 1029 3342 1083 instituunt
3397 1048 3410 1081 :
3468 1029 3530 1084 Si

1950 1129 2070 1181 ergo
2102 1115 2174 1168 ita
2211 1125 2285 1169 est
2335 1118 2353 1183 (
2388 1117 2695 1186 inquientes
2731 1118 2773 1184 ),
2824 1135 2921 1171 cur
2966 1135 3070 1172 non
3124 1119 3240 1173 licet
3270 1129 3529 1185 cantare.

1950 1203 2031 1257 vel
2078 1207 2344 1260 cantando
2405 1210 2608 1262 docere.
2670 1208 2780 1263 lmo
2846 1210 2969 1263 licet
3018 1211 3271 1273 docendo.
3307 1224 3531 1266 cantare

1953 1296 2190 1365 (reponit
2218 1301 2507 1367 pontifex).
2573 1312 2621 1354 et
2675 1304 2944 1356 cantando
2974 1308 3182 1357 docere.
3220 1302 3324 1359 Sed
3347 1305 3530 1359 illicite

1949 1387 2009 1439 in
2069 1390 2387 1455 prohibitis:
2425 1407 2517 1443 nec
2570 1391 2863 1451 scribendo.
2931 1408 3023 1445 nec
3084 1394 3353 1447 cantando
3408 1395 3530 1448 licet

1952 1480 2182 1533 inserere
2241 1481 2448 1537 Sensus
2475 1494 2580 1546 est,
2616 1485 2789 1539 sancti
2825 1485 3070 1554 Spiritus
3108 1487 3526 1555 processionem

1952 1587 1984 1623 a
2021 1568 2180 1623 Patre
2214 1582 2262 1625 et
2292 1588 2323 1626 α
2359 1570 2505 1627 Filio
2532 1574 2847 1637 tenendam.
2915 1575 3338 1647 docendamque
3378 1593 3525 1641 esse,

1951 1661 2066 1715 sive
2100 1664 2370 1716 cantando
2406 1665 2456 1717 id
2492 1665 2604 1727 tiat,
2634 1666 2747 1720 sive
2775 1668 3025 1736 legendo.
3059 1668 3178 1723 sive
3194 1669 3523 1724 scribendo:

1953 1763 2009 1808 at
2042 1756 2201 1808 inseri
2247 1772 2368 1810 eam
2402 1758 2669 1825 symbolo.
2740 1760 2792 1812 in
2833 1761 3126 1828 prohibitis
3151 1777 3291 1816 esse.
3330 1762 3527 1817 Probi-

266 1831 554 1884 secretario
581 1833 755 1884 sancti
802 1833 948 1887 Petri
978 1836 1205 1903 apostoli
1257 1839 1399 1890 inter
1429 1838 1679 1893 domuum
1711 1838 1846 1893 Leo-
1881 1835 1918 1885 η
1951 1845 2195 1904 bitionis.
2224 1864 2388 1913 quam
2427 1848 2671 1904 Romana
2723 1852 3068 1907 custodiebat
3101 1852 3367 1914 Ecclesia.
3395 1871 3529 1909 cau-

268 1937 389 1975 nens
421 1925 817 1978 sanctissimum
868 1935 917 1979 et
976 1929 1391 1998 coeoangelicum
1459 1948 1657 2000 papam
1705 1935 1850 1988 urbis

267 2011 473 2079 Roma,
490 2026 540 2069 et
562 2014 879 2072 Bernarium
897 2027 1055 2091 atque
1073 2019 1107 2073 .1
1113 2038 1223 2076 esse
1237 2025 1499 2093 episcoyos
1512 2043 1599 2079 seu
1619 2026 1846 2081 ,Μαιαν-

265 2105 394 2158 dum
457 2109 723 2171 abbatem.
784 2114 966 2167 missos
1025 2115 1205 2169 domui
1249 2114 1433 2171 Caroli
1488 2120 1846 2187 imperatoris.

264 2214 363 2265 per
393 2201 735 2256 indictionem
763 2207 1070 2260 secundam.
1128 2207 1285 2276 Apud
1318 2211 1622 2264 annalistas
1650 2212 1840 2266 laudae

266 2305 351 2347 tos
394 2296 547 2349 nulla
593 2294 742 2349 Iesse
764 2299 990 2368 episcopi
1016 2301 1222 2355 mentio
1246 2301 1532 2372 ingeritur.
1568 2303 1849 2373 Suspicio-

265 2401 389 2438 nem
415 2386 626 2440 invehit
653 2388 876 2442 indictio
918 2393 1174 2446 secunda.
1250 2393 1461 2448 Dicitur
1518 2398 1665 2450 enim
1722 2416 1841 2452 eam

263 2476 624 2531 Collationem
682 2481 990 2549 scripsisse,
1049 2494 1142 2535 aut
1194 2485 1433 2538 edidisse
1489 2485 1842 2555 Smaragdus,

260 2570 437 2624 abbas
470 2572 647 2626 sancti
679 2574 956 2628 Michaelis
981 2576 1045 2627 ad
1080 2577 1279 2629 Mosam
1309 2596 1321 2630 :
1350 2579 1443 2646 qui
1475 2578 1842 2635 Novembrium

263 2678 501 2716 mensem
532 2665 658 2716 anni
683 2664 788 2719 809
828 2668 945 2719 sine
970 2667 1138 2720 dubio
1176 2680 1423 2721 notasmt
1446 2680 1608 2737 juxta
1640 2688 1842 2727 morem

268 2755 433 2825 187
462 2767 771 2811 consuetum
800 2759 1087 2812 indictione
1148 2763 1327 2815 tertia.
1354 2763 1679 2817 Adtlemlum
1712 2780 1839 2833 pos-

262 2858 444 2903 tremo
486 2850 811 2918 legationem
862 2852 1176 2917 praedicunt
1246 2865 1364 2922 post
1408 2854 1665 2910 eumdem
1696 2873 1842 2910 men-

257 2960 373 2997 sem
407 2945 737 2998 novembrem
760 2960 789 2998 a
830 2945 1029 3000 Carolo
1092 2946 1282 3016 Magno
1307 2948 1597 3011 directam,
1632 2965 1739 3003 non
1763 2951 1839 3006 ita

258 3038 427 3093 fatile
469 3039 733 3107 compleri
795 3050 923 3093 ante
980 3055 1182 3093 annum
1229 3040 1356 3101 810.
1399 3051 1453 3095 et
1479 3041 1836 3097 indietionem

260 3134 487 3186 tertiam
519 3135 783 3199 potuisse.
834 3132 970 3187 Hinc
1002 3143 1231 3187 censent
1282 3133 1383 3187 viri
1416 3133 1581 3198 docti,
1619 3134 1834 3188 titulum

257 3227 327 3280 ab
377 3225 568 3294 aliquo
619 3225 793 3280 sciolo
839 3227 1146 3295 appositum
1196 3238 1339 3291 esse,
1397 3225 1467 3280 de
1523 3227 1838 3284 sinceritate

257 3318 585 3372 Collationis
619 3318 757 3372 nihil
790 3319 1128 3373 haesitantes.

330 3412 519 3466 Primo
544 3412 665 3464 loco
697 3411 829 3465 lect-a
874 3420 997 3465 sunt
1030 3428 1062 3464 a
1098 3412 1364 3488 pra'dictis
1392 3412 1564 3466 missis
1625 3429 1717 3482 per
1752 3429 1841 3465 or-

254 3506 433 3559 dinem
467 3506 766 3558 testimonia
809 3504 1098 3573 (Patrum),
1133 3514 1290 3575 atque
1319 3523 1353 3559 a
1391 3505 1583 3557 domno
1617 3507 1835 3574 Aposto.

256 3600 362 3652 lico
393 3598 795 3668 diligentissime
825 3599 1030 3652 audita.
1086 3597 1176 3652 Ait
1201 3598 1290 3652 ille
1323 3612 1448 3652 vero
1482 3617 1496 3652 :
1534 3596 1622 3651 Ita
1645 3599 1834 3661 sentio,

254 3695 335 3745 ita
390 3703 542 3743 teneo
603 3707 724 3743 cum
774 3690 851 3743 his
902 3690 1304 3751 auctoribus.et
1340 3705 1512 3745 sacra
1542 3687 1835 3759 Scripturte

259 3785 590 3837 auctoribus.
627 3782 689 3836 Si
713 3785 830 3852 quis
858 3780 1015 3835 aliter
1055 3781 1120 3834 de
1179 3782 1278 3835 hac
1304 3798 1359 3835 re
1390 3783 1606 3845 sentire,
1634 3781 1713 3836 vel
1737 3782 1834 3835 do-

253 3892 371 3931 cere
418 3875 667 3936 uoluerit,
729 3874 951 3944 defendo
1009 3877 1127 3943 (seu
1175 3874 1460 3941 inbibeo);
1503 3883 1552 3926 et
1584 3875 1687 3927 nisi
1715 3890 1839 3927 con-

254 3986 437 4024 versus
472 3969 652 4037 fuerit,
684 3976 733 4021 et
761 3972 1047 4021 secundum
1070 3969 1207 4021 hunc
1228 3983 1437 4022 sensum
1462 3977 1637 4020 tenere
1654 3967 1834 4021 volue-

254 4065 350 4125 rit.
406 4063 685 4116 contraria
731 4061 1043 4114 sentientem
1103 4060 1340 4131 funditus
1387 4061 1560 4130 ejicio.
1608 4058 1664 4113 In
1692 4059 1834 4114 libro

253 4157 465 4210 Diurno
505 4156 880 4208 Romanorum
932 4140 1249 4223 pontilicnm
1294 4161 1540 4222 prostant
1566 4152 1689 4222 ﬁdei
1713 4170 1835 4221 pro.

251 4249 504 4319 fssionts
534 4256 667 4307 tres.
701 4261 840 4315 quas
873 4261 968 4301 sua
1010 4247 1063 4300 in
1105 4245 1454 4301 ordinatione
1486 4246 1588 4316 ipsi
1616 4247 1833 4300 emitte-

249 4343 383 4395 bant
410 4339 702 4407 pontiﬁces
735 4339 965 4392 Romani
998 4339 1101 4393 bac
1120 4347 1301 4401 tutante,
1334 4354 1525 4393 δοκενο
1551 4339 1791 4408 sequiori
1816 4358 1828 4394 :

246 4444 301 4483 et
329 4432 382 4483 in
418 4431 592 4483 altera
625 4429 847 4498 quidem
902 4430 1016 4485 Ικεε
1067 4429 1386 4487 habentur:
1424 4429 1684 4498 Spiritum
1715 4429 1826 4494 Dei,

1952 1953 2041 1991 sas
2062 1932 2122 1991 et
2149 1939 2296 2006 leges
2355 1939 2676 1994 intellexere
2729 1942 2889 2010 legati
2926 1960 2939 1995 :
2973 1944 3099 2012 quia
3137 1944 3240 2009 illi,
3267 1946 3355 2015 qui
3384 1946 3524 2000 idem

1953 2029 2261 2098 Symbolum
2285 2030 2655 2106 condiderunt,
2690 2049 2793 2085 non
2835 2034 3140 2086 indiderunt
3170 2052 3189 2088 :
3222 2045 3269 2088 et
3298 2052 3525 2105 sequen-

1951 2126 2022 2171 tes
2052 2119 2364 2187 princ'pales
2388 2121 2601 2189 synodi,
2650 2121 3095 2178 Chalcedonensis
3133 2136 3354 2195 quarta,
3379 2124 3523 2182 Cano

1945 2213 2421 2279 stuntiuopolitana
2481 2214 2687 2284 quinta,
2752 2224 2802 2266 et
2855 2225 3026 2277 sexta.
3063 2228 3117 2270 ut
3151 2234 3344 2271 novum
3374 2217 3519 2273 ultra

1945 2303 2237 2373 symbolum
2271 2345 2285 2360 .
2326 2344 2342 2358 .
2377 2345 2392 2359 .
2430 2306 2672 2366 condere.
2729 2307 2894 2375 183
2948 2315 2999 2359 et
3050 2308 3104 2361 iu
3137 2310 3392 2363 reteribus
3419 2310 3524 2365 tol-

1948 2394 2126 2456 lendo.
2188 2398 2452 2458 addendo.
2513 2400 2870 2467 mutandaque
2916 2403 3204 2469 quidquam
3266 2404 3518 2467 inserere,

1945 2490 2341 2557 prohibuerunt.
2400 2489 2595 2542 Mirum
2640 2498 2725 2543 est
2776 2490 2871 2544 lati
2917 2491 3279 2559 inpresina
3312 2496 3524 2565 synodo

1946 2582 2283 2635 mcuiiienECa
2318 2583 2500 2639 tertia.
2530 2582 2739 2637 decreti
2775 2599 2882 2638 non
2927 2585 3101 2653 ingeri
3137 2586 3472 2639 tnetntionem
3502 2586 3519 2640 ι

1944 2670 2263 2741 Hujusinodi
2324 2673 2501 2742 legum
2539 2676 2774 2743 rigorem
2832 2678 3086 2731 servabat
3128 2675 3369 2731 Ecclesia
3410 2678 3521 2731 Ro-

1944 2779 2123 2828 mana,
2157 2764 2503 2833 antiquitatis
2540 2769 2909 2823 tenacissima.
2971 2772 3038 2822 At
3071 2770 3194 2838 quia
3222 2769 3276 2821 id
3305 2768 3520 2822 credere

1941 2852 2135 2907 bonum
2170 2865 2243 2908 est
2275 2856 2448 2919 (aiunt
2479 2859 2689 2928 legati).
2720 2864 2913 2913 bonum
2952 2859 3106 2913 hodie
3129 2862 3265 2913 sicut
3305 2860 3375 2912 ad
3404 2876 3519 2914 cre-

1941 2947 2189 3009 dendum.
2224 2950 2297 3002 ita
2325 2953 2395 3003 ad
2415 2959 2740 3006 cantandum
2790 2963 2917 3007 tunc
2966 2962 3119 3015 esset,
3144 2954 3191 3006 si
3223 2953 3287 3006 ab
3324 2954 3398 3007 eis
3426 2954 3517 3006 in-

1939 3050 2139 3094 sertum
2178 3042 2381 3110 fuisset.
2417 3042 2616 3113 Utique
2672 3047 2865 3098 bonum
2919 3046 2974 3098 id
3024 3046 3256 3109 credere.
3283 3053 3332 3097 et
3363 3044 3518 3099 valde

1941 3133 2132 3187 bonum
2171 3134 2355 3205 (verba
2381 3144 2511 3190 sunt
2535 3136 2857 3207 pontiﬁcis).
2915 3147 3091 3207 utpote
3121 3148 3231 3191 tant
3266 3154 3516 3209 magnum

1939 3226 2066 3296 ﬁdei
2090 3239 2505 3295 sacramentum,
2530 3231 2667 3298 quod
2723 3247 2824 3284 non
2883 3230 2999 3284 licet
3025 3248 3127 3285 non
3153 3235 3361 3284 credere
3392 3269 3410 3285 .
3445 3268 3461 3284 .
3495 3271 3511 3288 .

1944 3320 2067 3373 Non
2095 3321 2263 3375 audeo
2291 3323 2463 3375 dicere
2504 3338 2607 3375 non
2664 3322 2791 3376 bene
2853 3324 3031 3392 fecisse
3083 3324 3515 3394 (Symbolieon-

1940 3413 2170 3479 ditores,
2228 3425 2324 3469 aut
2363 3416 2556 3486 synodi
2627 3418 2987 3472 memnenicat
3040 3433 3162 3487 quae
3193 3417 3511 3489 Symbolum

1940 3507 2382 3573 continuarunt),
2405 3508 2450 3561 si
2480 3508 2722 3577 fecissent
2757 3509 2873 3577 (aut
2907 3509 3231 3578 particulam
3272 3506 3516 3573 Filioque

1940 3596 2317 3667 addidissent)
2355 3618 2369 3655 :
2405 3601 2624 3654 scientes
2658 3603 2839 3671 utique
2867 3640 2882 3656 .
2915 3640 2929 3654 .
2964 3640 2979 3655 .
3025 3601 3363 3670 perpendisse
3397 3616 3508 3665 eos.

1937 3704 2030 3740 cur
2058 3688 2393 3743 dimiserunt.

2010 3781 2275 3851 Temporis
2303 3784 2612 3850 qualitatem
2634 3785 2898 3840 exhibent
2959 3785 3121 3851 legati
3152 3826 3165 3849 ,
3198 3794 3248 3838 et
3278 3785 3515 3839 imbecil-

1940 3871 2143 3925 litatem
2177 3873 2437 3941 fratrum,
2474 3890 2538 3928 ac
2588 3877 2956 3930 necessariam
2990 3876 3052 3928 de
3084 3883 3234 3927 tanta
3270 3878 3515 3945 mysterio

1938 3964 2356 4021 instructionem
2398 3984 2410 4018 :
2451 3968 2594 4022 unde
2630 3968 2817 4022 melius
2877 3970 3025 4021 nobis
3053 3969 3219 4021 visunt
3249 3968 3347 4034 fuit
3382 3970 3506 4031 (in-

1935 4057 2177 4128 quiunt),
2227 4061 2491 4114 cantando
2546 4069 2721 4115 tantos
2774 4062 3060 4119 instruere.
3106 4076 3263 4131 quant
3290 4060 3515 4114 tacendo

1934 4152 2169 4206 indoctos
2233 4151 2550 4221 relinquere.
2612 4152 2679 4207 Si.
2715 4156 2854 4207 enim
2887 4155 3046 4206 sciret
3073 4154 3371 4223 pateruitus
3398 4161 3512 4220 tua,

1934 4256 2135 4314 quanta
2159 4254 2283 4297 sunt
2326 4247 2478 4299 hodie
2510 4245 2678 4300 millia
2707 4247 2760 4299 id
2810 4246 3088 4300 scientiam
3113 4245 3187 4315 tin
3218 4245 3429 4309 Ga'liis,
3461 4245 3511 4298 in

1936 4354 2103 4408 regno
2161 4338 2346 4401 llalize.
2414 4339 2466 4392 in
2518 4338 2861 4404 Germania),
2919 4339 3047 4407 quia
3101 4345 3388 4399 cantatur,
3426 4336 3516 4401 qui

1935 4446 2209 4499 nunquam
2244 4432 2428 4483 scituri
2484 4439 2675 4495 essent.
2727 4431 2828 4486 nisi
2882 4441 3198 4484 tentaretur
3233 4445 3251 4482 .'
3285 4432 3514 4497 fortasse

249 4522 430 4578 Filius
487 4523 552 4575 de
611 4538 706 4574 suo
762 4524 1018 4591 accipere.
1047 4520 1280 4583 perhibet
1313 4560 1326 4573 .
1362 4558 1377 4574 .
1408 4561 1419 4573 .
1445 4528 1493 4574 et
1518 4520 1831 4591 insufflando
1861 4527 1911 4585 υ
1938 4523 2204 4577 nobiscum
2234 4532 2459 4586 teneres.
2490 4533 2540 4577 et
2573 4525 2629 4577 id
2661 4518 2752 4578 tuo
2803 4525 2964 4577 etiam
2994 4538 3253 4576 consensu
3291 4532 3347 4573 ut
3379 4537 3507 4573 can-

242 4612 555 4681 discipulis.
596 4612 827 4679 Accipite
880 4612 1139 4676 Spiritum
1177 4621 1443 4672 sanctum.
1481 4620 1660 4680 utpote
1687 4612 1748 4663 de
1775 4626 1829 4664 se

242 4707 619 4775 procedentem
673 4705 977 4757 annuntiat.
1030 4703 1085 4757 In
1141 4704 1299 4757 tertia
1356 4719 1507 4763 vero.
1570 4701 1831 4771 Spiritum

240 4809 495 4852 sanctum
568 4814 661 4850 nec
714 4796 968 4865 genitum.
993 4812 1085 4849 nec
1110 4796 1421 4866 ingenitum.
1450 4795 1545 4848 sed
1573 4794 1637 4847 de
1671 4793 1830 4848 Patre

241 4890 495 4959 Filioque
526 4888 919 4958 procedentem.
945 4886 1065 4941 Haec
1088 4897 1208 4942 erat
1232 4887 1430 4942 Leonis
1456 4887 1609 4941 ﬁdes.

317 4980 462 5032 Tum
486 4981 758 5033 dictorum
792 4979 1182 5032 nonnullorum
1216 4978 1503 5032 occasione
1529 4976 1676 5038 data,
1708 4990 1830 5045 quae

238 5073 600 5141 colloquendo
662 5072 863 5143 potius,
919 5088 1078 5145 quam
1129 5071 1451 5142 disputando
1482 5071 1825 5138 exciderant,

240 5169 300 5220 in
341 5167 709 5234 qna-stionem
739 5164 873 5219 abiit
909 5164 1144 5217 Collatio
1205 5164 1272 5218 de
1307 5162 1530 5233 symboli
1564 5162 1831 5218 Constan-

236 5257 592 5326 tinopolitani
619 5256 929 5325 interpolati
950 5264 1110 5309 cantu
1137 5258 1282 5311 inter
1308 5258 1598 5310 missarum
1621 5258 1827 5311 solem-

235 5351 363 5405 nia.
397 5348 525 5402 Tria
566 5363 667 5402 nos
708 5349 836 5401 Acta
864 5348 1066 5402 docent
1094 5364 1105 5398 :
1138 5348 1189 5402 t.
1219 5348 1275 5400 In
1307 5347 1553 5403 Ecclesia
1584 5348 1829 5403 Romana

237 5440 496 5497 nondum
540 5440 852 5495 obtinuisse
910 5440 1139 5510 symboli
1192 5449 1412 5494 cantum
1450 5440 1595 5495 inter
1634 5440 1828 5496 missa-

238 5546 373 5586 rum
430 5530 721 5594 solemnia,
781 5544 884 5584 nec
931 5529 1369 5584 additamentum
1396 5531 1550 5585 vocis
1581 5528 1830 5601 Filioque

235 5630 315 5683 ad
375 5627 721 5699 Symbolum.
781 5625 840 5679 2.
881 5626 1230 5680 Additionem
1265 5627 1424 5690 hanc,
1461 5642 1489 5680 a
1534 5625 1829 5682 Gallicanis

236 5723 512 5779 Ecclesiis
567 5721 791 5788 factum,
862 5721 1093 5775 nimium
1143 5736 1285 5790 aegre
1344 5720 1533 5775 tulisse
1587 5718 1826 5775 Leonem

238 5815 591 5890 pointiticem.
653 5814 705 5871 3.
766 5813 1034 5870 lndicasse
1088 5829 1305 5885 qtmque
1367 5812 1584 5868 modum
1648 5815 1822 5882 ipsam

1937 4624 2164 4676 taretur.
2182 4618 2557 4684 acquiesceres.
2582 4615 2957 4672 Necessarium
2991 4616 3218 4685 hujusce
3245 4613 3512 4682 myslerii,

1937 4708 2279 4777 aliorumque
2320 4707 2743 4764 instructionem
2776 4710 2900 4779 quis
2943 4725 3051 4763 non
3097 4707 3322 4761 videat?
3359 4704 3509 4760 Nun-

1935 4800 2062 4869 quid
2088 4814 2209 4852 ucro
2251 4801 2493 4853 universa
2554 4801 2855 4869 hujnsmodi
2910 4799 3036 4865 ﬁdei
3082 4798 3300 4867 mystica
3325 4812 3514 4850 sacra-

1939 4889 2558 4960 menta(aitpontil‘ex),
2614 4892 2737 4944 sine
2782 4890 2967 4960 quibus
3028 4890 3266 4955 quisque.
3320 4888 3410 4956 qui
3440 4886 3510 4939 ad

1934 4980 2029 5034 hoc
2073 4972 2371 5050 pertingere
2426 4990 2615 5050 potest,
2674 4981 2960 5034 catholicus
3016 4996 3124 5032 esse
3180 4995 3284 5031 non
3313 4986 3508 5048 potest.

1934 5070 2183 5141 symbolis
2238 5071 2554 5133 inserenda;
2601 5078 2649 5123 et
2693 5078 2907 5139 propter
2932 5069 3297 5138 compendium
3336 5068 3509 5121 minus

1933 5163 2363 5234 intelligentiam,
2415 5173 2471 5215 ut
2525 5165 2707 5231 cuique
2762 5162 2992 5223 libuerit.
3056 5161 3301 5215 addenda
3338 5162 3510 5216 sunt!

1932 5256 2077 5311 Medi
2130 5265 2319 5325 patent
2369 5256 2722 5324 multiplices.
2784 5254 2990 5325 quibus
3054 5263 3208 5309 extra
3259 5254 3507 5323 Symboli

1930 5347 2247 5407 formulam.
2314 5348 2513 5400 instrui
2571 5346 2760 5401 lideles
2816 5361 3042 5416 queant.
3087 5347 3141 5401 in
3176 5346 3508 5415 dogmaticis

1931 5440 2113 5499 libris.
2147 5440 2199 5493 in
2228 5439 2644 5505 Cateebesibus,
2677 5441 2728 5493 in
2756 5439 3153 5494 Concionibus.

2003 5532 2252 5602 Nunquid
2290 5527 2489 5603 ’(legati
2539 5533 2832 5601 reponunt)
2885 5549 2988 5585 non
3047 5551 3081 5586 α
3137 5541 3186 5586 te
3239 5532 3293 5586 id
3336 5534 3506 5602 ipsum

1931 5623 2236 5695 Symbolum
2282 5634 2355 5679 est
2401 5624 2531 5680 data
2586 5627 2640 5678 in
2695 5623 2934 5679 Ecclesia
2970 5625 3226 5678 cantandi
3252 5623 3509 5678 licentia?

1931 5718 2185 5787 Nunquid
2235 5736 2266 5771 a
2302 5718 2447 5773 nobis
2479 5720 2579 5772 huc
2614 5735 2735 5772 usus
2769 5717 2864 5772 ille
2905 5728 3062 5772 canta
3079 5719 3169 5773 ndi
3207 5716 3507 5786 processit?

1931 5810 2180 5866 Pontifex
2216 5827 2229 5862 :
2269 5809 2377 5880 Ego
2409 5810 2671 5865 licentiam
2698 5810 2815 5864 dedi
2866 5810 3117 5864 cantandi
3144 5826 3161 5864 :
3189 5826 3293 5865 non
3326 5815 3504 5863 autem
