3830 6368
257 291 359 357 187

1218 278 1550 343 GEORGII
1589 273 1847 339 CYPlllI
1888 273 1995 334 (ΞΡ.
2044 224 2575 334 ΡΑἸἮΙΑΒέΗίΕ

3402 258 3501 321 188

252 410 517 468 cantando
545 407 818 479 quidpiam
852 402 1100 467 addendi,
1124 399 1421 461 minuendi,
1475 413 1565 450 seu
1614 406 1826 448 mutan-
1859 389 2261 461 Alectavimus
2321 387 2470 443 circa
2532 395 2780 452 tempora
2849 376 3044 449 synodi
3080 372 3502 429 Gentiliacensis

254 509 307 560 ili
341 547 354 560 .
387 544 403 559 .
434 543 447 557 .
476 501 723 568 Quandiu
754 499 892 555 vobis
922 497 977 549 in
1007 496 1100 548 hoc
1127 494 1254 547 satis
1283 492 1402 561 fuit,
1433 493 1484 544 in
1527 484 1829 558 huiusmodi

258 595 556 667 (Symbolo)
608 589 899 651 cantando,
971 586 1384 641 velcelebrando
1418 579 1520 651 (in)
1554 592 1835 631 sacrosan-

258 691 355 742 ctis
414 686 679 756 mysteriis
741 688 988 750 (cantare
1048 689 1103 731 ct
1163 677 1509 736 celebrare),
1576 668 1835 741 quomodo

260 789 446 834 smcta
499 778 741 831 (fontana
796 784 931 828 tenet
996 771 1232 826 Ecclesia
1304 771 1471 837 (qua:
1528 763 1834 835 symbolum

263 872 505 926 custodit
556 873 674 924 sine
726 865 1160 931 ailditantento);
1206 875 1540 932 nequaquam
1570 864 1667 911 aut
1695 852 1839 907 nobis

266 968 322 1020 in
371 963 566 1019 talibus
622 961 885 1021 laborare,
940 967 1030 1011 aut
1060 958 1182 1009 aliis
1209 952 1493 1008 laborandi
1514 949 1839 1003 occasionem

269 1076 474 1114 necesse
537 1059 633 1127 fuit
689 1057 946 1122 ingerere.
1008 1049 1159 1115 Quod
1193 1064 1310 1103 vero
1339 1048 1574 1100 asseritis
1608 1045 1729 1097 ideo
1754 1058 1842 1097 vos

267 1157 344 1206 itu
399 1158 639 1211 cantare,
696 1147 949 1218 quoniam
1001 1144 1136 1197 alios
1173 1142 1225 1194 in
1254 1143 1366 1196 istis
1398 1138 1660 1210 partibus,
1698 1134 1842 1188 vobis

270 1245 491 1315 priores.
556 1241 778 1295 audistis
838 1246 1109 1296 cantasse,
1140 1234 1266 1305 quid
1301 1234 1370 1287 ad
1403 1231 1540 1284 nos?
1574 1228 1681 1284 Nos
1709 1227 1846 1280 enim

271 1336 501 1405 idipsum
528 1350 628 1387 non
659 1340 939 1386 cantamus
967 1329 1091 1396 \boe
1118 1326 1328 1380 scilicnt
1348 1314 1841 1385 additamentum),

271 1429 363 1481 sed
395 1427 615 1497 legimus
646 1425 868 1493 (nempe
925 1431 1078 1474 extra
1125 1417 1484 1489 Symbolum,
1519 1414 1571 1466 in
1603 1410 1849 1480 scriptis,

275 1532 329 1572 r't
372 1521 423 1572 iu
450 1518 572 1572 aliis
606 1517 729 1571 ﬁdei
759 1511 1238 1584 professionibus),
1295 1519 1343 1561 et
1373 1506 1589 1577 legendo
1628 1506 1814 1557 docere
1836 1544 1851 1568 ,

280 1627 371 1664 nec
428 1621 608 1663 taruen
675 1606 891 1677 legendo
945 1614 1036 1659 aut
1069 1602 1300 1657 docendo
1335 1601 1551 1660 addere,
1581 1597 1852 1669 quidpiam

276 1705 439 1755 eidem
493 1701 739 1772 Symbolo
783 1697 1262 1768 189inserendo,
1309 1693 1695 1767 prwsnmimus.
1726 1689 1856 1754 Qut:

282 1814 399 1849 vero
431 1796 698 1864 prtedictis
763 1791 1023 1863 Symbolis
1057 1831 1068 1843 .
1108 1830 1121 1843 .
1164 1828 1177 1843 .
1209 1790 1384 1842 deesse
1443 1786 1806 1857 cognoscimus
1837 1795 1853 1833 :

282 1905 384 1941 non
424 1897 478 1941 ut
510 1887 708 1941 dictum
734 1894 829 1946 est.
857 1886 1087 1938 inserere
1126 1882 1494 1953 pra’sumimus
1531 1897 1549 1934 :
1585 1878 1675 1932 sed
1708 1877 1855 1938 locis,

284 1980 705 2049 temporibusque
731 1977 1059 2047 Opportunis,
1083 1976 1268 2045 quibus
1290 1975 1532 2044 competit
1557 1972 1860 2025 ministrare

283 2086 558 2125 curamus.

359 2162 698 2217 Facultatem
754 2160 1017 2216 cantandi
1079 2160 1227 2214 inter
1268 2158 1558 2213 missarum
1596 2159 1861 2212 solemnia

289 2254 600 2325 symbolum
627 2253 724 2308 abs
755 2268 877 2307 sese
911 2252 1134 2318 factam,
1189 2253 1381 2306 annuit
1411 2251 1683 2321 pontifex.
1719 2251 1865 2304 haue

289 2344 570 2400 facultatis
627 2346 896 2415 epocbam
950 2345 1194 2398 indicare
1250 2344 1473 2398 videtur
1527 2342 1865 2397 Wslafridus

298 2439 515 2493 Strabo.
550 2442 598 2492 ιε
621 2439 795 2504 enim,
834 2438 901 2492 de
931 2438 1081 2491 rebus
1106 2436 1489 2499 ecclesiasticis,
1525 2452 1645 2505 cap.
1676 2436 1768 2501 Ἡ,
1787 2435 1868 2489 sic

292 2532 370 2585 ait
403 2547 416 2585 :
459 2549 479 2582 ι
520 2530 603 2586 Ab
639 2532 772 2600 ipsis
796 2530 1040 2601 (ϐπ-ανεξδ)
1068 2546 1196 2599 ergo
1221 2530 1290 2583 ad
1320 2529 1584 2583 Romanos
1616 2529 1703 2582 ille
1738 2543 1870 2584 usus

295 2624 552 2691 (canendi
613 2624 933 2694 Symbolum
1004 2632 1126 2693 post
1180 2622 1556 2692 Evangelium)
1624 2623 1871 2676 creditur

299 2718 637 2786 pervenisse.
705 2718 808 2772 Sed
862 2717 1007 2787 apud
1060 2716 1245 2771 Gallos
1311 2715 1718 2777 etGermanos.
1752 2724 1873 2784 post

298 2810 661 2878 deiectionem
727 2808 927 2864 Felicis
985 2809 1255 2870 bzeretici,
1320 2809 1423 2862 sub
1472 2808 1872 2878 gloriosissimo

299 2902 496 2955 Carolo
530 2886 869 2955 Francorum
905 2908 1116 2954 rectore
1157 2900 1422 2966 damnati,
1476 2900 1618 2954 idem
1652 2899 1876 2971 Symbo-

303 2993 414 3046 lum
466 2992 633 3047 latius
685 3003 741 3047 et
805 2994 1057 3048 crebrius
1100 2993 1153 3047 in
1191 2992 1479 3048 Missurum
1516 2998 1668 3060 capit
1696 2996 1887 3065 oﬂiciis-

1935 498 2081 539 anno
2149 482 2250 535 7G7
2304 480 2616 534 celebratae.
2684 475 2847 529 Facta
2887 471 2990 526 sibi
3026 479 3213 539 postea
3245 464 3376 519 illud
3410 478 3507 517 ca-

1936 577 2099 631 nendi
2133 573 2393 628 facultate
2421 572 2474 624 in
2517 568 2793 637 Liturgia,
2830 578 2956 620 cum
3019 561 3397 616 Additamento
3423 555 3508 623 ip-

1938 668 2069 722 sum
2122 682 2322 721 canere
2380 663 2652 733 prtcdicta:
2724 656 2981 712 Ecclesiae
3004 646 3514 721 cmperunt.Addi-

1941 768 2237 812 tamentam
2279 757 2417 822 tolli,
2452 753 2679 820 optabat
2710 749 2820 804 Leo
2847 744 3090 818 pontifex
3120 758 3134 794 :
3175 740 3510 804 modumque

1942 850 2303 921 praescripsit,
2346 863 2512 918 quem
2547 845 2851 899 cautiorem
2912 839 3143 908 putabat
3172 851 3187 889 :
3217 843 3275 886 ut
3301 832 3511 886 scilicet

1945 942 2060 1012 ipsa
2098 941 2344 1012 Symboll
2378 935 2691 991 dccantatio
2723 930 2987 1000 paulatim
3022 924 3515 984 intermitteretur,

1944 1051 2007 1091 ac
2065 1034 2428 1091 omitteretur,
2483 1031 2538 1083 in
2592 1026 2814 1096 palatia
2860 1022 3127 1092 primum,
3174 1032 3239 1070 ac
3299 1013 3525 1067 exteris

1946 1129 2147 1183 dc-inde
2207 1127 2259 1180 in
2316 1122 2598 1179 Et-clesiis.
2658 1117 2986 1189 lnquiebant
3049 1127 3180 1179 ergo
3215 1107 3415 1177 legati:
3453 1104 3518 1160 Ut

1949 1220 2115 1283 rideo,
2173 1218 2310 1272 illud
2358 1234 2390 1269 a
2448 1213 2771 1283 paternitate
2830 1217 3006 1262 uestra
3073 1202 3397 1256 decernitur.
3461 1206 3525 1250 ut

1950 1316 2120 1386 primo
2154 1311 2309 1373 illud,
2346 1309 2411 1361 de
2433 1325 2531 1377 quo
2559 1306 2774 1376 quiestio
2828 1309 2938 1358 est.
2977 1299 3041 1353 de
3080 1294 3329 1365 smpefato
3358 1288 3519 1359 Sym-

1952 1381 2067 1459 bolo
2127 1402 2287 1473 190
2351 1400 2574 1454 tollatur
2617 1389 3149 1468 (additamentum):
3189 1392 3238 1439 et
3279 1393 3402 1436 tunc
3434 1381 3525 1433 de-

1953 1516 2097 1552 mum
2131 1516 2162 1549 u
2192 1493 2414 1567 quolibet
2446 1492 2582 1544 lirite
2608 1506 2670 1542 ac
2713 1487 2891 1540 'libere
2950 1484 3054 1537 sive
3099 1478 3390 1537 cruttando,
3421 1475 3548 1527 sise-

1956 1590 2215 1645 tradendo
2239 1590 2476 1641 discatur
2502 1584 2672 1654 (idem
2705 1580 3145 1635 additamentum
3179 1579 3332 1625 extra
3369 1567 3529 1637 Sym-

1956 1684 2190 1745 bolum),
2248 1691 2294 1733 et
2359 1683 2636 1732 doceatur.
2703 1670 2951 1727 Pontifex
2982 1687 2995 1723 :
3024 1666 3109 1722 Ila
3154 1662 3338 1734 procul
3373 1657 3535 1711 dubio

1964 1796 1996 1832 a
2056 1785 2232 1828 nostra
2295 1782 2447 1841 parte
2501 1766 2803 1822 decernitur
2852 1777 2869 1817 :
2924 1762 3002 1814 ita
3049 1771 3250 1827 quoque
3271 1759 3328 1805 ut
3358 1758 3532 1805 ucstra

1965 1866 2306 1927 assentiatur,
2375 1878 2408 1914 a
2466 1858 2610 1911 nobis
2659 1852 2957 1909 omnimodo
2991 1847 3262 1902 suadetur.
3290 1840 3480 1911 ιιι-διιιί
3516 1854 3532 1892 :

1968 1964 2199 2018 Sublatis
2229 1963 2307 2016 his
2340 1971 2454 2028 quae
2486 1952 2662 2007 vultis.
2716 1949 2907 2001 bonum
2948 1950 3022 1996 est
3053 1949 3108 1994 ut
3142 1938 3282 1990 idem
3312 1931 3537 2003 Symbo-

1968 2059 2077 2113 lum
2097 2064 2342 2111 cantetur
2379 2051 2546 2119 (inter
2571 2046 2858 2098 missarum
2882 2033 3194 2099 solemnia).
3236 2025 3533 2084 Pontifex:

1970 2154 2177 2208 Bonum
2229 2163 2381 2202 sane.
2444 2140 2596 2208 Quod
2642 2146 2819 2190 tamen
2866 2147 2966 2186 non
2999 2122 3332 2198 imperando,
3358 2118 3451 2174 sed
3483 2123 3540 2170 ut

1970 2247 2114 2316 prius
2170 2239 2519 2313 permittendo
2571 2232 2794 2285 dicimus
2830 2242 2846 2282 :
2881 2226 3006 2297 quia
3053 2219 3189 2275 illud
3219 2218 3353 2272 sicut
3393 2222 3539 2273 tunc,

1972 2307 2049 2394 ita
2088 2346 2137 2392 et
2162 2307 2298 2390 nunc
2320 2331 2448 2386 utile
2473 2323 2824 2397 indigentibus
2872 2333 2980 2371 esse
3026 2328 3174 2382 posse
3196 2326 3300 2363 non
3328 2307 3546 2377 ignora-

1976 2448 2112 2487 mus.
2160 2426 2496 2484 Facultatem
2547 2394 2846 2474 Gallicanis
2901 2407 3164 2465 Ecclesiis
3206 2394 3544 2455 feceratLeo

1976 2536 2094 2598 post
2127 2521 2396 2595 synodum
2449 2508 3025 2570 Francofordiensem,
3077 2492 3336 2554 cantandi
3370 2491 3425 2544 in
3460 2486 3548 2540 Li-

1980 2583 2501 2687 Iturgia'Symbolutn
2540 2600 2907 2677 permittendo.
2955 2593 3141 2662 Legati
3176 2607 3191 2643 :
3227 2583 3549 2658 Symbolum

1980 2713 2034 2767 in
2095 2682 2340 2775 Liturgia
2389 2716 2589 2757 canere
2643 2697 2688 2752 si
2748 2703 3060 2764 pergamus,
3119 2682 3554 2745 omittamusque

1981 2769 2339 2875 adiectionem
2369 2790 2831 2859 vocisFilioque;
2860 2797 3030 2838 sermo
3058 2780 3160 2832 iste
3191 2774 3255 2827 ab
3287 2769 3549 2828 omnibus,

1983 2862 2092 2954 acsi
2158 2905 2344 2950 contra
2396 2888 2555 2958 fidem
2605 2885 2696 2949 sit,
2729 2872 3194 2934 rondemnabitur.
3225 2862 3397 2931 Quale
3429 2874 3557 2930 ergo

1984 2990 2134 3043 dabis
2192 2954 2517 3040 consilium?
2574 2974 2827 3032 Pontifex
2876 2986 2891 3022 :
2941 2966 2999 3023 Si
3057 2963 3203 3034 prius
3257 2972 3416 3029 quam
3476 2954 3558 3008 ita

307 3087 519 3139 iterari.
568 3104 586 3138 ι
633 3086 834 3139 Felicis
877 3094 936 3139 et
984 3085 1233 3156 Elipandi
1290 3103 1447 3143 error
1492 3088 1555 3141 de
1589 3059 1952 3161 Filiatione‘c
1987 3074 2551 3156 (cumadditamento)
2587 3073 2922 3127 cantaretur,
2958 3063 3319 3125 interrogatus
3352 3059 3559 3161 essem

304 3178 500 3232 Christi
529 3177 778 3247 adaptiua
801 3177 1092 3234 damnatus
1130 3188 1215 3231 est
1250 3195 1396 3232 anno
1426 3180 1547 3245 792,
1580 3181 1633 3234 in
1673 3183 1882 3252 synodo

310 3268 721 3337 llatisponensi,
788 3268 1129 3338 maximeque
1183 3284 1330 3323 anno
1390 3269 1512 3331 794,
1549 3271 1602 3324 in
1647 3272 1881 3340 pleniori

309 3359 550 3413 concilio
584 3358 1105 3425 Francolordiensi,
1139 3361 1226 3414 cui
1289 3360 1615 3423 Galliarum,
1655 3372 1710 3416 et
1750 3364 1887 3416 Ger-

316 3453 511 3504 manias
539 3451 783 3519 episcopi
825 3452 1162 3516 interfuere,
1200 3453 1443 3521 itemque
1500 3454 1651 3523 regni
1687 3454 1883 3507 Italici.

320 3545 503 3596 Potuit
560 3558 691 3613 ergo
744 3543 853 3596 Leo
879 3542 968 3606 lli,
998 3545 1089 3613 qui
1124 3560 1269 3598 anno
1294 3544 1617 3614 insequente
1657 3546 1759 3599 795
1803 3561 1890 3599 re-

315 3652 443 3704 gere
469 3636 766 3690 Ecclesiatn
794 3637 1097 3690 Romanam
1124 3637 1312 3705 capit,
1355 3637 1669 3691 facultatem
1693 3636 1901 3691 fecisse-

321 3740 383 3784 nt
440 3731 493 3784 in
526 3730 734 3785 eisdem
767 3732 1071 3800 provinciis
1126 3730 1271 3782 inter
1299 3730 1567 3783 solemnia
1602 3729 1891 3784 mitrarum

320 3834 619 3885 caneretur
649 3824 969 3894 Symbolum
1003 3821 1707 3890 Constantinopoliunum.
1739 3819 1897 3874 llunc

325 3921 494 3972 ritutn
567 3916 955 3986 Hispaniarum
1011 3915 1269 3970 Ecclesia:
1317 3916 1429 3984 jam
1463 3914 1671 3968 dudum
1692 3915 1898 3982 ample-

329 4022 467 4066 xatte
522 4010 761 4066 fuerant.
828 4010 1009 4077 Ipsum
1038 4009 1268 4062 fortasse
1295 4009 1348 4062 in
1382 4006 1678 4061 Gallicanis
1700 4007 1900 4076 aliqui-

329 4111 431 4162 bus
491 4107 753 4161 Ecclesiis
821 4105 1032 4173 pridem
1102 4103 1411 4156 invaserint
1464 4100 1740 4155 antistites
1790 4109 1903 4153 :at

330 4202 528 4253 Leonis
563 4199 630 4253 Ill
659 4207 820 4252 actate
852 4197 1013 4251 latins
1049 4202 1098 4248 et
1147 4195 1377 4248 crebrius
1412 4191 1713 4245 ritusidem
1748 4191 1902 4243 inva-

329 4297 450 4349 Ιιιὶι.
484 4293 891 4349 Vcrisimillima
917 4301 1045 4345 sunt
1103 4291 1216 4342 haec
1244 4287 1529 4343 Strabonis
1554 4288 1696 4339 dicta
1737 4303 1751 4339 :
1805 4284 1908 4337 lal-

332 4391 575 4456 lnurquc
607 4397 786 4440 tamen
809 4423 824 4447 ,
851 4400 975 4439 cum
1032 4392 1220 4437 narrat
1245 4400 1276 4435 a
1311 4380 1506 4435 Grecis
1538 4378 1606 4432 ad
1639 4376 1906 4430 Romanos

1990 3136 2057 3156 ιν
2536 3136 2544 3141 .

1990 3193 2055 3231 ne
2085 3176 2402 3228 inser-eretur
2425 3167 2627 3234 utique,
2679 3156 3085 3228 respondissem.
3130 3148 3197 3203 At
3225 3159 3363 3200 nunc
3401 3136 3563 3211 (quod

1991 3277 2168 3322 tamen
2221 3278 2325 3315 nan
2380 3258 2711 3328 afﬁrmando,
2769 3250 2862 3304 sed
2898 3247 3157 3301 vobiscum
3182 3240 3384 3309 pariter
3413 3241 3563 3286 trac-

1993 3359 2153 3416 tando
2183 3357 2342 3424 dico),
2376 3324 2633 3423 quantum
2665 3345 2828 3400 menti
2869 3340 3124 3401 occurrit,
3151 3336 3227 3388 ita
3261 3329 3386 3384 mihi
3420 3324 3569 3380 uide-

1995 3464 2083 3507 tur
2137 3413 2313 3515 posse,
2339 3413 2619 3512 ulrumque
2677 3437 2796 3506 ﬁeri
2837 3451 2855 3489 :
2887 3443 2941 3487 ut
2978 3429 3244 3501 paulatim
3273 3423 3328 3475 in
3360 3413 3567 3488 palatio

1998 3545 2145 3614 (quia
2170 3544 2223 3594 in
2254 3545 2434 3591 nostra
2467 3540 2651 3589 sancta
2686 3527 2923 3584 Ecclesia
2974 3537 3079 3575 non
3103 3509 3400 3579 cantatur),
3437 3520 3571 3558 can-

1999 3605 2149 3691 iandi
2178 3628 2496 3687 consuetudo
2526 3623 2759 3694 ejusdem
2803 3614 3037 3688 Symboli
3086 3605 3505 3665 intermittatur.
3529 3632 3572 3650 ..

1999 3733 2045 3785 si
2074 3729 2379 3782 dimittatur
2405 3739 2437 3776 α
2465 3719 2628 3782 vobis,
2653 3714 2948 3769 dimittetur
2978 3705 3042 3759 ab
3078 3699 3342 3756 omnibus.

2070 3870 2236 3926 Plura
2265 3866 2656 3920 innotescunt:
2687 3854 2740 3908 l.
2767 3852 3011 3908 Romana
3040 3842 3305 3901 Ecclesia,
3335 3832 3583 3904 antiqui-

2006 3964 2133 4019 tatis
2150 3956 2524 4016 tenacissima,
2555 3950 2788 4020 rigorem
2813 3943 2939 4013 legis
2981 3936 3254 4009 Ephesium
3281 3929 3579 3985 servabat:

2006 4073 2110 4112 nec
2161 4054 2271 4109 ullo
2323 4040 2997 4112 Constantinopolitanum
3056 4025 3377 4097 interpolari
3420 4022 3587 4093 Sym-

2011 4147 2197 4202 bolum
2237 4140 2402 4197 modo
2430 4151 2588 4208 passa
2629 4143 2736 4188 cst.
2773 4128 2829 4182 2.
2865 4123 3185 4197 Symbolum
3223 4117 3366 4172 idem
3399 4129 3587 4208 neque

2011 4234 2296 4313 privatim,
2323 4207 2502 4301 neque
2530 4226 2749 4297 publice
2804 4217 2947 4291 apud
2993 4217 3166 4284 ipsam
3204 4225 3327 4266 cum
3362 4207 3586 4262 addita-

2014 4307 2201 4387 inento
2263 4334 2358 4381 aut
2397 4321 2762 4381 scribebatur,
2815 4307 3365 4377 autlegebatur,aut
3394 4308 3592 4354 cantas

2015 4427 2202 4482 batur.
2255 4423 2309 4476 5.
2371 4419 2487 4473 lmo
2549 4428 2727 4482 neque
2781 4403 3027 4478 Symboli
3070 4400 3188 4455 sine
3214 4396 3595 4451 additamento

332 4485 495 4576 meum
524 4480 1020 4576 ἥψω-8⁸ηεηίκᾶ
1054 4477 1354 4576 Eci'fm"?
1410 4474 1710 4527 Romanam
1745 4472 1788 4525 Si
1823 4471 1909 4524 in.
1943 4467 1986 4523 ὓ
2255 4467 2726 4573 ἓηιῖἷῌιιιτξία
2787 4467 2970 4554 adhuc
3017 4492 3338 4549 admiserat.
3378 4487 3433 4541 ἡ.
3463 4485 3597 4539 Haec

336 4574 629 4625 tellexerit.
691 4570 825 4624 Hinc
884 4585 1016 4621 vero
1079 4565 1449 4635 colligendum
1496 4564 1735 4626 videtur,
1764 4562 1818 4615 id
1840 4577 1909 4617 eo

335 4665 569 4719 consilio
609 4665 935 4732 permissum
990 4676 1017 4713 a
1075 4675 1292 4714 summo
1333 4657 1589 4726 pontifice
1619 4656 1807 4720 fui3se,
1850 4661 1911 4709 ut
1946 4693 1953 4701 ι

270 4760 273 4763 ’
338 4760 605 4811 natural-5
634 4757 818 4810 divina
850 4754 975 4809 Jcsu
1003 4755 1207 4809 Christi
1241 4754 1454 4815 liliatio,
1488 4766 1651 4820 quam
1690 4747 1841 4801 Felix
1862 4755 1913 4801 et

342 4852 639 4922 Elipandus
665 4850 1078 4918 oppugnabant,
1112 4861 1296 4901 coram
1328 4846 1622 4915 palamque
1677 4843 1729 4895 in
1757 4842 1915 4910 Sym-

342 4946 452 5000 boli
487 4953 650 4999 cantu
691 4944 835 4996 inter
871 4942 1162 4996 missarum
1200 4938 1463 4994 solemnia
1491 4936 1912 4990 enuntiaretur:

344 5041 594 5107 adeoque
648 5052 717 5091 ne
765 5035 1033 5105 cogitasse
1086 5034 1268 5103 ipsum
1328 5031 1550 5101 quidem
1583 5029 1650 5082 de
1690 5026 1919 5082 Addita-

348 5139 533 5185 mento
573 5128 723 5180 vocis
746 5124 1007 5194 Filioque.
1040 5124 1277 5179 Aiebant
1302 5121 1487 5191 legati.
1521 5135 1578 5174 se
1605 5121 1660 5172 in
1678 5119 1919 5189 partibus

342 5226 460 5284 istis
487 5222 642 5284 alios,
680 5220 806 5288 ipsis
854 5220 1087 5287 priores,
1149 5216 1585 5271 additamentum
1643 5218 1919 5265 cantantes

349 5316 632 5371 audivisse.
669 5311 919 5366 Fortasse
943 5320 1118 5379 partes
1153 5310 1285 5364 istas
1326 5307 1716 5374 intelligebant
1747 5304 1801 5356 in
1831 5317 1922 5355 re-

349 5423 460 5478 gno
507 5405 724 5462 Italiae:
762 5419 867 5473 qua
915 5403 982 5456 de
1031 5419 1087 5456 ro
1145 5402 1279 5457 satis
1329 5401 1561 5455 obscura
1602 5395 1926 5465 diligentius

352 5504 652 5562 disserere,
702 5512 812 5553 non
872 5503 1051 5549 vacat.
1103 5495 1399 5548 Romanam
1428 5502 1580 5547 certe
1621 5485 1923 5544 Ecclesiam

356 5593 666 5662 intelligere
692 5590 846 5646 nullo
868 5587 1031 5644 modo
1064 5587 1215 5653 licet,
1272 5594 1332 5640 ut
1386 5582 1683 5639 ostendere
1746 5576 1929 5650 pergi-

359 5700 504 5747 mus.
1860 5729 1869 5738 _

431 5776 749 5849 Symbolum
772 5773 1138 5846 interpolatae
1163 5768 1468 5827 Gallicanas
1494 5765 1768 5824 Ecclesias
1791 5779 1923 5820 con-

2014 4625 2149 4667 vero
2204 4601 2592 4662 ecclesiastica:
2644 4592 2954 4662 disciplina:
3024 4584 3204 4654 capita
3262 4595 3384 4636 esse
3416 4576 3601 4648 probe

2018 4708 2299 4758 noverat:
2341 4693 2487 4749 unde
2548 4701 2663 4745 tum
2723 4679 3024 4742 Gallicanis
3080 4674 3333 4733 ecclesiis
3368 4679 3596 4725 cantum

2022 4794 2262 4866 Symboli
2291 4792 2433 4845 inter
2456 4783 2725 4841 solemnia
2756 4780 3049 4833 missarum
3083 4767 3440 4841 permiserat:
3476 4773 3599 4815 tum

2021 4856 2187 4943 etiam
2244 4886 2520 4938 invectum
2564 4873 2633 4928 ab
2694 4870 2807 4925 illis
2846 4865 3281 4922 additamentum
3312 4856 3425 4911 tolli
3468 4869 3605 4907 sua-

2023 4980 2208 5043 debat,
2245 4991 2346 5029 non
2382 4966 2716 5042 aﬂirmanda,
2740 4971 2834 5018 aut
2860 4957 3141 5032 iubendo;
3174 4951 3274 5009 sed
3318 4948 3606 5004 tractando

2026 5066 2428 5138 praebendaque
2457 5057 2771 5115 consilium.

2100 5199 2161 5254 ν.
2199 5197 2307 5251 Sua
2344 5193 2446 5248 abs
2471 5185 2877 5246 consuetudine
2909 5180 3053 5236 haud
3086 5175 3386 5233 recessisse
3411 5169 3608 5227 Eccle-

2028 5292 2121 5347 siae
2165 5289 2462 5344 Gallicana:
2518 5282 2778 5337 videntur
2815 5295 2831 5331 :
2869 5274 3029 5330 lnesit
3078 5272 3323 5326 Romana
3359 5261 3612 5319 Ecclesia

2031 5379 2366 5452 antiquitati,
2419 5392 2484 5431 ac
2537 5373 2674 5442 legis
2733 5369 2925 5439 rigori.
2989 5367 3044 5421 ιιι
3085 5371 3280 5434 putant
3319 5357 3419 5413 viri
3449 5354 3611 5411 docti

2034 5474 2454 5547 intelligendum
2511 5485 2633 5525 esse
2694 5467 2762 5521 de
2831 5464 3017 5519 addita
3072 5471 3229 5521 voce,
3290 5452 3536 5547 Filioque
3597 5466 3612 5505 ;

2033 5583 2196 5625 secus
2218 5541 2293 5621 ile
2324 5563 2535 5627 publica
2576 5558 2811 5631 ngboli
2865 5554 3174 5609 recitations
3212 5549 3265 5600 in
3294 5544 3484 5600 Cilicio
3514 5541 3615 5595 Li-

2038 5664 2273 5734 turgico.
2334 5658 2557 5713 Dixerat
2602 5650 2969 5711 Maliiilonius,
3035 5645 3176 5699 l:bro
3216 5657 3229 5695 ι
3265 5639 3337 5693 De
3363 5636 3617 5701 Liturqia

2041 5729 2342 5820 Gallicana,
2381 5751 2563 5821 capite
2591 5749 2646 5815 ἓ,
2679 5762 2807 5801 num
2837 5746 2869 5799 6
2898 5785 2911 5811 ,
2947 5738 3256 5811 Symbolum
3287 5743 3400 5792 uost
3433 5729 3622 5785 Evan-
