3852 6490
323 374 435 443 189

1447 386 1648 448 VITA.
1687 414 1758 423 --
1798 387 2311 453 DISSERTATIO
2373 394 2455 456 ll.

3486 398 3591 464 190

316 490 523 562 getiam
548 489 812 547 Romanos
844 493 989 547 nullo
1028 493 1178 548 modo
1205 496 1452 551 cecinisse
1482 514 1641 567 usque
1670 499 1741 553 ad
1770 507 1899 553 tem-
1932 509 1969 563 Α
2002 517 2122 573 gam
2150 519 2170 566 ς
2234 501 2394 573 192
2447 503 2500 559 in
2549 517 2722 573 eaque
2776 502 2843 560 de
2886 504 3052 561 Credo
3081 507 3136 561 in
3165 504 3349 567 Deum.
3377 506 3490 559 sive
3520 507 3590 561 de

322 600 463 650 pore
508 584 643 637 dicte
700 586 968 640 memoria:
1012 585 1229 639 Henrici
1286 588 1652 655 imperatoris,
1704 590 1906 645 scilicet

320 675 516 743 primi.
549 684 680 730 teste
726 675 969 731 Bernone
1002 679 1191 734 abbate
1235 680 1507 750 Augiensi.
1548 682 1778 737 Laudati
1821 693 1904 740 te-

324 768 435 820 etis
465 767 579 821 hazc
614 768 825 822 scil’cet
852 771 1016 824 verba
1045 781 1167 827 sunt
1199 773 1380 839 capite
1410 773 1443 826 2
1478 771 1545 826 de
1576 773 1905 837 quibusdam

325 858 501 913 rebus
550 861 615 912 ad
649 860 866 913 Missam
926 878 1038 929 spe-
1063 863 1353 917 tantibus:
1392 882 1409 916 t
1438 861 1741 934 Symbolum
1786 876 1907 935 post

330 952 694 1021 Evangelium
729 970 904 1023 usque.
930 957 993 1007 ad
1025 956 1140 1010 haec
1174 965 1423 1024 tempora
1453 957 1597 1020 divae
1625 958 1905 1014 memoriae

334 1044 558 1098 llettrici
615 1044 965 1113 imperatoris
1009 1046 1161 1116 191
1198 1049 1613 1118 (inceptumque
1643 1050 1902 1104 saeculum

332 1139 714 1210 undecimum)
746 1157 816 1193 nu
847 1142 903 1194 lo
972 1142 1135 1195 modo
1182 1143 1531 1198 cecinerunt.
1589 1144 1673 1199 Ab
1706 1144 1904 1199 eodem

327 1232 620 1300 (llenrico)
682 1234 1023 1302 interrogati,
1084 1250 1185 1288 cur
1223 1238 1292 1290 ita
1323 1245 1571 1306 agerent,
1598 1253 1683 1292 me
1714 1253 1902 1293 coram

242 1358 243 1361 η
322 1325 622 1380 αδεῖειθιιῑε
658 1342 672 1377 :
712 1325 898 1379 audivi
944 1342 1041 1382 eos
1069 1327 1384 1396 hujusmodi
1417 1344 1747 1399 responsum
1775 1332 1898 1386 red.

321 1418 461 1472 dere
485 1457 501 1481 ,
528 1417 784 1473 videlicet
820 1420 968 1489 quod
998 1420 1244 1477 Romana
1284 1422 1528 1478 Ecclesia
1571 1439 1680 1478 non
1706 1422 1902 1478 luisset

320 1509 629 1579 aliquando
684 1511 793 1564 ulla
857 1512 1129 1568 haereseos
1159 1512 1277 1568 fece
1309 1515 1510 1570 iniecta
1539 1536 1551 1573 ε
1584 1516 1676 1569 sed
1701 1504 1898 1570 secuu-L

320 1601 457 1654 dum
524 1602 695 1655 sancti
760 1602 906 1657 Petri
959 1604 1287 1669 doctrinam,
1317 1607 1371 1661 in
1411 1608 1686 1663 soliditate
1710 1608 1900 1662 catho-

319 1690 446 1744 licze
482 1690 606 1744 ﬁdei
633 1703 980 1761 permaneret.
1041 1694 1410 1751 inconcussa:
1442 1706 1498 1752 et
1561 1698 1685 1751 ideo
1726 1699 1900 1767 magis

322 1782 416 1838 Itis
445 1785 818 1838 necessarium
848 1800 969 1841 esse
1003 1786 1137 1841 illud
1199 1788 1517 1859 Symbolum
1546 1792 1746 1860 sacpius
1770 1806 1899 1844 can-

2013 592 2271 665 Symuolo
2316 595 2447 665 agit,
2499 593 2647 665 quod
2704 596 2759 649 in
2793 596 2956 650 missa
2985 597 3283 666 pontiﬁcali
3321 598 3589 653 recitaba-

2010 694 2123 741 ιυΓ.

2077 780 2309 837 Causam
2371 797 2525 838 suam
2581 797 2838 850 perorare
2882 781 3058 851 pergit
3086 781 3326 835 Martoue
3367 799 3380 833 :
3424 803 3440 831 ι
3487 783 3589 836 De-

2009 872 2136 928 inde
2170 874 2503 930 Walal‘ridus
2526 876 2668 929 libro
2697 875 2771 929 De
2798 876 2947 927 rebus
2979 873 3378 935 Ecclesiasticis,
3409 875 3587 943 capite

2002 965 2093 1028 Q2,
2161 976 2449 1035 postquam
2503 968 2749 1022 rationes
2803 966 3054 1035 protulit,
3095 980 3195 1018 cur
3226 964 3396 1019 Graeci
3431 966 3586 1035 Sym-

2004 1057 2190 1113 bolum
2239 1059 2947 1130 Constantinopolitanum,
3010 1059 3196 1128 potius
3222 1074 3384 1125 quant
3407 1057 3585 1112 Nicae-

2002 1166 2133 1204 num
2173 1151 2225 1206 in
2259 1151 2418 1206 Missa
2452 1152 2833 1218 decantarent,
2867 1152 3018 1205 addit
3053 1169 3066 1204 :
3099 1151 3175 1205 Ab
3206 1151 3332 1219 ipsis
3364 1166 3487 1218 ergo
3514 1150 3588 1203 ad

2005 1243 2266 1299 Romanos
2315 1245 2407 1300 ille
2452 1262 2576 1300 usus
2631 1246 2872 1299 creditur
2897 1247 3213 1314 pervenisse.
3245 1243 3340 1298 His
3370 1242 3586 1299 accedit

2001 1337 2149 1389 omni
2173 1338 2499 1404 exceptione
2522 1338 2696 1406 majus
2715 1337 2916 1392 Leonis
2940 1337 3095 1405 Papa:
3114 1335 3180 1390 ill
3206 1334 3583 1390 testimonium

2004 1426 2057 1479 in
2110 1428 2388 1495 prun-itala
2411 1428 2718 1483 Coilatione
2747 1443 2870 1481 cum
2898 1428 3093 1497 legatis
3125 1425 3345 1481 concilii
3380 1426 3581 1492 Aquis-

2000 1517 2303 1586 grancusis.
2336 1517 2470 1571 Nam
2512 1534 2634 1573 cum
2678 1534 2954 1572 summum
2991 1516 3302 1587 pontiﬁcem
3324 1522 3587 1585 urgerent

2002 1610 2183 1679 legati,
2212 1622 2269 1666 ut
2296 1611 2597 1667 Gallicanis
2630 1612 2881 1666 ecclesiis
2902 1609 3581 1681 permitteretsymbolum

1998 1707 2300 1760 decantare
2327 1723 2451 1761 cum
2481 1723 2545 1761 ea
2572 1707 2879 1771 additione,
2930 1723 3053 1777 quze
3090 1706 3419 1760 mentionem
3454 1705 3585 1758 facit

2002 1800 2355 1867 processionis
2403 1798 2632 1869 Spiritus
2692 1802 2865 1854 sancti
2923 1818 2955 1854 a
3002 1797 3167 1859 Filio,
3202 1796 3430 1868 perinde
3463 1812 3584 1851 aea

324 1875 493 1929 tando
534 1874 911 1943 frequentare,
969 1879 1065 1947 qui
1097 1879 1394 1951 aliquando
1426 1883 1533 1936 ulla
1566 1882 1761 1937 haeresi
1799 1899 1897 1952 po-
1934 1871 1969 1923 Β
2001 1888 2186 1945 Patre.
2227 1891 2504 1959 respondit
2569 1892 2834 1962 pontifex.
2888 1895 3019 1947 satis
3073 1908 3187 1945 esse
3221 1890 3354 1945 illud
3379 1890 3586 1943 decan-

320 1976 555 2022 tueruut
588 1969 878 2025 maculari.
920 1989 940 2023 ι

393 2058 548 2114 Hanc
578 2060 890 2119 deseruisse
924 2063 1141 2119 videtur
1178 2064 1263 2119 vir
1289 2066 1649 2121 doctissimus
1681 2067 1899 2135 opinio-

322 2160 451 2200 netu
468 2146 522 2202 in
534 2146 945 2206 Comnteutario
960 2152 1015 2207 in
1037 2152 1286 2208 Ordinem
1302 2154 1622 2219 Romanum,
1638 2157 1817 2226 capite
1842 2158 1897 2222 6,

323 2254 481 2293 unm.
514 2241 568 2303 '5,
600 2240 692 2295 ubi
721 2243 836 2299 ait:
886 2242 1075 2299 Verum
1103 2246 1259 2317 longe
1284 2258 1410 2302 ante
1443 2249 1498 2302 id
1518 2257 1720 2320 tempus
1738 2248 1900 2320 Sym-

321 2332 501 2387 bolum
561 2336 617 2389 in
677 2338 840 2392 missa
892 2340 1188 2409 pontiﬁcali
1222 2341 1503 2397 decantari
1526 2361 1637 2398 mos
1666 2354 1805 2406 erat,
1843 2352 1900 2397 ut

320 2423 486 2491 ﬁdem
550 2425 679 2494 facit
725 2426 933 2483 libellus
986 2432 1249 2486 secundus
1313 2434 1378 2486 de
1414 2433 1613 2487 Ordine
1639 2433 1901 2488 Romano.

317 2516 482 2572 Hunc
531 2515 807 2584 Ordinem,
865 2521 1114 2591 aliosque
1141 2525 1284 2600 intra
1316 2525 1385 2579 ad
1415 2541 1643 2579 examen
1682 2528 1901 2581 vocabi-

320 2624 467 2663 mus.
522 2607 584 2664 ln
638 2612 783 2668 hanc
840 2602 1169 2669 sententiam
1220 2627 1370 2671 totus
1422 2618 1534 2673 abit
1578 2617 1901 2674 Edmundus

317 2700 583 2767 Marteue.
612 2707 688 2763 De
718 2709 950 2780 antiquis
990 2710 1240 2766 Ecclesia
1274 2713 1484 2778 ritibus,
1521 2714 1622 2768 lib.
1658 2730 1696 2779 I,
1720 2715 1899 2783 capite

316 2796 375 2859 4.
403 2807 513 2853 art.
541 2801 597 2864 5,
655 2815 815 2857 unm.
860 2804 948 2871 ll,
1015 2816 1069 2860 et
1106 2805 1161 2859 in
1203 2806 1530 2862 Prml‘atione
1564 2809 1631 2861 ad
1687 2819 1898 2862 tomum

317 2891 387 2946 IV
410 2901 468 2947 et
499 2893 541 2949 V
573 2895 941 2965 Amplissimm
970 2899 1350 2957 Collectionis.
1389 2903 1596 2958 lllustri
1624 2905 1900 2958 monacho

317 2986 641 3041 consentire
678 2989 874 3043 maluit
915 2990 1245 3047 Frauciscus
1292 2994 1510 3063 Pagius,
1537 2995 1594 3049 in
1626 2995 1898 3051 Breviario

318 3076 686 3135 Romanorum
712 3082 1040 3150 pontificum,
1068 3091 1219 3139 tomo
1245 3084 1311 3147 ll.
1347 3086 1400 3139 in
1436 3084 1736 3141 Benedicto
1761 3085 1897 3153 Vill,

320 3186 476 3226 num.
537 3172 592 3237 8,
640 3188 802 3241 quam
856 3175 1078 3229 Antonii
1131 3176 1280 3247 Pagii
1341 3176 1520 3246 patrui
1576 3180 1897 3233 sententiam

322 3266 507 3332 sequi.
532 3263 650 3318 Non
679 3267 923 3321 eamdem
948 3277 1126 3322 tamen
1155 3268 1294 3323 viam
1327 3270 1670 3339 perguntilli.
1695 3271 1898 3326 Bernu-

324 3355 418 3408 nis
434 3358 839 3424 auctoritatem,
868 3374 989 3428 qua:
1020 3375 1323 3429 repugnare
1357 3362 1599 3427 videtur,
1630 3371 1689 3417 ut
1721 3364 1899 3419 elevet

324 3446 714 3517 Mabillonius,
773 3451 1069 3517 existimat,
1146 3454 1382 3524 Symboli
1444 3457 1810 3511 recitationem
1866 3476 1897 3511 a

316 3542 513 3596 seculo
542 3560 682 3598 nono
713 3546 785 3598 ad
812 3548 1147 3600 undecimum
1181 3549 1541 3602 intermissam
1581 3564 1612 3599 a
1643 3547 1899 3602 Romanis

322 3636 379 3688 in
416 3635 582 3692 Hissa
611 3638 793 3707 fuisse,
828 3641 1140 3711 iterumque
1163 3651 1522 3709 resumptam.
1551 3641 1900 3706 Coniectura:

318 3728 557 3784 solidam
581 3731 818 3801 aliquam
845 3734 1113 3789 rationem
1138 3748 1240 3789 nec
1280 3733 1493 3803 profert
1520 3733 1896 3797 Mabillonius,

318 3839 430 3879 nec
452 3825 585 3880 dare
613 3828 878 3895 potuisset
909 3843 1150 3899 unquam

401 3934 421 3968 ι
452 3915 566 3972 Nos
599 3933 730 3973 vero
758 3918 960 3991 (inquit
987 3922 1228 3976 Martene
1282 3921 1408 3976 loco
1444 3921 1678 3990 primum
1708 3922 1897 3991 citato)

316 4019 381 4065 et
422 4009 694 4067 Bernonis
745 4013 1089 4069 admittimus
1141 4017 1533 4070 auctoritatem
1568 4056 1583 4081 ,
1610 4027 1665 4069 et
1695 4016 1900 4070 nihilo-

321 4103 509 4157 minus
560 4104 857 4160 asscrimus
914 4104 1153 4177 Symboli
1199 4108 1256 4160 in
1312 4107 1475 4162 missa
1537 4109 1899 4162 recitationem

320 4197 480 4268 longe
526 4199 882 4268 antiquiorem
935 4200 990 4253 in
1046 4199 1282 4253 Ecclesia
1338 4198 1575 4254 Romana
1625 4202 1897 4267 exsistere,

318 4307 489 4357 quam
548 4292 873 4345 existiment
931 4291 1008 4345 illi
1062 4303 1320 4345 auctores
1363 4291 1674 4362 (Buronius.
1725 4293 1896 4358 Bona,

318 4383 640 4446 Meuardus,
697 4383 948 4452 aliique).
999 4381 1134 4436 Nam
1178 4384 1357 4453 primo
1388 4384 1606 4438 illorum
1642 4386 1899 4456 pra-judi-

319 4477 424 4532 ciis
456 4479 676 4530 obstant
705 4476 914 4546 antiqui
966 4478 1188 4533 Ordines
1243 4477 1489 4544 Romani,
1543 4480 1607 4535 ll.
1646 4480 1685 4535 V
1717 4491 1772 4534 et
1804 4481 1893 4542 Vi.

2004 1993 2138 2047 tare,
2194 1983 2453 2050 quomodo
2506 1985 2559 2037 in
2612 1984 2919 2046 huiusmodi
2967 1982 3321 2046 decantando,
3372 1989 3421 2033 et
3449 1979 3587 2033 cele-

2001 2074 2200 2126 brando
2243 2078 2595 2130 sacrosanctis
2654 2076 2918 2144 mysteriis
2942 2084 3129 2129 sancta
3168 2073 3409 2127 Romana
3442 2080 3583 2125 tenet

2002 2165 2260 2219 Ecclesia.
2322 2167 2418 2222 llis
2477 2168 2620 2224 addo
2668 2165 2898 2223 Joannis
2946 2166 3108 2235 Papa!
3152 2165 3263 2219 VIII
3291 2164 3405 2235 (qui
3434 2175 3582 2216 anno

2001 2253 2106 2307 87-2
2134 2254 2199 2308 ad
2232 2270 2505 2310 summum
2541 2257 2920 2326 pontiﬁcatum
2978 2263 3207 2310 evectus
3241 2253 3348 2322 est)
3389 2260 3586 2308 aucto-

2001 2345 2217 2399 ritatem
2268 2347 2321 2400 in
2354 2348 2586 2417 epistola
2620 2349 2750 2409 247.
2796 2349 2863 2402 ad
2919 2347 3453 2415 Spheutopulcrum,
3486 2360 3585 2399 co-

2003 2440 2192 2494 mitem
2238 2441 2515 2523 Mqraviae,
2576 2443 2666 2496 ubi
2693 2442 2809 2496 ltzec
2835 2442 3002 2495 habet
3034 2459 3047 2495 :
3082 2440 3405 2493 Methodium
3431 2453 3585 2492 vene-

2004 2532 2119 2587 rab.
2159 2535 2613 2605 archiepiscopum
2639 2545 2866 2590 vestrum
2913 2534 3373 2603 interrogavimus.
3404 2545 3584 2584 coram

2000 2626 2184 2695 pasitis
2212 2626 2470 2696 fratribus
2506 2628 2702 2681 nostris
2733 2627 3012 2697 episcopis,
3048 2629 3093 2680 si
3124 2624 3431 2678 orthodoxe
3458 2623 3585 2687 ﬁdei

2003 2718 2309 2790 Symbolum
2367 2720 2443 2773 ita
2500 2721 2755 2784 crederet,
2806 2729 2854 2772 et
2901 2720 3039 2773 inter
3093 2735 3250 2771 sacra
3287 2717 3585 2770 missarum

1999 2812 2260 2865 solemnia
2327 2821 2565 2875 caneret,
2618 2812 2777 2865 sicuti
2806 2821 3047 2865 sanctam
3075 2810 3372 2864 Romanam
3405 2806 3586 2860 Eccle-

2000 2906 2133 2958 siam
2185 2912 2381 2967 tenere,
2418 2914 2468 2958 et
2514 2906 2567 2957 in
2603 2906 2798 2958 sanctis
2825 2913 2873 2958 et
2898 2901 3280 2956 unieersalibus
3301 2900 3517 2971 synodis
3550 2914 3585 2951 a

2001 2998 2200 3053 sanctis
2224 2996 2471 3051 Patribus
2523 2997 2806 3050 secundum
2868 2995 3224 3065 evangelicum
3266 2993 3461 3047 Christi
3493 2990 3587 3046 Dei

2003 3093 2171 3146 nostri
2212 3092 2590 3145 auctoritatem
2642 3090 3074 3160 promulgatum,
3121 3097 3282 3158 atque
3328 3086 3583 3139 traditum

2005 3198 2115 3237 esse
2159 3191 2391 3236 constat.
2444 3183 2542 3236 Ille
2589 3192 2773 3237 autem
2837 3183 3121 3252 professus
3179 3189 3264 3235 est
3320 3194 3379 3233 se
3427 3179 3585 3248 juxta

2005 3275 2375 3345 evangelicum
2404 3284 2460 3330 ct
2490 3275 2850 3344 apostolicam
2882 3274 3215 3334 doctrinam,
3243 3273 3584 3327 sicutsancta

2003 3365 2247 3420 Romanu
2313 3365 2549 3421 Ecclesia
2601 3371 2789 3431 docet,
2849 3374 2904 3419 et
2966 3363 3281 3419 aPatribus
3319 3361 3584 3415 traditum

2001 3466 2103 3521 est,
2132 3469 2319 3514 tenere
2343 3470 2401 3514 et
2422 3461 2677 3528 psallere.
2710 3458 2789 3512 Es
2833 3457 2921 3512 his
2947 3457 3205 3512 omnibus
3258 3453 3579 3517 cautlcitur,

2004 3558 2110 3602 toto
2159 3551 2350 3603 swculo
2419 3566 2555 3603 nono
2602 3546 2911 3619 Symbolum
2944 3550 2998 3603 in
3024 3548 3185 3603 missa
3217 3546 3359 3618 apud
3390 3544 3586 3599 Romo-

2003 3659 2097 3697 nos
2127 3642 2320 3695 dictum
2349 3642 2537 3712 fuisse.

2071 3735 2211 3801 Quid
2265 3751 2397 3804 ergo
2456 3734 2707 3790 dicemus
2766 3735 2832 3789 ad
2861 3734 3128 3788 Bernonis
3163 3732 3583 3789 testimonium?

2001 3827 2213 3883 Saecula
2244 3828 2459 3882 decimo
2496 3828 2855 3881 intermissam
2884 3827 3071 3881 Romae
3102 3829 3242 3881 hanc
3272 3834 3573 3881 Consuetu-

2000 3920 2187 3975 dinem
2235 3920 2382 3987 (cum
2427 3918 2815 3981 Mabillouio)?
2870 3919 2995 3972 llaec
3038 3918 3329 3989 responsio
3353 3917 3580 3973 tolerari

2002 4022 2278 4082 utcunque
2339 4021 2545 4080 posset.
2589 4013 2635 4066 si
2683 4012 3007 4067 solidiorem
3065 4012 3293 4067 aliunde
3327 4028 3436 4066 non
3480 4012 3579 4067 ha-

2003 4104 2262 4159 beremus
2302 4104 2464 4175 huius
2528 4103 2869 4159 difﬁcultatis
2940 4103 3298 4159 solutionem.
3344 4103 3480 4159 Nam
3534 4104 3582 4159 si

2001 4196 2272 4252 Bernouis
2299 4197 2465 4252 verba
2497 4206 2705 4250 attenta
2745 4198 2948 4250 mentis
2978 4196 3423 4251 consideratione
3454 4210 3579 4267 per-

2001 4296 2355 4355 scrutemur,
2405 4305 2514 4342 non
2576 4297 2741 4358 negat
2792 4288 3044 4343 absolute
3101 4288 3249 4358 apud
3308 4287 3585 4343 Romanos

2001 4383 2317 4455 Symbolum
2350 4382 2402 4435 in
2436 4382 2597 4435 missa
2625 4383 2831 4435 dictum
2867 4381 3062 4444 fuisse,
3095 4381 3191 4461 sed
3215 4382 3581 4444 decantatum,

2001 4477 2129 4545 quia
2179 4491 2372 4529 revera
2427 4474 2662 4530 solemni
2707 4474 3105 4537 modulatione,
3138 4483 3198 4529 ut
3229 4475 3285 4529 in
3322 4475 3449 4530 aliis
3476 4475 3578 4530 Ec-

319 4586 390 4625 ex
418 4570 655 4638 vulgatis
677 4586 705 4624 a
734 4570 1047 4626 Mabillonio
1109 4570 1295 4626 Μαδωὶ
1330 4572 1510 4627 Italici
1547 4583 1697 4628 tomo
1731 4574 1797 4629 ll.
1830 4572 1895 4626 Et
1927 4580 1970 4635 ι)
2000 4568 2205 4632 clesiis,
2258 4581 2367 4621 non
2417 4566 2749 4620 cantabatur
2774 4606 2789 4629 ,
2848 4567 2942 4620 sed
3003 4565 3181 4620 solum
3227 4565 3579 4620 recitabatur.

324 4680 393 4718 ne
421 4680 549 4731 quis
577 4663 817 4731 aliquam
849 4667 901 4717 in
959 4665 1046 4718 his
1083 4665 1573 4734 interpolationem
1609 4666 1901 4734 irrepsisse

319 4756 662 4821 suspicetur,
701 4769 919 4808 onmem
947 4755 1322 4823 suspicionem
1356 4765 1610 4810 removet
1640 4755 1918 4811 Amalarii'

232 4866 235 4869 ·
319 4847 543 4901 abbatis
582 4845 778 4915 Eulogo
807 4844 862 4900 iu
901 4844 1159 4901 Ordinem
1192 4846 1509 4912 Romanum,
1561 4850 1708 4903 edita
1740 4867 1766 4903 a
1799 4851 1900 4903 Ba-

317 4939 471 4994 luzio
489 4938 544 4992 in
563 4937 874 5005 Appendice
894 4940 958 4991 ad
985 4937 1316 5007 Capitularia
1338 4956 1522 5008 regum
1545 4940 1897 5005 Francorum,

322 5034 379 5086 in
429 5047 536 5100 qua
591 5031 702 5098 agit
761 5030 826 5083 de
872 5028 1137 5101 Symbolo.
1185 5051 1203 5083 ι
1236 5034 1290 5086 ln
1325 5033 1525 5088 Ordine
1556 5034 1791 5088 Romano
1824 5034 1891 5097 ll,

325 5128 445 5178 haec
493 5123 768 5178 habentur
816 5124 1003 5187 verba,
1056 5140 1177 5193 pag.
1238 5124 1306 5180 46
1340 5141 1352 5175 :
1391 5125 1513 5179 Post
1552 5126 1896 5196 Eranqelium

321 5215 562 5270 candelis
592 5217 646 5269 in
701 5215 814 5268 loco
835 5232 929 5269 suo
950 5218 1353 5286 exstinguuntur
1384 5234 1396 5267 :
1426 5226 1473 5270 et
1514 5219 1577 5269 ab
1617 5217 1897 5288 Episcopo,
1936 5255 1945 5267 .

324 5307 499 5363 Credo
553 5311 606 5360 in
659 5324 822 5360 unum
888 5307 1070 5370 Deum,
1132 5318 1401 5363 cantatur.
1456 5311 1510 5363 In
1550 5309 1782 5363 Ordine.
1831 5312 1896 5375 Υ,

324 5416 452 5471 pag.
483 5399 552 5454 66
584 5416 599 5453 :
636 5399 873 5455 Perlecto
923 5399 1229 5470 Evangelia,
1282 5404 1422 5456 dicat
1453 5405 1741 5470 episwpus,
1780 5402 1900 5457 Pax

325 5493 541 5547 tibi:et
584 5491 750 5546 elevat
782 5509 800 5546 :
832 5490 1003 5547 Credo
1056 5494 1110 5547 in
1168 5510 1330 5547 unum
1379 5493 1565 5547 Deum.
1605 5494 1662 5547 in
1694 5494 1899 5550 Ordine

321 5586 416 5651 Vl,
465 5601 591 5656 pag.
629 5586 699 5641 73
730 5603 744 5641 :
790 5585 933 5640 Alta'
968 5602 1087 5641 voce
1126 5588 1344 5657 incipiat
1376 5603 1586 5649 canere,
1645 5586 1813 5641 Credo
1843 5590 1899 5642 in

326 5695 494 5733 unum
557 5678 747 5733 Deum.
810 5680 1202 5751 Antiquitatem
1232 5680 1452 5735 secundi
1493 5676 1713 5734 Ordinis
1744 5679 1899 5734 colli-

326 5773 510 5843 gimus
540 5787 605 5827 ex
632 5772 907 5829 Atnalario
929 5772 1189 5838 Metensi,
1234 5776 1362 5829 noni
1388 5773 1572 5828 saeculi
1602 5773 1895 5844 scriptore,

334 5866 430 5927 qui
497 5866 772 5922 laudatam
838 5866 894 5922 in
923 5865 1177 5923 eumdem
1211 5864 1463 5924 Ordinem
1487 5865 1704 5935 scripsit
1740 5864 1897 5934 Εςιον

2010 4659 2185 4729 Hujus
2219 4660 2591 4727 responsionis
2640 4666 2836 4713 testem
2873 4658 3092 4727 profero
3131 4658 3372 4712 Leonem
3404 4657 3492 4723 Ill,
3526 4658 3581 4713 in

2014 4749 2294 4820 prcccitata
2336 4748 2643 4804 Collatiooe
2709 4764 2833 4803 cum
2891 4749 3086 4818 legatis
3128 4749 3348 4803 concilii
3383 4748 3585 4817 Aquis-

2014 4843 2298 4911 graneusis
2330 4860 2344 4895 :
2378 4844 2529 4909 Quod
2559 4858 2678 4896 vero
2737 4841 2940 4911 (inquit
2968 4841 3265 4904 Pontifex),
3321 4841 3580 4909 asseritis.

2014 4938 2126 4989 ideo
2186 4952 2274 4990 vos
2316 4936 2392 4989 ita
2444 4943 2666 4989 cantare
2714 4934 3046 5005 Symbolum,
3084 4936 3336 5004 quoniam
3364 4934 3500 4988 alios
3524 4935 3581 4987 in

2012 5029 2125 5081 istis
2173 5028 2411 5098 partibus
2452 5029 2594 5082 nobis
2642 5029 2845 5095 priores
2894 5026 3120 5079 audistis
3144 5035 3426 5091 cantasse,
3453 5026 3581 5096 quid

2013 5122 2082 5173 ad
2131 5122 2269 5176 nos!
2319 5119 2422 5174 Nos
2449 5119 2587 5172 enim
2614 5120 2668 5171 id
2689 5120 2859 5187 ipsum
2894 5135 2999 5173 non
3029 5128 3329 5181 cantamus.
3373 5119 3466 5174 sed
3502 5120 3582 5174 le—

2008 5216 2178 5284 gimus
2212 5228 2231 5265 :
2255 5222 2305 5265 et
2376 5212 2590 5280 legendo
2642 5214 2849 5276 docere,
2908 5229 3001 5266 nec
3025 5222 3203 5267 tamen
3235 5212 3454 5283 legendo
3485 5225 3581 5268 aut

2010 5304 2243 5359 docendo
2258 5304 2473 5371 addere,
2500 5303 2770 5374 quidpiam
2797 5304 2965 5359 eidem
3019 5304 3268 5379 Symbolo
3302 5308 3581 5361 inserendo

2006 5399 2402 5468 prasumimus.

2083 5493 2239 5563 193
2265 5491 2382 5548 Non
2417 5491 2554 5548 adeo
2575 5492 2860 5549 clarissimi
2885 5494 2990 5548 viri
3050 5494 3184 5549 mihi
3217 5495 3440 5552 robusta
3498 5495 3583 5549 vi-

2012 5584 2215 5641 dentur
2249 5595 2592 5655 argumenta,
2623 5596 2682 5641 ut
2713 5601 2810 5657 pro
2839 5587 3079 5642 solidiori
3116 5587 3309 5643 haberi
3349 5587 3585 5643 debeant

2015 5678 2316 5733 testimonii
2342 5693 2409 5732 ex
2450 5677 2691 5731 Bernone
2718 5678 2990 5750 desumpti
3021 5678 3305 5736 solutione.
3337 5680 3582 5737 Verbum

2011 5770 2242 5838 cantari,
2258 5784 2367 5840 quo
2387 5769 2530 5825 idem
2555 5771 2728 5825 utitur
2746 5771 2946 5839 Berno,
2979 5771 3094 5843 ipse
3114 5773 3356 5827 Martcne
3376 5770 3585 5829 fatetur

2012 5864 2134 5921 loco
2172 5863 2361 5929 citato,
2394 5861 2537 5933 apud
2571 5864 2861 5934 plerosque
2891 5871 3145 5923 auctores
3181 5880 3302 5934 pro,
3338 5865 3579 5928 recitari.
