3830 6368
251 311 346 377 l’ll

1198 313 1525 374 GEDliGIl
1568 312 1824 372 CYPREI
1863 312 1968 372 GP.
2013 310 2521 372 ΡᾹΤΒΙΑΗὉΗΕ

3397 316 3497 380 19‘?

246 429 513 496 usurpari.
542 425 677 481 Cum
721 426 886 494 igitur
913 436 1097 480 narret
1127 426 1236 491 ille,
1268 426 1336 480 ad
1364 441 1525 495 usque
1578 433 1814 492 tempora
1849 429 1888 485 Α
1924 430 2014 474 tur
2048 439 2062 474 :
2098 424 2348 493 adeoque
2381 439 2448 477 ex
2481 423 2681 478 Leonis
2702 422 2934 477 consilio
2959 422 3200 494 Syniboli
3234 424 3348 480 sive
3369 444 3495 481 can-

244 518 458 572 Ifenrici
490 520 648 588 primi
704 518 1011 590 Symbolum
1068 536 1169 572 non
1232 520 1476 572 cecinisse
1526 517 1815 580 Romanos,

244 617 420 680 potuit
463 614 654 681 utique
686 615 916 667 iuliciari
952 614 1260 679 simplicem
1289 612 1532 682 eiusde-ii
1572 610 1815 680 Symboli

243 704 385 770 apud
424 720 517 756 eos
549 706 953 760 recitationem.
996 706 1145 759 lianc
1202 706 1422 773 negavit
1454 709 1572 758 sine
1626 702 1816 765 dubio,

245 804 311 848 ut
342 796 598 849 Romanae
630 799 1051 850 consuetudinis
1084 802 1224 852 ratio
1250 797 1475 858 evincit,
1513 810 1675 862 quam
1725 793 1821 846 ad-

242 889 395 942 ducit
428 906 441 943 :
499 891 746 945 Videlicet
780 895 918 961 quod
950 894 1194 948 Humana
1240 891 1494 956 Ecclesia,
1542 890 1821 958 inquicnS.

243 999 345 1035 non
380 984 559 1052 [uisset
585 984 878 1054 aliquando
917 986 1028 1041 ulla
1068 992 1323 1040 lnereseos
1351 986 1459 1054 fere
1489 984 1705 1053 infecta,
1726 983 1819 1036 sed

241 1076 527 1128 secundant
572 1079 746 1130 sancti
782 1078 927 1131 Petri
963 1079 1258 1132 doctrinam
1309 1079 1362 1130 in
1389 1077 1650 1130 catholica
1712 1075 1818 1144 ﬁde

240 1176 574 1231 permaneret
596 1170 903 1222 inconcussa
931 1185 947 1222 :
972 1179 1021 1222 et
1038 1170 1151 1223 ideo
1176 1172 1338 1240 magis
1365 1170 1444 1221 liis
1466 1169 1822 1223 necessarium

241 1268 373 1309 esset
406 1259 543 1311 illud
566 1260 876 1331 Symbolum
911 1264 1101 1330 strpius
1132 1263 1399 1319 cantando
1455 1263 1817 1331 frequentare,

240 1353 332 1417 qui
371 1353 665 1422 aliquando
700 1354 811 1407 ulla
837 1348 1023 1407 Menesi
1055 1363 1340 1424 potuerunt
1374 1354 1654 1407 maculari.
1715 1354 1822 1408 Ant

241 1458 578 1499 momentum
609 1449 747 1500 inest
778 1447 991 1501 nullum
1028 1448 1299 1516 praedictae
1369 1448 1567 1500 rationi
1633 1463 1648 1501 :
1719 1458 1816 1501 aut

239 1538 329 1589 illa
384 1550 535 1593 certe
593 1556 748 1609 usque
778 1543 1078 1609 sinrplicesn
1137 1540 1381 1612 Symboli
1437 1541 1816 1596 recitationem

244 1627 444 1696 reiicit,
497 1636 665 1699 atque
704 1648 827 1685 cum
861 1642 1025 1687 cantu
1061 1640 1117 1688 et
1144 1633 1542 1688 modulatione.
1579 1634 1817 1689 Verbum

242 1716 412 1780 idem,
442 1729 680 1785 cantare,
707 1725 849 1792 apud
879 1724 1291 1779 ecclesiasticos
1345 1724 1507 1794 hujus
1538 1724 1639 1778 mvi
1677 1724 1819 1777 serio

1924 524 2055 579 tam,
2095 515 2210 570 sive
2270 517 2630 569 recitationem
2680 515 3026 585 praetermitti
3088 515 3143 570 in
3204 516 3363 574 Missa
3400 518 3495 574 dc-

1923 607 2126 662 buissc.

1991 702 2284 770 Negotium
2311 702 2519 755 nullum
2554 701 2853 760 facessunt.
2886 719 3007 771 qua:
3037 714 3090 756 tu
3128 708 3295 759 verba
3324 721 3498 776 oppo-

1921 796 2027 850 nis.
2061 796 2135 849 Ea
2170 801 2344 847 sunt:
2402 792 2552 858 Quod
2611 810 2732 847 vero
2801 797 3034 847 asseritis
3072 796 3187 849 ideo
3243 814 3330 851 vos
3389 802 3495 853 ista

1921 895 2159 946 cantare.
2193 888 2444 956 quoniam
2485 886 2619 940 alios
2651 888 2709 939 in-
2735 888 2843 941 istis
2877 888 3133 956 partibus.
3170 889 3305 943 vobis
3354 893 3498 959 prio-

1925 996 2027 1042 res,
2068 980 2288 1033 audistis
2321 987 2597 1043 cantasse,
2631 979 2755 1049 quid
2794 979 2863 1031 ad
2892 980 3023 1033 nos?
3078 978 3190 1033 Nos
3223 968 3361 1036 enim
3417 983 3497 1036 id-

1922 1074 2093 1138 ipsum
2126 1089 2229 1126 non
2270 1081 2569 1138 cantamus,
2630 1073 2719 1127 sed
2768 1071 3008 1142 legimus.
3053 1075 3117 1129 Et
3151 1074 3365 1144 legendo
3402 1076 3498 1129 do-

1921 1181 2056 1226 cere,
2093 1181 2185 1218 nec
2215 1174 2391 1218 tamen
2422 1165 2638 1235 legendo
2667 1176 2758 1218 aut
2800 1166 3031 1220 docendo
3066 1168 3280 1229 addere,
3337 1169 3495 1238 quid-

1923 1260 2073 1328 piam
2103 1258 2268 1311 cidem
2302 1257 2551 1328 Symbolo
2583 1260 2879 1324 inserendo,
2908 1263 3302 1330 praesumimus.
3368 1261 3496 1332 Agi—

1926 1361 2011 1405 tur
2038 1351 2142 1403 ltoc
2180 1350 2302 1405 loco
2339 1350 2407 1407 de
2443 1351 2839 1417 Additamento,
2875 1355 3021 1423 quod
3063 1371 3187 1407 cum
3236 1354 3498 1424 Sytnbolo

1926 1444 2068 1497 inter
2098 1443 2387 1499 Missurum
2419 1445 2687 1498 solemnia
2712 1445 3284 1500 canebautGallicanaa
3314 1445 3498 1502 Eccle-

1923 1536 2036 1596 siaa,
2072 1547 2125 1588 et
2152 1535 2453 1593 Gernmnae.
2501 1550 2565 1590 ac
2598 1536 2887 1592 Italiam-iu
2924 1555 3101 1606 regno
3122 1538 3327 1594 Caroli.
3387 1540 3497 1593 Ro.

1922 1641 2022 1679 nnc
2057 1627 2288 1694 idipsum
2318 1628 2785 1689 (additamentum
2826 1629 3062 1697 scilicet)
3100 1646 3203 1683 non
3259 1631 3494 1692 cantari,

1922 1719 2013 1771 scd
2045 1718 2147 1789 legi
2181 1729 2416 1775 testatur
2442 1718 2578 1777 Leo.
2618 1721 2742 1776 "me
2778 1723 2943 1793 igitur
2975 1722 3019 1777 si
3069 1723 3235 1778 lectio
3266 1724 3496 1794 intelligi

240 1819 428 1878 ptores
455 1813 628 1880 accipi
665 1787 771 1869 non
804 1831 927 1868 raro
954 1832 1053 1885 pro
1089 1816 1314 1886 simplici
1350 1819 1695 1883 recitatione,
1721 1820 1819 1872 do-
1852 1787 1893 1845 Β
1921 1809 2116 1863 debeat
2153 1810 2395 1881 Symboli
2446 1814 2500 1867 in
2538 1813 2807 1884 Liturgia.
2834 1815 2945 1885 jam
3012 1815 3225 1873 admitti
3270 1830 3501 1870 necesse

237 1912 328 1958 cet
351 1906 513 1957 etiam
550 1906 915 1972 Maliillonius,
966 1908 1288 1977 prmfatione
1346 1911 1411 1964 ad
1452 1911 1714 1964 saeculum
1776 1925 1817 1964 tt

241 1993 466 2050 Ordinis
496 1997 681 2053 Sancti
744 2001 1024 2055 Benedicti
1062 2018 1213 2057 num.
1245 2003 1336 2064 58.
1376 2003 1469 2056 ubi
1538 2003 1766 2057 adnotat
1800 2021 1815 2058 :

241 2087 458 2143 Missam
492 2098 713 2145 cantare
739 2110 845 2147 non
873 2110 1000 2148 esse
1027 2095 1303 2150 modulata
1335 2112 1468 2151 voce
1501 2096 1818 2163 sacrisope-

240 2182 371 2245 rari,
425 2185 518 2238 Sed
563 2187 804 2247 recitare,
844 2187 1110 2241 Eumdem
1153 2189 1383 2242 consule
1448 2189 1500 2242 iu
1546 2188 1819 2257 Disquisi-

243 2275 390 2329 tione
422 2276 486 2329 de
513 2292 673 2330 cursu
707 2278 1010 2342 Gttlli0attn,
1040 2290 1092 2334 et
1123 2278 1468 2350 Dueanginm-
1487 2280 1652 2334 verbo
1680 2280 1820 2335 Can-

250 2375 392 2431 tare,
428 2377 482 2419 et
529 2367 843 2423 Decantare.

316 2458 462 2523 Tibi,
506 2469 720 2531 tuaeque
751 2463 1012 2518 solutioni
1045 2463 1227 2519 favere
1264 2464 1503 2519 Leonem
1536 2465 1601 2519 ιιι
1661 2482 1821 2535 repo-

249 2552 404 2607 nisiu
432 2553 734 2609 Collatione
765 2572 890 2610 cum
924 2559 1119 2627 legatis
1154 2561 1375 2613 concilii
1408 2560 1821 2629 Aquisgranen-

245 2647 324 2698 sis
356 2644 564 2699 habita.
607 2647 719 2701 lino
747 2657 894 2702 tuam
927 2651 1084 2703 elidit
1111 2654 1447 2712 solutionem,
1506 2668 1671 2719 quam
1725 2669 1818 2705 vo-

244 2751 358 2797 cas,
395 2753 641 2793 summus
675 2740 918 2810 pontifex
954 2742 1007 2795 in
1064 2744 1255 2795 eadem
1312 2744 1632 2798 Collatione.
1687 2743 1824 2798 Mul-

247 2839 355 2881 tam
399 2838 523 2897 post
555 2831 953 2887 discussionem
994 2836 1318 2903 iuptiebant
1357 2836 1569 2903 legati:
1630 2836 1821 2891 Subla-

247 2927 313 2978 tis
346 2926 426 2979 liis
464 2942 581 2995 qut:
613 2924 793 2991 vultis,
846 2927 1037 2980 bonum
1098 2937 1172 2980 est
1206 2937 1263 2981 ut
1303 2928 1442 2981 idem
1504 2928 1818 2997 Symbolum
1866 2974 1871 2979 ,

245 3028 509 3083 cantetur,
561 3020 783 3074 sublato
837 3020 1049 3074 scilicet
1109 3018 1525 3075 Additamento.
1581 3022 1818 3091 Repouit

244 3107 394 3162 Leo:
428 3109 631 3162 Bonum
668 3127 798 3164 sane
832 3129 851 3165 :
886 3114 1023 3180 quot
1080 3122 1256 3165 tamen
1314 3129 1419 3165 non
1477 3114 1815 3182 imperando,
1844 3140 1888 3195 ο

245 3204 338 3256 sed
387 3214 443 3257 ut
477 3206 622 3273 prius
678 3207 1029 3275 permittendo
1068 3207 1313 3261 dicimus.
1373 3206 1497 3261 Hice
1549 3206 1659 3261 ulla
1698 3208 1818 3262 sine

246 3294 471 3363 ambage
502 3295 834 3364 significant,
880 3298 1066 3351 Roma:
1100 3298 1345 3352 nondum
1377 3300 1597 3353 recitari
1655 3297 1816 3370 Sym-

249 3385 457 3449 bolum,
481 3387 648 3440 etiam
680 3390 803 3443 sine
861 3389 1271 3454 additameuto,
1305 3391 1661 3445 consuevisse
1714 3410 1727 3445 :
1762 3389 1816 3444 id

249 3494 381 3532 vero
432 3479 730 3535 Gallicanis
792 3482 1044 3537 ecclesiis
1102 3484 1451 3553 permissum.
1507 3483 1621 3537 Cur
1670 3484 1818 3539 enim

250 3570 590 3640 Symbolum,
625 3572 668 3627 si
702 3572 816 3627 Leo
850 3574 1096 3644 pontifex
1146 3575 1326 3643 ipsum
1367 3576 1584 3645 legisset
1643 3576 1695 3629 in
1730 3576 1823 3630 Li-

253 3663 449 3731 Iurgia,
484 3665 605 3717 cani
635 3646 812 3718 solum
850 3667 1146 3735 permiserit
1190 3666 1488 3721 Gallicanis
1531 3668 1823 3723 ecclesiis?

250 3754 408 3809 Ratio
444 3758 615 3811 solida
657 3768 883 3828 apparet
914 3760 1084 3815 nulla.
1114 3760 1358 3830 Pergunt
1395 3761 1581 3831 Legati
1637 3779 1649 3815 :
1685 3762 1822 3825 Quia

251 3863 392 3911 tero,
423 3858 480 3901 ut
514 3850 707 3913 dicitis,
741 3852 931 3904 bonum
963 3860 1037 3905 est
1074 3860 1292 3905 cantare
1320 3852 1372 3907 id
1403 3852 1576 3921 ipsum
1612 3852 1826 3924 Symbo-

252 3940 395 4006 lum,
433 3941 671 4012 nunquid
706 3944 751 3995 si
809 3959 979 3997 sermo
1015 3942 1332 4013 (Filioque)
1390 3944 1634 4005 tollatur,
1688 3946 1824 3999 idem

250 4046 422 4082 sermo
455 4030 519 4083 ab
547 4032 784 4085 omnibus
815 4049 879 4085 ac
903 4034 949 4086 si
981 4042 1167 4087 contra
1202 4035 1359 4103 [idem
1389 4036 1476 4098 sit,
1505 4036 1828 4089 condemna-

254 4124 437 4178 l'itur?
468 4125 625 4195 quale
660 4142 780 4196 ergo
818 4127 966 4180 dabis
991 4127 1311 4181 consilium?
1352 4127 1573 4181 Modum
1612 4144 1826 4194 expen-

254 4217 342 4274 «ιθ,
373 4233 535 4285 quem
565 4220 813 4286 suggerit
846 4219 1114 4288 pontifex,
1144 4228 1205 4275 ut
1226 4225 1345 4275 sine
1376 4220 1482 4274 ulla
1517 4220 1826 4275 offensione

253 4308 672 4362 additamentum
720 4312 784 4364 de
841 4311 1105 4382 Symbolo
1159 4312 1400 4366 tollatur.
1469 4312 1567 4365 Dat
1627 4328 1825 4382 nempe

253 4401 562 4464 consilium,
591 4413 649 4455 ut
681 4401 924 4472 Symboli
955 4414 1152 4459 cantus
1185 4405 1237 4457 in
1299 4403 1462 4459 missa
1497 4405 1781 4459 omittatur
1804 4448 1818 4469 ,

1920 1901 2086 1966 foret,
2125 1902 2310 1957 Batnae
2342 1905 2664 1975 Symbolum
2725 1910 2778 1960 in
2815 1908 2985 1963 missa
3037 1909 3241 1962 lectum
3299 1909 3498 1963 recita.-

1923 2005 2148 2067 tumqne
2184 1998 2352 2054 luisse
2400 2017 2526 2055 cum
2557 2003 2941 2058 additamenta.
2975 2004 3112 2059 illud
3138 2004 3286 2059 enim
3341 2004 3494 2073 lege-

1920 2090 2080 2144 batur
2108 2091 2319 2156 Roma‘,
2366 2105 2427 2147 ut
2457 2098 2559 2160 ais,
2592 2096 2740 2164 quod
2801 2096 2930 2152 alibi
2989 2097 3316 2151 cantabatur
3350 2115 3362 2150 :
3401 2094 3513 2151 sed

1921 2183 2049 2237 alibi
2078 2187 2388 2239 cauebatur
2420 2188 2842 2245 additamentum
2877 2204 3000 2243 cum
3049 2188 3334 2258 Symbolo,
3392 2185 3497 2256 igi-

1922 2285 2012 2328 tur
2045 2276 2279 2342 idipsum
2309 2280 2498 2333 Roma:
2537 2282 2820 2347 lugebatur
2845 2320 2859 2344 ,
2898 2280 3054 2349 quod.
3083 2280 3284 2335 Leonis
3335 2279 3509 2335 dictis

1922 2368 2316 2425 intlollatione
2346 2372 2576 2425 omnino
2615 2382 2903 2441 repugnat.

1990 2461 2279 2517 Genuiuus
2306 2464 2600 2517 verborum
2631 2482 2826 2518 sensus
2870 2476 2956 2519 est
2991 2483 3007 2522 :
3039 2483 3225 2537 neque
3283 2466 3504 2539 Symbo-

1924 2553 2056 2618 lum,
2090 2571 2269 2624 neque
2321 2557 2747 2610 additamentum
2798 2571 2923 2611 cum
2955 2547 3216 2631 Sfiubolo
3264 2559 3499 2623 cantari,

1922 2658 2016 2701 aut
2047 2647 2265 2717 publice
2292 2633 2399 2720 legi
2457 2651 2600 2706 inter
2633 2652 2920 2709 Missarum
2983 2654 3252 2709 solemnia
3317 2657 3505 2709 Bonna

1924 2738 2338 2805 consuevisse:
2395 2740 2528 2795 illud
2596 2753 2838 2797 attamen
2901 2746 3350 2808 additamentum,
3407 2762 3503 2801 seu

1923 2829 2233 2885 doetrinam
2279 2832 2342 2884 de
2382 2837 2711 2902 processione
2744 2854 2775 2888 a
2810 2836 2973 2890 Patre
2999 2846 3048 2890 ct
3087 2855 3118 2891 a
3160 2835 3324 2899 Filio,
3370 2838 3503 2908 legi,

1922 2922 2212 2987 etdoceri,
2246 2941 2311 2980 ac
2352 2927 2495 2981 tradi
2562 2928 2815 2983 fidelibus
2855 2938 3007 2983 extra
3071 2929 3392 3001 Symbolum
3448 2932 3503 2985 in

1923 3016 2165 3083 scriptis,
2211 3017 2265 3070 in
2298 3019 2703 3082 catecltesibus.
2773 3019 2828 3075 in
2895 3022 3287 3077 concionibus.
3345 3022 3505 3079 "unc

1923 3123 2144 3163 sensum
2172 3110 2619 3173 ederuntverba,
2647 3129 2769 3182 qua:
2801 3125 3112 3184 sequuntur
3151 3134 3162 3168 :
3192 3116 3259 3170 Et
3283 3116 3504 3186 legendo

1926 3199 2135 3264 docere,
2197 3217 2291 3254 nec
2317 3212 2493 3256 tamen
2544 3202 2784 3272 legendo,
2844 3215 2936 3258 aut
2989 3205 3216 3259 docendo
3275 3207 3504 3270 addere,

1927 3291 2199 3360 quidpiam
2246 3293 2414 3346 eidem
2475 3293 2723 3365 Symbolo
2772 3298 3083 3360 inserendo,
3116 3301 3505 3367 prusumimus.

1930 3382 2172 3439 Sensum
2198 3386 2553 3451 conﬁrmant,
2589 3403 2712 3457 quae
2743 3388 2948 3442 ibidem
2977 3390 3085 3444 alia
3128 3389 3378 3446 Pontifex
3410 3392 3511 3446 ad-

1927 3476 2010 3530 dit
2043 3477 2243 3530 verba:
2297 3482 2427 3543 Quce
2478 3496 2597 3533 vero
2642 3482 2904 3550 prwdictis
2936 3481 3217 3553 Symbolis,
3283 3483 3509 3539 Nicteuo

1928 3577 1984 3621 et
2016 3568 2646 3640 Constantinopolitano,
2676 3573 2850 3627 deesse
2870 3577 3233 3644 cognoscimus
3260 3615 3275 3640 ,
3302 3584 3511 3640 non,ut

1929 3661 2125 3713 dictum
2157 3668 2255 3723 est,
2302 3664 2530 3716 inserere
2561 3666 2951 3732 pra'sumimus,
3014 3667 3104 3721 sed
3135 3665 3263 3720 locis
3309 3675 3512 3736 tempo—

1932 3752 2178 3822 ribusque
2209 3757 2540 3823 opportunis,
2571 3757 2756 3826 quibus
2790 3761 3039 3827 competit
3083 3761 3388 3813 tninistrare
3417 3776 3511 3813 cu-

1932 3861 2135 3899 ramus.
2173 3846 2299 3901 ilmc
2329 3847 2419 3902 illa
2450 3848 2810 3903 additameuti
2843 3847 3089 3919 Filioque
3116 3852 3280 3905 lectio
3300 3861 3407 3909 est,
3441 3852 3510 3906 de

1931 3952 2035 4005 qua
2064 3937 2318 3993 Pontifex
2351 3940 2466 4009 agit
2500 3959 2514 3994 :
2546 3943 2732 4010 utique
2757 3950 2912 3994 extra
2940 3939 3284 4012 Symbolum,
3324 3946 3378 4001 in
3404 3947 3511 4004 Ca-

1933 4031 2293 4096 techcsibus,
2347 4049 2471 4102 quae
2528 4032 2656 4087 locis
2731 4036 3154 4106 temporibusque
3198 4044 3508 4109 opportunis

1935 4123 2163 4177 fiebant.

2005 4215 2109 4269 Pro
2151 4226 2240 4269 tua
2272 4218 2556 4286 opinione,
2586 4218 2955 4286 peremptoria
2989 4231 3151 4287 putas
3184 4238 3248 4278 ea
3279 4224 3503 4280 demum

1933 4304 2217 4360 Pontificis
2261 4307 2424 4360 verba
2461 4325 2475 4361 :
2506 4306 2651 4362 Satis
2693 4325 2807 4361 esse
2852 4309 3199 4377 (inquientis,
3231 4323 3292 4366 ut
3317 4314 3512 4384 refers)

1936 4397 2217 4453 decantare
2255 4399 2561 4471 Symbolum
2619 4402 2857 4469 (scilicet
2909 4404 3030 4457 sine
3087 4403 3512 4471 additamentoi,

256 4496 492 4560 primum
531 4496 584 4549 in
616 4496 850 4560 patagio,
877 4496 1078 4551 deinde
1133 4497 1395 4566 paulatim
1443 4497 1570 4551 aliis
1629 4497 1684 4551 in
1737 4512 1833 4551 ec-
1868 4492 2196 4560 unomodo
2226 4492 2283 4544 in
2343 4493 2651 4562 hujusmodi
2692 4493 3050 4558 decantando,
3095 4505 3144 4549 et
3201 4497 3515 4554 celebrando

256 4584 457 4637 etesiis.
495 4586 751 4651 Expende
786 4586 1009 4640 verba:
1070 4586 1154 4640 Ita
1217 4587 1344 4641 mihi
1402 4589 1609 4640 videtur
1676 4606 1827 4658 posse

257 4687 540 4749 utrumque
571 4680 711 4744 fieri,
752 4689 805 4733 et
830 4679 1273 4733 additamentum
1314 4681 1452 4744 tolli,
1486 4689 1541 4734 et
1571 4680 1831 4736 oﬂensio-

255 4785 378 4821 nem
418 4771 661 4824 fidelium
693 4771 851 4824 vitari
890 4788 905 4826 :
943 4770 1003 4825 Ut
1041 4771 1303 4840 paulatim
1334 4773 1389 4825 in
1420 4772 1649 4841 palatio,
1705 4775 1827 4844 quia

254 4865 308 4914 in
340 4872 523 4916 nostra
554 4875 740 4917 sancta
784 4863 1023 4917 Ecclesia
1088 4880 1192 4917 non
1247 4868 1520 4927 cantat’ur,
1576 4865 1831 4918 cantandi

256 4955 572 5008 consuetudo
601 4956 833 5026 ejusdem
861 4953 1096 5025 Symboli
1120 4956 1528 5008 intermittatur.
1568 4956 1830 5022 Exemplo

261 5046 420 5119 194
447 5048 701 5102 Romaurc
743 5048 994 5102 Ecclesia:
1022 5048 1288 5102 suadebat
1337 5047 1470 5112 Leo,
1502 5058 1559 5102 ut
1592 5051 1829 5119 primum

256 5142 311 5192 in
339 5139 541 5208 palatio
567 5140 886 5210 Symbolum
930 5139 1389 5195 intermitteretur
1418 5140 1471 5195 in
1536 5145 1830 5196 missuum

257 5233 459 5286 officio.
488 5231 555 5287 Ut
582 5226 1055 5303 Symboli'cantus
1089 5232 1376 5304 (reponis),
1415 5250 1524 5288 non
1564 5245 1625 5289 ut
1690 5237 1834 5305 ejus-

257 5330 373 5379 dem
412 5327 649 5380 recitatio
706 5327 1161 5390 intermitteretur,
1216 5327 1482 5382 suadebat
1560 5330 1829 5397 pontifex.

263 5419 542 5486 Reponam
593 5434 714 5486 ego,
746 5419 1039 5472 consilium
1097 5435 1128 5473 a
1187 5422 1442 5488 pontitice
1490 5422 1711 5491 suggeri
1763 5424 1830 5476 ad

261 5510 621 5564 offensionem
653 5510 991 5574 evitandum,
1035 5528 1200 5583 quam
1248 5515 1532 5582 partienda:
1588 5513 1834 5584 Filioque

262 5605 1011 5676 prasterniissioingenerari:
1071 5606 1342 5676 potuisset
1401 5626 1414 5660 :
1471 5609 1610 5661 lianc
1668 5623 1834 5676 porro

261 5700 585 5769 cnutingcre
614 5698 977 5754 offensionem
1033 5701 1278 5768 potuisse
1344 5701 1456 5755 sive
1511 5700 1832 5770 Symbolum

266 5798 559 5849 caneretur
596 5793 712 5849 sine
742 5792 1141 5859 additamento,
1185 5793 1299 5848 sive
1355 5793 1530 5846 solum
1570 5792 1836 5846 recitare-

1938 4582 2095 4652 ]95
2117 4586 2467 4637 sacrosanctis
2519 4587 2778 4655 mysteriis
2820 4598 3012 4639 sancta
3073 4587 3316 4642 Romana
3376 4600 3515 4645 tenet

1934 4674 2191 4731 Ecclesia.
2225 4676 2500 4746 [ntegrum
2564 4686 2770 4731 textum
2806 4679 3091 4744 exhibere,
3155 4684 3389 4750 pretium
3430 4693 3517 4736 est

1933 4785 2113 4838 operas
2152 4787 2165 4823 :
2209 4768 2317 4839 Ego
2345 4770 2616 4824 licentiam
2670 4770 2788 4823 dedi
2818 4772 3073 4825 cantandi
3125 4788 3143 4826 :
3177 4790 3281 4826 non
3334 4783 3515 4827 autem

1935 4864 2201 4917 cantando
2231 4864 2501 4934 quidpiam
2558 4864 2809 4929 addendi,
2847 4867 3141 4930 minuendi,
3179 4883 3269 4921 seu
3300 4876 3517 4921 mutan-

1935 4956 2010 5010 di.
2046 4957 2113 5011 Et
2154 4967 2209 5010 ut
2236 4958 2536 5027 expressius
2584 4958 2813 5027 aliquid,
2866 4961 2990 5030 quia
3018 4976 3106 5014 vos
3167 4963 3372 5030 cogitis,
3436 4962 3515 5015 lo-

1934 5066 2070 5119 quar
2094 5087 2112 5116 ,
2172 5051 2573 5119 quandiuvobis
2611 5051 2667 5103 in
2706 5050 2800 5104 hoc
2836 5053 2970 5105 satis
3005 5052 3121 5122 fuit,
3152 5055 3411 5122 quomodo
3458 5057 3513 5108 in

1936 5144 2240 5213 huiusmodi
2299 5146 2595 5209 cantando,
2653 5143 2731 5197 vel
2781 5143 3097 5199 celebrando
3153 5150 3515 5201 sacrosanctis

1937 5238 2197 5308 mysteriis
2223 5245 2410 5291 sancta
2441 5237 2681 5291 Romana
2711 5247 2847 5291 tenet
2872 5237 3108 5292 Ecclesia
3137 5277 3151 5298 ,
3180 5256 3517 5311 nequaquam

1937 5336 2032 5381 aut
2073 5329 2305 5382 nobisin
2351 5327 2549 5383 talibus
2582 5328 2846 5395 laborare,
2901 5337 2993 5384 aut
3052 5329 3173 5384 aliis
3239 5329 3520 5384 laborandi

1937 5421 2261 5473 occasionem
2291 5435 2496 5473 necesse
2536 5420 2635 5488 fuit
2685 5420 2942 5490 ingerere.
2994 5420 3086 5474 Ait
3138 5420 3408 5491 pontifex,
3454 5421 3521 5474 li-

1936 5516 2165 5567 centiam
2202 5530 2259 5567 se
2281 5512 2582 5568 Gallicanis
2612 5513 2885 5569 Ecclesiis
2907 5513 3149 5578 dedisse,
3203 5515 3286 5568 vel
3328 5515 3518 5583 potius

1939 5606 1989 5658 id
2033 5605 2141 5658 illis
2174 5605 2489 5675 permissum
2541 5619 2571 5658 a
2610 5620 2668 5658 se
2710 5606 2840 5673 (quo
2893 5603 3035 5658 intra
3076 5604 3251 5658 utitur
3297 5605 3517 5673 verbo),

1942 5711 2000 5753 ut
2032 5696 2350 5768 Symbolum
2385 5697 2531 5750 inter
2554 5695 2816 5749 solemnia
2853 5693 3141 5750 Missarum
3172 5695 3513 5764 ipsaadecau-

1942 5798 2141 5847 iurent.
2174 5787 2290 5856 Non
2325 5804 2457 5853 ergo
2497 5787 2631 5842 illud
2693 5803 2892 5843 canere
2962 5787 3208 5843 Romana
3273 5786 3518 5842 Ecclesia
