3852 6520
375 437 477 506 itis

1293 432 1622 496 GEORGII
1664 430 1925 493 CYPRII
1966 428 2072 492 ΟΡ.
2118 431 2634 494 PATlllARCH/E

3518 439 3622 506 196

372 559 765 624 subdiaconus,
794 565 848 612 et
882 556 1173 619 diaconus,
1216 573 1234 607 ι
1275 565 1389 611 etc.
1422 554 1505 610 Ad
1542 549 1799 609 'Ordinem
1846 551 1951 606 sci-
1979 559 2024 614 Α
2054 548 2243 618 lgnatii
2275 550 2483 607 scilicet
2530 552 2625 621 qui
2680 551 3350 626 Constantinopolitanam
3400 557 3619 628 regebat

373 649 497 703 licet
530 656 784 717 spectant
821 646 990 700 verba
1023 647 1202 717 priora
1234 662 1247 699 :
1282 646 1350 699 ad
1402 644 1738 699 Amalarium
1778 657 1946 713 expo-

372 745 617 801 nentem,
647 737 775 791 alia.
809 735 1078 791 Czecutiat
1118 744 1358 805 oportet,
1394 735 1489 805 qui
1520 751 1628 789 non
1670 733 1852 787 videat
1875 731 1945 785 ab

370 831 490 899 ipso
548 827 827 882 Amalario
884 828 1161 882 invectum
1220 842 1530 881 sermonem
1562 826 1631 879 de
1676 822 1943 895 ngbolo,

370 923 530 991 cujus
569 920 713 973 milln
742 920 796 972 in
833 917 1040 974 Ordine
1069 921 1273 972 mentio
1298 927 1455 973 crat:
1488 916 1732 985 adeoque
1766 915 1943 984 ipsum

369 1015 633 1069 Ordinem
670 1014 928 1082 sequiore
967 1023 1125 1067 aetate
1164 1013 1552 1081 interpolatum
1610 1011 1795 1064 verbis
1837 1010 1944 1064 illis

369 1106 635 1176 adjectis,
696 1104 763 1159 Et
826 1104 890 1159 ab
947 1105 1187 1174 episcopo
1231 1103 1398 1159 Credo
1442 1104 1498 1156 in
1562 1117 1725 1156 unum
1775 1099 1941 1154 Deum

369 1207 639 1251 cantatur.

436 1290 829 1344 Animadverte
881 1289 937 1344 in
1001 1305 1063 1344 ea
1126 1291 1317 1352 verba,
1375 1304 1496 1359 qua:
1560 1288 1835 1343 habentur
1886 1286 1941 1340 in

370 1381 589 1451 Ecloga,
636 1380 761 1435 Post
804 1382 992 1435 lectum
1024 1380 1373 1451 Evangelium
1404 1382 1542 1434 venit
1591 1380 1940 1433 subdiaconus

367 1473 536 1540 ferens
568 1475 621 1525 in
646 1474 859 1528 brachio
892 1474 1107 1527 sinistro
1158 1471 1377 1526 calicem
1407 1485 1424 1524 :
1471 1486 1593 1541 quae
1617 1472 1751 1524 satis
1801 1468 1941 1523 indi~

366 1575 512 1628 cant,
548 1566 601 1618 in
630 1564 837 1620 Ordine
879 1566 1122 1634 genuino
1167 1564 1371 1618 nullam
1403 1572 1525 1633 post
1566 1562 1928 1633 Evangelium

368 1661 741 1728 praescriptam
808 1660 979 1712 fuisse
1045 1657 1286 1728 Symboli
1358 1657 1758 1710 recitationem.
1821 1655 1940 1708 .lam

365 1750 562 1819 collige
591 1760 977 1821 argumentum
1028 1764 1128 1820 pro
1159 1747 1403 1820 Symboli
1446 1749 1768 1803 recitatione
1795 1746 1939 1816 apud

370 1841 648 1897 Romanos
678 1857 828 1895 nono
875 1850 931 1895 et
958 1850 1153 1895 octavo
1190 1842 1392 1895 saeculo
1428 1840 1649 1904 usitata,
1684 1853 1751 1893 ex
1774 1838 1940 1891 Ordi-

2049 639 2372 706 Ecclesiam,
2430 641 2666 712 injustus
2724 658 2788 699 ac
2852 645 3126 701 violentus
3180 646 3444 715 invasos,
3497 648 3621 703 vin-

2047 733 2204 788 dicta:
2237 735 2496 803 cupidus.
2535 736 2895 808 percitusque
2937 739 3070 804 bile,
3110 739 3301 810 plures
3324 755 3461 809 quas
3520 726 3620 813 po-

2050 825 2154 879 tuit
2192 835 2373 880 emota
2410 839 2589 883 mente
2621 832 2953 903 excogitare,
2983 832 3282 887 Romanam
3336 835 3389 887 in
3424 831 3617 888 Eccle-

2045 918 2182 972 siam
2216 919 2447 989 projecit
2495 923 2820 977 calumnias.
2854 923 2957 978 Eas
2989 925 3234 979 continet
3272 941 3465 981 omnes
3506 926 3615 980 Eni

2045 1010 2239 1080 cyclica
2273 1011 2536 1083 Epistola,
2602 1030 2765 1083 quam
2826 1012 2987 1070 dedit
3020 1016 3089 1070 ad
3143 1018 3614 1088 archiepiscopales

2045 1104 2262 1158 thronos
2303 1121 2397 1174 per
2444 1104 2709 1159 Orientem
2747 1106 3073 1175 obtinentes,
3109 1113 3346 1163 secunda
3388 1110 3442 1163 in
3493 1111 3580 1163 edi

2046 1193 2194 1248 tione
2258 1195 2597 1263 Montacutii.
2652 1195 2804 1251 Hanc
2855 1198 3019 1252 etiam
3091 1199 3354 1269 integram
3419 1200 3613 1254 Latine

2042 1286 2214 1341 refert
2265 1286 2557 1355 Baronius,
2627 1288 2693 1343 ad
2744 1304 2873 1344 ann.
2908 1290 3038 1355 863,
3074 1307 3131 1345 n.
3189 1291 3281 1346 54.
3313 1292 3605 1346 D:-s.diuni

2042 1376 2263 1432 innovat
2293 1388 2484 1434 contra
2510 1379 2685 1434 sancti
2707 1379 2944 1450 Spiritus
2969 1399 3001 1434 a
3032 1380 3195 1435 Patre
3221 1379 3460 1451 Filioque
3486 1396 3617 1451 pro«

2040 1468 2369 1533 cessionem,
2410 1470 2637 1542 ejusque
2677 1472 2829 1526 vocis
2874 1470 3124 1542 Fiiioque
3173 1471 3609 1526 additamentum

2040 1564 2105 1613 ad
2131 1559 2448 1633 Symbolum
2476 1561 2770 1633 improbat.
2796 1562 3043 1629 damnat,
3067 1577 3405 1619 exsecratur.
3431 1560 3608 1617 Verba

2039 1664 2189 1719 sunt,
2244 1669 2365 1723 qua:
2409 1655 2568 1725 juxta
2631 1655 2880 1710 Latinam
2933 1656 3250 1712 Moulacutii
3298 1657 3609 1709 versionem

2040 1744 2302 1814 profero:
2359 1745 2561 1801 Prester
2602 1757 2923 1804 memoratas
2955 1741 3328 1813 lbsurditates,
3366 1756 3609 1802 sanctum

2044 1846 2091 1891 et
2119 1854 2330 1892 sacrum
2373 1838 2702 1912 Symbolum,
2761 1842 2899 1912 quod
2932 1841 2996 1895 ab
3038 1843 3275 1895 omnibus
3325 1840 3610 1895 mcumeni-

366 1935 533 1989 nibus
568 1936 944 2006 desumptum,
976 1937 1093 1990 sive
1132 1952 1195 1990 ex
1220 1935 1351 1998 illis
1392 1950 1531 2005 quos
1572 1933 1811 2003 vulgavit
1838 1932 1947 1987 Μα-
1977 1936 2018 1991 Β
2048 1944 2226 1983 corum
2263 1932 2605 1988 conciliorum
2641 1933 2858 1988 calculis
2883 1932 3256 2001 conﬁrmatur,
3289 1941 3339 1987 et
3387 1932 3491 1986 vim
3522 1931 3614 1984 οὺς»

367 2026 651 2095 billonius,
692 2028 808 2082 sive
841 2044 905 2083 ex
939 2028 1059 2083 aliis
1088 2029 1157 2082 ab
1192 2027 1467 2096 liittorpio
1489 2025 1743 2103 vulgatis,
1774 2025 1935 2079 levis-

366 2121 567 2175 simum
616 2135 760 2187 esse,
812 2121 1130 2189 nullamque
1184 2120 1292 2174 vim
1358 2119 1605 2173 habere:
1647 2132 1770 2171 cum
1824 2117 1936 2172 sint

363 2208 601 2266 Ordines
655 2214 814 2264 nitate
873 2209 1168 2279 posteriori
1232 2207 1565 2277 interpolati.
1622 2207 1759 2261 Rem
1796 2207 1935 2260 hanc

364 2303 589 2372 Iosephi
627 2302 808 2357 Maria:
862 2302 1140 2357 Thoniasii
1196 2302 1380 2356 verbis
1433 2302 1652 2355 tandem
1687 2300 1933 2365 absolvo,

367 2400 512 2452 inter
545 2399 666 2468 ejus
696 2397 911 2452 Scholia
937 2397 991 2451 in
1016 2396 1476 2466 Antiplionarium
1500 2396 1931 2465 Gregoriauum:

369 2508 391 2540 ς
425 2488 565 2544 Ordo
598 2489 864 2543 Romanus
906 2489 924 2561 (
961 2490 1261 2559 inquientis
1287 2490 1330 2560 ),
1380 2488 1686 2554 antiquitus
1727 2500 1836 2537 non
1868 2499 1933 2537 eo

367 2580 551 2641 modo,
580 2597 689 2648 quo
720 2580 863 2649 apud
898 2596 1000 2635 nos
1039 2580 1220 2635 editus
1262 2589 1367 2644 est,
1415 2576 1930 2633 eircuml‘erebatur.

365 2673 625 2727 Discrctis
686 2687 925 2742 namque
986 2673 1187 2727 libellis
1245 2671 1666 2735 continebatur,
1735 2669 1933 2739 quibus

366 2766 580 2834 potiora
615 2781 714 2834 per
759 2780 964 2819 annum
997 2764 1413 2835 explicabuntur
1457 2762 1716 2818 Ofﬁcia...
1762 2760 1934 2816 Crete-

367 2873 485 2911 rum
514 2858 664 2912 Urdo
700 2858 793 2912 ille
821 2858 1122 2923 Romanus,
1153 2857 1334 2911 editus
1376 2857 1445 2910 ab
1484 2854 1781 2924 llittorpio,
1828 2853 1933 2906 far-

366 2966 495 3022 rago
517 2952 699 3020 potius
727 2961 812 3006 est
838 2952 1180 3007 diversorum
1204 2950 1407 3004 rituum
1431 2947 1732 3003 secundum
1753 2948 1932 2998 varias

362 3043 831 3098 consuetudines:
864 3044 938 3097 ita
976 3051 1038 3097 ut
1061 3043 1403 3112 antiquiores
1447 3041 1931 3110 germanioresque

365 3132 631 3188 Romanos
680 3136 814 3189 ritus
848 3134 904 3187 in
940 3142 1093 3189 tanta
1125 3133 1391 3187 varietate
1438 3132 1762 3186 discernere
1810 3130 1930 3185 sine

362 3241 556 3280 eorum
594 3225 910 3279 libellorum
940 3240 1044 3294 (ipe
1092 3236 1231 3295 pene
1254 3227 1325 3278 sit
1357 3221 1722 3292 impossibile.
1763 3238 1781 3272 ι
1822 3219 1927 3274 Sed

2046 2024 2173 2076 tinet
2218 2026 2622 2092 irresistibilem,
2671 2029 2905 2083 sensibus
2953 2027 3171 2098 spuriis,
3220 2026 3385 2081 verbis
3449 2024 3613 2096 199

2046 2118 2287 2172 ascititiis
2322 2120 2341 2188 (
2367 2136 2485 2190 qua
2514 2138 2723 2176 summa
2763 2121 2863 2192 fuit
2897 2123 3132 2193 ipsorum
3170 2121 3397 2175 audacia
3424 2118 3470 2189 ),
3502 2120 3610 2172 ‘co-

2045 2211 2315 2265 nabantur
2368 2214 2695 2269 adulterare.
2729 2204 2789 2270 Ο⁵
2814 2216 3225 2270 machinationes
3273 2210 3611 2267 diabolicas!

2044 2302 2308 2374 Spiritum
2332 2318 2578 2362 sanctum
2612 2325 2742 2363 novo
2770 2325 2912 2363 more
2944 2289 3470 2363 comminiscebantur
3499 2319 3605 2357 non

2031 2396 2256 2450 .de-solo
2300 2397 2481 2465 l’atre,
2516 2401 2606 2454 sed
2655 2404 2816 2455 etiam
2871 2397 3013 2455 Filio
3042 2392 3339 2470 procedere.
3396 2397 3599 2467 Dogma

2046 2491 2304 2559 reprobat
2348 2492 2646 2549 levissimis
2679 2510 2743 2549 ac
2779 2479 3029 2549 futilibus
3078 2476 3443 2564 argumentis,
3469 2503 3610 2560 quo-

2045 2596 2163 2634 rum
2211 2574 2746 2654 przecipua'refu'tata
2769 2576 2882 2658 lege
2928 2580 2983 2639 in
3021 2582 3401 2658 dissertatione
3435 2580 3486 2645 ί,
3519 2595 3610 2634 ca-

2043 2674 2155 2742 pite
2189 2676 2243 2739 8,
2275 2692 2430 2734 num.
2467 2676 2519 2733 7.
2826 2656 2837 2658 ἠ
3014 2660 3078 2679 ”’
3214 2656 3219 2669 ⁸

2115 2766 2236 2823 Haec
2264 2770 2495 2826 Photius
2519 2787 2642 2827 cum
2661 2773 2947 2837 scriberet,
2973 2772 3236 2845 Bulgaros
3260 2786 3437 2842 nuper
3461 2784 3599 2825 con-

2041 2873 2228 2913 versos
2251 2861 2319 2914 ad
2344 2856 2515 2931 iidem
2547 2864 2871 2941 spectabat:
2903 2878 3103 2935 eaque,
3144 2849 3430 2941 incusabat
3483 2863 3605 2917 sine

2039 2952 2228 3018 dubio,
2265 2970 2385 3024 quae
2423 2958 2541 3026 geri
2580 2959 2721 3027 apud
2761 2950 2984 3014 eosdem
3043 2956 3307 3030 Bulgaros
3359 2952 3604 3014 rescive-

2039 3054 2143 3111 rat,
2181 3047 2233 3101 in
2267 3046 2372 3104 ﬁde
2405 3050 2673 3106 catholica
2707 3066 2736 3105 a
2768 3046 2980 3108 Latinis
3012 3040 3370 3124 presbyteris,
3402 3066 3458 3108 et
3483 3057 3603 3124 epi—

2038 3138 2219 3206 scopis
2248 3138 2552 3195 institutos.
2582 3141 2841 3198 Dubitare
2869 3159 2981 3199 non
3010 3146 3218 3209 sinunt,
3244 3132 3367 3217 qua:
3395 3147 3601 3202 ibidem

2041 3232 2380 3298 praemiserat
2404 3231 2657 3302 Photius,
2694 3236 2812 3291 hare
2847 3239 3017 3292 verba
3076 3222 3101 3292 ξ
3139 3258 3158 3292 ι
3191 3238 3429 3295 Barbara
3471 3238 3608 3294 Bul-

367 3317 530 3386 193
573 3328 628 3372 ei
667 3317 768 3387 ipsi
799 3290 993 3383 iibeiii;
1024 3290 1162 3388 qu'os
1204 3290 1552 3369 iiabiiioriius
1578 3313 1766 3378 edidit.
1808 3312 1927 3365 «iiii-
1953 3290 2002 3357 ϐ
2036 3290 2287 3394 ῥητονηηι
2312 3341 2461 3395 gens,
2491 3337 2545 3381 et
2573 3290 3005 3390 οιῐι-εειοίέινίέει
3039 3290 3094 3386 et
3145 3290 3605 3397 ὲηῖἐέιζιζῖἓιῖέὲί-

361 3406 612 3473 gentiore
646 3404 771 3458 crisi
813 3406 1154 3475 expendendi
1187 3416 1335 3471 sinit,
1398 3419 1467 3459 ne
1506 3404 1647 3459 ritus
1695 3418 1810 3458 aevo
1840 3402 1933 3456 illo

364 3496 623 3551 Romana:
656 3496 912 3552 Ecclesia:
948 3498 1258 3553 tribuamus
1285 3539 1301 3564 ,
1332 3512 1472 3568 quos
1499 3494 1725 3550 minime
1750 3496 1934 3549 adhuc

292 3570 299 3579 ’
364 3593 685 3658 receperit;
710 3605 817 3660 qua
841 3591 908 3645 de
950 3606 1008 3645 re
1034 3590 1214 3646 adhuc
1259 3589 1399 3645 intra
1445 3588 1713 3660 agendum
1754 3588 1931 3659 capite

357 3683 630 3752 sequenti.

955 3819 1181 3875 CAPUT
1224 3818 1286 3873 V.

356 3929 560 4006 Strigqu
599 3950 758 4000 nono,
811 3934 1068 3990 Photiano
1116 3945 1367 4006 tempore,
1425 3933 1733 4006 ngbaium
1765 3948 1924 4006 _ooce,

428 4001 696 4072 Filioque,
748 4022 852 4061 non
880 4015 1109 4060 auxerat
1145 4001 1385 4060 Romana
1423 4004 1656 4059 Ecclesia
1678 4021 1697 4060 :
1754 4002 1929 4059 Photii

428 4072 769 4142 [Μικίωνα
820 4087 1136 4129 commenta.
1199 4076 1381 4129 Altera
1429 4077 1610 4130 swculi
1663 4074 1926 4128 undecimi

427 4146 730 4212 medietate,
782 4148 1085 4213 invectoque
1121 4161 1213 4213 per
1248 4146 1553 4199 Hichaelem
1592 4142 1923 4213 Cerularium

423 4217 726 4286 schismate,
777 4212 1154 4286 interpolatum
1204 4216 1259 4269 in
1295 4219 1475 4269 eadem
1530 4215 1768 4269 Ecclesia
1820 4212 1924 4265 lio-

427 4300 589 4338 mana
648 4285 953 4356 Symbolum
1010 4288 1063 4340 in
1110 4302 1207 4340 usu
1245 4294 1400 4356 erat;
1436 4288 1733 4356 schismatis
1797 4299 1923 4336 uera
1982 4342 1987 4349 ι

424 4370 605 4427 causa.
639 4354 852 4426 lacepto
900 4361 1079 4411 eodem
1118 4357 1334 4420 swculo,
1384 4354 1835 4427 Symbolumipsa
1867 4356 1920 4406 in

424 4424 670 4496 Liturgia
719 4423 930 4489 canere,
982 4436 1075 4479 aut
1113 4429 1338 4480 recitare
1385 4423 1557 4496 coepit.
1602 4424 1707 4478 Art
1734 4423 1920 4479 codem

424 4507 653 4565 tempore
700 4501 1120 4553 additamentum
1163 4499 1455 4559 admiserit,
1489 4512 1555 4548 an
1595 4507 1775 4554 antea,
1806 4500 1920 4563 opi-

424 4568 605 4637 niones
630 4570 789 4621 variis
813 4584 831 4621 :
853 4584 969 4636 quia
998 4568 1393 4637 expenduntur.
1421 4569 1503 4621 An
1531 4567 1739 4620 demum
1765 4565 1918 4635 Sym-

1988 3942 1993 3947 ,
2030 3884 2163 3951 Deo,
2198 3886 2434 3943 invisum
2463 3892 2776 3958 consilium,
2811 3904 2866 3948 et
2909 3888 3210 3965 inemptum
3238 3898 3292 3953 ι.
3314 3937 3328 3951 .
3360 3937 3375 3953 .

2039 3427 2146 3473 tam
2199 3422 2692 3491 mansuetudinem,
2731 3432 2786 3479 et
2833 3425 2925 3480 Dei
2966 3427 3334 3497 cognitionem
3365 3444 3601 3485 convor-

2037 3510 2193 3576 titur,
2230 3523 2285 3566 ut
2314 3529 2341 3565 a
2374 3514 2567 3583 patriis
2596 3515 2995 3591 diabolicisque
3035 3523 3206 3592 orgiis
3256 3526 3600 3589 recedentes,

2033 3616 2089 3659 ct
2151 3611 2427 3695 paganica:
2480 3611 2890 3691 superstitionis
2940 3600 3182 3670 errorem
3232 3602 3597 3683 excutientes,

2032 3706 2230 3766 praeter
2264 3714 2481 3756 omnem
2526 3702 2989 3785 exspectationem
3030 3708 3085 3761 in
3135 3709 3293 3765 iidem
3330 3710 3597 3768 Clit-istia-

2024 3804 2156 3875 nam
2192 3792 2343 3847 insiti
2376 3794 2732 3852 transierunt.
2767 3798 2873 3855 Sed
2907 3814 2940 3854 ο
2974 3798 3308 3871 improbum,
3352 3804 3598 3861 invidum

3449 3899 3602 3955 Non-

2030 3979 2160 4035 dum
2195 3981 2342 4057 enim
2365 3999 2498 4054 gens
2525 3982 2617 4039 illa
2645 4001 2740 4057 per
2780 3986 3065 4043 biennium
3100 4001 3299 4047 rectam
3332 3993 3597 4050 Christia-

2028 4062 2219 4128 norum
2250 4071 2549 4145 religionem
2568 4056 2901 4149 (Grzccorum
2928 4081 3115 4153 Opera)
3135 4069 3551 4154 ai’nplesabatur
3582 4108 3598 4146 :

2026 4179 2151 4218 cum
2183 4165 2336 4234 impii
2368 4167 2591 4237 quidam
2614 4160 2887 4238 homines,
2925 4184 2981 4228 et
3019 4158 3409 4233 exsecraudln
3437 4217 3451 4232 .
3502 4196 3600 4234 ea:-

2026 4259 2129 4343 orti
2165 4257 2235 4311 ab
2269 4254 2497 4343 occiduis
2551 4263 2808 4341 partibus.
2844 4303 2859 4321 .
2893 4305 2911 4353 η
2956 4283 2985 4343 a
3012 4254 3172 4321 sanis
3215 4281 3270 4324 et
3303 4271 3458 4340 puris
3501 4273 3600 4326 do-

2025 4353 2325 4420 gmatibus,
2358 4362 2413 4408 et
2446 4370 2475 4408 a
2524 4355 2631 4410 ﬁde
2679 4355 2958 4428 inculpata
3010 4361 3453 4427 Christianorum
3498 4379 3598 4419 eos

2024 4444 2254 4501 subdole
2306 4444 2603 4514 deducere,
2671 4459 2726 4503 et
2785 4434 3143 4529 corrumpere
3220 4455 3589 4529 conabantur.

2024 4535 2304 4606 Imprimis
2342 4550 2534 4595 contra
2563 4539 2820 4597 Ecclesiae
2852 4523 3101 4623 cationes
3130 4540 3322 4614 illicite
3354 4548 3422 4601 ad
3463 4524 3600 4605 Sab-

419 4636 596 4711 boluin
664 4630 1331 4711 Constantinopatitannin.
1388 4634 1633 4704 illudque
1678 4630 1920 4711 Ainterfpo-
1955 4656 1998 4711 υ
2027 4630 2278 4686 batorum
2322 4634 2533 4704 jejunia
2592 4635 3360 4697 traducebant...Sanctum
3394 4652 3446 4697 et
3503 4661 3598 4698 sa-

423 4707 615 4770 latum,
666 4708 957 4761 adhibuerit
1011 4724 1244 4778 unquam
1292 4708 1345 4760 in
1379 4708 1714 4777 baptismatis
1755 4709 1925 4760 admi-

422 4780 776 4833 nistratione:
806 4779 1154 4850 Aquileiensis
1184 4778 1435 4832 Ecclesia
1464 4779 1597 4832 ritus
1620 4779 1918 4831 exhibetur.

418 4893 465 4949 1.
512 4892 615 4949 Diu
654 4893 881 4959 siluere,
912 4907 1035 4963 qua:
1068 4902 1214 4948 mota
1243 4892 1460 4946 t‘uerant
1485 4900 1553 4947 de
1582 4892 1923 4948 Proeessiom

347 4981 579 5056 Spiritus
629 4985 801 5039 sancti
829 4983 1081 5045 dissidia,
1119 4986 1237 5038 sive
1275 4992 1467 5039 contra
1499 4984 1675 5056 ipsam
1721 4976 1922 5040 divinas

347 5074 526 5130 tertia
570 5090 819 5149 persona:
869 5075 1137 5146 originem
1170 5093 1203 5130 a
1240 5074 1408 5130 Patre
1443 5086 1494 5129 et
1525 5093 1557 5130 a
1599 5073 1762 5144 Filio,
1804 5080 1921 5133 sive

344 5174 532 5223 contra
566 5168 717 5224 vocis
765 5165 1013 5238 Filioque
1071 5169 1411 5225 additionem
1452 5170 1520 5225 ad
1572 5170 1916 5242 Symbolum.

344 5260 406 5314 In
445 5258 553 5314 tlde
610 5259 882 5332 dogmatis
912 5262 1140 5314 immota
1172 5261 1516 5318 consistebat
1547 5261 1788 5317 Ecclesia
1808 5263 1918 5318 Ro-

350 5364 530 5415 mana,
566 5365 692 5405 eum
723 5349 980 5405 omnibus
1008 5347 1323 5407 Occidentis
1345 5351 1630 5417 Ecclesiis,
1684 5344 1915 5424 perenni

343 5442 591 5510 Patrum,
613 5443 776 5500 etiam
798 5443 1135 5509 Gracorum,
1165 5445 1461 5501 traditione
1487 5450 1694 5503 munita
1721 5464 1737 5505 :
1768 5432 1914 5520 quod

342 5534 465 5590 alia:
494 5551 622 5591 vero
649 5536 907 5593 Ecclesiae
940 5538 1363 5593 additamentum
1392 5549 1737 5608 receperant,
1780 5556 1918 5595 non-

343 5626 473 5681 dum
504 5628 799 5686 admiserat
842 5639 956 5685 toto
987 5632 1192 5687 sazculo
1226 5646 1372 5686 nono
1400 5630 1593 5687 eadem
1641 5631 1911 5686 Romana.

344 5722 480 5776 Rem
520 5722 784 5778 evincunt
814 5722 1078 5779 Pbotiana
1113 5724 1313 5795 litigia.

412 5812 656 5867 Romana
683 5814 737 5868 in
771 5815 980 5886 synodo
1023 5830 1169 5871 anno
1200 5815 1305 5871 863
1344 5815 1620 5871 celebrata
1673 5814 1914 5886 proscri-

342 5915 470 5979 ptus
520 5906 748 5965 Pliotius
798 5925 828 5962 a
871 5908 1091 5966 Nicolao
1139 5909 1181 5977 ι,
1238 5909 1405 5966 veluti
1462 5909 1608 5967 sedis
1656 5910 1907 5977 alterius,

2027 4739 2173 4801 crum
2208 4724 2512 4807 Symbolum
2535 4727 2771 4807 sensibus
2800 4731 3017 4798 spuriis,
3054 4742 3105 4807 et
3138 4734 3304 4789 verbis
3339 4738 3589 4793 ascititiis

2026 4817 2354 4870 conabantur
2383 4802 2709 4899 adulterare.
2808 4820 3009 4899 Contra
3022 4804 3374 4899 ppracessionis
3393 4829 3591 4899 dogma

2026 4904 2440 4974 imperitissime
2465 4894 2688 4989 pugnat,
2724 4927 2786 4967 ac
2816 4896 3048 4969 subdit:
3070 4916 3228 4972 Hanc
3255 4894 3588 4989 impietatem

2026 4992 2361 5079 tenebrarum
2408 4996 2488 5055 illi
2516 4988 2753 5079 episcopi
2775 4990 2867 5075 (eis,
2891 5004 3154 5075 Occiduis
3181 4988 3452 5079 partibus)
3485 5029 3596 5067 una

2022 5108 2138 5163 cum
2168 5078 2389 5181 illicitis,
2428 5076 2801 5181 etillegit‘im'is‘
2818 5082 2955 5179 aliis
2974 5078 3127 5179 apud
3153 5076 3363 5178 gentem
3390 5076 3594 5177 Bulga-

2024 5178 2190 5265 ricam
2225 5168 2903 5273 disseminabantyllarum
2934 5168 3111 5273 rerum
3141 5192 3289 5265 fama
3348 5170 3587 5264 pervenit

2021 5256 2293 5363 armant
2312 5256 2539 5330 itania}:
2573 5256 2915 5361 Episcopus,
2943 5260 3014 5363 iic'
3026 5256 3389 5363 'pif'e'sbyteroqs
3410 5264 3411 5267 Ἴ
3438 5286 3590 5343 Lati-

2022 5381 2140 5431 nos,
2299 5366 2557 5437 Bulgaros
2599 5354 2929 5451 erudiebant
3050 5357 3176 5435 lide.
3205 5352 3442 5434 l’iiotius
3498 5380 3594 5435 in-

2019 5467 2174 5510 cusat
2200 5450 2267 5510 de
2296 5451 2482 5511 addita
2509 5474 2640 5514 voce
2663 5450 2902 5545 Filioque
2929 5463 3023 5539 Had
3053 5463 3371 5534 Symbolum
3423 5484 3441 5523 :
3482 5486 3591 5525 ne-

2018 5562 2124 5616 que
2156 5544 2335 5603 tamen
2370 5551 2594 5607 iuliciari
2623 5536 2831 5635 ausim,
2867 5536 3001 5629 quin
3050 5558 3167 5631 ipse
3193 5558 3322 5614 inde
3354 5560 3587 5634 collige

2020 5650 2121 5702 ret,
2157 5641 2577 5723 additamentum
2608 5634 2743 5700 illdd
2802 5647 2948 5717 apud
3006 5649 3143 5717 alias
3200 5650 3589 5712 Occidentales

2021 5724 2313 5786 invaluisse
2343 5733 2637 5803 Ecclesias,
2667 5752 2731 5815 ac
2752 5738 2917 5792 etiam
2946 5726 3272 5797 Romanam.
3304 5741 3412 5800 Sed
3434 5745 3588 5804 hanc

2018 5820 2085 5875 de
2111 5821 2354 5877 Romana
2390 5827 2760 5895 suspicionum
2817 5830 2966 5886 brevi
2996 5834 3272 5903 deposuit.

2082 5913 2361 5973 Laudatos
2393 5917 2749 5990 Bulgarorum
2792 5921 3013 5981 Latinos
3047 5928 3376 5988 catccbistas
3401 5932 3575 5996 veluti
