3830 6368
279 433 386 498 ῖιἮ

1401 425 1609 487 ῪῙΤΑ.
1654 449 1718 460 ·-
1755 417 2278 485 DISSERTATIO
2319 417 2402 478 II.

3448 417 3551 484 lfi8

289 554 353 606 de
379 547 524 603 facie
557 559 894 616 cognoscere
926 544 1162 598 maxime
1191 553 1432 612 praestat.
1465 542 1705 596 Annales
1736 540 1866 594 Ber—
1895 549 1939 603 Α
1969 535 2146 590 nacho
2183 537 2236 590 in
2278 534 2420 588 libro
2452 549 2487 587 ιι
2518 542 2701 587 contra
2735 533 2969 598 ercos,
3006 533 3274 591 Photiano
3303 548 3550 610 tempore

269 642 477 699 ‘tiniani
514 639 582 694 ad
617 653 824 694 annum
861 637 965 692 866
995 639 1073 692 sic
1108 635 1311 689 habent
1375 654 1388 688 :
1429 653 1448 685 ι
1500 636 1616 688 Rex
1666 633 1864 702 Bulga-

291 751 497 797 rorum,
532 734 628 801 qui
661 731 1008 800 przecedente
1042 745 1210 783 anno.
1242 767 1255 780 .
1279 768 1292 780 .
1337 727 1689 782 Christianus
1744 723 1864 778 fieri

290 829 592 883 meditatus
651 825 852 886 fuerat,
910 839 1128 877 sacrum
1195 823 1463 890 baptisma
1517 818 1863 888 suscepit...

291 923 510 976 Mittens
550 918 622 971 ad
658 915 979 969 Ludwicum
1007 931 1181 984 regem
1211 913 1531 976 Germaniae,
1566 911 1660 982 qui
1689 914 1736 966 ei
1769 911 1869 974 fte-

292 1018 414 1070 dere
448 1014 600 1083 pacis
641 1011 976 1078 coniunctus
1005 1019 1147 1066 erat.
1183 1010 1483 1078 episcopum
1518 1018 1563 1060 et
1600 1011 1867 1077 presbyte-

273 1124 372 1161 eros
404 1104 722 1175 postulavit.
747 1140 797 1156 ..
834 1101 1142 1155 Ludovicus
1173 1112 1356 1153 autem
1383 1102 1452 1153 ad
1472 1098 1722 1155 Carolum
1746 1103 1865 1171 {ra-

290 1208 414 1251 trem
441 1213 599 1250 suum
626 1195 874 1255 mittens,
900 1194 952 1244 in
985 1193 1332 1244 ministerium
1358 1191 1688 1257 clericorum,
1722 1192 1864 1259 apud

273 1291 510 1344 fratrem
550 1304 712 1342 suum
740 1301 864 1338 vasa
906 1295 1115 1338 sacrata
1147 1299 1444 1352 sacrasque
1479 1294 1661 1338 vestes
1693 1300 1754 1337 ac
1793 1285 1863 1337 li-

292 1387 418 1437 bros
451 1380 629 1449 petiit.
666 1377 750 1433 Un
777 1381 823 1430 le
853 1376 1082 1431 Carolus
1118 1375 1186 1428 ab
1238 1376 1516 1444 episcopis
1569 1379 1718 1445 regni
1777 1380 1862 1432 sui

292 1487 393 1525 non
473 1484 698 1540 parvam
757 1480 1027 1519 summam
1097 1463 1400 1530 accipiens.
1485 1463 1534 1515 ei
1607 1464 1671 1514 ad
1731 1464 1864 1516 diri-

291 1563 525 1634 gentium
564 1562 675 1630 regi
709 1560 1065 1627 Bulgarorum
1126 1557 1296 1611 misit.
1367 1575 1387 1608 θ
1437 1554 1512 1609 Ex
1545 1555 1864 1617 Gallicanis,

283 1658 448 1726 200
479 1667 573 1708 aut
601 1653 945 1709 Germanicis
974 1651 1234 1705 Ecclesiis
1284 1651 1517 1705 clericos
1555 1652 1606 1702 in
1671 1649 1865 1720 Bulga-

294 1755 423 1801 riam
453 1761 676 1804 missos.
714 1754 952 1798 constat.
1005 1743 1332 1797 Anastasius
1397 1741 1865 1796 Bibliothecarius

294 1841 567 1894 llonianos
615 1839 780 1892 etiam
813 1838 1108 1906 episcopos
1153 1836 1280 1889 illuc
1311 1836 1550 1890 directos
1599 1849 1861 1890 memorat

293 1935 343 1987 in
377 1933 496 1986 Vita
527 1931 738 1986 Nicolai
775 1950 788 1984 :
824 1939 1054 1998 accepta
1126 1927 1410 1981 Michaelis
1440 1930 1616 1998 gentis
1670 1930 1863 1997 Bulga-

293 2039 473 2076 rerum
502 2022 648 2090 regis
679 2023 955 2090 legatione
1017 2035 1196 2072 mense
1259 2020 1514 2090 Augusto,
1576 2023 1863 2074 indictione

293 2127 480 2186 quarta
515 2117 743 2178 decima,
802 2108 1081 2182 inquiens,
1123 2113 1353 2166 Paulum
1396 2112 1860 2184 Populoniensem,

289 2219 337 2261 et
368 2207 690 2262 Formosum
719 2207 1081 2266 l’ortuenscm,
1108 2222 1316 2275 magna:
1341 2208 1643 2259 sanctitatis
1670 2209 1864 2277 episco-

287 2318 447 2372 pos...
474 2303 547 2355 ad
577 2301 979 2370 prwdicandum
1006 2300 1150 2369 genti
1202 2299 1286 2352 illi
1321 2301 1418 2361 ire,
1457 2301 1707 2352 decrevit.
1761 2303 1867 2354 Au-

291 2396 493 2449 nalium
526 2394 884 2449 Fuldensium
917 2393 1059 2446 addo
1120 2393 1310 2455 verba,
1359 2409 1481 2462 qua:
1530 2394 1695 2463 digna
1739 2405 1868 2449 sunt

279 2487 798 2549 animadversione,
833 2485 899 2538 ad
949 2500 1152 2537 annum
1190 2484 1296 2538 866
1352 2494 1408 2538 et
1441 2485 1818 2554 insequentem
1851 2505 1864 2540 :

299 2597 318 2630 ι
360 2579 548 2649 Legati
594 2577 954 2648 Bulgarorum
986 2574 1362 2645 Radesponam
1395 2586 1458 2630 ait
1498 2593 1677 2647 regem
1704 2594 1869 2632 vene-

283 2681 443 2732 runt,
492 2671 742 2724 dicentes
784 2687 798 2723 :
837 2669 1037 2739 Regem
1091 2669 1309 2723 illorum
1348 2685 1471 2724 cum
1515 2672 1721 2738 populo
1757 2687 1867 2725 non

286 2761 512 2816 modico
552 2761 623 2814 ad
665 2759 946 2814 Christum
1003 2774 1126 2813 esse
1177 2774 1540 2823 conversum,
1596 2761 1870 2830 simulque

293 2865 566 2927 petentes,
601 2865 659 2909 ut
696 2869 793 2909 rex
845 2854 1074 2908 idoneos
1110 2853 1506 2923 praedicatores
1541 2855 1870 2911 Christianae

279 2950 576 3018 religionis
609 2947 677 3001 ad
695 2962 798 3001 eos
818 2949 1033 3000 mittere
1067 2962 1171 2999 non
1199 2945 1466 3001 differret.
1501 2947 1608 3001 Rex
1629 2947 1872 3003 Ludovi-

289 3056 411 3108 cus,
446 3039 803 3108 Bulgarorum
823 3037 1180 3107 petitionibus
1208 3055 1477 3097 annuens.
1505 3037 1870 3093 Ermenricum

285 3135 593 3202 episcopum
627 3147 751 3184 cum
797 3123 1156 3199 presbyteris,
1197 3142 1254 3184 et
1293 3131 1618 3186 diaconibus
1645 3133 1711 3186 ad
1747 3149 1874 3200 pro-

1969 631 2232 699 scripto':
2279 628 2410 680 Dein
2470 627 2674 682 Ariona
2731 628 3089 696 repullulante
3154 634 3365 686 vesania
3415 635 3547 704 (in-

1969 721 2237 790 quiente),
2270 720 2575 790 colenthue
2599 719 2918 787 conﬁrmare
2951 738 3053 774 non
3085 741 3195 775 esse
3227 726 3544 790 ret'twﬁrlei,

1969 814 2229 884 Spiritum
2277 822 2520 865 sanctum
2552 813 2723 864 dicere
2779 829 2809 864 a
2864 812 3029 865 Patre
3091 819 3404 884 procedere;
3451 821 3546 871 ltoc

1968 909 2091 978 quia
2128 908 2392 960 videretur
2423 923 2532 959 esse
2578 907 2962 976 llam/timum,
3012 914 3263 978 quoniam
3320 914 3545 966 duorum

1970 1000 2310 1071 proﬁteretur
2348 997 2510 1051 Pater
2541 999 2697 1067 201
2741 1016 2870 1060 esse,
2921 1001 2973 1051 id
3004 1011 3078 1053 cst
3131 1000 3277 1062 Filii,
3341 1016 3387 1056 ct
3431 1004 3550 1073 Spi-

1971 1097 2102 1146 ritus
2136 1095 2336 1155 sancti,‘
2367 1095 2502 1144 hanc
2563 1111 2766 1162 quoque
2807 1094 3186 1162 ltlt.8pltetltlttttt
3253 1100 3548 1164 proiiclicn-

1968 1189 2091 1239 tlam
2129 1189 2460 1240 decernentes
2502 1186 2756 1239 Ecclesia:
2821 1196 3078 1245 doctores,
3141 1195 3552 1256 auperaddidcre

1967 1281 2198 1350 symbolo
2233 1296 2251 1334 :
2287 1280 2544 1342 Spiritum
2597 1292 2840 1334 sanctum
2875 1300 2906 1334 a
2949 1281 3084 1334 Filio
3131 1301 3336 1351 quoque
3366 1302 3543 1353 proce—

1969 1376 2112 1430 dcre.
2137 1391 2199 1426 ne
2233 1376 2278 1427 si
2305 1377 2368 1426 de
2403 1374 2564 1427 Patre
2594 1384 2799 1427 tantum
2832 1379 3112 1441 procedere
3143 1380 3424 1437 (Πανδίων,
3455 1394 3552 1443 pn-

1971 1480 2175 1522 tarctur
2204 1469 2390 1530 Filius,
2427 1486 2515 1521 nec
2541 1472 2802 1521 diceretur
2829 1469 3060 1537 Spiritus
3101 1468 3245 1523 Filii.
3305 1470 3422 1522 Non
3453 1471 3550 1531 ait,

1969 1580 1997 1614 ιι
2035 1561 2272 1614 Romana
2309 1562 2537 1613 lite/asia
2573 1561 2830 1629 S)’ttllml()
2868 1563 3277 1628 superadditam
3331 1577 3545 1620 vocem,

1972 1652 2215 1722 filioque
2247 1671 2264 1706 :
2322 1660 2414 1706 sed
2460 1654 2522 1704 ab
2575 1654 2817 1705 Ecclesia
2867 1652 3190 1710 doctoribus,
3235 1669 3371 1718 quos
3425 1654 3552 1704 liac-

1972 1759 2131 1799 tenus
2170 1764 2275 1800 non
2305 1747 2439 1799 alios
2487 1762 2558 1811 re,
2583 1762 2728 1799 crare
2757 1747 2946 1798 datum
2980 1755 3082 1809 cst,
3117 1747 3217 1798 nisi
3265 1745 3547 1813 Hispanos,

1971 1839 2295 1902 Gallicanos,
2337 1839 2651 1899 Germanos,
2698 1849 2752 1892 et
2791 1837 3006 1891 Italicos
3068 1839 3120 1891 in
3157 1854 3321 1907 regno
3364 1837 3546 1890 italiae.

2040 1930 2298 1984 Summus
2327 1932 2566 1984 Pontilex
2603 1931 2860 1984 Nicolaus
2888 1931 2939 1982 in
2974 1932 3207 1999 cpistola
3237 1949 3376 1982 anno
3414 1931 3545 1993 867,

1970 2041 2152 2076 mense
2185 2024 2426 2088 Octobri,
2472 2026 2754 2077 indictione
2795 2025 2967 2092 prima
2999 2041 3026 2075 a
3071 2025 3367 2090 septembri
3405 2040 3546 2093 pne-

1966 2119 2179 2167 ('ellt‘llll
2231 2116 2466 2184 incepta,
2525 2118 2588 2167 ad
2635 2115 2992 2169 llincniarum
3040 2116 3188 2180 data,
3243 2126 3290 2167 et
3331 2126 3546 2169 ca'teros

1968 2224 2233 2276 cp:scopos
2263 2209 2312 2260 in
2340 2225 2495 2276 regno
2529 2207 2733 2271 Caroli,
2773 2208 3158 2274 reprehensam
3196 2223 3223 2260 a
3258 2209 3450 2262 l'hotio
3482 2209 3549 2260 de

1969 2302 2297 2369 proccssione
2331 2301 2564 2366 Spiritus
2609 2301 2782 2352 sancti
2829 2317 2858 2351 α
2914 2300 3072 2352 Patre
3109 2309 3155 2352 et
3197 2320 3226 2352 α
3265 2299 3408 2353 Filio
3441 2302 3548 2354 llo-

1970 2408 2184 2444 tnanam
2235 2392 2531 2445 Ecclesium
2601 2403 2817 2457 narrat,
2869 2393 3015 2445 nulla
3071 2394 3422 2446 addi'amenti
3480 2392 3549 2446 ad

1971 2481 2286 2553 Symbolum
2323 2484 2599 2537 mentione
2633 2484 2862 2552 ittgusla.
2903 2483 3157 2542 Conatur,
3209 2485 3405 2551 inquit,
3439 2492 3548 2536 tam

1972 2587 2207 2629 no~trant
2247 2577 2568 2642 specialiter,
2615 2595 2770 2646 quam
2820 2595 3024 2630 omnem
3083 2580 3404 2645 gent-raliter
3431 2593 3550 2645 qua!

1972 2668 2152 2740 lingua
2182 2667 2376 2722 Latina
2410 2675 2596 2734 utitur,
2637 2669 2925 2722 Ecclesium
2963 2671 3340 2737 reprehendere
3374 2688 3390 2724 :
3415 2670 3552 2738 quod

1975 2798 1988 2811 .
2035 2801 2047 2813 .
2095 2799 2109 2813 .
2143 2801 2158 2814 .
2196 2757 2451 2829 Spiritum
2479 2769 2720 2811 sanctum
2748 2775 2809 2811 ex
2833 2759 2991 2812 Patre
3006 2757 3250 2828 Filioque
3273 2760 3554 2830 procedere

1972 2854 2232 2916 dicamus,
2259 2869 2375 2906 cum
2424 2853 2524 2921 ipsi
2557 2853 2693 2904 hunc
2738 2861 2946 2905 tantum
2984 2868 3046 2905 ex
3093 2853 3252 2905 l’atre
3277 2853 3555 2921 procedere

1973 2945 2262 3015 fateantur.
2313 2947 2618 3011 Pontilicis,
2653 2961 2716 3000 ac
2743 2948 3125 3015 episcoporum
3178 2944 3362 2999 Gallia:
3407 2946 3553 2998 votis

1974 3055 2224 3091 annuens
2281 3037 2507 3101 Encas,
2547 3040 2639 3107 qui
2697 3037 3062 3092 Parisiensem
3093 3040 3314 3104 regebat
3367 3039 3549 3092 Eccle-

1976 3131 2358 3192 siam,|ibrum
2394 3132 2567 3186 edidit
2597 3131 2888 3186 adversum
2914 3133 3116 3193 Photii,
3147 3142 3197 3182 et
3232 3131 3546 3186 Graicorum

290 3226 600 3297 pagandam
634 3224 797 3277 ﬁdem
828 3224 1154 3278 catholicam
1181 3226 1422 3294 praefatae
1449 3226 1596 3294 benti
1627 3226 1870 3281 tlestina-
1899 3235 1942 3293 ς
1975 3225 2318 3279 calumnias:
2364 3226 2539 3294 deque
2570 3241 2650 3289 re,
2687 3240 2791 3295 qua
2834 3225 2900 3277 dc
2923 3227 3156 3292 agimus,
3193 3225 3305 3278 hac
3335 3235 3546 3277 tantum

291 3321 388 3372 vit.
422 3319 532 3373 Sed
564 3333 692 3371 cum
721 3317 849 3370 illuc
884 3317 1288 3385 pervenissent,
1317 3318 1567 3387 episcopi
1602 3334 1630 3370 a
1681 3318 1867 3372 Potiti-

289 3411 392 3469 ﬁce
427 3413 682 3466 Romano
730 3411 878 3464 missi
911 3420 1079 3464 totam
1133 3410 1280 3464 illam
1323 3421 1525 3464 terram
1563 3413 1868 3481 praediatu-

292 3504 381 3568 do,
413 3513 472 3557 et
513 3503 842 3571 baptizando
865 3502 974 3570 jam
1013 3510 1145 3554 tunc
1181 3502 1527 3570 repleverant
1567 3520 1580 3555 :
1631 3519 1870 3572 quapro-

283 3604 412 3664 pter
441 3596 535 3650 isti
563 3603 785 3662 accepta
825 3609 854 3645 a
887 3609 1013 3663 rege
1037 3593 1284 3658 licentia,
1310 3595 1596 3648 redierunt
1623 3595 1674 3646 in
1699 3610 1852 3648 sua.»

313 3708 319 3713 ί
361 3687 547 3740 Latini
579 3689 852 3754 episcopi,
887 3697 939 3736 ct
976 3685 1165 3738 clerici
1200 3685 1573 3747 innotescunt,
1611 3687 1706 3755 qui
1741 3686 1869 3739 Bul-

287 3797 451 3851 garos
483 3781 542 3833 in
600 3779 707 3832 tide
738 3778 1008 3833 catholica
1063 3778 1418 3842 erudiebant,
1449 3780 1767 3848 gravissime
1838 3796 1866 3832 a

289 3874 487 3928 Pbotio
521 3871 848 3940 reprehensi
907 3871 977 3923 ob
1010 3872 1264 3924 traditam
1297 3871 1604 3925 doctrinam
1635 3873 1702 3926 de
1732 3871 1870 3924 Pro-

284 3968 520 4021 cessionc
554 3965 786 4033 Spiritus
813 3965 984 4017 sancti
1013 3981 1044 4016 α
1087 3963 1249 4016 Patre
1288 3972 1336 4016 et
1401 3981 1434 4016 a
1486 3962 1648 4029 Filio,
1698 3973 1752 4018 et
1799 3965 1870 4018 ob

288 4059 406 4128 ejus
443 4057 597 4111 vocis
629 4053 871 4126 Filioque
895 4054 1233 4108 additionem
1263 4053 1328 4107 ad
1361 4053 1871 4124 Symbolum-Sunt

288 4162 489 4217 nempe
531 4145 798 4199 Gallicani
829 4143 1041 4207 clerici,
1078 4153 1175 4197 aut
1231 4141 1490 4196 Germani
1525 4158 1554 4197 a
1589 4142 1870 4201 Ludovico

281 4239 599 4294 Germania:
633 4254 780 4308 rege,
815 4247 867 4290 et
895 4236 1076 4292 Caroli
1106 4236 1241 4290 dicti
1260 4235 1410 4290 Calvi
1441 4238 1585 4306 regis
1618 4237 1870 4292 Francia:

284 4332 660 4386 Occidentalis
711 4345 777 4384 ac
807 4338 995 4398 postea
1035 4329 1385 4397 imperatoris
1409 4328 1598 4393 fratre,
1631 4329 1688 4382 in
1742 4331 1870 4385 Bul-

283 4423 496 4491 sariam
534 4420 704 4474 missi.
759 4421 902 4473 Sunt
936 4420 1104 4472 etiam
1171 4419 1286 4484 alii,
1315 4434 1457 4488 quos
1508 4420 1565 4473 in
1617 4421 1867 4476 eamdem

283 4519 573 4588 regionem
609 4516 840 4570 miserat
879 4513 1134 4567 Nicolaus
1170 4512 1218 4578 Ι,
1286 4529 1537 4569 summus
1597 4516 1866 4585 pontifex.

1976 3316 2133 3368 habet
2189 3317 2241 3368 in
2304 3316 2671 3383 praefatione:
2731 3315 2901 3384 Infert
2963 3315 3234 3380 (PliOtius)
3292 3313 3549 3367 Romanis

1973 3409 2184 3459 auribus
2217 3405 2435 3471 :Quare
2459 3405 2716 3475 Spiritum
2749 3415 2991 3458 sanctum
3040 3421 3071 3456 a
3106 3404 3267 3458 Patre
3307 3414 3355 3456 et
3409 3403 3550 3458 Filio

1971 3503 2319 3570 proﬁteantur
2348 3500 2642 3569 procedere,
2679 3505 2728 3550 et
2771 3514 2874 3550 non
2922 3513 2954 3549 α
2983 3497 3095 3550 solo
3132 3496 3499 3561 Patre.’Quid
3529 3499 3553 3550 ?

1971 3592 2117 3660 quod
2163 3591 2392 3645 Photius
2445 3591 2561 3660 ipse
2597 3590 2942 3660 adjectionem
2982 3589 3050 3640 ad
3073 3589 3380 3658 Symbolum
3412 3607 3550 3644 non-

1972 3685 2100 3738 dum
2131 3685 2337 3738 Nicolai
2379 3683 2653 3751 pontificis
2681 3693 2841 3736 :etate
2877 3693 3150 3752 receptam
3205 3683 3260 3737 in
3297 3684 3545 3740 ltomana

1973 3778 2234 3842 Ecclesia,
2284 3779 2417 3830 satis
2467 3777 2672 3830 indicat
2724 3776 2777 3830 in
2809 3785 3042 3829 tractatu
3076 3776 3141 3830 de
3191 3777 3541 3845 proccssioue

1971 3870 2210 3940 Spiritus
2243 3870 2415 3923 sancti
2448 3887 2462 3933 ;
2527 3885 2593 3922 ex
2625 3884 2735 3936 quo
2780 3867 2890 3922 Leo
2914 3868 3145 3924 Allatius
3177 3868 3541 3940 fragmentum

1974 3961 2181 4030 profert
2200 3961 2601 4015 Exercitatione
2622 3977 2709 4014 xiv
2744 3959 2798 4015 in
2831 3961 3253 4030 Creyglitonnni,
3277 3977 3397 4030 pag.
3417 3962 3545 4015 231.

1971 4051 2075 4109 Sed
2115 4069 2209 4106 nec
2236 4055 2562 4106 tremendum
2593 4053 3111 4124 ﬁdeiiSyrnlmlum),
3131 4056 3182 4108 in
3204 4071 3291 4107 ore
3315 4058 3550 4110 omnium

1972 4149 2293 4202 circumduci
2338 4147 2574 4213 solitum,
2624 4150 2893 4202 sententia:
2923 4164 3032 4202 sure
3065 4147 3153 4219 (de
3190 4150 3548 4218 proccssione

1971 4237 2038 4292 ab
2071 4243 2328 4307 utroque)
2383 4246 2736 4308 tegumentum
2776 4247 3067 4306 pra'texens
3101 4277 3114 4291 .
3146 4277 3162 4293 .
3198 4275 3214 4292 .
3247 4277 3262 4292 .
3317 4241 3546 4291 attondit

1970 4333 2052 4383 vet
2079 4328 2208 4382 ltzsit
2241 4329 2305 4398 (Ν
2312 4330 2514 4384 icolaus
2522 4343 2556 4392 i.

2042 4421 2101 4476 ln
2127 4423 2312 4476 sedem
2341 4422 3010 4493 Constantinopolitanam
3045 4423 3364 4478 restitutum
3403 4423 3547 4479 Plio-

1973 4516 2108 4570 tium
2140 4515 2432 4571 confirmat
2463 4532 2607 4571 anno
2655 4518 2778 4578 879.
2813 4518 3052 4574 Joannes
3085 4534 3330 4573 sumnms
3363 4520 3546 4588 ponti-

279 4611 506 4664 Hiratio
541 4607 740 4662 subeat
772 4606 944 4671 nulla,
975 4605 1284 4660 Germanos
1344 4607 1465 4659 illos
1499 4615 1595 4661 aut
1632 4607 1870 4662 Gallica-
1903 4609 1943 4662 ο
1974 4607 2081 4673 lex,
2124 4606 2290 4677 hujus
2322 4608 2560 4663 nominis
2594 4612 2775 4664 dictus
2815 4609 3081 4664 Octavus.
3126 4610 3204 4664 Ne
3242 4611 3542 4663 ltoinanam

279 4717 384 4758 nos
448 4697 1100 4770 Constantinopolitanum
1199 4696 1504 4768 Symbolum
1584 4700 1871 4754 tradidisse

279 4795 560 4866 Bulgaris,
596 4802 762 4862 prout
794 4792 901 4862 ipsi
933 4792 1235 4856 habebant,
1262 4792 1546 4846 additione
1580 4792 1734 4847 vocis
1784 4791 1873 4847 Fi.

278 4888 462 4958 lioque
511 4885 926 4955 interpolatum.
974 4887 1032 4938 In
1070 4884 1213 4938 hanc
1257 4883 1593 4938 additionem
1639 4899 1870 4940 consen-

277 4981 407 5046 tire,
445 4993 686 5051 pronum
717 4987 837 5033 erat
868 4977 1142 5048 episcopis
1175 4991 1206 5032 a
1238 4977 1466 5031 Nicolao
1496 4977 1680 5031 missis
1709 4994 1722 5031 :
1756 4988 1868 5033 tum

276 5075 409 5142 quia
436 5072 760 5128 Occidentis
790 5070 1052 5125 Ecclesia
1081 5070 1196 5124 fere
1257 5085 1454 5125 omnes
1483 5085 1602 5124 eam
1635 5085 1866 5139 recepe-

274 5177 404 5219 rant
435 5206 452 5229 ,
482 5175 612 5216 sum
642 5162 769 5232 quia
805 5171 862 5216 ut
895 5161 949 5216 id
992 5161 1206 5232 Bulgari
1233 5161 1550 5230 expressius
1579 5161 1872 5216 crederent

279 5258 528 5311 maxime
570 5264 1003 5310 consentaneum
1043 5263 1184 5319 erat,
1225 5268 1459 5321 quorum
1513 5253 1675 5308 ﬁdem
1729 5255 1874 5309 schi-

273 5348 502 5406 smatici
549 5347 803 5402 Photiani
834 5347 1032 5402 vitiare
1065 5348 1429 5402 conabantur.

346 5444 499 5498 Hinc
530 5458 661 5496 vero
680 5441 830 5496 hisce
852 5439 1032 5495 Photii
1051 5439 1251 5494 litteris
1276 5439 1506 5493 nimium
1527 5439 1722 5494 leviter
1749 5455 1873 5510 per-

273 5548 468 5591 motus
483 5533 687 5588 Natalis
703 5533 1012 5588 Alexander
1029 5534 1228 5588 sacqu
1252 5548 1323 5598 Iv,
1343 5533 1562 5586 disSert.
1585 5532 1672 5592 58.
1691 5542 1798 5586 art.
1815 5533 1870 5599 5,

271 5629 648 5682 existimavit:
681 5625 889 5710 Nifolai
914 5629 1075 5695 primi
1106 5626 1445 5694 temporibus,
1479 5628 1676 5695 {actam
1709 5628 1872 5694 [uisse

273 5722 413 5772 hanc
461 5718 787 5770 additionem
838 5722 891 5770 in
939 5717 1182 5770 Romana
1243 5715 1508 5770 Ecclesia.
1548 5717 1696 5770 Uanc
1740 5734 1872 5786 epo-

273 5811 439 5864 cham
480 5825 590 5864 non
628 5811 976 5874 confirmant,
1013 5823 1190 5878 neque
1224 5810 1468 5863 indicant
1506 5810 1690 5872 verba,
1750 5827 1871 5878 ane

276 5902 500 5974 profert
539 5903 685 5958 idem
722 5911 916 5958 auctor
955 5917 1024 5958 ex
1058 5901 1356 5959 Ratramno
1403 5901 1721 5958 Corbcieusi
1759 5902 1871 5957 llo-

1972 4701 2274 4758 Ecclcsiam
2304 4704 2501 4774 injuria
2524 4705 2792 4760 lacerasse
2833 4707 2946 4774 ipse
2985 4714 3296 4774 putaretur,
3333 4705 3544 4774 episto-

1972 4797 2079 4850 lam
2141 4796 2245 4850 sub
2291 4797 2542 4866 cjusdem
2597 4797 2823 4852 Joannis
2875 4800 3096 4851 nomine
3154 4798 3322 4851 veluti
3361 4799 3426 4852 ad
3485 4815 3544 4852 se

1972 4889 2231 4958 scriptam
2263 4890 2529 4944 confinxit
2563 4906 2576 4942 :
2614 4889 2669 4942 in
2696 4904 2869 4957 eaque
2898 4889 2966 4942 ab
2997 4887 3145 4942 omni
3183 4891 3546 4943 additamenta

1972 4983 2288 5053 pontiﬁcem
2326 4984 2564 5038 alienum
2616 4982 2882 5044 exhibet,
2921 4993 3282 5053 paratumque
3326 4985 3393 5039 ad
3429 4986 3550 5056 ejus

1971 5076 2397 5145 cxpunctionem
2447 5075 2591 5144 apud
2644 5090 2738 5128 eos
2779 5081 3099 5144 urgendam,
3151 5075 3241 5146 qui
3297 5077 3442 5130 idem
3495 5077 3548 5130 in

1973 5166 2248 5238 Symbolis
2274 5167 2742 5221 admisisseutﬂel
2763 5167 2875 5222 hinc
2906 5168 3084 5221 Photii
3110 5167 3294 5223 fabula
3317 5170 3544 5232 evincit,

1971 5259 2217 5312 nondum
2280 5273 2343 5312 ea
2387 5266 2546 5312 atate
2618 5259 3006 5328 interpolatum
3068 5260 3210 5328 apud
3269 5259 3548 5313 Ronzanos

1971 5348 2211 5418 viguisse
2268 5348 2608 5419 Symbolum.
2663 5349 2984 5404 Memoratas
3045 5351 3213 5404 refert
3275 5350 3548 5419 Epistolas

1973 5440 2245 5496 Baronius’
2272 5442 2339 5495 ad
2397 5457 2599 5496 annum
2647 5442 2772 5506 879,
2811 5458 2962 5495 num.
3011 5443 3098 5497 54.
3137 5441 3310 5499 Verba
3370 5453 3497 5498 sunt
3532 5461 3547 5498 :

1985 5551 2002 5584 ι
2036 5533 2198 5588 Novit
2225 5534 2389 5587 etiam
2425 5544 2515 5588 tua
2545 5535 2863 5589 fraternitas
2886 5575 2900 5599 ,
2932 5535 3078 5604 quod
3121 5549 3244 5588 cum
3274 5552 3449 5605 nuper
3484 5536 3550 5588 ad

1974 5639 2074 5677 nos
2115 5627 2346 5678 aecessit
2373 5626 2442 5690 is,
2490 5626 2586 5694 qui
2620 5642 2650 5678 a
2687 5641 2737 5680 te
2787 5627 2988 5680 missus
3025 5638 3212 5687 est,et
3251 5627 3314 5680 de
3362 5637 3548 5681 sainto

1975 5717 2225 5789 Symbolo
2251 5736 2350 5773 nos
2378 5720 2656 5773 consuluit
2681 5759 2695 5782 ,
2731 5722 3007 5790 quomodo
3039 5720 3246 5774 invenit
3273 5738 3370 5774 nos
3413 5720 3545 5773 illud

1975 5813 2388 5873 inconcussum,
2422 5814 2563 5866 sicut
2599 5814 2756 5868 nobis
2799 5814 2866 5868 ab
2904 5813 3060 5866 initio
3088 5813 3247 5882 202
3283 5813 3543 5867 traditum

1975 5918 2077 5973 est,
2111 5922 2474 5962 conservare:
2523 5922 2698 5977 neque
2723 5906 2924 5976 aliquid
2948 5908 3232 5975 addidisse,
3260 5906 3338 5962 vel
3369 5907 3550 5960 detra-
