3852 6466
325 427 429 489 199

1268 431 1593 491 GEORGII
1642 431 1899 491 CYPlilI
1942 431 2046 490 ΕΡ.
2094 424 2606 488 ΡΑΤΠῘΛΒΩῙΙᾸΞ

3464 429 3573 495 2οῦ

316 548 477 606 cisse,
531 558 656 599 eum
707 554 854 600 recte
904 545 1225 601 noverimus
1269 547 1412 617 quod
1461 562 1577 610 eos,
1622 549 1714 616 qui
1770 546 1895 602 talia
1931 562 1964 609 Α
1998 556 2162 614 atque
2199 546 2358 607 lecta,
2391 560 2485 614 per
2516 559 2637 599 eam
2677 540 3121 600 Occidentalibus
3148 542 3475 603 laudandam
3505 564 3574 605 ac

320 640 499 693 facere
543 638 766 699 audent,
795 638 979 709 gravis
1012 639 1399 694 condemnatio
1448 649 1747 709 exspectat.
1783 639 1889 694 Re-

320 732 584 785 verentia:
608 732 791 800 itaque
818 740 924 786 tua:
953 730 1148 785 iterum
1171 732 1565 799 significamus,
1597 740 1655 784 ut
1689 729 1758 783 de
1791 730 1892 783 bac

317 825 593 882 add/tione
624 825 678 877 in
718 823 995 893 Syn‘bolo.
1026 839 1089 876 ex
1121 820 1264 876 Filio
1308 823 1539 887 scilicet,
1593 823 1688 875 tibi
1729 822 1891 874 satis-

328 918 632 972 faciamus:
677 917 820 985 quod
855 933 962 969 non
999 918 1172 971 solum
1204 919 1297 971 hoc
1341 933 1443 968 non
1487 916 1761 982 dicimus,’
1797 913 1892 968 sed

320 1014 488 1066 etiam
521 1014 662 1079 quod
696 1027 791 1064 eos
826 1012 916 1079 qui
963 1012 1219 1080 principio
1271 1011 1364 1063 hoc
1397 1010 1565 1062 dicere
1597 1010 1716 1062 ausi
1744 1017 1890 1070 sunt,

325 1107 482 1171 qiiasi
514 1120 897 1173 transgressorc
920 1103 1133 1191 sihvini
1168 1102 1318 1155 verbi
1350 1102 1781 1156 eondemnamus
1803 1142 1813 1152 .
1839 1139 1853 1152 .
1877 1140 1889 1153 .

328 1197 390 1252 Ut
435 1198 621 1264 reliqui
656 1199 821 1250 nostri
862 1198 1086 1267 episcOpi
1127 1195 1410 1249 nobiscum
1447 1196 1589 1249 idem
1630 1195 1891 1252 sentiant,

325 1292 452 1343 totis
486 1291 693 1342 Viribus
745 1289 1130 1342 contendimus
1164 1325 1179 1340 .
1207 1329 1222 1343 .
1251 1326 1265 1340 .
1320 1286 1538 1340 Rationi
1591 1300 1893 1355 congruum

326 1384 457 1435 mihi
488 1382 663 1434 visum
684 1390 787 1439 est.
819 1396 886 1434 ne
922 1381 1191 1433 violenter
1214 1380 1414 1447 aliquis
1439 1386 1665 1447 cogatur
1686 1377 1895 1431 anobis

326 1475 647 1527 auditionem
682 1472 830 1526 illam
855 1473 1154 1537 dimittere,
1199 1486 1360 1540 quam
1395 1472 1508 1539 ipse
1541 1471 1807 1539 adjeeisse
1834 1486 1893 1523 se

330 1568 592 1637 Symholo
626 1570 839 1620 norerit
872 1584 885 1620 :
917 1566 1011 1619 sed
1044 1566 1225 1634 potius
1261 1564 1679 1619 mansuetudine
1713 1563 1894 1632 aliqua

333 1659 645 1720 huiusmodi
700 1658 947 1711 homines
985 1658 1305 1720 admonere,
1359 1666 1413 1711 et
1437 1657 1694 1725 paulatim
1722 1672 1749 1708 a
1782 1656 1897 1709 δια-

323 1752 560 1819 εμίιρηιὶα
596 1766 868 1805 revocare.
910 1769 927 1800 ι
966 1749 1286 1804 Commento
1317 1765 1416 1801 suo
1441 1749 1619 1802 firmat
1650 1748 1895 1810 Pholios,

330 1856 516 1894 vocem
553 1837 796 1910 Filioque
855 1841 923 1892 ab
972 1840 1210 1893 Ecclesia
1262 1839 1503 1892 Romana
1557 1840 1801 1891 nomium
1842 1838 1896 1889 in

330 1930 585 1999 Symbolo
640 1942 914 1998 receptam
969 1946 984 1982 :
1053 1920 1425 1997 invidiamque
1479 1928 1643 1982 simul
1695 1925 1891 1980 Joauni

329 2020 573 2089 pontifici
606 2030 776 2080 creat,
820 2019 948 2071 dum
988 2020 1163 2087 ipsum
1192 2019 1421 2079 inducit,
1454 2017 1621 2070 veluti
1660 2015 1900 2084 blasphe-

330 2127 504 2171 mam,
556 2111 935 2179 repudiantem
985 2108 1357 2179 adjectionem.
1403 2104 1795 2174 Antiquitatis,
1845 2112 1901 2156 et

332 2204 533 2271 rigoris
558 2203 898 2255 tenacissima
923 2200 1164 2255 Romana
1194 2198 1437 2254 Ecclesia
1457 2198 1798 2267 adjectionem
1832 2196 1901 2247 ad

332 2292 640 2364 Symbolum
702 2309 809 2346 non
862 2293 1223 2355 admittebat;
1303 2290 1465 2344 fidem
1531 2288 1901 2358 processionis

331 2398 495 2440 etiam
523 2402 556 2437 a
586 2382 728 2437 Filio
766 2384 1206 2438 constantissime
1242 2382 1622 2451 profitebatur,
1661 2380 1901 2435 vindiea-

334 2476 577 2544 batqne;
611 2478 857 2544 adeoque
882 2484 938 2528 et
970 2474 1099 2527 illud
1142 2474 1575 2526 additamentum
1610 2472 1821 2526 caeteris
1847 2474 1900 2526 in

336 2568 617 2629 Eeclesiis,
650 2583 771 2636 qua:
814 2565 946 2620 illud
984 2577 1337 2634 receperant,
1374 2580 1497 2618 cum
1526 2564 1579 2618 id
1620 2566 1686 2618 ad
1728 2564 1903 2619 ecclec

336 2661 614 2715 siastieam
656 2658 949 2727 pertineret
981 2658 1347 2727 disciplinam.
1382 2659 1667 2725 tolerabat,
1701 2672 1903 2727 easque

336 2754 764 2823 transgressionis
792 2761 978 2804 centra
1012 2753 1247 2803 divinum
1276 2752 1487 2805 verbum
1521 2751 1905 2805 condemnavit

337 2861 642 2914 nunquam.
708 2842 968 2897 Confieta:
1019 2843 1297 2898 Pltotianae
1350 2843 1596 2911 epistolae
1640 2850 1904 2898 consonat

335 2938 764 2994 conciliabulum'
800 2935 1442 3006 ConstantinOpolitanum
1496 2936 1692 2990 eodem
1757 2951 1905 2990 anno

333 3031 438 3087 879
464 3033 819 3093 celebratum,
848 3039 907 3082 ut
935 3028 1112 3082 fertur
1138 3045 1150 3081 :
1183 3030 1331 3099 quod
1355 3038 1596 3084 attamen
1622 3030 1691 3084 ab
1710 3029 1905 3084 eodem

337 3123 533 3177 Pbotio
594 3123 802 3190 pariter
840 3120 1133 3175 eonfictum
1161 3161 1177 3187 ,
1214 3131 1307 3174 aut
1340 3133 1487 3176 certe
1515 3122 1788 3184 falsatum,
1825 3121 1906 3176 in-

339 3218 482 3270 victe
512 3214 848 3269 demonstrat
868 3215 1126 3281 singulari
1151 3215 1205 3267 in
1227 3218 1398 3284 Opere
1421 3213 1951 3284 Allatius.Legato-f

336 3322 458 3362 rum
486 3307 700 3361 concilii
725 3308 1180 3378 Aquisgranensis
1212 3308 1558 3362 Collationem
1578 3322 1700 3361 cum
1721 3305 1904 3362 Leone

334 3401 401 3455 111
470 3400 728 3470 pontifice
791 3400 970 3455 recole
1032 3401 1209 3471 capite
1278 3402 1566 3470 superiore
1660 3417 1816 3455 num.
1870 3401 1903 3455 4

333 3506 390 3551 et
424 3496 479 3550 5.

405 3587 620 3641 Ludunt
681 3587 936 3642 eumdem
996 3587 1221 3641 Photius
1255 3586 1395 3641 ludit
1451 3587 1504 3639 in
1562 3586 1791 3656 epistola
1836 3587 1904 3641 ad

330 3679 812 3749 archiepiscopum
839 3679 1247 3749 Aquileiensem,
1292 3696 1397 3749 qua
1445 3684 1510 3733 ad
1546 3680 1703 3732 aliam
1736 3678 1905 3733 veluti

333 3770 439 3824 sibi
470 3773 539 3823 ab
564 3784 631 3823 eo
660 3772 843 3824 datam
868 3772 1184 3841 respondet.
1222 3771 1409 3825 Refert
1437 3771 1557 3824 cani
1588 3768 1780 3824 Latine
1804 3769 1904 3823 Ba-

335 3864 544 3927 ronius,
582 3862 647 3916 ad
696 3878 898 3915 annum
934 3864 1058 3928 883,
1108 3879 1261 3917 num.
1298 3863 1363 3929 5;
1393 3861 1586 3917 Latine
1614 3872 1672 3917 et
1716 3862 1904 3917 Grates

331 3956 695 4008 (Jombclisius
734 3955 787 4008 in
821 3955 1070 4009 Auctario
1126 3956 1424 4019 novissimo,
1476 3970 1597 4025 pag.
1638 3953 1763 4009 527.
1806 3954 1905 4009 La-

334 4047 476 4102 tiore
531 4063 632 4101 nos
686 4048 897 4116 egimus
946 4048 1012 4102 de
1045 4063 1109 4102 ea
1139 4064 1392 4104 sermone
1439 4049 1493 4102 in
1549 4047 1904 4102 Monumentis

334 4137 586 4193 Ecclesia:
637 4139 999 4209 Aquileiensis,
1036 4141 1213 4209 capite
1262 4141 1351 4203 50,
1398 4155 1550 4193 num.
1613 4140 1667 4202 5,
1727 4139 1906 4207 deque

332 4231 511 4287 Photii
566 4234 840 4288 vaferrimi
893 4235 1133 4288 hominis
1184 4235 1375 4288 fraude
1419 4232 1786 4303 suspicionem
1823 4235 1905 4284 in-

329 4327 619 4396 gessimus.
647 4324 715 4380 Ut
762 4339 820 4380 nt
848 4342 967 4382 Sese
1003 4343 1088 4381 res
1133 4328 1348 4389 habeat,
1375 4327 1661 4395 pontifices
1706 4324 1905 4378 Roma-

330 4434 431 4473 nos
487 4422 556 4473 ita
612 4422 681 4473 ab
734 4421 1096 4472 additamenta
1154 4419 1359 4471 alienos
1416 4417 1657 4478 exhibet.
1691 4427 1752 4469 nt
1808 4429 1903 4469 eos

325 4510 489 4563 etiam
542 4514 910 4581 processionis
944 4527 972 4563 a
1028 4511 1147 4563 solo
1199 4510 1355 4563 i’atre
1406 4509 1653 4563 vindices
1701 4507 1899 4572 faciat;

325 4602 570 4669 aliosque
629 4601 836 4655 Latinae
885 4601 1144 4656 Ecclesia:
1200 4601 1489 4669 episcopos
1544 4598 1749 4669 indicat
1783 4608 1894 4650 tum
1929 4619 1974 4674 υ

323 4694 692 4763 processimus
726 4712 757 4746 a
794 4693 958 4747 Patre
1006 4704 1055 4746 et
1097 4712 1128 4746 a
1170 4691 1310 4746 Filio
1363 4689 1723 4760 professores,
1784 4698 1896 4741 tum

324 4797 578 4841 auctores
606 4787 975 4839 additamenti.
1017 4784 1071 4836 Id
1101 4798 1230 4836 vero
1270 4782 1545 4853 Colligitur
1593 4780 1743 4844 inde,
1792 4779 1900 4833 Ro-

323 4894 537 4932 manam
589 4877 886 4932 Ecclesiam
938 4874 1254 4946 Symbolum
1303 4888 1425 4926 eum
1466 4887 1599 4928 voce
1656 4870 1901 4943 Filioque

321 4988 384 5026 ea
414 4981 593 5033 astate,
640 4973 756 5039 ipso
788 4969 984 5023 l’hotio
1036 4977 1193 5027 teste,
1230 4980 1337 5019 non
1380 4966 1660 5020 recitasse.
1717 4964 1895 5018 l'hotii

322 5064 488 5117 verba
524 5064 735 5115 refero;
775 5079 794 5111 ι
853 5059 1111 5114 Pervenit
1154 5057 1221 5111 ad
1260 5066 1478 5111 nostras
1526 5071 1709 5122 aures,
1751 5056 1896 5125 quod

322 5154 572 5208 nonnulli
604 5150 1065 5215 Occidentalium,
1101 5149 1349 5203 divinum
1382 5163 1447 5202 ac
1485 5148 1894 5202 sanctissimum

323 5246 589 5315 Spiritum
620 5260 723 5299 non
752 5243 925 5297 solum
959 5257 1025 5295 ea:
1053 5242 1163 5296 Deo
1210 5253 1257 5294 et
1289 5239 1472 5304 Patre,
1506 5255 1696 5295 verum
1732 5238 1895 5295 etiam

321 5338 480 5406 203
499 5352 563 5390 ea:
595 5334 733 5391 Filio
753 5335 1050 5404 procedere
1078 5349 1211 5387 novo
1241 5334 1487 5405 dogmate
1516 5332 1894 5387 introducunt.

322 5429 421 5496 (Ita
453 5428 660 5481 scilicet
691 5429 768 5481 ait
805 5426 1261 5481 mendacissimus
1291 5426 1500 5495 homo.)
1531 5424 1662 5491 Leo,
1698 5424 1897 5478 Roma-

323 5535 427 5572 nus
475 5512 743 5588 pontifex,
774 5528 887 5572 tum
941 5516 1129 5572 senior
1167 5516 1256 5590 (ll)
1290 5526 1520 5588 tumque
1552 5533 1747 5571 rursus
1801 5517 1896 5588 qui

321 5610 475 5662 illum
533 5620 757 5665 secutus
796 5620 881 5664 est
918 5609 1032 5665 Leo
1066 5611 1255 5680 junior
1300 5608 1484 5679 (Ill)...
1524 5607 1621 5663 Hic
1673 5608 1897 5679 pietatis

319 5701 543 5755 ferrens
574 5707 878 5769 minutator,
935 5714 994 5759 ut
1042 5706 1194 5759 nullo
1256 5712 1438 5774 pacto,
1476 5703 1712 5757 barbaro
1751 5702 1892 5756 idio-

321 5806 489 5856 mate,
536 5796 855 5852 intemerata
898 5810 1096 5853 nostrae
1131 5798 1254 5852 fidei
1304 5797 1485 5866 regula
1515 5810 1897 5864 corrumpere-

325 5895 436 5951 tur,
467 5887 648 5943 Cratca
675 5891 879 5961 lingua,
919 5902 975 5944 ut
1013 5902 1067 5946 et
1100 5908 1127 5945 a
1171 5890 1443 5961 principio
1479 5890 1678 5943 dictata
1714 5888 1894 5943 fuerat

2002 636 2401 705 praedicandam
2433 635 2674 689 divinam
2707 644 3064 703 sanctamque
3108 635 3429 692 Trinitatem
3464 647 3577 693 tra-

2000 729 2155 783 dulit.
2190 728 2377 797 Neque
2418 727 2471 782 id
2520 729 2685 783 verbo
2733 728 2907 782 solum
2938 743 3001 782 ac
3036 727 3285 797 jussione
3312 770 3328 795 ,
3377 745 3571 785 verum

2002 822 2165 876 etiam
2196 821 2524 889 quibusdam
2559 820 2819 873 ancilibus
2858 819 3005 875 velut
3039 819 3214 875 titulis
3236 861 3253 885 ,
3293 822 3575 877 columna-

2006 929 2125 967 rutn
2152 928 2323 979 more,
2351 913 2656 967 inscribens
2687 913 2753 966 ad
2787 912 2937 967 fores
2960 912 3219 969 Ecclesia:
3243 912 3411 969 albxit
3434 955 3450 970 .
3481 954 3495 970 .
3517 954 3534 969 .
3556 953 3573 969 .

2002 1020 2070 1059 ne
2104 1022 2341 1069 unquam
2377 1005 2458 1058 via
2483 1012 2628 1058 esset
2657 1043 2670 1058 .
2697 1042 2709 1056 .
2750 1042 2765 1057 .
2810 1043 2824 1057 .
2858 1004 3082 1057 alteram
3115 1014 3313 1073 praeter
3331 1005 3571 1073 Patrem,

2004 1097 2241 1165 Spiritus
2289 1113 2529 1157 causam,
2585 1094 2781 1149 Filium
2833 1094 3146 1149 invehendt.
3186 1115 3204 1147 ο
3259 1095 3407 1151 Nova
3463 1115 3570 1153 non

2002 1198 2118 1243 erat
2171 1199 2327 1243 aetate
2384 1190 2558 1242 Photii
2623 1192 2836 1243 invecta
2891 1188 2960 1241 ab
3008 1188 3452 1246 Occidentalibus
3505 1194 3572 1247 de

2002 1279 2233 1351 Spiritus
2263 1282 2429 1335 sancti
2472 1299 2502 1334 a
2556 1279 2716 1335 Patre
2740 1291 2788 1334 et
2834 1298 2865 1334 a
2906 1279 3046 1336 Filio
3084 1298 3286 1350 process
3316 1301 3412 1336 une
3448 1300 3575 1339 seu-

2009 1373 2173 1427 tentia
2205 1388 2220 1426 :
2262 1373 2371 1426 imo
2404 1372 2597 1441 dogma
2631 1382 2715 1426 est
2742 1371 2866 1425 fidei
2907 1374 3190 1429 eatholicm
3216 1414 3231 1435 ,
3263 1373 3569 1445 Scriptura—

2010 1481 2129 1519 rum
2159 1465 2483 1517 auctoritate
2524 1463 2816 1529 munitum,
2851 1479 2913 1517 ac
2944 1465 3169 1530 perenni
3205 1465 3423 1519 Patroni
3461 1477 3539 1519 tra

2006 1558 2236 1612 ditione.
2269 1557 2378 1609 Leo
2413 1555 2502 1615 Ill.
2532 1554 2675 1623 quod
2712 1570 2738 1605 a
2775 1556 3073 1624 ritapii'ibus
3105 1568 3390 1626 aeeeperat
3418 1601 3432 1623 ,
3461 1561 3576 1611 sine

2008 1650 2367 1704 additamenta
2429 1649 2746 1721 Synilml'iii
2798 1648 3140 1702 custodiebat
3183 1667 3195 1703 :
3252 1652 3576 1721 ferebatque

2007 1758 2149 1812 nigro
2182 1742 2388 1808 anin‘io,
2421 1756 2549 1796 voce
2585 1742 2671 1793 illa
2701 1732 2910 1810 adjecta
2946 1738 3262 1811 Symbolum
3294 1743 3575 1797 decantart

2008 1834 2354 1887 aGallicanis
2402 1833 2705 1902 episcopis;
2745 1847 2923 1900 neque
2972 1841 3154 1887 tamen
3208 1835 3350 1901 illus,
3382 1853 3445 1891 ac
3474 1835 3573 1890 Ili-

1932 1918 1969 1970 3
2000 1942 2219 1994 spanos,
2274 1927 2599 1994 ltalicosque
2651 1926 2705 1979 in
2756 1942 2925 1996 regno
2988 1924 3155 1980 italiae
3216 1930 3578 1998 reprehendit

2006 2035 2265 2088 unquam,
2297 2020 2463 2074 veluti
2502 2020 2832 2073 intemerata:
2870 2030 3064 2074 nostra:
3086 2020 3210 2088 fidei
3237 2024 3432 2092 regula:
3456 2041 3577 2077 cor-

2004 2120 2264 2179 ruptores.
2313 2110 2393 2164 Ad
2439 2109 2868 2165 ecclesiasticam
2909 2110 3254 2179 disciplinam
3287 2128 3373 2166 res
3411 2118 3578 2182 perti-

2002 2212 2095 2256 net
2126 2222 2139 2257 :
2190 2202 2593 2273 placuissetque
2635 2201 2909 2266 Pontifici,
2946 2209 3004 2255 ut
3042 2204 3190 2273 rigor
3222 2204 3375 2275 legis,
3407 2221 3571 2274 quem

2003 2296 2246 2350 Romana
2301 2297 2634 2367 sequebatur
2672 2296 2947 2361 Ecclesia,
2991 2296 3050 2349 in
3087 2296 3209 2355 aliis
3247 2314 3469 2368 quoque
3498 2300 3579 2353 vi-

2004 2398 2178 2458 geret.
2498 2440 2503 2447 .

2078 2479 2151 2535 De
2185 2481 2552 2536 inemoratisa
2581 2479 2778 2537 Pbotio
2824 2481 3081 2537 ancilibus
3114 2482 3404 2538 certiorem
3447 2498 3578 2554 snp-

2005 2572 2215 2641 pcditat
2240 2574 2487 2627 notitiam
2521 2573 2844 2630 Anastasius
2883 2574 3343 2629 Bibliothecarius
3370 2575 3426 2629 in
3454 2576 3573 2631 Vita

2006 2662 2206 2718 Leonis
2239 2662 2328 2726 111,
2354 2679 2507 2717 num.
2546 2664 2671 2727 410.
2719 2667 2771 2719 in
2817 2665 3062 2721 editione
3101 2663 3383 2720 Francisci
3419 2665 3579 2720 Blan-

2006 2755 2176 2809 chinii
2211 2772 2224 2806 :
2268 2772 2286 2806 ι
2326 2756 2426 2809 llic
2459 2771 2588 2809 vero
2630 2756 2951 2826 (inquiens),
2981 2774 3075 2825 pro
3104 2772 3286 2811 amore
3311 2767 3361 2810 et
3392 2767 3576 2812 caute-

2008 2847 2060 2900 fa
2095 2848 2396 2901 orthodoxa:
2422 2848 2567 2915 ﬁdei,
2589 2848 2720 2904 fecit
2752 2858 2904 2903 scuta
2931 2860 3185 2920 argentea
3209 2850 3342 2913 duo,
3367 2853 3573 2921 scripta

2007 2953 2239 3010 utraque
2271 2941 2551 3009 Symbolo,
2584 2956 2751 2994 unum
2777 2941 3001 3010 quidem
3047 2941 3236 2997 litteris
3266 2944 3488 3009 Gra'cis,
3520 2956 3580 2999 et

2005 3034 2152 3089 aliud
2217 3034 2444 3088 Latinis.
2489 3052 2508 3083 ι
2580 3034 2838 3101 Magister
2906 3034 3313 3090 Sententiarum
3388 3033 3579 3093 Petrus

2007 3124 2357 3189 Lombardus,
2388 3140 2549 3194 quem
2597 3126 2863 3180 Batonius
2912 3125 3097 3181 laudat
3152 3128 3221 3182 ad
3257 3143 3401 3181 ann.
3448 3129 3578 3195 809,

2012 3232 2157 3271 num.
2191 3216 2281 3283 62,
2316 3233 2429 3272 rem
2465 3218 2604 3270 hanc
2636 3218 2721 3272 his
2756 3218 2936 3272 verbis
2973 3228 3161 3274 narrat
3204 3218 3349 3274 libro
3384 3234 3400 3274 ι
3441 3219 3581 3274 Sen-

2008 3310 2313 3374 tentiarum,
2356 3308 2483 3363 dist.
2526 3310 2586 3364 H
2622 3326 2684 3362 ιι
2719 3309 2943 3366 Addunt
2987 3308 3161 3366 Graeci
3195 3313 3262 3366 ad
3318 3314 3581 3369 assertio-

2007 3415 2135 3455 nem
2166 3416 2277 3455 sua:
2305 3402 2578 3470 opinionis
2612 3440 2626 3454 .
2673 3439 2685 3454 .
2713 3440 2728 3455 .
2765 3439 2780 3456 .
2808 3405 2951 3471 quod
2980 3402 3092 3458 Leo
3116 3403 3182 3459 111
3209 3405 3396 3461 Roma:
3426 3414 3581 3461 tran-

2007 3493 2272 3562 scriptum
2335 3493 2699 3563 (Symbolum)
2770 3494 2826 3548 in
2885 3496 3064 3550 tabula
3109 3507 3389 3567 argentea,
3457 3511 3581 3568 post

2008 3585 2178 3640 altare
2231 3588 2378 3639 beati
2416 3587 2564 3640 Pauli
2617 3588 2789 3655 posita
2837 3586 2972 3657 (imo
3021 3588 3078 3642 in
3112 3588 3338 3645 Basilica
3400 3593 3576 3644 sancti

2007 3675 2199 3745 Petri),
2230 3679 2465 3747 posteris
2488 3678 2750 3745 reliquit:
2782 3694 2879 3748 pro
2906 3694 3109 3741 amore.
3144 3691 3202 3735 ut
3243 3683 3355 3751 ipse
3393 3683 3494 3748 ait,
3530 3693 3582 3736 et

2006 3768 2218 3822 cautela
2246 3770 2372 3837 ﬁdei
2427 3770 2748 3824 orthodoxae.
2782 3770 2839 3824 in
2882 3786 2993 3840 quo
3021 3771 3242 3840 quidem
3295 3774 3578 3844 Symbolo.

2006 3860 2063 3912 in
2091 3861 2417 3927 processione
2440 3856 2855 3929 Spiritus,solus
2871 3872 3331 3917 commemoratur
3356 3864 3539 3921 Pater.
3556 3886 3574 3916 ο

2006 3948 2283 4005 Cautelam
2316 3950 2440 4003 tidei
2469 3950 2788 4006 orthodoxa:
2826 3965 2935 4006 non
2976 3951 3052 4006 ita
3089 3951 3365 4023 intelligas
3390 3995 3406 4019 ,
3437 3970 3503 4010 ac
3529 3960 3576 4009 si

2006 4039 2118 4094 Leo
2146 4040 2387 4109 pontifex
2420 4040 2661 4110 dogmati
2706 4041 2981 4097 catholico
3020 4044 3295 4098 dissonum
3324 4045 3584 4104 crederet

2008 4134 2416 4202 processionem
2442 4149 2472 4187 a
2497 4133 2659 4189 Patre
2690 4143 2748 4190 et
2779 4153 2810 4190 a
2851 4136 3014 4203 Filio.
3037 4136 3185 4203 Quin
3220 4138 3333 4194 imo
3360 4140 3414 4193 in
3447 4139 3577 4194 Col-

2007 4224 2213 4279 latione
2238 4240 2363 4279 eum
2408 4226 2602 4295 synodi
2634 4226 3091 4297 Aquisgranensis
3119 4230 3316 4300 legatis
3344 4232 3576 4301 profite-

2004 4316 2166 4371 batur
2198 4334 2212 4371 :
2261 4317 2349 4372 lto
2377 4319 2544 4373 sentio
2573 4318 2836 4389 Spiritum
2870 4337 2900 4375 a
2949 4320 3107 4378 Patre
3137 4334 3192 4378 et
3216 4340 3246 4379 a
3278 4323 3417 4379 Filio
3444 4341 3575 4395 pro-

2004 4408 2221 4467 cedere.
2240 4407 2623 4477 iuquiens;ita
2652 4420 2800 4465 teneo
2826 4427 2959 4469 cum.
2979 4414 3218 4468 omnibus
3248 4418 3579 4479 auctoribus,

2003 4507 2052 4555 et
2081 4514 2249 4554 sacrm
2280 4499 2570 4569 Scriptura
2605 4504 3030 4559 auctoritatibus.
3080 4506 3140 4561 Si
3186 4509 3301 4578 quis
3330 4509 3490 4563 aliter
3515 4511 3583 4563 de

2002 4592 2100 4644 liae
2123 4608 2179 4645 re
2203 4595 2400 4647 sentire
2424 4595 2501 4647 vel
2526 4597 2710 4649 docere
2737 4599 2957 4651 uoluerit
2976 4637 2993 4663 ,
3031 4599 3252 4669 defendo
3286 4602 3577 4670 (inhibent.

2004 4684 2073 4739 Et
2108 4688 2210 4740 nisi
2250 4702 2526 4742 conversus
2569 4690 2748 4759 fuerit.
2778 4698 2829 4743 et
2859 4693 3143 4745 secundum
3175 4695 3315 4747 hunc
3358 4710 3578 4749 sensum

2002 4786 2176 4830 tenere
2193 4777 2433 4842 uttluerit,
2456 4782 2727 4834 contraria
2750 4783 3059 4837 sentientem
3090 4784 3328 4853 funditus
3358 4788 3577 4856 obiicio.

1999 4868 2164 4941 204
2195 4870 2264 4924 Se
2293 4871 2527 4939 funditus
2558 4872 2819 4941 abjectunt
2871 4876 3086 4930 noverit
3124 4876 3376 4942 Phorius,
3399 4877 3581 4948 fundi-

2002 4973 2185 5032 tusque
2210 4963 2438 5033 abjectos
2497 4966 2751 5019 noverint
2797 4980 2917 5021 sese
2961 4965 3134 5022 Graeci
3166 4967 3447 5035 PhOtiani,
3502 4972 3580 5026 δυ

2001 5054 2121 5124 ipso
2173 5053 2357 5110 Leone
2404 5054 2495 5119 111.
2553 5072 2715 5125 quem
2751 5057 2914 5111 Veluti
2946 5059 3046 5113 sibi
3082 5060 3358 5117 faventem
3415 5062 3579 5118 nobis

2000 5158 2303 5218 opponunt.
2337 5147 2413 5203 Eo
2440 5164 2604 5203 sensu
2653 5150 2919 5204 cautelam
2954 5151 3092 5220 {ﬁdei
3142 5156 3450 5210 orthodoxa
3479 5171 3578 5212 ex-

2000 5240 2204 5309 pressit
2235 5242 2574 5302 Anastasius.
2607 5246 2665 5293 ut
2703 5239 2905 5296 Leonis
2942 5258 3098 5297 mens
3132 5245 3296 5313 foret,
3334 5246 3573 5302 liberum

2002 5331 2196 5400 cuique
2238 5347 2344 5384 non
2395 5345 2513 5385 esse
2556 5331 2623 5384 ad
2668 5332 2983 5402 Symbolum
3022 5334 3225 5393 addere
3267 5339 3574 5410 quidpiam.

2004 5424 2084 5478 vel
2119 5424 2393 5494 quidpiam
2419 5440 2483 5479 es
2536 5439 2604 5478 eo
2638 5425 2887 5480 minuere
2916 5442 2930 5489 ;
2971 5442 3040 5481 ne
3073 5426 3386 5498 hujusmodi
3416 5432 3578 5486 addi-

2000 5517 2263 5578 tionibus,
2295 5524 2389 5569 aut
2413 5517 2808 5571 minutionibus
2841 5519 3120 5587 quidpiam
3151 5532 3244 5577 aut
3274 5518 3570 5593 irreperet,

1999 5617 2092 5663 aut
2116 5609 2418 5673 tolleretur,
2453 5610 2598 5678 quod
2650 5609 2809 5676 [idem
2852 5612 3196 5705 orthodqxam
3235 5616 3479 5680 lmderet,
3516 5626 3575 5672 et

1999 5710 2395 5763 corrumperet.

2065 5793 2131 5858 ll.
2171 5792 2216 5847 Α
2247 5790 2445 5846 saaculo
2474 5806 2620 5845 nono
2668 5791 2735 5845 ad
2766 5794 2993 5850 alteram
3028 5806 3249 5853 transeo
3286 5799 3567 5856 undecimi

1998 5880 2181 5941 saeculi
2222 5883 2569 5938 medietatem
2597 5899 2612 5937 :
2654 5885 2973 5956 interpolato
3003 5886 3266 5958 ,δυηιιοιο
3296 5889 3568 5947 Constan-
