3852 6478
233 417 322 480 201

1363 410 1560 473 VITA.
1606 431 1675 442 -··
1713 406 2222 468 DISSERTATIO
2259 407 2337 468 lI.

3371 403 3478 462 iU.’

235 531 589 602 tinopolitano.
643 529 758 586 sive
813 527 1080 600 particula
1142 523 1388 594 Filioque
1437 530 1618 585 aucto,
1677 501 1796 574 sine
1828 517 2198 583 AAchridani
2269 518 2508 588 Epistola
2561 519 2631 571 ad
2689 517 2952 572 Joannem
3006 515 3047 570 Τ
3052 533 3326 571 ranensem
3384 517 3478 586 (in

234 626 389 680 dubio
433 625 690 679 utebatur
741 624 848 677 hoc
911 633 1156 691 tempore
1199 617 1441 672 Ecclesia
1481 615 1729 669 Romana
1775 630 1788 665 :

235 715 452 778 indeque
479 713 794 767 schismatis
825 710 1122 766 innovandi
1185 716 1508 779 praetextum
1559 701 1797 771 sumpsit

235 805 449 860 Michael
474 804 813 860 Cerularius.
835 805 1119 860 Thronum
1149 803 1194 856 is
1217 796 1632 870 patriarchalem
1650 794 1794 849 Con-

234 896 768 966 stantinopolitanum
804 910 950 950 anno
998 893 1134 948 1045
1176 888 1516 947 conscendit.
1550 883 1792 966 Dissidii,

233 989 365 1058 quod
403 988 720 1044 incenderat
750 987 1000 1050 Photius,
1035 985 1328 1040 manebant
1363 981 1614 1038 scintilla:
1649 981 1796 1035 inter

233 1082 485 1136 Graecos:
527 1080 962 1149 erumpebatque
1001 1077 1142 1149 ignis
1192 1075 1336 1130 datis
1387 1071 1791 1130 occasionibus.

236 1175 300 1228 De
346 1173 584 1242 Spiritus
628 1171 800 1227 sancti
831 1171 1182 1240 processione
1223 1169 1588 1236 disceptatum
1626 1164 1796 1220 fuisse

232 1265 436 1319 decimo
465 1264 664 1318 saeculo
712 1263 991 1330 inchoato,
1024 1265 1186 1318 docet
1225 1276 1325 1315 nos
1360 1259 1646 1320 Heriveus,
1685 1257 1794 1312 Re-

234 1355 426 1410 mensis
482 1355 979 1424 archiepiscopus;
1041 1353 1094 1407 in
1175 1351 1496 1422 provinciali
1561 1348 1796 1405 concilio

234 1448 538 1503 TrosIciano
570 1463 716 1503 anno
748 1448 853 1504 909
884 1449 1180 1512 celebrato,
1230 1447 1408 1516 capite
1433 1445 1522 1514 ,14
1557 1447 1673 1500 haec
1701 1443 1797 1497 ha-

235 1540 423 1594 bentur
453 1556 467 1592 :
511 1559 530 1592 (
563 1539 809 1594 lnnotuit
842 1539 1215 1611 (significavit)
1237 1538 1399 1592 nobis
1427 1543 1614 1592 sancta
1637 1535 1797 1590 sedes

233 1631 540 1700 apostolica,
610 1631 792 1686 adhuc
828 1645 1048 1686 errores
1104 1628 1582 1700 hlasphemiasque
1615 1629 1798 1695 cujus-

233 1723 344 1777 dam
376 1724 562 1793 vigere
593 1723 773 1778 Photii
801 1722 854 1777 in
883 1723 1132 1792 partibus
1155 1720 1398 1777 Orientis
1435 1720 1491 1774 in
1533 1717 1796 1788 Spiritum

231 1827 481 1878 sanctum,
519 1815 669 1886 quod
715 1832 818 1870 non
872 1834 904 1870 a
939 1814 1103 1882 Filio,
1155 1816 1256 1870 nisi
1302 1831 1335 1867 α
1374 1812 1536 1867 Patre
1585 1820 1795 1867 tantum

1899 609 2118 680 Apulia)
2149 609 2784 682 episcopumrcalnmnias,
2808 624 2929 678 qua:
2957 609 3258 664 Romanam
3294 609 3347 662 in
3385 607 3484 661 Ec-

1896 703 2121 758 clesiam
2154 701 2429 768 feruntur,
2454 719 2607 755 usum
2629 701 2805 773 azymi
2835 710 3106 771 spectant,
3128 712 3185 756 et
3209 703 3480 772 jejunium

1900 795 2401 864 Sabbati,itemque
2436 797 2809 866 suffocatorum
2835 799 3224 859 comestionem,
3257 806 3310 852 et
3341 797 3486 850 Alle-

1901 886 2012 940 luia
2085 887 2138 940 in
2195 887 2619 958 Quadragesinta
2666 906 2770 942 non
2801 889 3165 944 decantalum.
3209 889 3484 960 Integram

1902 966 2173 1034 Baro'nius
2195 981 2476 1049 epistolam
2510 982 2676 1036 refert
2707 983 2776 1038 ad
2811 999 3016 1038 annum
3042 983 3481 1048 1055,num.23.

1904 1069 2182 1139 Scriptum
2217 1069 2383 1125 etiam
2416 1070 2666 1125 ediderat
2693 1071 2884 1126 Niceta
2923 1073 3247 1137 monachus,
3286 1074 3338 1126 in
3372 1089 3484 1142 quo

1897 1160 2072 1214 sedem
2103 1161 2449 1230 apostolicam
2483 1163 2770 1217 incusabat
2794 1164 2857 1218 dc
2891 1182 3100 1236 azyma,
3141 1167 3206 1220 de
3251 1165 3484 1221 Sabbutn

1900 1261 1950 1305 et
1977 1251 2041 1305 de
2083 1253 2281 1320 nuptiis
2312 1253 2666 1307 sacerdotum.
2699 1253 2938 1309 Consule
2995 1254 3487 1311 Commemoratio-

1900 1356 2027 1396 nem
2065 1357 2251 1396 rerum
2287 1357 2316 1396 a
2349 1342 2546 1412 legatis
2570 1344 2886 1414 apostolicae
2921 1347 3068 1400 sedis
3095 1345 3486 1401 Constantino-

1899 1434 2012 1503 poli
2037 1444 2311 1504 gestarum
2333 1435 2386 1490 in
2421 1435 2712 1491 Labbeana
2745 1416 3119 1493 Conziliorum
3139 1438 3482 1493 collectione.

1900 1526 2040 1582 Hinc
2070 1527 2356 1583 Wibertus
2401 1528 2460 1582 in
2507 1529 2631 1584 Vita
2673 1529 2874 1586 Leonis
2915 1529 3007 1594 IX,
3059 1532 3200 1602 apud
3238 1531 3487 1586 Mabillo—

1901 1615 2051 1670 nium
2099 1617 2246 1673 inter
2279 1619 2435 1673 ‘Acta
2491 1617 2812 1674 Sanctorum
2869 1621 3082 1678 ordinis
3143 1622 3481 1678 Benedictini

1901 1721 2048 1768 mota
2091 1713 2160 1768 ab
2217 1713 2368 1770 hisce
2409 1715 2615 1772 Graecis
2661 1716 2887 1773 dissidia
2939 1733 3194 1779 narrans.
3251 1717 3392 1772 libro
3420 1731 3482 1781 ιι,

1899 1808 2080 1878 capite
2117 1809 2170 1875 9,
2225 1811 2304 1866 sic
2337 1812 2413 1866 ait
2446 1831 2459 1865 :
2497 1811 2578 1867 Ea
2622 1822 2926 1884 tempestate
2966 1823 3084 1868 orta
3137 1823 3212 1868 est
3272 1815 3483 1868 Incresis
3577 1860 3581 1864 .

231 1907 494 1975 procedat,
528 1907 978 1976 blasphemantis.
1016 1906 1310 1961 Hortamur
1345 1916 1580 1960 vestram
1604 1903 1801 1959 frater—
1829 1879 1876 1940 Β
1907 1900 2424 1970 Fermentaceorum,
2457 1922 2574 1976 qua:
2615 1906 2978 1960 calumniatur
3013 1916 3257 1961 sanctam
3291 1905 3485 1960 Roma-

233 2001 468 2062 nitatem,
499 2009 560 2053 ut
615 2001 919 2055 secundum
969 1998 1412 2054 admonitionem
1459 1996 1663 2052 domini
1693 1995 1800 2049 Ro-

156 2128 162 2133 -
233 2108 395 2146 πωπω
437 2093 576 2145 sedis
615 2091 841 2162 (Sergii)
903 2092 1102 2162 singuli
1158 2099 1445 2154 nostrum,
1497 2088 1800 2160 perspectis

233 2183 442 2238 Patrum
495 2184 898 2240 catholicorum
943 2183 1264 2250 sententiis,
1322 2183 1388 2238 de
1420 2183 1619 2238 divinze
1654 2181 1799 2237 Scri-

235 2281 397 2342 ptura:
416 2275 691 2344 pharetris
714 2285 899 2331 acutas
926 2277 1270 2347 proferamus
1290 2276 1513 2347 sagittas
1537 2276 1796 2345 potentis,

238 2367 296 2420 ad
330 2367 750 2422 confodieudam
803 2368 1040 2424 belluam
1087 2367 1316 2424 monstri
1354 2367 1716 2434 renascentis,
1746 2377 1802 2423 et

235 2461 294 2514 ad
325 2460 720 2516 conterendum
749 2471 913 2532 caput
947 2461 1271 2532 nequissimi
1303 2461 1594 2532 serpentis.
1636 2479 1654 2514 ι

297 2553 488 2608 Sedem
522 2551 1186 2623 Constantinopolitanam
1216 2567 1363 2607 anno
1413 2551 1550 2607 1024
1581 2551 1804 2622 regebat

233 2642 547 2698 Eustathius
580 2664 592 2697 :
631 2643 961 2713 tenebatque
1017 2658 1291 2698 summum
1328 2640 1586 2696 Ecclesia:
1619 2642 1802 2711 ponti-

235 2737 441 2790 ﬁcatum
469 2736 712 2792 Joannes
738 2734 880 2790 XIX.
927 2735 1170 2789 Titulum
1216 2734 1531 2789 universalis
1559 2735 1800 2804 patriar-

233 2829 333 2882 cha:
365 2830 688 2898 requirebat
710 2829 821 2893 ille,
849 2837 1034 2883 erecto
1059 2828 1242 2882 animo
1266 2828 1484 2898 negavit
1503 2829 1625 2882 iste.
1649 2827 1802 2897 [lngo

233 2920 393 2975 abbas
421 2919 852 2976 Flaviniacensis
907 2919 1024 2974 hzcc
1078 2919 1244 2973 habet
1291 2918 1346 2972 in
1382 2917 1643 2974 Chronico
1683 2917 1800 2971 Vir-

233 3014 449 3066 duuensi
482 3013 549 3067 ad
583 3013 838 3068 eumdem
866 3027 1069 3066 annum
1095 3011 1238 3082 apud
1268 3011 1544 3066 Labbeum
1576 3011 1628 3064 in
1653 3010 1801 3065 Nova

232 3104 546 3160 Bibliotheca
571 3145 586 3169 ,
632 3105 829 3160 tomol
869 3123 884 3162 :
927 3104 1160 3159 Joannes
1187 3104 1353 3176 (XIX)
1391 3105 1668 3158 ordinatus
1701 3113 1796 3158 est.

233 3201 269 3252 Α
301 3217 395 3269 quo
425 3215 543 3252 cum
568 3198 872 3268 requisisset
910 3195 1529 3267 Constantinopolitanus
1556 3199 1795 3263 antistes,

234 3301 284 3343 ut
312 3309 406 3345 sua
442 3291 706 3354 Ecclesia,
737 3292 870 3344 sient
899 3300 948 3343 et
974 3290 1238 3354 Romana,
1267 3289 1583 3344 universalis
1606 3291 1802 3343 dicere-

233 3389 346 3445 tur;
378 3390 426 3433 et
454 3382 604 3434 donis
635 3397 777 3443 eum,
803 3379 1172 3449 Romanosque
1206 3381 1294 3441 qui
1325 3381 1486 3434 curia:
1509 3389 1797 3445 pra’eraut,

229 3473 513 3526 innumeris
541 3476 793 3543 ﬂecteret,
827 3475 901 3525 ita
933 3483 986 3526 ut
1031 3472 1271 3526 clanculo
1316 3480 1581 3526 tentarent
1622 3488 1802 3526 conce-

232 3566 343 3618 dere
363 3570 502 3634 quod
536 3567 825 3635 rogabatur
853 3581 872 3618 :
912 3567 1080 3619 omnis
1122 3565 1184 3617 ob
1226 3566 1319 3617 hoc
1352 3565 1801 3617 vehementissime

230 3668 479 3711 commota
497 3667 571 3711 est
597 3657 783 3711 Italia.
801 3657 902 3711 Sed
928 3657 1229 3713 Galliarum
1247 3657 1472 3724 episcopi
1501 3665 1548 3709 et
1588 3655 1801 3710 abbates

230 3751 301 3804 his
334 3752 542 3804 obviare
562 3752 738 3802 conati
768 3759 928 3803 sunt.
973 3788 987 3802 .
1022 3787 1037 3802 .
1075 3748 1159 3802 Sic
1181 3749 1455 3816 confutata
1496 3744 1799 3800 Grcecorum

231 3845 564 3912 praesumptio
605 3851 701 3895 est.
738 3841 938 3896 Eadem
985 3857 1051 3896 ex
1079 3839 1284 3896 Glabro
1318 3849 1505 3894 narrat
1532 3839 1802 3892 Baronius

234 3951 379 3990 num.
408 3936 460 3990 5.
486 3935 876 3988 Animadverte
929 3932 1228 3988 Etzclcsiam
1275 3932 1436 4002 regiae
1475 3931 1626 3984 urbis
1653 3929 1800 3985 Con-

231 4029 658 4098 stantinopoleos
717 4041 782 4080 eo
837 4035 1080 4093 tempore
1138 4023 1371 4077 divisam
1439 4021 1507 4074 ab
1555 4019 1799 4073 Ecclesia

233 4119 466 4174 Romana
511 4134 622 4172 non
669 4117 856 4180 fuisse,
913 4115 1032 4170 sine
1071 4116 1228 4185 cujus
1265 4127 1536 4168 consensu
1582 4126 1800 4165 sumere

231 4213 452 4267 antistes
481 4212 573 4266 ille
602 4211 822 4266 titulum
865 4210 1168 4263 mcumenici
1202 4206 1526 4276 patriarchae
1553 4219 1664 4260 nou
1695 4219 1799 4259 au-

231 4306 409 4362 debat.

294 4399 453 4469 205
505 4399 841 4469 Denegatum
875 4397 1092 4452 titulum
1136 4393 1326 4464 iniquo
1381 4391 1589 4447 ferebat
1615 4389 1800 4445 animo

227 4489 562 4556 Cerularius,
623 4491 714 4561 qui
767 4498 954 4560 postea
983 4480 1334 4542 ’successit:
1388 4481 1798 4549 Ecclesiamquc

1905 2008 2030 2045 nam
2060 1993 2259 2058 sedem,
2303 1995 2409 2048 imo
2441 2010 2649 2048 omnem
2691 1993 2943 2048 Latinam
2994 2005 3044 2049 et
3091 1994 3484 2050 Occidentalem

1905 2082 2222 2149 Ecclesium,
2273 2087 2337 2139 de
2367 2089 2565 2157 azymis
2595 2087 2861 2156 uiviﬁcum
2908 2086 3016 2142 Deo
3047 2089 3229 2157 olferre
3277 2089 3484 2155 sacriﬁ-

1901 2178 2064 2230 cium.
2123 2176 2293 2242 Quam
2356 2177 2684 2233 calumniam
2734 2181 2892 2234 etiam
2956 2181 3152 2249 scripto
3207 2180 3480 2234 ediderunt

1903 2271 2150 2340 episcopi,
2191 2269 2425 2326 Michael
2449 2272 3085 2344 Constantinopolitanus,
3122 2284 3170 2327 et
3201 2272 3305 2328 Leo
3337 2257 3490 2327 Acri;

1903 2364 2074 2417 clauus
2108 2403 2122 2418 .
2158 2401 2174 2418 .
2200 2401 2216 2416 .
2255 2366 2324 2417 ad
2350 2365 2670 2420 Tranensem
2700 2369 2999 2437 episcOpum
3027 2367 3244 2421 directo.

1977 2457 2238 2513 Romana:
2265 2457 2413 2514 sedis
2447 2459 2643 2530 legatio
2677 2461 2730 2514 in
2765 2460 2959 2514 urbem
2992 2461 3193 2530 regiam
3217 2459 3487 2516 Constan-

1904 2549 2191 2619 tinopolim
2260 2550 2469 2606 directa
2514 2560 2616 2607 est.
2669 2551 2856 2623 Legati
2935 2552 3089 2608 fuere
3141 2553 3483 2615 Humbertus,

1903 2639 2198 2696 cardinalis
2227 2643 2496 2712 episcopus
2535 2642 3023 2710 Silvis-Candidas;
3059 2643 3268 2708 Petrus,
3303 2645 3487 2699 Amal-

1903 2733 2246 2801 phitanorum
2277 2733 2728 2804 arclticpiscOpus;
2775 2746 2824 2788 et
2863 2733 3160 2789 Fridericus
3186 2775 3200 2800 ,
3226 2727 3484 2788 diaconus

1907 2833 1958 2876 et
2002 2823 2380 2877 cancellarius.
2406 2825 2599 2880 Niceta
2627 2826 2931 2881 monachus
2957 2826 3023 2880 ad
3047 2825 3254 2896 frugem
3286 2827 3480 2881 rediit:

1903 2917 2058 2971 stetit
2094 2932 2192 2972 sua
2222 2917 2526 2973 obduratus
2551 2920 2604 2973 in
2631 2919 2941 2989 pervicacia
2969 2919 3308 2976 Ccrularius.
3341 2921 3484 2975 Ana-

1904 3011 2088 3065 thema
2137 3011 2190 3064 in
2228 3013 2402 3081 ipsum
2438 3012 2608 3067 latum
2633 3052 2648 3076 ,
2691 3013 2836 3082 quod
2892 3013 2944 3067 in
2983 3013 3201 3067 laudata
3229 3012 3485 3068 Comme-

1906 3103 2212 3158 moratioue
2234 3105 2538 3174 prostat.ln
2564 3121 2632 3161 eo
2658 3105 2800 3160 inter
2833 3105 2937 3160 alia
2958 3106 3184 3160 crimina
3211 3106 3484 3161 refertur:

1906 3197 2066 3266 quod,
2098 3197 2234 3250 sicut
2299 3197 2765 3252 Pne‘umatomaclii
2818 3199 2896 3252 vel
2948 3197 3276 3265 Tlteomaclti,
3317 3199 3486 3252 absci-

1906 3288 2095 3342 derunt
2151 3306 2183 3342 a
2234 3287 2479 3361 Symbolo
2531 3290 2759 3360 Spiritus
2797 3291 2966 3344 sancti
3018 3292 3398 3359 processionem
3449 3309 3481 3346 a

1905 3380 2066 3436 Filio.
2104 3381 2227 3438 Haec
2253 3399 2397 3438 anno
2430 3384 2568 3440 lOSt
2597 3386 2868 3450 accidere,
2891 3399 3076 3440 mense
3103 3385 3268 3441 Julio.

1975 3474 2090 3530 Bile
2135 3477 2374 3546 percitus
2422 3477 2686 3541 Michael,
2744 3493 2969 3532 suorum
3015 3477 3224 3548 synodo
3271 3487 3481 3541 coacta,

1904 3570 2208 3625 eslutnnias
2263 3571 2316 3623 in
2371 3571 2724 3637 apostolicam
2783 3570 2969 3625 sedem
3007 3570 3330 3634 instaurat,
3384 3569 3483 3621 do-

1903 3661 2248 3731 ctrinamque
2299 3662 2364 3715 de
2392 3661 2594 3728 Spiritu
2641 3671 2826 3714 sancto
2851 3699 2866 3723 .
2901 3677 2964 3714 ac
2990 3659 3290 3730 praesertim
3320 3660 3485 3730 206

1905 3751 2142 3822 Symboli
2192 3752 2661 3820 interpolationem
2697 3751 2861 3820 cmpit
2891 3751 3231 3821 impugnare.
3275 3750 3479 3822 Synudi

1902 3854 2022 3898 acta
2050 3843 2218 3898 refert
2250 3844 2501 3911 Allatius,
2534 3844 2921 3898 dissertatione
2955 3842 2999 3897 ll
3032 3843 3105 3896 De
3140 3841 3288 3896 libris
3320 3844 3485 3896 eccle-

1899 3938 2121 3991 siasticis
2167 3935 2492 4002 Gra'corum,
2547 3936 2639 3990 ubi
2682 3935 2798 3990 haec
2841 3935 3136 3998 habentur,
3171 3951 3293 4006 pag.
3332 3935 3478 3990 I72:

1908 4047 1925 4080 ς
1972 4030 2051 4082 Ad
2108 4029 2260 4090 htec,
2293 4029 2436 4096 quod
2479 4040 2880 4081 sacrosanctum
2928 4027 3274 4096 Symbolum,
3330 4031 3476 4099 quod

1901 4100 2158 4174 omnibus
2208 4119 2562 4190 synodalibus
2606 4127 2661 4174 et
2707 4121 3063 4174 meumenicis
3107 4119 3344 4175 decretis
3396 4122 3481 4174 in-

1901 4224 2227 4265 concussum
2254 4219 2418 4280 atque
2437 4209 2856 4278 inexpugnabile
2878 4208 3047 4264 robur
3069 4208 3254 4271 habet,
3273 4210 3479 4278 spuriis

1901 4301 2171 4370 cogitatis,
2212 4308 2267 4355 et
2297 4301 2621 4354 sermonibus
2657 4299 2997 4356 adulterinis.
3028 4309 3084 4355 et
3108 4300 3354 4355 audaciae
3383 4317 3467 4356 cx-

1901 4407 2059 4448 cessu
2085 4393 2387 4446 adulterare
2418 4391 2710 4455 nolumus;
2764 4407 2866 4446 nec
2902 4400 2962 4445 ut
2992 4392 3090 4454 illi,
3127 4408 3192 4446 ea:
3236 4392 3399 4464 Patre
3429 4405 3478 4447 et

1903 4487 2044 4541 Filio
2091 4487 2378 4556 Spiritum,
2409 4486 2503 4540 sed
2537 4501 2601 4539 ea:
2629 4485 2788 4540 Patre
2826 4485 3064 4539 dicimus
3097 4486 3412 4556 procedere.
3453 4507 3472 4538 ι

229 4599 403 4648 suam,
433 4593 488 4636 et
519 4583 654 4636 alias
686 4580 992 4636 Orientales
1016 4594 1045 4633 a
1094 4579 1337 4632 Romana
1365 4574 1680 4644 disjungere
1710 4586 1794 4625 sa-
1826 4587 1874 4647 ο
1901 4581 2220 4652 Ηυίηεηιολί
2271 4595 2451 4634 rerum
2502 4579 2695 4634 eodem
2743 4593 2890 4634 anno
2931 4578 3064 4634 1054
3099 4580 3350 4635 notitiam
3408 4581 3474 4634 ad

227 4676 373 4744 tegit.
407 4673 602 4729 Socios
627 4672 818 4726 habuit
861 4671 1098 4726 Leonem
1132 4666 1388 4724 Achridze
1426 4664 1794 4732 archiepisco-

226 4781 372 4835 pum,
403 4780 465 4818 ac
489 4764 733 4819 Nicetam
766 4762 1095 4824 Stethatum,
1152 4773 1248 4813 seu
1282 4759 1630 4812 Pectoratum
1673 4769 1795 4809 mo-

226 4859 480 4913 nachum.
513 4856 841 4911 Praedictum
883 4853 1187 4908 aecumenici
1217 4851 1434 4905 titulum
1473 4848 1692 4918 propria
1727 4847 1797 4901 ab

225 4949 339 5019 ipso
371 4948 703 5002 auctoritate
735 4954 1101 5014 assumptum,
1150 4941 1404 4997 novimus
1429 4956 1495 4995 ex
1523 4939 1704 4994 Leone
1726 4939 1796 4993 IX

226 5041 276 5093 in
310 5038 543 5108 epistola
577 5037 644 5091 ad
677 5038 855 5107 ipsum
884 5034 1228 5090 Cerularium
1263 5031 1409 5094 data,
1439 5046 1603 5100 quam
1628 5030 1798 5084 Baro-

224 5132 348 5186 nius
381 5131 578 5185 recitat
606 5129 673 5183 ad
709 5143 913 5182 annum
942 5127 1103 5190 I054,
1137 5140 1290 5180 num.
1320 5125 1388 5178 I2
1411 5141 1425 5179 :
1446 5122 1630 5188 Qualis
1653 5139 1796 5185 vero,

221 5237 266 5280 et
348 5243 513 5294 quant
569 5223 890 5278 detestabilis
957 5233 1114 5292 atque
1167 5219 1523 5274 lamentabilis
1574 5227 1651 5273 est
1698 5217 1797 5272 illa

219 5322 483 5390 sacrilega
515 5319 813 5388 usurpatio,
843 5334 948 5388 qua
981 5325 1028 5370 te
1057 5313 1406 5369 uniuersalem
1435 5314 1798 5383 patriarcham

220 5415 392 5481 iactas
434 5412 643 5481 ubique,
675 5419 724 5464 et
746 5412 964 5478 scripto,
1006 5416 1055 5462 et
1096 5407 1296 5462 uerbo!
1335 5405 1628 5460 Scissionis
1662 5421 1798 5475 pra:-

223 5516 430 5560 textum
472 5505 649 5574 primo
703 5512 947 5572 tempore
986 5516 1164 5569 neque
1207 5499 1400 5567 dogma
1454 5499 1796 5567 processionis

222 5616 253 5652 α
284 5597 449 5650 Patre
481 5608 528 5648 et
555 5612 587 5648 a
619 5593 786 5658 Filio,
816 5607 995 5661 neque
1025 5593 1163 5646 vocis
1184 5589 1430 5661 Filioque
1445 5591 1796 5661 adjectionem

220 5691 282 5744 ad
312 5689 634 5760 Symbolum
662 5666 936 5750 obtendit,
967 5685 1060 5739 sed
1087 5685 1223 5738 alios
1258 5685 1518 5738 Romanae
1545 5683 1799 5738 Ecclesiae

222 5783 380 5848 ritus,
417 5781 762 5847 maximeque
799 5794 951 5830 usum
991 5777 1164 5846 azymi
1201 5777 1356 5846 panis
1400 5775 1454 5828 in
1506 5789 1798 5828 consecra-

224 5876 370 5930 tione
404 5872 657 5942 corporis
698 5871 934 5924 Domini.
967 5870 1025 5923 In
1067 5871 1187 5938 ejus
1239 5867 1506 5925 Cerularii
1541 5876 1594 5923 et
1650 5869 1792 5926 Petri

566 5973 833 6032 l’n-nuu.
881 5975 998 6029 Ult.
1045 5965 1289 6059 CXLII._

1899 4671 2123 4727 Petrum
2162 4669 2565 4726 Antiochenam
2591 4669 2965 4741 patriarcham
2999 4671 3324 4726 transmittit
3351 4673 3477 4725 data

1899 4766 2161 4836 Epistula,
2195 4779 2357 4835 quam
2390 4764 2658 4818 Baronius
2685 4752 2879 4818 recitat
2917 4761 3148 4827 Latine,
3178 4777 3330 4816 num.
3365 4763 3475 4828 28;

1899 4857 2093 4912 Latine
2121 4867 2176 4910 et
2205 4857 2392 4912 Graece
2418 4855 2726 4911 Cotelerius
2761 4855 2814 4908 in
2861 4852 3110 4907 Ecclesia:
3135 4851 3332 4907 Cra'cce
3362 4853 3477 4906 Ma-

1901 4947 2184 5007 nnmentis,
2230 4957 2377 5000 tomo
2406 4945 2470 4999 ll.
2523 4944 2670 4998 Inter
2706 4943 2814 4998 alia
2872 4943 3067 5006 multa,
3101 4943 3168 4996 de
3225 4940 3474 5013 Symbolo

1895 5037 2215 5102 interpolato
2270 5035 2674 5090 accusationem
2730 5033 2960 5100 invehit,
3015 5033 3084 5089 In
3110 5045 3293 5088 sancto
3318 5033 3478 5106 Sym-

1899 5131 2036 5194 bolo,
2060 5130 2335 5200 inquiens,
2367 5127 2472 5181 tale
2507 5127 2930 5180 additamentum
2977 5129 3202 5182 recitant
3234 5144 3297 5182 ex
3328 5127 3474 5184 mala

1898 5222 2297 5293 periculosaque
2321 5219 2604 5274 sententia.
2653 5218 2772 5274 Jam
2815 5227 2963 5289 patet
3009 5219 3254 5288 Symboli
3305 5221 3480 5276 inter.

1897 5317 2064 5386 polati
2123 5328 2283 5370 usum
2334 5312 2438 5368 hac
2498 5321 2658 5367 aetate
2709 5311 2764 5367 in
2806 5313 3052 5368 Romana
3103 5313 3352 5368 Ecclesia
3396 5313 3480 5368 vi-

1895 5406 2098 5476 guisse.

1969 5498 2294 5569 Dignissima
2317 5505 2447 5552 sunt
2465 5497 2941 5554 animadversione
2968 5498 3116 5553 Petri
3145 5479 3476 5554 Antiochensi

1899 5595 2043 5650 dicta
2081 5595 2134 5649 in
2162 5611 2259 5650 sua
2297 5595 2699 5664 Responsione,
2729 5611 2850 5665 qua:
2883 5595 3027 5664 apud
3059 5595 3341 5648 laudatum
3372 5594 3477 5648 Co-

1899 5689 2148 5744 telerium
2194 5699 2402 5759 prostat
2440 5690 2626 5744 Grazce
2669 5697 2720 5742 et
2767 5687 3004 5743 Latine:
3061 5706 3078 5739 ι
3113 5687 3308 5742 Malum
3345 5702 3477 5739 vero

1899 5780 2222 5850 (inquientis
2274 5796 2427 5834 num.
2491 5781 2602 5844 ll),
2637 5790 2693 5834 et
2747 5780 3015 5833 malorum
3072 5781 3366 5847 pessimum
3389 5786 3476 5831 est

1899 5869 2134 5942 aljectio
2151 5869 2216 5926 ad
2237 5868 2549 5942 Symbolum
2580 5870 2694 5925 haec
2715 5889 2727 5927 :
2749 5869 2815 5924 Et
2849 5870 2900 5922 in
2926 5867 3184 5935 Spiritum
3203 5876 3468 5937 sanctum,

2946 5966 2974 5984 Η

2943 5981 2975 6048 Α
