3852 6518
329 413 440 476 ἳο3

1288 407 1606 467 GEORGII
1653 407 1910 467 CYPRII
1951 409 2060 468 CI‘.
2110 406 2630 470 PATRIARCIU!

3495 401 3599 466 204

335 527 642 591 Dominum,
683 531 731 577 et
783 523 1166 592 viviﬁcantem,
1221 521 1311 592 qui
1360 537 1424 575 ea:
1474 520 1634 575 Patre
1673 517 1912 590 Filioque
1941 531 1983 586 Α
2017 523 2354 578 l'ueritvocis
2375 521 2621 592 Filioque
2644 518 3105 574 additamentum?
3130 516 3596 573 Verisimillimum

334 623 566 690 procedit
602 622 776 690 (num.
802 620 918 682 22),
945 629 1002 671 ut
1024 616 1276 686 equidem
1301 629 1477 669 meam
1515 628 1759 683 promam
1787 627 1910 666 sen-

333 716 555 767 tentiam
590 731 604 777 ',
641 713 684 766 si
722 712 774 765 in
803 712 1071 765 additione
1102 707 1338 778 Symboli
1373 709 1732 776 corrigantur,
1772 705 1908 760 nihil

331 816 593 873 praeterea
631 802 1042 872 postulaverim.
1065 819 1084 851 ι
1117 801 1242 854 Haec
1281 799 1523 855 Joannes
1569 796 1775 852 Beccus
1811 811 1908 866 pro

332 897 499 949 animi
535 895 620 948 sui
655 894 895 949 candore
944 894 1294 962 expendens.
1331 890 1579 944 oratione
1617 887 1670 951 2,
1727 887 1796 942 de
1828 888 1910 942 in-

326 987 474 1051 justa
509 986 591 1039 sui
620 984 986 1052 depositione.
1020 998 1172 1036 num.
1201 982 1264 1035 ιε
1296 999 1315 1032 t
1340 981 1563 1034 Attente
1592 978 1906 1044 considera,

329 1073 530 1141 inquit,
575 1073 877 1133 dictionem,
913 1072 1006 1141 qui
1053 1071 1167 1124 haec
1194 1085 1352 1139 aequo
1383 1069 1568 1123 animo
1595 1068 1902 1136 dijudicas:

326 1163 373 1216 si
408 1162 461 1214 in
495 1171 678 1214 sancto
715 1161 957 1230 ngbolo
988 1161 1185 1230 factam
1217 1159 1535 1212 additioncm
1561 1160 1904 1212 correxerint.

325 1253 444 1307 Non
465 1267 614 1317 vero,
656 1252 702 1308 si
757 1252 884 1306 inde
934 1252 1270 1319 impietatem
1311 1250 1772 1312 oblitteraverint,
1810 1259 1906 1304 aut

326 1344 380 1399 in
405 1346 451 1399 !e
485 1343 752 1399 adversus
774 1343 1372 1412 Deuui_blasphemiam
1404 1342 1685 1411 eiecerint.
1715 1361 1732 1393 ι
1763 1341 1906 1395 Inta-

325 1449 466 1492 ctam
501 1453 634 1507 ergo
690 1408 1066 1492 Antioche‘nus
1102 1436 1448 1504 relinquebat
1479 1437 1542 1487 de
1577 1435 1904 1502 processione

325 1526 529 1582 a-Filio
556 1529 884 1582 doctrinam.
917 1529 985 1582 At
1018 1527 1216 1580 malunt
1253 1534 1302 1580 et
1330 1525 1591 1579 malorum
1619 1527 1904 1595 pessimum

325 1621 612 1690 (inquis),
659 1621 831 1690 ipsam
886 1629 1043 1674 vocat
1072 1620 1421 1688 adjeczionem
1468 1617 1537 1671 ad
1570 1616 1901 1687 Symbolum.

321 1712 557 1767 Beccum
587 1713 780 1766 audire
831 1722 1052 1782 praestat
1100 1712 1301 1765 ibidem
1331 1729 1344 1765 :
1379 1729 1396 1762 t
1443 1711 1554 1779 Ego
1590 1710 1745 1778 plane
1776 1725 1901 1763 eum

323 1805 565 1875 (Petrum
597 1806 1049 1871 Antiochenum),
1069 1803 1212 1874 quod
1244 1804 1520 1857 videbatur
1552 1805 1606 1856 in
1633 1803 1903 1856 additione

2016 616 2068 669 id
2105 615 2338 669 videtur.
2363 615 2476 668 Cur
2501 615 2648 669 enim
2691 610 3114 668 autemtametsi
3149 626 3177 663 a
3212 620 3367 663 sexto
3395 610 3596 663 saecqu

2013 705 2300 758 desinente
2340 703 2597 757 Ecclesia:
2638 702 2968 771 Hispanicae,
3010 711 3062 754 et
3104 716 3132 752 a
3165 700 3366 753 smeulo
3400 710 3596 753 octavo

2011 796 2326 861 Gallicanae,
2357 805 2412 850 et
2435 796 2795 850 Germanicae.
2830 810 2891 848 ac
2926 793 3124 846 Italicae
3148 793 3202 846 in
3231 808 3396 860 regno
3430 791 3596 846 Italize

2015 883 2231 950 publice
2265 883 2582 951 Symbolum
2610 884 2753 936 idem
2781 883 2835 936 in
2860 881 3104 951 Liturgia
3143 881 3458 942 recitarunt,
3503 890 3597 934 aut

2013 984 2294 1036 canerent,
2339 991 2544 1027 morem
2596 975 2759 1028 istum
2815 975 3056 1026 Romana
3098 973 3339 1026 Beclesia
3389 973 3597 1040 recepit

2013 1083 2290 1136 nunquam
2312 1065 2611 1119 ?Videlicet
2631 1067 2772 1134 quod
2803 1064 3042 1118 Romana
3080 1061 3316 1116 Ecclesia
3337 1063 3596 1123 illeurico

2011 1158 2328 1226 imperatori
2386 1157 2726 1227 reponebam
2774 1157 3043 1222 Romani)
3104 1172 3209 1208 non
3266 1156 3444 1224 fuisset
3492 1155 3594 1208 ali-

2009 1250 2219 1318 quando
2267 1247 2377 1302 ulla
2419 1251 2671 1302 haereseos
2704 1248 2829 1317 [ωδε
2859 1248 3051 1318 infecta
3078 1287 3092 1309 ,
3121 1245 3210 1299 sed
3251 1247 3303 1297 in
3330 1246 3596 1298 soliditate

2008 1339 2282 1393 catltolictc
2331 1339 2456 1407 ﬁdei
2505 1349 2834 1410 permaneret
2884 1341 3216 1392 inconcussa.
3262 1338 3422 1404 Atqui
3478 1337 3594 1391 haec

2008 1429 2147 1482 ratio
2179 1445 2284 1482 non
2313 1431 2487 1483 solum
2509 1429 2751 1499 Symboli
2779 1441 3021 1492 cantum,
3047 1429 3140 1496 qui
3175 1427 3324 1495 prius
3351 1426 3404 1478 in
3440 1442 3593 1481 more

2009 1519 2195 1585 fuerit,
2227 1521 2468 1591 sedjure
2505 1521 2702 1590 potiori
2739 1519 2975 1591 Symboli
3020 1521 3478 1586 interpolationcm
3505 1533 3589 1572 re-

2000 1606 2143 1681 ‘jicit.
2203 1612 2356 1666 Hanc
2389 1613 2558 1666 etiam
2611 1628 2712 1666 suo
2770 1595 3013 1682 tempore
3077 1630 3297 1666 causam
3358 1611 3592 1667 Rufinus

2007 1704 2296 1767 reddebat,
2335 1719 2433 1758 cur
2466 1704 2786 1774 Symbolum
2819 1706 3181 1774 apostolicum
3218 1721 3342 1758 cum
3385 1706 3590 1774 aliqui-

2007 1796 2111 1850 bus
2147 1798 2536 1852 additauiemis
2573 1807 2783 1852 caetera:
2823 1797 3082 1851 Ecclesiae
3113 1797 3436 1856 recitarem,
3470 1799 3590 1850 sine

323 1896 588 1959 delictum,
628 1897 773 1950 lacili
814 1897 1036 1965 negotio
1096 1895 1474 1963 neglecturum
1509 1893 1807 1946 existimo:
1851 1893 1896 1946 si
1933 1875 1973 1932 Β
2003 1888 2108 1942 illis
2156 1889 2543 1942 intemeratum
2586 1889 2892 1944 custodiret
2953 1889 3194 1943 Ilotitana
3227 1908 3242 1942 :
3297 1889 3447 1954 Quod
3479 1905 3575 1956 ego

322 1989 408 2042 vel
450 1987 710 2057 pusillum
762 1988 912 2056 pacis
958 1987 1214 2055 spiritum
1274 1985 1330 2040 in
1377 2000 1445 2039 eo
1475 1984 1760 2053 (Micliaele
1799 1982 1903 2038 Ce-

325 2078 575 2145 rulario),
624 2076 692 2130 ad
741 2093 904 2146 quem
957 2077 1172 2132 litteras
1226 2076 1413 2139 dabat,
1461 2075 1732 2129 contineri
1780 2088 1907 2143 pro-

321 2166 611 2235 spexisset.
651 2165 818 2234 quue
846 2165 1044 2233 colligo
1066 2206 1080 2228 ,
1114 2180 1215 2218 nec
1251 2167 1411 2230 male,
1450 2179 1519 2217 ex
1554 2164 1661 2218 illis
1691 2180 1814 2232 qua:
1847 2163 1904 2217 in

324 2259 428 2313 alia
464 2257 715 2327 Epistulae
744 2263 1088 2327 partelnum.
1125 2257 1212 2325 Η)
1272 2257 1453 2311 verbis
1486 2257 1635 2310 hisce
1667 2255 1904 2325 digerit:

321 2350 530 2404 Bonum
577 2352 716 2404 enim
760 2359 832 2403 est
886 2366 979 2404 nos
1040 2349 1121 2404 ad-
1165 2350 1470 2420 a’quitatem
1514 2364 1818 2418 propensos,
1855 2354 1904 2400 et

322 2445 651 2514 potissimum
693 2444 780 2510 ubi
822 2459 986 2512 neque
1033 2441 1194 2504 Deus,
1220 2458 1383 2510 neque
1410 2440 1541 2510 ﬁdes
1588 2442 1643 2493 in
1673 2439 1905 2510 periculo

323 2531 893 2604 vertitur(cnjusmodi
921 2531 1062 2600 apud
1097 2529 1500 2584 Antiochenum
1529 2529 1905 2598 eratSpiritus

325 2630 496 2682 sancti
551 2626 833 2696 processio
864 2626 1028 2681 etiam
1085 2624 1278 2678 aFilio
1311 2641 1338 2676 a
1386 2623 1596 2677 Latinis
1650 2622 1902 2692 asserta),

321 2736 525 2786 semper
562 2720 632 2773 ad
661 2735 841 2787 pacem
895 2728 943 2772 et
976 2717 1204 2788 fratrum
1233 2732 1465 2769 amorem
1492 2717 1792 2771 inclinari.»

316 2884 318 2886 ν
396 2809 482 2865 Ill.
524 2811 700 2865 Ilocce
735 2811 998 2880 temporis
1043 2809 1353 2872 intervallo,
1390 2809 1535 2877 quod
1580 2825 1607 2861 a
1643 2808 1904 2862 Photiano

321 2907 602 2960 schismate
629 2905 872 2959 excurrit
895 2902 961 2957 ad
995 2901 1316 2956 Michaelem
1357 2901 1698 2956 Cerularium
1755 2901 1903 2956 schi-

321 2981 520 3053 smatis
559 2999 1024 3055 instauratorem.
1099 2995 1306 3063 epocha
1362 2994 1522 3064 307
1586 2993 1906 3063 diligentius

322 3089 692 3160 perquirenda
745 3101 829 3142 est
902 3085 1131 3140 admissi
1188 3087 1502 3154 receptique
1555 3085 1608 3138 in
1659 3086 1904 3140 Ecclesia

321 3181 568 3236 Romana
623 3196 741 3233 cum
803 3177 1210 3247 interpolatione
1265 3175 1533 3246 Symboli.
1593 3178 1671 3232 Ac
1724 3178 1902 3246 primo

223 3307 226 3309 -
321 3273 643 3345 Symbolum
705 3269 1374 3339 Constantimipolitanum
1426 3267 1660 3338 empisse
1714 3268 1902 3323 Romae

321 3367 470 3420 inter
525 3364 811 3417 Missarum
873 3363 1141 3416 solemnia
1197 3360 1476 3415 decantari
1530 3377 1675 3415 anno
1735 3362 1899 3426 10H,

321 3460 506 3511 sedem
549 3455 909 3524 apostolicam,
936 3462 1156 3507 tenente
1214 3451 1506 3505 Benedicto
1542 3451 1678 3513 VIII,
1708 3467 1770 3505 ac
1803 3453 1903 3505 itu-

318 3556 548 3620 perante
599 3546 833 3610 Henrico
879 3546 921 3612 I,
971 3554 1122 3599 cstra
1158 3545 1388 3598 dubium
1432 3546 1588 3615 ponit
1637 3545 1902 3600 Bernonis

313 3641 532 3696 abbatis
573 3638 861 3708 Augiensis
895 3639 1217 3691 auctoritas.
1259 3636 1448 3690 Romae
1505 3635 1755 3690 interluit
1812 3637 1902 3692 ille

315 3734 490 3804 ipsius
529 3729 748 3785 Henrici
782 3728 1121 3784 coronationi
1168 3727 1362 3783 eodem
1409 3743 1555 3782 anno
1593 3727 1730 3782 1‘0“
1755 3728 1900 3784 cele-

314 3827 504 3880 hrataa.

387 3918 445 3972 lu
496 3917 702 3983 libello,
729 3930 891 3983 quem
921 3915 988 3969 de
1017 3913 1348 3984 quibusdam
1393 3914 1560 3970 rebus
1607 3913 1675 3968 ad
1723 3915 1900 3971 Missa:

311 4008 554 4064 olbcium
608 4007 1014 4077 pertinentibus
1057 4007 1390 4076 composuit,
1426 4005 1542 4060 haec
1597 4005 1764 4061 habet
1815 4023 1902 4062 ca-

310 4105 424 4175 pite
451 4105 525 4158 2:
561 4121 581 4155 σ
617 4101 850 4156 Romani
881 4116 1052 4168 usque
1085 4100 1166 4162 ad
1197 4102 1307 4152 hac
1348 4108 1588 4169 tempora
1623 4100 1755 4154 diva:
1793 4115 1900 4153 me-

311 4198 496 4251 moriae
541 4193 756 4249 Henrici
801 4193 1140 4262 imperatoris
1191 4189 1338 4243 nullo
1370 4191 1524 4244 modo
1573 4191 1897 4245 cecinerunt.

309 4288 419 4344 Sed
475 4287 546 4342 ab
595 4287 791 4340 eodem
855 4283 1218 4352 interrogati,
1279 4297 1380 4336 cur
1417 4282 1491 4336 ita
1522 4292 1772 4353 agerent,
1813 4299 1900 4340 me

311 4396 498 4436 coram
528 4380 843 4444 assistente,
935 4373 1119 4429 audivi
1178 4389 1276 4430 eos
1326 4375 1640 4446 hujusmodi
1675 4391 1900 4446 respon-

298 4489 432 4548 sum
475 4471 745 4535 reddere;
779 4467 1028 4522 videlicet
1060 4465 1207 4535 quod
1246 4464 1495 4521 Romana
1528 4466 1768 4522 Ecclesia
1789 4482 1900 4520 non

1931 3224 1972 3280 C

2009 1989 2284 2050 prapterea
2315 1997 2423 2034 esse
2445 1982 2695 2044 arbitror,
2729 1982 3000 2051 inquiens,
3020 1981 3157 2051 quod
3186 1996 3349 2050 neque
3374 1981 3589 2033 Itu'resis

2009 2073 2120 2125 ulla
2162 2071 2275 2126 illic
2319 2075 2544 2139 smnpsit
2596 2073 2892 2128 exordium.
2957 2073 3144 2141 Itaque
3193 2087 3316 2124 cum
3365 2071 3589 2125 demum

2011 2165 2365 2220 Benedictum
2404 2164 2519 2218 VIII
2553 2165 2805 2235 petitioni
2846 2166 3066 2220 lIenrici
3099 2165 3361 2234 Augusti,
3398 2163 3590 2218 habito

2008 2258 2240 2310 omnium
2307 2276 2599 2324 consensu,
2659 2257 3053 2328 indulgendum
3103 2273 3226 2312 esse
3282 2257 3585 2320 censuerit,

2010 2348 2253 2421 Symboli
2283 2350 2881 2421 Constantinopolitani
2914 2361 3077 2405 cantu
3115 2350 3259 2404 inter
3300 2349 3587 2403 Missarum

2008 2445 2272 2498 snlemnia
2320 2458 2582 2515 recepto,
2637 2445 2958 2518 Symbolum
2983 2447 3148 2500 etiam
3200 2447 3476 2515 recepisse
3509 2445 3591 2497 vi-

2008 2534 2168 2587 detur
2207 2535 2374 2605 208
2396 2551 2518 2589 cum
2558 2536 2981 2605 interpolatione
3003 2578 3018 2600 ,
3049 2551 3211 2605 quam
3239 2549 3449 2590 uetera:
3473 2534 3587 2605 jam

2009 2627 2179 2681 totius
2208 2626 2520 2681 Occidentis
2551 2629 2809 2682 Ecclesia:
2839 2629 3160 2698 amplexata:
3200 2631 3449 2691 fuerant,
3486 2642 3588 2696 pu-

2010 2712 2258 2788 bliceque
2291 2719 2343 2772 in
2374 2717 2615 2790 Symboli
2651 2731 2815 2774 cantu
2843 2721 3263 2789 proﬁtebantur.

2079 2806 2166 2862 IV.
2199 2808 2308 2861 llac
2339 2818 2519 2863 tamen
2563 2810 2630 2864 de
2664 2824 2721 2863 re
2755 2811 2920 2863 Varia:
2968 2821 3099 2864 sunt
3144 2811 3435 2879 vigentque
3496 2811 3594 2864 ad.

2007 2898 2118 2952 huc
2145 2903 2473 2968 scriptorum
2501 2902 2813 2970 opiniones,
2845 2917 2980 2970 quas
3020 2903 3223 2955 referre
3255 2911 3470 2971 priestat
3529 2911 3591 2957 et

2007 2993 2338 3062 expendere.
2406 2993 2643 3048 Sanctus
2693 2994 2930 3048 Thomas
2981 2995 2996 3048 Ι
3045 3005 3209 3064 part.,
3262 3004 3455 3064 quast.
3491 2992 3623 3060 36,.

2009 3095 2112 3140 art.
2147 3085 2201 3146 2,
2234 3087 2299 3138 ad
2327 3087 2381 3147 2,
2414 3087 2489 3139 ait
2518 3083 2763 3138 :l’ostea
2797 3087 3098 3155 insurgente
3131 3102 3307 3138 errore
3335 3102 3590 3156 quorum-

2008 3182 2153 3242 dam,
2207 3180 2258 3232 in
2293 3179 2518 3250 quodam
2551 3180 2770 3232 cancilio
2813 3181 2866 3232 in
2918 3178 3338 3233 Occidentalibus
3369 3196 3590 3256 congre-

2003 3283 2148 3343 gato.
2184 3288 2486 3342 expressum
2514 3273 2613 3342 fuit
2645 3271 2811 3340 (quod
2835 3274 3001 3325 etiam
3031 3288 3058 3325 a
3087 3271 3226 3326 Filio
3262 3277 3587 3340 procederet

2005 3362 2240 3433 Spiritus
2305 3369 2577 3421 sanctus),
2621 3363 2938 3416 auctoritate
2983 3363 3209 3417 Romani
3260 3363 3532 3432 Pontificis
3567 3381 3588 3418 :

2001 3459 2151 3526 cujus
2201 3459 2515 3511 auctoritate
2550 3459 2710 3510 etiam
2760 3461 2977 3526 antiqua
3023 3458 3244 3512 concilia
3295 3474 3587 3531 congrega-

2002 3547 2197 3600 bantur
2243 3557 2292 3601 et
2375 3549 2847 3615 con/innabantur.
2905 3549 3062 3602 Paria
3133 3549 3327 3602 scribit
3393 3561 3588 3603 contra

2001 3651 2211 3710 gentes,
2231 3641 2372 3694 libro
2409 3658 2483 3704 iv,
2515 3643 2692 3709 capite
2718 3639 2788 3695 25
2814 3657 2826 3693 :
2864 3640 3138 3693 Processio
3160 3640 3389 3707 Spiritus
3411 3643 3587 3696 sancti

2003 3750 2035 3786 a
2083 3733 2220 3786 Filio
2251 3732 2504 3802 implicita
2534 3734 2833 3786 continetur
2876 3737 2929 3788 in
2984 3734 3586 3805 Constantinopolitano

1999 3826 2198 3897 synodo
2221 3827 2275 3879 in
2302 3830 2396 3881 bac
2423 3830 2561 3896 quod
2590 3829 2662 3881 ibi
2692 3829 2900 3890 dicitur,
2926 3829 3062 3897 quod
3078 3830 3306 3898 procedit
3325 3847 3356 3881 a
3388 3829 3548 3882 Patre
3566 3847 3586 3884 :

2001 3919 2126 3989 quia
2162 3920 2298 3987 quod
2350 3919 2414 3972 de
2452 3919 2616 3973 Patre
2650 3919 2986 3990 intelligitur,
3018 3928 3218 3984 oportet
3253 3928 3303 3972 et
3345 3920 3409 3972 de
3444 3918 3588 3975 Filio

2002 4009 2253 4082 intelligi.
2298 4011 2366 4065 Et
2415 4013 2484 4064 ad
2546 4014 2636 4067 hoc
2689 4013 2987 4066 addendum
3042 4013 3226 4082 sufficit
3292 4015 3587 4067 auctoritas

2003 4102 2230 4156 Romani
2278 4103 2559 4171 pontiﬁcis.
2598 4121 2689 4174 per
2718 4123 2878 4173 quam
2913 4110 3072 4158 etiam
3103 4108 3444 4160 inveniuntur
3488 4124 3576 4161 ais-

2002 4195 2152 4264 tiqua
2198 4194 2423 4248 concilia
2479 4212 2587 4249 esse
2609 4196 2952 4265 conﬁrmata.
3003 4197 3382 4256 Ocoidentale.
3432 4198 3581 4265 quod

2001 4287 2246 4355 Aquinas
2297 4297 2586 4348 memorat,
2621 4305 2650 4341 a
2701 4288 2948 4342 Roinano
2983 4289 3238 4357 pontifice
3283 4305 3586 4358 congrega-

2004 4387 2144 4443 t-um,
2195 4380 2488 4433 concilium
2526 4382 2674 4435 latet.
2719 4380 2918 4448 Quidni
2962 4399 3093 4435 vero
3131 4398 3230 4450 pro
3255 4381 3587 4438 Occidentali

2004 4473 2222 4527 concilio
2247 4473 2474 4543 intelligi
2507 4483 2696 4544 queat,
2729 4473 2948 4528 Henrici
2985 4477 3334 4544 imperatoris
3367 4477 3585 4544 petitio,

312 4568 512 4622 luisset
549 4562 847 4632 aliquando
903 4560 1010 4614 ulla
1059 4559 1330 4613 haereseos
1363 4558 1494 4613 fasce
1534 4558 1768 4622 inlecta,
1799 4558 1896 4612 sed
1932 4582 1976 4636 ο
2006 4565 2340 4633 omniumque
2384 4567 2620 4620 maxime
2660 4582 2978 4630 consensus;
3018 4583 3128 4636 quo
3174 4567 3361 4622 habito
3406 4566 3592 4622 Bene-

311 4656 618 4713 secundum
645 4654 820 4708 sancti
874 4651 1020 4706 Petri
1061 4651 1367 4704 doctrinam
1398 4651 1451 4704 in
1481 4650 1756 4705 soliditate
1805 4665 1900 4705 ca-

319 4750 536 4804 tholica
565 4746 690 4801 Iidei
723 4753 1076 4815 permaneret
1103 4742 1430 4796 inconcussa
1457 4749 1550 4797 :et
1582 4742 1704 4796 ideo
1727 4744 1900 4813 magis

302 4847 405 4902 his
435 4842 806 4902 necessarium
847 4855 970 4907 esse
1003 4838 1137 4894 illud
1171 4837 1494 4909 Symbolum
1533 4839 1734 4909 saepius
1777 4855 1904 4894 can-

318 4939 481 4994 tando
509 4931 996 5006 l'requentare,qui
1025 4931 1319 5000 aliquando
1345 4931 1453 4986 ulla
1482 4931 1673 4985 haeresi
1715 4941 1907 5001 potue-

301 5037 445 5084 runt
499 5025 784 5081 maculari.
823 5023 892 5078 At
934 5021 1192 5075 dominus
1243 5021 1542 5090 imperator
1580 5035 1689 5074 non
1742 5035 1903 5077 antea

315 5121 500 5182 desiit.
531 5132 693 5190 quam
725 5116 956 5170 omnium
985 5127 1238 5167 consensu
1285 5111 1339 5166 id
1396 5111 1620 5168 domino
1666 5113 1904 5168 Benedi-

315 5221 404 5268 cto
443 5208 758 5281 Apostolico
797 5205 1089 5276 persuasit,
1138 5213 1196 5258 ut
1233 5205 1303 5258 ad
1354 5203 1616 5272 publicam
1677 5205 1900 5261 Missam

312 5303 449 5359 illud
477 5303 851 5357 decantarent.
891 5295 998 5350 Sed
1033 5305 1214 5351 utrum
1264 5297 1404 5354 hanc
1441 5299 1897 5355 consuetudinem

312 5406 539 5454 servent
579 5394 778 5459 adhuc,
811 5389 1085 5445 allirmare
1122 5406 1231 5443 non
1261 5406 1583 5460 possumus,
1621 5393 1748 5462 quia
1783 5408 1904 5449 cer-

318 5499 434 5544 tum
478 5502 589 5542 non
615 5494 890 5540 tenemus.
931 5499 950 5533 |
984 5480 1134 5537 Obiit
1163 5481 1344 5536 Berno
1371 5499 1515 5538 anno
1555 5483 1718 5541 1045.

388 5581 530 5636 Num
560 5593 690 5649 ergo
723 5577 826 5630 hac
858 5575 985 5630 data
1015 5575 1327 5638 occasione,
1361 5589 1468 5644 qua
1510 5578 1749 5629 omnium
1773 5592 1897 5630 con-

315 5689 471 5728 sensu
529 5669 723 5725 annuit
769 5683 1023 5724 summus
1065 5665 1306 5738 pontifex
1338 5666 1665 5722 Benedictus
1690 5669 1804 5723 VIII
1836 5679 1896 5744 ut

316 5767 462 5821 inter
505 5763 795 5817 Missarum
826 5759 1092 5815 solemnia
1139 5757 1459 5831 Symbolum
1504 5757 1900 5816 Constantino-

311 5857 618 5932 politanum
662 5863 988 5919 caneretur,
1032 5851 1334 5908 admissum
1368 5852 1532 5908 etiam
1579 5853 1749 5923 prima
1779 5855 1899 5912 vice

2008 4656 2189 4711 dictus
2213 4654 2324 4712 VlII
2370 4657 2694 4721 indulserit,
2734 4659 2955 4726 publice
2993 4659 3112 4714 cani
3157 4657 3476 4729 Symbolum
3534 4662 3592 4715 in

2007 4749 2194 4814 missa,
2236 4757 2398 4818 prout
2439 4748 2764 4818 Hispanicae,
2819 4761 2876 4804 et
2917 4749 3232 4812 Gallicanae.
3270 4762 3324 4805 et
3360 4751 3594 4807 Germa-

2006 4841 2146 4896 nicze
2173 4851 2228 4896 et
2268 4842 2463 4896 Italicae
2491 4842 2544 4895 in
2587 4857 2754 4912 regno
2788 4841 2956 4897 Italiae
2983 4841 3116 4897 illud
3145 4843 3438 4905 canebant,
3463 4861 3592 4898 cum

2006 4935 2157 4989 vocis
2188 4933 2433 5004 Filioque
2464 4933 2930 5003 interpolationel
3276 4991 3286 5002 ,

2081 5023 2235 5094 IIugo
2281 5026 2599 5092 Eterianus,
2640 5025 2696 5079 in
2737 5039 2927 5095 opere,
2971 5025 3118 5095 quod
3170 5025 3485 5082 Alexandro
3525 5027 3596 5082 III

2007 5116 2258 5171 Romano
2301 5117 2549 5184 pontiﬁci
2598 5118 2960 5186 nuncupavit,
2995 5118 3072 5172 De
3111 5119 3416 5182 lia-resibus,
3461 5135 3600 5191 quas

2008 5208 2064 5262 iu
2118 5206 2338 5261 Latinos
2374 5209 2544 5263 (ἕνωεὶ
2605 5207 3093 5272 devolvunt,libro
3131 5224 3214 5273 ut,
3266 5211 3447 5280 capite
3501 5213 3595 5278 16,

2010 5298 2126 5352 haec
2143 5299 2307 5352 habet
2324 5317 2336 5352 :
2355 5316 2376 5349 ‹
2389 5297 2546 5352 Nulla
2577 5300 2848 5354 calumnia
2869 5300 3144 5354 notandus
3157 5313 3241 5356 est
3261 5304 3598 5372 antiquioris

2005 5390 2194 5446 Roma:
2230 5392 2480 5456 antistes,
2513 5392 2660 5462 quod
2693 5408 2852 5445 causa
2893 5394 3350 5463 interpretationis
3393 5395 3600 5452 dictio-

2004 5500 2129 5538 nem
2149 5499 2336 5550 unam,
2362 5484 2488 5538 dico
2509 5495 2691 5539 autem
2713 5500 2776 5538 ea:
2803 5481 2947 5539 Filio
2971 5485 3266 5555 procedere
3300 5487 3598 5557 Spiritum,

2003 5587 2314 5631 sanctorum
2336 5575 2568 5647 plurium
2601 5577 2985 5646 episcoporum,
3018 5579 3602 5651 scientissimorumque

2005 5669 2368 5724 cardinalium
2386 5686 2638 5724 consensu
2661 5671 2867 5734 habito,
2883 5673 3223 5741 apposuerit.
3249 5691 3267 5724 ι
3301 5674 3427 5728 Ilaec
3460 5678 3601 5733 mihi

2005 5764 2261 5818 videntur
2297 5763 2464 5817 verba
2496 5763 2646 5817 illum
2692 5763 2930 5816 omnium
2961 5779 3270 5818 consensum
3299 5765 3548 5822 indicare
3580 5787 3594 5826 :

2004 5871 2113 5917 quo
2150 5857 2334 5912 habito
2365 5854 2719 5910 Benedictum
2754 5853 2863 5910 VIII
2907 5857 3167 5925 petitioni
3212 5857 3438 5914 Ileurici
3485 5859 3602 5916 itu-
