3830 6368
139 351 143 357 ’
208 397 288 461 ξοδ
1271 386 1464 447 vrrA.
1511 410 1577 422 —
1621 385 1651 445 r

1862 383 2121 444 T‘tTATIO
2167 383 2248 444 Il.
2411 387 2414 390 ’
3268 391 3374 452 906

211 505 420 581 peratoris
466 502 759 566 annuisse,
816 509 1044 556 testatur
1078 499 1254 555 Berno
1301 502 1588 573 Aegiensis
1613 503 1707 558 ab-
1741 550 1784 605 Α
1817 519 1926 564 nes,
1979 500 2314 566 Benedictus,
2364 500 2489 568 Leo,
2540 518 2854 557 successores
2887 520 3033 558 nocte
3077 506 3376 575 Itujusmodi

209 607 297 659 bas,
1741 592 1784 605 "
1816 595 2070 648 doctrina:
2113 592 2375 658 Formosi,
2413 596 2466 647 in
2505 595 2744 648 omnibus
2773 597 2984 664 {uerunt
3029 599 3130 668 ipsi
3182 602 3380 654 discor-

261 690 552 745 Humbcrtus
581 686 904 745 cardinalis,
934 686 1223 755 episcopus
1245 685 1712 751 Silvae-Candidas,
1816 685 1905 737 des
1936 699 1953 737 :
1982 687 2071 753 qui
2111 694 2329 747 secreto.
2377 701 2406 740 a
2447 685 2584 740 Filio
2614 701 2833 755 quoque
2865 691 3161 756 procedere
3202 691 3374 764 δρίιὶ-

205 803 296 843 cum
333 784 500 845 sociis,
547 782 601 834 in
650 781 919 834 sententia
977 781 1345 835 anathematis
1375 789 1564 833 contra
1606 781 1712 833 Mi-
1816 782 1929 826 tum
1963 785 2211 829 sanctum
2259 777 2560 839 asserebat.
2601 787 2925 832 cumtamen
2961 781 3014 832 in
3054 783 3274 848 epistola
3308 785 3378 838 ad

207 876 395 932 chaclem
436 870 779 924 Cerulariutn
821 869 948 929 lata,
980 869 1158 937 ipsum
1215 884 1453 936 suosque
1495 869 1713 922 Graecos
1813 864 1955 918 sedes
1987 866 2374 934 patriam/tales
2411 869 2567 920 missa
2605 868 2668 920 de
2692 868 2804 921 solo
2835 868 2993 922 Putre
3025 870 3201 937 fecerit
3227 889 3402 930 men-.

205 975 393 1023 accusat.
425 962 558 1030 quod
585 961 916 1014 absciderunt
946 977 975 1011 a
1003 959 1251 1029 Symbolo
1283 959 1514 1028 Spiritus
1540 960 1712 1012 sancti
1816 960 2030 1012 tionem.
2062 958 2182 1012 Post
2208 977 2335 1027 quos
2365 976 2482 1012 cum
2507 960 2911 1029 Christoyltorus
2941 978 3077 1030 papa
3110 961 3374 1017 Romanus

207 1057 546 1128 processiouem.
567 1054 622 1106 In
651 1069 841 1107 eorum
863 1052 1072 1106 scilicet
1101 1052 1317 1104 videtur
1342 1052 1430 1105 ille
1452 1051 1712 1120 opinione
1796 1030 2019 1101 ‘creatus
2051 1049 2256 1115 fuisset,
2287 1051 2341 1103 in
2373 1037 2505 1118 i/idei
2537 1051 2888 1119 confessione,
2924 1068 3086 1120 quam
3129 1056 3266 1107 misit
3306 1057 3376 1107 ad

206 1153 350 1210 luisse,
375 1147 456 1215 qui
511 1159 638 1200 ante
691 1145 1156 1198 Monotheliticatn
1201 1145 1474 1205 haeresim,
1503 1159 1566 1197 ac
1598 1143 1711 1197 [οι--
1813 1138 2461 1208 Constantinopolitanum
2493 1143 2880 1212 patriarcltam,
2919 1159 3098 1209 nempe
3127 1146 3179 1198 in
3223 1145 3377 1215 Sym-

208 1253 315 1296 tassc
362 1241 407 1292 in
456 1237 1065 1306 Constantinopolitano
1090 1246 1281 1289 contra
1335 1235 1710 1291 Macedoniam
1813 1231 1950 1296 bolo,
1983 1234 2146 1304 210
2177 1250 2206 1287 a
2242 1233 2382 1289 Filio
2417 1251 2636 1304 quoque
2670 1231 2934 1303 Spiritum
2965 1245 3216 1290 sanctum
3253 1254 3380 1306 pro-

203 1329 381 1401 synodo,
424 1328 686 1396 adiectam
731 1342 916 1381 vocem
974 1323 1218 1396 Filioque
1271 1324 1336 1378 ad
1391 1324 1710 1394 Symbolum
1813 1324 2030 1385 cedere,
2081 1343 2240 1380 ausus
2272 1335 2346 1380 est
2385 1327 2573 1382 dicere.
2625 1326 2740 1392 Qua
2799 1330 2861 1381 de
2901 1345 3064 1382 causa
3115 1339 3293 1396 postea
3347 1349 3378 1383 a

204 1417 431 1486 putabant.
476 1414 762 1480 Quomodo
795 1429 924 1468 vero
959 1415 1136 1468 eidem
1195 1413 1457 1468 cardinali
1511 1423 1567 1467 et
1595 1413 1715 1482 cpio
1813 1412 1998 1483 Sergio
2061 1418 2390 1484 patriarcha,
2437 1419 2526 1487 qui
2565 1421 2825 1488 prwcessit
2861 1419 3217 1481 Cerularium,
3252 1436 3276 1472 e
3303 1424 3383 1474 di-

202 1524 328 1574 θεορο
363 1506 820 1565 Silvas-Candidas,
865 1506 1120 1575 praedicta
1170 1523 1315 1559 anno
1349 1507 1484 1561 1054
1532 1506 1712 1573 profe-
1812 1508 2013 1576 ptgcltis
2044 1509 2154 1578 ipse
2207 1509 2613 1579 Claristophorus
2659 1521 2943 1578 expunctus
2982 1522 3079 1565 est.
3121 1533 3137 1564 ι
3189 1512 3380 1568 Graaro

206 1599 329 1654 renti.
358 1613 453 1650 non
483 1597 972 1665 innotuerit,quod
990 1606 1115 1651 ante
1148 1596 1505 1666 quadraginta
1537 1611 1711 1652 annos
1811 1611 2085 1668 anonymo
2125 1599 2170 1654 si
2200 1601 2502 1666 credimus,
2535 1618 2715 1672 neque
2750 1606 3098 1670 processionis
3133 1605 3196 1657 ab
3229 1614 3376 1657 utro-

202 1692 278 1744 sub
309 1689 523 1744 Henrico
568 1689 898 1756 imperatore
940 1688 1141 1742 factum
1176 1687 1601 1742 constituimus?
1642 1687 1714 1742 At
1814 1707 1915 1760 que
1972 1691 2168 1762 dogma
2216 1703 2462 1759 tenuere,
2509 1711 2688 1766 neque
2736 1697 3038 1766 Symbolum
3090 1698 3378 1766 interpola-

204 1785 499 1845 lhnnbertus,
537 1784 590 1836 in
625 1783 868 1837 Tullensi
898 1783 1122 1837 dioecesi
1149 1783 1448 1836 monachus
1476 1779 1708 1835 Mediani
1814 1789 1935 1832 runt
1983 1781 2214 1837 Romani
2269 1786 2556 1855 pontilices
2588 1803 2760 1856 usque
2797 1787 2862 1841 ad
2899 1787 3228 1852 Formosum,
3281 1787 3376 1858 qui

201 1875 461 1927 monasterii
497 1875 662 1944 209
686 1874 736 1927 in
780 1874 1125 1944 Lotharingia
1148 1914 1163 1937 ,
1186 1873 1501 1943 Symbolum
1540 1873 1711 1926 inter-
1741 1879 1782 1934 Β
1811 1872 1878 1926 ab
1907 1888 2054 1928 anno
2085 1874 2179 1928 89!
2223 1877 2368 1932 sedit
2413 1878 2479 1931 ad
2526 1894 2732 1933 annum
2766 1895 2938 1950 usque
2962 1881 3085 1936 896.
3117 1881 3213 1934 llic
3245 1896 3378 1934 vero

202 1968 392 2035 palatum
423 1968 675 2027 canebat,
707 1967 1073 2034 audiebatque
1106 1965 1227 2017 cani
1263 1965 1376 2018 suis
1403 1965 1455 2018 in
1490 1964 1709 2033 provin-
1816 1960 2099 2020 Formosus
2146 1968 2271 2034 fuit,
2326 1969 2418 2039 qui
2470 1987 2655 2025 novam
2706 1973 3002 2026 doctrinam
3055 1973 3284 2036 invexit,
3331 1974 3378 2027 si

201 2061 273 2111 ciis
316 2061 450 2128 juxta
514 2075 718 2112 morem
771 2060 838 2112 ab
891 2060 1117 2125 antiquo
1171 2061 1510 2115 obtinentem
1551 2097 1566 2118 ,
1619 2073 1714 2112 ve-
1814 2053 1951 2110 ﬁdes
2007 2073 2307 2130 anonymo,
2370 2071 2666 2132 secretoque
2725 2063 3041 2130 asserebat,
3109 2063 3375 2132 Spiritum

202 2166 379 2219 nmque
433 2149 721 2218 ignorabat
781 2151 899 2220 ejus
962 2150 1252 2217 originem.
1298 2151 1542 2218 Vulgari,
1589 2147 1712 2218 qu'aa
1813 2157 2062 2204 sanctum
2127 2166 2158 2203 a
2211 2151 2349 2206 Filio
2399 2169 2620 2223 quoque
2682 2156 3004 2228 procedere.
3063 2152 3216 2208 [laud
3272 2154 3376 2224 ipsi

199 2242 308 2311 apud
337 2258 453 2297 suos
499 2242 803 2304 ferebatur,
840 2252 1243 2312 prmoccupatus
1290 2243 1570 2312 opinione,
1607 2242 1716 2296 Ro-
1813 2248 2245 2303 consenserunt,
2275 2242 2369 2309 qui
2403 2242 2706 2321 Romanam
2736 2254 2962 2299 tenuere
2990 2245 3176 2299 sedem
3206 2259 3380 2314 usque

200 2350 308 2387 mam
346 2335 616 2403 prolectus
660 2344 745 2388 est
772 2349 896 2389 cum
949 2333 1130 2387 Leone
1163 2349 1296 2402 papa
1335 2331 1399 2387 ΙΧ
1439 2333 1507 2387 ab
1536 2348 1712 2403 eoque
1814 2329 1880 2383 ad
1918 2330 2404 2402 Christophorum.
2439 2337 2824 2392 Pontiﬁcatum
2878 2339 3078 2392 invasit
3132 2339 3235 2392 iste
3278 2355 3381 2392 an~

197 2437 369 2480 creatus
390 2427 688 2480 cardinalis
715 2437 771 2480 et
802 2427 1096 2495 episcopus
1136 2425 1612 2480 Silvae-Candida).
1652 2424 1709 2480 In
1816 2434 1887 2472 n0
1917 2421 2044 2486 903.
2073 2423 2217 2477 circa
2252 2423 2413 2479 ﬁnem
2469 2425 2814 2492 NovembriS,
2847 2426 3206 2497 deiectusque
3232 2444 3380 2484 anno

195 2532 262 2578 eo,
288 2518 412 2585 quod
445 2517 763 2571 corularius
797 2517 1083 2570 dissidium
1121 2526 1365 2570 moverat
1417 2533 1518 2586 pro
1541 2517 1709 2571 semel
1819 2515 2141 2584 insequente
2168 2516 2271 2571 fuit
2301 2519 2458 2574 circa
2478 2520 2697 2574 initium
2730 2522 2934 2576 mensis
2955 2521 3103 2577 Junii
3132 2540 3158 2575 a
3188 2522 3381 2592 Sergio

197 2610 348 2682 hausta
378 2609 655 2677 Opinione,
681 2609 899 2664 Graecos
929 2609 1153 2678 putabat
1190 2609 1511 2677 particulam
1542 2607 1714 2662 Filio-
1817 2605 1982 2676 hujus
2045 2610 2287 2665 nominis
2346 2611 2536 2668 tertio.
2597 2613 2916 2683 Symbolum
2977 2614 3188 2682 adjecta
3245 2631 3382 2670 voce

193 2717 267 2767 que
305 2701 587 2754 detraxisse
649 2701 926 2771 Symbolo,
973 2715 1112 2769 quos
1138 2702 1434 2755 acerrimos
1486 2709 1713 2755 noverat
1819 2693 2068 2766 Filioque
2131 2700 2244 2768 ipse
2305 2698 2739 2770 ChristOphorus
2811 2704 3174 2774 interpolasse
3243 2704 3381 2760 dici-

193 2794 486 2856 processionis
535 2793 603 2845 ab
654 2802 873 2859 utroque
917 2791 1121 2845 hostes.
1165 2792 1220 2845 In
1255 2793 1374 2844 viro
1417 2793 1712 2862 eatteroqui
1819 2795 1927 2855 tur,
1987 2779 2104 2843 eam
2161 2792 2232 2845 ob
2287 2808 2506 2848 causam
2566 2809 2595 2847 a
2638 2795 2828 2865 Sergio
2886 2798 3196 2866 patriarcha
3235 2797 3384 2852 Cono

192 2886 462 2939 doctissimo
489 2884 805 2939 accuratior
831 2884 930 2937 hac
975 2884 1029 2937 in
1059 2899 1116 2938 re
1159 2883 1483 2954 perquisitio
1510 2885 1713 2940 frustra
1815 2880 2311 2950 stantinopolitano
2339 2895 2648 2953 expunctus
2682 2901 2711 2941 e
2745 2886 3044 2958 diptyehis.
3091 2888 3216 2942 llaec
3265 2888 3371 2944 ille.

191 2977 465 3044 expetenda.
1891 2971 2077 3026 Rimas
2135 2974 2244 3043 agit
2298 2990 2740 3044 quaquaversum
2793 2978 3101 3045 excogitata
3155 2978 3377 3034 fabella.

244 3067 398 3120 Minus
447 3076 763 3121 accuratam
815 3074 1120 3134 temporum
1145 3108 1160 3131 ,
1211 3067 1414 3137 quibus
1469 3069 1712 3123 Romam
1817 3058 2056 3129 Spiritus
2088 3063 2261 3116 sancti
2293 3065 2676 3134 processionem
2708 3084 2740 3120 a
2782 3067 2946 3121 Patre
2978 3067 3225 3139 Filioque
3265 3085 3376 3125 non

189 3157 394 3211 Ecclesia
421 3158 904 3231 interpolationem
942 3158 1246 3229 admiserit,
1279 3159 1526 3212 notitiam
1555 3160 1710 3214 exhi-
1750 3222 1784 3231 _
1818 3152 2023 3208 invexit
2049 3155 2258 3224 primus
2295 3154 2595 3211 Formosus
2623 3177 2635 3212 :
2664 3174 2826 3228 quam
2861 3175 3232 3230 praecessores
3268 3161 3380 3215 Ro-

188 3249 259 3302 bet
284 3250 516 3304 Andreas
550 3250 887 3304 Rhodiensis
917 3250 1210 3318 episcopus
1243 3250 1294 3303 in
1335 3249 1483 3304 Actis
1502 3248 1714 3304 Graeco-
1743 3222 1786 3279 θ
1822 3261 2010 3300 manes
2052 3247 2339 3316 pontiﬁces
2374 3265 2566 3304 omnes
2595 3251 2857 3314 tenuisse,
2889 3254 3213 3306 saeculorum
3262 3269 3377 3307 om-

189 3341 362 3395 Latinis
398 3344 733 3397 Florentinae
773 3345 967 3414 synodi
1000 3345 1245 3398 sessione
1279 3347 1309 3398 7
1340 3364 1354 3400 :
1390 3363 1422 3402 ,ι
1470 3345 1714 3399 Instante
1817 3337 1968 3390 Itium
2009 3339 2327 3403 tradilione.
2361 3339 2672 3409 Graecwque
2699 3356 2762 3394 ac
2795 3341 2999 3396 Latinae
3026 3343 3226 3411 linguae
3263 3359 3383 3396 om-

184 3437 472 3489 necessitate
517 3435 771 3489 additum
821 3445 903 3489 est
949 3446 1176 3504 propter
1221 3438 1484 3506 quosdam
1519 3440 1715 3494 Nesto-
1817 3429 1967 3482 nium
2016 3431 2239 3484 Patrum
2281 3433 2608 3487 auctoritate
2668 3434 2936 3498 munitos,
2973 3437 3084 3505 jam
3133 3437 3382 3492 ostendi-

186 3527 357 3589 rianos,
384 3530 522 3596 apud
554 3529 964 3583 Occidentalem
1008 3528 1309 3582 Eeclesiam
1351 3530 1716 3585 disseminan-
1820 3538 1961 3576 IDUS-
1992 3521 2136 3585 Ηιιξο,
2169 3539 2198 3576 a
2225 3525 2524 3594 majoribus
2551 3537 2796 3596 accepta.
2827 3527 2962 3582 ﬁdes
2986 3537 3103 3582 erat
3127 3527 3380 3582 Christo-

183 3628 264 3679 tcs,
296 3619 541 3688 Spiritum
576 3631 818 3673 sanctum
867 3637 968 3672 non
1017 3636 1124 3673 esse
1174 3637 1238 3674 ea:
1277 3622 1388 3690 ipso
1426 3620 1586 3684 Filio,
1625 3639 1716 3676 nec
1817 3614 2002 3684 pilOl'i.
2052 3627 2109 3670 Cl
2150 3617 2322 3687 Sergii
2364 3621 2724 3684 successoris.
2767 3623 2861 3691 τιυὶ
2914 3621 3186 3677 Ηετνϐιιιιι
3236 3623 3383 3677 “ilc-

182 3728 302 3763 suum
349 3729 451 3766 me
495 3713 560 3764 ab
616 3711 710 3764 illo
757 3713 1015 3781 accipere.
1054 3712 1230 3779 (Quod
1265 3713 1380 3781 ipse
1410 3714 1714 3783 colligite;
1819 3723 2057 3761 mensem
2084 3711 2585 3781 archiepiscopum,
2637 3715 2868 3784 ejusque
2920 3718 3186 3785 synodum
3221 3717 3386 3773 Tros-

181 3802 471 3858 Ncstoriano
501 3803 778 3874 symbolo,
810 3818 873 3857 ac
917 3800 1322 3858 Thcodorctum
1355 3805 1500 3865 inter
1529 3815 1583 3860 et
1607 3805 1714 3876 Cy-
1821 3797 2050 3851 leianam
2077 3816 2220 3853 anno
2255 3801 2357 3854 909
2387 3803 2716 3858 celebratam
2746 3806 3048 3872 admonuit,
3085 3817 3145 3861 ut
3185 3811 3384 3881 singuli

185 3896 338 3947 riuum
369 3896 806 3950 Alexandrinum
843 3895 1065 3964 litigio.)
1109 3895 1222 3949 Hac
1267 3897 1480 3952 ratione
1525 3908 1712 3952 coacta
1818 3902 2054 3943 nostrum
2116 3892 2326 3961 (ipsius
2379 3893 2575 3952 liervci
2626 3897 2793 3952 verba
2858 3899 3040 3967 sunt),
3095 3903 3381 3970 perspectis

181 3987 262 4039 fuit
286 3987 516 4042 Romana
552 3987 820 4047 Ecclesia,
844 4002 968 4040 cum
1004 4003 1254 4057 magnum
1285 3988 1497 4043 videret
1533 3989 1714 4043 immi-
1818 3983 2042 4036 Patrum
2065 3985 2436 4040 catholicorum
2466 3990 2760 4055 sententiis,
2792 3992 2855 4044 de
2882 3992 3072 4046 divina:
3095 3992 3383 4064 Scriptura

181 4096 285 4133 nere
315 4083 620 4150 periculum
663 4097 676 4133 :
711 4079 835 4132 Jatn
877 4079 1020 4131 enim
1078 4079 1371 4134 cauebatur
1421 4082 1474 4134 in
1523 4081 1693 4136 Gellii.

1871 4076 2078 4127 taretris
2127 4085 2312 4127 acutas
2356 4077 2688 4146 proferamus
2741 4080 2963 4150 sagittas
3015 4086 3266 4152 potentis,
3315 4087 3383 4139 ad

178 4183 214 4225 et
237 4174 506 4243 Hispaniis.
544 4194 565 4225 ι
602 4173 900 4227 Miscentur
921 4173 1127 4225 omnia.
1163 4171 1276 4226 Lux
1307 4183 1548 4228 attamen
1585 4176 1688 4229 sub

1965 4165 2188 4217 diendas
2225 4162 2572 4229 blasphemias
2602 4168 2883 4237 cujusdam
2919 4169 3116 4235 Pltotii,
3151 4171 3381 4242 vigentes

175 4265 295 4319 ιυρει
323 4267 497 4335 aliqua
556 4269 614 4320 in
670 4277 968 4333 postrema
1001 4265 1206 4326 verbis,
1238 4281 1358 4334 qua,
1406 4266 1540 4320 satis
1569 4267 1713 4321 indi.
1816 4253 1871 4305 in
1905 4255 2141 4322 partibus
2172 4254 2399 4312 Orientis
2429 4258 2482 4311 in
2519 4256 2777 4326 Spiritum
2808 4271 3074 4326 sanctum,
3106 4266 3245 4332 quod
3281 4282 3384 4320 non

175 4367 300 4414 cant.
348 4358 654 4412 Romanam
685 4357 988 4410 Ecclesium
1016 4355 1282 4424 adjectam
1313 4355 1458 4409 illam
1497 4373 1604 4410 non
1631 4371 1687 4411 re

1887 4343 2050 4412 Filio,
2084 4349 2186 4402 nisi
2213 4366 2244 4402 α
2282 4349 2442 4402 Patre
2465 4359 2676 4403 tantum
2704 4352 2976 4420 procedat.
3009 4353 3383 4422 blaspheman-

174 4451 355 4518 cepisse
385 4451 839 4519 explicationem,
872 4449 973 4502 nisi
1009 4449 1168 4517 longe
1211 4458 1333 4517 post
1361 4451 1686 4504 consuetudi

1869 4454 1904 4490 I.
1936 4439 2040 4492 Sed
2076 4441 2216 4494 hanc
2256 4441 2440 4505 ﬁdem,
2479 4443 2809 4510 interpolato
2837 4443 3120 4514 Symbolo,
3168 4447 3381 4516 profes-

173 4557 294 4604 nem,
339 4533 663 4615 Symbolum
712 4542 768 4596 in
820 4541 986 4594 missa
1039 4540 1294 4604 canendi,
1331 4540 1399 4593 ab
1451 4541 1712 4597 Ecolesiis
1747 4554 1787 4609 ο
1818 4545 1937 4584 sum
1969 4546 2092 4586 esse
2124 4532 2299 4602 palam
2330 4548 2627 4603 coramque
2663 4534 3124 4606 Christophorum
3164 4539 3384 4608 pontiﬁ-

173 4633 452 4703 llispanicis
481 4644 650 4690 sexto
681 4643 737 4686 et
773 4633 1006 4700 septimo
1029 4633 1254 4696 saeculo,
1277 4640 1334 4687 et
1363 4647 1391 4685 a
1416 4629 1712 4690 Gallicanis
1821 4637 1962 4685 θείην
2014 4623 2263 4677 indicant
2295 4625 2446 4678 “"118
2472 4623 2686 4679 νέῐιιειει
2723 4627 2950 4696 probata
2979 4643 3332 4686 monumenta
3367 4650 3382 4685 :

167 4735 329 4779 octavo
359 4735 412 4780 et
440 4739 596 4777 nono
627 4723 919 4795 invectam.
1239 4725 1243 4729 '
1823 4728 2000 4783 neque
2049 4729 2180 4769 sane
2227 4715 2391 4770 tribui
2440 4716 2539 4772 ista
2588 4727 2855 4786 possunt,
2902 4735 3023 4790 qua:
3070 4732 3386 4786 narrantur,

220 4817 570 4870 Accuratiora
607 4815 712 4882 ipsi
747 4813 920 4868 Graeci
957 4827 1066 4869 non
1111 4813 1338 4877 habent,
1376 4828 1499 4885 qua:
1530 4814 1714 4885 prore.
1823 4806 2000 4861 eidem
2031 4807 2455 4876 Christophoro,
2477 4818 2538 4863 ut
2563 4811 2640 4864 ait
2665 4811 2926 4867 Baronius
2952 4823 3171 4883 :utpote
3190 4817 3281 4884 qui
3306 4816 3386 4869 in-

165 4921 301 4962 ram;
338 4926 356 4960 ι
389 4908 726 4977 Anonymus
751 4903 976 4959 Gracus
1004 4914 1198 4959 auctor
1232 4907 1417 4976 (verba
1451 4917 1576 4960 sum
1616 4907 1714 4960 Ba.
1824 4915 1982 4954 vasor
2015 4901 2334 4970 apostolica
2380 4902 2547 4966 sedis,
2595 4919 2719 4956 mox
2767 4904 2897 4958 sede
2942 4905 3221 4974 depulsus,
3257 4923 3384 4977 per-

164 4999 301 5061 ronii,
354 4999 422 5052 ad
474 5013 691 5052 annum
743 4996 869 5059 883,
920 5011 1074 5050 num.
1129 4996 1240 5065 55),
1278 4998 1372 5066 qui
1421 4997 1563 5052 inter
1605 4997 1712 5052 alia
1823 4992 1978 5046 brevi
2020 5003 2268 5063 tempore
2313 5010 2433 5048 eam
2467 4996 2643 5048 tenuit
2684 4997 3044 5051 tumultuose.
3090 4997 3386 5055 Enorment

163 5089 446 5146 Graecorum
505 5097 872 5144 monumenta
911 5089 1123 5157 positus
1173 5088 1408 5142 habetur
1472 5092 1526 5143 in
1587 5090 1713 5144 νηὶ-
1823 5084 2059 5154 denique
2082 5087 2207 5155 quis
2237 5087 2377 5141 ferat
2401 5087 2655 5157 anonymi
2696 5086 2868 5142 ϐπερὶ
2901 5090 3385 5146 anachronismum

162 5181 384 5237 licellana
431 5182 810 5242 bibliotheca,
842 5180 898 5232 id
951 5180 1192 5250 primum
1230 5180 1434 5235 lacuna
1487 5197 1516 5234 a
1553 5179 1712 5235 Chri-
1823 5179 2140 5242 asserentis,
2165 5195 2196 5234 e
2229 5178 2697 5250 saetisdiplychis
2724 5178 3157 5249 Citristophornm
3193 5183 3392 5238 Roma-

159 5277 377 5345 ttophoro
439 5292 594 5347 papa
642 5273 812 5328 tradit
861 5289 874 5327 :
918 5281 1083 5342 atque
1114 5273 1368 5337 atlirmat,
1421 5289 1593 5343 usque
1643 5273 1711 5328 ad
1822 5285 1950 5322 num
2009 5267 2309 5338 pontificem
2367 5278 2700 5338 expunctum
2749 5286 2781 5326 a
2844 5269 3028 5342 Sergio
3078 5277 3385 5344 patriarcha

161 5365 268 5420 illud
318 5377 546 5436 tempus
616 5379 806 5420 omnes
851 5366 943 5436 qui
993 5375 1396 5435 pratcesserunt
1435 5366 1714 5420 Romanos
1822 5361 2424 5430 Constantinopolitano,
2457 5362 2740 5418 Michaelis
2766 5362 3034 5419 Cerularii
3073 5365 3385 5429 decessore,

159 5459 440 5527 pontiﬁces,
499 5461 563 5514 in
617 5459 862 5526 ipsorum
893 5457 1020 5526 ﬁdei
1047 5457 1369 5526 professione
1407 5458 1712 5512 asseruisse
1821 5455 1887 5508 ad
1914 5455 2165 5508 eamdem
2206 5453 2358 5508 urbis
2397 5455 2568 5523 regiae
2612 5455 2797 5511 sedem
2830 5471 2975 5511 anno
3018 5456 3122 5512 999
3169 5468 3386 5522 evecto,

158 5551 336 5622 absque
355 5556 474 5608 ullo
507 5552 915 5615 additamenta,
945 5548 1203 5621 Spiritum
1231 5559 1472 5603 sanctum
1497 5567 1528 5604 a
1551 5550 1713 5604 Patre
1821 5547 2070 5616 adeoque
2100 5546 2316 5614 integro
2356 5546 2472 5601 lere
2505 5548 2705 5602 saeculo
2733 5557 2861 5618 post
2891 5550 3389 5620 Christophorum?

157 5646 425 5711 procedere.
482 5640 717 5713 Attque'
751 5651 873 5712 post
927 5641 1232 5696 recensitos
1276 5642 1714 5711 pra-decessores
1822 5642 1999 5708 Quid?
2051 5641 2194 5711 quod
2250 5642 2448 5698 l’ctrus
2497 5643 2878 5700 Antiochenus
2922 5644 2976 5698 in
3029 5645 3275 5714 Epistola
3321 5647 3385 5697 ad

159 5740 419 5798 pontiﬁces
447 5757 460 5793 :
503 5737 619 5804 Qui
652 5751 773 5789 vero
802 5736 974 5806 ipsum
1005 5737 1169 5790 secuti
1197 5744 1319 5791 sunt
1367 5733 1709 5799 Formosum,
1822 5735 2144 5792 Michaelem
2177 5734 2524 5789 Cerularium
2554 5735 2698 5805 apud
2731 5736 3064 5793 Cotclerium
3102 5739 3155 5793 in
3191 5736 3384 5790 Monn-

156 5827 458 5899 b’oait‘aeius,
501 5828 834 5892 Steti/mnus,
867 5827 1160 5894 Romanus,
1192 5829 1514 5892 Theodorus,
1543 5815 1711 5881 Joan-
1824 5829 2010 5884 mentis
2047 5822 2292 5882 Ecclesia:
2323 5827 2541 5891 Ortum,
2578 5838 2723 5884 tumo
2778 5831 2840 5889 ll.
2875 5847 3025 5886 num.
3063 5832 3118 5888 5.
3157 5842 3386 5888 testatur
