3852 6462
325 445 452 510 "2'37

1273 421 1600 489 GEORGII
1643 415 1896 480 CYPRII
1942 415 2051 475 (ΣΡ.
2091 404 2618 471 PATRIARCIIIE

3500 393 3616 458 208

350 573 408 613 se
439 561 562 608 ante
594 549 683 602 hos
706 561 873 600 annos
906 540 1264 614 quadraginta
1290 538 1522 608 quinque
1553 532 1928 587 (Ionstantino-
1956 531 2004 590 Α
2031 534 2138 591 est,
2195 522 2541 580 dilectissimi
2589 517 2770 584 nobis,
2820 514 2948 573 lidei
3002 524 3206 572 nostrae
3234 532 3248 570 :
3284 513 3402 569 haec
3451 513 3624 568 verba

349 651 513 718 polin:
568 648 859 716 ingressum
919 634 1202 706 reperisse,
1273 633 1366 684 sub
1417 635 1615 682 sancite
1666 623 1932 678 memoria'

357 742 665 817 patriarcha
719 739 913 790 domno
945 730 1103 801 211
1155 726 1338 796 Sergio
1378 722 1688 794 prati-ictum
1738 730 1934 788 papam

357 813 646 906 iJoaunem
689 829 832 884 XVII
888 826 975 881 vel
1016 820 1204 891 XVIII)
1268 820 1322 873 in
1369 832 1525 870 sacra
1577 813 1746 868 Missa
1815 825 1934 863 cum

357 933 479 988 aliis
510 925 827 1001 patriarchis
859 919 1072 991 referri.
1259 967 1264 974 _

431 1023 794 1079 Metuoratum
824 1013 1002 1083 Sergii
1034 1009 1103 1065 III
1143 1005 1422 1078 pontiﬁcis
1455 1012 1548 1057 aut
1582 1005 1938 1071 prmccptum,

361 1132 458 1173 aut
491 1113 786 1175 monitum,
820 1122 930 1179 quo
973 1103 1290 1161 Gallicanos
1329 1098 1620 1168 episcopos
1683 1093 1737 1146 in
1779 1090 1938 1143 Tros-

361 1213 544 1268 Ieiana
590 1209 954 1274 congregatos
1007 1196 1259 1267 urgebat,
1325 1201 1386 1246 ut
1438 1187 1612 1243 solide
1647 1184 1939 1240 adversum

362 1305 584 1360 Gnaeos
634 1296 1015 1351 vindicaretur
1064 1285 1326 1360 processio
1382 1283 1616 1353 Spiritus
1676 1275 1849 1332 sancti
1907 1290 1940 1324 α

368 1397 530 1460 Filio,
590 1387 937 1463 conjectandi
989 1383 1146 1440 dedit
1201 1394 1392 1435 ansam
1445 1375 1691 1431 Gerardo
1743 1368 1941 1426 .lnauni

362 1481 560 1546 Vossio
623 1487 677 1539 in
744 1479 1134 1537 dissertatione
1194 1473 1265 1529 III
1301 1472 1372 1525 De
1438 1471 1600 1523 tribus
1661 1463 1942 1535 Symbolis,

365 1597 520 1638 num.
555 1577 644 1642 ιι,
679 1575 922 1630 additam
967 1571 1036 1626 ab
1082 1567 1276 1623 eodem
1332 1563 1527 1632 Sergio
1579 1560 1752 1614 fuisse
1789 1558 1946 1626 Symo

366 1674 496 1730 bolo
531 1684 722 1725 vocem
781 1664 1051 1734 Filioque.
1095 1657 1374 1716 Judicium
1425 1655 1528 1709 hoc
1573 1651 1775 1723 (inquit
1831 1647 1945 1715 ille)

369 1767 601 1822 timidius
658 1759 889 1831 profero,
944 1756 1069 1825 quia
1111 1753 1351 1824 priorem
1405 1757 1673 1802 auctorem
1723 1742 1948 1797 laudare

369 1855 565 1924 possim
613 1842 1252 1905 neminem.‘GalIicanos
1311 1841 1502 1906 utique
1541 1851 1639 1892 cos
1685 1833 1950 1905 prasules
1981 1875 2026 1935 Β

370 1947 736 2002 vehementer
769 1937 982 1994 hortari
1023 1935 1207 2007 potuit
1230 1933 1303 1987 ad
1336 1927 1796 2002 prOpugnandutn
1825 1925 1950 1979 fidei

370 2040 593 2108 dogma,
625 2034 762 2105 quin
793 2033 959 2087 ullam
999 2032 1116 2100 ipse
1149 2027 1216 2082 ad
1259 2025 1585 2097 Symbolum
1622 2019 1826 2076 fecerit
1864 2032 1954 2072 ac—

372 2127 708 2184 cessionem.
766 2121 840 2177 Ea
870 2121 1040 2191 igitur
1074 2117 1434 2173 verisimilior
1469 2113 1690 2169 tandem
1726 2118 1955 2180 apparet

374 2218 677 2281 sententia,
731 2231 853 2285 qua:
900 2213 968 2268 ad
1035 2211 1169 2267 illud
1227 2220 1446 2279 tempus
1497 2203 1866 2277 adjectiouem
1902 2203 1955 2255 in

380 2315 626 2369 Romana
678 2306 928 2364 Ecclesia
969 2303 1266 2359 admissam
1310 2301 1503 2364 refert,
1557 2312 1668 2366 quo
1726 2293 1958 2348 Benedi-

379 2412 504 2459 ctus
537 2400 648 2457 VIII
684 2398 907 2469 publice
955 2396 1079 2451 cani
1119 2393 1439 2465 Symbolum
1485 2390 1631 2444 inter
1674 2387 1958 2441 Missar’um

389 2493 662 2551 solemnia
697 2488 999 2545 consensit.
1025 2487 1178 2542 Dicta
1205 2485 1384 2540 recole
1415 2498 1567 2537 num.
1594 2480 1657 2534 5.

454 2585 524 2641 Ἴ.
573 2605 590 2637 i
651 2584 923 2638 Caeterum
976 2580 1136 2635 fateri
1173 2579 1406 2633 interest
1448 2575 1638 2643 (verba
1687 2582 1819 2626 sunt
1867 2569 1964 2623 Mi-

388 2678 600 2734 chaelis
624 2673 893 2745 chuieni
931 2672 984 2726 in
1025 2671 1290 2741 Panoplia
1322 2679 1516 2722 contra
1547 2665 1787 2722 sch‘sma
1818 2662 1967 2719 Grae-

388 2761 580 2826 c’orum
634 2767 836 2822 seculo
887 2781 986 2829 xu,
1033 2763 1211 2834 capite
1261 2763 1314 2824 4,
1371 2775 1528 2814 num.
1582 2757 1697 2825 24),
1747 2753 1964 2809 tametsi

391 2862 614 2920 nonnisi
647 2859 809 2914 initio
860 2857 1047 2912 saeculi
1079 2871 1155 2919 xi,
1190 2854 1488 2909 Benedicto
1519 2849 1633 2904 VIII
1681 2846 1964 2919 pontiﬁce;

390 2953 709 3027 Symbolum
740 2951 926 3006 Romae
947 2951 1000 3004 in
1027 2947 1186 3003 Missa
1210 2949 1333 3003 cani
1357 2953 1597 3014 emptum
1625 2943 1730 3007 sit;
1756 2940 1965 2995 dudum

390 3059 575 3102 tamen
645 3053 807 3099 antea
873 3040 1192 3114 Symbolum
1258 3034 1965 3105 Constantinopolitanum,

389 3149 586 3209 quarta
621 3136 778 3191 Feria
835 3132 1198 3189 hebdomadis
1247 3141 1456 3201 quarta:
1502 3129 1965 3198 Quadragesimai,

2038 629 2167 674 sunt
2221 616 2508 688 Symboli,
2562 629 2674 668 non
2723 610 3010 680 sapientiae
3058 609 3316 663 humanm
3361 621 3626 662 sermone

2040 713 2202 776 tacta,
2224 711 2319 766 sed
2347 725 2490 764 verm
2512 704 2822 761 divinitatis
2851 703 3067 758 ratione
3094 700 3386 772 disposita.
3408 699 3631 766 Quibus

2039 801 2576 872 comprehendendis
2664 808 2829 866 atque
2899 793 3190 850 servandis
3258 806 3422 846 nemo
3514 805 3631 844 non

2042 894 2300 958 idoneus,
2330 907 2497 946 nemo
2533 906 2644 945 non
2681 898 2874 960 aptus.
2908 885 3008 941 Hic
3044 885 3138 939 Dei
3171 884 3349 938 Patris
3403 895 3460 936 et
3499 879 3634 944 Filii

2042 978 2496 1054 uua-aequalitas
2545 984 2942 1052 pronuntiatur
3011 987 3178 1046 atque
3227 987 3490 1043 potcsms.
3533 971 3636 1026 Hic

2042 1073 2345 1143 unigenitus
2384 1069 2478 1124 Dei
2508 1070 2570 1124 de
2604 1067 2782 1122 Maria
2836 1065 3046 1138 Virgine
3130 1073 3179 1118 et
3215 1062 3424 1134 Spiritu
3445 1073 3638 1116 sancto

2043 1167 2328 1222 secundum
2374 1181 2590 1220 carnem
2640 1170 2802 1216 natus
2841 1159 3178 1216 ostenditur.
3227 1158 3330 1212 Hic
3381 1155 3637 1227 ejusdem

2044 1261 2340 1329 cruciﬁxio,
2373 1269 2422 1312 et
2459 1258 2752 1328 sepultura,
2776 1271 2838 1308 ac
2858 1255 2940 1306 die
2969 1255 3124 1308 tertia
3148 1251 3459 1305 resurrectio
3494 1265 3640 1319 prae»

2046 1353 2285 1409 dicatur.
2320 1351 2418 1405 Hic
2443 1349 2681 1402 ascensio
2720 1347 2885 1417 ipsius
2911 1361 3066 1414 super
3115 1344 3292 1407 ctelos,
3331 1353 3386 1397 et
3423 1359 3640 1395 conses-

2046 1449 2123 1500 sio
2153 1447 2207 1499 in
2223 1445 2439 1499 dextera
2463 1451 2703 1513 paterna:
2748 1439 3042 1508 majestatis
3061 1438 3382 1508 agnoscitur
3407 1454 3419 1490 :
3445 1445 3641 1490 uentu-

2049 1554 2240 1609 rasque
2276 1537 2344 1590 ad
2363 1535 2686 1605 judicandos
2725 1534 2867 1587 vivos
2914 1539 2964 1584 et
2996 1541 3236 1585 mortuos
3293 1528 3636 1582 declaratur.

2048 1632 2151 1687 Hic
2183 1629 2412 1701 Spiritus
2441 1638 2656 1682 sanctus
2686 1627 2740 1680 in
2779 1625 2997 1690 eadem,
3022 1639 3128 1693 qua
3163 1624 3324 1677 Pater
3349 1629 3406 1676 et
3437 1621 3638 1683 Filius,

2050 1724 2268 1780 Deitate
2301 1721 2640 1776 indiscretus
2671 1717 2967 1785 accipitur.
3003 1715 3103 1769 Hic
3137 1723 3420 1783 postremo
3455 1709 3643 1764 Eccle-

2050 1818 2144 1871 siae
2173 1816 2410 1879 vocatio,
2457 1823 2789 1884 peccatorum
2838 1809 3082 1864 remissio
3137 1817 3194 1862 et
3241 1809 3419 1861 carnis
3443 1821 3643 1876 [resur-

2057 1910 2217 1964 rectio
2254 1911 2585 1979 perdocetur.
2623 1923 2643 1957 ι

2125 2001 2281 2058 Ilaud
2330 2001 2524 2056 i'verim
2576 1998 2805 2064 inﬁtias,
2853 1997 2996 2051 hanc
3042 1991 3289 2065 Symbolo
3332 1989 3644 2047 Constanti-

2059 2095 2368 2167 nopolitano
2417 2093 2594 2162 aptari
2652 2091 2900 2161 potuisse
2941 2088 3350 2157 expOsitionem
3393 2104 3406 2140 :
3459 2093 3518 2138 at
3574 2101 3642 2138 ea

2062 2173 2381 2262 Symbolum
2437 2185 2621 2256 potius
2674 2182 2906 2236 indicari
2961 2179 3311 2249 apostolicum
3367 2177 3644 2245 simplex,

2064 2285 2250 2340 nullus
2278 2279 2679 2337 dubitaverim.
2705 2275 2892 2332 Codex
2927 2281 3246 2328 as.~.ervatur
3278 2271 3334 2324 in
3365 2269 3648 2325 tabulario

2064 2375 2292 2447 capituli
2323 2373 2719 2428 canonicorum
2768 2364 3190 2432 b‘orojttliensis,
3224 2364 3280 2417 in
3318 2377 3430 2431 quo
3479 2370 3650 2414 vctu-

2067 2481 2185 2526 stus
2233 2466 2552 2537 continetur
2585 2462 2729 2515 ritus
2758 2505 2772 2526 .
2800 2460 3323 2514 ca’techumenorum
3375 2451 3649 2509 scrutinia

2067 2559 2388 2632 peragendi.
2422 2555 2661 2610 ditatem
2702 2553 2819 2606 haec
2850 2551 3019 2606 verba
3055 2549 3457 2604 subindicant:
3505 2546 3652 2599 Huic

2068 2652 2322 2723 mysterio
2352 2646 2589 2719 pontifex
2621 2647 2870 2698 interesse
2897 2643 3070 2706 debet,
3097 2643 3235 2696 sicut
3267 2641 3395 2695 mihi
3446 2638 3656 2709 Luponi

2069 2747 2235 2800 visum
2290 2751 2386 2808 est,
2448 2740 2697 2795 Ecclesia:
2753 2746 2952 2791 sancta:
3006 2733 3356 2804 Aquileiensis
3390 2731 3656 2802 pontiﬁci.

2071 2835 2406 2891 Patriarcha:
2449 2832 2581 2898 duo,
2619 2829 2758 2897 Lupi
2807 2845 2905 2884 seu
2948 2827 3180 2899 Luponis
3212 2826 3436 2880 nomine
3469 2823 3660 2893 appel—

2071 2929 2190 2992 lati,
2259 2934 2626 2982 recensentur
2709 2924 2763 2977 in
2826 2921 3102 2991 Catalogis
3176 2916 3657 2988 Aquileiensibus.

2071 3019 2293 3075 Primus
2361 3019 2663 3072 Teutimaro
2725 3013 3000 3070 successit
3068 3021 3192 3082 post
3259 3025 3467 3064 annum
3523 3009 3659 3073 855,

2075 3116 2329 3180 rcxitque
2382 3110 2686 3166 Ecclesium
2732 3107 2835 3163 sub
2884 3107 3165 3161 Ludovico
3207 3105 3249 3159 ll
3280 3119 3407 3172 rege
3469 3112 3525 3157 et
3557 3103 3668 3155 im-

392 3246 607 3286 necnon
661 3227 906 3283 Sabbato
951 3234 1169 3291 sancto,
1205 3224 1258 3278 in
1301 3223 1535 3278 ecclesia
1582 3237 1740 3291 super
1783 3219 1969 3274 electos

2076 3217 2353 3279 peratore.
2410 3203 2651 3258 Sedehat
2696 3201 2836 3254 alter
2865 3215 3014 3255 anno
3065 3197 3190 3258 9-H.
3228 3197 3330 3252 sub
3379 3211 3505 3275 rege
3545 3193 3665 3247 llu-

393 3322 796 3376 catechumenos
830 3316 1055 3372 recitari
1088 3315 1338 3381 solitum,
1385 3313 1576 3369 Graece
1606 3312 1828 3383 quidem
1863 3326 1974 3364 ma-

395 3414 587 3476 sculis,
620 3411 816 3465 Latine
865 3424 995 3463 vero
1042 3408 1285 3470 feminis,
1318 3417 1378 3460 ut
1411 3406 1646 3460 habetur
1696 3405 1751 3458 in
1801 3403 1976 3458 altero

397 3505 597 3562 Ordine
644 3502 902 3566 Romano,
951 3500 1043 3568 qui
1075 3499 1128 3553 in
1178 3497 1499 3550 Bibliotheca
1535 3494 1764 3549 Patrum
1805 3494 1978 3565 (scili-

397 3609 486 3651 cet
546 3593 922 3665 Lugdunensi,
979 3600 1130 3646 tomo
1187 3588 1325 3656 XIII,
1382 3604 1505 3660 pag.
1558 3588 1686 3655 677)
1739 3600 1978 3642 excusus

401 3693 546 3764 typis
580 3690 706 3744 luit.
738 3688 943 3742 Verum
999 3687 1052 3739 in
1107 3681 1600 3753 Graeco'SymboIo
1652 3679 1773 3764 sine
1827 3679 1977 3748 adje-

401 3763 587 3841 ctione
616 3781 688 3836 de
718 3779 923 3850 Spiritu
961 3787 1146 3832 sancto
1178 3775 1413 3844 legitur,
1453 3773 1512 3824 τὸ
1543 3775 1605 3824 ὲκ
1636 3763 1849 3838 nam;
1883 3771 1978 3820 ὲκ-

365 3871 902 3947 λπορεύόμενυνζίιὶ
932 3868 1129 3924 Latino
1163 3882 1314 3930 vero,
1354 3864 1443 3934 qui
1488 3878 1552 3916 ea:
1596 3861 1759 3916 Patre
1813 3856 1981 3912 Filio-

403 3983 505 4039 que
535 3964 792 4036 procedit.
839 3959 996 4027 Quod
1033 3957 1332 4012 discrimen
1363 3955 1686 4010 Latinorum
1722 3950 1981 4006 librario-

406 4072 530 4112 rum
568 4053 878 4110 oscitanliae
908 4048 1136 4104 attribui
1174 4047 1386 4116 possit:
1413 4045 1517 4100 nisi
1545 4045 1727 4098 forsan
1756 4041 1986 4113 Symbo-

405 4152 520 4206 lum
572 4147 912 4209 Graecorum,
968 4151 1030 4195 ut
1077 4156 1106 4194 a
1163 4138 1424 4193 secundae
1473 4136 1667 4207 synodi
1724 4133 1984 4188 Patribus

406 4243 618 4299 editum
663 4235 818 4304 erat,’
845 4236 914 4290 ab
967 4233 1118 4288 omni
1168 4234 1546 4286 additamento
1598 4243 1824 4299 purum,
1878 4227 1986 4280 Ro-

411 4331 558 4388 mani
607 4327 942 4383 servandum
992 4321 1314 4378 censuerint
1362 4337 1378 4376 :
1423 4335 1549 4374 cum
1603 4317 1828 4370 interim
1867 4317 1988 4386 ejus

407 4424 667 4480 Latinam
707 4415 1124 4473 translationem
1175 4429 1282 4466 una
1332 4411 1525 4466 vocula
1573 4409 1764 4478 augeri
1827 4422 1987 4478 posse

408 4519 637 4575 minime
688 4513 1045 4574 dubitarent.
1112 4508 1272 4576 Quod
1340 4518 1522 4562 tamen
1587 4506 1796 4561 dudum
1863 4512 1990 4572 post

2076 3315 2216 3372 gone
2293 3308 2350 3352 et
2393 3296 2657 3351 Lothario
2707 3293 2819 3348 lilio
2868 3291 3010 3359 ejus.
3045 3291 3281 3357 Quinam
3319 3302 3665 3344 memoratus

2078 3396 2133 3450 in
2166 3392 2360 3448 codice
2394 3399 2603 3444 vnostro
2641 3387 2750 3441 dici
2783 3385 2984 3440 debeat
3012 3383 3182 3452 Lupo,
3215 3397 3283 3436 an
3318 3382 3555 3452 primus,
3591 3396 3664 3434 an

2079 3489 2245 3553 alter,
2296 3499 2404 3539 non
2450 3490 2687 3539 constat.
2741 3479 2799 3534 Id
2858 3493 2994 3533 vero
3046 3487 3437 3547 compertum,
3490 3475 3668 3529 ritum

2052 3579 2476 3636 ~Scrutiniorum
2509 3591 2581 3629 eo.
2604 3571 2854 3630 exhiberi
2896 3571 2953 3624 in
2995 3571 3208 3634 codice,
3251 3570 3345 3640 qui
3377 3584 3526 3624 nono
3561 3584 3669 3624 sa:-

2080 3675 2205 3730 culo
2243 3681 2337 3727 aut
2375 3671 2587 3726 decimo
2643 3669 2696 3722 in
2746 3683 2850 3722 usu
2895 3675 3012 3720 erat
3057 3663 3202 3734 apud
3257 3664 3667 3733 Aquileienses.

2082 3764 2457 3838 Apostolicum
2484 3762 2801 3835 Symbolum
2831 3774 2992 3830 porro
3019 3759 3212 3813 electis
3239 3757 3667 3812 catechumenis

2086 3858 2371 3922 traditum,
2409 3855 2570 3909 docet
2634 3852 2846 3907 codex:
2886 3851 3178 3918 eidemque
3222 3847 3487 3920 Symbolo
3522 3862 3668 3917 pra:-

2085 3952 2190 4005 l'ala
2225 3947 2520 4018 explicatio
2561 3944 2929 4016 subjungitur.
2983 3942 3147 3997 ltitus
3186 3941 3414 4012 hujusce
3448 3948 3670 4011 partem

2084 4046 2294 4114 accipe,
2350 4057 2472 4112 quae
2515 4039 2784 4110 sequitur.

2164 4152 2184 4186 ι
2199 4134 2394 4204 Incipit
2430 4131 2675 4202 prtrfatio
2697 4127 2951 4202 Symboli.
2975 4129 3268 4199 Antequam
3283 4128 3428 4181 dicas
3447 4125 3680 4198 Symbo-

2089 4228 2215 4293 lum,
2235 4227 2313 4280 his
2339 4225 2503 4279 verbis
2527 4237 2873 4292 prosequere:
2892 4220 3234 4275 Dilectissimi
3263 4219 3422 4274 nobis
3441 4220 3494 4272 in
3512 4219 3688 4274 Chri-

2089 4329 2200 4380 sto.
2228 4329 2338 4373 etc.
2391 4317 2514 4370 Post
2543 4317 2653 4370 hazc
2678 4315 2938 4379 accipiens
2972 4311 3243 4383 acolythus
3270 4328 3434 4364 unum
3461 4313 3681 4380 e:c_ipsis

2091 4410 2379 4482 infantibus
2397 4408 2712 4473 masculum,
2739 4417 2918 4460 tenens
2953 4408 3004 4460 in
3029 4407 3250 4459 sinistro
3285 4404 3518 4468 brachio,
3587 4422 3688 4470 po-

2093 4504 2260 4558 nendo
2293 4518 2508 4556 manum
2529 4517 2682 4571 super
2705 4507 2862 4567 caput
2893 4499 3046 4569 ejus:
3070 4507 3116 4551 et
3145 4499 3428 4567 interroget
3462 4498 3689 4568 presby-

411 4612 615 4671 Leonis
643 4607 706 4664 Ill
735 4619 982 4677 tempora
1018 4604 1222 4658 factum
1256 4603 1383 4655 erit.
1410 4601 1736 4668 Quanquam
1769 4598 1996 4651 minime
2027 4589 2073 4644 ι)
2103 4608 2179 4652 ter
2213 4611 2230 4650 :
2259 4596 2375 4662 Qua
2411 4595 2596 4662 lingua
2626 4580 3279 4655 conlitenturﬁominum
3309 4590 3493 4646 Jesum
3517 4590 3695 4645 Chri-

413 4703 860 4777 praetermittam,
891 4697 1140 4752 ordinem
1173 4695 1318 4747 hunc
1359 4693 1665 4746 Romanum
1696 4689 1771 4743 De
1798 4689 1986 4742 divinis

412 4792 594 4864 ofﬁciis
658 4790 724 4845 ad
775 4802 910 4843 usus
957 4795 1011 4839 et
1049 4799 1233 4838 mores
1263 4781 1558 4837 Gallicanae
1603 4778 1860 4835 ECcIesiae
1901 4793 1990 4830 ac-

2091 4688 2269 4744 stum?
2289 4686 2581 4757 Respondet
2601 4683 2892 4753 acolythus.
2913 4682 3122 4736 Latina.
3143 4679 3209 4733 Et
3222 4681 3361 4734 dicat
3379 4685 3656 4751 presbyter
3671 4696 3694 4735 :

2092 4781 2368 4838 Annuntia
2396 4778 2557 4832 ﬁdem
2590 4777 2858 4845 ipsorum,
2889 4773 3128 4844 qualiter
3161 4773 3421 4827 credunt.
3457 4772 3524 4826 Et
3592 4776 3696 4826 ille

414 4887 830 4947 commodatum
863 4878 1058 4934 videri.
1102 4876 1318 4930 illisce
1347 4874 1453 4928 viri
1482 4872 1786 4927 doctissimi
1818 4872 1996 4924 anim-
2093 4878 2277 4928 cantat
2311 4867 2617 4940 Symbolum
2667 4883 2686 4922 :
2711 4865 2888 4920 Credo
2941 4865 2997 4918 in
3033 4865 3202 4918 Deum
3244 4864 3463 4918 Patrem
3497 4869 3699 4919 omni-

417 4974 839 5034 adversionibus
876 4969 1012 5024 satis
1046 4965 1344 5029 evincitur,
1376 4963 1513 5017 nihil
1567 4964 1751 5017 inesse
1788 4961 1842 5016 in
1889 4962 1993 5014 hu-

413 5067 655 5144 jusmodi
705 5064 907 5119 Ordine
949 5057 1137 5115 solida:
1171 5055 1539 5120 auctoritatis,
1574 5069 1696 5124 quae
1720 5062 1994 5107 vetustam

417 5143 620 5234 probet
653 5157 707 5210 in
747 5152 989 5209 Ecclesia
1029 5149 1275 5204 Romana
1307 5145 1681 5202 accessionem
1711 5145 1860 5201 vocis
1896 5143 1998 5198 Fi-

419 5256 593 5322 lioque
620 5249 685 5304 ad
721 5245 1066 5319 Symbolum.

497 5341 740 5398 Dixerim
775 5345 1061 5406 praetcrea,
1091 5346 1273 5401 neque
1301 5328 1620 5402 Symbolum
1654 5328 1834 5398 ipsum
1859 5326 1998 5383 Con-

421 5430 966 5501 stantinopolitanum
1001 5423 1142 5478 tradi
1183 5423 1376 5477 electis
1421 5421 1781 5476 consuevisse
1815 5419 1870 5472 in
1903 5417 2002 5473 Ec-

2097 4974 2373 5034 potentem
2397 4958 2735 5032 (Symbolum
2764 4965 2848 5012 cst
2880 4957 3302 5028 apostolorum).
3343 4956 3410 5010 Et
3433 4961 3559 5011 dum
3593 4961 3702 5011 hoc

2095 5062 2297 5119 cantat,
2336 5067 2552 5106 manum
2591 5066 2746 5120 super
2765 5058 2920 5117 caput
2953 5058 3146 5102 teneat.
3191 5047 3304 5103 Iloc
3328 5049 3487 5118 213
3510 5049 3699 5116 ﬁnito,

2098 5148 2288 5202 iterum
2309 5146 2533 5214 accipiat
2555 5143 2692 5198 alter
2712 5142 2983 5215 acolythus
3002 5158 3061 5196 ea:
3081 5143 3203 5212 ipsis
3228 5143 3518 5212 infantibus
3536 5143 3703 5212 femi-

2101 5241 2388 5307 nam,sicut
2419 5255 2605 5310 supra.
2641 5236 2706 5290 Et
2731 5234 3012 5307 interroget
3034 5237 3302 5307 presbyter
3331 5236 3468 5288 sicut
3502 5244 3699 5291 antea.

2103 5331 2172 5386 Et
2209 5332 2318 5400 ipse
2364 5329 2633 5399 acolythus
2669 5337 2841 5382 cantet
2872 5325 3201 5397 Symbolum,
3264 5334 3324 5380 ut
3355 5343 3519 5393 supra
3561 5328 3705 5380 scri-

2105 5431 2251 5496 ptum
2283 5432 2380 5478 est.
2403 5421 2520 5477 Hoc
2539 5422 2543 5426 ’
2565 5420 2792 5491 expleto,
2829 5420 3064 5489 sequitur
3090 5418 3358 5488 presbyter
3379 5419 3459 5471 his
3487 5423 3661 5472 verbis
3688 5434 3704 5447 ·

423 5528 592 5585 clesia
627 5525 898 5582 Routana,
948 5518 1043 5573 sed
1077 5517 1311 5586 simplex
1357 5531 1421 5570 ac
1471 5529 1669 5583 purum
1718 5512 2012 5580 vulgatum
2107 5517 2228 5572 Filii
2278 5514 2615 5580 charissimi,
2655 5513 2888 5567 audistis
2915 5525 3103 5565 vocem
3138 5510 3337 5573 Patris,
3367 5520 3475 5564 etc.

430 5617 797 5690 apostolicum.
836 5612 891 5667 Id
935 5610 1117 5680 colligi
1149 5623 1310 5678 posse
1341 5622 1407 5661 ex
1441 5605 1620 5672 brevi,
1653 5619 1776 5672 quae
1822 5601 2010 5671 sequi-

428 5725 540 5776 tur,
575 5709 736 5778 212
765 5705 978 5761 eodem
1013 5704 1082 5757 in
1133 5699 1318 5755 ordine
1366 5698 1714 5767 expositione
1763 5694 2007 5766 Symboli

429 5805 564 5860 mihi
596 5803 815 5856 videtur
848 5798 948 5854 :‘in
992 5810 1111 5864 qua
1143 5792 1390 5863 ejusdem
1422 5787 1716 5858 apostolici
1767 5783 2010 5856 Symboli

433 5907 645 5955 tantum
693 5894 858 5952 verba
919 5888 1151 5948 indicari
1198 5881 1498 5943 videntur:
1539 5901 1560 5937 ι
1611 5881 1740 5938 Ilaec
1794 5889 2012 5936 summa

2187 5624 2206 5658 ι
2253 5603 2321 5659 Et
2376 5606 2666 5659 annuntiat
2713 5603 3004 5664 diaconus,
3053 5600 3262 5664 dicens:
3315 5599 3539 5668 Signate
3599 5612 3703 5654 vos

2111 5713 2324 5764 omnes,
2350 5706 2405 5750 et
2433 5695 2621 5760 audite
2653 5694 2999 5765 Symbolum.
3036 5694 3103 5749 Et
3129 5694 3306 5748 dicunt
3347 5690 3557 5744 excelsa
3576 5706 3704 5743 voce

2113 5791 2421 5863 presbyter,
2476 5795 2522 5841 et
2577 5787 2828 5842 diaconus
2902 5794 2951 5840 et
3009 5787 3144 5842 idem
3206 5785 3390 5856 repetit
3457 5783 3703 5836 chorus:

2115 5878 2294 5936 Credo
2356 5875 2412 5931 in
2471 5876 2639 5932 Deum
2695 5875 2999 5933 Patrem..
3039 5917 3055 5934 .
3097 5917 3110 5935 .
3173 5876 3339 5934 vitam
3402 5880 3700 5929 aeternam.
