3852 6532
214 461 303 530 209

1324 469 1525 536 Vl'l'A;
1565 497 1633 509 -·
1675 471 2184 538 DISSERTATIO
2222 478 2307 541 If.

3330 485 3437 549 210

217 586 368 636 Amen
411 580 756 654 (Symbolum
796 593 882 639 est
939 586 1356 654 apostolorum:
1408 587 1554 657 quod
1588 587 1752 642 etiam
1785 595 1826 650 Α
1857 591 2023 646 verbis
2048 608 2068 648 :
2095 593 2221 649 llmc
2254 609 2467 650 summa
2515 602 2596 651 est
2622 596 2745 652 ﬁdei
2797 605 3022 663 nostris,
3064 597 3434 655 dilectissimi.

216 672 452 740 integrum
491 674 840 743 exponitur).
902 673 1148 747 Sequitur
1204 679 1457 747 expositio
1491 677 1754 749 Symboli.

215 764 352 820 Credo
380 766 434 818 in
464 764 633 820 Deum
652 765 872 821 Patrem
896 772 1323 839 omnipotentem.
1360 769 1417 826 Si
1447 770 1756 835 credidisti,

216 851 308 904 noli
328 851 600 909 dubitare.
618 854 743 909 Noli
771 855 957 911 facere
979 857 1048 913 de
1078 859 1404 917 credulitate
1443 861 1753 930 perﬁdiam.

214 941 314 996 Noli
342 943 530 996 vitium
566 944 781 999 sociare
800 946 1011 1002 virtuti.
1040 947 1233 1005 Dixisti
1258 967 1272 1003 :
1305 938 1476 1004 Credo
1505 951 1560 1005 in
1593 949 1758 1004 Deum

214 1034 420 1088 Patrem.
457 1034 514 1088 In
547 1050 718 1090 unum
759 1037 931 1092 Deum
956 1048 1124 1094 totam
1153 1040 1447 1097 confessus
1489 1057 1549 1097 es
1574 1042 1759 1096 Trini-

215 1134 376 1180 tatem.
440 1124 511 1180 Et
557 1127 615 1180 in
671 1126 857 1183 Iesum
912 1128 1202 1186 Christum.
1259 1130 1420 1188 Jesus
1482 1129 1755 1198 Salvator,

219 1214 448 1271 Cluistus
498 1226 704 1273 unctus
770 1222 999 1293 mystice
1048 1232 1427 1294 nuncupatur.
1504 1224 1759 1281 Salvator

214 1306 413 1371 dicitur,
439 1310 569 1378 quia
599 1311 718 1381 ipse
744 1328 858 1368 suae
884 1313 1134 1369 Salvator
1167 1316 1344 1371 factus
1356 1327 1447 1371 est
1469 1327 1757 1372 creaturas.

214 1396 346 1449 Sicut
390 1398 555 1453 etiam
583 1416 743 1470 reges
770 1403 918 1467 oleo,
968 1403 1042 1458 ita
1076 1405 1414 1475 plenitudine
1438 1416 1524 1463 est
1557 1408 1760 1463 divini-

214 1485 316 1540 tatis
340 1487 567 1543 inl‘usus.
590 1487 793 1545 Filium
815 1494 931 1565 ejus
948 1496 1161 1549 unicum
1189 1495 1473 1552 Dominum
1498 1508 1758 1556 nostrum.

211 1576 331 1641 Quia
388 1594 508 1635 esse
546 1581 668 1649 ﬁlii,
698 1597 823 1640 esse
882 1585 1092 1642 domini
1151 1597 1487 1660 acceperunt
1534 1591 1624 1644 alii
1661 1607 1762 1662 per

210 1669 454 1735 gratiam:
503 1672 625 1743 ipse
687 1684 915 1741 autem,
993 1679 1138 1747 quod
1202 1687 1289 1734 est
1348 1679 1543 1745 Filius,
1612 1681 1759 1751 quod

212 1770 280 1813 est
336 1762 631 1831 Dominus,
667 1767 774 1824 hoc
814 1784 970 1825 suam
1044 1770 1288 1840 possidet
1329 1787 1431 1843 per
1488 1784 1760 1828 naturam.

214 1850 302 1915 (lsi
356 1864 509 1911 natus
568 1866 648 1911 est
703 1860 768 1914 de
821 1854 1028 1932 Spiritu
1077 1872 1264 1919 sancto
1321 1880 1386 1917 ex
1420 1863 1600 1918 Maria
1639 1864 1761 1920 Vir-

209 1945 331 2014 gine.
357 1946 521 2018 Virgo
568 1961 625 2006 et
676 1952 918 2023 Spiritus
965 1966 1189 2012 sanctus
1216 1958 1607 2011 commercium
1647 1957 1761 2011 vir-

213 2037 325 2091 tutis
378 2048 462 2094 est
493 2041 718 2099 caeleste
763 2047 1107 2101 consortium
1150 2047 1471 2117 'majestatis
1522 2048 1762 2118 insigne.

210 2129 344 2194 Quod
369 2146 497 2202 ergo
521 2144 748 2204 generat
780 2137 967 2209 Virgo,
997 2139 1244 2194 divinum
1284 2148 1392 2205 est,
1422 2155 1532 2195 non
1564 2139 1762 2194 huma-

212 2236 346 2277 num.
371 2224 600 2282 Mundus
619 2244 730 2283 non
747 2235 919 2299 capit,
941 2231 1082 2288 ratio
1098 2246 1207 2287 non
1230 2232 1422 2288 habet:
1446 2234 1589 2303 sapit
1605 2232 1761 2298 ﬁdes,

213 2326 306 2366 non
325 2315 463 2385 sapit
489 2320 676 2375 saeculi
702 2320 1018 2392 inquisitor.
1054 2325 1296 2380 Dicitur:
1326 2324 1433 2380 Sub
1454 2324 1646 2380 Pontio
1673 2323 1766 2378 Pi-

211 2402 305 2459 lato
329 2409 611 2477 cruciﬁxus
644 2424 747 2479 est,
773 2424 822 2468 et
850 2415 1106 2485 sepultus.
1142 2417 1357 2472 Audisti
1388 2433 1585 2473 nomen
1613 2417 1766 2488 judi-

210 2498 296 2561 εἰς,
324 2516 387 2555 ne
416 2510 638 2573 tempus
661 2508 1063 2577 persecutionis
1109 2508 1349 2581 ignores.
1397 2511 1609 2567 Audisti
1639 2527 1765 2567 cru-

214 2590 436 2656 ciﬁxum,
498 2606 562 2650 ut
598 2596 745 2652 scias
830 2601 1003 2654 vitam
1077 2602 1305 2658 rediisse
1375 2620 1475 2673 per
1529 2605 1763 2675 lignum.

212 2686 408 2742 Audisti
426 2690 726 2759 sepultura,
753 2708 822 2747 ne
850 2706 1085 2749 mortem
1117 2696 1550 2766 perfunctoriam
1582 2703 1764 2770 snspi-
1807 2704 1814 2713 '

210 2780 356 2834 ceris.
386 2780 611 2837 Mortem
664 2784 871 2854 fugisse
896 2787 1115 2842 timoris
1162 2798 1267 2852 est,
1295 2790 1496 2845 vicisse
1523 2791 1763 2848 virtutis.

220 2869 381 2925 Tertia
404 2874 488 2927 die
510 2878 802 2931 resurrexit
838 2879 1014 2933 virens
1066 2897 1098 2934 a
1153 2883 1393 2937 mortuis.
1431 2883 1565 2948 Quia
1617 2885 1763 2953 quod

211 2978 387 3033 passus
415 2977 521 3032 est,
542 2969 714 3025 solius
737 2980 821 3026 est
840 2973 1060 3039 carnis;
1086 2974 1230 3044 quod
1250 2977 1567 3040 resurrexit,
1602 2978 1768 3034 totius

209 3055 366 3120 gloria
415 3057 726 3134 Trinitatis.
780 3063 1026 3118 Ascendit
1074 3067 1127 3120 in
1158 3067 1369 3121 cwlum.
1412 3068 1521 3122 Nos
1563 3068 1764 3134 ferens,

210 3164 305 3203 non
336 3162 394 3206 s'e
423 3131 690 3218 relerens,
733 3170 826 3225 qut
857 3170 966 3209 non
1019 3156 1208 3211 deerat
1265 3157 1425 3213 coelo.
1484 3158 1641 3213 Sedet
1695 3131 1765 3212 ad

1862 684 1991 741 lla-c
2024 685 2193 740 verba
2224 696 2353 741 sunt
2386 685 2652 760 Symboli,
2684 709 2702 741 ι
2742 699 2852 745 ctc.
2882 691 3080 746 Eadem
3105 700 3188 748 est
3222 693 3438 761 exposi-

1861 778 1955 839 tio.
1985 787 2149 847 prout
2181 778 2235 832 in
2269 779 2468 833 Ordine
2494 779 2729 834 Romano
2759 780 2994 850 legitur:
3030 798 3153 851 qua:
3186 782 3438 852 superio-

1861 884 1975 923 rem
2033 868 2276 939 Symboli
2314 871 2610 941 apostolici,
2674 889 2780 926 non
2835 870 3435 943 Constantinopolitani,

1858 961 2255 1029 expositionem
2282 964 2610 1033 compendio
2660 964 2943 1019 collectam
2972 964 3223 1020 exhibet.

1928 1048 2136 1104 Praeter
2196 1048 2435 1105 Ordines
2483 1050 2778 1115 Romanos,
2831 1053 3043 1108 editum
3095 1055 3328 1109 alterum
3360 1055 3435 1108 ab

1859 1136 2153 1210 Hittorpio.
2201 1134 2551 1211 alterumque
2588 1158 2619 1196 a
2677 1142 3022 1207 Mabillonio,
3068 1159 3221 1198 num.
3262 1145 3315 1207 7,
3367 1144 3426 1197 in

1861 1231 2064 1300 quibus
2115 1232 2380 1288 traditum
2433 1234 2848 1288 catechumenis
2870 1235 3075 1304 legitur
3110 1235 3435 1305 Symbolum

1863 1322 2548 1395 Constantinopolitanum;
2610 1326 2927 1398 Symbolum
2965 1328 3092 1382 item
3145 1327 3330 1383 Graece
3381 1337 3439 1399 et

1862 1416 2056 1472 Latine
2084 1427 2297 1488 prostat
2330 1420 2385 1473 in
2418 1418 2859 1476 Sacramentario
2905 1420 3223 1485 Gclasiano,
3278 1436 3435 1476 num.

1840 1510 1953 1569 .55.
1988 1510 2133 1587 apud
2171 1511 2529 1567 Muratorium
2567 1512 2620 1566 in
2646 1509 2889 1584 Liturgia
2941 1512 3186 1567 Romana
3240 1511 3435 1574 veteri,

1865 1609 2014 1656 tomo
2047 1601 2090 1656 Ι.
2118 1603 2186 1656 Αι
2208 1603 2393 1659 brevis
2424 1604 2513 1659 illa
2537 1605 2797 1660 occurrit
2841 1602 3134 1674 expositio,
3168 1618 3290 1672 quae
3344 1617 3440 1671 po-

1866 1693 1975 1748 tius
1998 1692 2337 1763 apostolicum
2367 1694 2572 1751 indicat
2597 1695 2917 1766 Symbolum
2958 1710 3063 1750 :ac
3091 1695 3149 1750 in
3201 1703 3438 1763 utroque

1865 1796 2150 1856 praeterea,
2174 1785 2366 1842 Graeco
2414 1795 2472 1842 et
2505 1785 2721 1853 Latino,
2755 1802 2858 1841 vox
2892 1785 3138 1859 Filioque
3164 1786 3438 1842 desidera—

1869 1886 1980 1931 tur.
2015 1875 2280 1947 Scriptum
2307 1878 2552 1934 codiccm
2580 1880 2635 1932 in
2661 1877 2917 1943 Francia,
2958 1894 3058 1949 pro
3093 1887 3246 1934 certo
3278 1878 3438 1932 habet

1867 1966 2069 2036 Ioseph
2126 1966 2296 2021 Maria
2351 1968 2700 2034 Thomasius‘,
2767 1969 2862 2039 qui
2929 1969 3438 2024 Sacramentarium

1869 2058 2014 2113 istud
2078 2057 2419 2113 Gelasianum
2483 2060 2693 2130 primus
2753 2061 3036 2132 vulgavit:
3091 2060 3276 2132 ibique
3337 2078 3437 2132 pro

1869 2140 2022 2205 more
2069 2149 2364 2230 Gallicanae
2418 2151 2653 2223 alicujus
2722 2152 2979 2208 Ecclesiae
3042 2142 3436 2223 interpolatum

1867 2242 2059 2311 fuisse,
2087 2244 2219 2299 nihil
2242 2260 2343 2315 ego
2382 2244 2768 2301 dubitaverim.
2796 2245 3175 2302 Christianum
3219 2246 3436 2318 Lupum

1868 2351 2091 2406 sequor,
2143 2336 2236 2405 qui
2289 2336 2342 2391 in
2387 2336 2777 2393 dissertatione
2806 2337 2873 2392 de
2922 2336 3182 2409 Symbolo
3219 2347 3439 2407 aposto-

1869 2428 1974 2484 lico
2019 2437 2074 2483 et
2105 2427 2348 2489 Nicaeno,
2378 2428 2552 2497 capite
2576 2427 2631 2493 3,
2663 2429 2968 2497 quaestione
3002 2429 3058 2497 '5,
3109 2429 3193 2484 sic
3234 2429 3436 2484 habet:

1875 2547 1892 2579 ι
1930 2522 2252 2593 Κεεβοηίιεο
2292 2522 2602 2594 huiusmodi
2634 2521 2854 2578 Ordines
2900 2538 3009 2577 non
3045 2537 3170 2578 esse
3197 2537 3325 2577 vere
3371 2536 3451 2577 ac.

1868 2630 2004 2685 pure
2039 2613 2337 2679 Romanos,
2365 2613 2458 2668 sed
2484 2613 2670 2667 multis
2694 2612 3025 2667 Francorum
3054 2611 3441 2667 additamentis

1870 2708 2290 2762 transformatos
2318 2745 2333 2761 .
2375 2743 2390 2760 .
2421 2745 2435 2761 .
2476 2705 2820 2777 Quapropter
2870 2722 2979 2761 non
3053 2713 3182 2761 sunt
3245 2704 3479 2759 Carolo.

1870 2799 2063 2869 Magno
2115 2798 2476 2869 antiquiores.
2539 2796 2654 2854 Sub
2686 2798 2833 2855 illius
2878 2799 3025 2855 enim
3055 2799 3287 2868 imperio
3348 2809 3440 2853 aut

1871 2904 2038 2960 regno
2094 2890 2430 2945 Francorum
2486 2890 2728 2959 episcopi
2773 2898 3064 2957 coeperunt
3119 2889 3440 2961 Symbolum

1869 2992 2089 3038 cantare
2144 2981 2213 3038 ad
2277 2982 2521 3046 missam,
2551 2990 2607 3036 et
2654 2981 2753 3051 ipsi
2799 2981 3044 3037 inserere
3086 2981 3222 3036 illud
3251 2979 3443 3049 Hispa-

1872 3075 2056 3129 nicum
2093 3075 2268 3146 (vocis
2304 3073 2568 3145 Filioque)
2602 3074 3067 3129 additamentum.
3133 3073 3324 3143 Neque
3355 3081 3441 3126 ta-

1873 3180 1996 3219 men
2032 3164 2379 3234 baptizarunt
2401 3164 2455 3218 in
2488 3164 2580 3218 illo
2600 3163 2881 3235 Symbolo.
2920 3163 3093 3217 Lucet
3121 3177 3191 3217 ex
3250 3161 3443 3228 hujus-

209 3241 465 3298 dexteram
522 3244 729 3301 Patris.
794 3246 993 3302 Totum
1033 3248 1272 3304 tenendo
1301 3249 1447 3319 quod
1478 3252 1765 3320 potestatis
1796 3289 1838 3343 ο
1872 3255 2016 3310 modi
2034 3254 2302 3310 Ordinum
2334 3254 2535 3310 ibidem
2568 3254 2633 3309 ad
2651 3254 3076 3309 catechumenos
3093 3251 3298 3318 verbis,
3319 3265 3442 3321 qua:

206 3343 279 3388 est
307 3343 363 3390 et
390 3335 639 3393 honoris.
671 3338 804 3394 Inde
845 3348 1093 3395 uenturus
1123 3351 1198 3396 est
1242 3343 1488 3412 judicare
1512 3346 1654 3397 vivos
1713 3352 1763 3397 et

213 3437 452 3484 mortuos.
492 3428 644 3495 Quos
677 3440 773 3485 aut
804 3431 987 3486 mittat
1024 3433 1090 3487 ad
1123 3434 1376 3504 gloriam,
1405 3442 1501 3488 aut
1543 3434 1766 3491 damnet

204 3520 262 3573 ad
291 3535 526 3591 penam.
564 3521 738 3578 Credo
767 3525 821 3578 in
849 3522 1106 3595 Spiritum
1145 3536 1416 3580 sanctum.
1470 3526 1622 3582 Sicut
1647 3545 1766 3584 cre-

205 3611 375 3668 dimus
424 3614 481 3669 in
518 3615 688 3670 Deum
724 3616 965 3681 Patrem,
999 3619 1071 3674 ita
1094 3620 1374 3675 credimus
1400 3621 1454 3676 in
1490 3622 1761 3692 Spiritum

206 3719 462 3763 sanctum.
491 3707 733 3778 Spiritus
762 3718 984 3766 sanctus
1032 3713 1306 3783 quomodo
1345 3716 1628 3784 potabitur
1659 3717 1767 3769 mi-

208 3813 300 3853 nor
319 3814 441 3855 esse
474 3800 764 3856 divinitate
793 3802 825 3855 ἲ
847 3802 1086 3871 Patrem,
1154 3817 1211 3860 et
1244 3806 1440 3860 Filium
1490 3817 1545 3862 et
1594 3807 1768 3877 Spiri-

208 3896 312 3943 tum
344 3900 591 3946 sanctum
618 3892 997 3949 manifestatos
1041 3895 1344 3962 vocabulis,
1399 3911 1509 3950 non
1565 3897 1774 3951 divisos

206 3984 495 4040 substantia
517 3984 822 4039 sentiamus
859 4003 873 4038 :
905 3996 959 4040 et
1013 3986 1284 4057 perfectos
1331 3988 1605 4057 personis,
1663 4004 1771 4044 non

206 4076 495 4133 minoratos
544 4079 747 4135 ordine
796 4079 1090 4136 fateamur.
1146 4081 1397 4136 Sanctam
1483 4081 1773 4137 Ecclesium

207 4168 533 4225 catholicam.
581 4169 724 4237 Quia
757 4172 872 4242 ipsa
900 4181 985 4227 est
1011 4187 1211 4241 corpus
1234 4171 1461 4239 Christi,
1490 4183 1546 4228 et
1600 4174 1776 4241 ipsius

206 4270 359 4329 caput
390 4271 477 4318 est
502 4262 779 4320 Christus.
814 4263 1094 4319 Christum
1117 4279 1247 4332 ergo
1278 4264 1332 4318 in
1365 4274 1552 4319 sancta
1582 4265 1774 4321 Eccle-

204 4354 275 4407 sia
298 4355 644 4412 conﬁtemur.
677 4356 842 4428 214
869 4357 1241 4412 Remissionem
1293 4364 1641 4426 peccatorum.
1671 4357 1776 4424 Qui

206 4447 300 4502 sibi
328 4449 505 4504 credit
531 4449 654 4505 dari
688 4450 1086 4520 fegnumcmli,
1137 4449 1416 4520 quomodo
1441 4450 1551 4506 sibi
1572 4451 1777 4508 dimitti

207 4551 415 4606 peccata
450 4557 564 4597 non
595 4543 785 4598 credat
808 4542 1400 4601 'lleuminnocentes
1433 4544 1773 4613 recipit,non

1871 3348 1924 3401 in
1960 3345 2297 3416 Aquileiensi
2319 3348 2481 3399 etiam
2511 3346 2617 3399 ritu
2651 3343 2928 3398 habentur
2966 3361 2979 3399 :
3011 3341 3238 3424 latentis
3261 3342 3443 3411 itaque

1869 3439 2062 3494 animis
2100 3436 2406 3510 Symbolum
2427 3437 2607 3491 discite
2628 3452 2647 3493 :
2669 3443 2717 3490 ct
2752 3436 2891 3505 quod
2920 3436 3066 3496 vobis.
3092 3437 3224 3490 sicut
3281 3451 3430 3488 acce-

1868 3533 2060 3602 pimus,
2095 3531 2379 3597 tradimus,
2428 3544 2532 3582 non
2570 3527 2732 3583 alicui
2756 3527 2995 3582 materia:
3024 3542 3141 3597 qua:
3169 3526 3447 3595 corrumpi

1869 3632 2054 3694 potest,
2084 3623 2245 3694 215
2273 3623 2365 3677 sed
2391 3623 2595 3694 paginis
2623 3622 2780 3675 vestri
2817 3619 2986 3674 cordis
3036 3618 3330 3672 inscribite.
3373 3616 3443 3673 At

1869 3715 2146 3785 quodnam
2234 3715 2338 3769 hoc
2401 3713 2767 3783 Symbolum?
2827 3710 3131 3781 Evangelici
3203 3708 3441 3780 Symboli

1868 3815 2256 3862 sacramentum
2310 3823 2344 3859 a
2404 3805 2626 3859 Domino
2670 3804 3009 3872 inspiratam,
3071 3801 3135 3855 ab
3194 3800 3442 3869 apostolis

1873 3899 2191 3952 institutum.
2216 3896 2379 3966 Cujus
2393 3912 2562 3967 pauca
2580 3893 2788 3965 quidem
2808 3893 2959 3948 verba
2974 3900 3115 3958 sunt,
3136 3891 3229 3945 sed
3252 3906 3445 3959 magna

1877 3989 2146 4061 mysteria.
2188 3987 2417 4043 Sanctus
2439 3987 2575 4040 enim
2611 3984 2861 4056 Spiritus,
2899 3984 2988 4054 qui
3028 3983 3296 4055 magistris
3340 3979 3444 4034 Ec-

1874 4081 2045 4135 clesia:
2088 4082 2191 4134 ista
2246 4079 2486 4137 dictavit.
2553 4076 2650 4130 tali
2705 4075 2933 4145 eloquio,
2968 4072 3169 4144 talique
3196 4073 3448 4127 brevitate

1874 4172 2215 4241 salutiferam
2247 4172 2480 4224 condidit
2508 4169 2685 4238 ﬁdem,
2717 4176 2770 4222 ut
2799 4166 2938 4239 quod
2966 4167 3285 4221 credendum
3310 4166 3448 4220 vobis

1876 4275 1973 4331 est,
2004 4280 2305 4335 semperque
2331 4262 2707 4334 proﬁtendum,
2735 4277 2827 4314 nec
2854 4259 3264 4330 intelligentiam
3286 4258 3451 4326 possit

1879 4358 2066 4416 latere,
2125 4373 2218 4410 nec
2271 4355 2578 4409 memoriam
2637 4354 2883 4424 fatigare.
2950 4350 3131 4405 Palam
3194 4349 3451 4404 laudatur

1880 4449 2226 4517 apostolicum
2260 4447 2607 4520 Symbolum,
2662 4446 3085 4509 aﬁirmaturque»
3124 4452 3353 4498 cunctos
3396 4442 3451 4496 in

1882 4526 2001 4609 ipso
2022 4539 2309 4610 baptizari.
2343 4528 2930 4606 (Animadvertendum
2982 4537 3085 4607 est)
3141 4535 3453 4591 Constanti-

206 4644 482 4689 nocentes.
503 4634 798 4690 Credimus
846 4635 1015 4698 enim,
1042 4636 1201 4690 nobis
1240 4636 1426 4691 omnia
1446 4635 1774 4691 remittenda
1802 4632 1854 4692 ι)
1881 4629 2248 4700 nopolitanum
2284 4628 2605 4700 Symbolum
2640 4644 2747 4682 non
2782 4644 2875 4696 per
2928 4628 3067 4698 ipsos
3097 4626 3455 4681 catechume-

201 4738 315 4778 esse
334 4734 560 4795 peccata
586 4744 601 4792 ;
637 4728 760 4797 quia
788 4727 895 4782 nisi
919 4728 1315 4794 sancti,sancta
1341 4744 1449 4784 non
1482 4744 1775 4800 possumus

205 4814 505 4880 possidere.
559 4815 749 4872 Carnis
800 4820 1253 4873 resurrectionem.
1317 4819 1590 4890 Resurget
1646 4834 1779 4891 ergo

205 4922 330 4961 caro
358 4917 573 4968 nostra.
613 4917 667 4962 ut
694 4924 815 4978 qua:
851 4909 957 4964 fuit
989 4909 1265 4979 particeps
1302 4904 1395 4964 aut
1417 4911 1658 4974 virtutis,
1688 4919 1783 4966 aut

200 4998 465 5061 criminis,
491 4999 578 5053 vel
607 5000 815 5069 praemii
842 5000 1116 5070 particeps
1143 5015 1262 5055 esse
1281 5001 1452 5071 possit
1475 5001 1557 5055 vel
1581 5017 1778 5072 poenae.

202 5088 488 5147 Credimus
519 5099 573 5145 et
592 5092 756 5145 vitam
786 5098 1064 5145 cateruam.
1090 5090 1227 5157 Quia
1259 5092 1423 5145 homo
1444 5103 1571 5146 tunc
1596 5092 1783 5147 vivere

204 5181 412 5251 incipit,
448 5180 674 5252 quando
695 5196 754 5236 se
778 5182 988 5236 nesciet
1020 5181 1184 5235 mori.

273 5291 294 5325 ι
314 5272 521 5328 lterum
556 5272 844 5326 annuntiat
869 5271 1122 5325 diaconus
1141 5288 1160 5327 :
1193 5272 1419 5343 Signate
1444 5288 1541 5328 vos
1558 5288 1777 5339 omnes,

198 5365 449 5432 etgdicite
479 5364 827 5439 Symbolum.
851 5362 922 5417 Et
945 5363 1113 5418 dicent
1149 5364 1478 5435 Symbolum,
1513 5375 1568 5419 ut
1592 5374 1785 5436 Supra,

198 5456 370 5512 Credo
402 5460 460 5512 in
493 5460 693 5513 Deum.
721 5456 999 5521 (Occurrit
1034 5472 1251 5527 semper
1276 5457 1594 5529 Symbolqu
1655 5460 1789 5512 sim-

201 5549 314 5616 plex
341 5547 761 5619 apostolicum.)
786 5547 852 5602 Et
892 5554 1085 5602 tractat
1115 5548 1380 5617 presbyter
1435 5548 1513 5601 his
1573 5548 1740 5603 verbis
1765 5565 1785 5604 :

202 5641 410 5695 Idcirco
435 5640 606 5711 hujus
638 5637 883 5711 Symboli
910 5638 1050 5692 ratio
1066 5638 1214 5693 omni
1242 5637 1509 5693 brevitate
1538 5653 1785 5694 connexa

198 5743 313 5799 est,
346 5743 457 5787 etc.
485 5731 626 5786 Item
659 5733 914 5785 diaconus
949 5732 1128 5785 dicat:
1166 5728 1388 5799 Signate
1445 5743 1542 5784 vos
1574 5745 1787 5795 omnes.

200 5836 250 5877 et
291 5825 486 5879 audite
523 5823 853 5895 Symbolum
886 5823 1140 5892 (simplex
1172 5821 1584 5891 apostolicum.)
1616 5821 1679 5875 Et
1706 5822 1787 5877 di-

202 5927 374 5975 cunt:
414 5917 603 5976 Credo
636 5916 693 5974 in
718 5915 912 5972 Deum.
975 5915 1041 5970 Et
1111 5919 1314 5969 tractat
1375 5913 1644 5985 presbyter
1711 5916 1789 5971 his

1881 4738 2004 4785 nos,
2029 4722 2124 4776 sed
2162 4738 2320 4792 super
2342 4722 2479 4791 ipsos
2501 4720 2683 4791 juberi
2721 4721 2798 4788 (in
2847 4718 3153 4774 Ordinibus
3183 4732 3452 4770 memora—

1880 4814 1975 4885 tis)
2013 4828 2111 4883 per
2137 4813 2454 4883 acolythum
2488 4812 2727 4867 recitari.
2754 4810 2856 4876 Qui
2888 4811 3027 4863 ritus
3066 4823 3168 4862 nec
3196 4807 3455 4878 apostoli-

1880 4922 1971 4959 cus
1989 4914 2093 4968 est,
2121 4920 2222 4960 nec
2252 4903 2543 4969 Romanus,
2596 4918 2698 4957 nec
2735 4902 2996 4970 antiquus
3039 4898 3182 4968 apud
3231 4897 3453 4953 Gallos:

1881 4998 1976 5052 sed
2019 4997 2235 5051 noviter
2284 4994 2526 5050 indictus
2585 5010 2682 5064 per
2740 4992 2982 5047 Francos
3037 4990 3217 5060 magni
3261 4989 3444 5045 Caroli

1884 5089 2192 5160 episcOpos.
2214 5088 2298 5142 Ob
2338 5087 2560 5142 easdem
2595 5099 2810 5147 causas,
2834 5095 2900 5137 ex
2926 5083 3129 5151 quibus
3161 5081 3457 5137 voluerunt

1884 5182 2093 5238 euntari
2129 5181 2196 5234 ad
2223 5182 2466 5243 missam,
2501 5178 2717 5232 recitari
2752 5176 2897 5231 istud
2918 5175 3241 5248 Symbolum
3270 5174 3459 5230 volucr

1886 5282 2031 5346 runt_
2064 5286 2229 5342 super
2267 5270 2717 5325 catechumenos.
2754 5285 2774 5320 ι

1956 5362 2420 5418 Verisimillimum
2449 5362 2560 5430 jam
2613 5374 2763 5423 vero,
2790 5358 3039 5428 mihique
3067 5358 3181 5414 fere
3206 5372 3461 5427 comper-

1889 5464 2003 5509 tum
2038 5454 2271 5520 videtur,
2298 5451 2594 5506 Romanam
2650 5451 2949 5507 E'cclesiam
2989 5466 3164 5520 neque
3190 5450 3439 5521 Symbolo

1890 5533 2491 5617 Constantinopolitano,
2508 5560 2685 5614 neque
2700 5545 2851 5599 vocis
2872 5543 3104 5633 Filioque
3119 5544 3429 5599 additamen
3445 5571 3465 5582 -

1895 5650 1970 5702 to,
2008 5639 2121 5693 ullo
2148 5652 2389 5708 unquam
2423 5646 2859 5705 tempore,usam
2891 5632 3012 5690 esse
3037 5635 3093 5689 in
3123 5632 3470 5704 baptismatis

1874 5731 2393 5794 administratione;
2419 5729 2471 5783 id
2494 5738 2731 5782 attamen
2760 5726 2997 5781 inGallia
3030 5725 3157 5780 etin
3176 5724 3478 5781 Germania

1894 5822 2098 5876 factum
2129 5821 2406 5890 aliquibus
2438 5820 2495 5887 in
2525 5818 2808 5873 Ecclesiis.
2852 5815 3176 5871 Edmundus
3204 5815 3467 5873 Martcne,

1898 5914 1975 5971 De
2003 5916 2244 5988 Antiquis
2288 5912 2537 5969 Ecclesia:
2574 5913 2757 5967 ritibus
2794 5909 2926 5964 labro
2954 5925 2988 5976 ι,
3037 5907 3214 5979 capite
3254 5906 3303 5973 l,
3338 5903 3474 5960 arti».
