3852 6478
378 393 476 456 QII

1344 402 1665 467 GEORGII
1710 407 1972 468 CYPBII
2013 406 2120 472 (ΞΡ.
2165 409 2680 472 PATRIARCH/E

3530 407 3641 473 212

379 507 504 577 culo
555 509 638 569 11,
692 523 844 562 num.
914 509 1002 576 10,
1061 511 1258 569 docet:
1303 515 1955 584 Constantinapolitanum
1985 526 2028 581 Α
2063 521 2381 586 tentionem,
2406 538 2568 590 quam
2595 523 2930 579 habuitcum
2952 522 3300 578 sanctissimo
3321 523 3638 592 patriai-cha

383 600 560 652 notari
623 600 676 652 in
719 599 1464 676 Pontificalt"Salisburgeusi,
1516 610 1572 661 in
1611 611 1960 664 vetustissimo

382 691 560 744 codice
621 691 864 748 Rcmensi
915 712 1176 750 annorum
1213 698 1336 761 900,
1368 700 1496 752 etin
1558 701 1726 766 primo
1779 701 1962 754 ordine

385 781 642 837 Scrutinii
699 787 893 840 codicis
947 786 1300 844 Celloneusis.
1361 791 1688 846 Orientaletn
1741 793 1961 847 demum

387 874 536 943 quod
575 877 768 932 attinet
793 878 860 933 ad
891 879 1216 948 Ecclesiam,
1281 881 1416 953 Lupi
1445 884 1849 939 animadversio
1881 895 1965 939 est

387 965 509 1020 loco
570 967 760 1034 citato,
822 972 1122 1040 quaestione
1177 975 1225 1040 l,
1286 977 1338 1028 in
1376 992 1438 1028 ea
1467 978 1649 1029 statim
1685 995 1716 1030 a
1749 976 1963 1031 Nicteno

388 1056 686 1122 Nicwnum,
750 1071 798 1115 et
829 1065 1009 1117 statim
1040 1083 1070 1118 ιι
1112 1064 1698 1135 Constantinopolitano
1749 1068 1965 1122 concilio

392 1153 604 1219 ca'pisse
633 1150 960 1224 baplizandis
995 1159 1134 1212 tradi
1163 1159 1469 1231 Symbolum
1511 1160 1964 1232 Constantinopo-

395 1241 642 1298 litanum.
684 1245 815 1312 Qua:
855 1247 928 1303 ibi
960 1251 1181 1321 capiosa
1217 1252 1439 1308 disserit
1478 1269 1600 1309 cum
1627 1252 1964 1320 eruditione,

397 1333 621 1402 legenda
656 1349 805 1395 sunt.

891 1461 1056 1531 216
1092 1462 1317 1518 CAPUT
1381 1465 1469 1520 VI.

411 1540 587 1600 Vanus
625 1548 927 1606 Graecorum
984 1555 1248 1610 scissionis
1307 1558 1370 1610 ab
1430 1556 1668 1611 Ecclesia
1727 1555 1971 1610 Romana

468 1631 534 1697 es?
549 1619 908 1697 additamenta
937 1625 1093 1697 vocis,
1136 1625 1407 1697 Filioque,
1446 1637 1732 1696 pra'textus
1762 1628 1971 1681 desum-

469 1695 610 1752 ptus.
668 1688 881 1761 Objecta
940 1695 1258 1763 refutantur.

475 1803 527 1857 1.
557 1801 630 1858 Ex
662 1804 765 1862 hac
789 1809 938 1865 vocis
968 1807 1213 1882 Filioque
1241 1811 1543 1876 additione,
1575 1813 1733 1882 cujus
1783 1813 1970 1868 hacte-

2066 610 2287 675 Menna,
2317 613 2576 682 quodque
2608 614 2753 669 hunc
2781 614 3164 684 deposuisset:
3198 615 3375 668 donec
3415 615 3644 679 iterum,

2063 717 2193 768 pace
2219 703 2356 754 inter
2379 703 2520 772 ipsos
2552 706 2854 770 constituta,
2883 705 3227 760 reconciliati
3270 713 3400 758 sunt
3453 704 3641 774 ponti-

2067 793 2213 846 ﬁces.
2251 794 2318 847 At
2349 804 2548 849 sancta:
2573 807 2734 850 sexta
2762 797 2951 866 synodi
2986 796 3329 865 temporibus
3353 809 3486 864 papa
3517 804 3641 849 erat

2065 899 2221 938 sacer
2243 885 2471 953 Agatho,
2497 887 2579 940 vir
2610 888 2942 942 venerabilis
2997 903 3060 941 ac
3092 889 3146 939 in
3171 885 3376 939 divinis
3400 885 3644 954 sapiens.

2069 975 2214 1044 Lege
2251 978 2387 1030 sexti
2433 977 2594 1047 hujus
2615 980 2832 1033 concilii
2866 988 3006 1043 acta,
3037 994 3163 1048 quae
3211 977 3433 1031 recitari
3466 976 3648 1030 solent

2069 1066 2343 1122 Dominica
2363 1080 2706 1139 consequente
2731 1071 3104 1125 exultationem
3126 1070 3435 1124 uenerandte
3453 1070 3650 1134 pretio-

2067 1177 2242 1230 swque
2269 1163 2435 1216 crucis
2461 1203 2476 1228 ,
2513 1164 2763 1219 invenies
2814 1163 3378 1233 dietumAgathonem
3402 1177 3430 1215 a
3460 1172 3649 1215 sancta

2069 1266 2133 1306 ea
2163 1254 2372 1324 synodo
2396 1254 2627 1322 gloriose
2677 1257 2982 1324 praedicari.
3029 1275 3048 1308 ι
3114 1255 3169 1308 ln
3201 1255 3427 1325 Typico,
3497 1254 3646 1322 quod

2073 1345 2247 1400 sancti
2283 1344 2441 1401 Saba:
2473 1346 2700 1411 dicitur,
2741 1348 2856 1402 haec
2894 1349 3172 1402 habentur
3193 1350 3376 1416 capite
3411 1347 3472 1400 19.
3503 1347 3650 1416 apud

2073 1440 2412 1512 Ducmgium
2442 1442 2496 1496 in
2535 1441 2812 1497 Glossario
2840 1443 3025 1495 ntedia:
3060 1450 3108 1494 et
3154 1440 3350 1508 inﬁma:
3395 1438 3653 1495 ercita-

2075 1533 2142 1586 tis
2177 1547 2194 1586 :
2230 1534 2486 1604 κυριακῇ
2544 1536 2684 1602 μετὰ
2725 1533 2824 1604 τὴν
2864 1532 3074 1602 ῦψωσιν
3120 1529 3560 1599 ἀναγινώσκεται
3593 1529 3655 1580 τὸ

2077 1626 2356 1680 συνοδικὸν
2393 1629 2492 1697 τῆς
2525 1632 2578 1691 ς’
2613 1626 2856 1680 συνόδου.

2153 1736 2171 1769 ι
2211 1717 2288 1772 Ad
2319 1717 2435 1772 haec
2457 1733 2559 1788 ego
2583 1732 2802 1787 quoque
2829 1718 2984 1772 testis
3008 1732 3128 1770 sum
3156 1715 3304 1770 omni
3331 1713 3657 1782 exceptione

2079 1811 2274 1878 major,
2304 1809 2507 1879 aliique
2536 1826 2746 1864 mecum
2777 1811 2961 1878 plures
2984 1824 3175 1864 eorum
3205 1807 3300 1876 qui
3329 1808 3382 1860 in
3416 1806 3659 1860 Ecclesia

399 1896 800 1954 nushistoriam
823 1903 1183 1966 narravimus.
1208 1907 1530 1974 praetextum
1554 1903 1980 1976 sumpsitCeru-
2011 1893 2050 1948 Β
2083 1901 2404 1972 ρι’ωρριιυηι
2440 1917 2455 1954 :
2493 1899 2636 1970 quod
2680 1901 2782 1954 sub
2825 1905 2992 1954 beatae
3033 1900 3309 1954 memoriae
3351 1897 3660 1967 patriarcha

399 1987 589 2054 larius,
614 2006 721 2060 quo
769 1993 911 2049 inter
937 2005 1224 2066 utramque
1265 1997 1585 2064 Ecclesiam,
1638 1999 1886 2052 Latinam
1923 2007 1976 2052 et

397 2076 662 2145 Crtrcam.
687 2083 923 2142 schisma
959 2087 1262 2156 inveheret,
1297 2091 1537 2160 illudque
1567 2091 1828 2144 ﬁrmaret.
1880 2092 1980 2146 Ve-

400 2183 515 2224 ram
543 2187 760 2229 causam
783 2179 1071 2246 superiore
1094 2182 1272 2250 capite
1291 2183 1624 2251 aperuimus,
1656 2192 1767 2237 tum
1791 2198 1978 2252 repre-

407 2262 632 2318 hensam
717 2269 1145 2337 damnatamque
1205 2273 1375 2336 tituli,
1442 2290 1554 2343 quo
1610 2275 1976 2344 patriarcham

405 2358 782 2411 weumenicum
853 2361 1085 2415 vocabat
1146 2379 1291 2428 sese,
1360 2366 1797 2435 usurpationem,
1861 2375 1973 2419 tum

404 2447 575 2501 latum
609 2449 662 2503 in
693 2449 872 2520 ipsum
899 2467 928 2505 a
959 2453 1151 2523 legatis
1175 2457 1470 2525 pontiﬁciis
1521 2462 1834 2512 anathema.
1861 2458 1976 2510 Bile

407 2539 678 2609 percitus,
743 2542 1040 2598 vindictam
1098 2547 1354 2616 sumpsit,
1421 2548 1648 2602 Itomani
1702 2549 1976 2618 pontiﬁcis

406 2629 627 2685 nomine
651 2645 681 2685 e
717 2632 890 2688 sacris
923 2633 1196 2705 diptychis
1257 2647 1553 2705 expuncto.
1584 2638 1727 2691 Idem
1761 2649 1818 2690 ut
1847 2652 1976 2705 age-

409 2730 571 2785 rent,
620 2721 745 2776 data
797 2725 1075 2794 encyclica
1127 2727 1378 2795 epistola,
1447 2729 1674 2798 urgebat
1751 2729 1972 2782 Petrum

408 2813 814 2868 Antiochenum
862 2816 1109 2886 aliosque
1136 2819 1498 2884 patriarchas.
1528 2820 1815 2872 I’rosmtea
1831 2817 1974 2887 apud

406 2906 700 2964 Baronium
728 2908 792 2962 ad
823 2924 1026 2963 annum
1060 2909 1211 2974 1051,
1239 2927 1367 2965 num
1409 2913 1570 2975 28,et
1593 2911 1732 2980 apud
1759 2910 1976 2964 Cotele-

407 3000 551 3054 rium
600 2999 787 3056 Graece
841 3012 897 3056 et
959 3001 1150 3057 Latine
1221 3003 1273 3056 in
1338 3003 1684 3057 Monumentis
1733 3001 1980 3056 Ecclesia

411 3090 1106 3149 Crccavtomoll.Consilii
1155 3093 1239 3148 sui
1295 3093 1535 3164 pudebat
1567 3095 1780 3163 ipsum:
1835 3095 1978 3148 unde

415 3183 733 3252 ﬁgmentum
790 3185 1106 3252 excogitans
1125 3185 1200 3240 ait
1227 3201 1377 3239 num.
1429 3185 1482 3250 9,
1514 3183 1796 3237 Rumorem
1840 3184 1978 3236 inso-

2086 1994 2378 2049 Antiochia:
2415 1993 2609 2046 domno
2635 1993 2848 2048 Joanne
2903 1992 2991 2062 (lll
3019 1992 3160 2061 apud
3191 1989 3437 2044 Bollandi
3469 1987 3661 2041 (Zonti‘

2087 2096 2348 2141 nuatores
2387 2095 2444 2140 et
2497 2086 2839 2156 Lequienum
2862 2127 2878 2149 ,
2910 2086 3108 2139 srecnlo
3139 2092 3373 2137 exeunte
3404 2081 3620 2134 decimo
3644 2118 3660 2142 ,

2087 2177 2454 2246 iuchoatoque
2486 2177 2824 2244 undecimo).
2854 2192 2992 2246 papa
3025 2175 3324 2236 Romanus,
3355 2175 3467 2242 ipse
3496 2173 3660 2224 etiam

2083 2266 2319 2322 Joannes
2351 2267 2588 2336 (XVIII)
2618 2270 2962 2330 nominatus,
2994 2268 3045 2319 in
3077 2265 3247 2320 sacris
3274 2262 3545 2333 diptychis
3576 2277 3662 2314 rc—

2083 2360 2344 2414 lerrctur.
2382 2381 2402 2413 ι
2435 2359 2546 2414 Vox
2567 2360 2664 2422 illa
2694 2358 2984 2415 Antiochia:
3014 2357 3156 2426 apud
3190 2356 3482 2410 Baronium
3513 2351 3664 2406 desi-

2087 2454 2314 2508 deratur
2347 2471 2360 2506 :
2396 2453 2596 2522 legitur
2626 2468 2752 2506 vero
2787 2453 2840 2504 in
2879 2460 3027 2505 textu
3063 2449 3252 2504 Gneco
3289 2458 3345 2502 et
3403 2445 3663 2499 versione

2087 2543 2278 2598 Latina
2306 2531 2686 2598 emendatiore
2713 2543 2855 2612 apud
2883 2542 3235 2597 Cotelerium.
3264 2541 3532 2608 Deceptus
3560 2537 3663 2590 Ba-

2089 2636 2278 2689 ronius
2301 2635 2565 2689 Joannem
2591 2635 2743 2688 illum
2767 2633 3132 2704 patriarcham
3159 2633 3374 2701 putavit
3399 2629 3667 2686 Cerretan-

2088 2726 2533 2796 tiuopolitanum,
2585 2725 2998 2794 numeravitque
3050 2723 3352 2779 Sisinnium
3406 2724 3549 2776 inter
3598 2737 3665 2776 ac

2088 2817 2336 2888 Sergium
2377 2837 2392 2872 :
2430 2818 2522 2872 sed
2567 2817 2712 2871 hunc
2744 2818 3063 2871 binominem
3097 2816 3267 2870 fuisse
3302 2814 3516 2868 censuit
3552 2815 3658 2866 Pa-

2085 2910 2207 2978 gius
2234 2908 2302 2962 ad
2332 2925 2534 2962 annum
2556 2908 2714 2972 1019,
2735 2909 2996 2976 deceptus
3022 2917 3078 2961 et
3107 2906 3244 2974 ipse.
3272 2905 3466 2959 Veram
3497 2905 3661 2958 exhi-

2087 3000 2178 3056 bet
2221 3000 2502 3054 historiam
2547 3000 2766 3055 Graecus
2811 2999 2954 3056 Petri
3001 2998 3326 3052 Antiocheni
3374 3005 3587 3058 textus,
3629 3011 3663 3048 a

2086 3091 2362 3146 Cotelerio
2409 3090 2662 3161 vulgatus
2695 3110 2708 3146 :
2740 3110 2758 3142 ι
2815 3087 3344 3157 Coastantinopolim
3395 3099 3664 3158 praeterea

2088 3194 2212 3237 ante
2251 3185 2342 3237 hos
2382 3199 2550 3236 annos
2591 3184 2949 3253 quadraginta
2990 3185 3218 3254 quinque
3254 3184 3418 3252 (anno
3455 3183 3669 3237 scilicet

414 3249 589 3327 nuisse
617 3275 830 3328 auribus
851 3249 982 3339 suis,
1016 3276 1153 3345 quod
1171 3291 1365 3345 papam
1392 3249 1619 3344 (Romae)
1650 3274 1764 3343 ipse
1791 3273 1984 3326 Petrus
2008 3249 2054 3313 C
2086 3290 2211 3330 aera:
2249 3275 2488 3344 vulgaris
2528 3249 2686 3343 1009)
2731 3249 3029 3343 ingressus,
3094 3249 3271 3342 reperi
3317 3275 3421 3330 sub
3461 3285 3669 3329 sanctre

411 3368 472 3420 ἰδ’.
501 3367 670 3419 sacris
719 3367 978 3438 diptychis
1048 3370 1266 3438 referat,
1318 3370 1544 3438 itemque
1591 3367 1986 3421 Alexandrinus

377 3529 381 3532 .
417 3465 467 3510 et
510 3455 1028 3528 Hierosolymitanus
1070 3460 1287 3511 antistes
1318 3440 1466 3528 lcum
1499 3457 1553 3511 id
1611 3467 1849 3512 attamen
1887 3458 1989 3511 mi-

419 3550 568 3604 nime
603 3549 758 3604 ﬁeret
789 3549 1394 3618 Constantinopolitana
1420 3551 1472 3604 in
1501 3550 1795 3613 Ecclesia).
1836 3548 1989 3602 Nosti

422 3643 580 3706 enim,
613 3660 643 3696 a
689 3651 919 3712 tempore
947 3651 1144 3694 sanch
1168 3649 1216 3694 et
1249 3642 1574 3694 meumenica:
1595 3651 1755 3694 scala:
1781 3641 1988 3711 synodi,

419 3753 483 3788 ac
503 3734 761 3801 deinceps.
783 3733 1094 3787 relationem
1115 3749 1268 3802 pnpa’
1292 3735 1343 3786 in
1371 3733 1535 3785 sacris
1550 3733 1827 3803 diptychis.
1852 3731 1993 3800 apud

419 3836 628 3881 nostras
685 3826 924 3880 videlicet
973 3833 1185 3879 sanctas
1237 3823 1501 3888 ecclesias,
1544 3826 1772 3878 excisam
1804 3824 1991 3892 fuisse:

421 3927 698 3990 propterea
753 3920 890 3989 quod
922 3918 1142 3988 Vigilius
1198 3929 1319 3971 tunc
1353 3917 1530 3970 Romae
1578 3931 1722 3984 papa
1771 3917 1839 3968 ad
1876 3932 1992 3968 eam

421 4013 676 4082 synodum
709 4014 882 4066 venire
928 4013 1177 4077 noluerit,
1210 4028 1302 4065 nec
1334 4012 1612 4064 anathema
1639 4010 1812 4064 dicere
1833 4008 1968 4063 Theo

431 4107 591 4159 doriti
623 4107 853 4173 scriptis,
882 4123 940 4158 ac
969 4104 1202 4176 epistoltc
1225 4104 1329 4159 Iba:
1353 4120 1370 4166 ;
1407 4113 1565 4172 atque
1589 4119 1651 4156 ea:
1678 4119 1735 4156 eo
1765 4112 1998 4171 tempore

426 4216 587 4269 usque
636 4201 704 4252 ad
770 4215 999 4269 prwsens
1028 4199 1311 4253 abscissum
1341 4214 1452 4251 esse
1503 4213 1698 4266 papam
1742 4215 1774 4250 a
1816 4206 1998 4249 nostra

425 4295 763 4347 sanctissima
813 4301 861 4346 et
923 4293 1184 4345 catholica
1240 4291 1502 4346 Ecclesia.
1570 4290 1994 4345 Schismaticum

426 4387 638 4440 facinus
668 4397 732 4441 ut
774 4385 1151 4456 persuaderet,
1187 4399 1404 4438 errores
1458 4393 1552 4437 aut
1585 4384 1802 4454 penitus
1825 4381 1998 4436 conﬁ-

427 4489 566 4545 ctos,
621 4488 716 4532 aut
774 4480 1078 4534 certissime
1130 4476 1315 4540 falsos,
1369 4491 1506 4545 quos
1540 4485 1698 4529 antea
1743 4474 2002 4528 ltornanzc

2053 3368 2364 3422 memoriae
2421 3369 2730 3437 patriarcha
2799 3367 3412 3438 (Constantinopoleos)
3456 3368 3670 3422 domino

2092 3462 2276 3532 Sergio
2313 3462 2578 3531 (secundo
2614 3462 2779 3532 hujus
2816 3461 3077 3531 nominis)
3114 3460 3434 3531 przedictum
3472 3474 3667 3529 papam

2093 3556 2424 3624 (Romanum
2468 3553 2730 3608 Joannem
2780 3553 2965 3621 XVIII)
3031 3555 3083 3606 iu
3130 3567 3283 3606 sacra
3331 3553 3495 3605 missa
3537 3567 3670 3605 cum

2093 3649 2214 3702 aliis
2245 3647 2574 3717 patriarchis
2604 3646 2817 3701 referri.
2857 3664 2874 3697 ›
2915 3645 3165 3699 ιὶεΐυιοιο
3199 3646 3278 3702 sic
3312 3646 3481 3698 habes
3509 3660 3673 3714 aper-

2097 3738 2304 3792 tissima
2357 3737 2665 3803 mendacia,
2713 3753 2833 3805 qua:
2878 3736 3196 3792 Cerularius
3243 3737 3559 3797 invehebat.
3610 3746 3674 3789 ut

2094 3834 2348 3890 scissioni
2379 3849 2490 3888 sua:
2521 3843 2841 3903 praetextum
2869 3834 3045 3889 daret.

2169 3927 2306 3981 Dare
2349 3927 2748 3995 posterioribus
2787 3925 2992 3980 Graecis
3033 3926 3310 3980 nonnullis
3350 3925 3511 3980 liceat
3547 3923 3676 3980 Ser-

2097 4022 2240 4089 gium
2292 4019 2941 4088 Constantinopolitanum
2994 4022 3152 4090 (post
3204 4035 3410 4073 annum
3461 4019 3676 4075 scilicet

2101 4111 2306 4180 I009),
2344 4111 2573 4165 Romani
2611 4109 2886 4178 pontiﬁcis
2922 4112 3252 4181 expunxisse
3289 4127 3487 4165 nomen
3522 4127 3552 4166 e
3587 4127 3680 4166 sa-

2099 4203 2209 4258 cris
2263 4202 2556 4272 diptychis.
2610 4204 2680 4258 At
2731 4204 2967 4274 primum
3023 4219 3184 4258 causa
3239 4204 3533 4273 quaerenda
3589 4216 3678 4260 est

2100 4295 2411 4349 schismatis
2459 4295 2660 4349 invecti
2711 4313 2726 4350 τ
2778 4295 2978 4350 deinde
3028 4295 3492 4365 perquirendum,
3539 4312 3676 4349 num

2103 4386 2248 4440 idem
2287 4386 2523 4440 schisma
2563 4385 2964 4455 perduraverit.
3004 4386 3333 4456 Euthymius
3369 4385 3679 4456 Zigabenus

2105 4478 2156 4531 in
2193 4477 2384 4533 Graeco
2419 4488 2565 4531 textu
2602 4477 2877 4546 Panopliae
2912 4478 3054 4546 apud
3093 4477 3432 4546 chuicnum
3468 4479 3680 4532 disser-

429 4571 727 4640 impegerat
774 4568 1050 4632 Ecclesiae,
1123 4567 1320 4621 iterum
1390 4574 1682 4646 nutrierat:
1735 4564 1995 4632 additque
2030 4592 2073 4648 υ
2109 4569 2314 4624 latione
2362 4570 2382 4624 I
2431 4569 2835 4632 Damascenica,
2883 4585 3035 4622 num.
3082 4569 3171 4631 25,
3218 4568 3442 4622 missum
3485 4569 3686 4623 scribit

429 4677 575 4716 mmc
599 4662 836 4729 primum
867 4677 1018 4714 num.
1049 4661 1135 4727 1'2,
1160 4659 1482 4713 additionem
1511 4658 1580 4711 ad
1601 4672 1810 4711 sacrum
1841 4654 1998 4726 Sym-

425 4755 623 4808 bolum.

498 4847 764 4902 Cern.arii
808 4847 1077 4902 inscitiam
1130 4848 1452 4915 invectaque
1497 4852 1829 4908 commenta,
1855 4843 2000 4911 quod

429 4940 627 4994 attinet
674 4939 742 4994 ad
779 4939 1004 4994 nominis
1040 4955 1194 5011 papa:
1248 4937 1582 4992 excisionetn
1639 4950 1671 4990 e
1703 4934 1999 5004 diptychis,

431 5032 576 5086 ferre
619 5045 729 5085 non
791 5032 970 5101 potuit
1002 5030 1316 5100 patriarcha
1379 5027 1773 5083 Antiochenus.
1825 5026 2004 5081 Verba

434 5133 562 5180 sunt
589 5125 708 5195 ejus
733 5123 788 5178 in
830 5125 1061 5194 epistola
1084 5124 1226 5194 apud
1249 5123 1541 5178 Baronium
1565 5130 1619 5176 et
1641 5119 2002 5184 Cotelerium,

433 5231 588 5274 num.
619 5217 685 5272 ιε
723 5215 945 5286 Vigilius
969 5226 1216 5286 tempore
1241 5215 1438 5285 quinta:
1460 5214 1646 5284 synodi
1674 5212 1913 5276 vivebat,
1947 5211 2000 5264 in

432 5327 537 5381 qua
587 5311 789 5382 agitata
819 5310 1182 5379 fueruntque
1208 5309 1274 5362 ad
1308 5307 1595 5378 Origenem
1631 5305 2002 5376 pertinebant,

433 5404 752 5473 Evagrium,
787 5401 1101 5472 Didymum,
1135 5401 1404 5468 aliosque.
1445 5397 1693 5465 Petrum,
1719 5395 2004 5462 Severum,

430 5498 686 5560 Zooram,
760 5509 974 5551 necnon
1030 5493 1233 5562 scripta
1281 5491 1647 5548 Theodoriti:
1703 5505 1814 5544 non
1875 5504 2007 5544 vero

433 5601 686 5658 tempore
728 5595 889 5642 sextis
953 5587 1162 5659 synodi.
1185 5585 1331 5641 Inter
1363 5601 1497 5654 quas
1551 5583 1789 5655 synodos
1839 5582 2008 5636 inter-

432 5697 646 5738 cessere
689 5681 818 5736 anni
869 5679 967 5733 I29
1027 5679 1118 5749 (ab
1170 5693 1315 5733 anno
1373 5677 1576 5733 Christi
1630 5675 1738 5731 533
1794 5673 1860 5728 ad
1912 5688 2012 5727 an-

437 5791 566 5830 num
603 5775 750 5844 680).
781 5773 942 5844 217
977 5772 1217 5842 Contigit
1243 5779 1448 5835 autem,
1477 5779 1536 5823 ut
1585 5769 1654 5823 ad
1701 5768 1851 5822 breve
1877 5775 2010 5821 tem-

438 5885 532 5941 pus
585 5867 808 5938 Vig'lius
852 5881 881 5919 a
915 5863 1196 5921 Relations
1253 5872 1600 5921 resecaretur
1619 5871 1844 5932 propter
1873 5875 2007 5916 con~

2105 4681 2133 4718 a
2195 4663 2458 4717 Romanis
2513 4663 2863 4732 pontiﬁcibus
2918 4663 2984 4716 ad
3041 4662 3281 4716 Orientis
3337 4663 3685 4732 patriarchas

2104 4754 2750 4825 Constantinopolitanunt
2799 4754 3137 4824 Symbolum,
3186 4756 3334 4809 nulla
3382 4756 3684 4810 admistum

2108 4850 2552 4918 interpolatione,
2585 4864 2756 4918 usque
2791 4849 2857 4902 ad
2897 4849 3071 4918 Sergii
3111 4861 3355 4917 tempora
3390 4867 3402 4902 :
3439 4858 3498 4900 ut
3529 4849 3687 4902 scili-

2106 4952 2193 4995 cct
2224 4943 2446 5008 innuat,
2476 4941 2762 4998 dissidium
2794 4941 2985 4997 endem
3019 4942 3122 4994 sub
3150 4941 3339 5009 Sergio
3365 4939 3686 4994 Constanti-

2107 5035 2428 5102 nopolitauo
2462 5034 2730 5102 incepisse
2763 5035 2832 5088 ob
2869 5034 3013 5088 vocis
3047 5031 3286 5102 Filioque
3318 5031 3681 5086 additionetn.

2109 5121 2259 5176 Ilauc
2291 5122 2535 5193 Sergiani
2569 5124 2735 5194 218
2764 5123 3095 5186 schismatis,
3124 5123 3170 5176 si
3199 5121 3343 5191 quod
3372 5132 3522 5175 certe
3555 5121 3685 5188 fuit,

2109 5231 2329 5272 causam
2376 5217 2662 5286 ignorabat
2716 5216 2932 5271 Nicetas
2972 5217 3224 5270 Nicatnus
3263 5215 3684 5285 chartophylax,

2109 5308 2202 5377 qui
2241 5307 2383 5376 apud
2422 5307 2679 5362 Allatium
2716 5307 2793 5361 De
2847 5309 3046 5377 synodo
3082 5305 3349 5360 Photiana
3401 5308 3578 5375 capite
3620 5308 3688 5362 I0

2109 5399 2192 5455 sic
2233 5399 2306 5453 ait
2345 5416 2359 5453 :
2398 5399 2505 5451 Sub
2541 5396 2794 5467 Sergio...
2829 5399 3054 5452 schisma
3090 5400 3284 5451 dicitur
3315 5408 3628 5451 renovatum
3665 5413 3687 5452 :

2112 5489 2281 5542 Ποίαν
2309 5489 2365 5540 δὲ
2396 5488 2606 5553 αξτίαν,
2638 5487 2818 5556 ἀγνοῶ
2841 5503 2857 5519 ⁶
2887 5489 3034 5540 δοκεί
3065 5489 3249 5555 μέντοι
3277 5486 3368 5539 διὰ
3395 5485 3521 5546 τοὺς
3553 5486 3689 5552 Epd-

2112 5597 2254 5644 νους·
2311 5597 2470 5650 quam
2516 5581 2577 5633 ob
2620 5597 2836 5633 causam
2878 5580 3086 5649 ignoro,
3131 5588 3258 5648 puto
3303 5586 3479 5631 tamen
3520 5593 3690 5630 causa

2089 5675 2342 5729 'sedium.
2373 5673 2527 5728 Paria
2556 5673 2746 5728 scribit
2775 5672 2996 5727 Graecus
3025 5671 3167 5726 alius
3197 5683 3504 5738 anonymus
3537 5669 3692 5736 apud

2113 5766 2369 5821 eumdem
2400 5765 2657 5819 Allatiutn
2691 5780 2705 5816 :
2739 5763 2953 5818 nescire
2982 5779 3064 5824 se,
3096 5778 3228 5816 num
3261 5761 3485 5829 Sergius
3513 5761 3694 5814 a'Ro—

2116 5859 2292 5914 manis
2325 5857 2590 5914 deiecerit
2623 5867 2836 5927 propter
2870 5872 3197 5921 errores,~an
3231 5863 3446 5925 prapter.
3471 5853 3690 5923 jurium
