3852 6468
240 413 343 478 2η

1378 417 1554 476 νιΤΑ
1617 442 1687 452 -
1727 415 2248 478 DiSSER'i‘ATIO
2283 418 2369 481 ΙΙ.

3393 397 3528 480 214‘

242 542 287 584 et
318 529 718 600 privilegiontm
747 529 1158 599 snbreptionem.
1187 527 1294 584 Sed
1328 529 1518 596 hocce,
1546 533 1695 602 quod
1726 533 1819 588 ad-
1854 543 1892 599 Α
1924 549 2098 587 uersus
2129 549 2334 588 omnem
2365 533 2617 587 hwresem
2651 533 2732 604 (ut
2762 535 2837 592 ait
2865 533 3115 592 Gelasius
3142 531 3470 604 Cyziceuus)
3490 573 3502 592 ,

243 627 548 689 mittimus,
575 624 813 678 schisma
845 621 1025 691 Sergii
1054 623 1146 676 diu
1178 640 1283 677 non
1313 624 1638 693 perduravit
1668 645 1679 680 :
1710 643 1819 692 quo

241 717 471 778 factum,
521 715 601 770 uti
655 714 881 770 Graecus
929 730 1233 785 auonymus
1281 726 1474 771 auctor
1522 717 1692 772 libelli
1746 718 1820 771 De

247 805 680 858 translationibus
715 806 1077 874 episcoporum
1110 811 1320 857 asserat
1354 803 1494 873 apud
1531 805 1817 860 laudatum

246 899 531 956 Allatium.
561 899 930 968 septemdecim
957 898 1312 966 patriarchas,
1341 897 1433 965 qui
1467 898 1664 952 Pbotio
1697 913 1822 954 suc-

247 1005 464 1044 cessere
503 991 570 1044 ad
606 989 956 1044 Cerularium
1001 1005 1196 1058 usque,
1231 1005 1350 1042 cum
1391 988 1549 1044 Italis
1590 1007 1822 1044 commu-

248 1082 455 1141 nionem
487 1082 749 1144 habuisse,
778 1081 1068 1143 κοινωνοὺς
1100 1076 1242 1150 εἶχον
1269 1082 1396 1144 τοὺς
1430 1083 1665 1145 ’ἰτάλους
1685 1099 1699 1116 ο
1736 1083 1822 1136 ni-

249 1174 448 1225 mirum
493 1171 763 1240 Ignatium
811 1172 1032 1236 iterum,
1077 1170 1403 1240 Stephanum
1444 1173 1491 1237 1,
1535 1175 1820 1228 Antonium

248 1262 332 1327 ll,
375 1262 653 1316 Nicolaum
685 1263 740 1325 1,
779 1263 1120 1334 Euthymium
1160 1262 1219 1326 1,
1261 1263 1546 1318 Nicolaum
1581 1266 1818 1332 iterum,

248 1355 575 1423 Stephanum
605 1354 682 1420 ΙΙ,
719 1355 1066 1424 Tryphonem,
1099 1354 1563 1425 Theophylactum,
1603 1355 1824 1426 Polyeu-

247 1457 412 1508 ctum,
450 1444 713 1500 Basiliam
751 1448 800 1503 1.
837 1448 1128 1500 Antonium
1162 1447 1275 1512 ΙΙΙ,
1308 1447 1586 1502 Nicolaum
1620 1447 1704 1511 ΙΙ,
1739 1449 1823 1503 Si-

245 1541 482 1594 sinnium
512 1540 598 1607 11,
625 1541 868 1612 Sergium
899 1539 986 1604 11,
1021 1541 1383 1607 Eustathium,
1416 1542 1684 1596 Alesiam.
1720 1541 1824 1595 Eo-

249 1647 366 1684 rum
394 1641 545 1712 gesta
603 1642 660 1686 et
685 1632 1094 1702 chronologiam
1121 1633 1371 1702 expende
1397 1633 1537 1701 apud
1568 1633 1817 1686 Bollandi

245 1723 706 1788 Continuatores,
745 1733 801 1779 et
838 1725 1159 1781 Michaelem
1203 1725 1544 1796 Lequienum
1619 1734 1673 1780 et
1715 1727 1822 1779 Au—

246 1815 478 1868 seltnutn
512 1816 873 1871 Baudurium.

1922 643 2040 693 qua:
2081 637 2198 680 orta
2235 627 2408 697 fuerat
2442 629 2496 680 in
2531 627 2791 683 catholica
2829 638 2875 683 et
2913 627 3202 696 apostolica
3245 623 3502 678 Ecclesia.

1921 717 2194 772 Nicazuam
2227 719 2366 774 hanc
2395 719 2519 774 fidei
2553 721 2840 774 formulam
2873 721 3204 788 adoptarunt
3235 716 3289 770 in
3325 716 3506 783 bapti-

1922 812 2112 865 smatis
2146 811 2628 867 administratione
2667 811 2978 866 Orientales
3010 809 3268 863 Ecclesiae
3302 827 3314 862 :
3352 807 3508 862 stetit

1923 903 1976 956 lu
2012 902 2306 972 apostolica
2340 903 2572 972 simplici
2610 920 2672 958 ac
2704 901 2944 957 breviori
2979 900 3350 955 Occidentalis
3382 917 3394 952 ε
3427 900 3508 968 ip-

1923 1009 2150 1062 samque
2177 994 2452 1048 Nicucnam
2487 1010 2593 1048 nou
2625 993 2820 1049 eodem
2856 1007 3083 1063 prorsus
3116 989 3279 1043 modo
3308 988 3507 1044 Orien-

1924 1086 1993 1142 tis
2050 1086 2306 1140 Ecclesia:
2357 1095 2719 1156 usurparunt.
2773 1086 2915 1140 Num
2969 1083 3133 1138 varia:
3187 1081 3504 1152 huiusmodi

1923 1175 2375 1238 consuetudines,
2409 1191 2545 1245 quas
2577 1177 2748 1231 citato
2782 1175 2960 1244 capite
2995 1173 3045 1236 1,
3082 1188 3234 1225 num.
3271 1172 3323 1233 5,
3359 1169 3506 1224 indi-

1923 1270 2203 1332 cavimus,
2241 1285 2429 1338 pacem
2474 1278 2528 1324 et
2568 1269 2837 1323 unitatem
2884 1263 3369 1338 perturbaveriut?
3405 1261 3506 1316 Mi-

1923 1361 2069 1416 nime
2103 1364 2371 1430 gentium.

1995 1455 2172 1507 Fuere
2199 1454 2334 1507 certi
2363 1453 2618 1508 homines
2643 1453 2696 1506 in
2726 1449 3042 1506 Sardicensi
3073 1446 3330 1510 concilio,
3359 1443 3508 1514 quod

1923 1559 2068 1599 anno
2106 1545 2209 1600 5-H
2247 1546 2590 1599 celebratum
2630 1545 2857 1606 dicitur,
2897 1543 2988 1612 qui
3028 1539 3319 1598 nonnulla.
3357 1538 3510 1607 quasi

1923 1652 2042 1704 qua:
2072 1637 2325 1702 deessent,
2352 1636 2566 1691 Nica'no
2597 1637 2816 1689 concilio
2849 1635 2935 1703 (ac
2969 1631 3251 1704 Symbolo)
3317 1629 3509 1683 ascribi

1923 1730 2292 1799 postulabant.
2327 1729 2394 1781 At
2430 1745 2493 1782 ne
2528 1727 2656 1798 quid
2689 1726 2906 1780 ulterius
2942 1726 3004 1778 de
3036 1725 3137 1794 ﬁde
3171 1723 3504 1780 scriberetur,

1927 1831 1974 1874 et
2006 1839 2116 1876 sese
2149 1831 2414 1874 contentos
2451 1838 2559 1876 esse
2597 1822 2813 1875 Nicana
2848 1820 2970 1889 ﬁde,
3005 1818 3368 1871 decreverunt
3406 1819 3507 1869 Pa-

318 1905 432 1962 Hoc
469 1917 776 1977 temporum
817 1908 1140 1971 intervallo,
1180 1907 1328 1963 nulla
1364 1924 1427 1962 ex
1465 1907 1719 1976 dogmate
1756 1907 1820 1962 de
1859 1907 1898 1960 Β
1927 1924 2071 1976 tres,
2108 1914 2408 1967 Athanasio
2445 1923 2581 1966 teste
2620 1912 2673 1965 in
2715 1910 2923 1980 synodo
2961 1907 3325 1961 Alexandrina
3363 1922 3508 1960 anno

245 2000 421 2054 sancti
454 2000 695 2068 Spiritus
728 2002 1078 2070 processione
1113 2017 1174 2055 ea:
1210 2002 1368 2055 Patre
1402 2002 1644 2070 Filioque
1671 2018 1821 2055 sum-

247 2100 336 2157 pta
370 2091 690 2148 scindenda:
726 2091 981 2148 Ecclesiae
1013 2093 1251 2147 occasio.
1287 2092 1550 2147 Sisinnius
1587 2093 1822 2162 patriar-

247 2181 349 2236 cha
377 2183 620 2237 accusari
649 2183 805 2242 solet.
835 2184 928 2253 qui
958 2174 1290 2254 encyclicam
1318 2184 1628 2253 epistolam,
1657 2199 1820 2254 quam

249 2273 304 2326 in
339 2273 566 2329 Latinos
599 2275 810 2329 Pliotius
842 2286 1166 2331 exaraverat
1195 2275 1436 2330 audaciae
1469 2277 1717 2344 plenam,
1751 2276 1820 2329 ti-

250 2365 366 2418 tulo
403 2369 785 2420 tantummodo
823 2367 1110 2420 immutate
1133 2407 1146 2428 ,
1185 2381 1394 2435 suoque
1430 2366 1653 2420 nomine
1690 2381 1824 2436 sup-
1854 2380 1862 2388 '

249 2461 466 2524 posito,
497 2457 565 2510 ad
602 2459 844 2528 reliquos
875 2457 1216 2528 patriarchas
1249 2457 1636 2512 transmiserit.
1669 2457 1728 2511 In
1761 2471 1824 2512 ea

253 2549 529 2605 Processio
560 2551 791 2621 Spiritus
820 2554 991 2607 sancti
1021 2571 1051 2606 a
1086 2551 1250 2606 Patre
1279 2564 1326 2606 et
1359 2571 1389 2606 tt
1426 2551 1567 2605 Filio
1597 2551 1823 2622 ineptis-

248 2642 405 2697 simis
432 2647 771 2711 argumentis
795 2646 1214 2715 oppugnabatur
1242 2663 1254 2698 :
1286 2661 1516 2714 eamque
1547 2645 1825 2716 rejiciebat

249 2738 477 2791 Michael
513 2737 822 2794 Cerularius
860 2755 984 2794 cum
1023 2740 1161 2803 suis,
1205 2740 1307 2794 hac
1347 2741 1511 2793 etiam
1554 2741 1622 2794 de
1663 2754 1825 2796 causa

247 2828 652 2882 condemnatus
683 2843 713 2882 a
749 2829 940 2898 legatis
975 2829 1291 2897 pontificiis.
1327 2829 1574 2883 Schisma
1608 2830 1818 2884 instau-

249 2919 392 2971 ravit
425 2917 544 2986 ipse
572 2937 586 2973 :
614 2919 903 2988 primoque
933 2928 1178 2988 tempore
1205 2936 1426 2975 errores
1453 2921 1614 2991 longe
1642 2920 1826 2976 diver-

253 3021 346 3060 sos
385 3009 646 3063 Romamn
687 3009 944 3065 Ecclesiae
991 3009 1300 3079 attingebat,
1343 3014 1687 3081 sumpsitque
1731 3014 1826 3068 dc-

251 3115 404 3152 mum
436 3114 502 3153 ex
532 3101 810 3156 additioue
844 3102 991 3156 vocis
1025 3100 1267 3173 Filioque
1301 3114 1650 3172 praetextum.

1924 2005 2030 2060 56%
2069 2005 2363 2058 celebrata.
2408 2003 2582 2058 Fuere
2628 2014 2807 2056 tamen
2852 2002 2904 2054 in
2950 1999 3198 2054 Ecclesia
3241 1997 3504 2053 Orientali
3551 2005 3553 2008 ‘

1924 2098 2253 2152 sanctissimi
2318 2079 2618 2166 praisules.
2679 2096 2772 2165 qui
2835 2095 3110 2148 Niczcnam
3158 2091 3505 2155 formulam,

1925 2188 2127 2242 saeculo
2179 2197 2374 2258 quarto
2422 2188 2675 2247 labente.
2726 2185 3082 2255 amplissimis
3130 2183 3512 2236 additionibus

1926 2289 2197 2335 auxerunt
2245 2281 2494 2334 adversus
2538 2283 2855 2350 prodeuntes
2899 2279 3181 2332 identidem
3222 2279 3444 2331 Iucrrses
3492 2317 3506 2335 .

1927 2372 2478 2441 mandaveruntque,
2519 2379 2578 2425 ut
2621 2374 2709 2442 qui
2753 2372 3014 2439 baptismo
3059 2370 3305 2423 initiandi
3347 2379 3506 2428 sunt,

1928 2461 2288 2532 interpolatas
2329 2463 2594 2517 formulas
2630 2479 2722 2517 eas
2763 2462 3162 2533 profiterentur.
3201 2459 3333 2514 Rem
3379 2476 3509 2512 nar-

1929 2562 2012 2607 rat
2043 2565 2266 2608 sanctus
2299 2555 2672 2624 Epiphanius,
2707 2555 2758 2608 in
2793 2556 3060 2609 Ant-orato
3082 2595 3095 2614 ,
3129 2568 3280 2606 num.
3321 2552 3421 2606 120
3452 2564 3508 2606 et

1931 2645 2061 2710 121,
2109 2645 2292 2715 ibique
2338 2643 2618 2700 formulas
2647 2645 2768 2699 ﬁdei
2819 2647 2955 2700 duas
2998 2644 3231 2712 profert,
3277 2643 3506 2697 alteram

1927 2731 2097 2790 altera
2131 2735 2510 2804 prolixiorem,
2540 2744 2828 2804 utramque
2860 2735 2978 2787 sine
3010 2731 3180 2786 dubio
3211 2731 3506 2794 Nicacnam,

1927 2828 2022 2882 sed
2053 2827 2278 2881 vocibus
2311 2827 2829 2896 pluribus'auctam.
2863 2825 2972 2878 Hac
3002 2824 3069 2877 de
3101 2839 3159 2878 re
3192 2823 3314 2876 loco
3341 2825 3510 2876 citato

1929 2929 2030 2974 nos
2059 2919 2274 2989 egimus
2307 2938 2320 2974 :
2359 2919 2523 2989 idque
2557 2919 2789 2973 maxime
2822 2926 3070 2982 constat,
3108 2915 3391 2971 scissiouis
3425 2915 3509 2968 in-

1931 3021 2014 3066 ter
2068 3011 2338 3066 Ecclesias
2392 3011 2605 3064 nullum
2665 3010 2792 3063 inde
2853 3017 3174 3078 praetextum
3229 3015 3506 3076 sumptum

1931 3105 2100 3159 fuisse
2135 3122 2148 3158 :
2184 3104 2444 3173 ipsasque
2480 3117 2648 3157 novas
2681 3101 2952 3156 formulas
2986 3116 3086 3170 pro
3125 3099 3362 3165 Nicaeno,
3399 3099 3512 3152 imo

323 3191 629 3246 Praetextus
668 3193 962 3248 vanitatem
1005 3195 1333 3264 quamplura
1373 3195 1660 3260 evincunt,
1705 3211 1826 3266 quae
1850 3191 1895 3254 C
1927 3198 2093 3253 etiam
2121 3195 2410 3267 apostolico
2441 3195 2699 3268 Symbolo
2729 3195 2940 3249 habitas
2967 3209 3108 3252 esse.
3142 3202 3330 3262 utpote
3358 3191 3512 3245 addi-

251 3284 634 3352 su-perioribus
661 3285 934 3354 capitibus
966 3285 1250 3354 posuimus
1277 3297 1619 3356 argumenta.
1652 3287 1826 3343 Simul

254 3375 480 3428 collecta
515 3375 632 3429 iure
664 3383 813 3454 sunt.
845 3375 1044 3430 Primis
1076 3375 1336 3432 Ecclesiae
1366 3377 1694 3434 Christianae
1729 3396 1830 3436 sa:-

254 3466 393 3519 culis
438 3465 646 3532 tribus,
691 3482 858 3521 unum
901 3475 1020 3522 erat
1065 3469 1120 3523 in
1167 3484 1262 3523 ore
1306 3485 1527 3540 prasque
1573 3473 1829 3529 manibus

255 3555 575 3623 Symbolum
615 3557 762 3623 fidei,
798 3559 944 3628 quod
979 3560 1351 3630 Apostolorum
1385 3563 1692 3619 dicebatur.
1737 3565 1825 3619 in-

257 3657 588 3704 temeratum
621 3651 754 3706 illud
785 3653 1037 3709 servabat
1069 3655 1312 3708 Romana
1342 3657 1588 3712 Ecclesia
1615 3699 1630 3724 ,
1665 3667 1830 3730 prout

255 3741 326 3794 ab
350 3741 510 3796 initio
540 3744 799 3799 traditum
827 3744 1004 3800 fuerat
1034 3761 1047 3798 :
1076 3746 1367 3817 ipsumque
1391 3749 1701 3806 Orientales
1728 3768 1827 3806 an-

256 3833 461 3889 tistites
495 3847 769 3890 auxerunt
803 3836 1215 3904 additamentis,
1250 3841 1454 3909 quibus
1487 3843 1592 3897 alia
1627 3843 1829 3916 adjecit

252 3925 605 3995 Aquileiensis
639 3929 693 3982 in
724 3927 877 3982 Italia
907 3929 1170 3988 Ecclesia.
1202 3931 1354 3987 Hanc
1378 3943 1678 4001 vetustam,
1706 3952 1828 4006 qum

253 4016 432 4082 primo
466 4016 728 4072 Ecclesia
761 4017 1086 4074 Christianas
1118 4031 1364 4091 tempore
1396 4022 1712 4092 obtinebat,
1751 4026 1828 4080 la-

256 4109 396 4162 tiore
422 4123 677 4164 sermone
703 4112 1157 4166 consuetudinem
1182 4115 1541 4181 exposuimus
1566 4117 1746 4186 capite
1775 4119 1826 4184 1,

254 4220 410 4260 num.
432 4205 488 4270 2,
516 4206 650 4276 quin
679 4206 788 4260 ulla
816 4216 996 4260 tamen
1023 4207 1304 4260 scissionis
1332 4210 1552 4264 occasio
1579 4219 1675 4265 aut
1703 4209 1827 4266 data

252 4297 442 4361 fuerit,
478 4307 574 4352 aut
607 4309 830 4368 accepta
864 4297 1199 4354 Orientalem
1237 4299 1381 4354 inter
1413 4312 1468 4355 et
1501 4301 1824 4360 Occidenta-

251 4390 357 4444 letn
389 4391 717 4454 Ecclesiam,
747 4393 983 4461 itemque
1014 4391 1154 4447 inter
1182 4393 1586 4463 Aquileiensem
1616 4412 1682 4452 ac
1712 4399 1824 4453 Ro-

251 4498 494 4548 manam,
525 4493 856 4553 casterasque
883 4483 1067 4538 Italiae.

321 4577 490 4646 219
521 4575 907 4631 Additamenta
933 4576 1139 4632 scilicet
1166 4587 1343 4645 erant,
1370 4595 1491 4649 quae
1517 4580 1601 4636 vel
1627 4581 1825 4636 clario-

251 4685 368 4725 rem
400 4669 667 4723 duntaxat
698 4668 1006 4722 communis
1038 4679 1198 4724 rectae
1232 4671 1356 4726 fidei
1391 4672 1820 4727 declarationem

249 4763 786 4832 complectebantur,
840 4761 927 4815 vel
957 4761 1228 4832 dogmatis
1260 4763 1654 4832 professionem
1687 4778 1825 4833 pra:-

250 4855 470 4909 stabant
502 4861 694 4908 contra
727 4860 1013 4921 surgentes
1047 4867 1216 4905 novas
1252 4851 1518 4917 haereses,
1551 4868 1688 4922 quas
1722 4853 1824 4906 ali-

249 4947 456 5017 quibus
491 4946 546 4999 in
581 4945 722 5000 locis
756 4944 946 5013 procul
984 4943 1159 4998 arceri
1195 4959 1223 4997 a
1260 4944 1540 4998 mentibus
1577 4944 1821 4998 fidelium

250 5040 626 5095 necessarium
652 5037 977 5092 ducebatur.
1003 5035 1269 5090 Praevium
1297 5051 1504 5108 morem
1534 5035 1697 5088 istum
1727 5035 1825 5089 Ec-

249 5134 549 5188 clesiarum
580 5138 770 5186 secuta
796 5140 878 5184 est
907 5139 1102 5196 quarto
1130 5130 1348 5196 incepto
1377 5127 1576 5182 szeculo
1605 5143 1824 5182 acume-

249 5230 371 5279 nica
413 5224 628 5279 Nicana
667 5225 844 5293 prima
883 5221 1147 5293 synodus,
1187 5236 1306 5288 quae
1347 5219 1582 5288 primum
1635 5228 1692 5275 et
1746 5221 1826 5275 al-

250 5326 436 5369 terum
486 5312 732 5383 Symboli
780 5310 1067 5378 apostolici
1112 5310 1393 5375 articulos,
1438 5308 1639 5378 quibus
1690 5308 1825 5365 fides

252 5403 585 5474 proponitur
622 5405 679 5456 in
727 5402 892 5456 Deum
944 5401 1155 5454 Patrem
1199 5402 1637 5470 omnipotentem,
1680 5410 1728 5454 et
1769 5402 1823 5454 in

252 5496 526 5551 Christum
565 5494 747 5550 Iesum
783 5496 997 5548 unicum
1032 5491 1224 5546 Filium
1259 5492 1371 5562 ejus
1409 5493 1688 5547 Dominum
1728 5509 1824 5545 no-

248 5597 446 5650 strum,
495 5585 747 5655 pluribus
792 5584 1020 5652 adjectis
1063 5583 1291 5637 vocibus
1335 5581 1487 5636 auxit
1533 5581 1601 5635 ad
1652 5584 1823 5650 ipsam

254 5681 419 5734 fidem
470 5677 806 5733 luculentius
851 5674 1272 5746 explicandam,
1321 5688 1496 5742 eoque
1545 5673 1825 5749 uitandam

254 5771 514 5841 praesidio
545 5770 836 5824 adversum
872 5769 1106 5823 hereses
1140 5768 1273 5830 Arii,
1309 5765 1550 5828 Sabellii,
1593 5766 1820 5830 Photini,

259 5863 422 5920 Pauli
464 5861 820 5929 Samosateni,
857 5861 1132 5916 Manichai
1192 5869 1246 5915 et
1289 5857 1597 5923 Marcionis,
1640 5866 1688 5911 et
1731 5859 1825 5912 ad-

1935 3289 2190 3343 tamentis
2245 3297 2465 3352 auctas,
2519 3285 2734 3341 Nieamo
2787 3294 2841 3339 et
2895 3284 3198 3354 apostolico
3251 3281 3511 3354 Symbolo

1930 3380 2315 3432 consentaneis.
2354 3378 2624 3448 insignem
2663 3379 2839 3431 locum
2873 3375 3164 3446 Epipltanii
3203 3376 3386 3428 recole
3454 3383 3511 3430 et

1929 3471 2204 3540 expende.

2001 3561 2325 3618 Sardiccnse
2381 3562 2526 3631 quod
2606 3563 3033 3615 memoravimus
3079 3563 3396 3625 decretum,
3443 3577 3510 3615 eo

1929 3671 2090 3710 sensu
2125 3657 2486 3716 intellectum.
2519 3657 2664 3726 quod
2699 3656 2927 3710 Nicena!
2963 3654 3204 3724 formula:
3238 3655 3374 3706 nihil
3406 3655 3508 3706 ad-

1924 3749 2017 3820 jici
2094 3759 2298 3803 temere
2344 3749 2539 3802 debeat
2584 3748 2728 3815 quod
2779 3749 3048 3801 Nicmuam
3095 3746 3251 3798 fidem
3298 3745 3507 3798 labefa-

1929 3849 2059 3902 ctat,
2093 3840 2348 3894 firmitate
2396 3840 2565 3907 pollet
2596 3855 2716 3907 qua:
2768 3839 2938 3906 ipsius
2975 3838 3096 3890 fidei
3131 3837 3372 3889 firmitati
3413 3853 3512 3901 pur

1927 3942 2031 3984 est.
2061 3931 2134 3984 De
2165 3931 2276 3999 ipsa
2307 3930 2561 3994 formula,
2591 3931 2748 3996 ﬁdem
2777 3927 3046 3982 Nicanam
3075 3927 3504 3996 complectente.

1929 4022 1972 4075 si
2006 4021 2284 4075 decretura
2317 4021 2459 4075 idem
2491 4021 2654 4090 220
2682 4020 3041 4090 intelligatur,
3075 4021 3138 4081 ad
3171 4019 3506 4075 ecclesiastio

1929 4126 2047 4166 cam
2081 4112 2319 4181 pertinet
2351 4112 2694 4180 disciplinam
2717 4154 2731 4177 ,
2767 4127 2888 4181 quae
2920 4111 3284 4166 mutationem
3317 4111 3505 4165 subite

1930 4212 2128 4272 potest.
2170 4203 2308 4258 Hinc
2351 4202 2640 4258 formulam
2689 4202 2936 4256 eamdem
2985 4201 3262 4256 Nicaenam
3308 4202 3504 4256 adver-

1929 4312 2048 4348 sum
2090 4295 2426 4365 prodeuntes
2459 4297 2693 4349 lia-reses
2727 4309 2925 4366 augere
2958 4293 3270 4350 Orientales
3306 4296 3508 4365 aliqua:

1929 4388 2188 4442 Ecclesia
2217 4387 2590 4441 necessarium
2621 4386 2916 4448 duxerunt,
2947 4387 3333 4458 Epiphanianis
3364 4402 3505 4455 prae-

1855 4461 1900 4517 D
1930 4477 2091 4531 dictis
2125 4475 2365 4545 formulis
2402 4476 2618 4529 duabus
2657 4477 2916 4540 invectis,
2954 4491 3077 4544 quae
3113 4477 3180 4530 iis
3219 4476 3506 4529 traderen-

1931 4576 2020 4620 tur
2049 4568 2142 4636 qui
2183 4567 2495 4636 baptizandi
2532 4575 2682 4620 sunt.
2717 4566 3152 4634 Epiphanianam
3190 4565 3502 4629 formulam,

1925 4673 2046 4724 quae
2086 4657 2265 4711 minus
2303 4658 2513 4726 prolixa
2550 4667 2668 4719 est,
2703 4658 3035 4726 quibusdam
3075 4658 3318 4726 exceptis
3353 4657 3504 4712 voci-

1925 4749 2064 4812 bus,
2104 4751 2436 4816 adoptaruut
2479 4759 2688 4802 centum
2731 4759 2779 4802 et
2823 4750 3213 4820 quinquaginta
3258 4748 3502 4803 Orienta-

1925 4840 2056 4894 lium
2088 4840 2440 4895 Ecclesiarum
2471 4840 2677 4903 Patres,
2704 4855 2848 4893 anno
2875 4841 2977 4892 581
3041 4843 3094 4892 in
3123 4839 3333 4909 synodo
3360 4841 3502 4892 Cou-

1923 4934 2410 5002 Stantinopolitana
2470 4933 2819 5002 congregati,
2877 4947 3002 4999 quas
3059 4940 3248 5000 postea
3304 4934 3499 5003 synodi

1924 5025 2275 5082 tecumeuicas
2301 5025 2680 5078 auctoritatem
2709 5021 2969 5076 obtinuit.
3001 5021 3138 5076 Hinc
3164 5022 3495 5092 Symbolum,

1925 5121 2129 5176 dictum
2164 5117 2807 5186 Constantinopolitanum
2829 5155 2843 5179 .
2878 5116 3145 5182 invaluit,
3181 5117 3334 5173 nullo
3368 5113 3497 5174 inde

1924 5214 2204 5269 scissionis
2233 5221 2500 5283 praetextu
2529 5211 2842 5278 desumpto.

1995 5305 2109 5360 imo
2133 5318 2231 5360 sua
2259 5317 2377 5358 sevo
2408 5301 2500 5356 illo
2532 5299 2885 5371 potiebantur
2911 5300 3169 5357 libertate
3199 5303 3498 5372 particula-

1928 5413 2015 5453 tes
2041 5396 2294 5452 Ecclesiae
2319 5395 2373 5448 iu
2397 5393 2622 5448 Oriente
2649 5411 2662 5448 :
2688 5393 2918 5463 aliaeque
2947 5394 2998 5448 in
3027 5393 3352 5465 baptismate
3369 5393 3498 5450 'ute-

1927 5490 2126 5544 bantur
2164 5483 2752 5554 Constantinopolitano
2793 5484 3076 5555 Symbolo,
3119 5487 3353 5556 simplici
3401 5487 3498 5541 Ni-

1928 5597 2072 5636 ca-no
2104 5579 2243 5643 alias,
2274 5586 2329 5633 et
2358 5577 2476 5631 alite
2507 5579 2720 5648 proprio
2751 5578 3000 5647 quodam,
3034 5579 3179 5645 quod
3213 5594 3243 5631 a
3274 5579 3498 5634 Nicmno

1925 5683 1982 5728 et
2007 5670 2636 5740 Constantinopolitano,
2668 5669 2734 5723 ad
2763 5655 2924 5723 voces
2954 5669 3166 5738 aliquas
3193 5668 3338 5738 quod
3372 5673 3496 5722 atti-

1929 5775 2042 5826 net,
2093 5763 2399 5828 differebat,
2453 5763 2776 5818 Antiochena
2828 5763 3061 5823 scilicet,
3116 5761 3496 5831 Hierosolymi-

1931 5869 2086 5926 tana,
2118 5853 2626 5927 Philadelphiensis,
2661 5863 2822 5925 caput
2855 5856 2910 5909 ἓ.
2942 5853 3073 5909 Vide
3109 5867 3260 5908 nunt.
3297 5852 3350 5915 5.
3384 5849 3498 5910 Hae
