3852 6484
320 391 426 453 2ἶὸ

1277 391 1601 454 GEORGII
1643 395 1894 456 CYPRII
1939 395 2045 457 (ΣΡ.
2095 394 2614 456 ΡΑΤΒΙΑΗΕΗΕ

3463 394 3573 459 216

318 505 566 558 libertate
595 503 810 560 scelesti
843 505 1064 575 quidam
1097 507 1351 564 homines
1378 511 1534 566 abusi
1565 521 1692 566 sunt
1714 551 1729 577 ,
1758 526 1886 582 par-
1919 517 1962 573 Α
1993 509 2182 564 stiante
2217 524 2374 564 usum
2411 508 2603 564 eadem
2643 516 2827 562 sancta
2882 507 3125 578 synodus
3157 507 3413 574 deducit,
3447 525 3571 567 sese

265 649 284 669 ⁸
318 591 576 646 ticulares
609 609 744 663 quas
779 595 1150 665 usurpabant,
1184 598 1398 670 injectis
1431 600 1715 656 erroribus
1737 639 1751 663 ,
1784 601 1894 655 for-

319 684 496 737 mulas
536 684 958 756 interpolantcs.
1003 687 1366 760 Depravatum
1409 693 1638 764 hujusce
1678 694 1895 762 generis

317 777 632 846 Symbolum
681 778 747 833 ad
799 783 1068 851 synodum
1122 783 1449 853 Epliesinam
1497 787 1891 842 mcumenicam

315 885 460 924 anno
488 870 583 924 451
622 871 1120 930 detnlitCliarisius
1137 873 1656 947 Philadelphiensis.
1694 879 1892 933 Reme-

316 961 468 1015 dium
517 970 578 1016 ut
622 961 846 1020 aﬁerret
894 966 1036 1021 malo
1079 969 1424 1024 sanctissima
1471 969 1735 1042 synodus,
1780 970 1894 1025 lato

316 1053 540 1108 decreto
577 1056 769 1110 statuit
809 1073 825 1110 :
869 1056 1110 1112 Alteram
1149 1061 1308 1130 ﬁdem
1351 1061 1545 1116 nemini
1583 1060 1738 1115 licere
1773 1077 1895 1129 pro-

317 1146 476 1212 ferre,
511 1157 602 1201 aut
631 1151 973 1216 conscribere,
1002 1164 1092 1206 aut
1125 1169 1454 1223 componere,
1487 1163 1679 1225 pra’ter
1705 1154 1894 1221 deﬁni-

317 1248 428 1290 tam
466 1255 498 1290 a
536 1240 734 1292 sanctis
778 1239 1045 1305 Patribus,
1081 1245 1171 1313 qui
1212 1245 1266 1298 in
1301 1245 1482 1300 Nica'a
1521 1263 1640 1300 cum
1683 1245 1892 1316 Spiritu

315 1336 499 1382 sancto
541 1334 844 1401 congregati
885 1333 1118 1403 fuerunt.
1157 1335 1480 1406 legitimum
1521 1336 1728 1392 decreti
1767 1352 1894 1392 sen-

318 1435 440 1473 sum
481 1427 542 1474 ut
580 1421 806 1489 habeas,
841 1425 1216 1482 animadverte
1261 1429 1554 1484 inhibitum
1597 1430 1703 1485 sibi
1745 1431 1891 1485 haud

317 1510 621 1567 credidisse
655 1513 968 1582 Ecclesias,
1005 1519 1304 1587 quominus
1332 1522 1443 1592 jam
1480 1534 1728 1593 receptas
1766 1523 1890 1580 ﬁdei

319 1603 582 1659 formulas
625 1605 952 1662 adhiberent
997 1609 1051 1664 in
1101 1611 1444 1680 baptismate,
1484 1627 1579 1670 aut
1623 1615 1893 1672 Nicwnam

318 1696 641 1766 simplicem,
675 1707 770 1753 aut
803 1698 1482 1773 Constantinopolitanam,
1518 1717 1614 1762 aut
1647 1708 1787 1762 alias
1823 1709 1893 1763 ab

323 1797 553 1859 utraque
587 1789 906 1848 differentes
928 1834 941 1858 ,
972 1794 1138 1850 illaesa
1174 1796 1318 1852 inter
1366 1812 1459 1853 eas
1495 1814 1627 1869 pace
1670 1816 1734 1856 ac
1769 1801 1894 1854 uni.

1997 601 2352 672 Eutychianis
2389 615 2693 670 opponens,
2730 598 2848 668 qui,
2875 601 3230 655 additionibus
3267 599 3576 657 Constanti-

1999 694 2317 763 nopolitanis
2379 692 2634 765 rejectis,
2687 691 2905 748 Nicano
2954 692 3190 761 simplici
3249 694 3570 768 utebantur.

1999 786 2280 843 Viudicias
2314 785 2553 850 habent,
2587 784 2790 854 quibus
2823 784 2928 839 hoc
2958 785 3122 840 etiam
3159 799 3228 840 ex
3258 786 3383 841 loco
3415 802 3572 840 sum-

1999 877 2107 948 ptis
2134 892 2322 932 vocem
2355 875 2502 930 illam
2525 916 2541 942 ,
2571 874 2852 946 Filioque,
2887 874 3146 946 Symbolo
3177 877 3573 932 Constantino-

1997 968 2240 1039 politano
2297 966 2606 1038 adjectam,
2659 966 2992 1023 validissime
3049 976 3306 1022 tueantur
3362 966 3573 1023 Latina

1999 1059 2376 1115 Occidentales
2408 1057 2686 1114 Ecclesiae.
3471 1111 3496 1130 ,

2069 1148 2291 1204 Summa
2343 1158 2466 1220 post
2513 1147 2964 1206 Chalcedonense
3011 1149 3293 1206 decretum
3342 1168 3576 1208 venera-

1999 1240 2146 1296 tione
2181 1239 2486 1311 Symbolum
2522 1239 3176 1310 Constantinopolitanum
3209 1251 3572 1312 susceperunt

1996 1336 2258 1392 Ecclesia:
2303 1334 2595 1392 Orientis:
2629 1335 2774 1404 quod
2817 1336 2983 1390 etiam
3033 1335 3306 1390 Nicwnum
3356 1336 3569 1391 dictum

1995 1439 2098 1486 est.
2131 1426 2446 1482 Tradebant
2478 1425 2610 1480 illud
2644 1427 2700 1481 in
2736 1426 3066 1496 baptismate
3095 1427 3285 1483 electis
3315 1429 3575 1482 catechuv

1999 1520 2200 1586 menis,
2219 1519 2590 1590 peculiaribus
2605 1521 2990 1592 praetermissis
3007 1520 3277 1581 formulis.
3298 1536 3433 1589 quas
3446 1519 3579 1574 bac-

1999 1621 2160 1668 tenus
2198 1612 2572 1668 adhibuerant
2603 1627 2617 1665 :
2654 1613 2946 1682 ipsumque
2982 1612 3367 1668 feceresacraa
3401 1611 3579 1665 Litur-

1995 1705 2094 1776 gite
2125 1712 2355 1773 partem.
2383 1703 2641 1773 Antiquis
2673 1703 2919 1758 moribus
2951 1703 3194 1757 Romana
3256 1711 3579 1771 caulemque

1999 1795 2382 1852 Occidentales
2407 1796 2666 1852 Ecclesia!
2694 1796 3000 1859 haerebant,
3030 1796 3392 1866 apostolorum
3421 1795 3580 1866 Sym-

325 1890 432 1935 tate
471 1897 486 1935 :
529 1898 639 1952 quo
683 1884 848 1940 etiam
895 1895 1138 1956 tempore
1183 1889 1594 1946 catechumenis
1637 1890 1691 1945 in
1736 1890 1894 1946 Occi-
1932 1875 1969 1928 Β
2000 1887 2116 1941 bolo
2141 1887 2488 1957 baptizandis
2517 1886 2750 1953 tradito,
2776 1887 3252 1957 praetermissaque
3281 1887 3422 1941 inter
3445 1888 3578 1940 mis-

319 1972 482 2027 deute‘
515 1973 838 2029 tradebatur
865 1974 1173 2046 Symbolum
1203 1978 1585 2049 apostolorum,
1615 1980 1760 2049 quod
1791 1979 1894 2034 ali-

321 2063 523 2131 quibus
580 2063 970 2122 additamentis
1030 2068 1086 2121 in
1147 2069 1269 2123 aliis
1331 2069 1567 2139 primum
1632 2069 1897 2125 Ecclesiis

321 2166 563 2222 auctum,
595 2172 754 2211 suum
788 2156 1028 2228 denique
1057 2159 1186 2214 fecit
1217 2161 1381 2214 etiam
1413 2159 1680 2215 Bottiana.

394 2247 582 2302 Fidem
613 2249 839 2304 alteram
861 2292 874 2314 ,
907 2267 1068 2320 quam
1102 2254 1328 2322 proferri
1358 2264 1557 2322 prtcter
1587 2253 1894 2322 Niccenam,

322 2350 416 2395 aut
450 2343 726 2406 conscribi,
762 2351 856 2396 aut
891 2347 1152 2414 componi,
1189 2354 1335 2399 vetat
1372 2346 1637 2400 decretura
1677 2347 1896 2418 Ephesi-

324 2450 449 2488 num
471 2473 485 2498 ,
522 2435 840 2490 intellexere
877 2436 1128 2506 plerique
1163 2437 1460 2492 doctrinam
1499 2439 1625 2493 fidei
1661 2439 1896 2494 Nic-auia:

325 2527 622 2581 adversam.
673 2527 848 2598 lpsanl
900 2529 1212 2598 formulam,
1260 2547 1381 2600 qua!
1429 2531 1502 2587 sit
1550 2532 1653 2586 alia
1703 2541 1898 2602 praeter

323 2619 616 2673 formulam
658 2618 784 2674 ﬁdei
829 2619 1082 2686 Nicatuae,
1123 2621 1536 2691 intelligendam
1575 2637 1695 2677 esse
1737 2629 1898 2692 puta-

323 2721 451 2765 runt
491 2710 606 2764 alii.
648 2711 880 2766 Sensum
923 2712 1164 2782 priorem
1207 2714 1393 2769 addita
1434 2730 1589 2776 voce,
1631 2713 1894 2784 Filioque,

323 2813 420 2858 aut
458 2803 566 2858 alio
605 2805 768 2858 simili
814 2815 976 2860 rectae
1018 2805 1147 2861 ﬁdei
1193 2822 1436 2862 consono
1480 2807 1894 2872 additamento,

321 2895 518 2951 violari
563 2895 765 2952 dixerit
808 2913 993 2962 nemo,
1033 2899 1136 2953 nisi
1167 2899 1274 2970 'qui
1316 2899 1580 2969 vertigine
1625 2900 1898 2955 haereseos

324 2999 483 3045 actus
511 2991 890 3060 processionem
921 2988 1154 3061 Spiritus
1209 2994 1379 3045 sancti
1409 3011 1440 3047 a
1475 2991 1636 3046 Patre
1661 3000 1708 3046 et
1738 3010 1770 3046 a
1800 2990 1898 3046 Fi-

325 3082 416 3146 lio,
453 3081 568 3135 sive
609 3097 703 3151 per
741 3079 962 3146 Filium,
992 3081 1326 3150 pertinacius
1365 3084 1619 3154 abneget.
1657 3083 1898 3152 Hujusce

325 3175 517 3230 farinae
567 3173 934 3230 heterodoxos
984 3174 1236 3230 homines
1284 3173 1670 3230 dissertatione
1719 3174 1896 3245 prima

327 3270 560 3323 insecuti
581 3284 804 3332 sumus.

397 3361 538 3416 Num
574 3378 706 3418 vero
747 3363 980 3434 formula
1025 3361 1148 3418 ﬁdei
1192 3363 1459 3427 Nicatore,
1501 3370 1560 3418 ut
1597 3362 1834 3434 primum
1873 3379 1901 3416 a

328 3452 586 3507 Patribus
621 3452 886 3509 instructa
923 3455 1057 3518 fuit,
1093 3453 1348 3510 debuerit
1382 3454 1704 3510 intemerata
1740 3453 1902 3509 deiu-

329 3561 458 3614 ceps
488 3544 750 3610 retineri,
781 3562 849 3600 an
881 3561 1002 3602 eam
1032 3547 1217 3616 augeri
1251 3546 1576 3616 quibusdam
1611 3547 1772 3616 221
1808 3561 1904 3600 vo-

329 3637 487 3692 cibus
519 3637 679 3692 liceat
699 3677 714 3702 ,
746 3637 861 3691 sive
896 3638 1116 3708 majoris
1144 3637 1529 3692 declarationis
1557 3652 1720 3692 causa
1741 3676 1757 3700 ,
1789 3635 1905 3689 sive

332 3737 554 3798 propter
590 3728 828 3784 haereses
863 3727 1230 3798 prodeuntes,
1269 3736 1443 3781 totum
1479 3736 1563 3781 est
1599 3724 1906 3794 disciplinae

329 3820 718 3876 ecclesiastica:
743 3820 1038 3890 negotium.
1070 3820 1173 3874 Pro
1199 3819 1575 3873 additamentis
1597 3858 1611 3882 ,
1638 3833 1758 3888 qua:
1784 3832 1906 3888 gra-

330 3911 569 3968 vissimae
598 3911 878 3982 postulent
904 3918 1249 3980 emergentes
1281 3908 1732 3974 circumstantia),
1767 3909 1905 3964 insi-

332 4019 436 4074 gne
466 4003 774 4074 exemplum
805 4002 1011 4072 praebet
1037 4003 1372 4058 mcumenica
1405 4001 1645 4073 synodus
1680 3999 1907 4056 Chalce-

334 4095 619 4161 donensis,
657 4108 800 4148 anno
852 4093 948 4147 451
1011 4093 1308 4148 celebrata.
1358 4091 1596 4147 Citatum
1651 4099 1819 4161 caput
1873 4091 1908 4144 2

335 4189 541 4253 recole,
561 4202 714 4244 num.
745 4187 778 4241 4
814 4196 870 4242 et
903 4187 1313 4242 5.Admonente
1364 4186 1598 4256 Diogene
1640 4184 1908 4256 Cyziceno

333 4283 628 4351 episcopo,
659 4277 1167 4333 animadverterunt
1193 4276 1413 4340 Patres,
1441 4274 1654 4330 Nicwuo
1681 4274 1909 4342 simplici

336 4375 484 4430 abuti
535 4373 793 4446 Symbolo
837 4371 1241 4442 Eutychianos,
1285 4370 1354 4425 ab
1401 4369 1592 4440 eisque
1639 4369 1907 4424 catholica

340 4467 486 4538 rejici
514 4465 906 4528 additamenta,
937 4478 1059 4532 qua:
1091 4462 1143 4516 in
1175 4460 1434 4532 Symbolo
1465 4461 1910 4529 Constantinam-

339 4559 506 4610 titano
534 4553 983 4612 continebantur.
1001 4551 1152 4622 Opus
1179 4566 1298 4606 esse
1325 4560 1660 4606 censuerunt
1687 4551 1810 4620 ipsi,
1830 4559 1913 4615 ut,

338 4649 787 4704 machinationem
830 4661 1037 4699 omnem
1083 4645 1452 4698 haereticorum
1493 4651 1681 4698 contra
1723 4644 1915 4697 uerita-

337 4755 441 4797 tem
489 4741 734 4794 claudere
777 4738 1029 4800 volentes,
1070 4736 1168 4790 abs
1213 4737 1391 4805 rigore
1439 4734 1575 4806 legis
1627 4735 1915 4804 Ephesium

233 4870 236 4874 -
337 4834 702 4892 abscederent
736 4850 752 4888 :
791 4831 1138 4886 Decernentes
1179 4838 1301 4883 ante
1340 4829 1544 4891 omnia,
1581 4828 1738 4896 ﬁdem
1774 4827 1914 4881 inte-

338 4948 492 5004 gram
522 4937 569 4982 et
603 4928 975 4981 intemeratum
1022 4936 1332 4992 permanere
1362 4927 1714 4974 trecentorum
1739 4920 1915 4973 decem

340 5032 388 5077 ιιι
419 5031 531 5076 octo
561 5028 862 5073 sanctorum
898 5016 1119 5070 Patrum
1151 5013 1223 5082 (id
1254 5023 1338 5068 est
1366 5011 1662 5080 Nicmnam)
1691 5026 1705 5064 :
1735 5028 1796 5064 ac
1824 5014 1915 5065 do-

339 5113 569 5168 ctrinam
616 5107 1010 5176 conﬁrmantes,
1056 5120 1173 5174 qua!
1223 5105 1288 5157 de
1335 5102 1634 5156 substantia
1686 5101 1914 5171 Spiritus

339 5204 508 5258 sancti
548 5219 580 5254 a
622 5199 867 5253 Patribus
905 5205 1109 5249 centum
1151 5193 1534 5264 quinquaginta
1574 5201 1754 5262 postea
1791 5208 1915 5245 con-

339 5293 571 5366 gregatis
624 5292 679 5345 in
731 5289 877 5357 regia
933 5287 1143 5340 civitate
1195 5283 1748 5354 (Constantinopoli)
1803 5292 1916 5338 tra-

341 5392 452 5444 dita
479 5395 550 5441 est
576 5393 788 5455 propter
812 5381 930 5436 illos
957 5381 1045 5450 qui
1073 5377 1298 5448 Spiritui
1320 5388 1502 5432 sancto
1529 5378 1913 5448 repugnabant.

346 5484 470 5538 llzec
503 5480 776 5536 habentur
806 5474 1023 5531 actione
1055 5473 1108 5528 5.
1141 5470 1781 5541 ConstantinOpolitanos
1812 5471 1915 5525 Pa-

345 5587 456 5630 tres
510 5568 856 5626 commendat
909 5565 1151 5636 synodus
1201 5562 1668 5619 Chalcedonensis
1741 5564 1812 5616 ob
1849 5577 1914 5616 ea

342 5667 545 5736 quibus
590 5660 869 5716 Nicacnum
935 5672 1137 5712 auxere
1181 5655 1500 5726 Symbolum
1543 5653 1914 5709 additamenta

343 5767 555 5829 propter
579 5755 696 5810 illos
722 5756 813 5825 qui
837 5751 1059 5822 Spiritui
1083 5761 1262 5806 sancto
1285 5747 1683 5816 repugnabant;
1708 5746 1916 5816 ipsumo

340 5867 450 5925 que
480 5849 795 5923 Symbolum
825 5847 878 5902 in
908 5857 1252 5902 communem
1281 5841 1446 5896 totius
1475 5838 1729 5896 Ecclesia:
1757 5838 1916 5895 Chri-

2000 1995 2186 2036 sarum
2211 1980 2476 2035 solemnia
2501 1977 2625 2034 ﬁdei
2653 1980 2906 2036 formula.
2925 1979 3062 2035 Cum
3089 1980 3236 2034 varia
3261 1979 3576 2049 disciplina,

2001 2071 2116 2127 sive
2141 2072 2395 2126 brevioris
2423 2071 2477 2126 in
2505 2071 2806 2127 Occidente
2833 2071 3100 2143 Symboli.
3131 2075 3248 2128 sive
3278 2073 3329 2126 in
3357 2072 3578 2128 Oriente

2001 2163 2326 2233 prolixioris,
2361 2164 2477 2220 sive
2504 2163 2632 2220 lecti
2663 2163 3046 2234 decantatique
3078 2164 3135 2219 in
3165 2163 3431 2235 Liturgia,
3461 2166 3578 2219 sive

1999 2256 2226 2323 omissi,
2261 2271 2367 2310 una
2410 2255 2750 2312 consistebat
2786 2256 2921 2312 ﬁdes
2952 2256 3201 2311 omnium
3251 2272 3315 2314 ac
3379 2256 3583 2313 ﬁrmis-

1998 2347 2137 2403 sima
2168 2364 2295 2418 pax.

2071 2440 2262 2512 Legem
2302 2441 2991 2510 Ephesinam.instauravit
3023 2443 3256 2514 synodus
3289 2442 3582 2498 Chalcedo-

2001 2537 2198 2601 nensis,
2231 2539 2445 2592 actione
2474 2537 2526 2599 5,
2558 2537 2818 2602 deﬁniens
2849 2553 2867 2590 :
2899 2535 3128 2591 alteram
3155 2537 3316 2607 ﬁdem
3347 2536 3484 2590 nulli
3515 2535 3585 2590 li-

2000 2645 2116 2684 cere
2157 2628 2416 2698 proferre,
2465 2637 2558 2682 aut
2599 2627 2947 2692 conscribere,
2989 2625 3070 2682 vel
3111 2642 3441 2696 componere,
3486 2635 3582 2681 aut

1998 2721 2217 2784 sentire,
2255 2729 2344 2774 aut
2385 2719 2522 2774 alios
2565 2720 2769 2774 docere.
2813 2718 3078 2773 lnvexere
3121 2725 3299 2772 tamen
3343 2717 3584 2771 audaces

2003 2810 2254 2865 homines
2293 2808 2532 2876 plurium
2571 2808 2854 2863 haereseon
2897 2815 3160 2869 monstra,
3221 2804 3580 2860 Monothelitte

2000 2912 2056 2959 et
2097 2902 2457 2958 Iconomachi.
2503 2901 2612 2956 Eos
2661 2908 2720 2956 ut
2765 2899 3072 2964 cohiberet,
3118 2899 3296 2968 deque
3341 2899 3576 2952 aliorum

2002 3003 2187 3050 mente
2226 2994 2295 3048 ab
2335 2994 2621 3049 erroribus
2657 2992 2838 3048 aliena
2883 2999 2942 3046 ut
2984 2991 3187 3047 certior
3222 2991 3383 3060 222
3428 2990 3586 3045 ﬁeret

2002 3085 2271 3148 Ecclesia,
2318 3085 2434 3141 sive
2483 3083 2538 3139 in
2588 3085 2812 3153 synodis
2857 3092 3205 3154 congregata,
3253 3084 3369 3137 sive
3413 3085 3582 3135 etiam

2004 3189 2159 3232 estra
2186 3175 2444 3241 synodos,
2476 3171 2795 3228 methodum
2827 3171 3088 3234 servavit,
3118 3185 3224 3240 qua
3258 3168 3382 3239 legis
3410 3168 3587 3238 Ephe-

2004 3269 2139 3322 sinte
2185 3274 2352 3335 atque
2377 3264 2817 3321 Chalcedonensis
2878 3265 3116 3334 rigorem
3149 3279 3326 3333 neque
3355 3262 3586 3317 omnino

2004 3369 2350 3430 sequeretur,
2384 3371 2562 3427 neque
2593 3356 2662 3411 ab
2690 3371 2754 3411 ea
2786 3356 3014 3410 omnino
3044 3355 3390 3411 abscederet.
3429 3353 3590 3425 Sym-

2003 3453 2193 3508 bolum
2224 3452 2437 3508 scilicet
2467 3449 3120 3521 Constantinopolitanum
3151 3451 3206 3505 in
3237 3448 3587 3520 baptismatis

2005 3543 2487 3600 administratione
2539 3553 2595 3599 et
2624 3558 2781 3598 saera
2811 3542 2868 3596 in
2900 3542 3142 3612 Liturgia
3176 3543 3439 3596 intactum
3471 3555 3589 3594 ser-

2006 3646 2190 3692 vatum
2222 3646 2306 3692 est
2338 3653 2352 3690 :
2387 3650 2489 3691 usu
2521 3649 2655 3690 vero
2685 3644 2992 3705 receptum,
3025 3644 3086 3689 ut
3116 3649 3241 3688 cum
3274 3633 3400 3688 novi
3431 3647 3588 3688 erro-
3616 3669 3632 3682 ρ

2008 3745 2097 3786 res
2124 3727 2531 3786 condemnandi
2563 3727 2768 3793 ferent,
2796 3737 2892 3783 aut
2920 3728 3044 3782 ﬁdei
3074 3725 3345 3797 professio
3369 3725 3585 3780 edenda

2007 3829 2178 3887 esset,
2225 3825 2312 3875 vel
2347 3819 2526 3889 ipsum
2560 3817 2878 3890 Symbolum
2911 3817 3588 3888 Constantinopolitanum

2007 3911 2402 3967 additamentis
2439 3919 2754 3980 augeretur,
2789 3919 2885 3965 aut
2918 3910 3142 3980 prolixae
3178 3911 3592 3965 instruerentur

2009 4003 2138 4059 ﬁdei
2177 4002 2552 4073 professiones
2588 4003 2762 4057 instar
2795 4001 3066 4074 Symboli.
3103 4003 3361 4057 Prostant
3395 4001 3592 4071 hujus-

2011 4099 2156 4154 modi
2206 4096 2451 4170 formula:
2498 4096 2556 4151 in
2605 4094 2946 4150 meumenica
2996 4094 3208 4166 synodo
3257 4104 3408 4151 sexta
3459 4093 3591 4148 anni

2011 4190 2147 4254 630,
2185 4188 2240 4243 in
2273 4188 2490 4244 actione
2523 4186 2557 4240 ι
2590 4194 2646 4240 et
2684 4185 2782 4249 10,
2819 4193 2874 4241 et
2910 4185 2967 4240 in
3002 4185 3593 4256 synodotecumenica

2015 4296 2112 4346 vit,
2147 4278 2362 4334 Nicaeua
2393 4293 2455 4342 tt,
2507 4277 2639 4333 anni
2673 4278 2799 4342 787,
2835 4278 2890 4332 in
2925 4278 3145 4333 actione
3182 4277 3207 4332 i
3246 4288 3303 4333 et
3336 4279 3390 4334 3.
3427 4277 3594 4334 Moris

2015 4372 2246 4443 hujusce
2304 4385 2370 4426 ac
2406 4369 2712 4440 disciplinae
2750 4371 2858 4441 iam
2905 4370 3117 4440 pridem
3157 4373 3406 4441 exempla
3448 4387 3593 4442 prae-

1946 4496 1987 4549 D
2017 4464 2259 4520 buerunt
2291 4462 2627 4517 Athanasius
2660 4478 2715 4516 In
2750 4477 2848 4518 sua
2878 4461 3004 4530 fidei
3039 4464 3383 4531 expositione,
3413 4463 3594 4534 Cyril-

2017 4555 2102 4609 lus
2147 4552 2554 4608 Alexandrinus
2599 4553 2657 4608 in
2705 4569 2771 4609 ea
2821 4569 2985 4623 quam
3038 4555 3278 4609 inseruit
3322 4554 3596 4626 Synodicae

2017 4645 2275 4709 Epistolis
2306 4644 2362 4700 in
2395 4646 2605 4717 synodo
2636 4646 3004 4702 Alexandrina
3037 4646 3180 4701 datae
3209 4662 3356 4702 anno
3383 4648 3508 4710 A50,
3540 4657 3596 4702 et

2017 4737 2257 4792 Joannes
2301 4737 2679 4793 Antiochenus
2723 4737 2778 4791 in
2825 4753 2888 4792 ea
2932 4753 3095 4808 quam
3141 4755 3241 4809 per
3288 4739 3597 4794 Emisenum

2019 4829 2319 4898 episcopum
2373 4826 2607 4881 Paulum
2645 4842 2789 4882 anno
2836 4829 2942 4883 452
3003 4829 3069 4884 ad
3109 4829 3374 4899 Cyrillum
3416 4839 3597 4885 trans-
3666 4883 3676 4890 .

2019 4917 2188 4972 misit.
2233 4915 2500 4988 Sequiore
2544 4926 2790 4988 tempore
2833 4919 2888 4974 in
2929 4920 3183 4975 conciliis
3221 4931 3278 4976 et
3318 4924 3454 4977 actis
3491 4921 3597 4977 Ec-

2019 5009 2202 5064 clesite
2250 5019 2553 5066 occurrunt
2602 5010 2910 5065 innumerae
2959 5011 3136 5068 instar
3183 5013 3430 5084 Symboli
3483 5013 3596 5068 foro

2022 5105 2204 5168 mulce,
2240 5104 2399 5173 queis
2430 5103 2514 5158 vel
2549 5103 2711 5158 ﬁdem
2745 5103 3016 5160 sinceram
3049 5109 3445 5176 profiterentur
3479 5108 3595 5171 alii.
3643 5100 3654 5110 “

2020 5197 2107 5252 vel
2154 5195 2390 5266 injectus
2435 5197 2800 5260 amolirentur
2842 5199 2935 5254 alii
2982 5199 3342 5270 suspiciones.
3395 5201 3597 5259 Recole

2020 5303 2144 5358 quae
2189 5289 2386 5344 latiore
2432 5289 2644 5344 calamo
2693 5289 3058 5346 disseruimus
3126 5293 3305 5362 capite
3350 5293 3387 5346 2
3437 5303 3492 5348 et
3539 5295 3596 5352 5.

2021 5379 2294 5456 Quorsum
2344 5393 2472 5434 vero
2527 5380 2641 5434 haec
2691 5380 2915 5434 omnia?
2963 5381 3235 5437 Nimirum
3289 5391 3350 5438 ut
3403 5393 3598 5440 notum

2021 5481 2476 5540 compertumque
2507 5470 2618 5532 ﬁat,
2655 5485 2966 5540 perperam,
2999 5488 3064 5528 ac
3094 5489 3234 5529 vano
3263 5485 3488 5540 conatu,
3522 5476 3592 5532 ir-

2023 5563 2241 5631 ritoque
2273 5572 2423 5618 certe
2452 5572 2603 5627 voto,
2634 5570 2826 5616 contra
2857 5563 3140 5632 particulae
3170 5563 3415 5636 Filioque
3445 5567 3603 5636 adje-

2023 5657 2278 5744 ctionem.
2301 5653 2505 5722 opponi
2540 5668 2571 5706 a
2603 5652 2804 5708 Graecis
2836 5653 3129 5724 Ephesinae
3161 5657 3298 5726 legis
3333 5658 3599 5726 rigorem.

2095 5743 2342 5814 Symbolo
2366 5743 2953 5814 Constantinopolitano
2980 5761 3089 5801 non
3116 5748 3392 5810 utebatur,
3421 5763 3602 5817 neque

2021 5852 2261 5907 unquam
2295 5835 2424 5892 illud
2459 5837 2744 5906 usurpavit
2770 5834 3013 5893 Ecclesia
3045 5837 3287 5894 ltontana
3341 5839 3394 5895 in
3429 5839 3607 5894 baeti-
