3852 6468
253 390 354 458 217
1396 383 1598 445 VITA.
1646 404 1710 416 -
1751 377 2256 441 DISSEBTATIO
2292 375 2375 436 Il.
3393 361 3499 426 218

253 517 423 562 suiate
458 520 476 558 ε
519 504 814 573 ipsumque
852 497 1098 554 nondum
1140 494 1440 550 admiserat
1480 493 1624 547 inter
1659 507 1826 545 sacris
1856 498 1899 556 Α
1930 489 2150 545 demum
2179 487 2356 542 delata
2383 484 2450 540 ad
2480 483 2716 538 Leonem
2745 481 2811 536 lll
2856 494 3131 535 summum
3163 475 3501 544 pontiﬁcem.

257 598 508 668 Liturgia:
543 572 760 666 partes.
795 591 973 646 Mores
1015 587 1315 644 orientales
1350 586 1539 656 prima:
1572 584 1627 638 in
1662 582 1824 638 Occi-
1931 580 2177 634 Romana
2207 577 2483 636 Ecclesia.
2515 592 2638 646 quae
2667 576 2927 631 doctrinae
2955 575 3264 645 depositum
3299 572 3366 626 ah
3400 572 3506 624 ini-

256 693 419 746 dente
471 687 701 744 imitatae
740 661 884 742 “sunt
935 682 1319 753 Hispaniarum
1368 677 1654 741 Ecclesia,
1705 690 1828 745 qua;
1931 669 2008 722 tio
2056 679 2342 737 acceptum
2395 667 2648 723 servabat
2699 667 3105 730 intemeratum,
3151 661 3503 730 haerebatque

261 780 584 852 Symbolum
617 778 765 834 idem
791 785 946 832 sexto
977 774 1264 829 desinente
1293 769 1495 826 saeculo
1525 769 1669 822 inter
1699 766 1830 845 mis-
1934 761 2283 816 tenacissime
2313 761 2562 815 moribus
2591 761 2867 828 antiquis,
2901 759 2956 812 in
2987 773 3054 813 eo
3083 756 3230 828 quod
3262 765 3382 809 erat
3411 757 3506 806 do-

260 889 445 929 sarum
488 870 761 926 solemnia
797 882 995 923 canere
1033 875 1343 934 creperum.
1385 861 1661 929 simulque
1698 873 1831 914 voce
1933 871 2055 926 gma
2089 853 2234 920 ﬁdei,
2271 853 2495 907 immota
2530 851 2832 922 permansit
2865 867 2880 904 :
2916 850 2969 903 in
3007 863 3206 918 eoque,
3237 846 3385 916 quod
3422 861 3508 898 ec-

262 965 449 1020 addita
483 963 736 1032 Filioque
769 973 994 1017 auxere.
1030 961 1228 1011 Ansam
1263 955 1467 1010 dedere
1500 953 1702 1016 Gothi,
1739 951 1833 1019 qui
1935 946 2288 1002 clesiasticam
2341 944 2409 998 ad
2465 943 2800 1014 disciplinam
2833 939 3134 1011 spectabat
3159 978 3173 1001 ,
3228 937 3510 1008 publicum

266 1056 552 1134 Hispanias
585 1028 966 1125 su-bjugarunt.
1005 1052 1081 1107 Ex
1115 1049 1340 1106 Oriente
1379 1063 1566 1104 secum
1605 1047 1708 1116 ipsi
1741 1045 1834 1099 de-
1941 1040 2086 1094 inter
2131 1038 2418 1092 missarum
2465 1035 2731 1090 solemnia
2781 1034 3033 1104 permisit
3077 1030 3323 1103 Symboli
3371 1028 3484 1083 Con

265 1124 507 1203 tulerant
537 1120 1059 1215 Ariana'dugmata,
1099 1153 1154 1197 et
1187 1141 1604 1202 Macedonians,
1640 1147 1696 1191 et
1731 1137 1839 1190 Eu-
1941 1129 2412 1200 stantinopolitani
2446 1137 2688 1186 cantum.
2720 1128 3112 1194 invectumque
3145 1122 3263 1177 tolli
3294 1120 3512 1174 addita-

265 1240 518 1293 nomiana
550 1255 564 1290 :
595 1236 791 1290 Filium
824 1236 1076 1290 minorem
1107 1233 1288 1295 Patre,
1316 1246 1380 1284 ac
1412 1228 1555 1284 Filio
1585 1228 1840 1281 minorem

265 1332 524 1402 Spiritum
573 1343 840 1388 sanctum.
888 1330 1190 1398 factumque
1237 1342 1270 1378 a
1316 1323 1453 1378 Filio
1500 1321 1839 1392 proﬁtentes.

266 1423 510 1491 Ejuratis
558 1423 663 1476 sub
720 1418 1032 1476 Reccaredo
1081 1432 1208 1488 rege
1259 1414 1446 1486 impiis
1493 1410 1841 1472 commentis,

268 1513 487 1568 Νίεωηα
531 1511 656 1566 ﬁdei
700 1511 934 1566 formula
978 1518 1232 1578 suscepta
1275 1517 1380 1572 est,
1419 1506 1661 1574 itemque
1703 1501 1845 1558 Con-

264 1599 776 1670 stantinopolitana.
817 1597 980 1653 Fides
1019 1597 1233 1667 integra
1273 1599 1632 1651 sanctissimae
1666 1591 1849 1646 Trini-

269 1692 396 1748 tatis
427 1700 486 1745 ut
515 1707 698 1746 coram
732 1690 1018 1759 palamque
1052 1689 1443 1758 proﬁterentur
1473 1700 1662 1741 omnes
1682 1723 1699 1748 ,
1731 1691 1845 1736 tum

272 1783 418 1838 inter
456 1782 745 1838 Missurum
789 1781 1053 1836 solemnia
1097 1779 1219 1836 cani
1259 1788 1497 1849 ereptum
1542 1775 1847 1848 Symbolum

1943 1229 2186 1276 mentum
2236 1220 2476 1291 optabat.
2521 1220 2592 1274 At
2642 1219 2774 1273 illud
2825 1218 3206 1288 Hispaniarum
3257 1212 3518 1268 Ecclesia:

1944 1325 2099 1371 sexto
2141 1329 2266 1369 terte
2307 1313 2630 1368 Christianae
2673 1311 2873 1366 szeculo
2918 1315 3242 1378 receperant
3320 1305 3522 1358 retine-

1944 1410 2186 1479 bantque
2216 1425 2230 1462 :
2259 1407 2548 1476 ipsumque
2573 1405 2890 1474 amplexatae
2917 1411 3048 1458 sunt
3103 1400 3302 1455 saeculo
3327 1407 3521 1452 octavo

1946 1511 2004 1558 et
2036 1516 2179 1555 nono
2208 1499 2523 1562 Gallicanae,
2558 1497 2801 1567 itemque
2831 1493 3196 1552 Germanicae.
3230 1507 3293 1546 ac
3325 1490 3524 1544 Italica:

1949 1595 2004 1650 in
2045 1608 2213 1664 regno
2247 1593 2448 1658 Italiae,
2485 1591 2552 1645 ad
2595 1598 2796 1645 rectam
2833 1587 2994 1642 ﬁdem
3029 1584 3289 1640 tuendam
3327 1581 3527 1634 adver-

1950 1703 2074 1744 sum
2115 1687 2428 1743 Graecorum
2469 1683 2784 1738 molitiones
2824 1679 3140 1752 praesidium
3182 1676 3309 1732 inde
3348 1691 3529 1729 arces-

1951 1791 2157 1839 sentes.

267 1870 943 1942 Constantinopolitanum,
977 1878 1092 1923 tum
1123 1868 1302 1939 ipsum
1337 1883 1441 1922 una
1474 1867 1563 1920 illa
1597 1879 1728 1920 voce
1757 1863 1844 1916 Fi-
1874 1870 1876 1926 ξ

2017 1873 2146 1928 Haec
2189 1871 2340 1926 varia
2388 1871 2442 1925 in
2496 1868 2794 1926 Occidente
2825 1864 3161 1934 disciplina,
3211 1860 3276 1916 ad
3331 1860 3531 1928 rigoris

273 1961 452 2030 lioque
499 1962 818 2015 adauctum.
866 1960 977 2014 Cur
1024 1959 1168 2014 hanc
1215 1957 1338 2012 ﬁdei
1387 1967 1634 2026 partem,
1680 1968 1844 2023 quam

275 2053 548 2106 hactenus
586 2051 749 2107 Gothi
787 2051 1146 2122 denegabant,
1183 2049 1402 2118 publico
1441 2047 1699 2118 Symbolo
1739 2061 1849 2100 non

273 2142 619 2197 addidissent
660 2141 1043 2212 Hispaniarum
1089 2140 1369 2205 Ecclesire,
1412 2137 1674 2194 cordibus
1717 2137 1852 2190 ﬁde-

273 2236 409 2289 lium
440 2236 521 2290 uti
549 2235 913 2304 frequentius,
941 2237 1014 2288 ita
1049 2231 1374 2303 profundius
1404 2227 1854 2286 inscribendum?

271 2326 612 2397 Iampridem
645 2327 893 2397 episcOpis
925 2325 1420 2391 Tarraconensibus,
1446 2323 1856 2394 Carthaginien-

273 2421 441 2485 sibus.
479 2420 746 2475 Lusitanis
791 2429 948 2491 atque
982 2418 1200 2476 Gallicis
1236 2434 1382 2474 anno
1419 2418 1521 2472 447
1565 2417 1856 2487 epiStolam

277 2517 512 2570 dederat
545 2504 769 2570 sanctus
802 2514 914 2570 Leo
949 2514 1174 2586 Magnus
1207 2533 1220 2569 :
1256 2515 1511 2584 ipsosque
1544 2528 1665 2581 cap.
1704 2512 1754 2574 l,
1791 2510 1860 2564 de

275 2622 476 2662 eorum
526 2607 688 2678 223
738 2607 1018 2676 impietate
1066 2607 1326 2661 admonet
1372 2606 1467 2676 qui
1519 2603 1858 2668 sentiebant,

279 2719 386 2756 non
422 2702 593 2754 alium
623 2716 734 2755 esse
761 2700 852 2768 qui
883 2701 1090 2770 genuit,
1120 2699 1289 2752 alium
1320 2699 1410 2768 qui
1441 2697 1644 2768 genitus
1673 2704 1780 2758 est,
1812 2705 1860 2748 et

281 2795 458 2848 alium
490 2797 580 2865 qui
611 2795 676 2848 de
711 2804 931 2864 utroque
966 2794 1240 2863 processit.
1273 2791 1478 2846 Eodem
1513 2805 1657 2844 anno
1692 2787 1865 2858 Regu-

284 2888 400 2942 lam
430 2887 556 2956 ﬁdei
590 2887 859 2954 scripsere
893 2886 1065 2939 instar
1095 2881 1330 2952 Symboli
1365 2881 1591 2950 Hispani
1628 2879 1816 2933 Patres
1847 2895 1862 2932 :

284 2979 660 3048 dicebantque
706 2977 758 3030 in
803 2977 1038 3032 articulo
1083 2975 1324 3044 Spiritus
1369 2972 1566 3038 sancti,
1613 2973 1791 3041 ipsum
1835 2986 1867 3023 a

294 3073 460 3127 Patre
500 3070 743 3141 Filioque
797 3070 1092 3139 procedere.
1127 3067 1464 3122 Decretalem
1497 3065 1561 3119 ad
1593 3064 1868 3121 Iustinum

287 3165 566 3220 seniorem
603 3163 940 3233 Augustum,
976 3175 1122 3216 anno
1155 3160 1287 3223 521,
1326 3158 1704 3213 transmiserat
1736 3155 1868 3224 Epi-

288 3257 489 3312 stolam
537 3255 862 3310 llormisdas
895 3270 1053 3324 papa,
1097 3253 1190 3307 ubi
1237 3252 1469 3322 legimus
1512 3269 1525 3304 :
1574 3249 1868 3317 Proprium

291 3348 530 3419 Spiritus
555 3347 728 3401 sancti
754 3362 882 3410 esse,
909 3349 965 3398 ut
991 3347 1054 3398 de
1079 3343 1243 3398 Patre
1267 3352 1316 3397 et
1343 3342 1478 3397 Filio
1503 3341 1752 3414 procedat
1777 3337 1871 3392 sub

294 3456 402 3492 una
437 3438 736 3492 substantia
773 3436 1020 3491 Deitatis.
1052 3435 1188 3492 Vide
1221 3442 1386 3505 caput
1419 3435 1453 3489 5
1475 3476 1489 3498 ,
1527 3449 1680 3488 num.
1712 3432 1745 3486 5
1767 3470 1783 3495 ,
1819 3439 1874 3484 et

295 3542 463 3602 caput
490 3535 544 3595 4,
578 3547 733 3585 ηυω.
765 3533 814 3586 l.
843 3531 1042 3585 Vocem
1076 3529 1236 3591 hanc,
1267 3527 1534 3598 Filioque,
1566 3523 1876 3595 prolixiori-

299 3624 406 3679 bus
452 3623 579 3678 ﬁdei
627 3621 880 3678 formulis
923 3623 1035 3694 jam
1089 3621 1390 3683 insertam,
1438 3619 1504 3674 ad
1551 3615 1874 3688 Symbolum

297 3715 1006 3785 Constantinopolitanum,
1057 3714 1202 3784 quod
1253 3713 1397 3768 inter
1446 3711 1740 3765 missarum
1791 3721 1880 3760 so-

303 3809 511 3866 lemnia
543 3807 848 3872 canebant,
877 3806 984 3862 sibi
1017 3805 1314 3861 transferre
1344 3812 1610 3875 putarunt
1643 3801 1724 3855 fas
1756 3813 1879 3856 esse

303 3899 696 3972 Hispaniarum
733 3897 1027 3964 Ecclesiae,
1061 3897 1409 3968 disciplinam
1443 3904 1720 3950 sectantes
1757 3905 1882 3962 quae

303 3991 730 4050 convenientior
763 3991 878 4048 visa
913 3991 1092 4046 fuerat
1123 3990 1191 4044 ad
1231 3989 1391 4044 ﬁdem
1426 3995 1636 4043 rectam
1680 3985 1884 4040 docen-

306 4087 456 4148 dam,
507 4101 574 4140 ac
619 4085 926 4149 tutandam,
971 4081 1432 4150 servandamque.
1482 4079 1645 4134 Fides
1691 4093 1884 4134 earum

310 4199 419 4237 non
451 4191 570 4236 erat
600 4179 797 4244 altera,
823 4179 930 4233 hoe
960 4187 1045 4234 est
1072 4175 1303 4231 Nicaanie
1332 4174 1457 4229 ﬁdei
1489 4182 1546 4228 et
1575 4171 1889 4227 Constanti-

313 4273 916 4348 nopolitanac’adversa
956 4289 970 4326 :
1015 4283 1194 4340 neque
1237 4268 1374 4322 ﬁdes
1417 4265 1612 4328 altera,
1654 4265 1759 4320 hoc
1804 4271 1890 4319 est

312 4369 553 4424 lormula
592 4365 717 4420 ﬁdei
761 4363 1024 4420 articulos
1061 4361 1376 4426 continens,
1418 4373 1539 4428 qua:
1580 4373 1612 4413 a
1654 4357 1890 4411 formula

316 4461 538 4516 Nicaeua
576 4467 634 4514 et
683 4454 1290 4524 Constantinopolitana
1323 4451 1575 4506 diﬁ‘erret
1605 4467 1619 4504 :
1649 4449 1744 4504 sed
1779 4449 1892 4502 haec

1949 1965 2159 2034 apicem
2203 1963 2258 2017 in
2301 1963 2543 2018 Romana
2590 1959 2832 2015 Ecclesia
2879 1955 3176 2014 custodita.
3217 1955 3271 2006 in
3317 1950 3534 2006 caeteris

1952 2073 2050 2126 pro
2069 2056 2238 2110 variis
2259 2055 2541 2123 regionum
2564 2048 2996 2106 circumstantiis
3019 2046 3303 2116 paululum
3329 2044 3529 2104 laxata,

1955 2147 2446 2210 schismatisjnter
2473 2159 2566 2199 eas
2598 2140 2834 2212 praebuit
2863 2154 3051 2194 ansam
3087 2136 3311 2190 nullam.
3347 2134 3534 2187 Flore—

1957 2243 2050 2295 hat
2079 2238 2244 2310 224
2272 2254 2486 2293 summa
2515 2252 2617 2306 pax
2639 2277 2652 2302 ,
2682 2234 3008 2304 vigebatque
3039 2232 3250 2300 integra
3280 2241 3532 2284 cominu-

1957 2333 2071 2388 nio.
2115 2333 2257 2399 Quin
2291 2333 2402 2386 imo
2452 2330 2696 2384 Romana
2724 2327 2945 2381 demum
2994 2324 3242 2379 Ecclesia
3291 2318 3534 2391 Symboli

1958 2421 2577 2492 Constantinopolitani,
2627 2418 2989 2490 ejusdemque
3043 2413 3360 2482 interpolati
3407 2427 3539 2466 can-

1962 2526 2075 2572 tum
2120 2513 2339 2570 admisit
2377 2513 2577 2569 saaeulo
2612 2511 2906 2565 undecimo
2940 2508 3085 2560 inter
3121 2506 3411 2559 missarum
3455 2515 3541 2554 so-

1961 2608 2184 2669 lemnia,
2222 2607 2468 2661 moribus
2509 2605 2736 2657 aliarum
2778 2616 2900 2656 sese
2941 2597 3294 2653 conformans
3336 2609 3436 2662 pro
3475 2607 3538 2645 ea

1965 2716 2072 2770 qua
2110 2698 2420 2769 potiebatur
2456 2696 2511 2749 in
2547 2695 2938 2749 ecclesiastica:
2971 2689 3282 2758 disciplinae
3317 2684 3540 2754 negotio
3581 2724 3587 2731 .

1967 2791 2246 2849 facultate.
2272 2789 2509 2844 Consule
2539 2786 2714 2854 capita
2743 2783 3029 2853 superiora
3061 2781 3188 2843 duo,
3220 2781 3252 2833 4
3279 2787 3334 2831 et
3363 2777 3413 2831 5.
3445 2776 3548 2829 Ar-

1967 2893 2226 2956 gumenta
2267 2897 2395 2937 vero
2434 2880 2546 2948 jam
2592 2879 2822 2934 collecta
2865 2885 3015 2939 sunt,
3065 2887 3187 2942 quae.
3231 2869 3544 2925 Griecorum

1971 2977 2252 3032 scissionis
2302 2981 2626 3045 prietextum
2704 2969 2954 3024 funditus
3000 2975 3257 3022 evertunt
3303 2977 3365 3016 ac
3419 2973 3550 3028 pro-

1971 3068 2179 3139 ﬁigant.

2043 3161 2106 3216 ll.
2150 3158 2255 3216 Sed
2291 3159 2432 3212 hanc
2459 3155 2642 3218 vocis,
2679 3152 2946 3222 Filioque,
2977 3147 3344 3220 adiectionem
3374 3143 3592 3200 veluti.

1973 3255 2224 3310 illicitam
2269 3252 2522 3307 incusant
2567 3247 2664 3312 illi,
2714 3258 2946 3314 eamque
2993 3240 3335 3311 ingeminant
3382 3235 3558 3305 Ephe-

1975 3351 2106 3404 sinrr
2133 3344 2318 3418 synodi
2348 3342 2570 3396 decreto
2599 3339 2912 3394 adversam.
2941 3334 3060 3404 Ipse
3090 3331 3202 3385 Leo
3231 3329 3324 3394 lll,
3356 3329 3555 3381 Roma-

1979 3456 2081 3496 nus
2111 3435 2354 3509 pontifex
2390 3433 2719 3503 (inquiunt),
2750 3430 2802 3482 in
2832 3426 3138 3482 Collatione
3166 3438 3289 3477 eum
3321 3419 3558 3475 Gallica-

1977 3532 2063 3586 nis
2108 3527 2384 3598 episcOpis
2431 3526 2612 3579 aiebat
2665 3539 2679 3576 :
2733 3519 2878 3573 Licet
2926 3516 3156 3571 docendo
3205 3521 3462 3576 cantare,
3509 3515 3558 3561 et

1978 3621 2245 3679 cantando
2278 3621 2462 3674 docere
2493 3632 2512 3671 :
2539 3617 2630 3671 sed
2661 3613 2848 3669 illicite
2883 3613 2936 3665 in
2972 3609 3271 3681 prohibitis,
3305 3621 3399 3658 nec
3431 3602 3564 3654 scri-

1981 3719 2144 3772 bendo
2190 3731 2284 3770 nec
2325 3714 2589 3767 cantando
2634 3708 2752 3762 licet
2797 3707 3046 3758 inserere.
3096 3699 3257 3769 chis
3299 3697 3559 3750 nimirttm

1986 3811 2270 3881 Ephesinie
2307 3805 2472 3876 rigori
2508 3802 2750 3858 haerebat
2783 3814 2848 3853 eo
2887 3795 3132 3866 tempore
3166 3791 3410 3847 Ecclesia
3451 3790 3602 3843 Καθ’

1984 3919 2142 3959 mana
2173 3919 2187 3956 :
2222 3899 2319 3955 sed
2355 3899 2532 3968 ipsum
2568 3897 2805 3965 rigorem
2840 3891 2978 3958 legis
3016 3903 3114 3958 pro
3148 3885 3318 3940 variis
3351 3892 3564 3949 tempo-

1986 4011 2107 4050 rum
2135 3987 2564 4049 circumstantiis
2586 4024 2602 4050 ,
2634 3996 2821 4055 utpote
2850 3985 2992 4037 intra
3022 3979 3230 4035 limites
3259 3974 3563 4044 disciplinae

1987 4083 2374 4144 ecclesiastica:
2427 4079 2843 4139 consistentem,
2901 4072 3194 4141 temperari
3249 4083 3407 4138 posse
3454 4067 3568 4136 jam

1990 4185 2240 4236 noverat.
2276 4175 2534 4246 Optabat,
2569 4171 2992 4224 additamentum
3035 4165 3151 4218 tolli
3197 4178 3226 4217 a
3271 4159 3569 4216 Gallicanis

1991 4269 2266 4342 episcopis
2299 4286 2312 4324 :
2345 4267 2521 4336 deque
2555 4262 2719 4317 modo
2749 4260 3040 4316 consilium
3074 4251 3261 4319 dabat,
3292 4271 3396 4308 non
3427 4252 3570 4321 afﬁr-

1995 4365 2224 4426 mando,
2274 4359 2363 4415 sed
2413 4355 2718 4411 tractando.
2765 4352 3036 4408 Czeterum
3085 4363 3218 4405 vero
3263 4345 3572 4401 Orientales

1996 4457 2161 4512 etiam
2193 4456 2324 4524 ipsa:
2353 4451 2614 4506 Ecclesia:
2640 4449 2708 4503 ab
2737 4447 2986 4518 ejusdem
3016 4441 3306 4514 Ephesius:
3335 4440 3473 4508 legis
3502 4435 3578 4490 ri-

316 4551 512 4608 eadem
539 4563 792 4621 prorsus,
819 4562 943 4603 cum
972 4545 1134 4600 unius
1157 4543 1308 4599 vocis
1331 4543 1651 4598 orthodoxa:
1680 4538 1876 4594 addita

2000 4565 2130 4620 gorc
2168 4551 2547 4606 recesserant,
2585 4557 2707 4611 quae
2749 4540 2878 4594 licet
2919 4539 2972 4592 in
3017 4535 3385 4606 baptismate,
3423 4540 3477 4583 et
3518 4530 3574 4583 in

322 4652 533 4706 mento,
562 4642 630 4696 ad
662 4639 989 4696 Arianorum
1018 4637 1270 4692 haeresim
1297 4633 1714 4691 eliminandam.

393 4735 518 4789 Alio
559 4733 774 4787 invecto
818 4728 1056 4799 Spiritus
1101 4726 1276 4782 sancti
1322 4724 1590 4795 originem
1635 4723 1900 4778 vitiarunt

322 4824 681 4882 Manatlrelita:
717 4836 930 4888 errore,
965 4833 1129 4891 quem
1167 4819 1330 4888 longe
1371 4818 1592 4886 lateque
1633 4828 1901 4884 propaga-

325 4930 456 4975 runt
496 4917 831 4974 Iconomaclii
867 4916 921 4969 in
954 4913 1201 4972 Oriente.
1237 4912 1436 4966 Filium
1470 4908 1840 4964 excludebant
1870 4922 1902 4962 a

325 5014 610 5071 consortio
637 5011 912 5082 spirativae
938 5023 1062 5065 cum
1091 5005 1253 5062 Patre
1281 5005 1502 5060 virtutis
1535 5023 1548 5058 :
1583 5003 1764 5072 deque
1797 5001 1905 5054 bte-

329 5111 438 5167 rcsi
487 5105 814 5166 incusabant
856 5104 1102 5166 Latinos,
1155 5099 1519 5172 procedentem
1572 5095 1637 5150 ab
1683 5103 1906 5164 utroque

330 5204 598 5276 Spiritum
637 5207 879 5280 sanctum
926 5196 1266 5266 proﬁtentes.
1314 5191 1454 5246 Mota
1501 5186 1735 5259 quaestio
1779 5201 1906 5240 eum

330 5294 563 5352 Francis
590 5277 833 5346 discussa
864 5298 949 5343 est
977 5301 1122 5342 anno
1152 5285 1276 5351 767,
1309 5284 1365 5338 in
1399 5281 1609 5353 synodo
1640 5277 1908 5335 Gentilia-

330 5387 484 5444 eensi
523 5404 537 5438 :
576 5397 786 5455 proque
821 5381 1077 5451 dogmate
1112 5376 1238 5432 ﬁdei
1277 5376 1446 5429 latum
1480 5373 1785 5428 decretum.
1821 5368 1909 5424 Fi-

331 5480 461 5533 dem
492 5477 656 5539 hanc,
684 5483 888 5528 temere
915 5488 944 5527 a
971 5470 1176 5526 Graecis
1202 5469 1490 5529 violatam,
1521 5474 1580 5517 ut
1605 5477 1790 5518 coram
1821 5477 1912 5530 pa-

332 5575 561 5638 lamque
596 5568 989 5638 proﬁterentur
1025 5563 1318 5620 Gallicana:
1363 5559 1644 5623 Ecclesiae,
1689 5564 1913 5625 sumpto

330 5679 404 5719 ex
436 5659 746 5731 Hispanicis
780 5657 1055 5726 exemplo,
1090 5669 1258 5710 sacra:
1292 5651 1552 5720 Liturgite
1585 5657 1795 5719 partem
1831 5648 1912 5702 fe-

332 5768 464 5810 cere
493 5749 814 5821 Symbolum
843 5742 1518 5813 ConstantinOpolitanum
1548 5755 1673 5793 cum
1703 5737 1910 5793 addita-

336 5856 546 5904 tnento.
575 5843 858 5901 llaereseos
883 5855 1173 5898 censuram
1203 5837 1550 5895 inculcabant
1578 5833 1774 5891 Graeci.
1806 5833 1913 5889 ltcs

1999 4655 2154 4696 sacra
2180 4638 2427 4705 Liturgia
2459 4631 3049 4701 Constantinopolitano
3081 4627 3314 4698 symbolo
3346 4639 3453 4677 non
3489 4622 3576 4675 in-

2003 4732 2274 4801 terpolato
2307 4724 2627 4789 uterentur;
2658 4725 2712 4778 in
2744 4739 2896 4777 more
2927 4736 3145 4789 semper
3173 4718 3438 4779 habuere,
3469 4715 3580 4768 lor-

2004 4824 2183 4878 mulas
2239 4821 2437 4874 alteras
2493 4816 2823 4888 prolixiores
2879 4807 3221 4873 instruendi,
3273 4806 3432 4876 queis
3485 4813 3582 4857 aut

2007 4914 2192 4968 ﬁdeles
2242 4921 2449 4966 rectam
2499 4909 2663 4962 ﬁdem
2715 4903 3147 4974 proﬁterentur,
3195 4909 3290 4953 aut
3343 4896 3582 4966 suspecti

2006 5007 2218 5076 seipsos
2259 5009 2652 5074 expurgarent.
2696 4997 2835 5051 lliuc
2878 4994 3200 5049 Florentina
3246 4992 3299 5046 in
3349 4993 3582 5060 synodo,

2006 5099 2210 5156 Graseis
2245 5088 2744 5151 consentientibus.
2780 5087 3066 5143 deﬁnitum
3105 5104 3119 5140 :
3160 5084 3583 5151 Explicalionem

2008 5192 2283 5247 verborum
2328 5187 2581 5250 illorum,
2632 5181 2915 5252 Filioque,
2963 5179 3201 5233 ueritati..-
3251 5177 3588 5230 declaranda:

2010 5282 2211 5353 gratia,
2240 5285 2288 5332 et
2312 5276 2620 5332 imminente
2648 5283 2772 5326 tunc
2803 5271 3131 5333 necessitate,
3163 5267 3304 5321 licite
3333 5282 3396 5320 ac
3428 5265 3590 5318 ratio-

2012 5373 2261 5431 nabiliter
2289 5365 2534 5440 Symbolo
2565 5365 2724 5435 fuisse
2753 5355 3072 5435 appositam.

2086 5462 2420 5533 Ephesinam
2454 5459 2628 5528 legem
2650 5495 2665 5522 ,
2697 5455 2914 5510 tametsi
2944 5451 3008 5506 ad
3039 5449 3470 5507 ecclesiasticam
3501 5446 3588 5501 di-

2015 5557 2302 5626 sciplinam
2336 5558 2578 5621 spectet,
2611 5547 2764 5602 nullo
2794 5545 2932 5602 solvi
2967 5544 3224 5599 debuisse
3254 5540 3448 5604 modo,
3480 5537 3589 5592 nisi

2017 5653 2206 5706 saltem
2239 5644 2431 5716 synodi
2464 5642 2739 5714 generalis
2767 5638 3095 5694 auctoritate
3126 5636 3453 5696 accedente,
3487 5634 3590 5685 ite-

2022 5759 2141 5797 rum
2171 5741 2380 5795 instant
2407 5736 2596 5793 cadem
2625 5747 2841 5802 semper
2867 5731 3190 5784 oberrantcs
3217 5725 3443 5780 chorda.
3474 5723 3589 5776 Lit-

2023 5843 2171 5900 tcrte,
2201 5846 2317 5901 qua:
2350 5827 2569 5890 occidit,
2601 5826 2721 5896 plus
2754 5821 2920 5877 nimio
2953 5821 3239 5876 inluerent.
3273 5817 3586 5871 Forniulam
