3852 6478
333 375 437 437 219

1284 372 1610 434 GEORGII
1655 371 1908 432 CYPREI
1953 372 2062 435 CP.
2107 370 2620 431 PA'l'iilMiCliiE

3469 371 3580 435 2Ξο

251 503 253 505 ·
327 485 451 539 fidei
479 484 532 539 in
558 484 771 540 Nicwna
792 484 988 556 synodo
1012 485 1365 540 constitutam
1389 496 1599 554 spectat
1621 485 1706 538 (es
1732 483 1898 555 Ephe-
1926 487 1972 546 Δ
2001 494 2224 554 propter
2255 485 2490 539 haereses
2529 484 2866 554 prodeuntes
2919 482 3270 540 inseruerunt
3325 485 3551 542 Orienta
3604 473 3611 480 ’

321 578 445 631 sina
474 593 491 631 :
521 593 627 645 qua
661 577 1022 632 nihilominus
1050 593 1158 632 non
1191 579 1467 641 obstante,
1503 578 1755 647 vigebant
1783 595 1899 634 aevo

327 667 421 719 illo
471 668 776 736 peculiares
825 667 1074 722 formulae
1118 669 1465 734 Antiochena,
1522 670 1902 741 Hierosolymi-

326 766 476 819 tona,
506 759 985 830 Philadelphiensis
1013 777 1073 814 ac
1123 760 1730 832 Constantinopolitano.
1761 763 1904 818 Prat-

327 850 550 918 cipuum
597 866 730 919 ergo
781 852 1072 920 Ephcsina:
1117 852 1251 921 legis
1296 855 1587 907 consilium
1636 844 1913 924 eti'ulget,
1969 907 1976 918 ,

327 959 489 1009 quam
523 944 792 1007 maxime,
826 954 883 997 ut
914 945 1198 998 hominum
1229 946 1586 1000 scelestarum
1617 947 1904 1002 cohibere-

328 1042 416 1087 tur
471 1033 728 1094 fidentia.
792 1052 962 1090 novas
1021 1037 1074 1089 in
1131 1019 1252 1091 dies
1306 1036 1580 1091 condendi
1639 1039 1902 1093 formulas

325 1125 557 1179 Nicaeum
600 1126 723 1179 fidei
766 1128 1049 1182 adversas.
1094 1128 1396 1198 Utramque
1441 1130 1766 1194 formulam,
1809 1131 1904 1186 Ni-

323 1229 528 1268 ctenam
586 1223 643 1269 et
678 1216 1348 1286 Constantin0politanam,
1387 1221 1709 1287 approbavit
1745 1221 1904 1275 Chal-

323 1306 654 1361 cedonensis
711 1310 1062 1363 mcumcnica.
1090 1311 1332 1380 synodus
1371 1329 1383 1366 :
1421 1329 1596 1382 eaque
1633 1315 1905 1384 approba-

327 1395 474 1450 tione
535 1396 777 1465 factum,
841 1410 902 1453 ut
962 1399 1587 1474 Constantinopolitano.
1616 1404 1855 1461 formula
1885 1445 1901 1472 ,

327 1489 513 1544 relicta
559 1491 819 1557 Nicazna,
871 1495 1071 1563 passim
1131 1502 1425 1551 uterentur
1473 1498 1528 1552 in
1575 1499 1903 1568 baptismate

321 1593 388 1631 ac
422 1594 578 1634 sacra
613 1581 778 1634 etiam
816 1583 870 1636 in
906 1583 1152 1653 Liturgia
1187 1588 1494 1643 Orientales
1530 1591 1806 1646 Ecclesiae.
1845 1582 1900 1646 ld

326 1685 454 1722 \ero
487 1683 766 1738 peractum
799 1690 898 1742 pro
929 1692 1026 1730 sua
1055 1677 1427 1734 Ecelesiarum
1463 1683 1716 1738 libertate
1738 1725 1752 1747 ,
1789 1700 1900 1740 non

325 1762 518 1830 synodi
573 1763 806 1834 alicujus
861 1769 1216 1824 tecuincnicae
1262 1773 1442 1841 jussu.
1500 1774 1610 1828 Lex
1661 1785 1900 1831 attamen

325 1853 483 1924 225
540 1854 838 1922 Epltesina,
871 1875 937 1914 ac
985 1864 1148 1916 etiam
1202 1863 1659 1932 Chalcedonensis,
1712 1870 1898 1940 aliquo

324 1946 769 2010 modo'servata,
815 1963 1105 2020 propterea
1153 1954 1300 2024 quod
1343 1957 1575 2027 simplex
1621 1960 1709 2014 illa
1751 1961 1898 2016 Con-

323 2037 807 2108 stantinOpolitana
844 2045 1202 2100 adhiberetur
1237 2051 1288 2101 in
1328 2048 1654 2118 baptismate
1725 2063 1782 2108 ct
1813 2055 1891 2109 in-

325 2137 409 2181 ter
443 2129 727 2186 Missarum
768 2135 1030 2191 solemnia
1069 2157 1083 2192 :
1121 2149 1178 2194 at
1216 2140 1320 2195 sibi
1361 2141 1571 2198 licitum
1619 2146 1897 2200 duxerunt

321 2219 652 2287 Orientales,
683 2227 948 2283 formulas
981 2231 1246 2300 proferre,
1277 2245 1371 2288 aut
1399 2237 1772 2301 conscribere,
1805 2249 1896 2294 aut

320 2330 654 2384 componere
685 2323 1010 2388 peculiares,
1041 2340 1070 2378 a
1104 2325 1319 2380 Nicasna
1353 2337 1407 2382 et
1437 2327 1894 2400 Constantinopo-

323 2406 491 2461 litana
534 2409 874 2476 difierentes,
917 2417 1118 2484 quibus
1161 2419 1552 2486 prolixioribus
1585 2423 1770 2477 verbis
1813 2439 1898 2478 re-

321 2510 464 2553 ctam
499 2501 659 2556 fidem
695 2504 1104 2573 profiterentur.
1141 2521 1234 2564 aut
1265 2527 1383 2565 sese
1411 2515 1481 2567 ab
1511 2514 1659 2568 omni
1691 2517 1896 2570 erroris

321 2590 638 2657 suspicione
668 2607 981 2664 purgarent.
1019 2599 1273 2654 Prostant
1306 2603 1435 2670 ipsa:
1466 2604 1518 2656 in
1552 2608 1893 2662 meumenica

323 2681 532 2749 synodo
582 2693 732 2739 sexta
783 2697 840 2740 ct
892 2691 1144 2758 septima.
1199 2693 1363 2761 Digna
1418 2704 1502 2749 est
1554 2697 1895 2754 animadver-

322 2775 477 2829 sione
500 2817 513 2838 ,
550 2793 671 2846 qua:
706 2797 733 2832 a
770 2779 991 2836 Tarasio
1028 2786 1266 2854 episcopo
1305 2787 1893 2859 Constantinogiolitano

323 2865 390 2917 ad
423 2867 560 2922 alios
594 2873 912 2927 transmissa
947 2876 1049 2930 fuit
1083 2878 1441 2945 patriarchas,
1475 2880 1565 2934 ubi
1601 2885 1762 2937 verba
1794 2885 1893 2940 ha-

323 2956 521 3011 bentur
550 2961 913 3018 additamento
947 2966 1264 3022 Latinorum
1297 2971 1497 3026 similia
1533 2991 1546 3027 :
1582 2973 1649 3027 Et
1682 2976 1738 3027 in
1768 2973 1890 3047 Spi-

323 3048 483 3102 ritum
514 3064 756 3107 sanclnm
793 3056 1072 3112 Dominum
1106 3061 1476 3130 viri/icantem,
1509 3067 1599 3135 qui
1634 3081 1699 3120 ex
1730 3066 1896 3122 Patre

319 3155 414 3211 per
442 3141 636 3198 Filium
665 3149 920 3216 procedit.

393 3233 754 3303 Reponebant
783 3240 953 3296 Graeci
997 3245 1049 3298 in
1082 3245 1292 3316 synodo
1330 3249 1664 3318 Florentina,
1687 3252 1897 3309 formu-

318 3323 712 3407 lasistasfidei
771 3338 1126 3401 particulares
1187 3354 1328 3404 esse,
1382 3357 1490 3397 non
1545 3361 1893 3403 communes.

319 3420 521 3476 Verum
559 3425 840 3480 enimvero
881 3428 982 3498 legi
1034 3429 1326 3499 Epltesince,
1356 3435 1402 3489 si
1455 3437 1748 3492 verborum
1803 3440 1896 3494 acl-

319 3514 528 3569 baereas
559 3518 748 3586 rigori,
780 3523 1140 3576 adversantur
1171 3525 1301 3592 ipsae
1331 3545 1344 3580 :
1379 3543 1582 3598 easque
1612 3520 1891 3586 nihilomi-

318 3621 446 3670 nus,
482 3624 612 3675 pace
644 3619 700 3664 et
725 3611 936 3666 unitate
965 3615 1133 3678 salva,
1168 3615 1234 3669 ad
1296 3631 1353 3670 se
1388 3631 1582 3675 mutuo
1612 3624 1893 3676 transmit-

319 3700 797 3772 tebantepiscOpi,
842 3721 1022 3775 neque
1074 3709 1265 3779 synodi
1300 3714 1656 3768 mcumenicae
1711 3717 1778 3769 ad
1835 3731 1894 3771 se

321 3794 532 3850 delatas
606 3798 946 3867 rejiciebant.
1016 3800 1194 3856 Minus
1248 3807 1436 3874 utique
1489 3819 1678 3862 contra
1719 3809 1893 3879 legem

320 3888 651 3956 Ephesinam
686 3892 959 3958 piaculum
991 3894 1228 3956 videtur,
1267 3896 1312 3949 si
1364 3899 1509 3966 quod
1538 3909 1707 3964 esset,
1743 3903 1892 3970 quod

321 3979 530 4034 nullum
557 3989 660 4046 est,
694 3998 801 4037 una
828 4001 968 4046 voce,
1004 3997 1167 4040 rectae
1194 3988 1315 4041 fidei
1355 4004 1616 4053 consona,
1660 4007 1724 4046 ac
1756 4002 1894 4048 tem-

321 4082 514 4134 porum
542 4069 975 4129 circumstantiis
995 4078 1374 4144 convenicnti,
1397 4079 1719 4150 Symbolum
1745 4082 1894 4138 Con-

316 4162 871 4231 stantinopolitanum
903 4168 1146 4220 auxisse.
1179 4167 1286 4222 Sed
1329 4171 1604 4238 piaculum
1633 4175 1894 4228 amolitur

319 4267 506 4308 omne.
541 4271 662 4323 qua:
711 4256 896 4324 vigere
926 4269 1107 4326 potest
1165 4260 1218 4313 in
1280 4261 1536 4314 Heelcsiis
1592 4262 1894 4332 disciplima

320 4347 604 4402 variabilis
637 4348 800 4414 ratio,
833 4366 994 4418 quam
1030 4367 1242 4405 summa
1283 4355 1526 4421 postulet
1557 4353 1732 4424 ipsius
1764 4354 1892 4412 fidei

315 4439 712 4496 confirmandae
741 4443 1112 4513 ttutandaeque
1143 4459 1327 4500 causa.

2009 575 2108 635 les.
2148 575 2455 630 inconsulta
2484 578 2604 630 sine
2631 575 2796 629 dubio
2826 575 2955 631 sede
2994 577 3320 646 apostolica.
3344 577 3578 633 Fortnuo

2001 666 2108 719 lam
2145 663 2417 720 Nictenam
2447 667 2641 735 privati
2673 666 2727 719 in
2765 666 2989 722 Oriente
3023 668 3267 738 episcopi
3296 669 3580 740 aliquibus

2001 757 2388 812 additamentis
2416 773 2641 816 auxere.
2683 773 2914 828 eamque
2954 759 3034 814 sic
3065 768 3278 814 auctam
3309 763 3577 830 approba-

2005 857 2131 902 runt
2169 856 2374 901 centum
2413 857 2463 902 et
2491 850 2878 920 quinquaginta
2923 849 3223 904 Orientales
3279 854 3574 917 antistites,

2005 941 2058 995 in
2105 941 2344 994 concilio
2400 939 3036 1010 Constantinopolitano,
3092 943 3225 1011 quin
3266 943 3576 998 Romanum

2004 1033 2321 1103 pontificem
2356 1032 2604 1102 aliosque
2656 1033 2973 1090 Occidentis
3030 1034 3325 1103 episcopos
3377 1050 3554 1090 censu

2003 1125 2200 1181 lerent.
2238 1125 2444 1180 Praevio
2480 1127 2632 1181 nullo
2667 1142 2790 1181 cum
2834 1125 3282 1182 Occidentalibus
3318 1130 3579 1195 consilio,

2005 1219 2144 1272 tradi
2180 1219 2232 1273 in
2264 1207 2492 1274 Oriente
2517 1220 2754 1289 primum
2789 1221 2954 1290 cmpit
2980 1221 3035 1274 in
3066 1221 3393 1290 baptismate
3421 1220 3583 1292 Sym-

2004 1311 2189 1365 bolum
2259 1311 2556 1374 Nictenum,
2608 1313 2801 1367 relicto
2857 1313 3168 1379 apostolico,
3235 1330 3300 1368 ac
3380 1315 3582 1368 deinde

2006 1402 2668 1472 Constat:tinopolitanum,
2707 1405 2900 1458 relicto
2934 1404 3154 1458 Niceno
3183 1423 3195 1458 :
3229 1404 3375 1472 quod
3413 1406 3579 1459 etiam

2005 1493 2144 1549 inter
2178 1511 2347 1550 sacrae
2380 1495 2639 1567 Liturgias
2669 1505 2855 1564 partes
2889 1496 3121 1549 relatum
3155 1505 3259 1550 est.
3296 1497 3422 1551 Haec
3453 1513 3585 1567 age-

2006 1601 2065 1640 re
2089 1582 2461 1642 Orientalibus
2493 1586 2666 1651 licuit,
2694 1586 2824 1641 scde
2891 1586 3135 1640 Romana
3195 1587 3506 1643 inconsulta
3565 1605 3579 1643 :

2003 1694 2183 1748 neque
2215 1688 2394 1732 tamen
2424 1678 2586 1732 sedes
2629 1677 2743 1747 ipsa
2768 1678 3017 1732 Romana
3069 1693 3226 1734 suam
3259 1680 3399 1748 ipsis
3425 1695 3582 1734 com-

2006 1772 2322 1825 munionem
2387 1771 2604 1840 negavit
2634 1784 2902 1839 unquam.
2954 1769 3068 1825 Cur
3118 1774 3235 1839 pari
3265 1774 3391 1842 jure
3426 1770 3582 1826 Occi-

1937 1834 2251 1925 Bdentales
2288 1834 2546 1914 Ecclesia:
2613 1875 2722 1913 non
2790 1861 3114 1914 uterentur?
3168 1861 3280 1915 Cur
3338 1861 3583 1914 caculam

2004 1971 2168 2008 unam
2199 1963 2360 2009 rectae
2389 1955 2512 2009 fidei
2545 1967 2868 2015 consonam,
2899 1967 3019 2021 quae
3055 1953 3170 2022 pari
3201 1953 3328 2023 jure
3364 1968 3464 2023 pro
3492 1968 3581 2008 re-

2003 2062 2125 2102 rum
2149 2047 2578 2103 circumstantiis
2605 2046 2767 2117 adjici
2807 2047 3008 2116 potuit,
3050 2060 3114 2100 ac
3140 2045 3401 2116 deinceps
3429 2051 3584 2116 pote-

2003 2141 2097 2206 rit,
2132 2141 2417 2196 scissionis
2451 2149 2772 2211 pra-textum
2800 2140 2977 2195 fecere
3011 2140 3228 2195 Graci?

2073 2233 2238 2301 226
2270 2233 2335 2284 At
2364 2233 2644 2286 Romanus
2675 2231 2895 2286 demum
2933 2232 3182 2301 pontifex
3214 2232 3357 2288 votis
3384 2233 3584 2289 annui‘.

2003 2322 2312 2377 Latinorum
2344 2325 2760 2394 episcoporum.
2793 2334 2851 2379 ut
2889 2325 2943 2378 in
2968 2322 3284 2396 Occidentis
3314 2323 3582 2379 duntaxat

2001 2415 2266 2471 Ecclesiis
2286 2433 2388 2470 vox
2425 2416 2666 2488 Filioque
2693 2419 3024 2472 recitaretur
3054 2417 3115 2471 in
3143 2415 3406 2487 Symbolo
3441 2435 3454 2472 :
3481 2419 3581 2473 ad-

1998 2508 2311 2579 jectamque
2341 2523 2528 2563 vocem
2561 2510 2676 2580 ipsa
2723 2510 2968 2564 Romana
3007 2509 3227 2564 admisit
3259 2524 3356 2564 sua
3384 2510 3445 2563 in
3475 2510 3580 2566 Ec-

2001 2603 2190 2665 clesia,
2224 2603 2404 2671 prisco
2430 2618 2580 2656 more
2619 2602 2809 2657 relicto
2867 2619 2880 2656 :
2914 2602 3243 2671 decretoque
3289 2603 3460 2667 nullo,
3518 2612 3580 2658 ut

2001 2694 2146 2749 idem
2183 2705 2534 2764 peragerent,
2569 2694 2792 2750 Graecos
2823 2694 3076 2764 aliosque
3135 2695 3446 2750 Orientales
3489 2710 3601 2749 as--

2003 2788 2214 2843 trinxit.
2255 2791 2309 2842 In
2351 2788 2560 2859 synodo
2594 2788 2947 2859 Lugdunensi
3003 2789 3348 2843 metanienica
3377 2829 3389 2849 .
3431 2803 3579 2842 anno

2003 2882 2141 2956 127i
2177 2883 2472 2945 celebrata,
2503 2882 2682 2936 Latini
2712 2883 2987 2950 simulque
3016 2881 3191 2936 Graeci
3254 2882 3394 2935 intra
3450 2880 3578 2934 Mis-

2000 2989 2184 3028 sarum
2215 2975 2482 3029 solemnia
2513 2975 2765 3029 cecinere
2794 2973 3039 3043 quidem,
3078 2971 3180 3037 Qui
3205 2987 3268 3025 ea:
3309 2971 3470 3024 f’otre
3485 2971 3574 3024 ("i-

2003 3064 2173 3136 liaque
2204 3067 2458 3137 procedit,
2494 3075 2550 3118 ut
2586 3079 2748 3118 unam
2780 3063 3067 3132 utriusque
3119 3061 3374 3117 Ecclesiae
3437 3076 3574 3117 con-

1918 3183 1962 3246 c
2001 3158 2246 3213 cordiam
2286 3160 2340 3214 in
2370 3163 2473 3214 fide
2506 3161 2905 3230 profiterentur
2939 3177 2954 3214 :
2991 3171 3044 3215 at
3069 3161 3316 3216 Mieltaeli
3373 3159 3581 3214 Palaep-

2003 3249 2125 3314 logo
2171 3249 2490 3318 impera-tori
2527 3268 2637 3306 non
2699 3253 2894 3308 abnuit
2967 3254 3249 3308 Romanus
3308 3251 3576 3319 pontifex,

2001 3341 2295 3409 postulanti
2328 3357 2382 3396 ut
2422 3343 2654 3397 Ecclesia
2683 3361 2779 3398 sua
2832 3345 3161 3415 (Orientalis
3192 3347 3211 3415 )
3268 3343 3578 3416 Symbolum

1997 3448 2203 3501 semper
2227 3435 2394 3496 dicat,
2425 3445 2579 3503 prout
2626 3437 2832 3490 dicebat
2875 3437 3012 3491 illud
3043 3446 3167 3490 ante
3219 3439 3447 3490 schisma
3491 3451 3582 3488 us-

2000 3542 2098 3594 que
2122 3528 2174 3579 in
2221 3527 2528 3580 hodiernum
2568 3529 2724 3583 diem.
2767 3530 3033 3584 Dixerunt
3062 3545 3283 3599 quoque
3327 3529 3380 3582 in
3412 3542 3579 3599 syno-
3627 3525 3630 3528 ’

1999 3618 2070 3672 do
2103 3618 2419 3672 Florentina
2455 3620 2626 3676 Graeci
2658 3623 2908 3677 sessione
2943 3607 3046 3688 25,,
3097 3631 3433 3690 repugnante
3469 3619 3576 3674 La-

2001 3709 2240 3763 tinorum
2280 3711 2498 3766 nemine
2533 3729 2545 3765 :
2579 3712 2916 3767 Additionem
2971 3728 3306 3780 nequaquam
3363 3711 3576 3763 omnino

1999 3818 2091 3856 nos
2122 3803 2398 3870 recipimus
2429 3819 2446 3857 :
2479 3805 2568 3857 sed
2599 3806 2930 3860 concedimus
2955 3805 3118 3868 vobis,
3151 3813 3208 3857 ut
3233 3821 3349 3857 eam
3378 3805 3579 3857 habea-

2000 3893 2065 3944 tis
2094 3893 2144 3944 in
2182 3893 2426 3946 Ecclesiis
2463 3894 2664 3949 vestris.
2695 3895 2827 3961 Quae
2887 3903 3218 3963 sequuntur,
3253 3893 3425 3947 affero
3477 3892 3576 3947 de-

1997 4001 2147 4039 mum
2183 3986 2426 4054 ipsorum
2461 3986 2778 4040 Graecorum
2809 3985 2976 4039 verba
3009 4003 3021 4039 :
3057 4003 3075 4035 ι
3118 3984 3384 4050 Dicimus,
3413 3981 3574 4050 Sym-

1996 4076 2182 4130 bolum
2219 4093 2248 4130 a
2305 4077 2461 4131 vobis
2524 4076 2787 4146 (Latinis)
2841 4078 3174 4145 explicatum
3232 4074 3574 4130 necessitate

1997 4179 2226 4236 c0gente
2259 4190 2270 4223 :
2303 4178 2356 4222 et
2381 4184 2566 4223 vocem
2600 4168 2775 4234 illam,
2818 4183 2882 4221 ex
2913 4167 3079 4232 Filio,
3117 4183 3221 4221 non
3259 4182 3379 4222 esse
3403 4166 3570 4220 aliam
3597 4188 3599 4190 ·

1995 4261 2173 4329 fidem,
2201 4271 2293 4314 aut
2326 4262 2546 4330 aliquod
2575 4262 3008 4317 additamentum
3045 4263 3196 4330 (fidei
3223 4262 3569 4330 adversum),

1996 4353 2090 4405 sed
2119 4352 2284 4421 piam,
2317 4363 2372 4406 et
2416 4354 2588 4408 nostri
2625 4354 2866 4424 Symboli
2925 4353 3367 4423 explanationem
3428 4369 3442 4406 :
3515 4366 3573 4408 et

1995 4458 2117 4498 esse
2151 4453 2446 4514 utrumque
2480 4445 2796 4517 Symbolum
2828 4451 3001 4515 pium,
3059 4454 3115 4498 et
3161 4444 3410 4515 ejusdem
3444 4460 3573 4498 sen-

394 4533 493 4602 Agi
518 4533 754 4603 denique
787 4535 1044 4604 inquiunt
1073 4537 1141 4590 de
1191 4536 1476 4607 Symbolo,
1513 4540 1659 4610 quod
1714 4553 1798 4598 est
1837 4543 1893 4598 in
1923 4535 1971 4592 Ι)
1999 4537 2200 4603 lentiae,
2231 4549 2290 4592 ut
2321 4539 2375 4592 in
2411 4540 2654 4594 Ecclesia
2689 4540 2940 4593 Romana
2972 4538 3237 4592 recitatur
3271 4538 3434 4591 sicuti
3471 4552 3569 4592 vos

322 4625 563 4679 Ecclesia
613 4643 887 4680 comnmne
929 4643 948 4681 :
999 4629 1246 4698 adeoque
1307 4646 1414 4684 non
1461 4633 1561 4700 ipsi
1595 4633 1892 4704 quidquam

1997 4631 2201 4698 dicitis,
2238 4640 2294 4686 et
2330 4632 2383 4685 in
2413 4631 2681 4686 Orientali
2719 4642 2778 4687 ut
2837 4648 2935 4686 nos
2963 4631 3240 4690 dicimus;
3277 4640 3442 4698 atque.
3493 4631 3570 4683 ita

321 4717 482 4788 adjici
514 4734 543 4772 a
575 4721 824 4774 [iotnano
867 4721 1126 4788 pontitlce
1177 4721 1466 4788 debuisse,
1526 4729 1897 4792 praetermisso
1992 4722 2302 4779 faciendam
2325 4725 2608 4779 unionem.
2649 4745 2666 4777 ι
2702 4725 2858 4778 Faxit
2891 4724 3054 4789 Deus,
3087 4733 3145 4777 ut
3175 4723 3569 4777 inconcussum

323 4821 646 4864 caeterorum
677 4811 1118 4880 patriarcharum
1151 4813 1410 4870 consilio.
1463 4817 1530 4867 At
1561 4817 1759 4884 primis
1795 4819 1898 4874 Ec-

322 4902 504 4956 clesiae
535 4903 764 4968 sacculis,
817 4904 1179 4974 apostolorum
1232 4905 1503 4976 Symbolo,
1544 4909 1686 4976 quod
1747 4910 1896 4965 inte-

320 5003 590 5049 meratum
622 4996 880 5052 servabat
911 4997 1156 5052 Romana
1203 4997 1464 5062 Ecclesia,
1505 5013 1666 5055 voces
1703 5000 1894 5070 plures

1999 4816 2126 4870 fidei
2159 4817 2356 4886 degma
2391 4817 2557 4873 docili
2591 4818 2814 4873 demum
2845 4827 3033 4871 mente
3065 4813 3342 4885 excipiant
3369 4811 3566 4877 Graeci,

1997 4917 2054 4964 et
2084 4909 2361 4964 innoxiam
2393 4911 2458 4964 ad
2489 4910 2807 4981 Symbolum
2869 4909 3208 4981 additionem
3261 4905 3573 4977 intelligant

1999 5013 2063 5054 ac
2114 4999 2499 5070 profiteantur.
