3852 6490
254 404 338 468 5:9
1114 404 1252 462 SCR
1267 405 1276 458 Σ
1293 403 1374 460 1"1
1391 406 1427 458 Α
1494 404 1532 456 Α
1547 404 1635 457 PU
1647 395 1775 454 LUU

1950 395 2038 453 ῖΑ.
2085 419 2150 429 -
2192 397 2576 486 MONIIUM:
3366 397 3471 459 230

254 517 542 574 clericorum
604 527 658 573 et
703 516 1134 576 monachorum,
1197 527 1408 566 necnon
1463 525 1746 578 procerum
1821 506 2058 576 imperii,
2123 521 2304 562 coram
2348 510 2673 581 imperatore
2715 523 2859 568 cmtu
2925 527 3020 568 seu
3061 511 3320 575 concilio,
3379 511 3470 566 cui

253 614 514 684 Gregorius
558 614 672 682 ipse
701 611 1338 676 Constantinopolitauus
1405 615 1458 660 et
1516 603 1846 660 Athanasius
1879 603 2287 660 Alexandrinus
2353 617 2647 676 praeerant,
2681 611 2929 665 accersiti
2968 610 3174 666 Bccqu
3236 612 3476 680 ejusque

254 711 362 764 socii
395 709 787 764 Constantinus
853 707 1172 762 Melitiniota
1235 712 1290 758 et
1340 702 1604 767 Georgius
1664 700 2072 762 Metochita.dc
2133 701 2370 771 Spiritus
2393 705 2564 759 sancti
2625 709 2976 774 proccssione
3029 708 3472 776 disputaverunt.

252 806 466 875 Cumque
492 814 688 874 przrter
715 803 1006 874 quemdam
1067 799 1294 871 Nysseui
1325 798 1566 868 Gregorii
1595 799 1811 862 locum,
1853 813 1962 868 quo
2013 798 2252 868 Spiritus
2307 800 2392 852 διὰ
2425 799 2515 854 τοῦ
2549 801 2854 870 προσεχῶς,
2885 819 2977 872 per
3014 803 3164 856 illum
3215 805 3304 873 qui
3351 819 3477 872 pro-

251 901 367 950 sime
414 907 462 949 et
511 898 753 968 contigue
797 904 874 949 est
931 911 992 948 ex
1052 893 1213 947 Patre
1258 895 1534 958 procedere
1580 890 1803 949 dicitur.
1845 891 2079 945 alterum
2137 908 2201 946 ex
2262 892 2471 946 Joanne
2532 894 2868 950 Damasceno
2924 898 3299 965 protulissent.
3359 914 3473 964 quo

256 991 494 1043 moritur
527 987 687 1042 Pater
745 987 834 1040 διὰ
899 987 1074 1054 Λόγου
1117 982 1415 1053 προῦολεῦς
1453 983 1777 1052 ἐκφαντορικ

1953 986 2222 1053 νεύματος,
2257 1002 2351 1053 per
2389 987 2610 1041 Verbum
2643 1005 2750 1042 esse
2805 991 3191 1058 mani/estanus
3246 989 3474 1058 Spiritus

254 1081 542 1148 produt-tor;
571 1080 771 1148 hicque
803 1073 1073 1148 genuinus
1135 1085 1189 1130 et
1212 1075 1459 1131 sincerus
1491 1083 1633 1128 esset
1663 1074 1904 1145 agnitus,
1940 1091 2120 1146 neque
2155 1077 2222 1132 dc
2283 1081 2632 1146 processione
2654 1081 2757 1133 alia
2779 1097 2940 1148 quam
3000 1082 3067 1135 tle
3122 1085 3461 1150 sempiterna

255 1175 612 1242 intelligendus
678 1173 914 1236 veniret,
980 1171 1035 1224 in
1080 1169 1269 1223 'miras
1315 1168 1570 1238 ambages
1622 1168 1955 1223 schismatici
1987 1169 2232 1224 conclusi
2271 1171 2730 1227 suut.Conventu
2773 1174 2952 1227 soluto
2994 1189 3061 1228 ne
3089 1173 3296 1228 Beccus
3343 1191 3470 1229 cum

257 1270 350 1322 suis
395 1269 590 1322 vicisse
657 1266 954 1327 videretur,
1003 1261 1648 1333 patriarcharGregorio
1699 1263 1824 1316 data
1886 1263 2168 1330 provincia
2238 1275 2318 1318 est
2377 1265 2545 1319 libelli
2601 1265 2921 1334 condendi,
2987 1281 3098 1335 quo
3156 1265 3474 1321 Damasceni

254 1363 432 1418 dictum
491 1377 520 1416 a
584 1361 737 1415 Βοοοὶ
798 1369 852 1415 et
905 1359 1225 1413 Latinorum
1289 1360 1559 1412 sententia
1618 1356 1858 1411 alienum
1899 1357 2306 1418 ostenderetur,
2338 1359 2832 1428 conciliareturque
2859 1375 2980 1413 cum
3025 1360 3142 1414 istis
3169 1360 3288 1413 aliis
3317 1361 3467 1429 ejus-

252 1456 353 1509 dem
379 1455 620 1510 doctoris
653 1455 858 1518 verbis,
877 1455 970 1505 Ἐκ
999 1454 1052 1506 δὲ
1079 1453 1208 1506 Υίοῦ
1265 1453 1324 1505 τὸ
1376 1452 1598 1520 Πνεῦμα
1651 1451 1714 1504 οὐ
1739 1452 1773 1502 λε

1952 1469 1986 1514 ι,
2019 1451 2100 1505 Ea:
2141 1451 2274 1506 Filio
2298 1462 2472 1506 autem
2504 1452 2763 1522 Spiritum
2795 1469 2898 1506 non
2923 1453 3168 1506 dicimus.
3221 1453 3473 1523 Scriptus

255 1551 493 1622 aCyprio
568 1562 773 1609 tomus.
810 1552 862 1602 in
926 1550 1159 1604 ecclesia
1220 1550 1396 1604 lectus
1431 1548 1550 1613 fuit,
1596 1563 1758 1618 quem
1810 1548 2134 1617 imperator,
2178 1558 2233 1603 et
2259 1550 2373 1618 ipse
2403 1550 2733 1618 patriarcha,
2796 1550 3156 1618 nonuullique
3215 1552 3304 1603 alii
3343 1551 3480 1603 sub-

251 1646 615 1714 scriptionihus
679 1645 796 1698 suis
853 1642 1188 1708 munierunt;
1266 1641 1450 1695 multis
1519 1650 1699 1695 tamen
1782 1640 2204 1707 refragantibus,
2273 1642 2364 1710 qui
2420 1657 2524 1696 nec
2564 1641 2728 1696 minis
2792 1657 2893 1696 nec
2937 1644 3224 1695 tormentis
3281 1643 3479 1697 adduxi

251 1750 522 1808 potuerunt
581 1748 641 1792 ut
695 1735 1125 1791 subscriberent.
1183 1735 1426 1800 Quorum
1480 1733 1786 1789 renitentim
1825 1733 1942 1787 haec
1969 1747 2132 1787 causa
2166 1744 2302 1798 erat,
2343 1735 2490 1804 quod
2545 1736 2601 1790 in
2673 1745 2824 1790 tomo
2859 1738 3262 1800 enuntiaret-1r.
3297 1741 3479 1808 priore

253 1832 541 1885 Damasceni
604 1831 723 1885 loco
776 1817 1071 1898 signi-ficari
1135 1827 1350 1882 Patrem
1392 1843 1514 1883 esse.
1587 1829 1824 1896 Spiritus
1883 1844 1980 1896 per
2012 1827 2251 1882 Verbum
2291 1831 2713 1897 productorem.
2787 1846 2895 1884 non
2971 1841 3032 1885 ut
3062 1832 3303 1900 Spiritus
3375 1853 3474 1902 per

258 1926 472 1978 Verbum
535 1925 788 1987 exsistat,
825 1924 918 1978 sed
948 1933 1008 1978 ut
1041 1938 1138 1992 per
1201 1921 1334 1974 illud
1364 1921 1640 1986 effulgeat.
1693 1921 1869 1975 Verba
1912 1921 2111 1988 quippe
2143 1921 2275 1974 tomi
2312 1921 2426 1975 haec
2465 1931 2645 1982 erant;
2672 1940 2792 1993 qua:
2823 1926 2989 1980 refert
3021 1926 3132 1980 Leo
3158 1926 3390 1980 Allatius
3419 1929 3474 1981 in

257 2022 486 2075 l'indiciis
529 2021 662 2092 Syn.
697 2019 886 2091 Ephes.
922 2037 1042 2089 cap.
1075 2019 1164 2083 60,
1197 2033 1262 2072 ex
1292 2028 1433 2072 orat.
1473 2018 1505 2070 4
1566 2017 1778 2086 Iosephi

1955 2017 2088 2070 :nnii
2119 2016 2186 2072 de
2210 2017 2516 2073 Trinitate:
2548 2020 2608 2072 Et
2643 2024 2736 2073 καὶ
2771 2023 2878 2092 γὰρ
2911 2024 2997 2076 διὰ
3047 2022 3138 2078 τοῦ
3198 2023 3330 2076 Υίοῦ
3373 2041 3476 2076 nat-

251 2121 309 2184 pi
327 2135 428 2169 τισι
460 2117 565 2168 τῶν
592 2118 764 2185 ἁγίων
823 2115 1217 2185 ἐκπορεύεσθαι
1247 2116 1307 2166 τὸ
1349 2114 1574 2183 Πνεῦμα
1609 2115 1670 2166 τὸ
1692 2115 1844 2179 ἅγιον
1883 2113 2116 2183 εἴρηται,
2143 2114 2240 2184 τὴν
2274 2115 2353 2176 είς
2387 2117 2556 2168 ἀΐδιον
2586 2118 2847 2186 ἔκφανσιν
2875 2124 2908 2186 ἠ
2941 2119 3084 2184 λέξις
3139 2119 3392 2181 ἐνταῦθα,
3416 2123 3478 2172 οὗ

247 2212 330 2278 τὴν
387 2213 464 2271 εἰς
490 2210 548 2260 τδ
573 2205 713 2262 εἶναι
741 2208 999 2277 καθαρῶς
1035 2208 1319 2278 σημαίνειν
1350 2206 1623 2277 βούλεται·
1683 2206 1768 2260 Lic

1958 2223 2004 2258 m
2035 2207 2175 2277 apud
2205 2220 2413 2261 sanctos
2439 2207 2644 2278 aliquos
2672 2207 2796 2278 per'
2821 2208 3024 2264 Filium
3052 2212 3328 2280 procedere
3353 2212 3479 2280 Spi-

250 2305 390 2355 ritum
421 2313 664 2356 sunctum
690 2301 998 2371 afﬁrmatur,
1022 2301 1218 2354 dictum
1247 2304 1340 2355 hoc
1379 2317 1710 2371 progressum
1734 2300 1788 2354 in
1827 2310 2086 2354 tuteruam
2109 2300 2455 2368 e/fulsionem,
2503 2319 2606 2355 non
2645 2305 2712 2356 ad
2734 2305 2827 2358 hoc
2849 2313 2904 2357 ut
2944 2306 3031 2366 sit,
3056 2320 3185 2375 pure
3201 2314 3248 2358 et
3271 2306 3480 2374 praprie

253 2399 536 2468 signiﬁcat:
600 2399 706 2453 alia
733 2399 901 2452 libelli
961 2399 1205 2469 ejusdem
1237 2407 1494 2468 excerpta
1525 2408 1649 2470 post
1684 2397 2014 2468 Bryennium
2033 2397 2261 2451 Allatius
2277 2397 2768 2453 additineutndem
2804 2415 3026 2455 sensum
3068 2400 3472 2455 convenientia.

251 2491 392 2546 Plura
455 2507 589 2547 vero
620 2492 722 2562 legi
769 2500 999 2561 possunt
1031 2491 1172 2560 apud
1209 2491 1461 2553 Beccum,
1509 2491 1602 2561 qui
1650 2490 1833 2562 Cyprii
1876 2503 2083 2545 tomum
2107 2493 2391 2560 opusculis
2411 2493 2628 2546 duobus
2686 2494 3007 2552 confutavit.
3033 2511 3154 2564 quae
3173 2504 3388 2548 exstant
3417 2495 3470 2547 in

247 2585 470 2640 secundo
535 2585 811 2639 volumine
850 2584 1067 2639 Gra'cite
1093 2585 1394 2638 orthodoxa:
1425 2585 1521 2654 (i).
1603 2584 1706 2650 Qui
1747 2585 2068 2654 patriarchae
2095 2600 2303 2638 tomum
2345 2584 2769 2653 improbabant.
2815 2602 2923 2640 non
2959 2587 3267 2655 capiebant.
3297 2586 3475 2656 inquit

249 2681 613 2754 Pachymeres,
649 2683 780 2752 quid
843 2682 1060 2736 tandem
1122 2682 1456 2736 discriminis
1509 2690 1655 2735 esset
1719 2681 1863 2736 inter
1903 2681 2319 2751 productionem
2373 2680 2612 2749 Spiritus
2650 2683 2821 2735 sancti
2859 2681 2926 2735 ad
2969 2684 3367 2744 exsistentiam,
3417 2689 3475 2732 et

248 2775 631 2841 processionem
666 2776 731 2830 ad
765 2777 1154 2844 sempiternam
1187 2759 1791 2842 exsplendesceutiam:
1844 2787 1910 2825 eo
1943 2772 2178 2826 maxime
2237 2772 2382 2840 quod
2419 2771 2674 2826 Ecclesiae
2732 2773 2985 2828 doctores
3015 2773 3323 2825 divinarum
3357 2787 3481 2840 per-

245 2885 485 2924 sonarum
538 2872 655 2928 Filii
691 2882 748 2925 et
813 2871 1054 2940 Spiritus
1106 2870 1278 2924 sancti
1361 2868 1741 2923 etnanationes
1805 2883 1867 2921 ex
1911 2867 2066 2921 Patre
2135 2884 2231 2922 seu
2301 2868 2679 2936 processiones
2746 2868 3057 2936 ἐκφάνσεις,
3097 2865 3468 2936 e/fulgentias,

245 2963 548 3032 plerumque
573 2965 934 3017 vocitarent:
992 2960 1137 3015 unde
1210 2959 1302 3012 ilili
1361 2958 1783 3021 concludebaut,
1828 2957 2021 3010 datam
2085 2972 2115 3010 a
2175 2955 2442 3034 Gregorio
2477 2957 2872 3025 expositionem
2919 2956 3236 3009 Latinorum
3295 2971 3477 3009 causae

253 3057 420 3110 favere
450 3057 640 3124 magis,
707 3070 870 3123 quam
905 3069 1124 3108 nocere.
1188 3051 1406 3107 Edilum
1471 3051 1638 3120 igitur
1686 3059 1873 3103 contra
1915 3066 1973 3102 se
2010 3058 2236 3107 tomum.
2275 3049 2368 3102 uhi
2395 3051 2627 3118 primum
2661 3049 2869 3103 Beccus
2919 3051 3146 3118 accepit,
3207 3049 3482 3102 calamum

241 3146 490 3201 adversus
522 3148 674 3200 illum
720 3147 960 3204 strinxit.
995 3160 1078 3206 ac,
1131 3153 1324 3211 praeter
1365 3142 1792 3212 Byzantinorum
1832 3153 2006 3209 apem,
2072 3140 2165 3210 qui
2235 3140 2378 3193 nihil
2406 3141 2510 3193 nisi
2537 3141 2847 3195 inconditas
2891 3141 3123 3194 furentis
3153 3140 3321 3193 animi
3383 3155 3482 3193 vo-

247 3257 329 3295 ces
357 3242 424 3294 ab
491 3257 558 3296 eo
625 3241 1097 3308 praestolarentur,
1125 3237 1456 3292 solidissima
1492 3233 1866 3289 confutatione
1905 3249 2127 3288 crucem
2193 3236 2524 3290 adversariis
2581 3237 2717 3299 fixit,
2779 3246 3094 3303 tantamque
3149 3235 3473 3304 patriarchas

243 3331 578 3385 schismatico
648 3329 906 3384 conﬂavit
951 3329 1262 3392 'invitliam,
1314 3337 1374 3381 ut
1427 3340 1621 3380 omnes
1677 3326 1828 3380 illum
1915 3326 1968 3379 in
2019 3327 2192 3395 ipsius
2241 3328 2470 3382 Joannis
2531 3329 2717 3389 Bccci,
2766 3330 2923 3395 cujus
2966 3329 3096 3381 oliui
3150 3332 3331 3381 socius
3361 3326 3480 3380 fue-

246 3430 336 3482 rat,
367 3421 694 3475 sententiam
735 3419 1536 3489 conspirassearbitrarentur.
1584 3417 1696 3471 Nec
1723 3417 1790 3470 ab
1831 3432 1889 3470 re
1917 3420 2170 3486 quidem;
2204 3421 2406 3490 quippe
2433 3437 2579 3476 cum.
2613 3431 2808 3489 praeter
2836 3421 2922 3473 illa
2985 3435 3104 3488 quae
3160 3429 3283 3489 post
3336 3418 3477 3471 Alla-

240 3511 357 3566 tiutn
389 3516 567 3578 attuli,
593 3514 758 3567 alium
787 3527 1006 3567 sensum
1041 3527 1148 3566 non
1181 3511 1412 3565 reddant
1451 3511 1619 3564 altera
1665 3510 1779 3564 hmc
1820 3514 1951 3564 tomi
1988 3513 2153 3568 verba
2184 3531 2304 3583 qua:
2368 3515 2511 3584 apud
2572 3515 2802 3568 Beccum
2828 3513 3084 3582 leguntur
3132 3513 3425 3568 oratione]

249 3608 399 3662 una
450 3607 517 3661 δι’
577 3609 706 3661 Υίοῦ
759 3611 851 3661 καὶ
901 3608 961 3672 ἐξ
1006 3607 1137 3659 Υίοῦ
1193 3605 1444 3675 φυσικῶς
1487 3606 1775 3675 ὑπάρχειν,
1812 3608 2079 3676 οὐμενοῦν
2107 3611 2173 3662 δι’
2204 3610 2334 3662 Υίοῦ
2395 3613 2488 3663 καὶ
2523 3611 2582 3674 ἐξ
2651 3609 2776 3662 Υἱυῦ
2818 3616 2915 3677 τὴν
2951 3609 3182 3676 ὕπαρξιν
3236 3611 3380 3680 ἔχειν
3429 3616 3471 3661 οζ

238 3704 504 3772 εἰρηκότες
575 3703 820 3771 Πατέρες
859 3704 919 3755 τὸ
981 3701 1205 3768 Πνεῦμα
1239 3701 1450 3764 ἔφησαν
1485 3716 1498 3730 ο
1548 3699 1739 3752 Patres

1950 3709 2037 3752 unt
2093 3701 2349 3770 Spiritum
2401 3719 2495 3771 per
2528 3703 2719 3756 Filium
2771 3710 2821 3754 et
2856 3717 2920 3754 ex
2972 3700 3112 3755 Filio
3159 3704 3471 3757 naturaliter

238 3801 620 3852 exsisteremon
645 3797 768 3851 om
792 3813 883 3868 per
900 3794 1096 3850 Filium
1118 3806 1165 3848 et
1191 3813 1254 3848 ex
1274 3794 1414 3848 Filio
1435 3797 1791 3849 exsistentiam
1831 3796 2038 3850 habere.
2099 3787 2264 3862 Quasi
2321 3813 2451 3852 vero
2487 3813 2576 3866 per
2619 3795 2820 3849 Filium
2850 3805 2898 3849 et
2938 3813 3001 3849 ex
3034 3796 3174 3852 Filio
3207 3800 3454 3851 exsistere

238 3908 331 3946 non
393 3893 536 3948 idem
603 3902 780 3953 sonet,
841 3898 1027 3960 atqhe,
1055 3906 1146 3959 per
1177 3888 1376 3943 Filium
1406 3898 1454 3942 et
1499 3905 1562 3942 ex
1595 3889 1731 3943 Filio
1766 3891 2121 3943 assistentium
2145 3892 2352 3951 habere.
2382 3900 2518 3953 etc.,
2552 3892 2669 3945 vice
2699 3907 2875 3945 versa.
2947 3892 3086 3956 Quid
3114 3891 3470 3946 distinctione

237 3997 326 4040 Ista
363 3988 638 4041 'stolidum
703 3987 874 4054 magis
923 3985 1222 4052 excogitari
1278 3984 1493 4053 possit?
1545 3985 1783 4052 Legatur
1829 3987 2032 4040 Beccus
2067 3997 2107 4040 t.
2166 3986 2425 4050 ll,Gra'c.
2479 3987 2684 4040 orthod.
2719 4028 2732 4047 ,
2799 4003 2921 4057 pag.
2971 3989 3096 4041 252.
3155 3988 3271 4042 Alia
3345 4004 3473 4042 vero

237 4100 436 4138 rursum
467 4099 531 4137 es
559 4085 752 4137 eodem
797 4091 943 4136 tomo
997 4082 1246 4149 pessima:
1297 4080 1566 4134 doctrina:
1621 4081 1779 4148 plena
1819 4090 2081 4136 strenuus
2122 4083 2223 4136 iste
2287 4084 2363 4137 rei
2391 4083 2675 4138 catholicae
2714 4083 2968 4137 defensor
2994 4093 3328 4153 etpatronus
3352 4070 3474 4139 car-

237 4181 326 4247 pit,
357 4196 589 4246 quorum
617 4179 724 4232 hoc
747 4191 857 4246 prte
873 4177 1085 4230 caeteris
1115 4175 1337 4228 minime
1395 4175 1926 4244 praetermittendum
1979 4177 2192 4232 censui.
2267 4178 2484 4233 Scilicet
2528 4177 2710 4232 aiebat
2768 4177 3037 4247 Cyprius:
3071 4178 3254 4254 Mq6év
3289 4181 3479 4231 καινὸν

235 4267 361 4324 εἶναι
412 4273 548 4342 μηδὲ
616 4275 717 4337 τῆς
751 4269 859 4320 τῶν
895 4269 1128 4338 Γραφῶν
1175 4266 1465 4338 συνηθείας
1520 4267 1843 4336 ἀλλότριον,
1915 4271 2011 4323 ἐὰν
2069 4272 2126 4323 es
2189 4270 2561 4338 πνευματικὸν
2635 4269 2882 4339 χάρισμα
2943 4269 3104 4335 ἅγιον
3163 4271 3474 4338 ὁμωνύμως

239 4363 446 4431 Πνεῦμα
499 4363 783 4416 καλεῖται’
823 4365 915 4415 καὶ
970 4363 1072 4432 τὴν
1124 4363 1408 4431 ἐνέργειαν
1467 4361 1617 4416 ἐστιν
1669 4366 1758 4417 ὅτε
1803 4365 2139 4418 οἰκειοῦσθαι
2193 4365 2292 4438 τὴν
2337 4365 2430 4418 τοῦ
2479 4368 2827 4434 ἐνεργοῦντος
2889 4365 3082 4434 κλῆσιν
3101 4389 3132 4431 ,ο
3177 4365 3252 4428 ὡς
3298 4368 3330 4434 ἡ
3379 4367 3474 4419 τοῦ

232 4462 371 4530 ἡλίου
403 4461 709 4530 λαμπηδὼν
741 4460 838 4512 κα)⁸
885 4459 1028 4528 αὐγὴ
1061 4458 1322 4522 πολλάκις
1353 4461 1451 4530 τὴν
1481 4460 1575 4512 τοῦ
1610 4461 1753 4530 sum

1953 4465 1984 4516 il
2036 4479 2142 4517 esse
2175 4465 2312 4526 nori,
2346 4479 2506 4533 neque
2537 4481 2568 4516 a
2624 4463 2913 4534 Scriptura:
2947 4466 3320 4520 consuetudine
3345 4466 3474 4519 alie-

232 4571 369 4614 num.
407 4563 462 4608 ut
500 4546 783 4624 spirituale
815 4553 1010 4606 donum
1076 4550 1304 4620 Spiritus
1365 4565 1577 4606 sanctus
1618 4554 1916 4624 appelletur
1946 4572 1964 4609 :
1997 4558 2121 4622 quin
2184 4558 2563 4610 i::.oactionem
2600 4557 2888 4622 aliquando
2925 4557 3022 4611 sibi
3045 4573 3232 4610 nomen
3276 4561 3480 4628 agentis

231 4651 491 4708 asciscere.
548 4647 708 4701 ueluti
743 4646 992 4714 splendor
1054 4655 1101 4697 et
1147 4647 1327 4698 radius
1380 4646 1462 4700 sol
1507 4663 1868 4716 strpenumero
1901 4659 2255 4718 nuncupatur.
2324 4651 2534 4716 Quibus
2571 4651 2748 4705 verbis
2806 4650 3145 4720 significabat
3215 4664 3474 4706 aeternam
3560 4682 3567 4690 -

231 4741 316 4798 Dei
339 4746 633 4802 aetionem.
679 4742 1074 4803 sempiternum
1129 4741 1324 4816 lumen.
1361 4742 1627 4809 divinum,
1667 4761 1788 4814 qua:
1816 4745 1992 4800 tribus
2023 4747 2272 4814 personis
2329 4746 2641 4799 communia
2699 4756 2849 4808 sunt.
2911 4747 3168 4816 Spiritum
3230 4755 3476 4800 sanctum

229 4841 544 4909 quandoque
597 4837 881 4908 appellari.
942 4837 997 4890 id
1067 4838 1212 4907 quod
1279 4839 1603 4908 explicatius
1662 4840 1778 4910 ipse
1832 4841 2076 4896 declarat
2135 4842 2188 4894 in
2258 4841 2561 4912 iragntento
2619 4842 2882 4902 aitcrius.
2934 4841 2987 4894 ni
3039 4841 3217 4904 fallor,
3287 4841 3475 4910 operis

229 4931 418 4984 Contra
452 4931 695 4996 Beccum,
743 4931 886 4998 quod
929 4929 1061 4982 tnihi
1103 4931 1469 5000 suppeditavit
1505 4933 1674 4986 codex
1729 4933 1932 5003 Regius
1988 4933 2148 4997 2953,
2189 4940 2247 4989 et
2287 4935 2445 5004 cujus
2511 4948 2760 5000 magnam
2795 4942 3004 5001 partem
3047 4933 3177 4986 alibi
3249 4933 3473 4987 recitavi

231 5022 279 5077 in
343 5024 727 5078 dissertatione
787 5021 1272 5077 critico-historica
1331 5023 1402 5076 De
1465 5027 1788 5093 processione
1823 5027 2053 5097 Spiritus
2116 5028 2310 5081 sancti.
2367 5027 2528 5096 Atqui
2593 5027 2708 5082 haec
2775 5027 3162 5096 prmambulam
3218 5027 3472 5098 Gregorii

228 5118 450 5174 Palatina
477 5117 811 5188 impietatem
842 5117 1218 5177 continebant,
1243 5115 1484 5170 divinam
1534 5119 1932 5186 Operationetn.
1966 5138 2132 5192 quam
2191 5123 2439 5191 Θεότητα,
2493 5122 2775 5182 Deitatem.
2835 5119 3165 5190 appellabat,
3203 5138 3260 5176 re
3314 5139 3343 5176 a
3375 5124 3470 5178 Dei

227 5214 457 5268 essentia
518 5211 854 5273 distinctam,
900 5210 1121 5278 Deoque
1170 5219 1225 5264 et
1280 5210 1529 5276 personis
1607 5212 1783 5268 tribus
1822 5226 2152 5269 coaeternam
2187 5231 2332 5278 esse,
2403 5216 2684 5283 ipsamque
2708 5215 2975 5268 creaturis
3029 5217 3242 5270 ratione
3272 5218 3472 5286 praedi-

230 5309 293 5361 tis
337 5305 728 5362 communicari
779 5302 1185 5357 contendentis.
1233 5302 1499 5368 Quocirca
1564 5305 1768 5360 Beccus
1825 5308 2006 5361 amuli
2069 5310 2155 5363 sui
2217 5317 2460 5362 erratum
2519 5307 2701 5378 arguit
2757 5308 2922 5362 allato
2999 5309 3182 5376 capite
3250 5309 3468 5380 integro

228 5400 497 5455 Theodori
547 5398 838 5463 Abucarte,
882 5397 1029 5466 quod
1058 5398 1200 5451 inter
1258 5397 1406 5451 edita
1451 5397 1772 5453 vicesimum
1807 5403 2102 5468 septimum
2127 5413 2230 5467 est,
2256 5410 2312 5456 et
2339 5417 2448 5471 quo
2500 5402 2640 5456 nihil
2699 5401 2957 5458 disertius
3022 5403 3355 5458 Palamitica:
3389 5407 3470 5458 iu-

228 5496 388 5548 sauia:
416 5491 617 5562 opponi
649 5489 840 5561 possit.
885 5489 1037 5544 Hanc
1084 5497 1269 5543 autem
1319 5489 1490 5544 divini
1548 5493 1772 5546 luminis
1804 5503 1860 5548 et
1886 5495 2222 5563 operationis
2281 5510 2312 5549 a
2373 5495 2558 5550 divina
2596 5496 2834 5550 essentia
2892 5495 3301 5550 distinctionem
3329 5504 3466 5550 tunc

229 5592 632 5662 primum.cum
670 5596 798 5642 ante
857 5587 1041 5641 audita
1107 5602 1216 5640 non
1276 5585 1488 5652 fuisset,
1556 5600 1782 5646 auctore
1842 5591 2044 5662 Cyprio
2093 5593 2361 5648 invectam
2388 5593 2558 5649 fuisse
2605 5593 2693 5648 his
2747 5593 2932 5648 verbis
2971 5592 3209 5648 Joannes
3263 5592 3472 5649 Beccus

231 5693 490 5740 testatur:
528 5680 589 5734 Ὀ
615 5681 672 5734 δὲ
721 5679 822 5749 τῆς
881 5677 1162 5747 ἀληθείας,
1205 5677 1281 5742 ὥς
1333 5695 1488 5747 φησι,
1537 5684 1780 5748 γενναῖος
1815 5683 2105 5756 ὲκδικητὴς
2160 5687 2503 5757 συκοφάντας
2548 5688 2692 5759 ἡμᾶς
2727 5685 2819 5739 καὶ
2858 5687 2964 5743 τῶν
3030 5689 3202 5758 ἁγίων
3239 5687 3472 5743 ἀποστό-

301 5849 378 5914 ti)
411 5849 475 5904 Et
509 5851 564 5905 in
591 5846 862 5917 superiori
900 5855 1046 5902 tomo
1083 5853 1291 5901 nostro.
1323 5845 1476 5900 Eutr.
1513 5844 1678 5901 l'nn.
