3852 6490
331 409 430 471 2η
1279 409 1603 472 GEORGII
1652 401 1845 470 CYPR

2097 409 2609 470 PATRIARCIM‘I
3359 475 3364 480 _
3483 418 3517 480 Ξ
3552 412 3587 473 2

333 503 440 555 λων
470 502 752 573 ὑϐριστὰς,
786 502 912 565 τοὺς
939 500 1081 556 οὕτω
1149 501 1245 573 τὴν
1292 502 1608 573 Θεολογικὴν
1644 502 1930 572 μετιόντας
1967 502 2108 566 ὁδὸν,
2165 501 2218 554 τί
2255 501 2320 555 ἓν
2373 502 2502 573 παρ’
2535 505 2666 572 ἡμῖν
2708 502 2934 575 κληθείη
2967 505 3125 570 αὐτὸς
3153 509 3181 560 ὁ
3227 507 3434 562 οἴκοθεν
3491 515 3591 563 καὶ

335 597 444 647 ἀπὸ
507 596 721 658 κοιλίας
786 595 911 658 νέας
941 597 1064 666 ἄρτι
1087 596 1370 666 δογμάτων
1401 595 1584 664 φωνὰς
1615 599 1680 666 τῇ
1743 596 1836 648 τοῦ

2066 594 2413 665 Ξσηγούμενος
2463 595 2756 672 ἐκκλησίᾳξ
2822 598 2887 650 At
2951 601 3203 664 veritatis,
3277 590 3489 672 qualern
3532 619 3587 656 se

335 692 446 759 ipse
509 691 660 750 dicit,
692 689 984 759 pra'clarus
1020 689 1228 751 uindex,
1289 688 1812 759 quicalumniatorcs
1877 697 1926 740 et
1964 695 2268 742 sanctorum
2331 686 2704 741 conviciatores
2768 705 2858 744 nos
2891 700 3060 756 vocat,
3097 696 3185 763 qui
3231 694 3332 747 hac
3371 697 3580 751 ratione

334 795 416 832 res
453 780 760 851 theologiam
802 788 1115 844 tractamus,
1147 782 1360 850 quinam
1387 797 1419 833 a
1447 777 1593 834 nobis
1622 781 1730 850 ipse
1759 777 2180 850 compellabitur,
2251 778 2340 848 qui
2385 794 2450 831 es:
2511 780 2739 849 prapriis
2802 782 2946 847 suis,
2987 792 3036 836 et
3091 801 3228 838 nunc
3272 788 3502 856 primum
3553 806 3580 842 ε

332 882 512 926 ventre
541 873 771 926 novellas
797 872 1112 942 placitorum
1173 887 1314 925 voces
1383 872 1437 924 in
1497 869 1732 926 Ecclesia
1769 868 1866 922 Dei
1924 868 2159 940 proferre
2187 867 2533 938 aggreditur?
2587 867 2982 925 'l‘eStimonium
3009 874 3152 929 istud
3203 877 3358 932 Becci
3406 877 3590 934 obiter

335 966 515 1028 attuli,
549 981 658 1034 quo
680 965 1014 1027 m'incerem,
1043 979 1382 1033 nequaquam
1439 978 1588 1028 eum,
1640 964 1770 1017 dum
1828 962 2138 1032 patriarcha
2191 961 2830 1031 ConstantinOpolilanus
2893 977 3058 1030 esset,
3120 968 3395 1023 Palamam
3453 972 3593 1042 ejus-

343 1078 448 1132 que
492 1077 709 1117 errores
757 1063 1166 1132 proscripsisse,
1213 1062 1428 1115 tametsi
1479 1060 1532 1114 id
1575 1059 1904 1114 Combelisio
1946 1067 2166 1122 nostro,
2220 1059 2442 1127 quando
2497 1062 2796 1115 secundam
2863 1063 3152 1118 novissimi
3205 1064 3291 1118 sui
3345 1065 3589 1120 Auctarii

337 1166 548 1223 partem
581 1157 798 1220 edebat,
840 1171 1160 1225 persuasum
1212 1155 1358 1208 fuit:
1397 1155 1530 1224 quin
1582 1155 1765 1224 potius
1795 1153 2024 1207 Palamze
2079 1152 2340 1223 Cyprium
2405 1153 2705 1221 praeivisse,
2767 1155 2992 1226 ejusque
3058 1157 3308 1212 haaresim
3357 1159 3474 1213 suis
3537 1157 3592 1212 in

338 1253 558 1320 scriptis
583 1261 774 1306 contra
801 1252 1035 1306 Beccum
1080 1251 1478 1321 praeformasse.
1521 1250 1889 1316 Quamobrem
1923 1247 2163 1304 Joannes
2198 1249 2291 1304 ille
2345 1249 2675 1318 patriarcha,
2712 1267 2742 1306 a
2801 1269 2911 1322 quo
2967 1252 3291 1322 Gregorium
3312 1253 3585 1308 PaL-mam

336 1343 572 1410 primum
608 1343 776 1398 luisse
840 1343 1159 1398 damnatum
1192 1343 1598 1414 Cyparissiotus
1648 1341 1892 1407 tradidit,
1932 1350 2026 1395 aut
2057 1340 2296 1396 Joannes
2357 1341 2559 1414 Glycos
2585 1342 2708 1408 fuit,
2739 1353 2832 1398 aut
2885 1345 3064 1413 potius
3088 1348 3327 1401 Joannes
3363 1345 3595 1402 Calecas

335 1441 610 1506 Aprenus,
664 1438 832 1492 Esaia:
891 1453 1220 1502 successor,
1284 1437 1429 1506 quod
1493 1453 1619 1492 cum
1681 1436 1924 1491 historiis
1961 1434 2329 1491 Cantacuzeni
2399 1445 2456 1492 et
2509 1435 2803 1506 Nicephori
2844 1437 3097 1508 Gregora:
3152 1449 3588 1494 consentaneum

337 1542 703 1600 prorsus-est.
773 1531 998 1587 Joannis
1034 1532 1188 1586 Bccci
1221 1531 1484 1587 adversus
1531 1540 1737 1586 tomum
1794 1531 2202 1584 lucubrationes
2239 1531 2452 1584 animos
2517 1531 2846 1585 adversariis
2907 1531 3153 1602 Gregorii
3225 1532 3592 1593 addlderunt,

337 1636 398 1681 ut
427 1625 839 1679 ardentioribus
897 1625 1094 1679 studiis
1128 1634 1320 1680 contra
1359 1625 1513 1679 illum
1584 1609 1952 1693 insurgerent.
1995 1621 2199 1676 llorum
2231 1621 2493 1694 praecipui
2521 1632 2682 1678 erant
2725 1621 2961 1678 Joannes
2993 1625 3197 1694 Chilas,
3243 1627 3593 1696 metropolita

337 1722 672 1792 Ephesinus,
740 1722 923 1776 Daniel
953 1721 1278 1794 Cyziceuus,
1346 1735 1402 1776 et
1453 1721 1788 1790 Theoleptus
1845 1718 2363 1788 Philadelphiensis,
2425 1735 2548 1772 cum
2582 1719 2781 1788 quibus
2833 1735 2890 1774 se
2922 1719 3128 1798 Musalo
3173 1737 3402 1790 magnus
3435 1722 3592 1792 logo-

339 1815 487 1870 theta
522 1803 789 1884 adjuniit.
824 1816 937 1872 Leo
970 1816 1202 1872 Allatius
1259 1815 1358 1870 lib.
1417 1831 1454 1870 tt
1501 1814 1578 1868 De
1630 1829 1891 1874 consens..
1933 1827 2054 1882 cap.
2116 1811 2204 1878 ll,
2237 1813 2345 1868 col.
2389 1813 2514 1879 515,
2544 1811 2788 1867 libellum
2833 1812 3021 1869 Grmce
3073 1813 3372 1883 Latineque
3395 1814 3594 1880 edidit,

338 1921 502 1978 quem
557 1906 745 1963 Chilas
793 1909 1110 1978 imperatori
1165 1919 1359 1964 contra
1418 1918 1624 1962 tomum
1671 1905 1892 1961 obtulit.
1933 1905 2089 1970 Quod
2157 1906 2212 1960 in
2243 1922 2405 1960 causa
2434 1907 2538 1961 fuit
2595 1915 2654 1960 ut
2695 1905 2930 1977 Cyprius
2984 1908 3114 1963 tomi
3171 1906 3254 1962 sui
3293 1907 3597 1976 expositio-

339 2020 463 2058 nem
490 2004 775 2069 scriberet,
813 2021 932 2074 quae
995 2021 1144 2060 nunc
1177 2006 1417 2075 primum
1471 2003 1655 2074 prodit
1686 2019 1752 2059 ex
1814 2003 1937 2058 cod.
1979 2003 2114 2071 Reg.
2171 2003 2330 2059 5442.
2385 2002 2444 2057 ln
2497 2019 2563 2059 ea
2594 2003 2938 2072 expositione
2999 2002 3338 2058 contendere
3394 2001 3595 2073 pergil,

337 2099 502 2152 aliam
564 2114 685 2154 esse
718 2115 964 2170 personae
991 2100 1188 2154 divinae
1244 2098 1489 2168 Spiritus
1519 2097 1691 2153 sancti
1725 2097 2133 2168 processionem
2197 2096 2266 2152 ad
2297 2096 2694 2161 exsistendum,
2729 2105 2783 2149 et
2847 2081 3008 2148 aliam
3069 2094 3132 2149 ad
3170 2093 3543 2164 ell‘ulgeudum
3579 2110 3594 2149 :

337 2190 567 2256 priimam
635 2190 792 2245 inuui
869 2207 900 2246 a
959 2192 1240 2260 Scriptura
1291 2202 1348 2246 et
1395 2188 1689 2252 Patribus,
1762 2187 1986 2258 quando
2027 2187 2268 2257 Spiritus
2328 2188 2608 2250 dicitur‘a
2655 2186 2814 2242 Patre
2868 2186 3204 2257 procedere;
3272 2185 3594 2249 secundam,

336 2281 558 2349 quando
607 2298 636 2335 a
685 2283 845 2336 Patre
895 2299 990 2353 per
1034 2284 1251 2338 Filium.
1303 2282 1571 2338 Caeterum
1625 2281 1891 2337 Joannem
1931 2280 2169 2336 Beccum
2233 2281 2452 2351 perjurii
2488 2290 2729 2344 accusat,
2792 2289 2847 2334 et
2875 2279 3122 2334 libellum
3151 2277 3363 2342 recitat,
3425 2295 3591 2348 quem

341 2374 454 2437 ille,
517 2372 586 2426 ad
646 2375 903 2430 eﬂeratos
957 2377 1241 2431 adversum
1288 2389 1348 2430 se
1404 2374 1699 2445 plebecula:
1762 2373 1978 2427 animos
2017 2371 2336 2442 placandos,
2399 2372 2638 2442 Josepho
2689 2371 3009 2443 patriarcha:
3057 2372 3307 2439 dederat,
3357 2370 3601 2427 subscri-

342 2464 658 2538 pserathe,
723 2485 822 2525 ceu
867 2470 1184 2525 Latinorum
1215 2471 1454 2542 dogmati
1513 2470 1930 2524 abrenuntiarct
1968 2478 2025 2524 et
2076 2469 2478 2524 abdicationem
2506 2483 2659 2524 suam
2689 2468 3037 2540 approbaret.
3099 2468 3215 2534 Qua
3249 2483 3380 2521 vero
3414 2478 3603 2523 mente

340 2559 544 2614 Beccus
571 2560 619 2614 id
647 2563 925 2630 gessisset,
955 2563 1186 2631 ipsemet
1217 2561 1515 2617 declaravit
1539 2561 1698 2615 initio
1755 2559 2178 2629 disceptationis
2206 2576 2341 2625 suae,
2409 2574 2571 2629 quam
2634 2558 2689 2612 in
2750 2558 2987 2613 concilio
3041 2573 3228 2613 coram
3267 2557 3602 2627 imperatore

339 2654 519 2722 ipsum
587 2653 844 2708 habuisse
916 2654 1160 2721 narravi,
1213 2669 1452 2724 qumque
1492 2656 1690 2708 horum
1740 2653 1994 2706 omnium
2037 2662 2285 2706 motuum
2327 2667 2488 2706 causa
2526 2651 2755 2707 exstltit.
2807 2650 3037 2720 Insuper
3090 2665 3221 2705 vero
3261 2650 3600 2718 Theoleptus

346 2747 649 2816 Cyzicenus
685 2747 1010 2817 patriarcha:
1053 2747 1318 2818 Gregorio
1376 2747 1596 2818 objecit.
1639 2748 1695 2801 iu
1748 2756 1894 2801 torno
1933 2746 2161 2817 vestigia
2191 2746 2416 2816 reperiri
2466 2745 2647 2817 impia:
2686 2744 2953 2800 doctrina:
2987 2743 3156 2799 Marci
3180 2743 3459 2808 monachi,
3499 2741 3598 2812 qui

341 2842 548 2898 librum
604 2859 781 2911 nuper
802 2844 1172 2913 evulgaverat.
1200 2844 1258 2896 in
1308 2857 1418 2912 quo
1444 2857 1642 2896 nomen
1671 2841 1971 2912 προϐολεὺς
2010 2842 2312 2912 productor,
2345 2842 2601 2910 ambiguo
2631 2842 2858 2912 perinde
2901 2856 3065 2896 sensu
3094 2851 3415 2911 usurpatum
3458 2855 3588 2894 nar-

339 2945 423 2988 rat
450 2936 846 3006 Pachymeres,
893 2935 968 2997 ὡς
1014 2937 1109 2989 καὶ
1163 2935 1322 2998 αὐτὸς
1347 2935 1682 3004 ὀμωνυμίζει
1727 2936 1826 3004 τὴν

2073 2934 2366 3004 εροϐολεύς.
2395 2933 2552 2990 Hunc
2573 2936 2816 2990 Marcum
2855 2935 3218 3004 alienigenam
3249 2933 3444 2996 fuisse,
3479 2948 3594 2986 non

347 3032 619 3097 Graecum,
650 3032 790 3087 idem
818 3032 1116 3086 historicus
1141 3031 1329 3097 tradit,
1396 3039 1451 3084 et
1481 3040 1742 3100 quantum
1811 3044 1878 3084 ex
1901 3031 2263 3099 inscriptione
2297 3030 2664 3085 confessionis
2696 3030 2966 3098 Gregorii,
3022 3028 3091 3083 de
3152 3044 3259 3098 qua
3298 3043 3422 3082 mox
3457 3025 3606 3081 dice-

340 3140 451 3196 tur,
482 3131 779 3200 colligitur,
823 3146 888 3185 ex
921 3129 1145 3186 Hebl'tBO
1184 3129 1526 3184 Christianus
1555 3129 1732 3182 factus
1767 3127 1969 3209 fuerat,
2012 3143 2075 3182 ac
2113 3128 2347 3184 subinde
2377 3130 2697 3184 monachus.
2741 3128 2817 3182 Es
2871 3143 2981 3197 quo
3021 3126 3321 3182 revincitur
3361 3123 3603 3194 amplius

339 3241 499 3282 error
516 3225 616 3279 viri
639 3225 782 3280 illius
822 3225 1025 3295 alioqui
1069 3225 1390 3292 doctissimi,
1450 3224 1544 3296 qui
1583 3224 1822 3280 Marcum
1848 3223 1996 3279 hunc
2035 3224 2289 3280 eumdem
2336 3239 2456 3279 esse
2509 3225 2718 3294 putavit
2765 3239 2829 3279 ac
2871 3223 3113 3277 Marcum
3149 3219 3449 3292 Ephesium
3498 3215 3601 3287 qui

349 3329 476 3390 post
536 3333 758 3375 centum
801 3331 856 3374 et
883 3320 1273 3392 quinquaginta
1303 3337 1474 3376 annos
1506 3332 1694 3377 contra
1729 3321 1954 3377 Latinos
1994 3322 2293 3393 disputavit
2332 3323 2386 3377 in
2411 3322 2619 3393 synodo
2638 3321 3118 3389 Florentiua.Ejus
3143 3318 3365 3388 quidem
3416 3314 3602 3369 errori

337 3411 522 3464 favere
555 3411 791 3476 videtur,
853 3412 996 3482 quod
1056 3413 1110 3466 in
1174 3414 1352 3469 indice
1412 3393 1760 3470 Bibliotheca:
1813 3413 1858 3470 Si

2086 3415 2156 3469 tsi
2183 3415 2417 3484 legatur,
2477 3413 2778 3484 Γρηγορίου
2837 3411 3176 3483 πατριάρχου
3240 3411 3607 3462 Κωνσταντι-

334 3507 640 3569 Veen-dlce);
701 3507 792 3559 τοῦ
866 3508 1112 3577 Κυπρίου
1163 3510 1425 3576 ἀπολογία
1495 3511 1574 3573 εἰς
1616 3510 1715 3577 τὴν
1773 3511 1855 3562 ὲπι

2112 3509 2341 3578 Μάρκου
2365 3508 2458 3560 τοῦ
2511 3509 2757 3576 Ἐφέσου,
2819 3507 3060 3577 Gregorii
3105 3507 3424 3576 patriarcha:
3461 3503 3608 3555 Con-

336 3600 792 3672 stantinopolitani
855 3601 1034 3672 Cyprii
1098 3603 1338 3676 apologia
1375 3605 1432 3656 in
1485 3602 1762 3673 epistulam
1813 3603 1984 3658 Marci
2054 3603 2286 3673 Ephesii.
2329 3602 2529 3657 Verum
2583 3601 2794 3656 librarii
2842 3600 3132 3657 oscitantia
3191 3598 3276 3654 vel
3323 3596 3604 3667 imperitia

335 3696 539 3748 iactum
567 3766 571 3770 ’
597 3705 699 3758 est,
735 3704 794 3748 ut.
857 3712 958 3751 vox
992 3696 1086 3750 τοῦ
1121 3698 1390 3767 Κυπρίου,
1425 3698 1627 3768 Cyprii,
1677 3699 1965 3767 interjecta
2006 3700 2079 3754 sit
2113 3717 2127 3751 :
2165 3713 2288 3752 cum
2328 3700 2431 3752 hoc
2481 3713 2618 3767 opus
2659 3697 2992 3752 reddendum
3047 3693 3419 3765 sit'Gregorio
3467 3708 3603 3761 pro-

335 3790 657 3858 tosyncello,
719 3795 812 3861 qui
854 3802 1162 3862 postremus
1230 3793 1656 3864 Byzantiuorum
1715 3794 2156 3863 patriarcharum
2188 3793 2308 3860 fuit,
2373 3806 2501 3847 ante
2565 3793 3059 3864 captama'l‘urcis
3095 3792 3426 3847 civitatem:
3481 3788 3598 3842 nisi

335 3888 515 3934 tamen
553 3897 653 3951 pro
679 3885 904 3954 Μάρκου
965 3883 1060 3937 τοῦ
1106 3884 1331 3952 Ἐφέσου
1395 3885 1747 3940 scribendum
1785 3884 1856 3938 [υς

2080 3887 2269 3938 υάννου
2297 3885 2391 3940 τοῦ
2436 3886 2658 3955 Ἐφέσου
2689 3885 2912 3939 Joannis
2945 3885 3181 3954 Ephesii,
3213 3884 3384 3940 Cbilaa
3446 3881 3601 3939 scili-

335 3987 426 4031 cet
455 3977 754 4034 adversarii
806 3981 1050 4050 Gregorii
1088 3981 1310 4052 Cyprii;
1342 3980 1486 4051 quod
1525 3981 1714 4038 obiter
1779 3997 1808 4034 a
1870 3995 1959 4036 me
1995 3981 2203 4036 dictum
2243 3982 2336 4035 sit.
2377 3981 2544 4050 Atqui
2573 3981 2784 4035 Marcus
2819 3981 2907 4036 ille
2955 3981 3260 4036 monachus
3327 3980 3596 4050 exiguum

337 4071 596 4125 volumen
652 4072 797 4140 quod
863 4075 1194 4143 scripserat,
1248 4073 1599 4128 emendatum
1666 4073 1942 4143 iactabat,
1981 4083 2038 4128 et
2083 4073 2441 4144 approbatum
2512 4091 2540 4128 a
2598 4074 2946 4144 patriarcha,
3007 4073 3597 4142 quicum-arctissima

330 4165 740 4218 necessitudine
792 4166 1142 4236 iungebatur.
1174 4166 1289 4233 Qua
1334 4182 1394 4221 re
1437 4167 1634 4222 factum
1706 4178 1829 4231 est,
1908 4177 1966 4222 ut
2040 4169 2225 4222 statim
2279 4178 2444 4238 atque
2491 4167 2658 4223 Marci
2707 4169 2848 4222 liber
2897 4167 3133 4222 emissus
3193 4167 3248 4220 in
3307 4169 3596 4236 publicum

331 4261 458 4321 fuit,
499 4261 794 4327 Gregorius
845 4263 1082 4334 Cyprius
1135 4265 1260 4336 ejus
1307 4273 1502 4319 auctor
1569 4263 1810 4319 censitus
1878 4263 1968 4319 sit.
2045 4265 2217 4330 Quam
2273 4265 2710 4319 criminationem
2775 4265 3083 4336 patriarcha
3153 4271 3213 4317 ut
3275 4264 3594 4332 repelleret,

331 4353 742 4424 Confessioncm,
794 4371 954 4423 quam
1021 4355 1156 4421 dixi,
1220 4356 1345 4423 ﬁdei
1375 4356 1641 4421 condidit,
1673 4372 1780 4425 qua
1825 4355 1992 4411 Marci
2032 4357 2282 4427 dogmata
2343 4367 2660 4412 exsecratus
2697 4366 2800 4412 est.
2856 4358 2909 4411 td
2950 4357 3096 4427 quod
3127 4357 3373 4411 etiamin
3414 4357 3597 4412 altero

329 4449 578 4517 supplice
641 4449 705 4502 ad
750 4450 1124 4504 Andronicum
1161 4451 1546 4521 imperatorem
1579 4453 1764 4507 libello
1822 4453 2095 4522 prmstitit.
2161 4454 2380 4508 lnteritn
2416 4454 2509 4522 qui
2555 4472 2652 4523 pro
2709 4453 2974 4524 Gregorio
3034 4454 3272 4515 stabant,
3339 4455 3584 4508 Athana-

330 4539 473 4592 sium
528 4537 978 4604 Alexandrinum,
1010 4541 1342 4610 imperatore
1393 4551 1690 4606 annuente,
1741 4542 2071 4611 compellant
2119 4555 2180 4598 ut
2219 4553 2364 4598 tomo
2433 4545 2740 4600 subscribat
2781 4561 2794 4597 :
2870 4544 3016 4613 quod
3053 4553 3236 4598 tamen
3277 4543 3366 4598 ille
3404 4544 3593 4600 facere

329 4634 550 4697 noluit;
590 4645 848 4689 causatus
882 4635 987 4689 sibi
1027 4637 1160 4691 satis
1222 4637 1318 4692 otii
1347 4648 1399 4693 et
1426 4637 1700 4693 facultatis
1735 4653 1841 4693 non
1880 4653 2000 4693 esse
2021 4639 2087 4692 ad
2111 4639 2352 4710 singulas
2397 4641 2519 4710 ejus
2569 4655 2729 4696 voces
2782 4640 3167 4708 explorandas,
3219 4657 3287 4697 eo
3352 4642 3597 4698 maxime

325 4731 476 4800 quod
546 4729 1276 4802 Constantinopolitanorum
1340 4751 1520 4790 mores
1565 4746 1623 4790 et
1687 4751 1883 4791 sensus
1918 4745 2234 4805 perspectos
2264 4752 2371 4791 non
2443 4735 2689 4792 haberet.
2750 4735 2848 4791 llis
2911 4746 3222 4791 commotus
3263 4736 3595 4804 imperator,

325 4825 528 4879 ardens
559 4838 717 4877 suum
753 4838 882 4894 erga
941 4823 1204 4896 Cyprium
1259 4827 1502 4881 studium
1566 4837 1876 4896 temperare
1917 4829 2106 4897 etrapit,
2153 4829 2312 4896 eique
2385 4829 2717 4899 colloquium
2746 4828 3026 4897 publicum
3068 4831 3336 4893 exoranti,
3371 4832 3422 4883 in
3449 4820 3596 4900 'quo

324 4933 563 4976 mentem
604 4921 819 4991 planius
849 4936 1004 4976 suam
1063 4923 1381 4992 explicaret,
1413 4925 1606 4977 annuit
1659 4924 1896 4993 primum
1920 4963 1936 4989 ,
1981 4939 2105 4978 mox
2164 4940 2295 4979 vero
2329 4935 2533 4980 mutata
2551 4927 2824 4980 sententia
2854 4926 3068 4988 abnuit,
3104 4925 3313 4980 veritus
3342 4939 3412 4980 ne
3443 4926 3593 4980 idem

318 5018 603 5074 accideret
633 5019 779 5087 quod
837 5020 893 5074 iu
929 5021 1208 5074 anteriore
1229 5035 1354 5076 cum
1391 5020 1566 5074 Becco
1633 5019 2029 5088 disputatione,
2071 5036 2137 5074 ex
2172 5036 2280 5090 qua
2343 5037 2432 5076 res
2497 5022 2756 5077 Ecclesiae
2807 5021 2983 5076 nihilo
3048 5021 3352 5090 pacatiores
3389 5035 3592 5075 evase-

326 5123 474 5169 rant.
553 5112 695 5180 Quin
745 5115 857 5170 imo
889 5117 1239 5171 Andronicus
1274 5115 1447 5182 misit,
1493 5116 1586 5186 qui
1651 5116 1798 5171 sedis
1831 5115 2230 5171 abdicationem
2278 5116 2346 5170 ab
2409 5117 2527 5181 ipso
2554 5124 2862 5186 poscerent.
2932 5115 3050 5170 Jam
3088 5115 3235 5171 enim
3274 5113 3508 5186 Cyprius
3553 5129 3590 5168 e

324 5213 675 5283 patriarcbali
740 5215 903 5269 domo
962 5216 1016 5268 in
1083 5213 1430 5285 llodegorum
1483 5213 1876 5268 monasterium
1919 5212 2288 5283 migraverat,
2319 5213 2372 5266 in
2425 5227 2536 5284 quo
2599 5213 2908 5268 scribendis
2942 5227 3038 5281 pro
3091 5227 3191 5266 sua
3251 5211 3584 5266 defensione

322 5310 484 5364 libris
509 5309 758 5362 vacabat.
781 5309 1020 5363 Posthac
1047 5320 1256 5374 autem,
1318 5324 1386 5362 ne
1420 5307 1730 5378 patriarcha
1771 5306 2054 5362 inauditus
2091 5307 2466 5372 damnaretur,
2543 5308 2822 5376 publicum
2889 5314 3220 5361 conventum
3282 5306 3587 5376 imperator

321 5406 512 5466 edixit,
548 5404 603 5458 in
637 5419 748 5474 quo
780 5405 917 5458 lecta
939 5414 1024 5460 est
1050 5406 1198 5461 illius
1233 5406 1503 5476 Confessio
1538 5405 1682 5471 ﬁdei,
1746 5414 1800 5459 et
1833 5403 1902 5458 ab
1941 5405 2089 5460 omni
2121 5420 2300 5474 pravae
2321 5404 2584 5461 doctrinae
2611 5405 2926 5476 suspicione
2991 5403 3254 5458 immunis
3310 5402 3584 5472 iudicata.

317 5501 692 5557 Nihilominus
730 5501 1039 5572 Ephesinus
1082 5502 1428 5572 metropolita
1475 5510 1531 5556 et
1571 5501 1876 5572 Cyzicenus
1913 5503 2094 5570 palam
2155 5502 2437 5570 protestati
2467 5513 2615 5567 sunt,
2643 5503 2871 5556 minime
2925 5517 2984 5556 se
3027 5501 3081 5555 in
3133 5500 3587 5556 communionem

319 5614 484 5672 posse
551 5599 740 5654 venire
790 5615 914 5654 cum
992 5599 1214 5654 homine
1272 5599 1366 5670 qui
1423 5599 1592 5654 certis
1651 5598 1718 5652 de
1785 5598 1966 5652 causis
2027 5597 2252 5652 haeresis
2317 5598 2518 5653 invidia
2587 5613 2847 5667 aspersus
2900 5606 3067 5652 esset.
3130 5595 3230 5652 Cui
3293 5599 3590 5654 sententia:

317 5693 447 5762 quia
497 5691 851 5761 pertinaciter
913 5691 1386 5756 adhaarESccbant,
1437 5706 1540 5746 nec
1592 5691 1944 5760 imperatoris
2018 5691 2246 5745 monitis
2312 5702 2367 5745 et
2431 5692 2908 5746 adhortationibus
2963 5699 3267 5749 cesserant.
3337 5688 3590 5756 insepa~

317 5793 464 5840 ratas
495 5788 773 5842 custodias
807 5799 1036 5858 uterque
1076 5789 1276 5842 missus
1345 5795 1448 5851 est,
1493 5801 1523 5839 e
1569 5785 1774 5853 quibus
1812 5786 2033 5840 nonnisi
2098 5795 2220 5856 post
2260 5801 2433 5840 annos
2453 5787 2681 5854 aliquot,
2739 5796 2796 5840 et
2829 5785 2916 5839 vix
2978 5800 3118 5855 aegre
3179 5783 3360 5838 educti
3423 5792 3579 5838 sunt.

322 5877 393 5929 At
421 5877 750 5951 Tlteoleptus
772 5881 1269 5952 Philadelphiensis
1294 5895 1510 5935 onmem
1531 5877 1894 5933 offensionem
1939 5876 2075 5932 hanc
2107 5891 2171 5932 es
2205 5876 2320 5931 solo
2349 5875 2513 5931 Marci
2550 5876 2692 5932 libro
2739 5888 3015 5946 acceptam
3051 5884 3374 5946 prmtexeus,
3437 5868 3584 5927 Gr:-
