3830 6368
352 400 461 465 943

1286 409 1615 471 GEORGII
1650 411 1906 475 CYPBII
1945 414 2607 478 CPJPATRIARCHAZ

3495 411 3597 475 944

352 519 519 571 πᾶσιν
572 518 861 588 ἐπήγαγεν
891 536 904 550 ⁸
937 521 1031 574 καῖ
1085 522 1169 576 ὅτι
1202 525 1317 587 τοῖς
1350 525 1514 578 αὐτὸν
1565 527 1922 580 πιστεύουσιν
1952 531 1997 587 Α
2026 528 2147 590 κίας
2172 526 2418 582 ἐντεῦθεν
2432 531 2722 598 οίκοδομεῖ.
2745 533 2843 583 οὐκ
2878 526 2993 583 οἶδα
3021 531 3073 583 τί
3093 530 3283 601 ἕτερον
3307 532 3594 599 ἐσομένας,

348 607 424 670 ὡς
465 607 575 661 ἀπὸ
606 611 787 680 πηγῆς
836 611 1009 682 αὐτῆς
1043 614 1136 668 καὶ
1178 614 1248 669 δι’
1283 616 1450 672 αὑτοῦ
1497 619 1816 688 χορηγεῖται
1865 620 1926 673 τὸ

348 700 601 769 Πνεῦμα,
638 704 734 756 καὶ
761 704 899 777 αὐτή
929 723 994 775 γε
1026 708 1058 777 ἡ
1091 709 1251 779 χάρις
1296 710 1590 776 ἀναϐλύζει
1622 712 1718 766 τοῦ
1756 713 1925 767 Πνεύ-

350 810 545 860 ματος,
579 796 703 866 ἣτις
756 798 913 853 οὐδὲν
970 802 1178 871 καινὸν,
1229 802 1353 857 ούτε
1388 804 1490 875 τῆς
1531 804 1644 859 τῶν
1688 806 1925 877 Γραφῶν

349 888 642 955 συνηθείας
678 891 982 963 ἀλλότριον,
1013 896 1109 948 ἐὰν
1141 897 1301 965 ἅγιον
1346 897 1653 969 ὁμωνύμως
1686 900 1923 966 καλῆται

347 978 615 1049 Πνεῦμα·
671 985 973 1041 οἰκειοῦται
1017 989 1126 1057 γάρ
1156 989 1309 1043 ἐστιν
1347 992 1431 1044 ὅτε
1463 992 1559 1046 καὶ
1591 994 1623 1064 ή
1668 993 1923 1063 ἐνέργεια

344 1072 437 1123 τοῦ
472 1075 823 1145 ἐνεργοῦντος
853 1079 952 1151 τήν
980 1084 1172 1151 κλῆσιν
1194 1100 1210 1115 ·
1240 1083 1433 1155 ῶσπερ
1473 1086 1609 1155 δῆτα
1638 1087 1733 1139 καὶ¹
1765 1087 1922 1158 ἥλιον

346 1164 609 1231 πολλάκις
633 1168 733 1240 τήν
757 1169 909 1241 ἡλίου
936 1174 1110 1246 αὐγὴν
1136 1176 1230 1230 καὶ
1261 1177 1584 1248 λαμπηδόνα
1610 1179 1791 1248 λέγειν
1818 1179 1920 1234 ούκ

345 1259 679 1327 ἀναινόμεθα
704 1278 720 1294 ⁸
753 1264 967 1329 τούτοις
1008 1267 1157 1324 οὕτω
1206 1272 1607 1344 συμπεραίνειν
1638 1274 1734 1328 καὶ
1780 1291 1920 1343 συμ-

345 1349 596 1415 ϐιϐάζειν
648 1355 718 1408 τά
771 1358 1022 1427 μηδόλως
1077 1364 1364 1432 πεφυκότα
1410 1365 1774 1434 φιλονεικοῦσι
1820 1368 1919 1438 τὴν

344 1451 961 1519 προαναγεγραμμένην
993 1452 1176 1523 ψῆφόν
1211 1468 1272 1510 τε
1314 1460 1409 1512 καὶ¹
1456 1461 1757 1532 καταδίκην
1781 1462 1921 1519 ἐπά-

342 1549 559 1603 γοντες,
581 1539 969 1613 άποτέμνομεν
995 1544 1095 1616 τῆς
1123 1549 1232 1603 τῶν
1253 1550 1552 1619 όρθοδόξων
1577 1554 1915 1623 όλομελείας,

344 1630 437 1681 καὶ
490 1633 920 1704 ἀποκηρύκτους
976 1641 1076 1711 τῆς
1121 1641 1217 1696 τοῦ
1257 1644 1393 1698 Θεοῦ
1437 1646 1761 1715 Ἐκκλησίας
1824 1649 1918 1701 καὶ

340 1722 440 1790 τῆς
471 1724 709 1797 ποίμνης
744 1731 1068 1801 ποιούμεθα.

414 1824 505 1929 ια’1
542 1818 668 1929 ’ξρῖς
710 1823 898 1887 αὐτοῖς
935 1827 1036 1890 τάς
1083 1828 1192 1882 τῶν
1225 1831 1399 1898 ἁγίων
1446 1832 1631 1900 φωνὰς
1681 1831 1741 1885 ού
1780 1833 1918 1903 πρὶς
1954 1876 1995 1929 Β

341 1905 434 1958 τὸν
481 1908 643 1978 ὀρθὸν
672 1914 773 1983 τῆς
819 1916 1150 1988 Ἐκκλησίας
1200 1925 1403 1977 σκοπὸν
1457 1926 1916 1994 ἐκλαμϐάνουσιν,

341 1997 466 2051 οὐδὲ
504 2001 873 2071 θεραπεύουσι
901 2010 962 2062 τὸ
992 2011 1185 2067 δοκοῦν
1216 2016 1617 2085 προσίστασθαι
1645 2018 1789 2073 κατὰ
1818 2024 1916 2083 τὰς

342 2097 727 2162 πνευματικὰς
790 2102 1142 2171 παραδόσεις,
1177 2108 1275 2160 καὶ
1324 2109 1424 2171 τὰς
1455 2111 1640 2174 κοινὰς
1696 2113 1826 2178 περί
1856 2129 1917 2164 τε

340 2182 478 2236 Θεοῦ
514 2188 606 2241 καὶ
631 2191 739 2243 τῶν
769 2193 933 2249 θείων
967 2197 1284 2269 ὑπολήψεις,
1313 2202 1449 2257 ἀλλὰ
1474 2206 1610 2271 πρός
1642 2221 1765 2257 τινα
1791 2204 1917 2257 νοῦν

340 2276 620 2370 ἀπᾴδοντα
658 2282 768 2336 τῶν
801 2292 1188 2360 προκειμένων
1232 2295 1405 2358 αὐτάς
1439 2295 1841 2361 ἐκϐιϐάζουσιν,
1878 2298 1913 2370 ἢ

338 2368 521 2435 ψιλαῖς
552 2373 745 2439 αὐταῖς
770 2381 1118 2451 προσέχουσι,
1155 2387 1251 2440 καὶ
1280 2388 1418 2455 πρὸς
1446 2389 1626 2459 δόγμα
1660 2368 1915 2446 ἐντεῦθεν

341 2465 737 2535 ἐκφερομένοις
787 2471 1094 2544 ἀλλότριον,
1145 2479 1246 2550 τήν
1304 2485 1916 2555 προαναγεγραμμένην

339 2558 524 2629 ψῆφόν
557 2578 615 2615 τε
668 2567 761 2619 καὶ
807 2570 1117 2641 καταδίκην
1162 2573 1485 2643 ἐπάγοντες,
1533 2578 1917 2650 άποτέμνομεν

337 2652 437 2721 τῆς
483 2652 593 2708 τῶν
630 2658 929 2728 όρθοδόξων
974 2666 1309 2736 ὁλομελείας,
1346 2671 1441 2724 καὶ
1490 2672 1915 2745 άποκηρύκτους

338 2747 450 2815 τῆς
490 2748 587 2801 τοῦ
613 2752 753 2807 Θεοῦ
796 2755 1122 2829 Ἐκκλησίας
1176 2761 1270 2814 καὶ
1315 2761 1415 2831 τῆς
1460 2765 1697 2836 ποίμνης
1724 2767 1913 2820 ποιού-

339 2838 502 2909 μεθα.

422 2933 584 2990 Ἀλλὰ
616 2940 685 2992 τὰ
728 2939 829 3010 μὲν
870 2942 979 3027 τῶν
1013 2946 1525 3019 ἀναγεγραμμένων
1554 2954 1648 3004 καὶ
1677 2952 1779 3024 ήδη
1817 2956 1911 3008 ἐκ·-

336 3032 772 3101 κεκηρυγμένων
795 3037 1100 3108 ἀνθρώπων
1127 3039 1379 3111 δόγματα
1406 3042 1578 3107 οὕτως
1601 3046 1714 3116 ἔχει
1747 3047 1913 3118 βλασ-

335 3123 568 3193 φημίας,
600 3125 774 3193 οὕτως
800 3130 913 3200 ἔχει
941 3133 1163 3201 κακίας,
1210 3133 1353 3189 οὕτω
1401 3136 1494 3191 τοῦ
1521 3140 1912 3211 ἐκκλησιαστι-

2028 623 2075 674 εί
2114 619 2189 689 μή
2220 621 2317 693 τήν
2352 621 2555 691 στήλην
2588 620 2724 691 φαίη
2774 621 2869 675 καὶ
2899 621 3184 690 τρόπαιον,
3221 622 3323 693 τὴν
3366 620 3468 691 μέν
3498 621 3595 691 τῆς

2027 711 2342 783 ἀφροσύνης
2365 711 2528 767 αὑτοῦ
2554 714 2794 781 κήρυκα,
2823 713 2885 766 τὸ
2908 713 2964 766 δὲ
2990 711 3224 783 δήλωσιν
3259 711 3354 767 τοῦ
3387 712 3593 781 ἀγῶνος

2025 805 2213 869 αὑτοῦ,
2249 804 2307 858 ὃν
2323 805 2467 859 κατά
2496 805 2596 874 τῆς
2621 805 2817 859 ἑαυτοῦ
2848 805 3124 875 σωτηρίας
3149 803 3474 875 ἠγώνισται.
3499 803 3592 856 Δτὰ

2024 899 2184 951 τοῦτο
2200 899 2290 952 καὶ
2309 899 2447 953 αύτά
2467 900 2534 952 τὰ
2553 900 2800 971 δόγματα
2825 902 2937 965 τοῖς
2959 899 3169 952 ἑαυτῶν
3190 899 3439 970 Πατράσι
3461 915 3593 967 συγ·

2025 990 2502 1055 καταδικάζοντες,
2532 992 2793 1061 κρίνομεν
2819 991 2895 1054 ὡς
2946 990 3192 1056 ἐκείνων,
3212 990 3356 1044 οὕτω
3386 990 3450 1060 δὴ
3503 989 3594 1043 καὶ

2025 1084 2207 1137 αὐτῶν
2241 1087 2303 1138 ἐκ
2328 1085 2428 1155 τῆς
2468 1084 2802 1152 Ἐκκλησίας
2832 1084 2891 1138 τὸ
2920 1084 3268 1155 μνημόσυνον
3295 1082 3593 1137 ἀπολέσθαι

2026 1178 2164 1247 μετά
2191 1178 2346 1249 ἧχου.
2379 1178 2655 1233 ’Δκανθαι
2687 1179 2796 1250 γάρ
2828 1180 2969 1233 είσιν
2999 1178 3165 1232 οἱονεὶ
3201 1178 3295 1231 καὶ
3330 1175 3591 1248 τρίϐολοι,

2022 1273 2087 1325 ἐκ
2137 1270 2290 1334 θείας
2324 1272 2780 1344 παραχωρήσεως
2810 1274 2875 1344 τῇ
2910 1271 3178 1343 ζωηφόρῳ
3221 1270 3321 1341 τῆς
3369 1269 3595 1338 Ἐκκλη-

2023 1365 2146 1429 σίας
2184 1367 2510 1434 ἀναφυεῖσαι
2544 1364 2699 1438 χώρᾳ
2729 1382 2744 1397 ’
2769 1366 2803 1436 ἢ
2828 1369 2921 1420 καὶ
2950 1365 3169 1431 ζιζάν;α
3192 1365 3402 1434 πονηρά
3433 1365 3594 1415 ὁποῖα

2020 1459 2099 1529 τῷ
2129 1459 2359 1529 καθαρῷ
2391 1458 2487 1512 τοῦ
2518 1457 2854 1527 Εύαγγελίου
2884 1458 3017 1529 σίτῳ
3045 1456 3242 1529 ἐχθρὸς
3273 1457 3593 1525 ἐνέσπειρεν

2019 1550 2330 1621 ἄνθρωπος,
2364 1550 2464 1621 τὴν
2514 1549 2713 1621 ἀνοχὴν
2752 1548 2846 1603 τοῦ
2886 1547 3226 1612 ἐκδικοῦντος
3255 1544 3391 1600 Θεοῦ
3440 1545 3595 1598 εῦθε-

2021 1659 2114 1696 τον
2141 1642 2395 1712 εὑρηκὼς
2426 1641 2525 1712 τῆς
2553 1642 2897 1711 κακουργίας
2943 1641 3152 1710 καιρόν.
3191 1641 3253 1693 Εί
3285 1639 3343 1693 δὲ
3387 1637 3594 1709 βούλει,

2021 1735 2049 1788 δ
2083 1736 2175 1788 καὶ
2206 1735 2410 1805 μᾶλλον
2436 1739 2503 1807 τῇ
2550 1735 2788 1807 πονηρίᾳ
2819 1735 3166 1801 προσέοικεν,
3220 1733 3444 1804 ἐχιδνῶν
3485 1737 3595 1786 είσι

2022 1830 2379 1901 θανατηφόρα
2423 1830 2760 1901 γεννήματα,
2806 1830 2901 1905 καὶ
2940 1829 3079 1882 κατὰ
3125 1828 3222 1898 τὴν
3247 1828 3472 1900 Γραφὴν
3499 1828 3593 1896 ἐγ-

2020 1939 2156 1992 γονα
2183 1922 2533 1992 βασιλίσκων,
2560 1922 2791 1979 θάνατον
2821 1922 3010 1993 ἁπάσῃ
3038 1923 3103 1992 τῇ
3128 1919 3593 1991 προσπελαζούσῃ

2018 2015 2162 2087 ψυχῇ
2214 2016 2570 2088 ἐπιφέροντα,
2624 2016 2775 2086 παρά
2820 2016 3075 2069 τοσοῦτον
3122 2014 3387 2078 σώζεσθαι
3440 2014 3590 2078 ἀξια,

2019 2107 2151 2177 παρ’
2182 2108 2308 2162 ὅσον
2365 2106 2500 2178 μηδὲ
2532 2107 2630 2177 τὴν
2671 2107 2849 2177 ἀρχὴν
2903 2105 3047 2161 αὐτὰ
3093 2107 3174 2169 είς
3230 2104 3445 2174 γένεσιν
3496 2106 3593 2156 καὶ

2019 2202 2222 2272 γνῶσιν
2255 2199 2443 2271 ἀνθρώ
2459 2218 2572 2254 πων
2622 2200 2823 2264 ἐλθεῖν,
2854 2198 2890 2253 ἃ
2926 2199 3018 2251 καὶ
3054 2196 3188 2268 πυρὶ
3222 2199 3316 2250 καὶ
3365 2195 3593 2264 σιδήρῳ,

2018 2297 2113 2349 καὶ
2163 2297 2303 2349 πᾶσι
2338 2296 2452 2357 τοῖς
2500 2293 2746 2355 δυνατοῖς
2778 2290 3088 2363 ἀφανίζειν,
3136 2293 3297 2345 ὁποῖα
3342 2289 3498 2342 ταῦτ’
3528 2290 3595 2341 ἂν

2019 2391 2106 2457 είη
2136 2389 2202 2460 τῇ
2245 2384 2543 2457 Ἐκκλησία
2575 2384 3004 2455 κατεργαστέον,
3033 2385 3128 2437 καὶ
3149 2384 3228 2446 είς
3252 2382 3313 2435 τὸ
3348 2382 3423 2452 μὴ
3449 2376 3593 2434 εἶναι

2020 2481 2478 2555 παραπεμπτέον,
2534 2480 2628 2533 καὶ
2672 2478 2766 2530 τὸν
2818 2476 3044 2547 ἔσχατον
3098 2474 3339 2545 ὖλεθρον,
3390 2475 3487 2529 καί
3524 2492 3593 2542 γε

2016 2577 2155 2630 πᾶσι
2188 2577 2301 2639 τοῖς
2329 2574 2429 2643 τῆς
2458 2571 2582 2627 καθ’
2612 2572 2762 2643 ἡμᾶς
2812 2568 3140 2641 Ἐκκλησίας
3184 2569 3344 2633 υἱοῖς,
3385 2570 3592 2638 σπουδῇ

2018 2668 2243 2737 φεύγειν
2275 2665 2417 2719 αὐτὰ
2448 2663 2847 2734 παραινοῦμεν,
2875 2663 2968 2716 καλ⁵
2997 2662 3120 2732 μηδ’
3148 2662 3273 2716 ὅσον
3295 2661 3594 2732 παρέργως

2017 2760 2247 2815 ἀκοῦσαι
2275 2760 2375 2821 τὰς
2403 2757 2571 2821 άκοάς
2603 2757 2827 2829 ὑπέχειν
2859 2757 3063 2818 αὐτοῖς.
3088 2755 3161 2809 Οὐ
3181 2756 3345 2827 μέχρι
3375 2755 3429 2806 δέ
3453 2771 3600 2824 παρ-

2016 2857 2275 2916 αινέσεως
2309 2853 2399 2905 τὶν
2429 2852 2589 2919 λόγον
2659 2849 2921 2919 ἱστῶμεν,
2955 2847 3073 2901 ἀλλ’
3109 2848 3210 2918 ήδη
3236 2865 3287 2900 τι
3320 2848 3413 2899 καὶ
3435 2847 3601 2900 άπειο

2015 2946 2136 3018 λῆς,
2170 2947 2264 2999 καὶ
2293 2945 2486 3014 φόϐου,
2524 2943 2744 3013 καὶτῆς
2767 2939 3071 3011 ἀσφαλείας
3108 2940 3296 2993 ἕνεκεν
3327 2939 3422 2992 τοῦ
3462 2938 3600 3006 μέλ-

2017 3041 2201 3101 λοντος
2231 3036 2665 3106 προστιθέαμεν.
2702 3036 2800 3098 Τίς
2830 3031 2923 3088 οὖν
2957 3036 2989 3103 ὴ
3031 3032 3257 3102 ἀπειλή,
3288 3032 3602 3103 ἐπειδήπερ

2025 3131 2156 3201 ήτῷ
2207 3131 2313 3201 πρὸ
2364 3129 2563 3201 μικροῦ
2593 3129 2772 3201 χρόνῳ
2812 3126 3200 3197 συμϐεϐηκυῖα
3239 3124 3439 3196 πρᾶξις
3492 3126 3602 3194 τὴν

337 3214 434 3269 κοῦ
466 3222 819 3275 παντάπασιν
869 3225 1129 3281 ἐκπίπτει
1156 3231 1531 3301 φρονήματος,
1586 3235 1691 3287 κᾶν
1718 3236 1745 3287 ὁ
1792 3233 1913 3288 τού-
1939 3229 1984 3292 C
2032 3223 2363 3292 Ἐκκλησίαν
2409 3222 2708 3294 συγχέασα,
2759 3222 2838 3283 εἷς
2870 3219 3022 3281 τέλος
3060 3218 3496 3289 κατελυμῆνατο,
3527 3217 3603 3287 ἦν

335 3325 443 3362 των
466 3312 651 3382 πατήρ
682 3313 906 3384 Βέκκος,
940 3318 1042 3372 κᾶν
1069 3321 1257 3392 ἑτερός
1285 3339 1369 3386 τις
1392 3324 1504 3378 τῶν
1532 3327 1908 3396 σπουδαστῶν,

332 3399 444 3454 τῶν
485 3402 661 3472 ἁγίων
688 3408 1016 3478 φρονήματα
1057 3411 1232 3467 ταῦτα
1282 3409 1425 3469 εἶναι
1476 3416 1907 3491 διισχυρίζηται,

335 3498 653 3568 συκοφάτην
685 3498 850 3555 αὑτὸν
882 3502 1100 3573 άληθῶς
1147 3506 1256 3559 τῶν
1285 3507 1460 3576 άγίων
1506 3509 1597 3563 καὶ
1646 3510 1910 3585 ὑϐριστὴν

333 3586 588 3679 ήγητέον.
630 3591 738 3644 Ποῦ
771 3593 881 3663 γάρ
912 3596 962 3649 οί
1003 3596 1254 3668 θεοφόροι
1281 3601 1376 3655 τὸν
1397 3602 1531 3656 Θεὸν
1560 3604 1657 3658 καὶ
1688 3607 1910 3679 Πατέρα

329 3678 418 3732 διὰ
449 3679 547 3734 τοῦ
582 3681 713 3736 Υίοῦ
763 3684 940 3739 αἴτιον
994 3689 1087 3742 τοῦ
1131 3693 1455 3758 Πνεύματος
1504 3696 1757 3767 ἔφασανς
1797 3702 1907 3756 Ποῦ

330 3773 425 3825 τὸν
482 3774 844 3848 Παράκλητον
887 3775 1063 3844 εἷπον.
1119 3786 1184 3841 ἐκ
1226 3787 1321 3841 τοῦ
1358 3789 1490 3844 Υίοῦ
1544 3794 1636 3847 καὶ
1668 3795 1755 3848 διά
1810 3793 1906 3850 τοῦ

334 3865 465 3919 Υίοῦ
516 3869 664 3939 ἐχειν
715 3872 814 3943 τήν
845 3873 1080 3946 ὕπαρξιν
1108 3897 1123 3944 ;
1156 3881 1267 3934 Ποῦ
1300 3882 1359 3936 δὲ
1410 3883 1574 3939 πάλιν
1623 3886 1787 3941 αὐτὸν
1816 3887 1906 3941 τὸν

333 3959 807 4053 Παράκληίτονλέκ
840 3967 937 4021 τοῦ
979 3970 1196 4043 Πατρός
1235 3975 1327 4028 καὶ
1364 3976 1427 4030 ἐκ
1455 3976 1552 4030 τοῦ
1592 3978 1724 4034 Υἱοῦ
1762 3981 1906 4053 ἔχειν

329 4052 429 4145 τὴν
477 4054 752 4145 ῦπαρξινς
808 4060 917 4114 Ποῦ
967 4064 1068 4133 τὴν
1104 4065 1234 4134 μίαν
1284 4069 1473 4123 οὐσίαν
1522 4074 1620 4125 καὶ
1674 4073 1905 4145 θεότητα

330 4140 545 4212 Πατρός
580 4149 676 4198 καὶ
734 4147 864 4203 Υίοῦ
898 4153 1079 4206 αίτίαν
1131 4155 1233 4220 τῆς
1284 4158 1575 4227 ὑπάρξεως
1607 4163 1700 4215 τοῦ
1746 4140 1902 4232 ἁγίου

330 4234 657 4308 Πνεύματος
687 4239 1055 4312 ἐδογμάτισαν
1084 4263 1099 4312 ;
1135 4250 1245 4318 Τήν
1276 4250 1331 4302 δὲ
1361 4256 1634 4325 πατρικὴν
1665 4257 1901 4312 ὑπόστα-

329 4343 417 4381 σιν
447 4331 532 4395 τίς
578 4349 710 4387 ποτε
741 4339 836 4390 καὶ
888 4340 947 4391 ἐν
985 4341 1162 4402 ποίοις
1205 4343 1370 4397 αὐτοῦ
1425 4348 1772 4418 συντάγματι
1807 4351 1900 4404 τοῦ

330 4422 405 4515 μή
459 4423 629 4495 μόνην
666 4428 851 4481 αίτίαν
898 4429 1041 4484 εἶναι
1082 4433 1213 4487 Υίοῦ
1263 4438 1359 4490 καὶ
1407 4439 1725 4508 Πνεύματος
1758 4445 1902 4515 ἀπη-

325 4513 594 4602 γόρευσες
643 4519 739 4580 Τίς
782 4522 997 4575 καὶτὸν
1051 4524 1270 4596 Πατέρα
1323 4529 1499 4583 αἴτιον
1534 4538 1753 4602 φρονεῖν
1803 4513 1899 4589 τοῦ

327 4595 669 4699 Πνεύμῖατος,
695 4613 756 4665 ού
796 4614 871 4682 τῷ
910 4615 1054 4685 λόγῳ
1084 4595 1604 4689 τῆςύποστάσεως,
1640 4626 1776 4679 ἀλλὰ
1821 4627 1900 4699 τῷ

324 4696 470 4771 λόγῳ
500 4702 599 4772 τῆς
630 4703 846 4772 φύσεως
893 4709 1216 4775 ἐδογμάτισε
1247 4729 1264 4779 ;
1311 4715 1405 4767 καὶ
1435 4714 1595 4770 τοῦτο
1640 4719 1771 4772 αὐτὸ
1801 4696 1902 4775 οὐκ

322 4792 622 4864 ἀπένειμεν
643 4797 717 4859 ὡς
742 4797 938 4867 ίδίωμα
953 4800 1063 4854 τῶν
1092 4803 1267 4857 ἄλλων
1288 4806 1382 4859 δύο
1405 4808 1640 4878 χωρίζον
1663 4812 1902 4866 ὑποστάο

280 4924 285 4929 .
323 4903 493 4952 σεωνς
514 4888 610 4953 Τίς
630 4892 797 4945 τᾶλλα
816 4893 960 4964 ειπερ
982 4895 1144 4961 αὐτὸς
1160 4900 1490 4970 ψευδόμενος
1511 4903 1597 4972 ἐφ’
1617 4904 1774 4976 ὕϐρει
1789 4907 1900 4960 τῶν

324 4979 606 5050 Πατέρων,
634 4984 745 5037 τῶν
782 4986 1043 5057 Πατέρων
1066 4986 1206 5043 εἷναί
1228 5009 1362 5063 φησι
1392 5009 1406 5058 ;
1430 4993 1522 5046 δύο
1550 4997 1738 5050 κακῶν
1753 4998 1902 5053 οὐδέ-

319 5089 479 5143 τερον
511 5079 689 5128 ποιεῖν
717 5079 1110 5149 ἀφιστάμενος.
1142 5085 1251 5137 Καὶ
1284 5088 1393 5155 γάρ
1428 5089 1605 5140 αὐτῶν
1635 5091 1732 5143 καὶ
1757 5092 1899 5146 αὐτὰ

323 5165 687 5238 παραφθείρει
712 5169 779 5220 τά
809 5171 1034 5240 ῥήματα
1055 5174 1202 5226 ἔστιν
1229 5172 1309 5231 οῦ.
1329 5179 1435 5230 Καὶ
1459 5180 1568 5231 οὐδ’
1592 5182 1658 5233 ἂν
1678 5183 1898 5251 ἀπαρα-

319 5263 565 5327 ποιήτοις
584 5263 693 5324 τοῖς
717 5264 922 5334 ῥήμασι
940 5268 1233 5337 χρήσηται,
1252 5271 1344 5324 τὶν
1362 5274 1583 5343 γνήσεον
1599 5276 1748 5340 ὅμως
1767 5278 1894 5329 οῦκ-

318 5352 400 5405 ότι
426 5352 538 5404 τῶν
568 5355 845 5424 ρημάτωνξ
874 5359 1184 5423 ἀσπάζεται
1220 5362 1363 5419 νοῦν.
1386 5366 1520 5418 Οὐδὲ
1540 5366 1730 5436 βλέπει
1764 5368 1898 5441 πρὸς

318 5445 406 5500 τὸν
427 5449 627 5502 σκοπὸν
642 5452 779 5519 πρὸς
796 5450 854 5506 ὃν
868 5456 961 5506 καὶ
978 5456 1007 5508 ὁ
1023 5455 1133 5509 τῶν
1151 5458 1414 5527 ῥημάτων
1433 5459 1658 5531 ἀφεώρα
1680 5461 1723 5513 Π
1732 5463 1830 5534 λτὴ
1842 5480 1897 5531 ρ,

318 5541 456 5596 ἀλλὰ
497 5545 596 5614 τὴν
631 5546 892 5618 πρόθεσιν
937 5550 1030 5603 καὶ
1064 5551 1166 5621 τὴν
1196 5552 1412 5622 χρείαν,
1447 5554 1542 5606 καὶ
1572 5554 1702 5608 αὑτό
1742 5571 1806 5623 γε
1835 5555 1895 5609 τὸ

318 5634 567 5708 βούλημα
604 5640 968 5711 ὑπερηφάνως
996 5644 1094 5714 τῆς
1118 5644 1341 5715 Γραφῆς
1373 5649 1733 5718 παρατρέχων
1770 5666 1897 5719 σφο-

318 5731 459 5803 δρῶς
513 5735 806 5803 ἐπιφύεται
838 5740 903 5809 τῇ
957 5737 1124 5804 λέξει,
1160 5742 1255 5794 καὶ
1289 5741 1388 5812 τὴν
1437 5743 1596 5795 σκιάν
1644 5743 1767 5797 ἀντὶ
1800 5742 1893 5798 τοῦ

319 5823 573 5893 σώματος
627 5826 971 5897 ἀπενεγκὼν,
1036 5829 1219 5900 βιϐλία
1276 5830 1583 5887 συντάττει.
1646 5830 1790 5883 Ἴσον
1848 5831 1893 5883 δ’

322 5921 517 5988 εἰπεῖν,
568 5921 649 5975 ὅτι
688 5922 781 5977 καὶ
817 5925 881 5977 ἐκ
911 5921 1156 5993 ψάμμων
1189 5925 1399 5992 σχοινία
1432 5925 1641 5992 πλέκει,
1697 5924 1789 5980 καὶ
1816 5925 1895 5979 οἰ-

2016 3318 2112 3370 καὶ
2156 3316 2472 3386 οἰκονομίαν
2515 3315 2777 3369 τάναντία
2820 3313 3131 3384 δυναμένην
3174 3312 3274 3367 οὐκ
3312 3309 3408 3366 οἷδ’
3442 3312 3602 3376 ὅπως

2014 3409 2341 3481 ὠνόμασαν;
2381 3407 2447 3463 Ἥ
2479 3406 2524 3462 δ’
2555 3407 2693 3476 αὑτὴ
2728 3405 2908 3460 καὶτὰ
2938 3404 3464 3476 προανατεταγμένα
3497 3405 3607 3457 ἀλ-

2013 3505 2213 3557 λόκοτα
2242 3503 2510 3572 δόγματα,
2542 3499 2578 3556 ἃ
2618 3499 2708 3555 τὸν
2738 3499 2945 3554 Βέκκον
2995 3499 3251 3568 Ἰωάννην
3279 3497 3603 3566 προστάτην

2012 3596 2370 3664 ἐπλούτησεν,
2401 3594 2719 3663 ἐπισφαλῶς
2754 3593 2850 3646 καὶ
2879 3593 3002 3645 λίαν
3043 3589 3409 3651 ἐπικινδύνως
3442 3592 3601 3660 εἰσή-

2011 3708 2195 3759 νεγκε.
2222 3687 2394 3743 Τοῦτο
2431 3687 2487 3740 δὲ
2518 3686 2863 3758 τρανέστατα
2893 3688 3006 3748 τοῖς
3038 3686 3173 3738 πᾶσι
3212 3682 3597 3755 διοριζόμεθα,

2010 3784 2084 3845 ὡς
2117 3780 2173 3834 εί
2198 3798 2281 3843 τις
2338 3778 2447 3831 τῶν
2478 3776 2575 3831 νῦν
2620 3793 2678 3829 τε
2720 3776 2893 3830 ὄντων
2936 3774 3272 3843 ἀνθρώπων,
3328 3774 3426 3830 καὶ
3479 3776 3601 3829 τῶν

2012 3876 2240 3945 ὕστερον
2267 3877 2568 3946 ἐσομένων,
2594 3875 2912 3946 τολμήσειὲ
2929 3891 3059 3929 ποτε
3089 3873 3189 3942 τὴν
3216 3874 3337 3927 τότε
3371 3890 3597 3944 μνημο-

2010 3970 2534 4040 νευθείσανιπρᾶξιν
2566 3967 2749 4032 καλῶς
2786 3967 3123 4038 ἐσϐεσμένην
3154 3964 3484 4030 ἀνανεῶσαι,
3511 3968 3592 4022 τά

2008 4080 2066 4116 τε
2118 4063 2540 4134 καταργηθέντα
2586 4061 2889 4127 λυσιτελῶς
2920 4063 3024 4133 ἤδη
3063 4061 3311 4133 δόγματα
3360 4063 3452 4114 ἐπὶ
3480 4062 3597 4131 τῆς

2006 4155 2284 4224 ἡμετέρας
2323 4156 2658 4226 Ἐκκλησίας
2705 4155 3092 4225 ἀναγορεῦσαι,
3129 4155 3161 4225 ἢ
3194 4155 3370 4227 λάθρα
3405 4155 3436 4226 ἢ
3478 4173 3596 4208 και

2007 4249 2259 4322 κούργως
2291 4248 2605 4311 ὑποϐαλεῖν,
2638 4249 2668 4318 ἢ
2701 4249 2990 4316 εἰσήγησιν
3036 4246 3131 4299 τοῦ
3157 4246 3334 4301 ταῦτα
3364 4249 3598 4317 φρονεῖν

2004 4341 2038 4411 ἧ
2070 4343 2341 4405 ἐπαινεῖν,
2370 4342 2725 4407 εἰσενεγκεῖν,
2757 4338 2790 4408 ἢ
2821 4356 2869 4391 τι
2895 4336 3028 4400 ὅλως
3052 4338 3298 4407 μετιέναι
3322 4338 3461 4405 ὑπὲρ
3487 4339 3599 4407 τῆς

2004 4434 2062 4485 ἐν
2095 4434 2227 4503 ήμῖν
2267 4435 2361 4486 καὶ
2391 4432 2549 4494 αὖθις
2597 4430 2782 4485 αὐτῶν
2820 4433 3138 4503 παρρησίας
3188 4432 3338 4500 παρά
3379 4430 3598 4500 φαῦλον

2002 4529 2071 4579 τά
2104 4528 2306 4597 γνήσια
2322 4526 2423 4596 τῆς
2453 4526 2679 4596 πρώτης
2709 4523 3039 4591 Ἐκκλησίας
3054 4522 3284 4591 θέμενος
3308 4523 3594 4593 δόγματα,

1935 4595 1977 4649 D
2007 4623 2099 4674 καὶ
2128 4595 2205 4674 τά
2244 4621 2337 4673 νῦν
2368 4595 2539 4686 αύτῆς
2570 4620 2713 4672 κατὰ
2762 4617 2873 4670 τῶν
2915 4617 3087 4671 νόθων
3116 4616 3212 4670 καὶ
3259 4616 3593 4687 ἀλλοτρίων,

2004 4714 2085 4766 ἔτι
2120 4713 2183 4783 δὴ
2217 4715 2310 4766 καὶ
2339 4713 2436 4782 τῆς
2465 4712 2531 4764 δι’
2556 4714 2623 4784 ῆν
2649 4712 2823 4765 ταῦτα
2855 4711 3169 4779 οἰκονομίας
3204 4710 3300 4763 καὶ
3326 4712 3596 4781 πράξεως

2003 4805 2425 4876 παρεισεφθάρη
2453 4807 2518 4875 τῇ
2562 4804 2866 4876 Ἐκκλησία
2915 4804 3342 4873 προστάγματα.
3381 4803 3597 4860 Τοῦτον

2002 4900 2097 4952 καὶ
2146 4898 2238 4951 τὸν
2270 4898 2407 4960 ὅλως
2455 4899 2585 4960 τοὺς
2637 4897 2702 4950 ἐκ
2752 4896 2851 4966 τῆς
2884 4895 3202 4966 Ῥωμαῖκῆς
3254 4894 3596 4964 Ἐκκλησίας

2002 4996 2228 5063 ἔχοντας
2265 4994 2402 5055 τέως
2434 4991 2791 5062 ἀμεταθέτως
2826 4989 2912 5061 ἐφ’
2947 4985 3026 5052 οἷς
3061 4989 3271 5043 ἄνωθεν
3302 4990 3454 5057 ποιρά
3481 4989 3592 5057 τῆς

2012 5086 2342 5157 Ἐκκλησίας
2378 5087 2536 5155 ἡμῶν
2564 5086 2961 5155 ἐνεκλήθησαν,
2992 5082 3059 5135 δι’
3088 5082 3124 5138 ἃ
3149 5084 3244 5136 καὶ
3280 5082 3340 5135 τὸ
3372 5085 3591 5153 μεταξὺ

2001 5180 2422 5248 ἐπισυμϐἐϐηκε
2454 5178 2660 5247 σχίσμα
2691 5176 2944 5241 δέξασθαί
2984 5192 3114 5229 ποτε
3147 5175 3587 5244 συνθησόμενον,

2000 5274 2094 5327 καὶ
2122 5273 2374 5337 δέξασθαι
2401 5272 2565 5325 πλέον
2594 5273 2690 5325 καὶ
2713 5269 3081 5341 γνησιώτερον
3113 5270 3256 5339 ἥπερ
3288 5266 3591 5337 εἰώθειμεν

2002 5369 2294 5435 πρότερον,
2331 5363 2438 5434 πρὸ
2473 5364 2569 5432 τῆς
2598 5362 2989 5431 πεπλασμένης
3031 5359 3237 5430 δηλαδὴ
3263 5359 3468 5425 ταύτης
3504 5359 3593 5410 οἰ-

2000 5459 2285 5528 κονομίας,
2316 5457 2411 5510 καὶ
2442 5456 2542 5526 τῆς
2571 5455 2883 5524 άποϐλήτου
2917 5454 3008 5507 καὶ
3034 5454 3111 5522 τῷ
3141 5452 3287 5522 καλῷ
3311 5452 3590 5520 πολεμίας

1999 5554 2246 5625 εἰρήνης,
2300 5550 2491 5604 τοῦτον
2529 5554 2626 5602 σὺν
2672 5548 2752 5618 τῷ
2788 5549 3173 5616 ἀποκήρυκτον
3206 5546 3428 5627 ποιῆσιαι
3476 5546 3590 5614 τῆς

2011 5643 2366 5711 Ἐκκλησίας,
2402 5641 2634 5711 ἐκκόψαι
2670 5657 2729 5694 τε
2761 5641 2857 5695 καὶ
2891 5637 3256 5710 ἀλλοτριῶσαι
3286 5637 3386 5706 τῆς
3417 5635 3589 5705 ήμῶν

1998 5738 2105 5789 τῶν
2151 5734 2392 5787 εὐσεϐῶν
2440 5733 2861 5802 ἐπισυναγωγῆς
2895 5748 2949 5784 τε
2982 5731 3075 5783 καὶ
3119 5727 3428 5794 κοινωνίας,
3478 5724 3586 5781 καὶ

1996 5832 2074 5898 τῷ
2102 5829 2195 5883 τοῦ
2232 5827 2575 5897 ἁναθὲματος
2615 5825 2877 5895 ἐπιτιμίῳ
2908 5821 3172 5895 φρικώδει
3227 5819 3588 5874 καθυποϐάλ-

2000 5921 2184 5990 λομεν,
2223 5921 2376 5975 Ἑπεῖ
2395 5920 2527 5990 μηδέ
2556 5918 2898 5988 συγγνωστὸς
2925 5920 2981 5971 ἐν
3003 5916 3311 5988 ἀνθρώποις
3340 5916 3575 5982 ἐκεῖνος,
