3830 6368
323 339 430 404 2L3

1245 335 1573 397 GEORGII
1610 335 1865 398 CYPRH
1911 338 2024 400 CP.
2065 340 2590 402 PATRIARCH/‘E

3475 345 3579 409 ’Ξδί

327 447 555 516 Πνεῦμα
605 445 666 498 τὸ
701 443 876 512 άγιον,
908 438 1042 511 όμοῦ
1094 440 1189 508 μὲν
1225 441 1309 493 ὅτι
1358 444 1422 494 ἐκ
1477 443 1687 514 Πατρός
1733 445 1901 496 ὲκπο-
1934 453 1977 506 Α
2009 446 2179 497 εἰπὼν
2213 448 2274 499 ἐκ
2308 447 2405 501 τοῦ
2453 448 2696 515 πρώτου.
2743 449 2841 503 Διά
2888 450 3063 506 ταῦτα
3109 453 3231 508 οὑδὲ
3271 455 3525 527 συνέχεεν
3556 461 3581 512 ὀ

330 539 551 612 ρεύεται
580 536 674 591 καὶ
706 533 1011 601 ὑφέστηκεν
1052 530 1129 593 ὡς
1155 529 1213 594 ἐξ
1242 531 1417 584 αἰτίου
1445 532 1505 584 τὸ
1540 533 1760 600 Πνεῦμα
1791 530 1903 584 δια-

326 629 681 702 τρανοῦντας,
706 625 780 685 ὼς
814 626 901 677 ἀεὶ
923 623 1015 676 τὸν
1039 622 1241 693 τρόπον
1272 623 1369 691 τῆς
1400 624 1464 676 ὲκ
1492 625 1704 695 Πατρδς
1732 623 1906 705 ὑπάρ.

328 724 463 791 ξεως
508 720 604 775 τοῦ
640 717 956 788 Πνεύματος
983 718 1082 786 τῆς
1123 715 1215 769 τοῦ
1246 716 1647 787 ἐκπορεύεσθαι
1704 734 1907 786 σημαι-

326 814 526 881 νούσης
550 814 759 883 φωνῆς,
803 810 938 882 ὁμοῦ
978 811 1034 863 δὲ
1064 811 1148 862 ὅτι
1180 810 1274 863 καὶ
1303 809 1370 862 δι’
1406 809 1532 862 Υἰοῦ
1588 810 1904 878 ἐκφαίνεται

329 909 421 962 καὶ
449 888 777 976 φανεροῦται
812 904 874 957 τὸ
917 902 1083 956 αὑτοῦ
1114 903 1179 955 ἐκ
1229 902 1442 971 Πατρός
1472 903 1905 973 ἐκπορευόμενον

328 1001 738 1073 παριστῶντας,
791 1000 839 1052 εἰ
888 1000 983 1052 καὶ
1024 997 1098 1068 μὴ
1128 999 1186 1049 τό
1217 997 1316 1066 τῆς
1355 997 1721 1065 φανερώσεως
1768 1001 1905 1069 όμοῦ

331 1092 565 1147 ἐνταῦθα
595 1092 917 1162 πρόσκειται
943 1090 1116 1160 ῥῆμα,
1149 1089 1245 1165 τῂν
1272 1089 1455 1158 χώραν
1483 1092 1907 1161 πεςτληρωκότος

329 1185 423 1239 106
451 1187 659 1257 τρόπου
704 1183 799 1237 τοῦ
836 1181 1132 1251 δηλωτικοῦ
1170 1183 1267 1250 τῆς
1317 1183 1628 1252 ὑπάρξεως.
1658 1185 1767 1236 Καὶ
1802 1186 1909 1255 γάρ

268 1334 277 1339 ς
332 1276 521 1346 ὥσπερ
548 1278 604 1329 ἐν
639 1275 848 1346 ἑτέροις
898 1273 1203 1342 ἐκλάμπειν
1248 1272 1497 1337 λέγοντες
1529 1274 1623 1326 κα)⁸
1660 1276 1910 1343 προϊέναι

331 1373 395 1423 ἐκ
426 1368 637 1438 Πατρδς
668 1369 728 1419 τὸ
757 1365 983 1434 Πνεῦμα
1014 1364 1076 1417 τὸ
1110 1364 1263 1432 ἅγιον
1295 1363 1364 1416 δι’
1393 1364 1549 1428 Υἰοῦ,
1579 1365 1773 1435 δηλοῦν
1810 1367 1910 1437 μὲν

332 1464 592 1532 ἐθέλομεν
642 1460 1093 1531 ὁμολογουμένως
1125 1457 1222 1530 τὴν
1254 1458 1348 1512 τοῦ
1385 1459 1703 1529 Πνεύματος
1750 1465 1911 1530 φανέ-

337 1574 505 1629 ρωσιν
528 1555 596 1609 δι’
628 1553 782 1609 Υἰοῦ.
834 1553 891 1609 '0
921 1552 1043 1616 νοῦς
1071 1553 1125 1606 δὲ
1153 1553 1301 1623 ὅμως
1325 1555 1405 1614 είς
1434 1553 1533 1624 τὴν
1557 1553 1755 1624 εὐσεϐῆ
1788 1554 1911 1607 άνα-

336 1650 637 1720 φτρόμενος
686 1647 911 1710 ἔννοιαν,
946 1648 1251 1698 συνεπινοεῖ
1280 1647 1344 1698 ἐκ
1387 1644 1603 1717 Πατρός
1642 1645 1786 1716 ἔχειν
1812 1646 1912 1716 τὴν

338 1742 575 1811 ὓπαρξιν
609 1739 701 1793 καὶ⁸
736 1739 835 1808 τὴν
866 1737 1047 1791 αἰτίαν
1079 1737 1260 1789 πᾶσαν
1288 1737 1382 1789 τοῦ
1411 1733 1573 1801 εἶναι,
1600 1737 1659 1790 τὸ
1687 1736 1756 1792 δι’
1786 1738 1910 1791 Υἰοῦ

2006 540 2149 602 νοῦς,
2179 541 2301 594 οὑδέ
2335 558 2387 594 τι
2414 542 2523 594 τῶν
2561 544 2634 615 μὴ
2680 545 3074 614 προσηκόντων
3115 549 3326 618 ἐνόησε,
3379 552 3584 623 καίπερ

2006 632 2083 700 τῷ
2120 634 2327 705 σφόδρα
2373 638 2860 707 συνεσπειραμένῳ
2896 639 2991 705 τῆς
3034 638 3357 709 ὲξαγγελίας
3410 659 3586 698 στενο-

2007 726 2377 795 χωρούμενος,
2427 728 2662 796 μάλιστα
2701 729 2756 782 δὲ
2803 730 2896 784 καὶ
2927 730 3229 800 ἐϐράϐευσε
3273 734 3459 799 καλῶς
3495 736 3586 789 καὶ

2007 818 2263 887 διέκρινε.
2311 819 2421 873 Καὶ
2448 817 2528 883 οἷς
2579 821 2642 873 ὲκ
2698 821 2792 874 τοῦ
2831 821 3046 892 πρώτου
3079 824 3169 877 τὸν
3216 826 3343 879 Υἱὸν
3386 829 3585 901 ἢκουσε

2007 912 2102 962 καὶ
2137 912 2196 962 τδ
2229 912 2479 982 Πνεῦμα,
2512 912 2585 975 ώς
2617 913 2677 978 ἐξ
2725 914 2905 976 αἰτίας
2936 917 3145 982 ἐνόησε,
3184 917 3280 971 καὶ
3325 921 3467 988 μετὰ
3490 920 3584 973 τοῦ

2008 1006 2213 1072 τρόπου
2265 1004 2363 1072 τῆς
2410 1006 2547 1068 ἰδίας
2593 1008 2883 1076 ὑπάρξεως
2932 1008 3212 1078 ἑκάτερον.
3253 1006 3349 1073 Οἷς
3399 1012 3457 1065 δὲ
3501 1013 3585 1065 διὰ

2008 1095 2101 1148 τοῦ
2137 1094 2268 1149 Υίοῦ
2296 1097 2357 1150 τὸ
2389 1097 2636 1167 Πνεῦμα,
2677 1101 2756 1163 είς
2786 1099 2883 1170 τὴν
2928 1100 3191 1169 ἔκφανσιν
3240 1105 3459 1157 ἀπεῖδεν
3494 1106 3588 1157 αὑ-

2009 1192 2155 1252 τίκα,
2184 1192 2281 1243 καὶ
2307 1192 2407 1261 τὴν
2453 1192 2723 1262 ἔκλαμψιν
2752 1195 2848 1247 καὶ
2894 1195 3224 1265 φανέρωσιν,
3268 1199 3364 1250 καὶ
3395 1198 3496 1250 ὅσα
3521 1214 3584 1265 γε

2010 1282 2211 1351 ὁμοίως
2260 1283 2330 1335 δι’
2362 1284 2493 1337 Υἰοῦ
2547 1285 2606 1337 τὸ
2639 1285 2859 1354 Πνεῦμα
2891 1287 3113 1355 λέγεται
3170 1291 3322 1358 παρά
3361 1305 3421 1340 τε
3472 1293 3586 1351 τοῖς

2012 1371 2195 1436 ἄλλοις
2227 1374 2521 1443 θεολόγοις.
2560 1378 2657 1429 καὶ
2683 1376 3014 1447 τερ-Νύσσης
3040 1378 3208 1449 αὑτῷ.
3252 1379 3339 1441 Ὠς
3374 1375 3466 1432 οὖν
3498 1381 3587 1431 ἐν.

2011 1467 2188 1520 ταῦθα
2223 1468 2320 1537 τῆς
2373 1458 2656 1529 εὑσεϐείας
2691 1471 2723 1538 η
2773 1469 3003 1540 δύναμις
3053 1472 3349 1542 διακρίνειν
3377 1472 3585 1538 δεδωσι,

2014 1566 2105 1617 κατ.
2137 1565 2199 1617 οὑ
2242 1566 2515 1632 συγχωρεῖ
2572 1565 2764 1634 πόρρω
2812 1566 3080 1635 φέρεσθαι
3112 1567 3208 1634 τῆς
3271 1565 3584 1635 ὀρθότητος,

2014 1655 2117 1710 κᾶν
2149 1656 2320 1726 μυρία
2363 1658 2768 1725 στενοχωρῆται
2805 1659 2921 1720 ταῖς
2955 1658 3187 1723 λέξεσιν,
3223 1657 3366 1712 οὕτω
3395 1658 3489 1713 καὶ
3519 1659 3587 1713 τά

2016 1751 2144 1816 περὶ
2192 1752 2292 1816 τὴν
2328 1749 2488 1817 ῥῆσιν
2527 1748 2677 1815 ἄξιον
2712 1748 3051 1816 καταστῆναι
3082 1751 3176 1820 τὴν
3202 1749 3494 1817 λέγουσαν,
3526 1752 3589 1802 ἐκ

336 1834 619 1903 ἐκλάμπον
649 1848 710 1884 τε
756 1832 849 1884 καὶ
881 1830 1288 1899 φανερούμενον
1334 1830 1577 1901 Πνεῦμα,
1611 1832 1659 1883 εἰ
1706 1832 1799 1884 καὶ
1836 1831 1911 1899 μὴ
1947 1856 1986 1909 Β
2020 1841 2225 1912 [Im-pb;
2250 1839 2317 1893 δι’
2353 1840 2477 1893 γεοῦ
2512 1843 2572 1894 τὸ
2616 1841 2843 1911 Πνεῦμα
2895 1844 2954 1894 τδ
2998 1842 3149 1910 ἅγιον
3203 1843 3586 1914 ἐκπορεύεται.

340 1927 653 1998 σημαντικὴ
679 1924 773 1979 τοῦ
800 1926 898 1994 τῆς
922 1922 1211 1994 ὑπάρξεως
1239 1925 1441 1993 τρόπου
1471 1926 1505 1993 ὴ
1535 1925 1629 1977 τοῦ
1668 1926 1916 1994 προϊέναι

338 2023 371 2094 ἢ
408 2021 712 2090 ἐκλάμπειν
745 2018 863 2071 ἐστί
893 2019 1069 2087 φωνή.
1107 2016 1267 2070 Οὑτω
1292 2017 1355 2088 δὴ
1397 2020 1491 2070 καὶ
1521 2017 1916 2086 ἐκπορεύεσθαι

337 2114 406 2169 δι’
437 2112 565 2167 Υἰοῦ
594 2110 655 2164 τὸ
685 2109 914 2178 Πνεῦμα
960 2109 1019 2161 τὸ
1047 2107 1204 2175 ἅγιον
1238 2108 1508 2176 λέγοντες,
1556 2108 1655 2177 τὴν
1692 2108 1790 2178 μὲν
1827 2108 1917 2160 δύ-

338 2223 504 2278 ναμιν
535 2208 632 2274 τῆς
657 2206 750 2260 τοῦ
782 2203 1178 2274 ἐκπορεύεσθαι
1220 2203 1498 2273 σημασίας
1540 2201 1617 2272 τῷ
1655 2201 1801 2273 μόνῳ
1835 2203 1919 2256 alo

338 2303 440 2372 τίῳ
487 2300 663 2370 Πατρί
719 2298 1203 2369 προσαρμόζομεν,
1254 2296 1350 2351 καὶ
1399 2295 1460 2348 τὸ
1511 2297 1918 2365 σημαινόμενον

340 2394 624 2449 κάνταῦθα
663 2392 839 2465 ὀρθῶς
874 2391 1251 2463 συντηροῦμεν
1276 2390 1375 2459 τῆς
1406 2389 1605 2453 λέξεως
1648 2388 1789 2441 κατὰ
1821 2391 1919 2457 τὴν

342 2488 437 2542 τοῦ
490 2488 741 2557 Σωτῆρος
777 2487 1082 2555 θεολογίαν,
1115 2487 1217 2539 οὑκ
1264 2486 1357 2538 ἐπὶ
1399 2483 1652 2556 κοινωνίᾳ
1680 2485 1736 2536 δέ
1769 2485 1919 2553 ὅμως

341 2584 441 2651 τῆς
471 2583 759 2651 ὑπάρξεως
794 2583 861 2651 τῇ
892 2581 960 2633 δι’
992 2578 1126 2632 Υἰοῦ
1172 2582 1327 2649 φωνῇ
1378 2577 1773 2649 ἀποχρώμεθα,
1804 2577 1919 2633 ἀλλ’

345 2675 451 2727 ὑπὸ
480 2676 578 2744 τῆς
607 2673 796 2742 ὑγιοῦς
841 2674 950 2726 τῶν
979 2674 1236 2743 Πατέρων
1269 2673 1628 2743 ὁδηγούμενοι
1664 2671 1923 2725 διδασκα-

342 2767 462 2832 λίας
494 2768 660 2832 ὑγιῶς
691 2767 810 2837 ἅμα
836 2765 981 2819 τοῦτ’
1012 2766 1146 2820 αὑτὸ
1170 2765 1593 2836 συνεπινοοῦμεν
1623 2765 1715 2818 καὶ
1742 2767 1923 2835 άσφα-

344 2858 476 2927 λῶς,
515 2860 653 2930 ὅπερ
698 2860 929 2921 ἐκείνοις
960 2860 1147 2924 αὑτοῖς
1191 2860 1250 2912 ὲν
1294 2860 1505 2928 ἑτέροις
1536 2859 1878 2930 τετράνωται
1904 2873 1919 2891 ·

346 2955 430 3008 ὅτι
456 2953 518 3007 τὸ
548 2956 611 3007 ἐκ
641 2954 855 3022 Πατρός
882 2933 1319 3023 ἐκπορευόμενον
1345 2952 1573 3023 Πνεῦμα
1604 2952 1922 3021 ἐκφαίνεται

346 3048 442 3102 καὶ
485 3047 554 3100 δί’
592 3044 724 3099 Υἰοῦ
775 3045 872 3098 καὶ
927 3044 1281 3115 φανεροῦται,
1335 3045 1430 3097 καὶ
1473 3045 1775 3116 ἐκλάμπει,
1829 3045 1926 3097 καὶ

350 3143 592 3215 πρόεισι.
628 3142 738 3194 Καί
781 3157 845 3208 γε
873 3139 1021 3193 τοῦτ’
1045 3139 1177 3193 αὑτὸ
1222 3140 1621 3210 ἐναργέστερον
1660 3138 1927 3208 κατανοή-

2019 1933 2113 1985 καὶ
2148 1932 2222 2002 μὴ
2271 1932 2349 2002 τῷ
2378 1935 2477 2002 τῆς
2507 1935 2801 2003 ἑρμηνείας
2835 1938 3297 2007 συνεστραμμένῳ
3344 1940 3426 1999 εἰς
3460 1936 3591 2006 σύγ-

2017 2042 2177 2094 χυσιν
2230 2028 2522 2079 ἐκπίπτειν
2576 2026 2879 2096 βιάζεσθαι.
2942 2029 3328 2100 Ἐκπορεύεται
3386 2031 3494 2100 γάρ
3528 2031 3591 2083 ἐκ

2017 2116 2113 2170 τοῦ
2151 2117 2364 2188 Πατρὸς
2399 2118 2459 2171 τὸ
2512 2119 2759 2188 Πνεῦμα,
2806 2122 3015 2174 ἐκεῖθεν
3060 2122 3180 2192 ἔχον
3215 2122 3313 2193 τὴν
3356 2122 3591 2194 ὓπαρξιν

2020 2210 2114 2261 καὶ
2144 2212 2323 2263 αἰτίαν
2355 2210 2450 2264 τοῦ
2499 2205 2662 2265 εἶναι.
2693 2212 2791 2267 Διὰ
2817 2214 2873 2267 δὲ
2916 2214 3009 2267 τοῦ
3040 2215 3192 2281 Υἰοῦ,
3227 2215 3279 2267 τί
3325 2215 3377 2285 γ’
3403 2216 3593 2286 ἕτερον

2020 2301 2299 2354 κάνταῦθα
2332 2304 2565 2374 νοήσεις,
2594 2304 2626 2375 ἢ
2664 2305 2738 2369 ώς
2781 2307 2912 2362 αὑτὸ
2942 2308 3028 2361 διὰ
3048 2308 3153 2361 τοῦ
3184 2310 3470 2379 προσεχῶς
3509 2311 3596 2364 ἐν-

2022 2392 2305 2463 νενόηκας,
2356 2396 2450 2448 ὑπ’
2496 2397 2635 2468 αὑτῇ
2671 2415 2732 2467 γε
2775 2398 3082 2471 διδασκάλῳ
3114 2404 3178 2472 τῇ
3216 2403 3467 2474 ἀληθείᾳ,
3499 2403 3596 2456 καὶ

2021 2479 2097 2548 τῷ
2124 2483 2171 2534 Ν
2179 2483 2347 2552 ύσσης
2385 2487 2935 2557 χειραγωγούμενοςς
2967 2492 3286 2562 ἐννενόηκας
3319 2494 3373 2546 δὲ
3397 2494 3598 2562 δήπου,

2023 2575 2122 2646 οὐχ
2154 2577 2230 2640 ώς
2264 2576 2501 2648 ὓπαρξιν
2527 2581 2619 2633 καὶ
2650 2582 2711 2634 τὸ
2738 2579 2874 2635 εἶναι
2904 2584 2991 2637 διά
3017 2584 3112 2638 τοῦ
3142 2585 3272 2639 Υἰοῦ
3302 2587 3396 2640 τοῦ
3425 2589 3599 2641 Πνεύ-

2027 2686 2198 2739 ματος
2252 2670 2491 2742 ἔχοντος,
2538 2674 2614 2735 ώς
2666 2675 2713 2729 δ’
2748 2675 3122 2747 ἐκλάμποντος
3155 2678 3225 2733 δι’
3274 2681 3439 2734 αὑτοῦ
3500 2683 3604 2735 καὶ

2025 2765 2354 2836 πεφηνότος,
2389 2767 2536 2837 μόνῳ
2564 2767 2789 2831 δικαίως
2816 2771 2876 2822 ἐκ
2897 2770 3106 2825 τούτων
3132 2771 3230 2844 τὴν
3256 2774 3438 2828 αἰτίαν
3471 2774 3606 2827 άνα-

2024 2860 2309 2930 τιθέμενος
2337 2860 2416 2930 τῷ
2453 2862 2650 2932 Πατρί.
2678 2865 2839 2932 Φέρει
2880 2865 3065 2933 μέντοι
3096 2866 3284 2935 σαφῶς
3309 2868 3389 2929 εἰς
3419 2867 3603 2934 τοῦτο,

2027 2953 2123 3007 καί
2148 2954 2284 3022 ὅπερ
2313 2953 2476 3016 αὑτὸς
2500 2952 2655 3016 οὗτος
2678 2957 2706 3008 ό
2730 2954 2952 3026 Νύσσης
2984 2957 3287 3027 Γρηγόριος
3315 2960 3375 3010 ἐν
3395 2959 3609 3026 ἑτέροις

2027 3045 2218 3114 φησίν.
2251 3045 2365 3099 Οὐκ
2395 3046 2609 3117 ἀνάγκη
2640 3048 2790 3099 πᾶσα
2823 3051 2888 3119 τῇ
2916 3049 3083 3102 εἰκόνι
3107 3048 3458 3113 δουλεύοντας
3484 3050 3612 3103 δοῦ-

2031 3154 2116 3189 ναι
2141 3141 2255 3200 τοῖς
2283 3138 2653 3207 συκοφάνταις
2682 3139 2855 3210 λαϐὴν
2885 3143 2943 3193 ὲν
2982 3144 3049 3212 τῇ
3081 3140 3178 3194 τοῦ
3202 3140 3613 3209 ὑποδείγματος

351 3211 488 3297 σεις,
537 3235 615 3304 τῷ
657 3234 881 3303 μεγάλῳ
912 3233 1163 3303 φωστῆρι
1212 3232 1502 3303 Γρηγορίῳ
1547 3232 1626 3301 τῷ
1670 3232 1781 3285 τῶν
1812 3231 1924 3283 Νυ-
1956 3211 1998 3274 ε
2029 3228 2240 3298 άτονίᾳ.
2267 3229 2401 3299 Οὐχὶ
2436 3232 2632 3283 ἀκτῖνα
2659 3231 2724 3283 ἐκ
2750 3231 2844 3282 τοῦ
2877 3211 3033 3300 ἡλίου
3075 3232 3363 3302 νοήσομεν,
3407 3231 3523 3284 ἀλλ’
3547 3231 3616 3297 ἐξ

352 3328 532 3379 σαέων
551 3328 773 3397 ποιμένι
802 3326 1118 3395 προσσχών.
1146 3323 1253 3378 Τοῦ
1275 3324 1332 3391 ἐξ
1360 3324 1539 3386 αἰτίας
1562 3324 1736 3388 δντος,
1760 3324 1928 3392 φησὶν

353 3422 580 3483 ἐκεῖνος,
635 3418 801 3489 ἄλλην
852 3418 1122 3488 διαφοράν
1171 3416 1483 3486 ἐννοοῦμεν.
1540 3416 1613 3468 Τὸ
1664 3414 1764 3485 μὲν
1821 3416 1928 3484 γὰρ

296 3517 303 3523 ’
353 3512 637 3584 προσεχῶς
667 3514 734 3566 ἐκ
768 3508 866 3566 τοῦ
907 3510 1128 3581 πρώτου
1159 3511 1445 3581 προσεχώς
1478 3512 1541 3562 ἐκ
1585 3509 1681 3562 τοῦ
1714 3509 1930 3577 Πατρός

351 3592 443 3659 τόν
470 3605 597 3657 Υἰόν
626 3622 793 3675 φησιν
823 3601 986 3657 εἶναι.
1040 3603 1264 3666 Πάντως
1295 3601 1594 3672 γεννητῶς,
1642 3603 1801 3670 φησι,
1840 3617 1930 3653 νον

352 3700 586 3770 ουμένου
615 3698 713 3753 καὶ
752 3697 846 3752 τοῦ
880 3699 979 3766 τῆς
1011 3696 1297 3766 ὑπάρξεως
1333 3695 1452 3765 ἅμα
1488 3695 1718 3765 τρόπον,
1745 3697 1795 3747 εἰ
1835 3694 1931 3747 καὶ

357 3793 434 3866 μὴ
454 3791 751 3864 διαρρήδην
769 3792 892 3851 ταῖς
917 3789 1098 3856 λέξεσι
1122 3789 1472 3860 πρόσκειται.
1498 3788 1571 3840 Τὸ
1592 3787 1647 3841 ὑὲ
1681 3786 1928 3857 Πνεῦμα,

354 3887 450 3939 καὶ
484 3886 619 3939 αὑτὸ
668 3886 731 3936 ἐκ
759 3883 855 3936 τοῦ
911 3884 1155 3951 πρώτου,
1210 3882 1400 3950 φησίν.
1449 3881 1831 3949 Ἐκπορευτῶς
1873 3881 1931 3935 δέ

354 3982 579 4042 πάντως
599 3978 692 4030 καὶ
721 3975 880 4030 τοῦτό
916 3992 1101 4045 φησιν,
1135 3973 1208 4038 ώς
1235 3974 1328 4028 τὸν
1355 3974 1454 4043 τῆς
1483 3973 1774 4043 ὑπάρξεως
1800 3974 1932 4026 κάν-

354 4071 533 4127 ταῦθα
560 4070 803 4125 νοεῖσθαι
851 4069 1073 4138 τρόπον,
1108 4068 1204 4121 καὶ
1252 4067 1327 4138 μὴ
1357 4069 1423 4136 τῇ
1462 4065 1606 4132 λέξει
1667 4065 1932 4137 προσκεί-

359 4180 540 4233 μενον.
582 4164 744 4217 Ἀλλὰ
774 4164 871 4216 καὶ
900 4162 988 4215 διὰ
1021 4161 1114 4214 106
1143 4162 1426 4230 προσεχῶς
1458 4162 1522 4212 ἐκ
1546 4158 1640 4213 τοῦ
1682 4157 1934 4225 Πνεύμα-

353 4274 447 4321 τος
480 4274 618 4327 φησι
649 4258 710 4311 τὸ
757 4257 1007 4326 Πνεῦμα.
1051 4256 1116 4309 Τί
1145 4272 1251 4319 σοι,
1284 4255 1421 4323 πρὸς
1446 4250 1605 4318 Θεοῦ,
1653 4252 1932 4306 κάνταῦθα

355 4353 540 4405 δίδωσι
567 4354 707 4404 νοεῖν
736 4351 798 4404 τδ
824 4351 913 4404 διὰ
950 4351 1044 4403 τοῦ
1097 4348 1416 4419 προσεχῶςς
1451 4348 1543 4417 Μὴ
1586 4349 1669 4401 δτι
1700 4347 1934 4417 ὑφίστα-

355 4464 451 4500 ται
481 4447 577 4500 καὶ
608 4445 720 4518 ἔχει
747 4445 810 4498 τὸ
840 4441 981 4498 εἶναι
1008 4445 1070 4497 τὸ
1102 4443 1328 4514 Πνεῦμα
1358 4442 1450 4496 διὰ
1471 4441 1566 4495 τοῦ
1600 4440 1737 4495 Υίοῦ
1766 4460 1779 4508 ;
1820 4443 1934 4496 Ούκ

359 4542 502 4610 ἐρεῖς
550 4537 766 4603 οὑτωςο
828 4536 945 4591 ἀλλ’
997 4536 1080 4590 δτι
1135 4535 1433 4605 ἐκλάμπει,
1492 4529 1636 4608 ᾗπερ
1694 4533 2010 4618 άλλαχοῦι)

359 4634 523 4702 φησιν
558 4632 744 4696 αὑτὸς,
784 4631 880 4685 καί
920 4628 1253 4701 φανεροῦται
1282 4629 1377 4682 καὶ
1405 4630 1643 4698 πρόεισι.

431 4725 578 4800 Πλὴν
610 4726 767 4796 ἄθρει
815 4725 881 4797 δὴ
909 4725 985 4788 ώς
1016 4724 1153 4794 τῷδε
1200 4724 1278 4794 τῷ
1319 4723 1560 4791 θεολόγῳ
1602 4723 1697 4776 ἐπ)⁹
1729 4723 1931 4789 πάσαις

357 4818 580 4880 ταύταις
608 4820 730 4880 ταῖς
781 4817 1018 4880 ἐννοίαις
1057 4814 1231 4879 οὕτως
1279 4813 1468 4877 οὑσαις
1507 4815 1786 4886 διαφόροις
1836 4817 1934 4887 μία

357 4932 443 4978 τις
472 4914 710 4984 ἀπεδόθη
742 4912 1016 4982 θεολογία,
1061 4910 1158 4965 καὶ
1184 4910 1243 4963 οὑ
1266 4896 1427 4981 ’παρὰ
1453 4911 1611 4963 τοῦτο
1635 4913 1669 4981 ὴ
1704 4911 1933 4982 εὐσεϐὴς

358 5008 569 5061 διάνοια
618 5004 952 5060 διαστέλλειν
1003 5004 1336 5066 κεκώλυται,
1367 5003 1561 5075 δτιπερ
1589 5004 1843 5074 διάφορον
1871 5004 1933 5058 δν

357 5100 660 5172 διακρίνειν
712 5098 854 5163 δέον,
886 5098 1039 5169 ὅμως
1089 5095 1326 5165 συνῆψεν
1362 5098 1392 5150 ό
1429 5095 1610 5164 λόγος,
1641 5099 1732 5149 καὶ
1770 5098 1849 5161 εἰς
1876 5096 1934 5151 ἐν

357 5195 415 5245 ὲν
437 5195 504 5264 τῇ
534 5190 830 5261 ὲξαγγελίᾳ
880 5191 1214 5260 συνήγαγεν.
1247 5187 1368 5242 Οἵδε
1399 5187 1507 5259 γὰρ
1544 5190 1572 5242 ὁ
1622 5189 1935 5258 θεολογικδς

357 5287 484 5351 νοῦς
510 5286 603 5339 τὸν
631 5284 766 5338 Υἰὺν
816 5286 878 5339 ἐκ
905 5284 1002 5338 τοῦ
1052 5285 1267 5356 Πατρός
1309 5284 1666 5355 γεννηθέντα,
1712 5283 1808 5339 καὶ
1835 5285 1934 5353 τὴν

358 5380 593 5450 ὓπαρξιν
623 5379 915 5451 ἐσχηκότα.
949 5381 1057 5433 Καὶ
1081 5379 1266 5443 καλῶς
1298 5379 1514 5451 εἴρηκε,
1559 5379 1841 5450 προσεχῶς
1872 5379 1935 5431 ἐκ

356 5471 451 5527 τοῦ
486 5471 726 5540 πρώτου.
757 5467 880 5527 Οἶδε
914 5473 1010 5526 καὶ
1059 5475 1119 5526 τὸ
1147 5464 1369 5543 Πνεῦμα
1409 5474 1473 5525 ἐκ
1503 5472 1597 5525 τοῦ
1628 5471 1794 5525 αὑτοῦ
1822 5473 1935 5525 Πα-

357 5566 485 5636 τρὸς
509 5565 964 5636 ἐκπορευόμενον,
996 5565 1090 5618 καὶ
1114 5567 1211 5637 τὴν
1234 5564 1472 5635 ὑπαρξιν
1496 5565 1750 5633 ἐσχηκός.
1779 5560 1934 5617 Οἶδεν

358 5657 480 5725 ἃμα
510 5654 656 5709 τοῦτ’
686 5656 818 5708 αὑτό
850 5658 945 5710 καὶ
986 5657 1073 5710 διὰ
1102 5655 1193 5709 τοῦ
1228 5655 1380 5721 Υἰοῦ,
1419 5653 1533 5708 ἀλλ’
1565 5656 1664 5725 οὐχ
1695 5655 1771 5718 ὡς
1807 5654 1934 5723 ὑφι·

360 5746 631 5814 στάμενον
660 5744 756 5796 καὶ
792 5743 1026 5816 ὓπαρξιν
1054 5746 1174 5817 ἔχον
1204 5747 1290 5799 διὰ
1314 5745 1406 5798 τοῦ
1437 5745 1589 5810 Υἰοῦ,
1613 5745 1661 5799 εἰ
1689 5747 1782 5798 καί
1810 5762 1936 5797 συν-

359 5836 616 5908 ημμένην
643 5836 786 5891 οῦτω
805 5836 901 5908 τὴν
929 5838 1088 5911 ῥῆσιν
1116 5841 1387 5910 ἐπήγαγε,
1406 5839 1497 5891 διὰ
1522 5841 1613 5894 τοῦ
1647 5837 1935 5909 προσεχῶς

2030 3320 2325 3393 ἁγεννήτου
2356 3321 2508 3392 ἡλίου
2537 3323 2698 3376 ἄλλον
2722 3322 2873 3393 ἣλιον
2917 3324 3007 3378 τὸν
3031 3324 3183 3388 Υίὸν,
3217 3326 3365 3393 ὅμως
3407 3327 3473 3396 τῇ
3508 3326 3612 3379 τοῦ

2031 3412 2252 3483 πρώτου
2305 3414 2542 3485 ἐπινοίᾳ,
2601 3415 2876 3486 γεννητῶς
2918 3416 3069 3487 αὑτῷ
3122 3418 3612 3487 συνεκλάμποντα,

2032 3510 2126 3560 καὶ
2158 3507 2302 3561 κατὰ
2334 3508 2515 3563 πάντα
2552 3509 2816 3573 ὡσαύτως
2864 3509 3081 3579 ἔχοντα,
3112 3510 3320 3575 κάλλει,
3352 3512 3614 3581 δυνάμει,

2030 3598 2354 3669 λαμπηδόνι,
2404 3599 2647 3669 μεγέθει,
2713 3601 3053 3673 φαιδρότητι,
3082 3604 3177 3656 καὶ
3213 3606 3378 3659 πᾶσιν
3422 3606 3619 3669 ἁπλῶς

2031 3695 2145 3756 τοῖς
2174 3695 2303 3763 περί
2333 3694 2425 3748 τὸν
2456 3694 2610 3765 ἥλιον
2639 3696 3060 3766 θεωρουμένοις.
3090 3700 3200 3753 Καὶ
3230 3701 3392 3755 πάλιν
3422 3701 3620 3771 ἕτερον

2032 3782 2274 3838 τοιοῦτον
2303 3784 2420 3853 φῶς
2457 3785 2520 3837 τὸ
2546 3786 2773 3857 Πνεῦμα
2803 3789 2946 3843 κατὰ
2970 3789 3063 3842 τδν
3090 3791 3252 3845 αὑτὸν
3276 3792 3500 3860 τρόπον,
3546 3796 3617 3846 οὑ

2033 3877 2271 3947 χρονικῷ
2291 3894 2402 3931 τινι
2430 3878 2765 3949 διαστήματι
2788 3881 2883 3933 τοῦ
2915 3883 3176 3952 γεννητοῦ
3207 3886 3387 3952 φωτὸς
3414 3887 3620 3938 ἀποτε-

2037 3968 2328 4038 μνόμενον,
2357 3970 2494 4023 ἀλλά
2535 3970 2602 4024 δι’
2630 3971 2795 4025 αὑτοῦ
2829 3972 2928 4043 μὲν
2960 3974 3261 4047 ἐκλάμπον,
3290 3977 3389 4047 τὴν
3416 3978 3472 4030 δὲ
3510 3980 3623 4049 τῆς

2037 4052 2390 4124 ὑποστάσεῶς
2417 4063 2600 4115 αἰτίαν
2620 4063 2744 4134 ἕχον
2777 4065 2841 4119 ἐκ
2874 4064 2967 4119 τοῦ
3006 4070 3368 4138 πρωτοτύπου
3409 4072 3618 4138 φωτός.

2037 4151 2189 4204 Ὥστ⁹
2221 4154 2378 4222 εἰπερ
2408 4154 2528 4207 λίαν
2555 4156 2842 4228 πατρικῶς
2865 4157 3038 4212 ταῦτα
3081 4164 3176 4214 καὶ
3206 4162 3444 4224 εὐσεϐῶς
3472 4165 3620 4232 ἔχει,

2037 4247 2131 4300 καὶ
2163 4246 2272 4318 γὰρ
2297 4247 2514 4317 άληθῶς
2537 4248 2669 4320 ἔχει,
2704 4251 2764 4302 τὸ
2791 4250 2848 4303 δέ
2892 4267 2956 4319 γε
2984 4250 3052 4304 δι’
3085 4252 3215 4305 Υἰοῦ
3256 4255 3620 4324 ἀνομολογεῖ)

2037 4338 2273 4412 ὕπαρξιν
2304 4340 2449 4412 ἔχειν
2486 4341 2546 4394 τὸ
2572 4342 2801 4412 Πνεῦμα
2829 4345 2889 4397 τὸ
2921 4344 3095 4412 ἆγιον,
3136 4345 3619 4416 βλασφημοῦντες,

2037 4435 2131 4488 καὶ
2158 4438 2335 4506 πάντη
2365 4435 2465 4505 τῆς
2500 4435 2758 4499 εὐσεϐοῦς
2805 4436 3133 4507 Ἐκκλησίας
3165 4439 3471 4510 ἀλλότριον,
3502 4441 3618 4493 ποῦ

2037 4528 2246 4582 δίκαιον
2282 4528 2352 4582 δι’
2411 4527 2543 4581 Υἰοῦ
2597 4527 2996 4601 ἐκπορεύεσθαι
3045 4530 3108 4583 τὸ
3162 4530 3410 4601 Πνεῦμα,
3460 4534 3626 4603 παρά

2037 4639 2149 4676 τισι
2198 4622 2308 4676 τῶν
2364 4623 2536 4692 ἁγίων
2590 4624 2883 4692 εἰρημένον
2931 4623 3251 4691 ἀκούοντας,
3304 4626 3378 4696 μὴ
3433 4641 3628 4697 παρα-

2035 4715 2227 4785 χρῆμα
2283 4714 2625 4782 λογίζεσθαι,
2652 4715 2751 4783 οὑχ
2805 4713 2881 4777 ῶς
2931 4713 3170 4784 ὕπαρξιν
3202 4718 3252 4768 οἰ
3298 4717 3396 4786 τῆς
3426 4716 3630 4785 φωνῆς

2034 4809 2241 4878 ταύτης
2270 4809 2514 4880 Πατέρες
2539 4809 2628 4862 διά
2657 4808 2751 4862 τοῦ
2778 4808 2908 4862 Υἰοῦ
2937 4807 3016 4880 τῷ
3044 4808 3185 4878 ἁγίῳ
3210 4809 3415 4862 διδόασι
3444 4808 3637 4863 Πνεῦ-

2040 4921 2195 4975 ματι,
2231 4903 2337 4957 κᾶν
2366 4904 2449 4957 δτι
2501 4903 2734 4974 μάλιστα
2761 4904 2841 4967 εἰς
2887 4903 3178 4975 ὑπάρξεως
3215 4904 3416 4976 τρόπον
3447 4905 3480 4975 ἡ
3518 4906 3631 4958 ἐκ-

2037 4997 2301 5068 πόρευσις
2356 4994 2657 5065 εἴληπταις
2688 4995 2765 5049 Οὑ
2797 4997 2907 5066 γὰρ
2956 4996 3175 5059 πάντως
3220 4994 3418 5057 αὐτοὺς
3465 4995 3634 5048 τοῦτ’

2037 5088 2328 5157 εἰρηκότας
2386 5086 2854 5158 ὲξοστρακίσομεν
2913 5086 3007 5139 τοῦ
3058 5088 3167 5141 τῶν
3204 5086 3377 5155 άγίων
3426 5088 3631 5160 χοροῦ,

2038 5182 2146 5236 οὐδ’
2180 5178 2245 5235 αὑ
2279 5181 2460 5233 αὑτῶν
2490 5183 2589 5243 τὰς
2627 5183 2812 5247 φωνὰς
2844 5179 2918 5245 ὡς
2964 5181 3064 5233 οὑκ
3107 5180 3351 5245 εὐσεϐῶς
3383 5180 3637 5249 ἐχούσας

2038 5272 2476 5344 διαγραψόμεθα,
2511 5266 2658 5347 ᾖπέρ
2682 5290 2763 5334 τις
2800 5272 2906 5341 ἐφη
2934 5272 3042 5325 τῶν
3073 5271 3253 5324 πάντα
3288 5270 3638 5341 τολμώντων

2040 5363 2101 5429 ἐξ
2123 5367 2348 5431 ἀγνοίας
2378 5364 2470 5416 καὶ
2504 5365 2767 5434 πράττειν
2801 5364 2897 5418 καὶ
2926 5363 3282 5433 φθέγγεσθαι.
3329 5364 3490 5417 Ἀλλὰ
3521 5365 3641 5418 καὶ

2040 5458 2193 5511 αὑτοί
2219 5474 2282 5525 γε
2315 5456 2462 5526 ἅγιοι
2493 5460 2628 5528 ἡμῖν
2655 5457 2893 5523 ἔσονται,
2920 5456 3003 5510 ἆτ’
3034 5455 3320 5518 εὐσεϐείας
3351 5457 3449 5509 καὶ
3474 5458 3641 5512 πάν-

2038 5569 2148 5604 των
2174 5551 2489 5604 διδάσκαλοι
2517 5551 2627 5605 τῶν
2665 5550 2850 5604 καλῶν
2873 5565 2888 5582 ο
2917 5552 3013 5603 καὶ
3042 5551 3180 5621 πρὸς
3218 5551 3315 5622 τὴν
3348 5552 3645 5624 ὀρθότητα.

2039 5648 2137 5718 τῆς
2169 5646 2323 5714 σφῶν
2357 5646 2599 5709 διανοίας
2632 5647 2869 5719 ὁρῶντες
2921 5646 3103 5717 ἡμεῖς,
3138 5645 3259 5699 οὑδὲ
3288 5647 3383 5708 τὰς
3431 5648 3647 5714 φωνάς

2038 5742 2222 5795 αὑτῶν
2268 5742 2636 5811 ἁθετήσομεν,
2687 5742 2777 5794 διὰ
2827 5740 3045 5794 πάντων
3078 5742 3188 5802 τοῖς
3238 5740 3479 5810 Πατράσι
3512 5757 3647 5807 φυ-

2039 5836 2331 5901 λάσσοντες
2361 5835 2421 5889 τὸ
2449 5836 2770 5904 σεϐάσμιον.
2816 5834 3293 5907 ’Λπαραποιήτο-λς
3323 5836 3643 5905 τοιγαροῦν
