3830 6368
306 346 414 409 279

1230 344 1553 408 GEORGII
1592 347 1853 409 CYPBII
1883 347 1993 407 CP.
2038 343 2555 407 PATRIARCHE

3446 342 3556 409 280

309 452 719 535 ἁναδλαστήσει
766 466 866 536 τῆς
920 464 1091 536 μονῆς
1148 464 1579 540 άπομεμένηκεν
1628 469 1879 538 ἀνεκφοί-
1910 467 1954 529 Α
1981 467 2057 539 τῷ
2107 467 2164 521 δὲ
2206 440 2366 539 αἰτίῳ
2397 467 2522 521 οὑτε
2558 466 2637 536 τῷ
2667 464 2843 535 Πατρὶ
2884 465 3175 531 συνάπτει,
3207 467 3300 519 καί
3340 466 3402 520 οὑ
3440 468 3557 521 δια-

305 575 467 629 τητα.
497 558 653 612 Οὑτω
694 558 793 627 μὲν
834 556 930 611 οὑν
978 561 1075 611 καὶ
1120 558 1210 612 διὰ
1255 560 1428 613 ταῦτα
1469 564 1749 630 ἐνέργειαν
1782 561 1875 615 καὶ

305 651 540 721 δύναμιν
563 648 655 702 rbv
683 649 813 702 Υἰὸν
843 650 935 702 καὶ
960 650 1023 702 rb
1054 648 1281 719 Πνεῦμα
1310 651 1358 702 οἰ
1394 652 1633 720 Πατέρες
1657 646 1877 719 φαίνον-

305 744 726 812 ταιονοήσαντεςθ
757 741 1046 811 ὀνομάσαι,
1081 742 1202 812 οὑχὶ
1247 743 1302 796 δὲ
1334 743 1429 795 καὶ
1475 743 1552 805 ὡς
1610 742 1754 805 τινὸς
1782 743 1876 794 οὑ-

310 835 430 898 σίας
461 834 695 905 δύναμιν
727 834 820 886 καὶ
865 834 1171 908 ἐνέργειαν,
1211 835 1349 904 ὅπερ
1376 834 1504 896 ἰσως
1532 833 1792 905 ᾠήθησαν
1827 833 1876 885 οἱ

308 925 520 988 τούτοις
547 924 942 994 δικαιούμενοι,
981 926 1095 978 ἴσον
1120 926 1164 978 δ’
1189 927 1366 978 εἰπεῖν
1388 929 1436 978 οἱ
1459 928 1571 989 τοῖς
1601 926 1881 995 009.6361;-

309 1018 466 1070 κεσιν
488 1017 914 1087 ἐπερειδόμεναι.
949 1018 1014 1070 Τί
1040 1017 1149 1088 γὰρ
1182 1017 1343 1082 ἄλλος
1371 1017 1500 1070 ἐπεὶ
1537 1017 1880 1088 τὸ¹ἀπαράλ-

309 1111 510 1163 λακτον
539 1113 641 1179 τῆς
675 1110 894 1178 φύσεως
943 1108 1358 1179 ὁμολογοῦντες,
1382 1108 1653 1180 τῆν’κατά
1683 1109 1745 1162 rb
1794 1111 1880 1162 αἰ-

310 1217 426 1252 τιον
471 1202 566 1255 καὶ
602 1201 846 1253 αἰτιατδν
901 1200 1169 1270 διαφορὰν
1220 1201 1321 1254 οὑκ
1364 1200 1699 1271 ἀρνούμεθα,
1739 1202 1798 1255 ὲν
1840 1193 1884 1269 ᾧ

317 1294 477 1360 μόνον
504 1292 880 1362 διακρίνεσθαι
920 1291 981 1345 rb
1006 1293 1198 1363 ἕτερον
1236 1292 1331 1347 τοῦ
1365 1294 1556 1364 ἐτέρου
1600 1294 1885 1363 καταλαμ-

313 1383 573 1449 οάνομεν,
609 1382 687 1451 τῷ
718 1382 778 1434 rb
811 1381 910 1451 μὲν
934 1380 1109 1435 αἴτιον
1133 1377 1273 1436 εἶναι
1304 1383 1603 1444 πιστεύειν,
1635 1383 1695 1436 rb
1725 1385 1781 1436 δὲ
1818 1386 1882 1436 ὲκ

313 1473 410 1524 τινιῦ
440 1473 637 1527 αἰτίου.
687 1475 799 1527 Καὶ
854 1473 950 1527 τοῦ
981 1473 1041 1538 ἐξ
1096 1475 1276 1538 αἰτίας
1327 1472 1479 1540 ὄντος
1528 1476 1886 1546 τιάλινάλλην

314 1564 581 1635 διαφορὰν
617 1565 931 1637 ιννοοῦμεν.
958 1565 1031 1619 Τὸ
1070 1565 1173 1635 μὲν
1206 1568 1315 1638 γὰρ
1349 1564 1636 1637 προσεχὼς
1681 1570 1745 1620 ἐκ
1790 1568 1886 1621 τοῦ

317 1657 559 1727 ⁸πρώτου,
589 1658 651 1712 rb
697 1658 752 1713 δὲ
791 1660 880 1713 διὰ
934 1660 994 1713 τὸ
1039 1660 1327 1732 προσεχῶς
1381 1663 1446 1716 ὲκ
1490 1661 1585 1715 τοῦ
1640 1659 1884 1731 πρώτου.

316 1750 479 1803 ’Ὥστε
508 1751 604 1805 καὶ
629 1752 690 1804 rb
717 1753 1009 1823 μονογενὲς
1034 1754 1413 1825 ἀναμφίδολον
1436 1751 1579 1809 εἶναι
1627 1755 1725 1808 τοῦ
1753 1755 1887 1809 Υἱοῦ

1980 560 2193 614 στέλλει
2220 560 2316 612 τοῦ
2358 559 2716 629 Πνεὺματος;
2754 559 2818 610 Ti
2853 574 2935 611 σοι
2977 556 3139 610 τοῦτο
3173 556 3341 625 δοκεῖ,
3378 561 3469 611 καὶ
3503 559 3556 610 τί

1980 655 2124 725 ὲρεῖς
2153 672 2167 720 ;
2203 654 2265 707 Εἰ
2291 655 2351 707 οὑ
2384 651 2572 721 σαφῶς
2599 651 2700 714 τὰς
2733 650 3005 720 ὑμετέρας
3048 650 3383 719 ,περικόπτει
3412 634 3562 719 Δπρο-

1982 746 2197 814 φάσεις,
2233 746 2396 799 πόθεν
2426 744 2519 798 οὖν
2551 761 2633 796 σοι
2686 745 2860 801 αἴτιος
2891 743 2919 794 ό
2961 742 3111 805 Υἱὸς,
3142 742 3174 810 ἢ
3214 741 3273 806 ἐξ
3299 742 3462 795 αὑτοῦ
3497 741 3560 792 rb

1986 837 2252 907 Πνεῦμας
2284 836 2388 889 Tbv
2420 835 2519 904 μὲν
2567 835 2633 901 δὴ
2674 833 2872 904 μιαρὸν
2915 834 3126 884 ἐκεῖνον
3155 833 3461 900 Μαρκίωνα
3490 833 3561 884 τὰ

1987 929 2087 998 μὲν
2118 929 2228 980 τῶν
2257 926 2487 995 γραφῶν
2511 925 2774 993 ἐξαίρειν,
2806 924 2874 976 τά
2919 923 2975 975 δὲ
3018 922 3365 991 προστιθέναι
3403 922 3460 973 λέ
3474 939 3553 989 γε.

1983 1039 2094 1082 ται,
2129 1021 2218 1072 rbv
2258 1019 2457 1072 κανόνα
2493 1017 2676 1086 ἑαυτῷ
2716 1017 2812 1068 καὶ
2862 1015 2959 1083 οὑχ
3000 1014 3191 1067 ἑαυτὸν
3241 1013 3321 1083 τῷ
3369 1014 3559 1066 κανόνι

1986 1112 2354 1181 προσάγοντα.
2405 1110 2544 1163 Νυνὶ
2575 1107 2630 1160 δὲ
2674 1108 2772 1177 οὐχ
2802 1106 2978 1170 οὑτως
3023 1106 3160 1175 ἔχει,
3194 1103 3312 1159 ἀλλ’
3361 1108 3394 1176 ή
3458 1105 3560 1175 μὲν

1987 1207 2143 1276 ῥῆσις
2174 1206 2273 1275 τῆς
2305 1204 2524 1275 γραφῆς
2557 1202 2652 1256 ἐπὶ
2713 1201 2896 1272 χώραν
2940 1201 3212 1270 μένουσαν
3259 1198 3465 1269 ἔχει,Ιᾶ
3503 1197 3562 1251 δὲ

1987 1299 2130 1363 νοεῖν
2170 1294 2444 1361 ἐντεῦθεν,
2477 1295 2575 1348 οὑκ
2613 1294 2762 1346 ἔστιν
2790 1292 3072 1353 οὐδέποτε,
3100 1290 3273 1345 ταῦτα
3302 1293 3398 1343 καὶ
3422 1294 3560 1342 νοεῖ-

1985 1406 2075 1441 ται
2120 1389 2213 1441 καὶ
2246 1387 2672 1458 προεκφέρεται.
2699 1385 3007 1455 Γρηγορίου
3055 1384 3163 1453 γὰρ
3202 1382 3278 1453 μὴ
3326 1381 3561 1434 καταδε-

1992 1480 2247 1549 ξαμένου,
2288 1479 2402 1533 ἀλλ’
2436 1478 2798 1547 ἀπειρηκότος
2848 1477 3061 1546 σαφῶς,
3106 1474 3233 1548 μήτ’
3260 1475 3433 1527 αἰτιον
3471 1473 3562 1525 λέ.

1989 1588 2111 1640 γειν
2142 1571 2233 1624 τὸν
2260 1571 2409 1634 Υἱδν,
2448 1570 2572 1641 μήτ’
2598 1571 2656 1635 ἐξ
2677 1569 2839 1624 αὑτοῦ
2864 1569 2925 1622 rb
2950 1567 3199 1638 Πνεῦμα,
3231 1569 3281 1620 οἰ
3303 1567 3357 1620 δὲ
3396 1564 3432 1619 ἀ
3464 1564 3566 1634 μὲν

1990 1667 2272 1738 ἠσπάζετο
2329 1664 2622 1734 κηρύττειν
2679 1662 3053 1726 ἐκκλίνοντες,
3111 1660 3147 1715 ἃ.
3199 1660 3244 1714 δ’
3303 1661 3566 1729 ἐμφανῶς

1994 1756 2273 1822 ἐξέκλινεν
2307 1754 2685 1823 ἀσπαζόμενοι
2710 1751 2904 1823 ὥσπερ
2927 1753 3147 1805 πάντων
3189 1750 3357 1803 ὕπνον
3390 1748 3564 1818 βαθῦν

324 1842 531 1912 μένειν,
559 1845 656 1897 καὶ
704 1844 765 1899 rb
790 1845 854 1898 ἐκ
878 1844 974 1898 τοῦ
1009 1843 1220 1914 Πατρὸς
1252 1842 1392 1900 εῖναι
1440 1848 1501 1899 rb
1546 1847 1772 1914 Πνεῦμα
1816 1847 1890 1915 μὴ
1923 1831 1964 1887 Β
1997 1851 2089 1903 ml
2118 1848 2481 1917 ἀναισθησίαν
2515 1846 2925 1914 κατεγνωκότες
2953 1847 3033 1908 εἰς
3062 1845 3272 1896 ἐκεῖνον
3311 1843 3404 1894 τοῦ
3438 1842 3563 1906 δόγ-

317 1934 705 2003 άμφιὸἀλλειν,
735 1936 834 2006 τῆς
882 1936 977 1990 τοῦ
1010 1936 1142 1991 Υἰοῦ
1181 1938 1465 2008 μεσιτείας
1497 1939 1591 1992 καὶ
1621 1938 1798 2008 ἑαυτῷ
1830 1940 1891 1991 rb

327 2029 617 2097 μοκογενὲς
658 2029 1057 2098 φυλαττούσης,
1091 2032 1187 2084 καὶ
1221 2031 1281 2084 rb
1321 2031 1544 2100 Πνεῦμα
1594 2032 1695 2100 τῆς
1733 2047 1896 2100 φυσιιι

323 2120 426 2189 κῆς
458 2122 713 2190 πρδςκτδν
745 2123 961 2194 Πατέρα
990 2123 1231 2193 σχέσεως
1261 2125 1335 2194 μὴ
1383 2122 1779 2195 ἀπειργοὺσης.
1825 2124 1892 2175 Ἠ

324 2214 425 2282 μὲν
455 2213 548 2267 οὑν
609 2217 767 2287 ῥῆσις
812 2215 1215 2288 τοιαύτη-’ποῦ
1247 2213 1303 2269 δὲ
1364 2217 1598 2271 ἐνταῦθα
1643 2218 1819 2270 αἴτιον
1867 2219 1896 2269 ό

318 2304 487 2373 Υἱός;
529 2306 632 2360 ποῦ
657 2307 717 2360 rb
750 2308 973 2378 Πνεῦμα
1001 2311 1066 2362 ὲκ
1092 2309 1187 2363 τοῦ
1222 2309 1382 2375 Υἱοῦ;
1415 2309 1766 2380 Διακρίνεται
1795 2310 1897 2379 μὲν

318 2399 453 2470 γὰρ,
499 2403 656 2469 φησὶ,
706 2402 801 2455 τοῦ
862 2403 1077 2471 Πατρὸς
1133 2401 1211 2472 τῷ
1271 2403 1516 2474 αἰτιατδς
1569 2396 1733 2465 εἶναι,
1793 2403 1897 2454 κᾶν

321 2490 499 2563 τούτῳ
525 2492 733 2564 ῆνωται
762 2491 843 2564 τῷ
872 2491 1176 2565 Πνεὺματι,
1209 2494 1305 2548 καὶ
1324 2494 1472 2565 αὑτῷ
1512 2494 1738 2563 αἰτιατῷ
1780 2493 1896 2546 δντι

320 2584 388 2636 ἐκ
416 2581 510 2638 τοῦ
552 2583 790 2652 Πατρδς,
823 2585 881 2638 οὑ
923 2585 1032 2656 μὴν
1074 2587 1131 2641 δέ
1166 2587 1284 2640 ἐστι
1312 2588 1407 2641 καὶ
1450 2588 1545 2641 τοῦ
1580 2587 1898 2657 Πνεὺματος

322 2674 516 2741 αἴτιος,
553 2668 675 2729 οὑδέ
708 2676 762 2742 ἐξ
811 2676 975 2729 αὑτοῦ
1028 2677 1090 2729 τὸ
1121 2678 1369 2748 Πνεῦμα,
1406 2678 1472 2732 ῐν⁹
1501 2674 1582 2741 οἷς
1623 2678 1893 2747 διακρίνε-

321 2779 415 2816 ται
456 2762 549 2816 τοῦ
587 2765 905 2834 Πνεὺματος
961 2768 1303 2840 συνάπτηται
1334 2769 1428 2840 ⁴τῷ
1466 2768 1642 2839 Harp!
1665 2785 1679 2801 ·
1716 2762 1750 2841 ᾗ
1788 2767 1897 2838 γάρ

324 2853 393 2910 ἂν
420 2854 590 2909 ταῦτα
636 2856 850 2925 λέγοντι
888 2859 1105 2929 ἀπήντα
1137 2860 1406 2931 σύγχυσις
1447 2862 1512 2915 ἐκ
1541 2861 1896 2931 διακρίσεως,

324 2948 464 3018 ὅπερ
493 2950 701 3011 ἐκεῖνος
728 2948 804 3020 μὴ
833 2949 1009 3014 καλῶς
1034 2950 1155 3022 έχον
1176 2953 1351 3019 εἰδὼς,
1402 2948 1462 3006 εῦ
1494 2953 1664 3007 ποιῶν
1696 2952 1901 3023 ὲφυλάο

329 3042 478 3106 ξατο,
546 3042 792 3097 αἰτιατόν
845 3044 1009 3111 μόνον
1070 3045 1311 3117 είρηκὼς
1360 3046 1452 3100 τὸν
1524 3046 1646 3100 Υἰὸν
1696 3046 1793 3099 καὶ
1841 3048 1901 3099 rb

1999 1958 2165 2011 ματος
2198 1941 2295 2010 τὴν
2327 1940 2507 1993 αἰτίαν
2540 1939 2898 2008 ἀναφέρουσι.
2930 1936 2996 1990 Τί
3047 1935 3217 1989 ταῦτα
3262 1937 3489 1995 ποιεῖτε,
3525 1926 3574 1986 ὦ

1993 2035 2178 2100 03:02;
2226 2034 2277 2086 τί
2325 2035 2538 2086 πονεῖτε
2592 2031 2872 2100 διακενῆς,
2900 2030 3001 2099 τῆς
3057 2028 3318 2099 ἀληθείας
3349 2027 3570 2088 πάντως

2000 2124 2331 2195 κρατούσης,
2356 2123 2461 2176 κᾶν
2489 2122 2643 2191 ὑμῶν
2669 2123 2829 2192 ἡμεῖς
2864 2121 3244 2189 ταπεινότεροι
3272 2120 3364 2171 καὶ
3391 2119 3574 2184 λόγοις

1996 2220 2091 2269 ml
2122 2216 2323 2287 χειρῶν
2360 2216 2556 2285 κράτει
2578 2215 2877 2283 νικώμενοι
2903 2228 2920 2276 ;
2951 2213 3026 2265 Οὑ
3067 2210 3224 2264 τοῦτό
3259 2227 3322 2278 γε
3353 2209 3417 2279 δὴ
3450 2208 3572 2278 βού-

1998 2312 2150 2363 λεται
2179 2313 2204 2364 ό
2234 2309 2455 2379 Νὑσσης
2492 2308 2817 2379 Γρηγόριος,
2847 2305 2969 2358 οὑδέ
2997 2305 3199 2366 σκοπὸς
3236 2300 3387 2372 αὑτῷ
3438 2303 3575 2367 ἀφε-

1996 2401 2186 2456 λέσθαι
2247 2402 2338 2454 rbv
2386 2401 2628 2471 Πατέρα,
2672 2401 2767 2453 καὶ
2794 2403 2895 2466 τὴν
2945 2397 3272 2464 ἐκπόρευσιν
3323 2398 3419 2448 καὶ
3466 2394 3566 2461 τὴν

1999 2497 2180 2550 αἰτίαν
2233 2493 2330 2547 τοῦ
2382 2493 2720 2563 Πνεύματος.
2768 2491 3082 2559 Ἀφαιροῖτο
3131 2489 3176 2541 δ’
3215 2487 3282 2541 ἂν
3327 2487 3404 2548 εἰς
3444 2484 3574 2537 Υἱῦν

2004 2586 2425 2659 μετατιθέμενος
2481 2583 2679 2638 ταῦτα.
2722 2585 2857 2637 Τότε
2907 2583 3018 2653 γὰρ
3061 2580 3349 2653 προσεχῶς
3378 2581 3440 2631 ὲκ
3480 2577 3575 2630 τοῦ

2002 2678 2136 2733 Υἰοῦ
2172 2677 2630 2748 ἐκπορευόμενον,
2662 2678 2726 2729 ἐκ
2766 2675 2861 2728 τοῦ
2901 2674 3115 2743 Πατρὺς
3169 2672 3269 2725 οὑκ
3303 2671 3370 2725 ἂν
3411 2672 3576 2722 ἐκπο-

2003 2772 2234 2844 ρεὺοιτο.
2268 2770 2511 2841 Γεννῷτο
2549 2770 2605 2823 δὲ
2645 2767 2845 2838 μᾶλλον
2870 2767 3028 2837 εἴπερ
3072 2766 3166 2819 καὶ
3210 2766 3238 2818 ὁ
3266 2764 3393 2827 Υἱὸς
3422 2760 3482 2826 ἐξ
3512 2753 3575 2813 οὗ

2004 2868 2097 2922 καί
2121 2867 2182 2920 rb
2208 2864 2456 2934 Πνεῦμα,
2493 2865 2558 2916 ὲκ
2580 2862 2675 2916 τοῦ
2719 2862 2929 2931 Πατρδς
2953 2858 3256 2929 γεννητῶς.
3302 2856 3435 2911 Οὑδὲ
3469 2855 3580 2925 γὰρ

2004 2960 2151 3023 εἰκὸς
2184 2958 2358 3018 άλλως
2404 2957 2502 3025 μὲν
2545 2955 2640 3008 τὸν
2672 2954 2847 3007 αἴτιον
2877 2953 2970 3004 τοῦ
3004 2949 3341 3020 Πνεὺματος,
3387 2950 3451 3001 ἐκ
3486 2946 3577 3000 τοῦ

2004 3051 2220 3121 Πατρὺς
2248 3044 2388 3102 εἶναι
2420 3048 2628 3115 λέγειν,
2652 3046 2829 3108 ἄλλως
2861 3044 2917 3097 δὲ
2952 3043 3087 3097 αὑτὸ
3109 3042 3169 3095 rb
3201 3041 3426 3109 Πνεῦμα
3446 3041 3578 3108 690-

324 3131 553 3200 Πνεῦμα
607 3131 674 3185 δι’
707 3133 894 3223 αὑτοῦ,
930 3135 1046 3188 ἀλλ’
1100 3135 1201 3188 οὑκ
1249 3134 1310 3201 ἐξ
1359 3136 1526 3190 αὑτοῦ
1574 3136 1764 3208 ὥσπερ
1811 3135 1898 3192 διὰ
1928 3163 1973 3221 C
2003 3143 2205 3210 λογεῖν,
2242 3140 2291 3192 εἰ
2335 3137 2410 3209 μὴ
2457 3128 2539 3200 εἰς
2573 3135 2822 3204 ἀνάγκην
2855 3132 3029 3186 ἐλθεῖν
3076 3135 3140 3184 ὲκ
3185 3130 3464 3195 τοῦλόγου
3493 3131 3580 3180 αἱ·

330 3227 563 3297 θατέρου
599 3220 1153 3301 κατασκευαζόμενος
1184 3231 1435 3303 θάτερον,
1463 3231 1542 3303 τῷ
1577 3249 1637 3286 τε
1678 3232 1899 3301 εἰρηκέ-
1946 3220 1984 3244 θ’
2011 3228 2216 3299 ρεῖσθε,
2253 3228 2313 3280 rb
2340 3224 2683 3294 γεννώμενον
2714 3225 2777 3275 ὲκ
2811 3223 2906 3276 τοῦ
2943 3222 3156 3293 Πατρθις
3220 3221 3294 3290 μὴ
3335 3220 3582 3287 νομίζειν

327 3334 418 3369 ναι
444 3318 521 3388 τῷ
553 3318 783 3389 αἰτιατῷ
821 3319 1200 3389 διακρίνεσθαι
1231 3323 1323 3376 τὶν
1362 3323 1490 3376 Υξὸν
1531 3324 1624 3377 τοῦ
1660 3325 1897 3391 Πατρδς,

327 3406 462 3463 αὑτὸ
496 3409 550 3462 τὸ
603 3410 679 3480 μὴ
710 3410 885 3465 αἴτιον
917 3407 1059 3467 εἶναι
1091 3413 1166 3476 ὡς
1193 3414 1221 3465 ὁ
1275 3414 1501 3486 Πατὴρ,
1525 3414 1705 3468 καὶτὸ
1734 3414 1809 3486 μὴ
1842 3416 1898 3482 ἐξ

329 3501 541 3555 ἐκείνου
573 3496 712 3556 εἶναι
742 3503 803 3557 rb
829 3504 1073 3575 Πνεῦμα,
1110 3505 1185 3577 τῷ
1208 3525 1267 3561 τε
1296 3506 1363 3560 διῗ
1394 3509 1603 3562 ἐκείνου
1640 3510 1700 3562 rb
1734 3509 1905 3562 Πνεῦ-

333 3610 431 3660 μα,
465 3594 594 3681 αὑτό
621 3612 679 3647 τε
721 3594 781 3649 rb
813 3595 889 3668 μὴ
933 3597 992 3659 ἐξ
1029 3598 1268 3664 ἐκείνου,
1320 3600 1414 3651 καὶ
1443 3600 1501 3651 rb
1534 3599 1610 3669 μὴ
1650 3596 1792 3684 efﬁat
1823 3597 1906 3652 αῖ-

329 3701 467 3751 τιον,
495 3686 611 3739 ἀλλ’
641 3688 905 3743 αἰτιατόν.
945 3688 1109 3741 Ὅθεν
1151 3688 1260 3742 οὐδ’
1303 3690 1476 3743 αἰτιον
1509 3686 1715 3762 εῖχενη
1767 3690 1906 3744 διαί-

334 3794 485 3845 ρεσις
517 3778 607 3831 τὸν
647 3778 795 3844 Υίδν,
829 3779 952 3832 οὑδὲ
973 3780 1031 3847 ἐξ
1060 3779 1249 3845 αὑτοῦ,
1286 3781 1402 3835 ἀλλ’
1434 3783 1675 3835 αἰτιατὸν
1708 3782 1803 3836 καὶ
1835 3780 1906 3835 δι’

331 3869 498 3924 αὑτοῦ
523 3887 539 3904 ⁶
572 3872 695 3927 οὑδὲ
738 3873 849 3943 γάρ
895 3869 965 3945 ἦν
1001 3874 1160 3928 τοῦτο
1197 3874 1297 3944 τῆς
1347 3875 1709 3946 εὑαγγελικῆς
1763 3875 1908 3930 διδα-

334 3962 571 4027 σκαλίας
626 3964 686 4017 rb
717 3963 896 4033 δόγμα
949 3964 1071 4019 οὑδὲ
1122 3965 1404 4019 Βασιλείου
1436 3966 1741 4038 ὑπόληψις·
1786 3969 1907 4024 οὑδὲ

332 4052 639 4124 Γρηγόριος
667 4054 917 4122 ἁδελφὸς,
944 4055 1043 4126 οὑχ
1072 4051 1234 4128 ἦττον
1255 4060 1323 4128 τῇ
1353 4057 1480 4130 δόξῃ
1519 4058 1616 4129 τῆς
1644 4059 1906 4129 ἀληθείας

334 4146 369 4213 ἢ
402 4145 480 4215 τῷ
504 4145 746 4214 σώματι.
775 4145 947 4202 Τοῦτό
975 4165 1046 4217 με
1074 4147 1247 4218 βίϐλοι
1284 4149 1567 4204 πείθουσιν
1594 4152 1650 4205 αἰ
1676 4150 1907 4216 τούτων,

332 4238 494 4292 τοῦτο
523 4238 592 4292 τὰ
622 4238 745 4309 ἰερά
778 4238 887 4293 τῶν
912 4240 1085 4310 ἀγίων
1137 4242 1515 4312 συντάγματα,
1542 4244 1639 4299 καὶ
1667 4246 1694 4299 ό
1730 4246 1909 4309 κοινὸς

333 4334 435 4401 τῆς
476 4332 805 4401 Ἐκκλησίας
831 4332 1054 4401 θεσμὸς,
1087 4337 1137 4388 εἰ
1179 4334 1256 4405 μὴ
1316 4334 1686 4407 σοφιστείανῆ
1716 4337 1911 4407 φθόνον

333 4423 396 4487 rb
423 4424 654 4492 πρᾶγμα
685 4428 893 4488 καλεῖς.
931 4426 997 4479 Τί
1031 4426 1142 4495 γάρ
1165 4426 1331 4493 ἄλλος
1370 4427 1529 4498 εἴπερ
1555 4427 1674 4493 ἐξὸν
1704 4429 1911 4501 βραχέα

2010 3321 2187 3375 αἴτιον
2211 3317 2307 3373 τοῦ
2340 3317 2553 3371 ἐκεῖθεν
2582 3315 3047 3387 ἐκπορευομένου.
3074 3314 3184 3368 Καὶ
3211 3310 3449 3382 γεννῷτο
3481 3311 3582 3362 οὑκ

2009 3412 2263 3486 ἐνεργείᾳ
2293 3414 2435 3466 κατά
2471 3411 2533 3463 τὸ
2563 3410 2735 3474 εἰκὸς,
2772 3409 3002 3479 δυνάμει
3039 3407 3121 3462 δέ.
3148 3406 3260 3461 Kal
3288 3406 3362 3476 μή
3398 3421 3486 3471 μοι
3519 3402 3583 3455 rb

2008 3507 2239 3578 δυνάμει
2297 3506 2422 3574 λέγε
2470 3503 2658 3574 χώραν
2702 3502 2804 3556 οὑκ
2860 3501 3009 3571 ἔχειν
3069 3499 3323 3562 ἐνταῦθα,
3358 3499 3421 3551 rb
3482 3497 3586 3565 τῆς

2012 3599 2302 3671 ὑπάρξεως
2331 3595 2657 3667 αἰτιώμενος
2686 3595 2978 3649 συναῒδιον.
3010 3594 3205 3645 Ἔσται
3244 3593 3353 3662 γὰρ
3381 3590 3487 3644 κᾶν
3511 3592 3585 3660 μὴ

2011 3692 2228 3763 χρόνος,
2259 3690 2321 3743 rb
2371 3687 2657 3759 προσεχῶς
2696 3690 2793 3742 καὶ
2849 3685 3066 3756 πόρρω,
3104 3684 3165 3736 rb
3195 3683 3453 3753 ὲμμέσως
3493 3684 3588 3735 καὶ

2011 3785 2234 3855 ἀμέσως
2262 3785 2326 3853 τῇ
2355 3784 2515 3851 καινῇ
2552 3780 2725 3849 ταύτῃ
2783 3777 3035 3847 θεολογία
3069 3775 3587 3847 συνεισφερόμενον.

2013 3879 2126 3934 Kal
2155 3877 2298 3930 οὑτω
2333 3876 2432 3946 μὲν
2461 3877 2490 3928 ό
2528 3873 2718 3944 Πατὴρ
2746 3872 2846 3924 οὑκ
2879 3869 2947 3924 ἂν
2971 3868 3297 3940 προϐάλλω,
3330 3866 3445 3920 ἀλλ’
3474 3863 3589 3918 οὐδ’

2014 3971 2197 4033 αἴτιος
2224 3972 2291 4024 ἂν
2321 3970 2406 4038 εἰη
2431 3967 2661 4038 κυρίως,
2700 3965 2829 4018 ἐπεὶ
2858 3964 2920 4018 τό
2941 3980 3003 4031 γε
3035 3962 3165 4017 ἄλλο
3194 3978 3248 4015 τι
3298 3959 3449 4029 παρὰ
3490 3955 3592 4010 τοῦ

2016 4062 2228 4132 Πατρδς
2248 4061 2369 4130 ἔχον
2392 4061 2589 4125 αίτιον,
2619 4058 2719 4111 οὑκ
2745 4056 2813 4110 ἂν
2837 4059 2918 4119 εἰς
2944 4056 3151 4109 ἐκεῖνον
3172 4053 3247 4116 ὼς
3276 4053 3357 4110 εἰς
3383 4053 3592 4120 κυρίως

2016 4158 2188 4213 αἴτιον
2219 4155 2573 4225 ἀναφέροιτο.
2603 4153 2678 4205 Ub
2708 4152 2819 4223 γάρ
2852 4151 2913 4205 rb
2949 4150 3178 4218 δυνάμει
3208 4147 3435 4218 κυρίως,
3469 4145 3592 4199 οὑδὲ

2016 4249 2077 4304 rb
2102 4250 2309 4320 πόῤῥω.
2345 4246 2422 4301 Οὑ
2445 4247 2506 4301 rb
2545 4246 2591 4300 δ’
2620 4246 2806 4316 ἕτερον
2838 4244 2871 4314 ἢ
2924 4244 2993 4298 δι’
3024 4241 3239 4313 ἑτέρου,
3276 4241 3337 4294 rb
3366 4239 3410 4292 δ’
3439 4239 3596 4306 ἐνερ-

2019 4341 2145 4409 γείᾳ
2192 4341 2290 4394 καὶ
2329 4338 2642 4409 προσεχῶς,
2676 4338 2771 4391 καὶ
2829 4336 2898 4391 δι’
2932 4335 3065 4389 αὑτὸ
3095 4336 3312 4388 ἅπαντα
3367 4332 3504 4402 πρὶς
3533 4332 3597 4384 rb

2021 4430 2269 4502 Πνεῦμα,
2298 4430 2445 4500 μόνῳ
2469 4429 2736 4498 πρόσεστι
2766 4427 2843 4497 τῷ
2871 4426 3007 4496 Υιῷ.
3036 4426 3143 4479 Καὶ
3175 4423 3436 4477 τοιούτων
3460 4438 3605 4489 συμ-

334 4516 659 4586 προσθεῖναι
684 4520 779 4578 καὶ
811 4516 1025 4587 άληθῶς
1062 4522 1263 4585 εἰπεῖν,
1294 4521 1593 4592 ἔκρυπτον,
1621 4524 1717 4576 καὶ
1744 4523 1909 4592 ἕτερα
1943 4522 1987 4579 D
2017 4522 2386 4594 περασμόιτων
2413 4539 2470 4576 τε
2500 4524 2596 4576 καὶ
2645 4521 2937 4589 δογμάτων
2997 4519 3082 4583 τίς
3113 4518 3179 4571 ἂν
3234 4517 3349 4588 ἔχοι
3374 4515 3473 4584 τὴν
3508 4516 3600 4568 αἰ·-

334 4609 460 4663 ἀνο’
491 4611 698 4681 ἐτέρων
751 4613 831 4674 εἰς
875 4613 1230 4669 διδασκαλίαν
1278 4612 1594 4687 προῦφερον
1640 4618 1688 4668 οἰ
1737 4618 1917 4685 μακά-

341 4718 447 4769 ριοι
473 4702 649 4768 ἄλλως
679 4705 829 4773 ἡμᾶς
863 4705 1301 4770 ἐκπαιδεὺοντες,
1330 4706 1363 4777 ἢ
1395 4708 1472 4770 ὡς
1522 4708 1557 4778 ἡ
1601 4709 1916 4778 πρόσφατος

338 4796 589 4867 βούλεται
643 4797 738 4850 τοῦ
776 4798 1094 4867 Πνεὺματος
1125 4797 1374 4863 κάθοδος,
1420 4799 1518 4851 οὑκ
1564 4800 1646 4862 εἰς
1689 4817 1915 4870 συμφω-

336 4888 463 4942 νίαν
498 4889 996 4960 εὑρισκομένηπῆς
1038 4876 1392 4960 Ἐκκλησίας,
1425 4890 1542 4944 ἀλλ’
1574 4894 1657 4955 εἰς
1705 4892 1915 4963 σύγχυ-

339 4999 425 5036 σιν
449 4985 544 5037 καὶ
576 4984 896 5053 κατατομήν
929 4983 1023 5036 καὶ
1045 4980 1333 5052 διαίρεσιν.
1362 4982 1428 5036 Τί
1451 4984 1561 5057 γάρ
1585 4979 1677 5056 ἦν,
1709 4978 1755 5038 ὧ
1780 4986 1918 5055 πρὸς

337 5077 499 5142 Θεοῦ,
526 5077 781 5147 ἐμποδὼν
809 5075 1112 5147 διαιροῦντι
1146 5075 1223 5145 τῷ
1253 5075 1478 5145 Νὑσσης
1512 5077 1684 5142 αὐτὴν
1710 5076 1919 5147 ταύτην

340 5175 583 5244 ἐμφῆναι
613 5174 714 5240 τὴν
745 5171 1023 5241 ὑμετέραν
1055 5170 1356 5237 θεολογίαν,
1379 5172 1476 5225 τοῦ
1508 5174 1572 5226 ἐκ
1611 5175 1713 5242 τῆς
1736 5171 1920 5236 αἰτίας

337 5268 401 5321 rb
434 5270 534 5337 μὲν
564 5268 761 5332 αἴτιον,
813 5264 876 5319 rb
906 5264 964 5317 δὲ
998 5264 1244 5318 αἰτιατδν
1294 5264 1497 5331 μόνως,
1532 5263 1631 5318 τοῦ
1660 5266 1835 5319 αἰτίου
1860 5266 1920 5319 rb

346 5362 446 5431 μὲν
472 5362 711 5430 ἄναρχον
743 5359 839 5412 καὶ
866 5358 1186 5428 ἀγέννητον,
1249 5357 1311 5411 rb
1340 5357 1397 5411 δὲ
1439 5359 1505 5412 ὲκ
1536 5357 1633 5410 τοῦ
1675 5358 1917 5429 ἀνάρχου

339 5453 435 5507 καὶ
470 5452 802 5522 ἀγεννήτου;
843 5451 1051 5509 Ὄντως
1107 5449 1253 5518 μέγα
1306 5445 1377 5515 ἦν
1424 5449 1523 5501 καὶ
1591 5449 1825 5519 ἐργῶδες
1863 5451 1923 5502 rb

341 5546 604 5614 πρᾶγμα,
635 5544 730 5596 καὶ
769 5542 934 5605 πολὺς
985 5543 1152 5607 πόνος
1180 5543 1259 5612 τῷ
1308 5541 1620 5613 διδασκάλῳ
1647 5543 1747 5610 τῆς
1783 5543 1921 5614 ἁλη-

343 5637 494 5700 θείας
523 5637 756 5706 ἀμεῖψαι
783 5636 880 5690 καὶ
914 5637 1250 5703 μεταθεῖναι,
1276 5636 1308 5707 ἦ
1336 5638 1431 5690 καὶ
1462 5637 1780 5701 προσθεῖναι
1811 5635 1921 5689 τῶν

344 5731 650 5787 συλλαϐῶν.
680 5733 789 5802 Οὑχ
820 5732 952 5803 όρᾷς
974 5732 1051 5796 ὡς
1080 5731 1156 5800 τῷ
1184 5731 1416 5801 αἰτιατῷ
1446 5730 1592 5801 μόνῳ
1613 5730 1920 5784 διαστέλλει

345 5827 438 5882 τὸν
469 5824 594 5880 Υἰὺν
654 5823 748 5879 τοῦ
800 5825 1035 5897 Πατρός,
1074 5827 1167 5878 καὶ
1204 5825 1467 5879 συνάπτει
1498 5822 1573 5894 τῷ
1615 5823 1914 5895 Πνεὺματς

2023 4618 2182 4682 τίαν;
2232 4616 2471 4687 Πότερον
2510 4615 2548 4667 Γ
2555 4614 2815 4686 ρηγόριος
2849 4614 2963 4674 τοῖς
3013 4609 3397 4669 ἀποστολικοῖς
3453 4609 3603 4678 ὅροις

2025 4710 2305 4779 ἐμμένων,
2330 4708 2363 4778 ἢ
2394 4708 2443 4760 οἰ
2474 4704 2984 4778 χρησμολογοῦντες
3016 4704 3110 4778 έπὶ
3132 4704 3246 4766 τοῖς
3271 4701 3487 4755 ἐκείνου
3502 4701 3606 4759 καὶ

2025 4804 2093 4856 τὰ
2132 4801 2398 4855 ἀλλόκοτα
2445 4791 2930 4866 ἀποφθεγγόμενοι
2968 4797 3270 4866 λήμματας
3317 4793 3501 4863 Χωρὶς
3545 4792 3602 4845 δὲ

2024 4896 2243 4957 τούτου,
2293 4894 2437 4947 διατί
2490 4894 2693 4964 μᾶλλον
2724 4892 2849 4962 οὑχὶ
2877 4891 3075 4961 γεννᾷν
3108 4888 3171 4941 rb
3207 4887 3434 4957 Πνεῦμα
3466 4887 3602 4956 πρὸς

2025 4988 2127 5049 τὰς
2155 4986 2432 5057 ὑμετέρας
2463 4984 2772 5050 ὑποθέσεις,
2806 4983 2942 5038 ἀλλά
2979 4982 3307 5052 προϐάλλειν
3337 4980 3609 5035 δικαιότει

2031 5083 2173 5153 ροςὸ
2200 5080 2370 5144 Υἰός;
2424 5080 2472 5132 εἰ
2540 5078 2649 5146 γὰρ
2689 5077 2893 5148 κυρίως
2940 5077 3090 5141 Υἱὸς,
3136 5075 3231 5130 καὶ
3280 5073 3440 5145 μόνος
3474 5072 3606 5134 Υἱὸς

2025 5175 2092 5228 ὲκ
2125 5172 2217 5226 τοῦ
2263 5172 2499 5242 Πατρός.
2527 5171 2686 5223 Ἐστι
2726 5170 2859 5238 γὰρ,
2895 5169 3011 5221 ἐστι
3052 5168 3109 5222 δὲ
3152 5168 3291 5220 κατά
3321 5165 3504 5235 φὺσιν,
3545 5165 3607 5218 rb

2028 5266 2300 5337 ὑμέτερον
2322 5266 2490 5334 λέγω,
2521 5263 2716 5330 ἑτέρας
2741 5261 3097 5324 ὑποστάσεως
3120 5260 3313 5322 αττιος.
3339 5258 3404 5310 Τί
3429 5257 3610 5324 λέγεις

2029 5360 2090 5414 οὑ
2112 5360 2247 5413 πολὺ
2285 5358 2490 5427 μᾶλλον
2513 5357 2653 5428 πρὸς
2680 5356 2860 5424 λόγον,
2922 5353 2999 5415 ὡς
3027 5355 3205 5415 αἴτιος
3235 5354 3262 5406 ὁ
3292 5349 3480 5420 Πατὴρ
3512 5348 3607 5403 τοῦ

2031 5455 2185 5521 Υξοῦ,
2218 5452 2363 5507 οὑτω
2387 5470 2489 5505 που
2520 5452 2612 5505 κοιλ⁸
2642 5450 2732 5504 τὸν
2766 5449 2893 5502 Yle
2929 5449 3103 5501 αἴτιον
3133 5444 3271 5499 εἶναι
3315 5443 3405 5496 τοῦ
3434 5440 3609 5495 Πνεὺ-

2036 5564 2228 5618 ματος,
2258 5548 2350 5600 καὶ
2379 5546 2456 5609 ὡς
2484 5546 2644 5607 αὐτὸς
2688 5543 2932 5605 αἰτιατδς
2952 5582 2965 5604 ,
3000 5545 3096 5596 καὶ
3140 5542 3199 5594 rb
3230 5540 3290 5605 ἐξ
3324 5538 3490 5593 αὑτοῦ
3524 5538 3607 5590 αε-

2032 5642 2243 5705 τιατόν;
2272 5641 2358 5692 δεῖ
2380 5641 2489 5708 γάρ
2521 5638 2684 5692 αὑτὸν
2714 5637 2887 5689 αἴτιον
2920 5637 3047 5688 ὅντα
3080 5635 3174 5687 καὶ
3203 5633 3448 5686 αἰτιατδν
3485 5628 3610 5683 καθ’

2035 5733 2177 5801 ὑμᾶς
2204 5750 2216 5761 ·
2245 5734 2416 5785 αἰτιον
2451 5730 2570 5798 μὲν,
2606 5728 2680 5792 ὠς
2711 5729 2738 5779 ό
2763 5727 2937 5790 αἴτιος
2966 5726 3087 5778 ὅθεν
3118 5724 3265 5776 ἔστιν
3292 5719 3468 5775 εἶναι·
3496 5720 3525 5773 ὂ
3553 5719 3609 5773 δὲ

2034 5824 2098 5877 ὲκ
2129 5822 2318 5879 τοῦτοῦ
2360 5821 2623 5887 αἰτιιςτδν,
2679 5820 2799 5872 κατ’
2824 5818 2989 5872 αὑτὸν
3043 5815 3314 5871 αἰτιατόν(
3342 5813 3404 5869 Εἰ
3436 5811 3546 5882 γὰρ
3579 5811 3608 5867 ὁ
