  <div class='ocr_page' id='page_1' title='image "/cluster/home/n/w/nwhite01/storage/ocr_20150623/142/hvd.32044012457388/156.png"; bbox 0 0 3852 6466; ppageno 0'>
   <div class='ocr_carea' id='block_1_1' title="bbox 252 388 362 457">
    <p class='ocr_par' dir='ltr' id='par_1_1' title="bbox 252 388 362 457">
     <span class='ocr_line' id='line_1_1' title="bbox 252 388 362 457; baseline 0.009 -2"><span class='ocrx_word' id='word_1_1' title='bbox 252 388 362 457; x_wconf 81' lang='grc'><strong>301</strong></span> 
     </span>
    </p>
   </div>
   <div class='ocr_carea' id='block_1_2' title="bbox 1436 402 3522 478">
    <p class='ocr_par' dir='ltr' id='par_1_2' title="bbox 1436 402 3522 478">
     <span class='ocr_line' id='line_1_2' title="bbox 1436 402 3522 478; baseline 0.007 -17"><span class='ocrx_word' id='word_1_2' title='bbox 1436 402 1829 466; x_wconf 80' lang='lat' dir='ltr'><strong>LAUDATIO</strong></span> <span class='ocrx_word' id='word_1_3' title='bbox 1865 408 1927 472; x_wconf 92' lang='lat' dir='ltr'><strong>S.</strong></span> <span class='ocrx_word' id='word_1_4' title='bbox 1966 406 2319 470; x_wconf 76' lang='lat' dir='ltr'><strong>GEORGII.</strong></span> <span class='ocrx_word' id='word_1_5' title='bbox 3414 420 3522 478; x_wconf 72' lang='grc' dir='ltr'><strong>ἴξυὲ</strong></span> 
     </span>
    </p>
   </div>
   <div class='ocr_carea' id='block_1_3' title="bbox 249 508 1801 611">
    <p class='ocr_par' dir='ltr' id='par_1_3' title="bbox 249 508 1801 590">
     <span class='ocr_line' id='line_1_3' title="bbox 249 508 1801 590; baseline 0.008 -27"><span class='ocrx_word' id='word_1_6' title='bbox 249 529 372 580; x_wconf 83' lang='grc' dir='ltr'><strong>γιον</strong></span> <span class='ocrx_word' id='word_1_7' title='bbox 396 508 534 581; x_wconf 79' lang='grc' dir='ltr'><strong>ἐμοῦ</strong></span> <span class='ocrx_word' id='word_1_8' title='bbox 575 511 637 565; x_wconf 79' lang='grc' dir='ltr'><strong>ιδ</strong></span> <span class='ocrx_word' id='word_1_9' title='bbox 687 511 835 583; x_wconf 83' lang='grc' dir='ltr'><strong>μέγα</strong></span> <span class='ocrx_word' id='word_1_10' title='bbox 874 514 984 569; x_wconf 86' lang='grc' dir='ltr'><strong>τῶν</strong></span> <span class='ocrx_word' id='word_1_11' title='bbox 1029 514 1281 587; x_wconf 79' lang='grc' dir='ltr'><strong>ἀθλητῶν</strong></span> <span class='ocrx_word' id='word_1_12' title='bbox 1325 516 1500 589; x_wconf 78' lang='grc' dir='ltr'><strong>ὄνομα</strong></span> <span class='ocrx_word' id='word_1_13' title='bbox 1547 518 1801 590; x_wconf 84' lang='grc' dir='ltr'><strong>βλέποντο</strong></span> 
     </span>
    </p>
   </div>
   <div class='ocr_carea' id='block_1_4' title="bbox 1908 508 3520 611">
    <p class='ocr_par' dir='ltr' id='par_1_4' title="bbox 1908 524 3520 611">
     <span class='ocr_line' id='line_1_4' title="bbox 1908 524 3520 611; baseline 0.001 -27"><span class='ocrx_word' id='word_1_14' title='bbox 1908 524 2147 584; x_wconf 54' lang='lat' dir='ltr'><strong>tionem</strong></span> <span class='ocrx_word' id='word_1_15' title='bbox 2178 525 2471 581; x_wconf 85' lang='lat' dir='ltr'><strong>habiturus</strong></span> <span class='ocrx_word' id='word_1_16' title='bbox 2492 524 2561 583; x_wconf 84' lang='lat' dir='ltr'><strong>de</strong></span> <span class='ocrx_word' id='word_1_17' title='bbox 2603 525 2859 598; x_wconf 84' lang='lat' dir='ltr'><strong>Georgio,</strong></span> <span class='ocrx_word' id='word_1_18' title='bbox 2905 542 3101 599; x_wconf 89' lang='lat' dir='ltr'><strong>magno</strong></span> <span class='ocrx_word' id='word_1_19' title='bbox 3144 528 3240 585; x_wconf 92' lang='lat' dir='ltr'><strong>illo</strong></span> <span class='ocrx_word' id='word_1_20' title='bbox 3287 529 3520 611; x_wconf 70' lang='lat' dir='ltr'><strong>a}lileta-</strong></span> 
     </span>
    </p>
   </div>
   <div class='ocr_carea' id='block_1_5' title="bbox 246 601 1837 683">
    <p class='ocr_par' dir='ltr' id='par_1_5' title="bbox 246 601 1837 683">
     <span class='ocr_line' id='line_1_5' title="bbox 246 601 1837 683; baseline 0.006 -28"><span class='ocrx_word' id='word_1_21' title='bbox 246 601 329 672; x_wconf 82' lang='grc' dir='ltr'><strong>τῷ</strong></span> <span class='ocrx_word' id='word_1_22' title='bbox 357 601 527 672; x_wconf 75' lang='grc' dir='ltr'><strong>λόγῳ,</strong></span> <span class='ocrx_word' id='word_1_23' title='bbox 559 601 657 655; x_wconf 76' lang='grc' dir='ltr'><strong>καὶ</strong></span> <span class='ocrx_word' id='word_1_24' title='bbox 698 603 956 658; x_wconf 88' lang='grc' dir='ltr'><strong>τοσοῦτον</strong></span> <span class='ocrx_word' id='word_1_25' title='bbox 990 604 1302 670; x_wconf 77' lang='grc' dir='ltr'><strong>ὑποθέσεως</strong></span> <span class='ocrx_word' id='word_1_26' title='bbox 1339 604 1708 683; x_wconf 59' lang='grc' dir='ltr'><strong>μέγεθοξτὴν</strong></span> <span class='ocrx_word' id='word_1_27' title='bbox 1738 612 1837 666; x_wconf 85' lang='grc' dir='ltr'><strong>αύ-</strong></span> 
     </span>
    </p>
   </div>
   <div class='ocr_carea' id='block_1_6' title="bbox 246 694 1836 770">
    <p class='ocr_par' dir='ltr' id='par_1_6' title="bbox 246 694 1836 770">
     <span class='ocr_line' id='line_1_6' title="bbox 246 694 1836 770; baseline 0.006 -22"><span class='ocrx_word' id='word_1_28' title='bbox 246 694 343 748; x_wconf 76' lang='grc' dir='ltr'>τοῦ</span> <span class='ocrx_word' id='word_1_29' title='bbox 388 694 674 766; x_wconf 79' lang='grc' dir='ltr'><strong>εὐφημίαν</strong></span> <span class='ocrx_word' id='word_1_30' title='bbox 702 696 941 766; x_wconf 75' lang='grc' dir='ltr'><strong>ἄρασθαι</strong></span> <span class='ocrx_word' id='word_1_31' title='bbox 977 700 1351 770; x_wconf 84' lang='grc' dir='ltr'><strong>πειρωμένου,</strong></span> <span class='ocrx_word' id='word_1_32' title='bbox 1376 701 1478 755; x_wconf 77' lang='grc' dir='ltr'><strong>οὐκ</strong></span> <span class='ocrx_word' id='word_1_33' title='bbox 1507 696 1628 757; x_wconf 81' lang='grc' dir='ltr'><strong>οἶδα</strong></span> <span class='ocrx_word' id='word_1_34' title='bbox 1656 704 1739 768; x_wconf 90' lang='grc' dir='ltr'><strong>τίς</strong></span> <span class='ocrx_word' id='word_1_35' title='bbox 1767 706 1836 760; x_wconf 82' lang='grc' dir='ltr'><strong>ἂν</strong></span> 
     </span>
    </p>
   </div>
   <div class='ocr_carea' id='block_1_7' title="bbox 241 788 1831 862">
    <p class='ocr_par' dir='ltr' id='par_1_7' title="bbox 241 788 1831 862">
     <span class='ocr_line' id='line_1_7' title="bbox 241 788 1831 862; baseline 0.008 -22"><span class='ocrx_word' id='word_1_36' title='bbox 241 788 461 858; x_wconf 80' lang='grc' dir='ltr'><strong>γένοιτο</strong></span> <span class='ocrx_word' id='word_1_37' title='bbox 480 788 840 861; x_wconf 75' lang='grc' dir='ltr'><strong>δικαιότερος,</strong></span> <span class='ocrx_word' id='word_1_38' title='bbox 873 792 1004 862; x_wconf 69' lang='grc' dir='ltr'><strong>περὶ</strong></span> <span class='ocrx_word' id='word_1_39' title='bbox 1024 792 1193 862; x_wconf 74' lang='grc' dir='ltr'><strong>ἄλλης</strong></span> <span class='ocrx_word' id='word_1_40' title='bbox 1223 792 1540 857; x_wconf 79' lang='grc' dir='ltr'><strong>ὑποθέσεως</strong></span> <span class='ocrx_word' id='word_1_41' title='bbox 1569 796 1831 853; x_wconf 84' lang='grc' dir='ltr'><strong>καθιστά-</strong></span> 
     </span>
    </p>
   </div>
   <div class='ocr_carea' id='block_1_8' title="bbox 245 883 1833 961">
    <p class='ocr_par' dir='ltr' id='par_1_8' title="bbox 245 883 1833 961">
     <span class='ocr_line' id='line_1_8' title="bbox 245 883 1833 961; baseline 0.005 -25"><span class='ocrx_word' id='word_1_42' title='bbox 245 900 413 952; x_wconf 84' lang='grc' dir='ltr'><strong>μενος</strong></span> <span class='ocrx_word' id='word_1_43' title='bbox 461 883 562 955; x_wconf 78' lang='grc' dir='ltr'><strong>τήν</strong></span> <span class='ocrx_word' id='word_1_44' title='bbox 619 884 891 957; x_wconf 73' lang='grc' dir='ltr'><strong>σπουδὴν,</strong></span> <span class='ocrx_word' id='word_1_45' title='bbox 961 890 1058 940; x_wconf 79' lang='grc' dir='ltr'><strong>καὶ</strong></span> <span class='ocrx_word' id='word_1_46' title='bbox 1120 890 1595 958; x_wconf 68' lang='grc' dir='ltr'><strong>προκαταγγεῖλαι</strong></span> <span class='ocrx_word' id='word_1_47' title='bbox 1655 892 1833 961; x_wconf 80' lang='grc' dir='ltr'><strong>μέγαν</strong></span> 
     </span>
    </p>
   </div>
   <div class='ocr_carea' id='block_1_9' title="bbox 241 961 1831 1056">
    <p class='ocr_par' dir='ltr' id='par_1_9' title="bbox 241 961 1831 1056">
     <span class='ocr_line' id='line_1_9' title="bbox 241 961 1831 1056; baseline 0.007 -28"><span class='ocrx_word' id='word_1_48' title='bbox 241 969 384 1029; x_wconf 80' lang='grc' dir='ltr'><strong>εἶναι</strong></span> <span class='ocrx_word' id='word_1_49' title='bbox 412 961 504 1030; x_wconf 79' lang='grc' dir='ltr'><strong>τὸν</strong></span> <span class='ocrx_word' id='word_1_50' title='bbox 528 976 731 1045; x_wconf 77' lang='grc' dir='ltr'><strong>ἀγῶνα,</strong></span> <span class='ocrx_word' id='word_1_51' title='bbox 771 980 866 1032; x_wconf 74' lang='grc' dir='ltr'><strong>καὶ</strong></span> <span class='ocrx_word' id='word_1_52' title='bbox 889 977 1067 1032; x_wconf 76' lang='grc' dir='ltr'><strong>δεῖσαι</strong></span> <span class='ocrx_word' id='word_1_53' title='bbox 1104 980 1447 1050; x_wconf 77' lang='grc' dir='ltr'><strong>προσελθεῖν,</strong></span> <span class='ocrx_word' id='word_1_54' title='bbox 1486 983 1517 1054; x_wconf 79' lang='grc' dir='ltr'>ἢ</span> <span class='ocrx_word' id='word_1_55' title='bbox 1566 983 1663 1038; x_wconf 76' lang='grc' dir='ltr'><strong>καὶ</strong></span> <span class='ocrx_word' id='word_1_56' title='bbox 1692 1003 1831 1056; x_wconf 88' lang='grc' dir='ltr'><strong>συγ-</strong></span> 
     </span>
    </p>
   </div>
   <div class='ocr_carea' id='block_1_10' title="bbox 240 1060 1829 1149">
    <p class='ocr_par' dir='ltr' id='par_1_10' title="bbox 240 1060 1829 1149">
     <span class='ocr_line' id='line_1_10' title="bbox 240 1060 1829 1149; baseline 0.007 -28"><span class='ocrx_word' id='word_1_57' title='bbox 240 1068 442 1139; x_wconf 80' lang='grc' dir='ltr'><strong>γώμην</strong></span> <span class='ocrx_word' id='word_1_58' title='bbox 466 1070 816 1141; x_wconf 73' lang='grc' dir='ltr'><strong>αἰτήσασθαι.</strong></span> <span class='ocrx_word' id='word_1_59' title='bbox 854 1072 1062 1141; x_wconf 75' lang='grc' dir='ltr'><strong>Ἔγωγ*</strong></span> <span class='ocrx_word' id='word_1_60' title='bbox 1090 1060 1188 1128; x_wconf 80' lang='grc' dir='ltr'><strong>οὖν</strong></span> <span class='ocrx_word' id='word_1_61' title='bbox 1232 1074 1494 1129; x_wconf 75' lang='grc' dir='ltr'><strong>τοσοῦτον</strong></span> <span class='ocrx_word' id='word_1_62' title='bbox 1529 1077 1635 1148; x_wconf 80' lang='grc' dir='ltr'><strong>ἔχω</strong></span> <span class='ocrx_word' id='word_1_63' title='bbox 1670 1079 1829 1149; x_wconf 84' lang='grc' dir='ltr'><strong>χαλε-</strong></span> 
     </span>
    </p>
   </div>
   <div class='ocr_carea' id='block_1_11' title="bbox 240 1160 1829 1240">
    <p class='ocr_par' dir='ltr' id='par_1_11' title="bbox 240 1160 1829 1240">
     <span class='ocr_line' id='line_1_11' title="bbox 240 1160 1829 1240; baseline 0.008 -28"><span class='ocrx_word' id='word_1_64' title='bbox 240 1160 347 1213; x_wconf 76' lang='grc' dir='ltr'><strong>πὸν</strong></span> <span class='ocrx_word' id='word_1_65' title='bbox 402 1162 465 1214; x_wconf 76' lang='grc' dir='ltr'><strong>εν</strong></span> <span class='ocrx_word' id='word_1_66' title='bbox 502 1161 682 1233; x_wconf 86' lang='grc' dir='ltr'><strong>τούτῳ</strong></span> <span class='ocrx_word' id='word_1_67' title='bbox 732 1165 1097 1235; x_wconf 79' lang='grc' dir='ltr'><strong>κατανοήσας,</strong></span> <span class='ocrx_word' id='word_1_68' title='bbox 1142 1165 1285 1221; x_wconf 82' lang='grc' dir='ltr'><strong>ὥστε</strong></span> <span class='ocrx_word' id='word_1_69' title='bbox 1338 1185 1431 1238; x_wconf 89' lang='grc' dir='ltr'><strong>μοι</strong></span> <span class='ocrx_word' id='word_1_70' title='bbox 1482 1168 1625 1223; x_wconf 79' lang='grc' dir='ltr'><strong>δοκῶ</strong></span> <span class='ocrx_word' id='word_1_71' title='bbox 1669 1173 1829 1240; x_wconf 84' lang='grc' dir='ltr'><strong>μόνον</strong></span> 
     </span>
    </p>
   </div>
   <div class='ocr_carea' id='block_1_12' title="bbox 239 1249 1827 1328">
    <p class='ocr_par' dir='ltr' id='par_1_12' title="bbox 239 1249 1827 1328">
     <span class='ocr_line' id='line_1_12' title="bbox 239 1249 1827 1328; baseline 0.008 -26"><span class='ocrx_word' id='word_1_72' title='bbox 239 1249 531 1322; x_wconf 75' lang='grc' dir='ltr'><strong>ἁψαμένῳ,</strong></span> <span class='ocrx_word' id='word_1_73' title='bbox 584 1252 976 1324; x_wconf 77' lang='grc' dir='ltr'><strong>παραπλήσιόν</strong></span> <span class='ocrx_word' id='word_1_74' title='bbox 1049 1271 1104 1310; x_wconf 88' lang='grc' dir='ltr'><strong>τι</strong></span> <span class='ocrx_word' id='word_1_75' title='bbox 1169 1258 1500 1313; x_wconf 76' lang='grc' dir='ltr'><strong>πεπονθέναι</strong></span> <span class='ocrx_word' id='word_1_76' title='bbox 1578 1264 1692 1325; x_wconf 81' lang='grc' dir='ltr'><strong>τοῖς</strong></span> <span class='ocrx_word' id='word_1_77' title='bbox 1767 1262 1827 1328; x_wconf 78' lang='grc' dir='ltr'><strong>ἐξ</strong></span> 
     </span>
    </p>
   </div>
   <div class='ocr_carea' id='block_1_13' title="bbox 236 1341 1824 1422">
    <p class='ocr_par' dir='ltr' id='par_1_13' title="bbox 236 1341 1824 1422">
     <span class='ocr_line' id='line_1_13' title="bbox 236 1341 1824 1422; baseline 0.008 -29"><span class='ocrx_word' id='word_1_78' title='bbox 236 1341 501 1412; x_wconf 77' lang='grc' dir='ltr'><strong>ἀπειρίας</strong></span> <span class='ocrx_word' id='word_1_79' title='bbox 527 1344 857 1416; x_wconf 73' lang='grc' dir='ltr'><strong>ἐπιθυμοῦσι</strong></span> <span class='ocrx_word' id='word_1_80' title='bbox 890 1345 992 1417; x_wconf 77' lang='grc' dir='ltr'><strong>μὲν</strong></span> <span class='ocrx_word' id='word_1_81' title='bbox 1022 1346 1330 1402; x_wconf 66' lang='grc' dir='ltr'><strong>ἐπιϐαίνειν</strong></span> <span class='ocrx_word' id='word_1_82' title='bbox 1360 1349 1665 1422; x_wconf 73' lang='grc' dir='ltr'><strong>θαλάσσης,</strong></span> <span class='ocrx_word' id='word_1_83' title='bbox 1698 1354 1824 1407; x_wconf 81' lang='grc' dir='ltr'><strong>ἐπι-</strong></span> 
     </span>
    </p>
   </div>
   <div class='ocr_carea' id='block_1_14' title="bbox 235 1431 1825 1515">
    <p class='ocr_par' dir='ltr' id='par_1_14' title="bbox 235 1431 1825 1515">
     <span class='ocr_line' id='line_1_14' title="bbox 235 1431 1825 1515; baseline 0.01 -33"><span class='ocrx_word' id='word_1_84' title='bbox 235 1431 501 1504; x_wconf 78' lang='grc' dir='ltr'><strong>δεσηκόσι</strong></span> <span class='ocrx_word' id='word_1_85' title='bbox 533 1434 591 1488; x_wconf 87' lang='grc' dir='ltr'><strong>δὲ</strong></span> <span class='ocrx_word' id='word_1_86' title='bbox 624 1436 777 1506; x_wconf 85' lang='grc' dir='ltr'><strong>ὅμως</strong></span> <span class='ocrx_word' id='word_1_87' title='bbox 824 1437 908 1500; x_wconf 84' lang='grc' dir='ltr'><strong>είς</strong></span> <span class='ocrx_word' id='word_1_88' title='bbox 931 1437 1247 1492; x_wconf 82' lang='grc' dir='ltr'><strong>τούναντίον</strong></span> <span class='ocrx_word' id='word_1_89' title='bbox 1294 1440 1361 1492; x_wconf 70' lang='grc' dir='ltr'><strong>τὰ</strong></span> <span class='ocrx_word' id='word_1_90' title='bbox 1394 1441 1490 1512; x_wconf 77' lang='grc' dir='ltr'><strong>τῆς</strong></span> <span class='ocrx_word' id='word_1_91' title='bbox 1521 1442 1825 1515; x_wconf 76' lang='grc' dir='ltr'><strong>ἐπιθυμίας</strong></span> 
     </span>
    </p>
   </div>
   <div class='ocr_carea' id='block_1_15' title="bbox 230 1526 1825 1603">
    <p class='ocr_par' dir='ltr' id='par_1_15' title="bbox 230 1526 1825 1603">
     <span class='ocr_line' id='line_1_15' title="bbox 230 1526 1825 1603; baseline 0.009 -27"><span class='ocrx_word' id='word_1_92' title='bbox 230 1527 441 1593; x_wconf 82' lang='grc' dir='ltr'><strong>χωρεῖ,</strong></span> <span class='ocrx_word' id='word_1_93' title='bbox 493 1526 819 1598; x_wconf 82' lang='grc' dir='ltr'><strong>δυσχέρειαν</strong></span> <span class='ocrx_word' id='word_1_94' title='bbox 899 1530 1175 1599; x_wconf 75' lang='grc' dir='ltr'><strong>πελάγους</strong></span> <span class='ocrx_word' id='word_1_95' title='bbox 1248 1532 1670 1603; x_wconf 85' lang='grc' dir='ltr'><strong>καταμαθοῦσι,</strong></span> <span class='ocrx_word' id='word_1_96' title='bbox 1726 1537 1825 1591; x_wconf 71' lang='grc' dir='ltr'><strong>καὶ</strong></span> 
     </span>
    </p>
   </div>
   <div class='ocr_carea' id='block_1_16' title="bbox 230 1616 1821 1699">
    <p class='ocr_par' dir='ltr' id='par_1_16' title="bbox 230 1616 1821 1699">
     <span class='ocr_line' id='line_1_16' title="bbox 230 1616 1821 1699; baseline 0.01 -31"><span class='ocrx_word' id='word_1_97' title='bbox 230 1616 400 1671; x_wconf 76' lang='grc' dir='ltr'><strong>σάλον</strong></span> <span class='ocrx_word' id='word_1_98' title='bbox 446 1620 543 1673; x_wconf 78' lang='grc' dir='ltr'><strong>καὶ</strong></span> <span class='ocrx_word' id='word_1_99' title='bbox 588 1620 836 1677; x_wconf 80' lang='grc' dir='ltr'><strong>κλύδωνα</strong></span> <span class='ocrx_word' id='word_1_100' title='bbox 878 1623 976 1677; x_wconf 75' lang='grc' dir='ltr'><strong>καὶ</strong></span> <span class='ocrx_word' id='word_1_101' title='bbox 1007 1624 1107 1677; x_wconf 83' lang='grc' dir='ltr'><strong>ὅσα</strong></span> <span class='ocrx_word' id='word_1_102' title='bbox 1139 1623 1274 1677; x_wconf 82' lang='grc' dir='ltr'><strong>πολὺ</strong></span> <span class='ocrx_word' id='word_1_103' title='bbox 1311 1625 1518 1694; x_wconf 75' lang='grc' dir='ltr'><strong>μᾶλλον</strong></span> <span class='ocrx_word' id='word_1_104' title='bbox 1564 1627 1821 1699; x_wconf 80' lang='grc' dir='ltr'><strong>εὔχεσθαι</strong></span> 
     </span>
    </p>
   </div>
   <div class='ocr_carea' id='block_1_17' title="bbox 228 1712 1819 1789">
    <p class='ocr_par' dir='ltr' id='par_1_17' title="bbox 228 1712 1819 1789">
     <span class='ocr_line' id='line_1_17' title="bbox 228 1712 1819 1789; baseline 0.009 -28"><span class='ocrx_word' id='word_1_105' title='bbox 228 1712 647 1779; x_wconf 69' lang='grc' dir='ltr'><strong>καταναγκάζει</strong></span> <span class='ocrx_word' id='word_1_106' title='bbox 700 1715 803 1784; x_wconf 74' lang='grc' dir='ltr'><strong>τὴν</strong></span> <span class='ocrx_word' id='word_1_107' title='bbox 849 1714 1063 1770; x_wconf 69' lang='grc' dir='ltr'><strong>ἐκεῖθεν</strong></span> <span class='ocrx_word' id='word_1_108' title='bbox 1116 1716 1485 1789; x_wconf 76' lang='grc' dir='ltr'><strong>ἀπαλλαγήν·</strong></span> <span class='ocrx_word' id='word_1_109' title='bbox 1538 1719 1664 1774; x_wconf 80' lang='grc' dir='ltr'><strong>ὅθεν</strong></span> <span class='ocrx_word' id='word_1_110' title='bbox 1726 1723 1819 1776; x_wconf 77' lang='grc' dir='ltr'><strong>καὶ</strong></span> 
     </span>
    </p>
   </div>
   <div class='ocr_carea' id='block_1_18' title="bbox 228 1801 1815 1885">
    <p class='ocr_par' dir='ltr' id='par_1_18' title="bbox 228 1801 1815 1885">
     <span class='ocr_line' id='line_1_18' title="bbox 228 1801 1815 1885; baseline 0.008 -30"><span class='ocrx_word' id='word_1_111' title='bbox 228 1801 483 1874; x_wconf 72' lang='grc' dir='ltr'><strong>ἀπέστην</strong></span> <span class='ocrx_word' id='word_1_112' title='bbox 516 1804 583 1858; x_wconf 81' lang='grc' dir='ltr'><strong>ἂν</strong></span> <span class='ocrx_word' id='word_1_113' title='bbox 612 1806 833 1871; x_wconf 81' lang='grc' dir='ltr'><strong>αὐτίκα,</strong></span> <span class='ocrx_word' id='word_1_114' title='bbox 873 1808 923 1860; x_wconf 91' lang='grc' dir='ltr'><strong>εί</strong></span> <span class='ocrx_word' id='word_1_115' title='bbox 951 1809 1027 1879; x_wconf 86' lang='grc' dir='ltr'><strong>μή</strong></span> <span class='ocrx_word' id='word_1_116' title='bbox 1063 1809 1130 1878; x_wconf 88' lang='grc' dir='ltr'><strong>μέ</strong></span> <span class='ocrx_word' id='word_1_117' title='bbox 1155 1826 1240 1873; x_wconf 90' lang='grc' dir='ltr'><strong>τις</strong></span> <span class='ocrx_word' id='word_1_118' title='bbox 1282 1810 1499 1882; x_wconf 78' lang='grc' dir='ltr'><strong>ἀνάγκη</strong></span> <span class='ocrx_word' id='word_1_119' title='bbox 1529 1813 1592 1865; x_wconf 73' lang='grc' dir='ltr'><strong>ἐκ</strong></span> <span class='ocrx_word' id='word_1_120' title='bbox 1637 1830 1815 1885; x_wconf 78' lang='grc' dir='ltr'><strong>προη-</strong></span> 
     </span>
    </p>
   </div>
   <div class='ocr_carea' id='block_1_19' title="bbox 227 1897 1818 1974">
    <p class='ocr_par' dir='ltr' id='par_1_19' title="bbox 227 1897 1818 1974">
     <span class='ocr_line' id='line_1_19' title="bbox 227 1897 1818 1974; baseline 0.009 -28"><span class='ocrx_word' id='word_1_121' title='bbox 227 1897 556 1966; x_wconf 82' lang='grc' dir='ltr'><strong>γησαμένης</strong></span> <span class='ocrx_word' id='word_1_122' title='bbox 607 1897 775 1968; x_wconf 78' lang='grc' dir='ltr'><strong>εὐχῆς</strong></span> <span class='ocrx_word' id='word_1_123' title='bbox 820 1900 1181 1971; x_wconf 81' lang='grc' dir='ltr'><strong>κατασχοῦσα</strong></span> <span class='ocrx_word' id='word_1_124' title='bbox 1230 1897 1322 1974; x_wconf 77' lang='grc' dir='ltr'><strong>ἦν,</strong></span> <span class='ocrx_word' id='word_1_125' title='bbox 1378 1905 1467 1974; x_wconf 86' lang='grc' dir='ltr'><strong>-μή</strong></span> <span class='ocrx_word' id='word_1_126' title='bbox 1534 1921 1668 1958; x_wconf 88' lang='grc' dir='ltr'><strong>ποτε</strong></span> <span class='ocrx_word' id='word_1_127' title='bbox 1725 1907 1818 1960; x_wconf 78' lang='grc' dir='ltr'><strong>τὸν</strong></span> 
     </span>
    </p>
   </div>
   <div class='ocr_carea' id='block_1_20' title="bbox 228 1986 1821 2072">
    <p class='ocr_par' dir='ltr' id='par_1_20' title="bbox 228 1986 1821 2072">
     <span class='ocr_line' id='line_1_20' title="bbox 228 1986 1821 2072; baseline 0.009 -34"><span class='ocrx_word' id='word_1_128' title='bbox 228 1986 391 2056; x_wconf 67' lang='grc' dir='ltr'><strong>λόγον</strong></span> <span class='ocrx_word' id='word_1_129' title='bbox 422 1988 691 2059; x_wconf 78' lang='grc' dir='ltr'><strong>ἐξυφᾶναι</strong></span> <span class='ocrx_word' id='word_1_130' title='bbox 730 1990 808 2063; x_wconf 80' lang='grc' dir='ltr'><strong>τῷ</strong></span> <span class='ocrx_word' id='word_1_131' title='bbox 839 1993 1098 2065; x_wconf 73' lang='grc' dir='ltr'><strong>Μάρτυρι</strong></span> <span class='ocrx_word' id='word_1_132' title='bbox 1130 1994 1327 2064; x_wconf 80' lang='grc' dir='ltr'><strong>βιαίως</strong></span> <span class='ocrx_word' id='word_1_133' title='bbox 1380 1995 1619 2052; x_wconf 66' lang='grc' dir='ltr'><strong>ἐνταῦθα</strong></span> <span class='ocrx_word' id='word_1_134' title='bbox 1655 1999 1821 2072; x_wconf 76' lang='grc' dir='ltr'><strong>συνή-</strong></span> 
     </span>
    </p>
   </div>
   <div class='ocr_carea' id='block_1_21' title="bbox 227 2079 425 2135">
    <p class='ocr_par' dir='ltr' id='par_1_21' title="bbox 227 2079 425 2135">
     <span class='ocr_line' id='line_1_21' title="bbox 227 2079 425 2135; baseline 0.015 -3"><span class='ocrx_word' id='word_1_135' title='bbox 227 2079 425 2135; x_wconf 80' lang='grc' dir='ltr'><strong>λασεν.</strong></span> 
     </span>
    </p>
   </div>
   <div class='ocr_carea' id='block_1_22' title="bbox 301 2171 1816 2248">
    <p class='ocr_par' dir='ltr' id='par_1_22' title="bbox 301 2171 1816 2248">
     <span class='ocr_line' id='line_1_22' title="bbox 301 2171 1816 2248; baseline 0.006 -21"><span class='ocrx_word' id='word_1_136' title='bbox 301 2171 369 2244; x_wconf 84' lang='grc' dir='ltr'><strong>β’.</strong></span> <span class='ocrx_word' id='word_1_137' title='bbox 412 2174 555 2228; x_wconf 78' lang='grc' dir='ltr'><strong>Ἀλλ’</strong></span> <span class='ocrx_word' id='word_1_138' title='bbox 586 2176 777 2248; x_wconf 73' lang='grc' dir='ltr'><strong>ἐπειδή</strong></span> <span class='ocrx_word' id='word_1_139' title='bbox 810 2195 902 2247; x_wconf 88' lang='grc' dir='ltr'><strong>μοι</strong></span> <span class='ocrx_word' id='word_1_140' title='bbox 932 2179 1191 2244; x_wconf 73' lang='grc' dir='ltr'><strong>ἀνάδυσις</strong></span> <span class='ocrx_word' id='word_1_141' title='bbox 1220 2179 1322 2234; x_wconf 72' lang='grc' dir='ltr'><strong>ούκ</strong></span> <span class='ocrx_word' id='word_1_142' title='bbox 1352 2179 1524 2246; x_wconf 63' lang='grc' dir='ltr'><strong>ἔστιν,</strong></span> <span class='ocrx_word' id='word_1_143' title='bbox 1543 2182 1657 2235; x_wconf 75' lang='grc' dir='ltr'><strong>οὐδ’</strong></span> <span class='ocrx_word' id='word_1_144' title='bbox 1680 2183 1816 2236; x_wconf 78' lang='grc' dir='ltr'><strong>ἀπε-</strong></span> 
     </span>
    </p>
   </div>
   <div class='ocr_carea' id='block_1_23' title="bbox 227 2266 1817 2344">
    <p class='ocr_par' dir='ltr' id='par_1_23' title="bbox 227 2266 1817 2344">
     <span class='ocr_line' id='line_1_23' title="bbox 227 2266 1817 2344; baseline 0.007 -26"><span class='ocrx_word' id='word_1_145' title='bbox 227 2266 380 2337; x_wconf 76' lang='grc' dir='ltr'><strong>φυγή</strong></span> <span class='ocrx_word' id='word_1_146' title='bbox 403 2269 517 2332; x_wconf 88' lang='grc' dir='ltr'><strong>τοῖς</strong></span> <span class='ocrx_word' id='word_1_147' title='bbox 543 2268 786 2339; x_wconf 69' lang='grc' dir='ltr'><strong>ἐμαυτοῦ</strong></span> <span class='ocrx_word' id='word_1_148' title='bbox 813 2271 1272 2344; x_wconf 80' lang='grc' dir='ltr'><strong>περιειλημμένῳ</strong></span> <span class='ocrx_word' id='word_1_149' title='bbox 1306 2272 1546 2343; x_wconf 76' lang='grc' dir='ltr'><strong>δεσμοῖς,</strong></span> <span class='ocrx_word' id='word_1_150' title='bbox 1581 2275 1817 2329; x_wconf 75' lang='grc' dir='ltr'><strong>ἐπιϐοῶ-</strong></span> 
     </span>
    </p>
   </div>
   <div class='ocr_carea' id='block_1_24' title="bbox 228 2360 1811 2438">
    <p class='ocr_par' dir='ltr' id='par_1_24' title="bbox 228 2360 1811 2438">
     <span class='ocr_line' id='line_1_24' title="bbox 228 2360 1811 2438; baseline 0.007 -28"><span class='ocrx_word' id='word_1_151' title='bbox 228 2373 330 2426; x_wconf 87' lang='grc' dir='ltr'><strong>μαι</strong></span> <span class='ocrx_word' id='word_1_152' title='bbox 358 2360 501 2414; x_wconf 79' lang='grc' dir='ltr'><strong>κατά</strong></span> <span class='ocrx_word' id='word_1_153' title='bbox 527 2361 639 2413; x_wconf 88' lang='grc' dir='ltr'><strong>τῶν</strong></span> <span class='ocrx_word' id='word_1_154' title='bbox 671 2362 921 2434; x_wconf 82' lang='grc' dir='ltr'><strong>ἀποριῶν</strong></span> <span class='ocrx_word' id='word_1_155' title='bbox 956 2362 1053 2438; x_wconf 79' lang='grc' dir='ltr'><strong>τὴν</strong></span> <span class='ocrx_word' id='word_1_156' title='bbox 1102 2366 1455 2438; x_wconf 71' lang='grc' dir='ltr'><strong>μαρτυριλήν</strong></span> <span class='ocrx_word' id='word_1_157' title='bbox 1504 2368 1686 2437; x_wconf 80' lang='grc' dir='ltr'><strong>χάριν,</strong></span> <span class='ocrx_word' id='word_1_158' title='bbox 1720 2368 1811 2421; x_wconf 73' lang='grc' dir='ltr'><strong>καὶ</strong></span> 
     </span>
    </p>
   </div>
   <div class='ocr_carea' id='block_1_25' title="bbox 219 2448 1809 2533">
    <p class='ocr_par' dir='ltr' id='par_1_25' title="bbox 219 2448 1809 2533">
     <span class='ocr_line' id='line_1_25' title="bbox 219 2448 1809 2533; baseline 0.009 -32"><span class='ocrx_word' id='word_1_159' title='bbox 219 2448 311 2501; x_wconf 72' lang='grc' dir='ltr'><strong>διὰ</strong></span> <span class='ocrx_word' id='word_1_160' title='bbox 339 2450 403 2503; x_wconf 81' lang='grc' dir='ltr'><strong>τὸ</strong></span> <span class='ocrx_word' id='word_1_161' title='bbox 451 2451 684 2523; x_wconf 86' lang='grc' dir='ltr'><strong>σύνηθες</strong></span> <span class='ocrx_word' id='word_1_162' title='bbox 730 2456 825 2508; x_wconf 70' lang='grc' dir='ltr'><strong>ἐπὶ</strong></span> <span class='ocrx_word' id='word_1_163' title='bbox 878 2457 976 2526; x_wconf 78' lang='grc' dir='ltr'><strong>τῆς</strong></span> <span class='ocrx_word' id='word_1_164' title='bbox 1026 2456 1374 2529; x_wconf 71' lang='grc' dir='ltr'><strong>ἐπικλήσεως</strong></span> <span class='ocrx_word' id='word_1_165' title='bbox 1426 2460 1522 2514; x_wconf 70' lang='grc' dir='ltr'><strong>καὶ</strong></span> <span class='ocrx_word' id='word_1_166' title='bbox 1568 2461 1670 2533; x_wconf 78' lang='grc' dir='ltr'><strong>τήν</strong></span> <span class='ocrx_word' id='word_1_167' title='bbox 1719 2464 1809 2517; x_wconf 74' lang='grc' dir='ltr'><strong>ἀεὶ</strong></span> 
     </span>
    </p>
   </div>
   <div class='ocr_carea' id='block_1_26' title="bbox 221 2544 1806 2625">
    <p class='ocr_par' dir='ltr' id='par_1_26' title="bbox 221 2544 1806 2625">
     <span class='ocr_line' id='line_1_26' title="bbox 221 2544 1806 2625; baseline 0.009 -30"><span class='ocrx_word' id='word_1_168' title='bbox 221 2544 583 2616; x_wconf 73' lang='grc' dir='ltr'><strong>συναίσθησιν</strong></span> <span class='ocrx_word' id='word_1_169' title='bbox 617 2549 717 2618; x_wconf 85' lang='grc' dir='ltr'><strong>τῆς</strong></span> <span class='ocrx_word' id='word_1_170' title='bbox 761 2550 893 2620; x_wconf 82' lang='grc' dir='ltr'><strong>παρ’</strong></span> <span class='ocrx_word' id='word_1_171' title='bbox 925 2551 1095 2606; x_wconf 80' lang='grc' dir='ltr'><strong>αὑτοῦ</strong></span> <span class='ocrx_word' id='word_1_172' title='bbox 1127 2550 1412 2623; x_wconf 82' lang='grc' dir='ltr'><strong>βοηθείας,</strong></span> <span class='ocrx_word' id='word_1_173' title='bbox 1463 2554 1701 2625; x_wconf 73' lang='grc' dir='ltr'><strong>μάλιστα</strong></span> <span class='ocrx_word' id='word_1_174' title='bbox 1751 2556 1806 2610; x_wconf 81' lang='grc' dir='ltr'><strong>δὲ</strong></span> 
     </span>
    </p>
   </div>
   <div class='ocr_carea' id='block_1_27' title="bbox 217 2640 1807 2721">
    <p class='ocr_par' dir='ltr' id='par_1_27' title="bbox 217 2640 1807 2721">
     <span class='ocr_line' id='line_1_27' title="bbox 217 2640 1807 2721; baseline 0.009 -30"><span class='ocrx_word' id='word_1_175' title='bbox 217 2640 318 2692; x_wconf 78' lang='grc' dir='ltr'><strong>καὶ</strong></span> <span class='ocrx_word' id='word_1_176' title='bbox 342 2641 407 2694; x_wconf 74' lang='grc' dir='ltr'><strong>τὸ</strong></span> <span class='ocrx_word' id='word_1_177' title='bbox 451 2643 654 2697; x_wconf 73' lang='grc' dir='ltr'><strong>οἰκεῖον</strong></span> <span class='ocrx_word' id='word_1_178' title='bbox 697 2643 799 2711; x_wconf 84' lang='grc' dir='ltr'><strong>τῆς</strong></span> <span class='ocrx_word' id='word_1_179' title='bbox 843 2644 1178 2712; x_wconf 76' lang='grc' dir='ltr'><strong>ὑποθέσεως,</strong></span> <span class='ocrx_word' id='word_1_180' title='bbox 1204 2648 1287 2702; x_wconf 75' lang='grc' dir='ltr'><strong>ὅτι</strong></span> <span class='ocrx_word' id='word_1_181' title='bbox 1319 2648 1493 2720; x_wconf 85' lang='grc' dir='ltr'><strong>δῶρον</strong></span> <span class='ocrx_word' id='word_1_182' title='bbox 1523 2650 1673 2721; x_wconf 81' lang='grc' dir='ltr'><strong>αὑτῷ</strong></span> <span class='ocrx_word' id='word_1_183' title='bbox 1716 2651 1807 2705; x_wconf 82' lang='grc' dir='ltr'><strong>τὸν</strong></span> 
     </span>
    </p>
   </div>
   <div class='ocr_carea' id='block_1_28' title="bbox 214 2732 1805 2810">
    <p class='ocr_par' dir='ltr' id='par_1_28' title="bbox 214 2732 1805 2810">
     <span class='ocr_line' id='line_1_28' title="bbox 214 2732 1805 2810; baseline 0.008 -25"><span class='ocrx_word' id='word_1_184' title='bbox 214 2732 376 2801; x_wconf 68' lang='grc' dir='ltr'><strong>λόγον</strong></span> <span class='ocrx_word' id='word_1_185' title='bbox 413 2735 787 2806; x_wconf 79' lang='grc' dir='ltr'><strong>προσάγομεν.</strong></span> <span class='ocrx_word' id='word_1_186' title='bbox 819 2737 880 2791; x_wconf 80' lang='lat' dir='ltr'><strong>Ei</strong></span> <span class='ocrx_word' id='word_1_187' title='bbox 915 2740 1024 2810; x_wconf 77' lang='grc' dir='ltr'><strong>γὰρ</strong></span> <span class='ocrx_word' id='word_1_188' title='bbox 1066 2739 1160 2793; x_wconf 70' lang='grc' dir='ltr'><strong>καὶ</strong></span> <span class='ocrx_word' id='word_1_189' title='bbox 1192 2741 1489 2795; x_wconf 79' lang='grc' dir='ltr'><strong>ὁποσονοῦν</strong></span> <span class='ocrx_word' id='word_1_190' title='bbox 1539 2745 1805 2798; x_wconf 80' lang='grc' dir='ltr'><strong>ἐπιπνεύ-</strong></span> 
     </span>
    </p>
   </div>
   <div class='ocr_carea' id='block_1_29' title="bbox 217 2827 1802 2906">
    <p class='ocr_par' dir='ltr' id='par_1_29' title="bbox 217 2827 1802 2906">
     <span class='ocr_line' id='line_1_29' title="bbox 217 2827 1802 2906; baseline 0.007 -28"><span class='ocrx_word' id='word_1_191' title='bbox 217 2841 332 2879; x_wconf 67' lang='grc' dir='ltr'><strong>σειε</strong></span> <span class='ocrx_word' id='word_1_192' title='bbox 369 2827 578 2898; x_wconf 79' lang='grc' dir='ltr'><strong>ταύτης</strong></span> <span class='ocrx_word' id='word_1_193' title='bbox 609 2828 753 2899; x_wconf 67' lang='grc' dir='ltr'><strong>ἐμοὶ,</strong></span> <span class='ocrx_word' id='word_1_194' title='bbox 779 2829 848 2901; x_wconf 79' lang='grc' dir='ltr'><strong>ήν</strong></span> <span class='ocrx_word' id='word_1_195' title='bbox 890 2831 1206 2902; x_wconf 80' lang='grc' dir='ltr'><strong>πλουτήσας</strong></span> <span class='ocrx_word' id='word_1_196' title='bbox 1241 2833 1451 2897; x_wconf 79' lang='grc' dir='ltr'><strong>ἐκεῖνος</strong></span> <span class='ocrx_word' id='word_1_197' title='bbox 1481 2836 1634 2906; x_wconf 83' lang='grc' dir='ltr'><strong>παρὰ</strong></span> <span class='ocrx_word' id='word_1_198' title='bbox 1665 2836 1802 2890; x_wconf 82' lang='grc' dir='ltr'><strong>Θεοῦ</strong></span> 
     </span>
    </p>
   </div>
   <div class='ocr_carea' id='block_1_30' title="bbox 216 2917 1801 2998">
    <p class='ocr_par' dir='ltr' id='par_1_30' title="bbox 216 2917 1801 2998">
     <span class='ocr_line' id='line_1_30' title="bbox 216 2917 1801 2998; baseline 0.008 -28"><span class='ocrx_word' id='word_1_199' title='bbox 216 2917 404 2988; x_wconf 67' lang='grc' dir='ltr'><strong>χάριν,</strong></span> <span class='ocrx_word' id='word_1_200' title='bbox 433 2920 731 2992; x_wconf 74' lang='grc' dir='ltr'><strong>ἐκαρτέρει</strong></span> <span class='ocrx_word' id='word_1_201' title='bbox 750 2923 850 2993; x_wconf 76' lang='grc' dir='ltr'><strong>μὲν</strong></span> <span class='ocrx_word' id='word_1_202' title='bbox 882 2924 1114 2993; x_wconf 78' lang='grc' dir='ltr'><strong>πάσχων</strong></span> <span class='ocrx_word' id='word_1_203' title='bbox 1140 2923 1175 2978; x_wconf 77' lang='grc' dir='ltr'><strong>ἃ</strong></span> <span class='ocrx_word' id='word_1_204' title='bbox 1212 2924 1288 2998; x_wconf 78' lang='grc' dir='ltr'><strong>μὴ</strong></span> <span class='ocrx_word' id='word_1_205' title='bbox 1333 2929 1546 2995; x_wconf 70' lang='grc' dir='ltr'><strong>πέφυκε</strong></span> <span class='ocrx_word' id='word_1_206' title='bbox 1585 2928 1801 2998; x_wconf 77' lang='grc' dir='ltr'><strong>στέγειν</strong></span> 
     </span>
    </p>
   </div>
   <div class='ocr_carea' id='block_1_31' title="bbox 214 3009 1797 3090">
    <p class='ocr_par' dir='ltr' id='par_1_31' title="bbox 214 3009 1797 3090">
     <span class='ocr_line' id='line_1_31' title="bbox 214 3009 1797 3090; baseline -0.003 -13"><span class='ocrx_word' id='word_1_207' title='bbox 214 3011 246 3078; x_wconf 68' lang='grc' dir='ltr'>ἡ</span> <span class='ocrx_word' id='word_1_208' title='bbox 282 3009 471 3079; x_wconf 74' lang='grc' dir='ltr'><strong>φύσις,</strong></span> <span class='ocrx_word' id='word_1_209' title='bbox 502 3013 789 3083; x_wconf 75' lang='grc' dir='ltr'><strong>εἰργάζετο</strong></span> <span class='ocrx_word' id='word_1_210' title='bbox 811 3014 870 3069; x_wconf 81' lang='grc' dir='ltr'><strong>δὲ</strong></span> <span class='ocrx_word' id='word_1_211' title='bbox 903 3014 1046 3085; x_wconf 85' lang='grc' dir='ltr'><strong>δρῶν</strong></span> <span class='ocrx_word' id='word_1_212' title='bbox 1075 3016 1177 3070; x_wconf 78' lang='grc' dir='ltr'><strong>ὅσα</strong></span> <span class='ocrx_word' id='word_1_213' title='bbox 1214 3017 1291 3089; x_wconf 76' lang='grc' dir='ltr'><strong>μὴ</strong></span> <span class='ocrx_word' id='word_1_214' title='bbox 1337 3013 1481 3072; x_wconf 72' lang='grc' dir='ltr'><strong>οἶδεν</strong></span> <span class='ocrx_word' id='word_1_215' title='bbox 1515 3021 1547 3090; x_wconf 89' lang='grc' dir='ltr'><strong>ή</strong></span> <span class='ocrx_word' id='word_1_216' title='bbox 1588 3021 1752 3090; x_wconf 80' lang='grc' dir='ltr'><strong>φύσις</strong></span> <span class='ocrx_word' id='word_1_217' title='bbox 1780 3038 1797 3055; x_wconf 80' lang='grc' dir='ltr'><strong><em>ο</em></strong></span> 
     </span>
    </p>
   </div>
   <div class='ocr_carea' id='block_1_32' title="bbox 211 3102 1797 3182">
    <p class='ocr_par' dir='ltr' id='par_1_32' title="bbox 211 3102 1797 3182">
     <span class='ocr_line' id='line_1_32' title="bbox 211 3102 1797 3182; baseline 0.008 -29"><span class='ocrx_word' id='word_1_218' title='bbox 211 3102 313 3154; x_wconf 77' lang='grc' dir='ltr'><strong>οὐκ</strong></span> <span class='ocrx_word' id='word_1_219' title='bbox 343 3104 606 3159; x_wconf 51' lang='lat' dir='ltr'><strong>suaenam</strong></span> <span class='ocrx_word' id='word_1_220' title='bbox 651 3107 908 3175; x_wconf 72' lang='grc' dir='ltr'><strong>περὶτοῦ</strong></span> <span class='ocrx_word' id='word_1_221' title='bbox 950 3110 1376 3182; x_wconf 71' lang='grc' dir='ltr'><strong>ἐγχειρήματος,</strong></span> <span class='ocrx_word' id='word_1_222' title='bbox 1417 3112 1465 3163; x_wconf 88' lang='grc' dir='ltr'><strong>εί</strong></span> <span class='ocrx_word' id='word_1_223' title='bbox 1512 3115 1595 3176; x_wconf 74' lang='grc' dir='ltr'><strong>εἰς</strong></span> <span class='ocrx_word' id='word_1_224' title='bbox 1644 3114 1797 3179; x_wconf 90' lang='grc' dir='ltr'><strong>τέλος</strong></span> 
     </span>
    </p>
   </div>
   <div class='ocr_carea' id='block_1_33' title="bbox 1938 618 3520 695">
    <p class='ocr_par' dir='ltr' id='par_1_33' title="bbox 1938 618 3520 695">
     <span class='ocr_line' id='line_1_33' title="bbox 1938 618 3520 695; baseline 0.007 -24"><span class='ocrx_word' id='word_1_225' title='bbox 1938 632 2060 672; x_wconf 90' lang='lat' dir='ltr'><strong>rum</strong></span> <span class='ocrx_word' id='word_1_226' title='bbox 2093 618 2337 685; x_wconf 86' lang='lat' dir='ltr'><strong>nomine,</strong></span> <span class='ocrx_word' id='word_1_227' title='bbox 2383 628 2706 691; x_wconf 88' lang='lat' dir='ltr'><strong>tantumque</strong></span> <span class='ocrx_word' id='word_1_228' title='bbox 2743 633 3148 692; x_wconf 77' lang='lat' dir='ltr'><strong>argumentum,</strong></span> <span class='ocrx_word' id='word_1_229' title='bbox 3178 634 3382 695; x_wconf 89' lang='lat' dir='ltr'><strong>quanta</strong></span> <span class='ocrx_word' id='word_1_230' title='bbox 3433 639 3520 682; x_wconf 84' lang='lat' dir='ltr'><strong>est</strong></span> 
     </span>
    </p>
   </div>
   <div class='ocr_carea' id='block_1_34' title="bbox 1936 710 3541 790">
    <p class='ocr_par' dir='ltr' id='par_1_34' title="bbox 1936 710 3541 790">
     <span class='ocr_line' id='line_1_34' title="bbox 1936 710 3541 790; baseline 0.007 -26"><span class='ocrx_word' id='word_1_231' title='bbox 1936 710 2109 778; x_wconf 83' lang='lat' dir='ltr'><strong>ipsius</strong></span> <span class='ocrx_word' id='word_1_232' title='bbox 2147 711 2410 778; x_wconf 72' lang='lat' dir='ltr'><strong>laudatio,</strong></span> <span class='ocrx_word' id='word_1_233' title='bbox 2442 723 2845 785; x_wconf 87' lang='lat' dir='ltr'><strong>assumpturus,</strong></span> <span class='ocrx_word' id='word_1_234' title='bbox 2880 715 3069 771; x_wconf 87' lang='lat' dir='ltr'><strong>nescio</strong></span> <span class='ocrx_word' id='word_1_235' title='bbox 3108 718 3541 790; x_wconf 52' lang='lat' dir='ltr'><strong>utrumjnstius‘</strong></span> 
     </span>
    </p>
   </div>
   <div class='ocr_carea' id='block_1_35' title="bbox 1935 804 3516 880">
    <p class='ocr_par' dir='ltr' id='par_1_35' title="bbox 1935 804 3516 880">
     <span class='ocr_line' id='line_1_35' title="bbox 1935 804 3516 880; baseline 0.004 -22"><span class='ocrx_word' id='word_1_236' title='bbox 1935 804 2154 873; x_wconf 86' lang='lat' dir='ltr'><strong>aliquis.</strong></span> <span class='ocrx_word' id='word_1_237' title='bbox 2185 806 2345 860; x_wconf 79' lang='lat' dir='ltr'><strong>alicui</strong></span> <span class='ocrx_word' id='word_1_238' title='bbox 2378 806 2623 862; x_wconf 82' lang='lat' dir='ltr'><strong>materiae</strong></span> <span class='ocrx_word' id='word_1_239' title='bbox 2651 822 2810 863; x_wconf 90' lang='lat' dir='ltr'><strong>suum</strong></span> <span class='ocrx_word' id='word_1_240' title='bbox 2845 809 3217 879; x_wconf 75' lang='lat' dir='ltr'><strong>applicatur-us</strong></span> <span class='ocrx_word' id='word_1_241' title='bbox 3247 814 3516 880; x_wconf 89' lang='lat' dir='ltr'><strong>studium,</strong></span> 
     </span>
    </p>
   </div>
   <div class='ocr_carea' id='block_1_36' title="bbox 1937 896 3518 974">
    <p class='ocr_par' dir='ltr' id='par_1_36' title="bbox 1937 896 3518 974">
     <span class='ocr_line' id='line_1_36' title="bbox 1937 896 3518 974; baseline 0.005 -24"><span class='ocrx_word' id='word_1_242' title='bbox 1937 896 2155 968; x_wconf 76' lang='lat' dir='ltr'><strong>przefari</strong></span> <span class='ocrx_word' id='word_1_243' title='bbox 2205 899 2404 968; x_wconf 88' lang='lat' dir='ltr'><strong>possit,</strong></span> <span class='ocrx_word' id='word_1_244' title='bbox 2448 912 2703 970; x_wconf 79' lang='lat' dir='ltr'><strong>magnum</strong></span> <span class='ocrx_word' id='word_1_245' title='bbox 2733 914 2856 955; x_wconf 80' lang='lat' dir='ltr'><strong>esse</strong></span> <span class='ocrx_word' id='word_1_246' title='bbox 2902 900 3168 965; x_wconf 88' lang='lat' dir='ltr'><strong>laborem,</strong></span> <span class='ocrx_word' id='word_1_247' title='bbox 3196 918 3358 973; x_wconf 91' lang='lat' dir='ltr'><strong>quem</strong></span> <span class='ocrx_word' id='word_1_248' title='bbox 3418 920 3518 974; x_wconf 81' lang='lat' dir='ltr'><strong>ag-</strong></span> 
     </span>
    </p>
   </div>
   <div class='ocr_carea' id='block_1_37' title="bbox 1933 989 3508 1063">
    <p class='ocr_par' dir='ltr' id='par_1_37' title="bbox 1933 989 3508 1063">
     <span class='ocr_line' id='line_1_37' title="bbox 1933 989 3508 1063; baseline 0.006 -22"><span class='ocrx_word' id='word_1_249' title='bbox 1933 989 2084 1057; x_wconf 83' lang='lat' dir='ltr'><strong>gredi</strong></span> <span class='ocrx_word' id='word_1_250' title='bbox 2118 990 2326 1055; x_wconf 69' lang='lat' dir='ltr'><strong>timrat,</strong></span> <span class='ocrx_word' id='word_1_251' title='bbox 2351 998 2406 1046; x_wconf 91' lang='lat' dir='ltr'><strong>et</strong></span> <span class='ocrx_word' id='word_1_252' title='bbox 2431 992 2586 1063; x_wconf 86' lang='lat' dir='ltr'><strong>cujus</strong></span> <span class='ocrx_word' id='word_1_253' title='bbox 2622 992 2861 1062; x_wconf 79' lang='lat' dir='ltr'><strong>suscepti</strong></span> <span class='ocrx_word' id='word_1_254' title='bbox 2891 993 3129 1063; x_wconf 90' lang='lat' dir='ltr'><strong>postulet</strong></span> <span class='ocrx_word' id='word_1_255' title='bbox 3159 995 3263 1049; x_wconf 86' lang='lat' dir='ltr'><strong>sibi</strong></span> <span class='ocrx_word' id='word_1_256' title='bbox 3292 997 3508 1051; x_wconf 73' lang='lat' dir='ltr'><strong>veniam</strong></span> 
     </span>
    </p>
   </div>
   <div class='ocr_carea' id='block_1_38' title="bbox 1932 1082 3512 1159">
    <p class='ocr_par' dir='ltr' id='par_1_38' title="bbox 1932 1082 3512 1159">
     <span class='ocr_line' id='line_1_38' title="bbox 1932 1082 3512 1159; baseline 0.007 -24"><span class='ocrx_word' id='word_1_257' title='bbox 1932 1082 2071 1136; x_wconf 86' lang='lat' dir='ltr'><strong>dari.</strong></span> <span class='ocrx_word' id='word_1_258' title='bbox 2118 1082 2290 1150; x_wconf 65' lang='lat' dir='ltr'><strong>Igitur</strong></span> <span class='ocrx_word' id='word_1_259' title='bbox 2325 1084 2568 1138; x_wconf 89' lang='lat' dir='ltr'><strong>animum</strong></span> <span class='ocrx_word' id='word_1_260' title='bbox 2601 1084 2655 1139; x_wconf 91' lang='lat' dir='ltr'><strong>in</strong></span> <span class='ocrx_word' id='word_1_261' title='bbox 2713 1100 2838 1140; x_wconf 87' lang='lat' dir='ltr'><strong>eum</strong></span> <span class='ocrx_word' id='word_1_262' title='bbox 2895 1085 3192 1142; x_wconf 89' lang='lat' dir='ltr'><strong>intendens</strong></span> <span class='ocrx_word' id='word_1_263' title='bbox 3228 1089 3307 1143; x_wconf 88' lang='lat' dir='ltr'><strong>sic</strong></span> <span class='ocrx_word' id='word_1_264' title='bbox 3350 1090 3512 1159; x_wconf 83' lang='lat' dir='ltr'><strong>plane</strong></span> 
     </span>
    </p>
   </div>
   <div class='ocr_carea' id='block_1_39' title="bbox 1931 1175 3509 1252">
    <p class='ocr_par' dir='ltr' id='par_1_39' title="bbox 1931 1175 3509 1252">
     <span class='ocr_line' id='line_1_39' title="bbox 1931 1175 3509 1252; baseline 0.004 -24"><span class='ocrx_word' id='word_1_265' title='bbox 1931 1190 2123 1246; x_wconf 74' lang='lat' dir='ltr'><strong>angor,</strong></span> <span class='ocrx_word' id='word_1_266' title='bbox 2158 1183 2217 1230; x_wconf 90' lang='lat' dir='ltr'><strong>ut</strong></span> <span class='ocrx_word' id='word_1_267' title='bbox 2269 1175 2402 1229; x_wconf 85' lang='lat' dir='ltr'><strong>mihi</strong></span> <span class='ocrx_word' id='word_1_268' title='bbox 2437 1176 2624 1230; x_wconf 80' lang='lat' dir='ltr'><strong>videar</strong></span> <span class='ocrx_word' id='word_1_269' title='bbox 2649 1217 2663 1241; x_wconf 96' lang='lat'><strong>,</strong></span> <span class='ocrx_word' id='word_1_270' title='bbox 2712 1193 2836 1232; x_wconf 89' lang='lat' dir='ltr'><strong>cum</strong></span> <span class='ocrx_word' id='word_1_271' title='bbox 2867 1177 2951 1233; x_wconf 80' lang='lat' dir='ltr'><strong>vel</strong></span> <span class='ocrx_word' id='word_1_272' title='bbox 2988 1180 3178 1246; x_wconf 88' lang='lat' dir='ltr'><strong>primis</strong></span> <span class='ocrx_word' id='word_1_273' title='bbox 3227 1181 3509 1252; x_wconf 86' lang='lat' dir='ltr'><strong>attigcndo</strong></span> 
     </span>
    </p>
   </div>
   <div class='ocr_carea' id='block_1_40' title="bbox 1929 1267 3511 1342">
    <p class='ocr_par' dir='ltr' id='par_1_40' title="bbox 1929 1267 3511 1342">
     <span class='ocr_line' id='line_1_40' title="bbox 1929 1267 3511 1342; baseline 0.005 -21"><span class='ocrx_word' id='word_1_274' title='bbox 1929 1267 2136 1336; x_wconf 75' lang='lat' dir='ltr'><strong>digitis.</strong></span> <span class='ocrx_word' id='word_1_275' title='bbox 2177 1267 2319 1323; x_wconf 90' lang='lat' dir='ltr'><strong>idem</strong></span> <span class='ocrx_word' id='word_1_276' title='bbox 2344 1268 2476 1339; x_wconf 87' lang='lat' dir='ltr'><strong>pati,</strong></span> <span class='ocrx_word' id='word_1_277' title='bbox 2503 1270 2646 1339; x_wconf 83' lang='lat' dir='ltr'><strong>quod</strong></span> <span class='ocrx_word' id='word_1_278' title='bbox 2680 1270 2718 1324; x_wconf 88' lang='lat' dir='ltr'><strong>ii</strong></span> <span class='ocrx_word' id='word_1_279' title='bbox 2750 1272 2841 1337; x_wconf 90' lang='lat' dir='ltr'><strong>qui</strong></span> <span class='ocrx_word' id='word_1_280' title='bbox 2872 1286 2938 1324; x_wconf 76' lang='lat' dir='ltr'><strong>ex</strong></span> <span class='ocrx_word' id='word_1_281' title='bbox 2971 1271 3244 1341; x_wconf 82' lang='lat' dir='ltr'><strong>imperitia</strong></span> <span class='ocrx_word' id='word_1_282' title='bbox 3280 1274 3511 1342; x_wconf 87' lang='lat' dir='ltr'><strong>cupiunt</strong></span> 
     </span>
    </p>
   </div>
   <div class='ocr_carea' id='block_1_41' title="bbox 1928 1359 3509 1428">
    <p class='ocr_par' dir='ltr' id='par_1_41' title="bbox 1928 1359 3509 1428">
     <span class='ocr_line' id='line_1_41' title="bbox 1928 1359 3509 1428; baseline 0.004 -16"><span class='ocrx_word' id='word_1_283' title='bbox 1928 1373 2082 1413; x_wconf 87' lang='lat' dir='ltr'><strong>mare</strong></span> <span class='ocrx_word' id='word_1_284' title='bbox 2106 1359 2497 1428; x_wconf 84' lang='lat' dir='ltr'><strong>conscendere,</strong></span> <span class='ocrx_word' id='word_1_285' title='bbox 2549 1362 2979 1417; x_wconf 84' lang='lat' dir='ltr'><strong>conscendentes</strong></span> <span class='ocrx_word' id='word_1_286' title='bbox 3009 1373 3191 1418; x_wconf 85' lang='lat' dir='ltr'><strong>autem</strong></span> <span class='ocrx_word' id='word_1_287' title='bbox 3223 1364 3279 1418; x_wconf 89' lang='lat' dir='ltr'><strong>in</strong></span> <span class='ocrx_word' id='word_1_288' title='bbox 3312 1364 3509 1419; x_wconf 82' lang='lat' dir='ltr'><strong>adver-</strong></span> 
     </span>
    </p>
   </div>
   <div class='ocr_carea' id='block_1_42' title="bbox 1926 1449 3510 1524">
    <p class='ocr_par' dir='ltr' id='par_1_42' title="bbox 1926 1449 3510 1524">
     <span class='ocr_line' id='line_1_42' title="bbox 1926 1449 3510 1524; baseline 0.004 -19"><span class='ocrx_word' id='word_1_289' title='bbox 1926 1465 2049 1505; x_wconf 85' lang='lat' dir='ltr'><strong>sum</strong></span> <span class='ocrx_word' id='word_1_290' title='bbox 2082 1449 2242 1507; x_wconf 84' lang='lat' dir='ltr'><strong>littus</strong></span> <span class='ocrx_word' id='word_1_291' title='bbox 2299 1452 2640 1523; x_wconf 79' lang='lat' dir='ltr'><strong>protendunt</strong></span> <span class='ocrx_word' id='word_1_292' title='bbox 2687 1454 2985 1519; x_wconf 78' lang='lat' dir='ltr'><strong>desideria,</strong></span> <span class='ocrx_word' id='word_1_293' title='bbox 3028 1456 3367 1524; x_wconf 72' lang='lat' dir='ltr'><strong>etperiendo</strong></span> <span class='ocrx_word' id='word_1_294' title='bbox 3422 1458 3510 1511; x_wconf 88' lang='lat' dir='ltr'><strong>di-</strong></span> 
     </span>
    </p>
   </div>
   <div class='ocr_carea' id='block_1_43' title="bbox 1925 1544 3508 1620">
    <p class='ocr_par' dir='ltr' id='par_1_43' title="bbox 1925 1544 3508 1620">
     <span class='ocr_line' id='line_1_43' title="bbox 1925 1544 3508 1620; baseline 0.003 -22"><span class='ocrx_word' id='word_1_295' title='bbox 1925 1552 2143 1599; x_wconf 86' lang='lat' dir='ltr'><strong>scentes</strong></span> <span class='ocrx_word' id='word_1_296' title='bbox 2179 1544 2442 1600; x_wconf 73' lang='lat' dir='ltr'><strong>saevitiam</strong></span> <span class='ocrx_word' id='word_1_297' title='bbox 2477 1546 2673 1618; x_wconf 80' lang='lat' dir='ltr'><strong>pelagi,</strong></span> <span class='ocrx_word' id='word_1_298' title='bbox 2703 1548 2933 1618; x_wconf 59' lang='lat' dir='ltr'><strong>ejusque</strong></span> <span class='ocrx_word' id='word_1_299' title='bbox 2963 1551 3233 1620; x_wconf 85' lang='lat' dir='ltr'><strong>procellas</strong></span> <span class='ocrx_word' id='word_1_300' title='bbox 3279 1558 3335 1605; x_wconf 86' lang='lat' dir='ltr'><strong>et</strong></span> <span class='ocrx_word' id='word_1_301' title='bbox 3369 1558 3508 1603; x_wconf 87' lang='lat' dir='ltr'><strong>tem-</strong></span> 
     </span>
    </p>
   </div>
   <div class='ocr_carea' id='block_1_44' title="bbox 1924 1638 3506 1713">
    <p class='ocr_par' dir='ltr' id='par_1_44' title="bbox 1924 1638 3506 1713">
     <span class='ocr_line' id='line_1_44' title="bbox 1924 1638 3506 1713; baseline 0.006 -25"><span class='ocrx_word' id='word_1_302' title='bbox 1924 1643 2164 1704; x_wconf 83' lang='lat' dir='ltr'><strong>pestates</strong></span> <span class='ocrx_word' id='word_1_303' title='bbox 2188 1645 2244 1692; x_wconf 90' lang='lat' dir='ltr'><strong>et</strong></span> <span class='ocrx_word' id='word_1_304' title='bbox 2276 1652 2621 1709; x_wconf 59' lang='lat' dir='ltr'><strong>quacunque</strong></span> <span class='ocrx_word' id='word_1_305' title='bbox 2668 1638 2772 1692; x_wconf 88' lang='lat' dir='ltr'><strong>alia</strong></span> <span class='ocrx_word' id='word_1_306' title='bbox 2805 1642 2982 1695; x_wconf 83' lang='lat' dir='ltr'><strong>solent</strong></span> <span class='ocrx_word' id='word_1_307' title='bbox 3028 1658 3221 1712; x_wconf 81' lang='lat' dir='ltr'><strong>cogere</strong></span> <span class='ocrx_word' id='word_1_308' title='bbox 3246 1682 3260 1707; x_wconf 93' lang='lat'><strong>,</strong></span> <span class='ocrx_word' id='word_1_309' title='bbox 3297 1653 3356 1697; x_wconf 91' lang='lat' dir='ltr'><strong>ut</strong></span> <span class='ocrx_word' id='word_1_310' title='bbox 3381 1642 3506 1713; x_wconf 85' lang='lat' dir='ltr'><strong>quis</strong></span> 
     </span>
    </p>
   </div>
   <div class='ocr_carea' id='block_1_45' title="bbox 1922 1727 3501 1802">
    <p class='ocr_par' dir='ltr' id='par_1_45' title="bbox 1922 1727 3501 1802">
     <span class='ocr_line' id='line_1_45' title="bbox 1922 1727 3501 1802; baseline 0.007 -22"><span class='ocrx_word' id='word_1_311' title='bbox 1922 1734 2075 1796; x_wconf 84' lang='lat' dir='ltr'><strong>optet</strong></span> <span class='ocrx_word' id='word_1_312' title='bbox 2103 1727 2231 1785; x_wconf 83' lang='lat' dir='ltr'><strong>inde</strong></span> <span class='ocrx_word' id='word_1_313' title='bbox 2260 1731 2452 1786; x_wconf 86' lang='lat' dir='ltr'><strong>abesse</strong></span> <span class='ocrx_word' id='word_1_314' title='bbox 2481 1730 2717 1802; x_wconf 62' lang='lat' dir='ltr'><strong>longius.</strong></span> <span class='ocrx_word' id='word_1_315' title='bbox 2743 1731 2898 1799; x_wconf 84' lang='lat' dir='ltr'><strong>Quod</strong></span> <span class='ocrx_word' id='word_1_316' title='bbox 2928 1748 3059 1789; x_wconf 91' lang='lat' dir='ltr'><strong>sane</strong></span> <span class='ocrx_word' id='word_1_317' title='bbox 3096 1736 3238 1789; x_wconf 87' lang='lat' dir='ltr'><strong>haud</strong></span> <span class='ocrx_word' id='word_1_318' title='bbox 3265 1736 3501 1791; x_wconf 88' lang='lat' dir='ltr'><strong>multum</strong></span> 
     </span>
    </p>
   </div>
   <div class='ocr_carea' id='block_1_46' title="bbox 1922 1818 3504 1898">
    <p class='ocr_par' dir='ltr' id='par_1_46' title="bbox 1922 1818 3504 1898">
     <span class='ocr_line' id='line_1_46' title="bbox 1922 1818 3504 1898; baseline 0.006 -26"><span class='ocrx_word' id='word_1_319' title='bbox 1922 1818 2078 1875; x_wconf 80' lang='lat' dir='ltr'><strong>abest</strong></span> <span class='ocrx_word' id='word_1_320' title='bbox 2109 1836 2138 1876; x_wconf 87' lang='lat' dir='ltr'><strong>a</strong></span> <span class='ocrx_word' id='word_1_321' title='bbox 2194 1836 2300 1886; x_wconf 91' lang='lat' dir='ltr'><strong>me,</strong></span> <span class='ocrx_word' id='word_1_322' title='bbox 2335 1822 2441 1877; x_wconf 87' lang='lat' dir='ltr'><strong>nisi</strong></span> <span class='ocrx_word' id='word_1_323' title='bbox 2488 1823 2557 1878; x_wconf 86' lang='lat' dir='ltr'><strong>ab</strong></span> <span class='ocrx_word' id='word_1_324' title='bbox 2597 1824 2870 1895; x_wconf 88' lang='lat' dir='ltr'><strong>ejusmodi</strong></span> <span class='ocrx_word' id='word_1_325' title='bbox 2915 1833 3047 1880; x_wconf 80' lang='lat' dir='ltr'><strong>voto</strong></span> <span class='ocrx_word' id='word_1_326' title='bbox 3086 1826 3338 1882; x_wconf 78' lang='lat' dir='ltr'><strong>faciendo</strong></span> <span class='ocrx_word' id='word_1_327' title='bbox 3370 1842 3504 1898; x_wconf 90' lang='lat' dir='ltr'><strong>pro-</strong></span> 
     </span>
    </p>
   </div>
   <div class='ocr_carea' id='block_1_47' title="bbox 1925 1917 3497 1992">
    <p class='ocr_par' dir='ltr' id='par_1_47' title="bbox 1925 1917 3497 1992">
     <span class='ocr_line' id='line_1_47' title="bbox 1925 1917 3497 1992; baseline 0.006 -21"><span class='ocrx_word' id='word_1_328' title='bbox 1925 1917 2120 1973; x_wconf 50' lang='lat' dir='ltr'><strong>hibens</strong></span> <span class='ocrx_word' id='word_1_329' title='bbox 2149 1921 2449 1976; x_wconf 84' lang='lat' dir='ltr'><strong>necessitas</strong></span> <span class='ocrx_word' id='word_1_330' title='bbox 2477 1921 2725 1991; x_wconf 65' lang='lat' dir='ltr'><strong>quaedam</strong></span> <span class='ocrx_word' id='word_1_331' title='bbox 2775 1922 3046 1978; x_wconf 82' lang='lat' dir='ltr'><strong>violenter</strong></span> <span class='ocrx_word' id='word_1_332' title='bbox 3076 1924 3183 1979; x_wconf 87' lang='lat' dir='ltr'><strong>huc</strong></span> <span class='ocrx_word' id='word_1_333' title='bbox 3216 1926 3497 1992; x_wconf 75' lang='lat' dir='ltr'><strong>traxissrt,</strong></span> 
     </span>
    </p>
   </div>
   <div class='ocr_carea' id='block_1_48' title="bbox 1921 2009 3500 2088">
    <p class='ocr_par' dir='ltr' id='par_1_48' title="bbox 1921 2009 3500 2088">
     <span class='ocr_line' id='line_1_48' title="bbox 1921 2009 3500 2088; baseline 0.006 -25"><span class='ocrx_word' id='word_1_334' title='bbox 1921 2009 1987 2063; x_wconf 87' lang='lat' dir='ltr'><strong>ad</strong></span> <span class='ocrx_word' id='word_1_335' title='bbox 2015 2010 2323 2066; x_wconf 84' lang='lat' dir='ltr'><strong>orationem</strong></span> <span class='ocrx_word' id='word_1_336' title='bbox 2350 2012 2647 2083; x_wconf 85' lang='lat' dir='ltr'><strong>aliquando</strong></span> <span class='ocrx_word' id='word_1_337' title='bbox 2678 2014 2896 2069; x_wconf 88' lang='lat' dir='ltr'><strong>tandem</strong></span> <span class='ocrx_word' id='word_1_338' title='bbox 2946 2014 3167 2088; x_wconf 82' lang='lat' dir='ltr'><strong>Martyri</strong></span> <span class='ocrx_word' id='word_1_339' title='bbox 3207 2026 3500 2087; x_wconf 67' lang='lat' dir='ltr'><strong>pertexcu-</strong></span> 
     </span>
    </p>
   </div>
   <div class='ocr_carea' id='block_1_49' title="bbox 1920 2101 2068 2157">
    <p class='ocr_par' dir='ltr' id='par_1_49' title="bbox 1920 2101 2068 2157">
     <span class='ocr_line' id='line_1_49' title="bbox 1920 2101 2068 2157; baseline 0.007 -1"><span class='ocrx_word' id='word_1_340' title='bbox 1920 2101 2068 2157; x_wconf 69' lang='lat' dir='ltr'><strong>dum.</strong></span> 
     </span>
    </p>
   </div>
   <div class='ocr_carea' id='block_1_50' title="bbox 1991 2193 3496 2274">
    <p class='ocr_par' dir='ltr' id='par_1_50' title="bbox 1991 2193 3496 2274">
     <span class='ocr_line' id='line_1_50' title="bbox 1991 2193 3496 2274; baseline 0.007 -26"><span class='ocrx_word' id='word_1_341' title='bbox 1991 2193 2047 2248; x_wconf 71' lang='grc'><strong>2.</strong></span> <span class='ocrx_word' id='word_1_342' title='bbox 2089 2193 2360 2262; x_wconf 85' lang='lat' dir='ltr'><strong>Quoniam</strong></span> <span class='ocrx_word' id='word_1_343' title='bbox 2392 2213 2524 2252; x_wconf 84' lang='lat' dir='ltr'><strong>vero</strong></span> <span class='ocrx_word' id='word_1_344' title='bbox 2583 2213 2760 2268; x_wconf 88' lang='lat' dir='ltr'><strong>neque</strong></span> <span class='ocrx_word' id='word_1_345' title='bbox 2791 2200 3082 2256; x_wconf 89' lang='lat' dir='ltr'><strong>solutionis</strong></span> <span class='ocrx_word' id='word_1_346' title='bbox 3130 2216 3259 2271; x_wconf 82' lang='lat' dir='ltr'><strong>spes</strong></span> <span class='ocrx_word' id='word_1_347' title='bbox 3306 2218 3496 2274; x_wconf 66' lang='lat' dir='ltr'><strong>neque</strong></span> 
     </span>
    </p>
   </div>
   <div class='ocr_carea' id='block_1_51' title="bbox 1914 2285 3491 2363">
    <p class='ocr_par' dir='ltr' id='par_1_51' title="bbox 1914 2285 3491 2363">
     <span class='ocr_line' id='line_1_51' title="bbox 1914 2285 3491 2363; baseline 0.006 -22"><span class='ocrx_word' id='word_1_348' title='bbox 1914 2285 2100 2358; x_wconf 78' lang='lat' dir='ltr'><strong>rll&#39;ugii</strong></span> <span class='ocrx_word' id='word_1_349' title='bbox 2130 2289 2283 2347; x_wconf 87' lang='lat' dir='ltr'><strong>locus</strong></span> <span class='ocrx_word' id='word_1_350' title='bbox 2310 2290 2442 2344; x_wconf 79' lang='lat' dir='ltr'><strong>milii</strong></span> <span class='ocrx_word' id='word_1_351' title='bbox 2468 2294 2570 2355; x_wconf 80' lang='lat' dir='ltr'><strong>est,</strong></span> <span class='ocrx_word' id='word_1_352' title='bbox 2608 2292 2842 2363; x_wconf 86' lang='lat' dir='ltr'><strong>propriis</strong></span> <span class='ocrx_word' id='word_1_353' title='bbox 2872 2294 3169 2349; x_wconf 83' lang='lat' dir='ltr'><strong>constricto</strong></span> <span class='ocrx_word' id='word_1_354' title='bbox 3207 2296 3438 2352; x_wconf 77' lang='lat' dir='ltr'><strong>vinculis</strong></span> <span class='ocrx_word' id='word_1_355' title='bbox 3474 2335 3491 2359; x_wconf 87' lang='lat'><strong><em>.</em></strong></span> 
     </span>
    </p>
   </div>
   <div class='ocr_carea' id='block_1_52' title="bbox 1918 2379 3495 2457">
    <p class='ocr_par' dir='ltr' id='par_1_52' title="bbox 1918 2379 3495 2457">
     <span class='ocr_line' id='line_1_52' title="bbox 1918 2379 3495 2457; baseline 0.006 -24"><span class='ocrx_word' id='word_1_356' title='bbox 1918 2379 2179 2450; x_wconf 76' lang='lat' dir='ltr'><strong>inclamo,</strong></span> <span class='ocrx_word' id='word_1_357' title='bbox 2213 2382 2290 2436; x_wconf 90' lang='lat' dir='ltr'><strong>uti</strong></span> <span class='ocrx_word' id='word_1_358' title='bbox 2325 2382 2505 2439; x_wconf 84' lang='lat' dir='ltr'><strong>solent</strong></span> <span class='ocrx_word' id='word_1_359' title='bbox 2538 2386 2595 2438; x_wconf 90' lang='lat' dir='ltr'><strong>in</strong></span> <span class='ocrx_word' id='word_1_360' title='bbox 2628 2385 2896 2456; x_wconf 80' lang='lat' dir='ltr'><strong>angustiis</strong></span> <span class='ocrx_word' id='word_1_361' title='bbox 2945 2386 3294 2457; x_wconf 86' lang='lat' dir='ltr'><strong>deprehensi,</strong></span> <span class='ocrx_word' id='word_1_362' title='bbox 3351 2389 3495 2447; x_wconf 81' lang='lat' dir='ltr'><strong>Mar-</strong></span> 
     </span>
    </p>
   </div>
   <div class='ocr_carea' id='block_1_53' title="bbox 1913 2472 3488 2550">
    <p class='ocr_par' dir='ltr' id='par_1_53' title="bbox 1913 2472 3488 2550">
     <span class='ocr_line' id='line_1_53' title="bbox 1913 2472 3488 2550; baseline 0.006 -25"><span class='ocrx_word' id='word_1_363' title='bbox 1913 2472 2049 2544; x_wconf 80' lang='lat' dir='ltr'><strong>tyris</strong></span> <span class='ocrx_word' id='word_1_364' title='bbox 2077 2475 2345 2544; x_wconf 84' lang='lat' dir='ltr'><strong>gratiam;</strong></span> <span class='ocrx_word' id='word_1_365' title='bbox 2375 2483 2489 2529; x_wconf 91' lang='lat' dir='ltr'><strong>tum</strong></span> <span class='ocrx_word' id='word_1_366' title='bbox 2514 2475 2643 2546; x_wconf 86' lang='lat' dir='ltr'><strong>quia</strong></span> <span class='ocrx_word' id='word_1_367' title='bbox 2695 2477 2954 2534; x_wconf 89' lang='lat' dir='ltr'><strong>consuevi</strong></span> <span class='ocrx_word' id='word_1_368' title='bbox 2988 2479 3167 2550; x_wconf 88' lang='lat' dir='ltr'><strong>ipsum</strong></span> <span class='ocrx_word' id='word_1_369' title='bbox 3210 2479 3488 2547; x_wconf 75' lang='lat' dir='ltr'><strong>invocare,</strong></span> 
     </span>
    </p>
   </div>
   <div class='ocr_carea' id='block_1_54' title="bbox 1911 2565 3488 2641">
    <p class='ocr_par' dir='ltr' id='par_1_54' title="bbox 1911 2565 3488 2641">
     <span class='ocr_line' id='line_1_54' title="bbox 1911 2565 3488 2641; baseline 0.006 -23"><span class='ocrx_word' id='word_1_370' title='bbox 1911 2573 2027 2619; x_wconf 87' lang='lat' dir='ltr'><strong>tum</strong></span> <span class='ocrx_word' id='word_1_371' title='bbox 2060 2565 2190 2635; x_wconf 89' lang='lat' dir='ltr'><strong>quia</strong></span> <span class='ocrx_word' id='word_1_372' title='bbox 2224 2582 2443 2639; x_wconf 86' lang='lat' dir='ltr'><strong>semper</strong></span> <span class='ocrx_word' id='word_1_373' title='bbox 2495 2567 2670 2638; x_wconf 84' lang='lat' dir='ltr'><strong>ipsius</strong></span> <span class='ocrx_word' id='word_1_374' title='bbox 2709 2580 3023 2641; x_wconf 87' lang='lat' dir='ltr'><strong>promptum</strong></span> <span class='ocrx_word' id='word_1_375' title='bbox 3074 2572 3337 2627; x_wconf 79' lang='lat' dir='ltr'><strong>auxilium</strong></span> <span class='ocrx_word' id='word_1_376' title='bbox 3366 2589 3488 2628; x_wconf 87' lang='lat' dir='ltr'><strong>sum</strong></span> 
     </span>
    </p>
   </div>
   <div class='ocr_carea' id='block_1_55' title="bbox 1909 2658 3489 2735">
    <p class='ocr_par' dir='ltr' id='par_1_55' title="bbox 1909 2658 3489 2735">
     <span class='ocr_line' id='line_1_55' title="bbox 1909 2658 3489 2735; baseline 0.006 -25"><span class='ocrx_word' id='word_1_377' title='bbox 1909 2666 2170 2726; x_wconf 78' lang='lat' dir='ltr'><strong>expertus</strong></span> <span class='ocrx_word' id='word_1_378' title='bbox 2198 2695 2213 2718; x_wconf 93' lang='lat'><strong>,</strong></span> <span class='ocrx_word' id='word_1_379' title='bbox 2244 2658 2476 2714; x_wconf 81' lang='lat' dir='ltr'><strong>maxime</strong></span> <span class='ocrx_word' id='word_1_380' title='bbox 2506 2668 2712 2725; x_wconf 89' lang='lat' dir='ltr'><strong>autem,</strong></span> <span class='ocrx_word' id='word_1_381' title='bbox 2743 2664 2873 2732; x_wconf 86' lang='lat' dir='ltr'><strong>quia</strong></span> <span class='ocrx_word' id='word_1_382' title='bbox 2901 2678 3025 2717; x_wconf 89' lang='lat' dir='ltr'><strong>eum</strong></span> <span class='ocrx_word' id='word_1_383' title='bbox 3060 2664 3163 2719; x_wconf 88' lang='lat' dir='ltr'><strong>boc</strong></span> <span class='ocrx_word' id='word_1_384' title='bbox 3193 2680 3489 2735; x_wconf 74' lang='lat' dir='ltr'><strong>argumen-</strong></span> 
     </span>
    </p>
   </div>
   <div class='ocr_carea' id='block_1_56' title="bbox 1910 2747 3490 2823">
    <p class='ocr_par' dir='ltr' id='par_1_56' title="bbox 1910 2747 3490 2823">
     <span class='ocr_line' id='line_1_56' title="bbox 1910 2747 3490 2823; baseline 0.008 -23"><span class='ocrx_word' id='word_1_385' title='bbox 1910 2755 2025 2801; x_wconf 81' lang='lat' dir='ltr'><strong>tum</strong></span> <span class='ocrx_word' id='word_1_386' title='bbox 2055 2747 2155 2818; x_wconf 83' lang='lat' dir='ltr'><strong>ipsi</strong></span> <span class='ocrx_word' id='word_1_387' title='bbox 2192 2750 2264 2805; x_wconf 95' lang='lat' dir='ltr'><strong>sit</strong></span> <span class='ocrx_word' id='word_1_388' title='bbox 2291 2751 2600 2821; x_wconf 84' lang='lat' dir='ltr'><strong>preprium,</strong></span> <span class='ocrx_word' id='word_1_389' title='bbox 2635 2752 2810 2823; x_wconf 81' lang='lat' dir='ltr'><strong>ipsum</strong></span> <span class='ocrx_word' id='word_1_390' title='bbox 2839 2755 2987 2811; x_wconf 82' lang='lat' dir='ltr'><strong>hunc</strong></span> <span class='ocrx_word' id='word_1_391' title='bbox 3020 2773 3331 2814; x_wconf 87' lang='lat' dir='ltr'><strong>sermonem</strong></span> <span class='ocrx_word' id='word_1_392' title='bbox 3367 2775 3490 2815; x_wconf 89' lang='lat' dir='ltr'><strong>mu-</strong></span> 
     </span>
    </p>
   </div>
   <div class='ocr_carea' id='block_1_57' title="bbox 1908 2838 3487 2916">
    <p class='ocr_par' dir='ltr' id='par_1_57' title="bbox 1908 2838 3487 2916">
     <span class='ocr_line' id='line_1_57' title="bbox 1908 2838 3487 2916; baseline 0.005 -25"><span class='ocrx_word' id='word_1_393' title='bbox 1908 2839 2057 2893; x_wconf 86' lang='lat' dir='ltr'><strong>neris</strong></span> <span class='ocrx_word' id='word_1_394' title='bbox 2081 2838 2200 2894; x_wconf 89' lang='lat' dir='ltr'><strong>loco</strong></span> <span class='ocrx_word' id='word_1_395' title='bbox 2215 2839 2393 2895; x_wconf 88' lang='lat' dir='ltr'><strong>eidem</strong></span> <span class='ocrx_word' id='word_1_396' title='bbox 2429 2840 2731 2896; x_wconf 79' lang='lat' dir='ltr'><strong>atl&#39;crimus.</strong></span> <span class='ocrx_word' id='word_1_397' title='bbox 2785 2841 2841 2898; x_wconf 88' lang='lat' dir='ltr'><strong>Si</strong></span> <span class='ocrx_word' id='word_1_398' title='bbox 2874 2844 3018 2898; x_wconf 91' lang='lat' dir='ltr'><strong>enim</strong></span> <span class='ocrx_word' id='word_1_399' title='bbox 3047 2848 3487 2916; x_wconf 86' lang='lat' dir='ltr'><strong>quotiescunque</strong></span> 
     </span>
    </p>
   </div>
   <div class='ocr_carea' id='block_1_58' title="bbox 1904 2932 3483 3007">
    <p class='ocr_par' dir='ltr' id='par_1_58' title="bbox 1904 2932 3483 3007">
     <span class='ocr_line' id='line_1_58' title="bbox 1904 2932 3483 3007; baseline 0.004 -22"><span class='ocrx_word' id='word_1_400' title='bbox 1904 2932 2111 3001; x_wconf 77' lang='lat' dir='ltr'><strong>aspirat</strong></span> <span class='ocrx_word' id='word_1_401' title='bbox 2149 2932 2277 2987; x_wconf 86' lang='lat' dir='ltr'><strong>mibi</strong></span> <span class='ocrx_word' id='word_1_402' title='bbox 2319 2948 2465 3001; x_wconf 88' lang='lat' dir='ltr'><strong>eam,</strong></span> <span class='ocrx_word' id='word_1_403' title='bbox 2488 2937 2648 3007; x_wconf 83' lang='lat' dir='ltr'><strong>cujus</strong></span> <span class='ocrx_word' id='word_1_404' title='bbox 2680 2935 2795 3006; x_wconf 80' lang='lat' dir='ltr'><strong>ipse</strong></span> <span class='ocrx_word' id='word_1_405' title='bbox 2828 2938 2972 3006; x_wconf 90' lang='lat' dir='ltr'><strong>apud</strong></span> <span class='ocrx_word' id='word_1_406' title='bbox 3004 2938 3176 2994; x_wconf 89' lang='lat' dir='ltr'><strong>Deum</strong></span> <span class='ocrx_word' id='word_1_407' title='bbox 3200 2938 3357 2995; x_wconf 85' lang='lat' dir='ltr'><strong>dives</strong></span> <span class='ocrx_word' id='word_1_408' title='bbox 3378 2946 3483 3000; x_wconf 87' lang='lat' dir='ltr'><strong>est.</strong></span> 
     </span>
    </p>
   </div>
   <div class='ocr_carea' id='block_1_59' title="bbox 1904 3023 3484 3101">
    <p class='ocr_par' dir='ltr' id='par_1_59' title="bbox 1904 3023 3484 3101">
     <span class='ocr_line' id='line_1_59' title="bbox 1904 3023 3484 3101; baseline 0.006 -24"><span class='ocrx_word' id='word_1_409' title='bbox 1904 3023 2157 3094; x_wconf 88' lang='lat' dir='ltr'><strong>gratiam,</strong></span> <span class='ocrx_word' id='word_1_410' title='bbox 2222 3023 2482 3083; x_wconf 72' lang='lat' dir='ltr'><strong>toleraret</strong></span> <span class='ocrx_word' id='word_1_411' title='bbox 2539 3027 2744 3099; x_wconf 89' lang='lat' dir='ltr'><strong>aliquid</strong></span> <span class='ocrx_word' id='word_1_412' title='bbox 2800 3044 2864 3085; x_wconf 90' lang='lat' dir='ltr'><strong>ea</strong></span> <span class='ocrx_word' id='word_1_413' title='bbox 2920 3030 3135 3100; x_wconf 87' lang='lat' dir='ltr'><strong>patiens</strong></span> <span class='ocrx_word' id='word_1_414' title='bbox 3187 3046 3310 3101; x_wconf 66' lang='lat' dir='ltr'><strong>quae</strong></span> <span class='ocrx_word' id='word_1_415' title='bbox 3371 3044 3484 3086; x_wconf 79' lang='lat' dir='ltr'><strong>non</strong></span> 
     </span>
    </p>
   </div>
   <div class='ocr_carea' id='block_1_60' title="bbox 1902 3117 3485 3192">
    <p class='ocr_par' dir='ltr' id='par_1_60' title="bbox 1902 3117 3485 3192">
     <span class='ocr_line' id='line_1_60' title="bbox 1902 3117 3485 3192; baseline 0.004 -21"><span class='ocrx_word' id='word_1_416' title='bbox 1902 3126 2085 3185; x_wconf 79' lang='lat' dir='ltr'><strong>pesset</strong></span> <span class='ocrx_word' id='word_1_417' title='bbox 2112 3117 2386 3173; x_wconf 84' lang='lat' dir='ltr'><strong>sustinere</strong></span> <span class='ocrx_word' id='word_1_418' title='bbox 2419 3128 2615 3174; x_wconf 82' lang='lat' dir='ltr'><strong>natura</strong></span> <span class='ocrx_word' id='word_1_419' title='bbox 2644 3158 2659 3182; x_wconf 90' lang='lat'><strong>,</strong></span> <span class='ocrx_word' id='word_1_420' title='bbox 2696 3128 2793 3174; x_wconf 89' lang='lat' dir='ltr'><strong>aut</strong></span> <span class='ocrx_word' id='word_1_421' title='bbox 2825 3121 3072 3192; x_wconf 90' lang='lat' dir='ltr'><strong>ejusdem</strong></span> <span class='ocrx_word' id='word_1_422' title='bbox 3111 3130 3323 3177; x_wconf 83' lang='lat' dir='ltr'><strong>naturae</strong></span> <span class='ocrx_word' id='word_1_423' title='bbox 3347 3120 3485 3177; x_wconf 89' lang='lat' dir='ltr'><strong>lines</strong></span> 
     </span>
    </p>
   </div>
   <div class='ocr_carea' id='block_1_61' title="bbox 210 3197 1801 3291">
    <p class='ocr_par' dir='ltr' id='par_1_61' title="bbox 210 3197 1793 3276">
     <span class='ocr_line' id='line_1_61' title="bbox 210 3197 1793 3276; baseline 0.008 -29"><span class='ocrx_word' id='word_1_424' title='bbox 210 3197 504 3267; x_wconf 71' lang='grc' dir='ltr'><strong>ἀφίξομαι,</strong></span> <span class='ocrx_word' id='word_1_425' title='bbox 530 3199 651 3253; x_wconf 65' lang='grc' dir='ltr'><strong>οὐδὲ</strong></span> <span class='ocrx_word' id='word_1_426' title='bbox 674 3201 770 3269; x_wconf 74' lang='grc' dir='ltr'><strong>τὴν</strong></span> <span class='ocrx_word' id='word_1_427' title='bbox 801 3203 1019 3274; x_wconf 81' lang='grc' dir='ltr'><strong>ἀγαθὴν</strong></span> <span class='ocrx_word' id='word_1_428' title='bbox 1049 3203 1247 3259; x_wconf 62' lang='lat' dir='ltr'><strong>mea</strong></span> <span class='ocrx_word' id='word_1_429' title='bbox 1274 3206 1613 3276; x_wconf 87' lang='grc' dir='ltr'><strong>προήσομαι.</strong></span> <span class='ocrx_word' id='word_1_430' title='bbox 1650 3206 1793 3260; x_wconf 78' lang='grc' dir='ltr'><strong>Ἀλλ’</strong></span> 
     </span>
    </p>
   </div>
   <div class='ocr_carea' id='block_1_62' title="bbox 1908 3197 3481 3291">
    <p class='ocr_par' dir='ltr' id='par_1_62' title="bbox 1908 3206 3481 3285">
     <span class='ocr_line' id='line_1_62' title="bbox 1908 3206 3481 3285; baseline 0.006 -25"><span class='ocrx_word' id='word_1_431' title='bbox 1908 3206 2128 3262; x_wconf 85' lang='lat' dir='ltr'><strong>deberet</strong></span> <span class='ocrx_word' id='word_1_432' title='bbox 2162 3210 2463 3280; x_wconf 64' lang='lat' dir='ltr'><strong>tanagredi</strong></span> <span class='ocrx_word' id='word_1_433' title='bbox 2498 3213 2815 3282; x_wconf 76' lang='lat' dir='ltr'><strong>Operaudo&#39;,</strong></span> <span class='ocrx_word' id='word_1_434' title='bbox 2837 3223 3021 3268; x_wconf 89' lang='lat' dir='ltr'><strong>tamen</strong></span> <span class='ocrx_word' id='word_1_435' title='bbox 3047 3230 3114 3268; x_wconf 86' lang='lat' dir='ltr'><strong>ne</strong></span> <span class='ocrx_word' id='word_1_436' title='bbox 3145 3215 3227 3270; x_wconf 89' lang='lat' dir='ltr'><strong>sic</strong></span> <span class='ocrx_word' id='word_1_437' title='bbox 3258 3214 3481 3285; x_wconf 86' lang='lat' dir='ltr'><strong>quidem</strong></span> 
     </span>
    </p>
   </div>
   <div class='ocr_carea' id='block_1_63' title="bbox 212 3292 1796 3371">
    <p class='ocr_par' dir='ltr' id='par_1_63' title="bbox 212 3292 1796 3371">
     <span class='ocr_line' id='line_1_63' title="bbox 212 3292 1796 3371; baseline 0.006 -28"><span class='ocrx_word' id='word_1_438' title='bbox 212 3292 447 3361; x_wconf 80' lang='grc' dir='ltr'><strong>ἀρκτέον</strong></span> <span class='ocrx_word' id='word_1_439' title='bbox 493 3294 594 3364; x_wconf 72' lang='grc' dir='ltr'><strong>ήδη</strong></span> <span class='ocrx_word' id='word_1_440' title='bbox 624 3294 717 3347; x_wconf 85' lang='grc' dir='ltr'><strong>τοῦ</strong></span> <span class='ocrx_word' id='word_1_441' title='bbox 751 3295 913 3366; x_wconf 78' lang='grc' dir='ltr'><strong>λόγου</strong></span> <span class='ocrx_word' id='word_1_442' title='bbox 949 3299 1017 3369; x_wconf 79' lang='grc' dir='ltr'><strong>τῇ</strong></span> <span class='ocrx_word' id='word_1_443' title='bbox 1077 3297 1288 3353; x_wconf 75' lang='grc' dir='ltr'><strong>ἐκείνου</strong></span> <span class='ocrx_word' id='word_1_444' title='bbox 1341 3301 1637 3371; x_wconf 68' lang='grc' dir='ltr'><strong>ἐπικουρίᾳ</strong></span> <span class='ocrx_word' id='word_1_445' title='bbox 1665 3299 1796 3371; x_wconf 80' lang='grc' dir='ltr'><strong>θαρ-</strong></span> 
     </span>
    </p>
   </div>
   <div class='ocr_carea' id='block_1_64' title="bbox 210 3386 511 3456">
    <p class='ocr_par' dir='ltr' id='par_1_64' title="bbox 210 3386 511 3456">
     <span class='ocr_line' id='line_1_64' title="bbox 210 3386 511 3456; baseline 0.013 -20"><span class='ocrx_word' id='word_1_446' title='bbox 210 3386 511 3456; x_wconf 81' lang='grc' dir='ltr'><strong>σήσαντας.</strong></span> 
     </span>
    </p>
   </div>
   <div class='ocr_carea' id='block_1_65' title="bbox 1906 3298 3485 3378">
    <p class='ocr_par' dir='ltr' id='par_1_65' title="bbox 1906 3298 3485 3378">
     <span class='ocr_line' id='line_1_65' title="bbox 1906 3298 3485 3378; baseline 0.006 -26"><span class='ocrx_word' id='word_1_447' title='bbox 1906 3298 2211 3354; x_wconf 80' lang='lat' dir='ltr'><strong>dubitarem</strong></span> <span class='ocrx_word' id='word_1_448' title='bbox 2245 3302 2312 3355; x_wconf 81' lang='lat' dir='ltr'><strong>ad</strong></span> <span class='ocrx_word' id='word_1_449' title='bbox 2341 3302 2502 3358; x_wconf 82' lang='lat' dir='ltr'><strong>tinem</strong></span> <span class='ocrx_word' id='word_1_450' title='bbox 2531 3304 2804 3359; x_wconf 84' lang='lat' dir='ltr'><strong>adducere</strong></span> <span class='ocrx_word' id='word_1_451' title='bbox 2827 3305 2972 3376; x_wconf 85' lang='lat' dir='ltr'><strong>quod</strong></span> <span class='ocrx_word' id='word_1_452' title='bbox 2997 3306 3279 3376; x_wconf 78' lang='lat' dir='ltr'><strong>preposui,</strong></span> <span class='ocrx_word' id='word_1_453' title='bbox 3306 3322 3485 3378; x_wconf 84' lang='lat' dir='ltr'><strong>neque</strong></span> 
     </span>
    </p>
   </div>
   <div class='ocr_carea' id='block_1_66' title="bbox 1907 3391 3479 3476">
    <p class='ocr_par' dir='ltr' id='par_1_66' title="bbox 1907 3391 3479 3476">
     <span class='ocr_line' id='line_1_66' title="bbox 1907 3391 3479 3476; baseline 0.008 -33"><span class='ocrx_word' id='word_1_454' title='bbox 1907 3391 2161 3446; x_wconf 83' lang='lat' dir='ltr'><strong>iiduciam</strong></span> <span class='ocrx_word' id='word_1_455' title='bbox 2205 3393 2405 3447; x_wconf 87' lang='lat' dir='ltr'><strong>bonam</strong></span> <span class='ocrx_word' id='word_1_456' title='bbox 2441 3393 2818 3451; x_wconf 80' lang='lat' dir='ltr'><strong>dimitterent:</strong></span> <span class='ocrx_word' id='word_1_457' title='bbox 2861 3410 3068 3469; x_wconf 84' lang='lat' dir='ltr'><strong>quanto</strong></span> <span class='ocrx_word' id='word_1_458' title='bbox 3114 3401 3284 3471; x_wconf 86' lang='lat' dir='ltr'><strong>magis</strong></span> <span class='ocrx_word' id='word_1_459' title='bbox 3311 3415 3479 3476; x_wconf 72' lang='lat' dir='ltr'><strong>nunc,</strong></span> 
     </span>
    </p>
   </div>
   <div class='ocr_carea' id='block_1_67' title="bbox 1902 3485 3481 3557">
    <p class='ocr_par' dir='ltr' id='par_1_67' title="bbox 1902 3485 3481 3557">
     <span class='ocr_line' id='line_1_67' title="bbox 1902 3485 3481 3557; baseline 0.007 -21"><span class='ocrx_word' id='word_1_460' title='bbox 1902 3499 2027 3537; x_wconf 89' lang='lat' dir='ltr'><strong>cum</strong></span> <span class='ocrx_word' id='word_1_461' title='bbox 2064 3485 2313 3553; x_wconf 79' lang='lat' dir='ltr'><strong>sutiiciat,</strong></span> <span class='ocrx_word' id='word_1_462' title='bbox 2347 3487 2392 3541; x_wconf 84' lang='lat' dir='ltr'><strong>si</strong></span> <span class='ocrx_word' id='word_1_463' title='bbox 2415 3488 2574 3543; x_wconf 87' lang='lat' dir='ltr'><strong>nobis</strong></span> <span class='ocrx_word' id='word_1_464' title='bbox 2606 3490 2656 3543; x_wconf 90' lang='lat' dir='ltr'><strong>iu</strong></span> <span class='ocrx_word' id='word_1_465' title='bbox 2707 3489 2881 3557; x_wconf 81' lang='lat' dir='ltr'><strong>ipsius</strong></span> <span class='ocrx_word' id='word_1_466' title='bbox 2918 3492 3121 3547; x_wconf 78' lang='lat' dir='ltr'><strong>auxilio</strong></span> <span class='ocrx_word' id='word_1_467' title='bbox 3151 3493 3481 3548; x_wconf 84' lang='lat' dir='ltr'><strong>conlidenti-</strong></span> 
     </span>
    </p>
   </div>
   <div class='ocr_carea' id='block_1_68' title="bbox 1896 3573 2927 3657">
    <p class='ocr_par' dir='ltr' id='par_1_68' title="bbox 1896 3573 2927 3657">
     <span class='ocr_line' id='line_1_68' title="bbox 1896 3573 2927 3657; baseline 0.005 -30"><span class='ocrx_word' id='word_1_468' title='bbox 1896 3573 2005 3657; x_wconf 77' lang='lat' dir='ltr'><strong>bus</strong></span> <span class='ocrx_word' id='word_1_469' title='bbox 2036 3574 2294 3646; x_wconf 85' lang='lat' dir='ltr'><strong>loquendi</strong></span> <span class='ocrx_word' id='word_1_470' title='bbox 2335 3579 2536 3633; x_wconf 83' lang='lat' dir='ltr'><strong>tribuat</strong></span> <span class='ocrx_word' id='word_1_471' title='bbox 2566 3578 2927 3634; x_wconf 83' lang='lat' dir='ltr'><strong>facultatem?</strong></span> 
     </span>
    </p>
   </div>
   <div class='ocr_carea' id='block_1_69' title="bbox 1700 3736 2009 3794">
    <p class='ocr_par' dir='ltr' id='par_1_69' title="bbox 1700 3736 2009 3794">
     <span class='ocr_line' id='line_1_69' title="bbox 1700 3736 2009 3794; baseline -0.006 0"><span class='ocrx_word' id='word_1_472' title='bbox 1700 3736 1926 3794; x_wconf 74' lang='lat' dir='ltr'><strong>CAPUT</strong></span> <span class='ocrx_word' id='word_1_473' title='bbox 1968 3738 1986 3792; x_wconf 89' lang='grc' dir='ltr'><strong>Ι</strong></span> <span class='ocrx_word' id='word_1_474' title='bbox 1996 3778 2009 3792; x_wconf 94' lang='grc'><strong>.</strong></span> 
     </span>
    </p>
   </div>
   <div class='ocr_carea' id='block_1_70' title="bbox 487 3881 3189 3962">
    <p class='ocr_par' dir='ltr' id='par_1_70' title="bbox 487 3881 3189 3962">
     <span class='ocr_line' id='line_1_70' title="bbox 487 3881 3189 3962; baseline 0.003 -22"><span class='ocrx_word' id='word_1_475' title='bbox 487 3881 673 3940; x_wconf 82' lang='lat' dir='ltr'><strong>Sancti</strong></span> <span class='ocrx_word' id='word_1_476' title='bbox 703 3885 944 3957; x_wconf 79' lang='lat' dir='ltr'><strong>Gregorii</strong></span> <span class='ocrx_word' id='word_1_477' title='bbox 975 3886 1179 3956; x_wconf 79' lang='lat' dir='ltr'><strong>patria,</strong></span> <span class='ocrx_word' id='word_1_478' title='bbox 1214 3894 1485 3957; x_wconf 76' lang='lat' dir='ltr'><strong>parentes,</strong></span> <span class='ocrx_word' id='word_1_479' title='bbox 1509 3885 1712 3943; x_wconf 72' lang='lat' dir='ltr'><strong>oblatio</strong></span> <span class='ocrx_word' id='word_1_480' title='bbox 1748 3889 1832 3942; x_wconf 76' lang='lat' dir='ltr'><strong>sui</strong></span> <span class='ocrx_word' id='word_1_481' title='bbox 1883 3888 2128 3944; x_wconf 83' lang='lat' dir='ltr'><strong>ultronea</strong></span> <span class='ocrx_word' id='word_1_482' title='bbox 2156 3899 2204 3943; x_wconf 84' lang='lat' dir='ltr'><strong>et</strong></span> <span class='ocrx_word' id='word_1_483' title='bbox 2232 3890 2403 3961; x_wconf 80' lang='lat' dir='ltr'><strong>prium</strong></span> <span class='ocrx_word' id='word_1_484' title='bbox 2433 3906 2614 3949; x_wconf 75' lang='lat' dir='ltr'><strong>coram</strong></span> <span class='ocrx_word' id='word_1_485' title='bbox 2645 3901 2872 3962; x_wconf 82' lang='lat' dir='ltr'><strong>tyranno</strong></span> <span class='ocrx_word' id='word_1_486' title='bbox 2906 3900 3189 3948; x_wconf 84' lang='lat' dir='ltr'><strong>tormenta.</strong></span> 
     </span>
    </p>
   </div>
   <div class='ocr_carea' id='block_1_71' title="bbox 272 4027 1785 4107">
    <p class='ocr_par' dir='ltr' id='par_1_71' title="bbox 272 4027 1785 4107">
     <span class='ocr_line' id='line_1_71' title="bbox 272 4027 1785 4107; baseline 0.004 -24"><span class='ocrx_word' id='word_1_487' title='bbox 272 4028 348 4098; x_wconf 87' lang='grc' dir='ltr'><strong>γ’.</strong></span> <span class='ocrx_word' id='word_1_488' title='bbox 381 4030 444 4084; x_wconf 79' lang='lat' dir='ltr'><strong>Et</strong></span> <span class='ocrx_word' id='word_1_489' title='bbox 493 4030 593 4102; x_wconf 84' lang='grc' dir='ltr'><strong>μὲν</strong></span> <span class='ocrx_word' id='word_1_490' title='bbox 635 4031 730 4086; x_wconf 83' lang='grc' dir='ltr'><strong>οῦν</strong></span> <span class='ocrx_word' id='word_1_491' title='bbox 767 4032 895 4103; x_wconf 71' lang='grc' dir='ltr'><strong>ἐξῆν</strong></span> <span class='ocrx_word' id='word_1_492' title='bbox 928 4050 1019 4103; x_wconf 91' lang='grc' dir='ltr'><strong>μοι</strong></span> <span class='ocrx_word' id='word_1_493' title='bbox 1053 4027 1199 4106; x_wconf 78' lang='grc' dir='ltr'><strong>ᾗπερ</strong></span> <span class='ocrx_word' id='word_1_494' title='bbox 1235 4034 1346 4102; x_wconf 75' lang='grc' dir='ltr'><strong>εγὼ</strong></span> <span class='ocrx_word' id='word_1_495' title='bbox 1374 4032 1640 4107; x_wconf 82' lang='grc' dir='ltr'><strong>βούλομαι</strong></span> <span class='ocrx_word' id='word_1_496' title='bbox 1666 4035 1785 4090; x_wconf 86' lang='grc' dir='ltr'><strong>δια-</strong></span> 
     </span>
    </p>
   </div>
   <div class='ocr_carea' id='block_1_72' title="bbox 203 4123 1783 4200">
    <p class='ocr_par' dir='ltr' id='par_1_72' title="bbox 203 4123 1783 4200">
     <span class='ocr_line' id='line_1_72' title="bbox 203 4123 1783 4200; baseline 0.004 -23"><span class='ocrx_word' id='word_1_497' title='bbox 203 4123 397 4178; x_wconf 78' lang='grc' dir='ltr'><strong>θέσθαι</strong></span> <span class='ocrx_word' id='word_1_498' title='bbox 424 4124 516 4176; x_wconf 81' lang='grc' dir='ltr'><strong>τὸν</strong></span> <span class='ocrx_word' id='word_1_499' title='bbox 542 4123 723 4192; x_wconf 76' lang='grc' dir='ltr'><strong>λόγον,</strong></span> <span class='ocrx_word' id='word_1_500' title='bbox 761 4125 899 4178; x_wconf 70' lang='grc' dir='ltr'><strong>ἀλλὰ</strong></span> <span class='ocrx_word' id='word_1_501' title='bbox 947 4127 1047 4196; x_wconf 75' lang='grc' dir='ltr'><strong>μὴ,</strong></span> <span class='ocrx_word' id='word_1_502' title='bbox 1077 4127 1214 4197; x_wconf 64' lang='grc' dir='ltr'><strong>πρὸς</strong></span> <span class='ocrx_word' id='word_1_503' title='bbox 1256 4128 1349 4179; x_wconf 63' lang='grc' dir='ltr'><strong>τὸν</strong></span> <span class='ocrx_word' id='word_1_504' title='bbox 1393 4129 1783 4200; x_wconf 81' lang='grc' dir='ltr'><strong>κεκρατηκότα</strong></span> 
     </span>
    </p>
   </div>
   <div class='ocr_carea' id='block_1_73' title="bbox 200 4218 1785 4292">
    <p class='ocr_par' dir='ltr' id='par_1_73' title="bbox 200 4218 1785 4292">
     <span class='ocr_line' id='line_1_73' title="bbox 200 4218 1785 4292; baseline 0.003 -22"><span class='ocrx_word' id='word_1_505' title='bbox 200 4220 361 4287; x_wconf 69' lang='grc' dir='ltr'><strong>παρὰ</strong></span> <span class='ocrx_word' id='word_1_506' title='bbox 388 4221 507 4281; x_wconf 86' lang='grc' dir='ltr'><strong>τοῖς</strong></span> <span class='ocrx_word' id='word_1_507' title='bbox 534 4218 751 4280; x_wconf 81' lang='grc' dir='ltr'><strong>πολλοῖς</strong></span> <span class='ocrx_word' id='word_1_508' title='bbox 790 4218 977 4288; x_wconf 78' lang='grc' dir='ltr'><strong>νόμον,</strong></span> <span class='ocrx_word' id='word_1_509' title='bbox 1009 4219 1134 4272; x_wconf 74' lang='grc' dir='ltr'><strong>οὕτε</strong></span> <span class='ocrx_word' id='word_1_510' title='bbox 1181 4219 1443 4290; x_wconf 79' lang='grc' dir='ltr'><strong>πατρίδος</strong></span> <span class='ocrx_word' id='word_1_511' title='bbox 1477 4221 1785 4292; x_wconf 86' lang='grc' dir='ltr'><strong>μνημονεύ-</strong></span> 
     </span>
    </p>
   </div>
   <div class='ocr_carea' id='block_1_74' title="bbox 201 4310 1785 4383">
    <p class='ocr_par' dir='ltr' id='par_1_74' title="bbox 201 4310 1785 4383">
     <span class='ocr_line' id='line_1_74' title="bbox 201 4310 1785 4383; baseline 0.003 -20"><span class='ocrx_word' id='word_1_512' title='bbox 201 4327 302 4371; x_wconf 76' lang='grc' dir='ltr'><strong>σας</strong></span> <span class='ocrx_word' id='word_1_513' title='bbox 331 4310 407 4375; x_wconf 82' lang='grc' dir='ltr'><strong>ὡς</strong></span> <span class='ocrx_word' id='word_1_514' title='bbox 452 4312 567 4380; x_wconf 77' lang='grc' dir='ltr'><strong>ἔχει</strong></span> <span class='ocrx_word' id='word_1_515' title='bbox 611 4311 839 4379; x_wconf 56' lang='grc' dir='ltr'><strong>κάλλους</strong></span> <span class='ocrx_word' id='word_1_516' title='bbox 874 4328 934 4364; x_wconf 80' lang='grc' dir='ltr'><strong>τε</strong></span> <span class='ocrx_word' id='word_1_517' title='bbox 988 4311 1081 4364; x_wconf 62' lang='grc' dir='ltr'><strong>καὶ⁸</strong></span> <span class='ocrx_word' id='word_1_518' title='bbox 1134 4313 1428 4383; x_wconf 76' lang='grc' dir='ltr'><strong>μεγέθους,</strong></span> <span class='ocrx_word' id='word_1_519' title='bbox 1464 4310 1588 4366; x_wconf 70' lang='grc' dir='ltr'><strong>οὔτε</strong></span> <span class='ocrx_word' id='word_1_520' title='bbox 1639 4314 1785 4380; x_wconf 72' lang='grc' dir='ltr'><strong>τινος</strong></span> 
     </span>
    </p>
   </div>
   <div class='ocr_carea' id='block_1_75' title="bbox 198 4403 1783 4474">
    <p class='ocr_par' dir='ltr' id='par_1_75' title="bbox 198 4403 1783 4474">
     <span class='ocr_line' id='line_1_75' title="bbox 198 4403 1783 4474; baseline 0.001 -17"><span class='ocrx_word' id='word_1_521' title='bbox 198 4404 365 4457; x_wconf 71' lang='grc' dir='ltr'><strong>ἄλλου</strong></span> <span class='ocrx_word' id='word_1_522' title='bbox 400 4403 507 4456; x_wconf 88' lang='grc' dir='ltr'><strong>τῶν</strong></span> <span class='ocrx_word' id='word_1_523' title='bbox 538 4404 741 4471; x_wconf 70' lang='grc' dir='ltr'><strong>ἔξωθεν</strong></span> <span class='ocrx_word' id='word_1_524' title='bbox 763 4421 778 4437; x_wconf 87' lang='grc'><strong>·</strong></span> <span class='ocrx_word' id='word_1_525' title='bbox 812 4405 1048 4466; x_wconf 76' lang='grc' dir='ltr'><strong>ἐκείνοις</strong></span> <span class='ocrx_word' id='word_1_526' title='bbox 1082 4404 1151 4458; x_wconf 83' lang='grc' dir='ltr'><strong>ἂν</strong></span> <span class='ocrx_word' id='word_1_527' title='bbox 1189 4403 1493 4458; x_wconf 71' lang='grc' dir='ltr'><strong>ἐπέϐαλλον</strong></span> <span class='ocrx_word' id='word_1_528' title='bbox 1528 4404 1688 4470; x_wconf 74' lang='grc' dir='ltr'><strong>εύθῦς</strong></span> <span class='ocrx_word' id='word_1_529' title='bbox 1725 4406 1783 4474; x_wconf 72' lang='grc' dir='ltr'>ἐξ</span> 
     </span>
    </p>
   </div>
   <div class='ocr_carea' id='block_1_76' title="bbox 197 4496 1782 4569">
    <p class='ocr_par' dir='ltr' id='par_1_76' title="bbox 197 4496 1782 4569">
     <span class='ocr_line' id='line_1_76' title="bbox 197 4496 1782 4569; baseline 0 -17"><span class='ocrx_word' id='word_1_530' title='bbox 197 4499 401 4568; x_wconf 72' lang='grc' dir='ltr'><strong>ἀρχῆς,</strong></span> <span class='ocrx_word' id='word_1_531' title='bbox 432 4497 468 4552; x_wconf 78' lang='grc' dir='ltr'>ἃ</span> <span class='ocrx_word' id='word_1_532' title='bbox 511 4498 647 4568; x_wconf 73' lang='grc' dir='ltr'><strong>πρὸς</strong></span> <span class='ocrx_word' id='word_1_533' title='bbox 688 4499 792 4569; x_wconf 81' lang='grc' dir='ltr'><strong>τὴν</strong></span> <span class='ocrx_word' id='word_1_534' title='bbox 836 4498 1120 4568; x_wconf 76' lang='grc' dir='ltr'><strong>εὐφημίαν</strong></span> <span class='ocrx_word' id='word_1_535' title='bbox 1154 4497 1419 4569; x_wconf 72' lang='grc' dir='ltr'><strong>ἄντικρυς</strong></span> <span class='ocrx_word' id='word_1_536' title='bbox 1450 4496 1629 4569; x_wconf 77' lang='grc' dir='ltr'><strong>φέρει.</strong></span> <span class='ocrx_word' id='word_1_537' title='bbox 1674 4500 1782 4553; x_wconf 70' lang='grc' dir='ltr'><strong>Καὶ</strong></span> 
     </span>
    </p>
   </div>
   <div class='ocr_carea' id='block_1_77' title="bbox 196 4589 1783 4664">
    <p class='ocr_par' dir='ltr' id='par_1_77' title="bbox 196 4589 1783 4664">
     <span class='ocr_line' id='line_1_77' title="bbox 196 4589 1783 4664; baseline 0 -18"><span class='ocrx_word' id='word_1_538' title='bbox 196 4593 311 4664; x_wconf 65' lang='grc' dir='ltr'><strong>γάρ</strong></span> <span class='ocrx_word' id='word_1_539' title='bbox 347 4608 440 4662; x_wconf 89' lang='grc' dir='ltr'><strong>μοι</strong></span> <span class='ocrx_word' id='word_1_540' title='bbox 470 4594 611 4648; x_wconf 79' lang='grc' dir='ltr'><strong>πάνυ</strong></span> <span class='ocrx_word' id='word_1_541' title='bbox 637 4608 690 4645; x_wconf 87' lang='grc' dir='ltr'><strong>τι</strong></span> <span class='ocrx_word' id='word_1_542' title='bbox 733 4591 1286 4663; x_wconf 75' lang='grc' dir='ltr'><strong>σμικρολογουμένων</strong></span> <span class='ocrx_word' id='word_1_543' title='bbox 1333 4592 1495 4662; x_wconf 79' lang='grc' dir='ltr'><strong>ἔργον</strong></span> <span class='ocrx_word' id='word_1_544' title='bbox 1524 4589 1667 4646; x_wconf 82' lang='grc' dir='ltr'><strong>εἶναι</strong></span> <span class='ocrx_word' id='word_1_545' title='bbox 1697 4593 1783 4647; x_wconf 86' lang='grc' dir='ltr'><strong>δο-</strong></span> 
     </span>
    </p>
   </div>
   <div class='ocr_carea' id='block_1_78' title="bbox 195 4684 1775 4757">
    <p class='ocr_par' dir='ltr' id='par_1_78' title="bbox 195 4684 1775 4757">
     <span class='ocr_line' id='line_1_78' title="bbox 195 4684 1775 4757; baseline 0.001 -20"><span class='ocrx_word' id='word_1_546' title='bbox 195 4689 309 4752; x_wconf 81' lang='grc' dir='ltr'><strong>κεῖ,</strong></span> <span class='ocrx_word' id='word_1_547' title='bbox 336 4685 559 4757; x_wconf 72' lang='grc' dir='ltr'><strong>ἔχοντας</strong></span> <span class='ocrx_word' id='word_1_548' title='bbox 587 4686 880 4754; x_wconf 69' lang='grc' dir='ltr'><strong>ἐγκωμίων</strong></span> <span class='ocrx_word' id='word_1_549' title='bbox 925 4687 1024 4750; x_wconf 75' lang='grc' dir='ltr'><strong>τὰς</strong></span> <span class='ocrx_word' id='word_1_550' title='bbox 1072 4688 1290 4740; x_wconf 84' lang='grc' dir='ltr'><strong>πάντων</strong></span> <span class='ocrx_word' id='word_1_551' title='bbox 1341 4684 1609 4754; x_wconf 75' lang='grc' dir='ltr'><strong>μεγίστας</strong></span> <span class='ocrx_word' id='word_1_552' title='bbox 1642 4686 1775 4739; x_wconf 85' lang='grc' dir='ltr'><strong>ὑπο-</strong></span> 
     </span>
    </p>
   </div>
   <div class='ocr_carea' id='block_1_79' title="bbox 198 4774 1778 4850">
    <p class='ocr_par' dir='ltr' id='par_1_79' title="bbox 198 4774 1778 4850">
     <span class='ocr_line' id='line_1_79' title="bbox 198 4774 1778 4850; baseline -0.001 -19"><span class='ocrx_word' id='word_1_553' title='bbox 198 4780 405 4842; x_wconf 76' lang='grc' dir='ltr'><strong>θέσεις,</strong></span> <span class='ocrx_word' id='word_1_554' title='bbox 438 4778 692 4845; x_wconf 80' lang='grc' dir='ltr'><strong>διεξιέναι</strong></span> <span class='ocrx_word' id='word_1_555' title='bbox 746 4774 955 4847; x_wconf 77' lang='grc' dir='ltr'><strong>ζητεῖν,</strong></span> <span class='ocrx_word' id='word_1_556' title='bbox 1007 4779 1116 4833; x_wconf 80' lang='grc' dir='ltr'><strong>κάκ</strong></span> <span class='ocrx_word' id='word_1_557' title='bbox 1167 4778 1276 4831; x_wconf 89' lang='grc' dir='ltr'><strong>τῶν</strong></span> <span class='ocrx_word' id='word_1_558' title='bbox 1322 4777 1629 4849; x_wconf 82' lang='grc' dir='ltr'><strong>ἐλαχίστων</strong></span> <span class='ocrx_word' id='word_1_559' title='bbox 1680 4780 1778 4850; x_wconf 74' lang='grc' dir='ltr'><strong>τὴν</strong></span> 
     </span>
    </p>
   </div>
   <div class='ocr_carea' id='block_1_80' title="bbox 191 4868 1779 4941">
    <p class='ocr_par' dir='ltr' id='par_1_80' title="bbox 191 4868 1779 4941">
     <span class='ocr_line' id='line_1_80' title="bbox 191 4868 1779 4941; baseline 0.001 -19"><span class='ocrx_word' id='word_1_560' title='bbox 191 4871 479 4940; x_wconf 74' lang='grc' dir='ltr'><strong>εὐφημίαν</strong></span> <span class='ocrx_word' id='word_1_561' title='bbox 509 4870 868 4941; x_wconf 77' lang='grc' dir='ltr'><strong>ἐργάζεσθαι,</strong></span> <span class='ocrx_word' id='word_1_562' title='bbox 901 4868 1092 4940; x_wconf 85' lang='grc' dir='ltr'><strong>ὥσπερ</strong></span> <span class='ocrx_word' id='word_1_563' title='bbox 1127 4872 1226 4923; x_wconf 75' lang='grc' dir='ltr'><strong>οὐκ</strong></span> <span class='ocrx_word' id='word_1_564' title='bbox 1257 4870 1324 4924; x_wconf 78' lang='grc' dir='ltr'><strong>ἂν</strong></span> <span class='ocrx_word' id='word_1_565' title='bbox 1355 4872 1599 4936; x_wconf 84' lang='grc' dir='ltr'><strong>δυνατῶς</strong></span> <span class='ocrx_word' id='word_1_566' title='bbox 1625 4870 1779 4941; x_wconf 70' lang='grc' dir='ltr'><strong>ἐχούο</strong></span> 
     </span>
    </p>
   </div>
   <div class='ocr_carea' id='block_1_81' title="bbox 194 4961 1775 5033">
    <p class='ocr_par' dir='ltr' id='par_1_81' title="bbox 194 4961 1775 5033">
     <span class='ocr_line' id='line_1_81' title="bbox 194 4961 1775 5033; baseline -0.003 -16"><span class='ocrx_word' id='word_1_567' title='bbox 194 4980 297 5033; x_wconf 62' lang='lat' dir='ltr'><strong>an;</strong></span> <span class='ocrx_word' id='word_1_568' title='bbox 344 4963 473 5017; x_wconf 80' lang='grc' dir='ltr'><strong>ἄνευ</strong></span> <span class='ocrx_word' id='word_1_569' title='bbox 524 4964 730 5016; x_wconf 87' lang='grc' dir='ltr'><strong>τούτων</strong></span> <span class='ocrx_word' id='word_1_570' title='bbox 766 4962 1053 5031; x_wconf 77' lang='grc' dir='ltr'><strong>συστῆναι,</strong></span> <span class='ocrx_word' id='word_1_571' title='bbox 1087 4962 1119 5033; x_wconf 79' lang='grc' dir='ltr'>ἢ</span> <span class='ocrx_word' id='word_1_572' title='bbox 1150 4961 1387 5032; x_wconf 75' lang='grc' dir='ltr'><strong>ἐχούσης</strong></span> <span class='ocrx_word' id='word_1_573' title='bbox 1441 4962 1565 5032; x_wconf 76' lang='grc' dir='ltr'><strong>μὲν,</strong></span> <span class='ocrx_word' id='word_1_574' title='bbox 1593 4963 1654 5015; x_wconf 78' lang='grc' dir='ltr'><strong>οὐ</strong></span> <span class='ocrx_word' id='word_1_575' title='bbox 1688 4979 1775 5015; x_wconf 82' lang='grc' dir='ltr'><strong>τε·-</strong></span> 
     </span>
    </p>
   </div>
   <div class='ocr_carea' id='block_1_82' title="bbox 185 5052 1774 5129">
    <p class='ocr_par' dir='ltr' id='par_1_82' title="bbox 185 5052 1774 5129">
     <span class='ocr_line' id='line_1_82' title="bbox 185 5052 1774 5129; baseline -0.001 -22"><span class='ocrx_word' id='word_1_576' title='bbox 185 5053 353 5117; x_wconf 76' lang='grc' dir='ltr'><strong>λεεως</strong></span> <span class='ocrx_word' id='word_1_577' title='bbox 384 5054 464 5119; x_wconf 74' lang='grc' dir='ltr'><strong>δὲ,</strong></span> <span class='ocrx_word' id='word_1_578' title='bbox 492 5052 718 5124; x_wconf 81' lang='grc' dir='ltr'><strong>δεούσης</strong></span> <span class='ocrx_word' id='word_1_579' title='bbox 750 5056 857 5123; x_wconf 70' lang='grc' dir='ltr'><strong>γὰρ</strong></span> <span class='ocrx_word' id='word_1_580' title='bbox 890 5057 989 5125; x_wconf 80' lang='grc' dir='ltr'><strong>τῆς</strong></span> <span class='ocrx_word' id='word_1_581' title='bbox 1016 5053 1118 5124; x_wconf 75' lang='grc' dir='ltr'><strong>μὲν</strong></span> <span class='ocrx_word' id='word_1_582' title='bbox 1172 5053 1327 5123; x_wconf 70' lang='grc' dir='ltr'><strong>παρὰ</strong></span> <span class='ocrx_word' id='word_1_583' title='bbox 1354 5052 1473 5129; x_wconf 80' lang='grc' dir='ltr'><strong>Θεῷ</strong></span> <span class='ocrx_word' id='word_1_584' title='bbox 1506 5053 1664 5124; x_wconf 70' lang='grc' dir='ltr'><strong>δόξης</strong></span> <span class='ocrx_word' id='word_1_585' title='bbox 1698 5053 1774 5123; x_wconf 57' lang='grc' dir='ltr'><strong>τί)</strong></span> 
     </span>
    </p>
   </div>
   <div class='ocr_carea' id='block_1_83' title="bbox 186 5145 1777 5217">
    <p class='ocr_par' dir='ltr' id='par_1_83' title="bbox 186 5145 1777 5217">
     <span class='ocr_line' id='line_1_83' title="bbox 186 5145 1777 5217; baseline 0 -17"><span class='ocrx_word' id='word_1_586' title='bbox 186 5146 472 5217; x_wconf 78' lang='grc' dir='ltr'><strong>Μάρτυρι,</strong></span> <span class='ocrx_word' id='word_1_587' title='bbox 512 5145 611 5216; x_wconf 79' lang='grc' dir='ltr'><strong>τῆς</strong></span> <span class='ocrx_word' id='word_1_588' title='bbox 641 5148 700 5200; x_wconf 74' lang='grc' dir='ltr'><strong>δὲ</strong></span> <span class='ocrx_word' id='word_1_589' title='bbox 731 5147 862 5216; x_wconf 79' lang='grc' dir='ltr'><strong>παρ’</strong></span> <span class='ocrx_word' id='word_1_590' title='bbox 895 5146 1231 5214; x_wconf 77' lang='grc' dir='ltr'><strong>ἀνθρώποις.</strong></span> <span class='ocrx_word' id='word_1_591' title='bbox 1260 5146 1323 5201; x_wconf 75' lang='lat' dir='ltr'><strong>Et</strong></span> <span class='ocrx_word' id='word_1_592' title='bbox 1361 5146 1460 5214; x_wconf 85' lang='grc' dir='ltr'><strong>μὲν</strong></span> <span class='ocrx_word' id='word_1_593' title='bbox 1490 5148 1683 5200; x_wconf 79' lang='grc' dir='ltr'><strong>ὁποίαν</strong></span> <span class='ocrx_word' id='word_1_594' title='bbox 1713 5146 1777 5217; x_wconf 85' lang='grc' dir='ltr'><strong>δή</strong></span> 
     </span>
    </p>
   </div>
   <div class='ocr_carea' id='block_1_84' title="bbox 184 5237 1778 5312">
    <p class='ocr_par' dir='ltr' id='par_1_84' title="bbox 184 5237 1778 5312">
     <span class='ocr_line' id='line_1_84' title="bbox 184 5237 1778 5312; baseline 0.001 -20"><span class='ocrx_word' id='word_1_595' title='bbox 184 5257 315 5292; x_wconf 76' lang='grc' dir='ltr'><strong>τινα</strong></span> <span class='ocrx_word' id='word_1_596' title='bbox 380 5237 592 5294; x_wconf 86' lang='grc' dir='ltr'><strong>τούτων</strong></span> <span class='ocrx_word' id='word_1_597' title='bbox 661 5240 966 5312; x_wconf 72' lang='grc' dir='ltr'><strong>εμέλλομεν</strong></span> <span class='ocrx_word' id='word_1_598' title='bbox 1035 5239 1260 5311; x_wconf 74' lang='grc' dir='ltr'><strong>μείζονα</strong></span> <span class='ocrx_word' id='word_1_599' title='bbox 1330 5244 1504 5295; x_wconf 79' lang='grc' dir='ltr'><strong>ποιεῖν</strong></span> <span class='ocrx_word' id='word_1_600' title='bbox 1565 5242 1629 5293; x_wconf 80' lang='grc' dir='ltr'><strong>ἐκ</strong></span> <span class='ocrx_word' id='word_1_601' title='bbox 1684 5240 1778 5293; x_wconf 81' lang='grc' dir='ltr'><strong>τοῦ</strong></span> 
     </span>
    </p>
   </div>
   <div class='ocr_carea' id='block_1_85' title="bbox 188 5330 1781 5408">
    <p class='ocr_par' dir='ltr' id='par_1_85' title="bbox 188 5330 1781 5408">
     <span class='ocr_line' id='line_1_85' title="bbox 188 5330 1781 5408; baseline -0.001 -21"><span class='ocrx_word' id='word_1_602' title='bbox 188 5333 421 5387; x_wconf 80' lang='grc' dir='ltr'><strong>πλείονα</strong></span> <span class='ocrx_word' id='word_1_603' title='bbox 469 5335 667 5401; x_wconf 75' lang='grc' dir='ltr'><strong>εἰπεῖν,</strong></span> <span class='ocrx_word' id='word_1_604' title='bbox 697 5335 895 5389; x_wconf 84' lang='grc' dir='ltr'><strong>ἄτοποι</strong></span> <span class='ocrx_word' id='word_1_605' title='bbox 936 5334 1222 5399; x_wconf 85' lang='grc' dir='ltr'><strong>παντελῶς</strong></span> <span class='ocrx_word' id='word_1_606' title='bbox 1271 5330 1435 5408; x_wconf 76' lang='grc' dir='ltr'><strong>ἦμεν,</strong></span> <span class='ocrx_word' id='word_1_607' title='bbox 1470 5334 1547 5406; x_wconf 81' lang='grc' dir='ltr'><strong>μὴ</strong></span> <span class='ocrx_word' id='word_1_608' title='bbox 1601 5335 1781 5389; x_wconf 83' lang='grc' dir='ltr'><strong>πάντα</strong></span> 
     </span>
    </p>
   </div>
   <div class='ocr_carea' id='block_1_86' title="bbox 188 5425 1781 5499">
    <p class='ocr_par' dir='ltr' id='par_1_86' title="bbox 188 5425 1781 5499">
     <span class='ocr_line' id='line_1_86' title="bbox 188 5425 1781 5499; baseline -0.001 -20"><span class='ocrx_word' id='word_1_609' title='bbox 188 5427 525 5499; x_wconf 78' lang='grc' dir='ltr'><strong>προσθέντες</strong></span> <span class='ocrx_word' id='word_1_610' title='bbox 562 5430 641 5491; x_wconf 81' lang='grc' dir='ltr'><strong>εἰς</strong></span> <span class='ocrx_word' id='word_1_611' title='bbox 673 5427 864 5498; x_wconf 77' lang='grc' dir='ltr'><strong>μέσον,</strong></span> <span class='ocrx_word' id='word_1_612' title='bbox 891 5429 987 5484; x_wconf 75' lang='grc' dir='ltr'><strong>καὶ</strong></span> <span class='ocrx_word' id='word_1_613' title='bbox 1024 5428 1208 5483; x_wconf 73' lang='grc' dir='ltr'><strong>πάντα</strong></span> <span class='ocrx_word' id='word_1_614' title='bbox 1253 5428 1592 5498; x_wconf 80' lang='grc' dir='ltr'><strong>ζητήσαντες</strong></span> <span class='ocrx_word' id='word_1_615' title='bbox 1613 5442 1627 5457; x_wconf 93' lang='grc'><strong>·</strong></span> <span class='ocrx_word' id='word_1_616' title='bbox 1659 5425 1781 5479; x_wconf 73' lang='grc' dir='ltr'><strong>ἐπεὶ</strong></span> 
     </span>
    </p>
   </div>
   <div class='ocr_carea' id='block_1_87' title="bbox 187 5517 1778 5591">
    <p class='ocr_par' dir='ltr' id='par_1_87' title="bbox 187 5517 1778 5591">
     <span class='ocr_line' id='line_1_87' title="bbox 187 5517 1778 5591; baseline -0.001 -19"><span class='ocrx_word' id='word_1_617' title='bbox 187 5517 237 5572; x_wconf 81' lang='grc' dir='ltr'><strong>δ’</strong></span> <span class='ocrx_word' id='word_1_618' title='bbox 287 5521 323 5590; x_wconf 82' lang='grc' dir='ltr'><strong>ή</strong></span> <span class='ocrx_word' id='word_1_619' title='bbox 381 5521 506 5589; x_wconf 70' lang='grc' dir='ltr'><strong>μὲν,</strong></span> <span class='ocrx_word' id='word_1_620' title='bbox 537 5517 824 5588; x_wconf 80' lang='grc' dir='ltr'><strong>λογισμοῖς</strong></span> <span class='ocrx_word' id='word_1_621' title='bbox 876 5519 1171 5591; x_wconf 77' lang='grc' dir='ltr'><strong>ἡμετέροις</strong></span> <span class='ocrx_word' id='word_1_622' title='bbox 1221 5519 1321 5590; x_wconf 82' lang='grc' dir='ltr'><strong>οὐχ</strong></span> <span class='ocrx_word' id='word_1_623' title='bbox 1368 5517 1778 5585; x_wconf 74' lang='grc' dir='ltr'><strong>ὑποπίπτουσα,</strong></span> 
     </span>
    </p>
   </div>
   <div class='ocr_carea' id='block_1_88' title="bbox 185 5611 1782 5685">
    <p class='ocr_par' dir='ltr' id='par_1_88' title="bbox 185 5611 1782 5685">
     <span class='ocr_line' id='line_1_88' title="bbox 185 5611 1782 5685; baseline -0.001 -19"><span class='ocrx_word' id='word_1_624' title='bbox 185 5614 297 5669; x_wconf 68' lang='grc' dir='ltr'><strong>οὔδ’</strong></span> <span class='ocrx_word' id='word_1_625' title='bbox 331 5615 399 5668; x_wconf 79' lang='grc' dir='ltr'><strong>ἄν</strong></span> <span class='ocrx_word' id='word_1_626' title='bbox 468 5612 530 5676; x_wconf 68' lang='grc' dir='ltr'>ἑξ</span> <span class='ocrx_word' id='word_1_627' title='bbox 567 5613 729 5685; x_wconf 78' lang='grc' dir='ltr'><strong>ήμῶν</strong></span> <span class='ocrx_word' id='word_1_628' title='bbox 763 5611 1077 5684; x_wconf 75' lang='grc' dir='ltr'><strong>ὁτῳδήποτε</strong></span> <span class='ocrx_word' id='word_1_629' title='bbox 1124 5612 1316 5683; x_wconf 79' lang='grc' dir='ltr'><strong>τρόπῳ</strong></span> <span class='ocrx_word' id='word_1_630' title='bbox 1363 5611 1658 5681; x_wconf 83' lang='grc' dir='ltr'><strong>πρόσθεσιν</strong></span> <span class='ocrx_word' id='word_1_631' title='bbox 1696 5612 1782 5665; x_wconf 73' lang='grc' dir='ltr'><strong>δέ·</strong></span> 
     </span>
    </p>
   </div>
   <div class='ocr_carea' id='block_1_89' title="bbox 186 5698 1781 5775">
    <p class='ocr_par' dir='ltr' id='par_1_89' title="bbox 186 5698 1781 5775">
     <span class='ocr_line' id='line_1_89' title="bbox 186 5698 1781 5775; baseline -0.001 -18"><span class='ocrx_word' id='word_1_632' title='bbox 186 5720 377 5774; x_wconf 88' lang='grc' dir='ltr'><strong>χοιτο·</strong></span> <span class='ocrx_word' id='word_1_633' title='bbox 409 5705 443 5773; x_wconf 83' lang='grc' dir='ltr'><strong>ή</strong></span> <span class='ocrx_word' id='word_1_634' title='bbox 479 5703 535 5757; x_wconf 72' lang='grc' dir='ltr'><strong>δὲ</strong></span> <span class='ocrx_word' id='word_1_635' title='bbox 588 5701 1120 5775; x_wconf 80' lang='grc' dir='ltr'><strong>προκατειλημμένη</strong></span> <span class='ocrx_word' id='word_1_636' title='bbox 1163 5705 1286 5765; x_wconf 86' lang='grc' dir='ltr'><strong>ταῖς</strong></span> <span class='ocrx_word' id='word_1_637' title='bbox 1336 5701 1596 5757; x_wconf 80' lang='grc' dir='ltr'><strong>ἁπάντων</strong></span> <span class='ocrx_word' id='word_1_638' title='bbox 1642 5698 1781 5756; x_wconf 82' lang='grc' dir='ltr'><strong>οῦσα</strong></span> 
     </span>
    </p>
   </div>
   <div class='ocr_carea' id='block_1_90' title="bbox 186 5793 1781 5867">
    <p class='ocr_par' dir='ltr' id='par_1_90' title="bbox 186 5793 1781 5867">
     <span class='ocr_line' id='line_1_90' title="bbox 186 5793 1781 5867; baseline -0.001 -19"><span class='ocrx_word' id='word_1_639' title='bbox 186 5796 408 5867; x_wconf 71' lang='grc' dir='ltr'><strong>ψυχαῖς,</strong></span> <span class='ocrx_word' id='word_1_640' title='bbox 445 5797 556 5851; x_wconf 78' lang='grc' dir='ltr'><strong>οὐδ’</strong></span> <span class='ocrx_word' id='word_1_641' title='bbox 599 5798 665 5851; x_wconf 70' lang='grc' dir='ltr'><strong>ἄν</strong></span> <span class='ocrx_word' id='word_1_642' title='bbox 699 5813 846 5861; x_wconf 86' lang='grc' dir='ltr'><strong>τινος</strong></span> <span class='ocrx_word' id='word_1_643' title='bbox 874 5795 1147 5867; x_wconf 76' lang='grc' dir='ltr'><strong>ἐξηγητοῦ</strong></span> <span class='ocrx_word' id='word_1_644' title='bbox 1194 5795 1392 5860; x_wconf 74' lang='grc' dir='ltr'><strong>δέοιτο,</strong></span> <span class='ocrx_word' id='word_1_645' title='bbox 1421 5793 1567 5848; x_wconf 83' lang='grc' dir='ltr'><strong>ὥστε</strong></span> <span class='ocrx_word' id='word_1_646' title='bbox 1599 5810 1781 5864; x_wconf 72' lang='grc' dir='ltr'><strong>παρα-</strong></span> 
     </span>
    </p>
   </div>
   <div class='ocr_carea' id='block_1_91' title="bbox 187 5888 1778 5964">
    <p class='ocr_par' dir='ltr' id='par_1_91' title="bbox 187 5888 1778 5964">
     <span class='ocr_line' id='line_1_91' title="bbox 187 5888 1778 5964; baseline 0.001 -20"><span class='ocrx_word' id='word_1_647' title='bbox 187 5890 449 5964; x_wconf 76' lang='grc' dir='ltr'><strong>δεχθῆναι</strong></span> <span class='ocrx_word' id='word_1_648' title='bbox 498 5889 643 5963; x_wconf 69' lang='grc' dir='ltr'><strong>(οὕτε</strong></span> <span class='ocrx_word' id='word_1_649' title='bbox 679 5890 789 5960; x_wconf 83' lang='grc' dir='ltr'><strong>γὰρ</strong></span> <span class='ocrx_word' id='word_1_650' title='bbox 826 5889 1050 5962; x_wconf 75' lang='grc' dir='ltr'><strong>ἡλιακοῦ</strong></span> <span class='ocrx_word' id='word_1_651' title='bbox 1094 5889 1296 5960; x_wconf 75' lang='grc' dir='ltr'><strong>φωτὸς,</strong></span> <span class='ocrx_word' id='word_1_652' title='bbox 1325 5888 1401 5955; x_wconf 83' lang='grc' dir='ltr'><strong>ὡς</strong></span> <span class='ocrx_word' id='word_1_653' title='bbox 1447 5890 1531 5960; x_wconf 77' lang='grc' dir='ltr'><strong>εἴη</strong></span> <span class='ocrx_word' id='word_1_654' title='bbox 1580 5889 1778 5960; x_wconf 77' lang='grc' dir='ltr'><strong>φώτων</strong></span> 
     </span>
    </p>
   </div>
   <div class='ocr_carea' id='block_1_92' title="bbox 1811 4659 1859 4715">
    <p class='ocr_par' dir='ltr' id='par_1_92' title="bbox 1811 4659 1859 4715">
     <span class='ocr_line' id='line_1_92' title="bbox 1811 4659 1859 4715; baseline 0 0"><span class='ocrx_word' id='word_1_655' title='bbox 1811 4659 1859 4715; x_wconf 89' lang='lat' dir='ltr'><strong>D</strong></span> 
     </span>
    </p>
   </div>
   <div class='ocr_carea' id='block_1_93' title="bbox 1972 4032 3477 4109">
    <p class='ocr_par' dir='ltr' id='par_1_93' title="bbox 1972 4032 3477 4109">
     <span class='ocr_line' id='line_1_93' title="bbox 1972 4032 3477 4109; baseline 0.003 -16"><span class='ocrx_word' id='word_1_656' title='bbox 1972 4038 2028 4094; x_wconf 75' lang='lat'><strong>5.</strong></span> <span class='ocrx_word' id='word_1_657' title='bbox 2060 4037 2116 4095; x_wconf 85' lang='lat' dir='ltr'><strong>Si</strong></span> <span class='ocrx_word' id='word_1_658' title='bbox 2147 4038 2339 4094; x_wconf 87' lang='lat' dir='ltr'><strong>liceret</strong></span> <span class='ocrx_word' id='word_1_659' title='bbox 2364 4032 2523 4109; x_wconf 62' lang='lat' dir='ltr'><strong>{mihi</strong></span> <span class='ocrx_word' id='word_1_660' title='bbox 2564 4040 2665 4109; x_wconf 86' lang='lat' dir='ltr'><strong>pro</strong></span> <span class='ocrx_word' id='word_1_661' title='bbox 2715 4037 2986 4093; x_wconf 88' lang='lat' dir='ltr'><strong>arbitratu</strong></span> <span class='ocrx_word' id='word_1_662' title='bbox 3019 4039 3477 4103; x_wconf 76' lang='lat' dir='ltr'><strong>eratioaeindis~</strong></span> 
     </span>
    </p>
   </div>
   <div class='ocr_carea' id='block_1_94' title="bbox 1893 4118 3476 4202">
    <p class='ocr_par' dir='ltr' id='par_1_94' title="bbox 1893 4118 3476 4202">
     <span class='ocr_line' id='line_1_94' title="bbox 1893 4118 3476 4202; baseline -0.001 -16"><span class='ocrx_word' id='word_1_663' title='bbox 1893 4145 2125 4201; x_wconf 87' lang='lat' dir='ltr'><strong>ponere,</strong></span> <span class='ocrx_word' id='word_1_664' title='bbox 2186 4147 2296 4186; x_wconf 90' lang='lat' dir='ltr'><strong>non</strong></span> <span class='ocrx_word' id='word_1_665' title='bbox 2328 4118 2579 4202; x_wconf 87' lang='lat' dir='ltr'><strong>obligato</strong></span> <span class='ocrx_word' id='word_1_666' title='bbox 2606 4131 2656 4187; x_wconf 90' lang='lat' dir='ltr'><strong>ei</strong></span> <span class='ocrx_word' id='word_1_667' title='bbox 2693 4147 2809 4201; x_wconf 73' lang='lat' dir='ltr'><strong>qua:</strong></span> <span class='ocrx_word' id='word_1_668' title='bbox 2855 4138 2914 4184; x_wconf 90' lang='lat' dir='ltr'><strong>ut</strong></span> <span class='ocrx_word' id='word_1_669' title='bbox 2947 4131 3476 4202; x_wconf 71' lang='lat' dir='ltr'><strong>plurimumobser—</strong></span> 
     </span>
    </p>
   </div>
   <div class='ocr_carea' id='block_1_95' title="bbox 1892 4222 3471 4294">
    <p class='ocr_par' dir='ltr' id='par_1_95' title="bbox 1892 4222 3471 4294">
     <span class='ocr_line' id='line_1_95' title="bbox 1892 4222 3471 4294; baseline 0.001 -19"><span class='ocrx_word' id='word_1_670' title='bbox 1892 4231 2052 4277; x_wconf 83' lang='lat' dir='ltr'><strong>vatur</strong></span> <span class='ocrx_word' id='word_1_671' title='bbox 2089 4222 2195 4294; x_wconf 85' lang='lat' dir='ltr'><strong>legi</strong></span> <span class='ocrx_word' id='word_1_672' title='bbox 2225 4240 2239 4288; x_wconf 88' lang='lat'><strong>;</strong></span> <span class='ocrx_word' id='word_1_673' title='bbox 2276 4238 2381 4279; x_wconf 87' lang='lat' dir='ltr'><strong>non</strong></span> <span class='ocrx_word' id='word_1_674' title='bbox 2436 4223 2624 4294; x_wconf 87' lang='lat' dir='ltr'><strong>utique</strong></span> <span class='ocrx_word' id='word_1_675' title='bbox 2660 4224 2851 4294; x_wconf 65' lang='lat' dir='ltr'><strong>patriae</strong></span> <span class='ocrx_word' id='word_1_676' title='bbox 2908 4223 3098 4279; x_wconf 84' lang='lat' dir='ltr'><strong>vellem</strong></span> <span class='ocrx_word' id='word_1_677' title='bbox 3136 4225 3471 4288; x_wconf 81' lang='lat' dir='ltr'><strong>meminisse,</strong></span> 
     </span>
    </p>
   </div>
   <div class='ocr_carea' id='block_1_96' title="bbox 1891 4313 3469 4386">
    <p class='ocr_par' dir='ltr' id='par_1_96' title="bbox 1891 4313 3469 4386">
     <span class='ocr_line' id='line_1_96' title="bbox 1891 4313 3469 4386; baseline 0.001 -20"><span class='ocrx_word' id='word_1_678' title='bbox 1891 4313 2042 4368; x_wconf 67' lang='lat' dir='ltr'><strong>velut</strong></span> <span class='ocrx_word' id='word_1_679' title='bbox 2095 4329 2303 4384; x_wconf 76' lang='lat' dir='ltr'><strong>magna:</strong></span> <span class='ocrx_word' id='word_1_680' title='bbox 2346 4322 2511 4385; x_wconf 88' lang='lat' dir='ltr'><strong>atque</strong></span> <span class='ocrx_word' id='word_1_681' title='bbox 2542 4316 2824 4386; x_wconf 61' lang='lat' dir='ltr'><strong>speciosae,</strong></span> <span class='ocrx_word' id='word_1_682' title='bbox 2886 4331 3066 4386; x_wconf 89' lang='lat' dir='ltr'><strong>neque</strong></span> <span class='ocrx_word' id='word_1_683' title='bbox 3119 4326 3469 4371; x_wconf 76' lang='lat' dir='ltr'><strong>externorum</strong></span> 
     </span>
    </p>
   </div>
   <div class='ocr_carea' id='block_1_97' title="bbox 1890 4409 3472 4480">
    <p class='ocr_par' dir='ltr' id='par_1_97' title="bbox 1890 4409 3472 4480">
     <span class='ocr_line' id='line_1_97' title="bbox 1890 4409 3472 4480; baseline 0.003 -21"><span class='ocrx_word' id='word_1_684' title='bbox 1890 4420 2346 4477; x_wconf 82' lang='lat' dir='ltr'><strong>quorumcnuque</strong></span> <span class='ocrx_word' id='word_1_685' title='bbox 2396 4409 2682 4472; x_wconf 85' lang='lat' dir='ltr'><strong>decorum,</strong></span> <span class='ocrx_word' id='word_1_686' title='bbox 2769 4409 2865 4465; x_wconf 87' lang='lat' dir='ltr'><strong>sed</strong></span> <span class='ocrx_word' id='word_1_687' title='bbox 2893 4409 3078 4464; x_wconf 85' lang='lat' dir='ltr'><strong>statim</strong></span> <span class='ocrx_word' id='word_1_688' title='bbox 3119 4425 3149 4464; x_wconf 85' lang='lat' dir='ltr'><strong>a</strong></span> <span class='ocrx_word' id='word_1_689' title='bbox 3202 4410 3472 4480; x_wconf 86' lang='lat' dir='ltr'><strong>principio</strong></span> 
     </span>
    </p>
   </div>
   <div class='ocr_carea' id='block_1_98' title="bbox 1891 4498 3504 4586">
    <p class='ocr_par' dir='ltr' id='par_1_98' title="bbox 1891 4498 3504 4586">
     <span class='ocr_line' id='line_1_98' title="bbox 1891 4498 3504 4586; baseline 0.002 -33"><span class='ocrx_word' id='word_1_690' title='bbox 1891 4514 1954 4553; x_wconf 85' lang='lat' dir='ltr'><strong>ca</strong></span> <span class='ocrx_word' id='word_1_691' title='bbox 1985 4498 2477 4569; x_wconf 87' lang='lat' dir='ltr'><strong>apprebenderem,</strong></span> <span class='ocrx_word' id='word_1_692' title='bbox 2511 4517 2632 4572; x_wconf 69' lang='lat' dir='ltr'><strong>quae</strong></span> <span class='ocrx_word' id='word_1_693' title='bbox 2679 4502 2744 4557; x_wconf 88' lang='lat' dir='ltr'><strong>ad</strong></span> <span class='ocrx_word' id='word_1_694' title='bbox 2778 4502 3151 4558; x_wconf 84' lang='lat' dir='ltr'><strong>laudationem</strong></span> <span class='ocrx_word' id='word_1_695' title='bbox 3197 4504 3504 4586; x_wconf 41' lang='lat' dir='ltr'><strong>praecipua.</strong></span> 
     </span>
    </p>
   </div>
   <div class='ocr_carea' id='block_1_99' title="bbox 1889 4592 3469 4664">
    <p class='ocr_par' dir='ltr' id='par_1_99' title="bbox 1889 4592 3469 4664">
     <span class='ocr_line' id='line_1_99' title="bbox 1889 4592 3469 4664; baseline -0.001 -17"><span class='ocrx_word' id='word_1_696' title='bbox 1889 4600 2039 4647; x_wconf 86' lang='lat' dir='ltr'><strong>sunt.</strong></span> <span class='ocrx_word' id='word_1_697' title='bbox 2079 4592 2293 4647; x_wconf 77' lang='lat' dir='ltr'><strong>Etenim</strong></span> <span class='ocrx_word' id='word_1_698' title='bbox 2321 4594 2714 4650; x_wconf 84' lang='lat' dir='ltr'><strong>minutulurnm</strong></span> <span class='ocrx_word' id='word_1_699' title='bbox 2748 4610 2888 4664; x_wconf 83' lang='lat' dir='ltr'><strong>opus</strong></span> <span class='ocrx_word' id='word_1_700' title='bbox 2912 4595 3045 4650; x_wconf 87' lang='lat' dir='ltr'><strong>mihi</strong></span> <span class='ocrx_word' id='word_1_701' title='bbox 3074 4609 3196 4650; x_wconf 88' lang='lat' dir='ltr'><strong>esse</strong></span> <span class='ocrx_word' id='word_1_702' title='bbox 3229 4596 3469 4658; x_wconf 72' lang='lat' dir='ltr'><strong>videtur,</strong></span> 
     </span>
    </p>
   </div>
   <div class='ocr_carea' id='block_1_100' title="bbox 1885 4685 3473 4758">
    <p class='ocr_par' dir='ltr' id='par_1_100' title="bbox 1885 4685 3473 4758">
     <span class='ocr_line' id='line_1_100' title="bbox 1885 4685 3473 4758; baseline 0 -18"><span class='ocrx_word' id='word_1_703' title='bbox 1885 4685 1941 4740; x_wconf 90' lang='lat' dir='ltr'><strong>in</strong></span> <span class='ocrx_word' id='word_1_704' title='bbox 1965 4686 2044 4741; x_wconf 88' lang='lat' dir='ltr'><strong>eis</strong></span> <span class='ocrx_word' id='word_1_705' title='bbox 2082 4686 2437 4755; x_wconf 79' lang='lat' dir='ltr'><strong>argumentis,</strong></span> <span class='ocrx_word' id='word_1_706' title='bbox 2466 4702 2587 4758; x_wconf 82' lang='lat' dir='ltr'><strong>quae</strong></span> <span class='ocrx_word' id='word_1_707' title='bbox 2621 4702 2839 4741; x_wconf 80' lang='lat' dir='ltr'><strong>onmem</strong></span> <span class='ocrx_word' id='word_1_708' title='bbox 2891 4696 3156 4756; x_wconf 88' lang='lat' dir='ltr'><strong>superant</strong></span> <span class='ocrx_word' id='word_1_709' title='bbox 3189 4702 3473 4742; x_wconf 80' lang='lat' dir='ltr'><strong>cemincn-</strong></span> 
     </span>
    </p>
   </div>
   <div class='ocr_carea' id='block_1_101' title="bbox 1884 4779 3469 4851">
    <p class='ocr_par' dir='ltr' id='par_1_101' title="bbox 1884 4779 3469 4851">
     <span class='ocr_line' id='line_1_101' title="bbox 1884 4779 3469 4851; baseline 0.001 -18"><span class='ocrx_word' id='word_1_710' title='bbox 1884 4779 2182 4837; x_wconf 88' lang='lat' dir='ltr'><strong>dationem.</strong></span> <span class='ocrx_word' id='word_1_711' title='bbox 2235 4779 2446 4851; x_wconf 81' lang='lat' dir='ltr'><strong>digredi</strong></span> <span class='ocrx_word' id='word_1_712' title='bbox 2508 4779 2575 4834; x_wconf 83' lang='lat' dir='ltr'><strong>ad</strong></span> <span class='ocrx_word' id='word_1_713' title='bbox 2638 4779 2858 4844; x_wconf 81' lang='lat' dir='ltr'><strong>inﬁma,</strong></span> <span class='ocrx_word' id='word_1_714' title='bbox 2898 4794 2965 4833; x_wconf 78' lang='lat' dir='ltr'><strong>ex</strong></span> <span class='ocrx_word' id='word_1_715' title='bbox 3016 4780 3193 4849; x_wconf 91' lang='lat' dir='ltr'><strong>iisque</strong></span> <span class='ocrx_word' id='word_1_716' title='bbox 3247 4789 3469 4850; x_wconf 78' lang='lat' dir='ltr'><strong>captare</strong></span> 
     </span>
    </p>
   </div>
   <div class='ocr_carea' id='block_1_102' title="bbox 1883 4870 3470 4938">
    <p class='ocr_par' dir='ltr' id='par_1_102' title="bbox 1883 4870 3470 4938">
     <span class='ocr_line' id='line_1_102' title="bbox 1883 4870 3470 4938; baseline 0.001 -14"><span class='ocrx_word' id='word_1_717' title='bbox 1883 4872 2256 4926; x_wconf 87' lang='lat' dir='ltr'><strong>encomiorum</strong></span> <span class='ocrx_word' id='word_1_718' title='bbox 2306 4871 2615 4933; x_wconf 86' lang='lat' dir='ltr'><strong>materiam.</strong></span> <span class='ocrx_word' id='word_1_719' title='bbox 2680 4882 2935 4938; x_wconf 74' lang='lat' dir='ltr'><strong>tanquam</strong></span> <span class='ocrx_word' id='word_1_720' title='bbox 2985 4870 3103 4925; x_wconf 88' lang='lat' dir='ltr'><strong>sine</strong></span> <span class='ocrx_word' id='word_1_721' title='bbox 3161 4872 3246 4927; x_wconf 87' lang='lat' dir='ltr'><strong>bis</strong></span> <span class='ocrx_word' id='word_1_722' title='bbox 3290 4872 3470 4926; x_wconf 84' lang='lat' dir='ltr'><strong>subsi-</strong></span> 
     </span>
    </p>
   </div>
   <div class='ocr_carea' id='block_1_103' title="bbox 1888 4963 3469 5032">
    <p class='ocr_par' dir='ltr' id='par_1_103' title="bbox 1888 4963 3469 5032">
     <span class='ocr_line' id='line_1_103' title="bbox 1888 4963 3469 5032; baseline -0.001 -14"><span class='ocrx_word' id='word_1_723' title='bbox 1888 4973 2033 5018; x_wconf 87' lang='lat' dir='ltr'><strong>stere</strong></span> <span class='ocrx_word' id='word_1_724' title='bbox 2078 4979 2186 5017; x_wconf 88' lang='lat' dir='ltr'><strong>non</strong></span> <span class='ocrx_word' id='word_1_725' title='bbox 2234 4972 2439 5032; x_wconf 84' lang='lat' dir='ltr'><strong>posset,</strong></span> <span class='ocrx_word' id='word_1_726' title='bbox 2465 4972 2563 5018; x_wconf 89' lang='lat' dir='ltr'><strong>aut</strong></span> <span class='ocrx_word' id='word_1_727' title='bbox 2610 4963 2802 5017; x_wconf 83' lang='lat' dir='ltr'><strong>saltem</strong></span> <span class='ocrx_word' id='word_1_728' title='bbox 2836 4963 3018 5017; x_wconf 88' lang='lat' dir='ltr'><strong>minus</strong></span> <span class='ocrx_word' id='word_1_729' title='bbox 3056 4963 3290 5032; x_wconf 79' lang='lat' dir='ltr'><strong>perfecta</strong></span> <span class='ocrx_word' id='word_1_730' title='bbox 3328 4963 3469 5018; x_wconf 77' lang='lat' dir='ltr'><strong>foret</strong></span> 
     </span>
    </p>
   </div>
   <div class='ocr_carea' id='block_1_104' title="bbox 1886 5054 3469 5126">
    <p class='ocr_par' dir='ltr' id='par_1_104' title="bbox 1886 5054 3469 5126">
     <span class='ocr_line' id='line_1_104' title="bbox 1886 5054 3469 5126; baseline -0.001 -18"><span class='ocrx_word' id='word_1_731' title='bbox 1886 5055 2055 5125; x_wconf 61' lang='lat' dir='ltr'><strong>gloria</strong></span> <span class='ocrx_word' id='word_1_732' title='bbox 2082 5054 2330 5126; x_wconf 75' lang='lat' dir='ltr'><strong>Martyris</strong></span> <span class='ocrx_word' id='word_1_733' title='bbox 2367 5054 2511 5124; x_wconf 87' lang='lat' dir='ltr'><strong>apud</strong></span> <span class='ocrx_word' id='word_1_734' title='bbox 2565 5057 2736 5110; x_wconf 85' lang='lat' dir='ltr'><strong>Deum</strong></span> <span class='ocrx_word' id='word_1_735' title='bbox 2786 5055 3166 5124; x_wconf 76' lang='lat' dir='ltr'><strong>hominesque.</strong></span> <span class='ocrx_word' id='word_1_736' title='bbox 3212 5054 3288 5109; x_wconf 76' lang='lat' dir='ltr'><strong>Ex</strong></span> <span class='ocrx_word' id='word_1_737' title='bbox 3331 5070 3469 5125; x_wconf 86' lang='lat' dir='ltr'><strong>qua-</strong></span> 
     </span>
    </p>
   </div>
   <div class='ocr_carea' id='block_1_105' title="bbox 1883 5148 3465 5222">
    <p class='ocr_par' dir='ltr' id='par_1_105' title="bbox 1883 5148 3465 5222">
     <span class='ocr_line' id='line_1_105' title="bbox 1883 5148 3465 5222; baseline 0.001 -20"><span class='ocrx_word' id='word_1_738' title='bbox 1883 5164 2106 5218; x_wconf 84' lang='lat' dir='ltr'><strong>cunque</strong></span> <span class='ocrx_word' id='word_1_739' title='bbox 2154 5150 2302 5206; x_wconf 88' lang='lat' dir='ltr'><strong>enim</strong></span> <span class='ocrx_word' id='word_1_740' title='bbox 2338 5158 2494 5222; x_wconf 77' lang='lat' dir='ltr'><strong>parte</strong></span> <span class='ocrx_word' id='word_1_741' title='bbox 2515 5148 2658 5206; x_wconf 83' lang='lat' dir='ltr'><strong>banc</strong></span> <span class='ocrx_word' id='word_1_742' title='bbox 2682 5149 2916 5204; x_wconf 84' lang='lat' dir='ltr'><strong>velimus</strong></span> <span class='ocrx_word' id='word_1_743' title='bbox 2946 5149 3182 5204; x_wconf 89' lang='lat' dir='ltr'><strong>dicendo</strong></span> <span class='ocrx_word' id='word_1_744' title='bbox 3204 5152 3465 5220; x_wconf 77' lang='lat' dir='ltr'><strong>majorem</strong></span> 
     </span>
    </p>
   </div>
   <div class='ocr_carea' id='block_1_106' title="bbox 1883 5240 3467 5313">
    <p class='ocr_par' dir='ltr' id='par_1_106' title="bbox 1883 5240 3467 5313">
     <span class='ocr_line' id='line_1_106' title="bbox 1883 5240 3467 5313; baseline 0 -19"><span class='ocrx_word' id='word_1_745' title='bbox 1883 5240 2087 5305; x_wconf 72' lang='lat' dir='ltr'><strong>facere,</strong></span> <span class='ocrx_word' id='word_1_746' title='bbox 2124 5255 2238 5296; x_wconf 83' lang='lat' dir='ltr'><strong>rem</strong></span> <span class='ocrx_word' id='word_1_747' title='bbox 2284 5241 2559 5311; x_wconf 81' lang='lat' dir='ltr'><strong>egerimus</strong></span> <span class='ocrx_word' id='word_1_748' title='bbox 2593 5240 2996 5309; x_wconf 86' lang='lat' dir='ltr'><strong>ineoncinnam,</strong></span> <span class='ocrx_word' id='word_1_749' title='bbox 3040 5243 3223 5298; x_wconf 79' lang='lat' dir='ltr'><strong>omnia</strong></span> <span class='ocrx_word' id='word_1_750' title='bbox 3277 5243 3467 5313; x_wconf 85' lang='lat' dir='ltr'><strong>requi-</strong></span> 
     </span>
    </p>
   </div>
   <div class='ocr_carea' id='block_1_107' title="bbox 1885 5333 3465 5401">
    <p class='ocr_par' dir='ltr' id='par_1_107' title="bbox 1885 5333 3465 5401">
     <span class='ocr_line' id='line_1_107' title="bbox 1885 5333 3465 5401; baseline 0.001 -14"><span class='ocrx_word' id='word_1_751' title='bbox 1885 5334 2077 5401; x_wconf 86' lang='lat' dir='ltr'><strong>rendo,</strong></span> <span class='ocrx_word' id='word_1_752' title='bbox 2110 5349 2209 5390; x_wconf 87' lang='lat' dir='ltr'><strong>nec</strong></span> <span class='ocrx_word' id='word_1_753' title='bbox 2242 5345 2421 5390; x_wconf 87' lang='lat' dir='ltr'><strong>tamen</strong></span> <span class='ocrx_word' id='word_1_754' title='bbox 2454 5336 2507 5388; x_wconf 87' lang='lat' dir='ltr'><strong>in</strong></span> <span class='ocrx_word' id='word_1_755' title='bbox 2561 5334 2802 5390; x_wconf 86' lang='lat' dir='ltr'><strong>medium</strong></span> <span class='ocrx_word' id='word_1_756' title='bbox 2858 5334 3203 5391; x_wconf 79' lang='lat' dir='ltr'><strong>adducenda.</strong></span> <span class='ocrx_word' id='word_1_757' title='bbox 3236 5333 3369 5388; x_wconf 86' lang='lat' dir='ltr'><strong>Nam</strong></span> <span class='ocrx_word' id='word_1_758' title='bbox 3402 5351 3465 5389; x_wconf 82' lang='lat' dir='ltr'><strong>ea</strong></span> 
     </span>
    </p>
   </div>
   <div class='ocr_carea' id='block_1_108' title="bbox 1883 5424 3467 5497">
    <p class='ocr_par' dir='ltr' id='par_1_108' title="bbox 1883 5424 3467 5497">
     <span class='ocr_line' id='line_1_108' title="bbox 1883 5424 3467 5497; baseline 0 -18"><span class='ocrx_word' id='word_1_759' title='bbox 1883 5440 2006 5495; x_wconf 76' lang='lat' dir='ltr'><strong>quae</strong></span> <span class='ocrx_word' id='word_1_760' title='bbox 2034 5440 2101 5479; x_wconf 80' lang='lat' dir='ltr'><strong>ex</strong></span> <span class='ocrx_word' id='word_1_761' title='bbox 2132 5425 2239 5480; x_wconf 84' lang='lat' dir='ltr'><strong>Deo</strong></span> <span class='ocrx_word' id='word_1_762' title='bbox 2261 5434 2347 5481; x_wconf 87' lang='lat' dir='ltr'><strong>est</strong></span> <span class='ocrx_word' id='word_1_763' title='bbox 2374 5424 2569 5497; x_wconf 86' lang='lat' dir='ltr'><strong>gloria,</strong></span> <span class='ocrx_word' id='word_1_764' title='bbox 2600 5439 2727 5478; x_wconf 85' lang='lat' dir='ltr'><strong>cum</strong></span> <span class='ocrx_word' id='word_1_765' title='bbox 2775 5426 3062 5481; x_wconf 86' lang='lat' dir='ltr'><strong>ratiocinio</strong></span> <span class='ocrx_word' id='word_1_766' title='bbox 3107 5433 3299 5481; x_wconf 86' lang='lat' dir='ltr'><strong>nostro</strong></span> <span class='ocrx_word' id='word_1_767' title='bbox 3336 5427 3467 5481; x_wconf 84' lang='lat' dir='ltr'><strong>sub-</strong></span> 
     </span>
    </p>
   </div>
   <div class='ocr_carea' id='block_1_109' title="bbox 1880 5516 3471 5589">
    <p class='ocr_par' dir='ltr' id='par_1_109' title="bbox 1880 5516 3471 5589">
     <span class='ocr_line' id='line_1_109' title="bbox 1880 5516 3471 5589; baseline 0.001 -17"><span class='ocrx_word' id='word_1_768' title='bbox 1880 5517 2022 5588; x_wconf 82' lang='lat' dir='ltr'><strong>jecta</strong></span> <span class='ocrx_word' id='word_1_769' title='bbox 2046 5532 2155 5571; x_wconf 91' lang='lat' dir='ltr'><strong>non</strong></span> <span class='ocrx_word' id='word_1_770' title='bbox 2180 5517 2273 5584; x_wconf 88' lang='lat' dir='ltr'><strong>sit,</strong></span> <span class='ocrx_word' id='word_1_771' title='bbox 2324 5516 2478 5573; x_wconf 90' lang='lat' dir='ltr'><strong>nullo</strong></span> <span class='ocrx_word' id='word_1_772' title='bbox 2515 5518 2678 5572; x_wconf 73' lang='lat' dir='ltr'><strong>modo</strong></span> <span class='ocrx_word' id='word_1_773' title='bbox 2709 5526 2892 5588; x_wconf 86' lang='lat' dir='ltr'><strong>potest</strong></span> <span class='ocrx_word' id='word_1_774' title='bbox 2929 5528 3282 5589; x_wconf 82' lang='lat' dir='ltr'><strong>augmentum</strong></span> <span class='ocrx_word' id='word_1_775' title='bbox 3333 5532 3471 5588; x_wconf 88' lang='lat' dir='ltr'><strong>qua-</strong></span> 
     </span>
    </p>
   </div>
   <div class='ocr_carea' id='block_1_110' title="bbox 1882 5608 3465 5683">
    <p class='ocr_par' dir='ltr' id='par_1_110' title="bbox 1882 5608 3465 5683">
     <span class='ocr_line' id='line_1_110' title="bbox 1882 5608 3465 5683; baseline 0 -19"><span class='ocrx_word' id='word_1_776' title='bbox 1882 5608 2155 5680; x_wconf 89' lang='lat' dir='ltr'><strong>lecunque</strong></span> <span class='ocrx_word' id='word_1_777' title='bbox 2205 5626 2235 5664; x_wconf 85' lang='lat' dir='ltr'><strong>a</strong></span> <span class='ocrx_word' id='word_1_778' title='bbox 2266 5609 2426 5666; x_wconf 84' lang='lat' dir='ltr'><strong>nobis</strong></span> <span class='ocrx_word' id='word_1_779' title='bbox 2453 5610 2746 5683; x_wconf 85' lang='lat' dir='ltr'><strong>accipere;</strong></span> <span class='ocrx_word' id='word_1_780' title='bbox 2779 5624 2902 5680; x_wconf 75' lang='lat' dir='ltr'><strong>quae</strong></span> <span class='ocrx_word' id='word_1_781' title='bbox 2946 5620 3130 5666; x_wconf 88' lang='lat' dir='ltr'><strong>autem</strong></span> <span class='ocrx_word' id='word_1_782' title='bbox 3170 5610 3239 5666; x_wconf 89' lang='lat' dir='ltr'><strong>ab</strong></span> <span class='ocrx_word' id='word_1_783' title='bbox 3282 5610 3465 5666; x_wconf 86' lang='lat' dir='ltr'><strong>homi-</strong></span> 
     </span>
    </p>
   </div>
   <div class='ocr_carea' id='block_1_111' title="bbox 1883 5702 3464 5775">
    <p class='ocr_par' dir='ltr' id='par_1_111' title="bbox 1883 5702 3464 5775">
     <span class='ocr_line' id='line_1_111' title="bbox 1883 5702 3464 5775; baseline 0.001 -17"><span class='ocrx_word' id='word_1_784' title='bbox 1883 5702 2049 5758; x_wconf 86' lang='lat' dir='ltr'><strong>nibus</strong></span> <span class='ocrx_word' id='word_1_785' title='bbox 2102 5704 2397 5774; x_wconf 79' lang='lat' dir='ltr'><strong>provenit,</strong></span> <span class='ocrx_word' id='word_1_786' title='bbox 2468 5718 2593 5760; x_wconf 89' lang='lat' dir='ltr'><strong>cum</strong></span> <span class='ocrx_word' id='word_1_787' title='bbox 2642 5704 2754 5774; x_wconf 86' lang='lat' dir='ltr'><strong>jam</strong></span> <span class='ocrx_word' id='word_1_788' title='bbox 2817 5703 3028 5775; x_wconf 85' lang='lat' dir='ltr'><strong>pridem</strong></span> <span class='ocrx_word' id='word_1_789' title='bbox 3092 5705 3146 5758; x_wconf 90' lang='lat' dir='ltr'><strong>in</strong></span> <span class='ocrx_word' id='word_1_790' title='bbox 3216 5704 3464 5759; x_wconf 85' lang='lat' dir='ltr'><strong>onmium</strong></span> 
     </span>
    </p>
   </div>
   <div class='ocr_carea' id='block_1_112' title="bbox 1886 5796 3471 5869">
    <p class='ocr_par' dir='ltr' id='par_1_112' title="bbox 1886 5796 3471 5869">
     <span class='ocr_line' id='line_1_112' title="bbox 1886 5796 3471 5869; baseline 0.001 -18"><span class='ocrx_word' id='word_1_791' title='bbox 1886 5796 2082 5852; x_wconf 85' lang='lat' dir='ltr'><strong>auimis</strong></span> <span class='ocrx_word' id='word_1_792' title='bbox 2107 5797 2348 5869; x_wconf 84' lang='lat' dir='ltr'><strong>perlecta</strong></span> <span class='ocrx_word' id='word_1_793' title='bbox 2389 5797 2482 5862; x_wconf 89' lang='lat' dir='ltr'><strong>sit,</strong></span> <span class='ocrx_word' id='word_1_794' title='bbox 2512 5811 2621 5853; x_wconf 87' lang='lat' dir='ltr'><strong>non</strong></span> <span class='ocrx_word' id='word_1_795' title='bbox 2656 5804 2781 5868; x_wconf 86' lang='lat' dir='ltr'><strong>eget</strong></span> <span class='ocrx_word' id='word_1_796' title='bbox 2805 5798 3117 5868; x_wconf 79' lang='lat' dir='ltr'><strong>expositore</strong></span> <span class='ocrx_word' id='word_1_797' title='bbox 3149 5797 3353 5866; x_wconf 88' lang='lat' dir='ltr'><strong>aliquo,</strong></span> <span class='ocrx_word' id='word_1_798' title='bbox 3406 5803 3471 5852; x_wconf 85' lang='lat' dir='ltr'><strong>ut</strong></span> 
     </span>
    </p>
   </div>
   <div class='ocr_carea' id='block_1_113' title="bbox 1885 5885 3467 5960">
    <p class='ocr_par' dir='ltr' id='par_1_113' title="bbox 1885 5885 3467 5960">
     <span class='ocr_line' id='line_1_113' title="bbox 1885 5885 3467 5960; baseline -0.002 -16"><span class='ocrx_word' id='word_1_799' title='bbox 1885 5888 2055 5960; x_wconf 82' lang='lat' dir='ltr'><strong>recipi</strong></span> <span class='ocrx_word' id='word_1_800' title='bbox 2097 5888 2290 5960; x_wconf 78' lang='lat' dir='ltr'><strong>possit.</strong></span> <span class='ocrx_word' id='word_1_801' title='bbox 2323 5886 2480 5946; x_wconf 84' lang='lat' dir='ltr'><strong>Sicut</strong></span> <span class='ocrx_word' id='word_1_802' title='bbox 2507 5889 2659 5945; x_wconf 87' lang='lat' dir='ltr'><strong>enim</strong></span> <span class='ocrx_word' id='word_1_803' title='bbox 2705 5902 2816 5944; x_wconf 88' lang='lat' dir='ltr'><strong>non</strong></span> <span class='ocrx_word' id='word_1_804' title='bbox 2849 5895 3168 5957; x_wconf 80' lang='lat' dir='ltr'><strong>exspectant</strong></span> <span class='ocrx_word' id='word_1_805' title='bbox 3212 5885 3467 5941; x_wconf 85' lang='lat' dir='ltr'><strong>homines</strong></span> 
     </span>
    </p>
   </div>
  </div>
