3830 6368
403 371 511 435 303
1366 376 1697 440 GEORGII
1737 375 1964 440 CYPRI

2084 377 2156 440 ‘.P.
2194 375 2718 440 PATRiARC’HAZ
3569 368 3603 432 3
3643 365 3676 411 θ

387 482 615 541 luminis
636 482 834 541 solaris
854 485 1222 557 cognoscendi
1254 488 1594 559 magistrum,
1614 498 1804 562 utpote
1824 489 1969 560 quod

2084 489 2337 544 ἁπάντων
2372 490 2784 559 λαμπρότατον,
2815 484 3014 553 ἔξωθεν
3040 482 3364 539 διδάσκαλον
3390 481 3675 553 ἀναμενο-

388 578 657 636 lttminum
715 577 964 633 omnium
1018 588 1106 634 est
1150 578 1557 647 clarissimum;
1615 582 1687 636 ita
1755 597 1856 638 nec
1907 582 1973 638 de

2084 602 2183 655 μεν
2214 582 2494 653 ἅνθρωποι
2518 600 2533 615 ·
2576 580 2690 634 οὐτ’
2724 576 2791 636 αὖ
2846 578 3102 650 περὶτῆς
3147 577 3304 631 τοῦδε
3336 578 3667 648 λαμπρότη-

362 672 549 727 ‘istius
588 671 860 736 claritate,
894 682 953 726 ut
1003 688 1125 743 qua:
1156 688 1469 729 sermonem
1513 687 1732 731 omnem
1766 677 1976 747 cogita-

393 773 623 831 tumque
652 763 909 827 excellat,
941 763 1151 834 indiget
1172 764 1297 835 quis
1323 766 1545 822 aliunde
1580 767 1795 823 doceri.
1817 767 1974 835 Quod

396 856 565 927 igitur
621 856 729 909 erit
782 870 964 926 opera:
1036 858 1090 911 in
1146 858 1347 914 talibus
1401 861 1664 930 ponendas
1718 862 1975 930 pretium,

394 949 616 1020 quando
645 958 886 1019 cbngrue
919 951 1311 1008 omitterentur
1364 954 1491 1018 illa,
1537 970 1660 1025 quae
1701 954 1836 1018 dixi.
1881 970 1979 1009 ex—

394 1053 576 1104 terna,
629 1043 732 1098 nisi
766 1043 999 1099 aliorum
1040 1061 1258 1117 quoque
1287 1045 1519 1102 auribus
1555 1047 1733 1103 oratio
1758 1048 1978 1104 subscr-

392 1134 573 1189 viret?

462 1224 517 1279 4.
548 1224 604 1281 Si
641 1235 821 1283 tamen
858 1230 992 1286 tanti
1028 1229 1213 1287 Sancti
1256 1232 1488 1302 patriam
1522 1231 1750 1287 omnino
1780 1232 1976 1288 vellem

392 1316 447 1371 in
475 1333 785 1374 sermonem
848 1320 1128 1388 inducere,
1160 1324 1361 1378 calum
1413 1324 1603 1394 utique
1631 1323 1975 1391 inducerem,

388 1411 605 1468 felicem
657 1414 804 1469 illam
834 1422 888 1469 et
916 1414 1426 1472 incommutabilem
1481 1419 1783 1490 regionem,
1817 1432 1978 1488 ange-

390 1502 591 1570 lorum,
646 1504 890 1575 inqnam,
919 1507 1189 1578 patriam:
1233 1522 1335 1564 nec
1355 1508 1502 1564 enim
1548 1508 1709 1564 aliam
1766 1508 1819 1564 in
1858 1508 1980 1580 ipso

388 1595 614 1651 laudare
642 1600 921 1664 convenit,
958 1600 1051 1671 qui
1103 1600 1245 1656 istuc
1296 1601 1773 1658 conversationem
1820 1617 1976 1657 suam

388 1687 797 1745 immaculatam
829 1690 908 1745 sic
932 1692 1307 1758 transtulerat,
1328 1701 1388 1746 ut
1410 1707 1590 1763 neque
1621 1706 1813 1762 parum
1840 1691 1973 1763 quid

2077 694 2188 740 τος,
2216 677 2291 739 ὡς
2338 676 2423 746 είη
2463 674 2620 742 λόγον
2656 672 3077 743 ὑπερϐάλλουσα
3120 673 3215 726 καὶ
3243 672 3514 739 διάνοιαν,
3562 672 3663 742 ζη-

2080 771 2240 841 τήσει
2272 787 2359 833 τις
2412 766 2685 838 ἑτέρωθεν
2722 765 3096 837 διδαχθῆναι)·
3128 766 3182 818 τί
3232 764 3424 819 λοιπὸν
3455 765 3520 818 ὲκ
3566 765 3669 833 τῆς

2083 862 2407 937 περιεργίας
2431 862 2492 916 τὸ
2513 862 2727 933 κέρδος,
2777 854 2922 912 ὥστε
2947 844 3251 929 παρέλιπον
3277 858 3346 912 ἂν
3374 857 3517 929 ᾇπερ
3535 857 3673 927 ἔφην

2076 958 2328 1024 δεόντως,
2360 956 2524 1027 εἴπερ
2555 956 2639 1027 μὴ
2662 954 2860 1018 ἀκοαῖς
2892 954 2921 1009 ό
2966 954 3125 1022 λόγος
3169 951 3486 1023 ἀλλοτρίαις
3519 950 3666 1005 ibati-

2080 1052 2239 1112 λευεν
2266 1068 2282 1118 ;

2156 1226 2219 1280 δ’.
2252 1224 2314 1279 El
2346 1223 2581 1294 stupida
2608 1224 2745 1287 τέως
2776 1223 3023 1293 εἰσάγειν
3057 1220 3149 1276 τοῦ
3192 1220 3450 1275 τοσούτου
3486 1218 3674 1291 βουλό-

2084 1335 2265 1387 μενος,
2296 1316 2386 1371 τὸν
2441 1316 2669 1385 οὐρανὸν
2723 1316 3025 1385 είσήγαγον
3076 1312 3167 1379 ἂν,
3217 1312 3316 1382 τὴν
3359 1310 3672 1381 ἀνώλεθρον

2082 1413 2174 1462 καὶ
2206 1410 2505 1480 εὐδαίμονα
2534 1408 2838 1475 κατοικίαν,
2859 1410 2956 1478 τὴν
2980 1409 3087 1460 τῶν
3110 1407 3359 1477 ἀγγέλων
3395 1405 3631 1474 πατρίδα
3652 1418 3668 1435 ο

2080 1503 2202 1558 οἱδὶ
2253 1504 2362 1574 γὰρ
2409 1503 2577 1574 ἀλλην
2630 1504 2778 1566 είκδς
2831 1500 3191 1572 ἐπιφημίζειν
3245 1498 3417 1569 αὐτῷ,
3488 1498 3670 1550 ἐκεῖσε

2081 1593 2440 1666 μεταθεμένῳ
2468 1593 2725 1665 καθαρῶς
2751 1591 2813 1646 τδ
2838 1590 3165 1655 πολίτευμα,
3189 1588 3288 1642 καὶ
3318 1587 3455 1657 μηδὲ
3488 1581 3662 1656 βραχύ

2081 1704 2134 1744 τι
2194 1686 2326 1759 παρ’
2392 1686 2658 1755 ἀγγέλους
2712 1683 3100 1755 ἠλαττωμένῳ.
3144 1681 3301 1735 Ἐπεὶ
3351 1680 3413 1733 δὲ
3467 1679 3671 1740 πάντες

388 1780 593 1835 distare
628 1781 696 1836 ab
729 1783 938 1851 angelis
970 1782 1267 1838 videretur.
1315 1782 1586 1849 Quoniam
1617 1783 1973 1839 nihilominus

2085 1779 2268 1851 σχεδὸν
2298 1779 2392 1834 καὶ
2422 1779 2523 1851 τὴν
2555 1777 2705 1833 κάτω
2736 1777 3029 1847 παροικίαν
3070 1773 3415 1845 ἐπιζητοῦσι,
3448 1774 3545 1825 καὶ
3572 1770 3667 1823 τὸν

384 1888 584 1928 omnes
613 1872 727 1927 fere
759 1888 1129 1944 eamqueque
1176 1876 1491 1946 requirunt,
1526 1890 1649 1945 quas
1697 1874 1751 1930 in
1813 1876 1973 1930 terris

2084 1847 2239 1942 λόγον
2265 1847 2513 1925 ἐντεῦθεν
2543 1872 2876 1943 ὡρμημένον
2905 1866 3079 1930 οὕτως
3107 1866 3211 1937 ὁδῷ
3242 1865 3445 1937 χωρεῖν
3485 1859 3671 1926 ἀξιοῦ-

384 1964 668 2020 nascendo
697 1965 1017 2030 obtinetur;
1052 1974 1107 2020 et
1141 1967 1416 2021 aestimant
1476 1981 1786 2021 sermonem
1818 1966 1887 2020 ab
1911 1981 1976 2022 ea

388 2056 614 2111 ductum
654 2071 753 2110 sua
789 2058 869 2111 ire
894 2057 981 2110 via
1018 2073 1031 2109 :
1063 2057 1175 2112 hac
1209 2058 1374 2112 etiam
1403 2058 1454 2112 ei
1513 2057 1619 2113 fuit
1644 2057 1789 2112 baud
1819 2059 1977 2114 facile

386 2147 649 2218 cuiquam
678 2148 839 2202 alteri
869 2163 1090 2204 cessura
1132 2149 1187 2203 in
1223 2149 1495 2215 claritate,
1548 2160 1603 2203 et
1648 2166 1813 2221 quant
1859 2151 1977 2206 sine

391 2238 560 2293 multa
591 2237 958 2319 admiratione
1000 2254 1102 2294 nec
1157 2254 1484 2309 percurrere
1522 2241 1700 2295 valeat
1751 2241 1974 2311 aliquis.

384 2328 779 2401 Cappadocum
813 2331 961 2384 enim
1005 2330 1312 2401 regionem,
1348 2348 1468 2403 quas
1514 2332 1778 2389 Sanctum
1832 2335 1978 2389 hunc

386 2420 541 2488 tulit,
565 2422 765 2476 merito
798 2422 1021 2491 quidem
1058 2422 1297 2478 laudarit
1330 2424 1603 2495 quispiam
1633 2442 1699 2481 ex
1738 2428 1842 2481 l.oc
1889 2442 1979 2481 ca-

392 2513 527 2585 pite,
596 2515 748 2584 quod
791 2516 959 2569 situm
1004 2526 1164 2570 nacta
1199 2526 1589 2587 opportunum,
1622 2528 1681 2577 et
1718 2534 1749 2574 a
1807 2521 1978 2575 conli-

393 2607 549 2659 nium
584 2607 864 2676 regionum
904 2607 1080 2662 aliena
1113 2607 1461 2672 excessibus,
1495 2609 1637 2663 valet
1660 2610 1725 2664 ad
1756 2625 1974 2666 omnem

388 2695 725 2763 genituram,
777 2695 1066 2766 proferens
1121 2697 1494 2769 pulcherrima
1530 2715 1762 2770 quaeque
1815 2709 1976 2758 terra:

388 2787 630 2856 gemina,
666 2786 833 2858 idque
865 2788 1089 2843 minime
1143 2804 1327 2860 parce,
1374 2790 1468 2845 sed
1495 2805 1661 2860 quam
1690 2791 1860 2845 multa
1900 2793 1970 2847 ad

394 2877 559 2932 vitam
615 2877 908 2933 humanam
967 2879 1308 2935 conducunt.
1354 2880 1537 2936 Nihilo
1592 2882 1775 2939 minus
1826 2885 1975 2957 juste

368 2983 513 3023 ueam
539 2970 1008 3024 commendaverit
1048 2971 1271 3041 aliquis,
1303 2973 1453 3043 quod
1506 2975 1718 3030 incolas
1773 2975 1975 3032 habeat

387 3057 458 3114 ab
489 3060 700 3129 origine
735 3058 976 3127 Graecos,
1014 3076 1189 3131 genus
1229 3062 1514 3124 hominum
1539 3066 1802 3136 peculiari
1855 3066 1973 3136 poi-

388 3151 511 3208 lens
548 3150 769 3205 dicendi
798 3150 1076 3216 facultate,
1118 3161 1176 3208 et
1226 3164 1450 3224 propter
1479 3157 1799 3211 continuam
1849 3159 1971 3227 ejus

389 3242 469 3297 rei
500 3240 980 3306 exercitationem,
1007 3245 1227 3314 egregie
1269 3260 1476 3301 ornans
1525 3257 1754 3304 matrem
1808 3260 1969 3304 natu-

366 3349 529 3399 rram,
565 3335 858 3405 ipsiusntet
884 3334 1020 3392 llnes
1052 3339 1548 3409 supergrediendo.
1578 3339 1684 3396 Sed
1720 3356 1827 3397 non
1862 3352 1969 3397 tant

368 3427 497 3483 hoc
528 3427 773 3482 omnium
813 3429 933 3497 eius
962 3426 1222 3483 decorum
1271 3432 1784 3500 prmstantissimnm
1845 3435 1972 3502 quis

384 3518 609 3585 dixerit,
641 3534 804 3587 quam
846 3520 992 3589 quod
1010 3522 1244 3591 pietatis
1284 3522 1711 3577 fundamentum
1771 3526 1972 3579 habeat

367 3626 496 3681 pra:
521 3611 735 3666 caeteris
768 3611 1024 3678 solidum,
1061 3613 1206 3669 unde
1245 3624 1303 3668 et
1352 3624 1652 3685 martyrum
1697 3624 1755 3671 et
1807 3617 1973 3687 magi-

382 3712 626 3757 strorum
662 3703 912 3759 veritatis
943 3714 1211 3761 consueto
1263 3720 1485 3776 semper
1510 3707 1806 3763 abundavit
1845 3724 1974 3779 pro-

385 3804 571 3849 ventu.
603 3792 816 3850 Etenim
848 3796 1119 3866 superiori
1148 3807 1309 3853 astate
1330 3837 1346 3862 ,
1390 3813 1516 3853 cum
1554 3803 1973 3870 persecutiones

386 3886 685 3953 ferverent,
721 3887 871 3942 nulla
909 3886 1099 3957 plures
1130 3898 1225 3943 aut
1274 3889 1603 3946 illuStriorcs
1638 3894 1846 3963 p‘ugrles
1875 3896 1976 3950 ob-

384 3980 517 4049 iecit
543 3981 754 4048 errori;
819 3994 1012 4053 postea
1060 3991 1269 4049 autem,
1305 3996 1430 4037 cum
1474 3984 1637 4039 turbo
1690 3985 1972 4043 luercseon

387 4054 660 4138 incubuit,
700 4082 758 4128 et
784 4082 892 4129 tota
924 4090 1063 4145 pene
1087 4074 1329 4129 Ecclesia
1358 4074 1535 4129 eidem
1583 4077 1971 4134 timereturino

387 4166 654 4221 volvenda
687 4185 702 4232 ;
734 4167 849 4223 sola
879 4167 1027 4223 inter
1052 4182 1242 4223 omnes
1269 4177 1325 4222 et
1356 4182 1521 4237 supra
1568 4183 1760 4223 omnes
1818 4171 1974 4225 exci-

390 4266 511 4313 tans
539 4258 850 4314 communis
876 4258 1002 4314 lldei
1032 4268 1489 4328 propugnatores,
1517 4273 1613 4327 per
1632 4258 1781 4329 ipsos
1805 4262 1973 4319 t0tius

389 4350 628 4405 universi
682 4350 1102 4405 inundationem
1171 4350 1458 4420 repressit.
1518 4350 1649 4416 Quae
1685 4367 1812 4405 cum
1861 4355 1974 4412 sint

391 4443 675 4512 praeclara,
713 4444 991 4513 quomodo
1046 4459 1154 4499 non
1191 4443 1401 4513 possint
1442 4443 1589 4497 illam
1635 4460 1744 4497 non
1775 4445 1972 4505 idonee

2083 1981 2169 2019 σιν
2201 1965 2290 2018 ἐπὶ
2317 1964 2384 2016 τὰ
2418 1962 2607 2035 πρόσω
2633 1980 2649 1996 ο
2698 1962 2814 2016 ἐστι
2844 1961 3024 2015 τοίνυν
3056 1961 3149 2014 καὶ
3185 1958 3347 2027 αὐτη,
3375 1956 3436 2008 οὐ
3470 1953 3669 2027 ῥᾳδίως

2081 2060 2244 2130 ἑτέρα
2288 2058 2386 2127 τῆς
2429 2056 2753 2126 ἐπιφανείας
2798 2052 3229 2125 παραχωροῦσα,
3278 2049 3388 2103 οὐδ’
3438 2043 3527 2101 οἷα
3571 2044 3668 2098 καὶ

2080 2150 2464 2222 παραδραμεῖν
2512 2150 2683 2220 αὐτήν
2725 2165 2849 2204 τινα
2898 2149 2973 2218 μὴ
3034 2146 3241 2216 σφόδρα
3286 2142 3662 2213 θαυμάζοντα.

2079 2242 2193 2311 Τῆς
2232 2240 2616 2294 Καππαδοκῶν
2643 2237 2847 2309 χώρας,
2873 2240 2909 2309 ἡ
2938 2239 3027 2292 τδν
3062 2234 3314 2289 τοσοῦτον
3344 2232 3663 2305 ἐξήνεγκεν,

2079 2333 2357 2385 ἐπαινέσοι
2394 2329 2493 2399 μὲν
2523 2328 2589 2382 ἄν
2622 2345 2727 2393 τις,
2757 2329 2854 2382 καὶ
2883 2325 3043 2381 τοῦτο
3070 2326 3317 2388 δικαίως,
3346 2325 3428 2376 ὅτι
3457 2320 3662 2383 θέσεως

2079 2423 2324 2495 λαχοῦσα
2350 2422 2635 2492 εὐκαίρου,
2670 2420 2763 2473 καὶ
2788 2420 2886 2482 τὰς
2914 2419 3024 2473 τῶν
3052 2418 3307 2486 ὁρώντων
3354 2413 3663 2485 ὐπερόολάς

2078 2516 2470 2585 διαφεύγουσα,
2501 2514 2711 2585 ἔρρωτο
2766 2511 2902 2583 πρὸς
2959 2513 3181 2575 anan;
3231 2509 3396 2577 γονὰς
3440 2506 3478 2562 ἀ
3525 2505 3660 2560 κάλ-

2078 2609 2235 2663 λιστα
2297 2608 2400 2677 γῆς
2448 2608 2565 2660 ἐστι
2623 2596 2977 2676 γεννήματα,
3044 2605 3141 2657 καὶ
3200 2602 3410 2673 ἄφθονα
3483 2604 3661 2659 πάντα

2079 2703 2332 2772 προῖσχει
2382 2701 2553 2755 όπόσα
2611 2701 2747 2768 προς
2800 2701 2891 2752 τὸν
2940 2698 3281 2772 ἀνθρώπινον
3328 2698 3443 2769 βίον
3489 2697 3659 2750 τελεῖ·

2082 2794 2362 2849 ὲπαινὲσοι
2390 2794 2438 2847 δ’
2481 2796 2581 2865 οὐχ
2633 2788 2819 2866 ἦττον,
2879 2793 2963 2848 ὃτι
3012 2794 3106 2846 καὶ
3153 2795 3443 2863 οἰκήτορας
3486 2791 3665 2864 ἐφάνη

2078 2886 2427 2957 πλουτήσασα
2471 2885 2536 2939 τὸ
2568 2886 2834 2940 ἀνέκαθεν
2884 2883 3179 2956 Ἕλληνας,
3210 2887 3364 2953 γένος
3403 2888 3660 2953 ἀφωσιω-

2081 2978 2241 3048 μένον
2272 2981 2339 3049 τῇ
2367 2977 2477 3032 τῶν
2520 2977 2695 3048 λόγων
2726 2977 2910 3047 φύσει,
2946 2979 3043 3031 καὶ
3086 2978 3173 3032 διὰ
3218 2979 3318 3051 τὴν
3350 2980 3407 3031 ἐν
3451 2979 3665 3042 τούτοις

2077 3072 2172 3125 καὶ
2221 3072 2362 3140 μετά
2407 3070 2609 3125 τούτων
2667 3073 2882 3142 κίνησιν
2931 3073 3027 3125 καὶ
3076 3071 3242 3143 ζωὴν,
3293 3072 3392 3143 τὴν
3443 3071 3665 3144 μητέρα

2080 3164 2242 3236 φύσιν
2297 3164 2369 3220 τά
2413 3165 2604 3219 είκότα
2661 3166 2960 3236 τετιμηκὸς
3002 3165 3081 3237 τῷ
3136 3164 3228 3220 τοῦ
3260 3166 3421 3236 ὅρους
3478 3166 3666 3220 ἐπισε-

2077 3259 2313 3314 6αιῶσαι
2359 3259 2519 3330 αὐτῇ.
2549 3258 2625 3312 οὐ
2679 3259 2789 3330 μὴν
2840 3258 2896 3312 δὲ
2938 3259 3191 3312 τοσοῦτον
3235 3257 3423 3323 ἀξίως,
3455 3259 3579 3313 ὅσον
3612 3260 3664 3314 εί

2074 3354 2170 3405 καὶ
2220 3351 2504 3413 εὐσεϐείας
2555 3352 2749 3421 ἔδαφος
2802 3350 3036 3419 λέγοιτο,
3089 3351 3309 3405 πάντων
3360 3352 3499 3424 αὐτῇ
3551 3353 3665 3408 τῶν

2074 3445 2253 3499 ἄλλων
2304 3444 2734 3515 ἐπισημότατον,
2792 3444 2888 3497 καὶ
2931 3442 3105 3497 τελεῖν
3139 3443 3240 3513 μὲν
3279 3444 3415 3514 αὐτῇ
3451 3443 3665 3515 συνήθη

2073 3537 2174 3607 τὴν
2200 3538 2310 3591 τὼν
2346 3538 2641 3607 μαρτύρων
2684 3536 2787 3607 τῆς
2830 3536 3086 3606 ἀληθείας
3129 3537 3325 3608 φορὰν,
3359 3537 3564 3609 συνήθη
3605 3538 3667 3591 δὲ

2076 3629 2170 3683 καὶ
2197 3629 2297 3696 τὴν
2323 3627 2430 3681 τῶν
2455 3628 2815 3681 διδασκάλων.
2855 3626 2943 3680 Ἐν
2978 3629 3085 3699 γὰρ
3123 3628 3239 3691 τοῖς
3288 3629 3401 3683 ἀνω
3450 3632 3667 3700 καιροῖς

2075 3721 2184 3777 τῶν
2206 3722 2466 3792 διωγμῶν
2496 3721 2879 3791 ἀκμαζόντων,
2911 3719 3105 3774 οὐκουν
3139 3720 3276 3792 ἄλλη
3323 3739 3407 3784 τις
3440 3721 3667 3784 πλείους

2076 3813 2544 3887 ῆλαμτιροτέρους
2576 3802 2886 3882 ἀγωνιστὰς
2936 3812 3078 3866 κατά
3126 3814 3223 3883 τῆς
3252 3814 3459 3883 πλάνης
3492 3816 3669 3885 πρού-

2075 3908 2302 3963 ϐάλλετο
2330 3923 2341 3937 ·
2376 3908 2477 3959 κάν
2514 3909 2626 3969 τοῖς
2679 3906 2817 3975 μετά
2863 3904 3035 3959 ταῦτα
3074 3905 3131 3959 δὲ
3180 3907 3395 3977 χρόνοις
3424 3907 3516 3960 τοῦ
3550 3907 3667 3961 τῶν

2074 4003 2343 4074 αἱρέσεων
2371 3998 2635 4063 κλύδωνος
2666 3998 2936 4063 ἐπιόντος.
2977 3999 3073 4052 καὶ
3105 4001 3285 4053 πᾶσαν
3318 4000 3489 4072 ἄρδην
3534 3999 3664 4051 Ἐκ-

2076 4093 2307 4163 κλησίαν
2366 4089 2717 4153 ἀπειλοῦντος
2785 4091 2943 4151 ἐντὸς
3024 4090 3457 4161 καταλήψεσθαι,
3521 4091 3666 4163 μόνη

2073 4186 2184 4239 τῶν
2225 4184 2401 4240 ἄλλων
2436 4185 2531 4236 καὶ
2560 4182 2698 4251 ὑπὲρ
2740 4181 2851 4234 τῶν
2899 4183 3071 4236 ἄλλων
3119 4184 3240 4245 τοὺς
3295 4183 3508 4246 κοινοὺς
3542 4185 3667 4237 ἀνι-

2078 4277 2261 4331 στῶσα
2310 4275 2629 4345 προϐόλους,
2683 4276 2739 4328 ὲν
2791 4273 2978 4337 αὐτοῖς
3033 4274 3135 4346 τὴν
3183 4275 3283 4348 τῆς
3334 4274 3667 4347 οἰκουμένης

2075 4370 2359 4422 ἔπίκλυσιν
2389 4369 2738 4440 περιέθραυε.
2765 4369 2877 4421 Καὶ
2907 4368 3136 4439 λαμπρά
3164 4370 3266 4439 μὲν
3293 4369 3462 4439 αὐτῆς
3491 4366 3667 4422 ταῦτα

2077 4463 2171 4517 καὶ
2203 4462 2460 4527 ἐπιεικῶς
2507 4460 2620 4532 ἔχει
2671 4464 2896 4531 κοσμεῖν
2920 4476 2937 4494 ο
2992 4460 3111 4523 πῶς
3141 4462 3251 4534 γὰρ
3305 4459 3404 4527 οὓς
3434 4462 3569 4515 ἀλλὰ
3600 4464 3665 4515 τό

358 4530 692 4589 ἐιοηιστεῖ
712 4534 958 4590 Laudum
986 4543 1165 4589 tamen
1194 4534 1316 4604 ejus
1343 4533 1591 4585 ouinium
1621 4535 1890 4605 praecipua
1916 4545 1973 4592 et

2084 4571 2139 4623 γε
2173 4556 2467 4626 κεφάλαιον
2496 4530 2605 4608 των
2630 4530 2866 4608 ἐπαίνων
2924 4557 3066 4609 καὶὸ
3106 4530 3326 4625 σύμπας
3366 4558 3465 4626 τῆς
3505 4552 3660 4622 φιλο-

390 4624 682 4679 universus
714 4624 921 4694 speciei
948 4638 1181 4679 ornatus
1230 4624 1275 4678 is
1304 4632 1410 4688 est,
1438 4636 1602 4691 quem
1636 4626 1800 4681 modo
1829 4642 1972 4697 prae-

388 4718 684 4773 dicandum
715 4718 1085 4787 suscepimus.

461 4832 515 4886 5.
538 4830 692 4886 Nunc
724 4845 853 4885 vero
876 4845 1001 4884 cum
1033 4829 1101 4885 ad
1141 4830 1371 4900 gloriam
1402 4832 1656 4889 conferre
1685 4831 1906 4898 ducam,
1926 4833 1972 4888 si

389 4922 751 4995 quiparentes
774 4921 988 4987 habuit,
1028 4923 1250 4977 eosdem
1288 4923 1456 4981 fuerit
1487 4924 1813 4991 aemulatus;
1846 4941 1974 4996 pro-

392 5031 598 5086 ponere
655 5015 916 5070 convenit
943 5015 1089 5085 quod
1126 5015 1249 5085 ejus
1280 5016 1555 5083 genitores
1597 5018 1813 5073 nobiles
1843 5019 1970 5088 qui-

389 5111 514 5165 dem
548 5109 754 5163 luerint
781 5124 1002 5176 genere,
1032 5109 1128 5164 sed
1162 5109 1467 5166 nobiliores
1488 5110 1695 5181 pietate
1723 5127 1738 5177 ;
1774 5110 1975 5180 opibus

394 5200 810 5259 transeuntibus
832 5200 1053 5265 divites,
1083 5202 1178 5256 sed
1201 5203 1551 5258 manentibus
1570 5203 1969 5273 opulentiores,

390 5298 523 5349 dum
560 5292 846 5362 praesentia
883 5304 1034 5348 recte
1084 5292 1445 5365 dispergendo
1478 5296 1663 5351 lutura
1696 5296 1799 5351 sibi
1825 5311 1976 5353 com-

386 5395 672 5456 pararunt.
708 5384 786 5438 Ex
828 5385 914 5439 his
941 5397 1096 5455 pater
1143 5404 1256 5442 sua:
1294 5387 1598 5443 secundum
1636 5388 1811 5444 Deum
1838 5404 1972 5446 con-

391 5477 715 5532 versationis
743 5477 970 5547 adeptus
997 5488 1081 5533 est
1114 5480 1421 5550 praemium.
1448 5478 1595 5548 quod
1629 5481 1793 5535 vitam
1827 5496 1975 5535 mar-

386 5584 474 5639 tyr
510 5570 952 5627 consummavit:
986 5581 1158 5626 mater
1193 5584 1325 5625 vero
1350 5620 1366 5644 ,
1400 5585 1558 5640 pares
1592 5569 1712 5626 viro
1737 5586 1974 5629 coronas

388 5669 706 5722 consecuta,
763 5661 1081 5716 incruentas
1132 5672 1312 5717 tamen
1350 5703 1365 5727 ,
1433 5662 1683 5716 eamdem
1749 5663 1971 5733 quidem

382 5766 549 5821 quam
576 5751 659 5805 vir
674 5767 806 5806 suus
843 5753 1034 5809 habuit
1067 5753 1423 5819 voluntatem,
1448 5752 1514 5808 ad
1538 5769 1772 5823 pugnam
1790 5767 1973 5811 autem

387 5844 627 5900 admissa
674 5859 782 5899 non
838 5854 945 5911 est,
1005 5844 1354 5902 imbecillimi
1407 5846 1559 5901 sexui
1621 5845 1975 5915 parcentibus

2073 4645 2259 4717 τιμίας
2292 4648 2492 4717 κόσμος
2518 4647 2547 4699 ὁ
2577 4646 2670 4699 νῦν
2700 4648 2849 4699 ἐστιν
2877 4646 3315 4717 εὐφημούμενο;.

2148 4821 2210 4877 ε’.
2248 4821 2509 4892 Πατέρων
2534 4821 2634 4892 μὲν
2671 4822 2976 4895 γενόμενοι,
3016 4823 3112 4878 καὶ
3136 4824 3448 4898 ἀποχρῆναι
3478 4825 3663 4891 αὐτοῖς

2077 4915 2158 4978 εἰς
2182 4915 2495 4985 φιλοτιμίαν
2522 4914 2759 4986 ἥγημαι,
2786 4916 2866 4968 ὃτι
2892 4915 3045 4969 τοῦδε
3075 4918 3309 4987 πατέρες
3337 4914 3477 4989 ἦσαν
3496 4934 3513 4949 ·
3545 4921 3662 4973 νυνὶ

2076 5009 2133 5063 δὲ
2176 5009 2294 5063 ἐστι
2326 5008 2667 5079 προσθεῖναι,
2697 5009 2779 5062 ὅτι
2811 5009 2904 5062 καὶ
2935 5010 3174 5078 εὐγενεῖς
3203 5012 3304 5080 τὴν
3347 5015 3500 5065 κάτω
3536 5011 3662 5081 γέν-

2076 5119 2255 5172 νησιν,
2293 5102 2670 5173 εὐγενέστεροι
2710 5102 2893 5172 δὲτὴν
2928 5101 3235 5169 εὐσέϐειαν,
3270 5104 3516 5159 πλούσιοι
3560 5106 3661 5175 τὴν

2079 5196 2313 5268 ῥέουσαν
2363 5196 2565 5263 κτίσιν,
2595 5196 2985 5269 πλουσιώτεροι
3033 5198 3089 5251 δὲ
3120 5202 3218 5269 τὴν
3249 5202 3538 5268 μένουσαν,
3567 5182 3683 5255 διὰ.

2075 5288 2170 5342 τοῦ
2229 5290 2299 5343 τὰ
2354 5278 2601 5362 παρόντα
2658 5288 2980 5361 σκορπίζειν
3039 5290 3217 5355 καλῶς
3271 5292 3339 5346 τὰ
3396 5292 3662 5363 μέλλοντα

2076 5383 2525 5452 κατακτὼμενοι·
2558 5384 2742 5456 πατὴρ
2797 5384 2923 5457 μὲν,
2973 5385 3139 5457 γέρας
3190 5385 3292 5457 τῆς
3339 5386 3482 5440 κατὰ
3527 5385 3667 5440 Θεὸν

2078 5476 2353 5540 πολιτείας
2409 5476 2713 5548 εὑράμενος
2751 5478 2814 5530 τὸ
2865 5479 2954 5531 τὸν
3011 5478 3124 5549 βίον
3159 5478 3462 5550 σφραγίσαι
3518 5480 3669 5534 τέλει

2081 5567 2406 5639 μαρτυρικῷ
2429 5585 2442 5600 ·
2474 5571 2656 5641 μήτηρ
2679 5569 2737 5622 δὲ
2772 5570 2880 5624 τῶν
2912 5568 3043 5624 ῐσων
3075 5570 3151 5642 τῷ
3184 5571 3339 5641 ἀνδρὶ
3377 5572 3665 5640 στεφάνων

2077 5660 2431 5731 ἐπιτυχοῦσα,
2467 5661 2515 5713 εἰ
2549 5660 2643 5713 καὶ
2689 5660 3030 5732 ἀναίμακτος
3080 5657 3148 5734 ἦν
3198 5665 3529 5733 στεφανῖτις,
3560 5666 3667 5736 τὴν

2078 5752 2249 5826 αὐτὴν
2286 5754 2384 5825 μὲν
2419 5752 2727 5826 προθυμίαν
2760 5748 3031 5825 τῷἀνδρὶ
3062 5754 3284 5826 ἔχουσα,
3308 5756 3665 5829 ἀποτυχοῦσα

2077 5848 2130 5902 δὲ
2178 5848 2326 5917 ὅμως
2370 5849 2466 5916 τῆς
2512 5848 2815 5917 ἀθλήσεως,
2854 5849 2951 5915 τῆς
2996 5848 3089 5903 τοῦ
3138 5847 3333 5915 θήλεος
3379 5848 3668 5914 ἀσθενείας
