3830 6368
293 402 397 470 3¹Π

1304 404 1642 468 GEORGII
1683 400 1938 465 CYPRII
1981 402 2088 467 (ΣΡ.
2128 405 2650 470 ΡΑΤΒΙΑΗΟΗᾸΞ

3464 402 3572 471 308

292 536 597 586 sectatores
626 528 1019 599 promulgatae;
1052 542 1162 582 non
1190 527 1403 598 species
1436 530 1600 583 variae
1630 536 1873 581 tormen-

1994 522 2096 596 ιῖδη
2157 524 2537 599 κολαστηρεων
2589 530 2648 584 ὲν
2700 526 3006 600 ὀφθαλμοῖς
3061 527 3293 580 παντοῖα
3348 525 3597 597 προκείο.

292 630 497 683 torum.
525 613 702 676 oculis
747 621 1010 692 objecta;
1056 636 1167 676 non
1217 623 1482 675 memoria
1530 620 1875 675 cruciatuum

291 711 558 769 adversus
582 723 803 770 sanctos
832 714 1066 771 antehac
1102 714 1552 785 excogitatorum,
1587 713 1678 784 qui
1711 712 1876 768 etiam

293 805 395 876 ipsi
423 815 582 862 erant
612 807 921 873 subeundi;
960 822 1069 862 non
1112 805 1227 877 ipsa
1275 806 1596 862 eorumdem
1637 806 1880 861 toleran-

291 898 404 965 tia;
438 914 549 955 non
581 910 789 957 mortes
806 900 1211 968 diversimodaa,
1243 900 1446 974 quibus
1478 899 1666 956 ﬁdeles
1688 902 1756 955 ab
1778 899 1880 955 hac

290 990 406 1046 vita
464 991 882 1060 expellebantur
917 991 1187 1049 violenter
1222 1012 1235 1047 :
1286 994 1547 1047 omnibus
1580 993 1726 1046 enim
1761 992 1880 1047 istis

292 1082 461 1136 altius
489 1092 730 1138 mentem
749 1085 967 1149 extulit,
995 1085 1147 1141 velut
1166 1085 1211 1138 si
1239 1091 1392 1139 extra
1419 1099 1621 1153 corpus
1647 1084 1876 1153 positus,

291 1172 559 1231 adversus
597 1177 872 1233 culturam
902 1178 1212 1233 daemonum
1244 1178 1438 1233 initum
1470 1186 1616 1232 esset
1649 1190 1879 1247 geriem-

290 1282 415 1323 sum
442 1276 743 1325 certamen.
782 1269 937 1327 lianc
962 1271 1130 1327 animi
1166 1270 1544 1327 lor-titudinem
1576 1271 1878 1325 exhorrue-

291 1370 426 1414 runt
447 1361 744 1429 daemones,
778 1373 834 1417 et
861 1379 1053 1419 omnes
1075 1365 1472 1419 daemoniorum
1500 1363 1781 1428 cultores;
1824 1363 1877 1415 in

292 1452 397 1508 hac
437 1454 543 1509 sibi
573 1456 1029 1526 complacuerunt
1056 1456 1123 1511 de
1145 1458 1285 1513 cet-lo
1316 1456 1516 1527 angeli,
1552 1465 1607 1511 et
1640 1456 1881 1526 desuper

291 1554 633 1615 spectatores
690 1549 885 1619 agonis
943 1550 1063 1619 ejus
1108 1549 1238 1607 facti
1279 1549 1491 1605 beatam
1545 1550 1881 1619 prwdicarco

293 1647 462 1704 runt;
519 1639 636 1696 haec
689 1641 1095 1698 Diocletianum
1154 1643 1427 1706 confudit,
1479 1643 1573 1713 qui
1627 1641 1879 1697 ﬁduciam

295 1740 504 1786 tantam
528 1748 689 1787 suum
723 1749 846 1790 esse
880 1733 1198 1805 despectum
1231 1736 1647 1804 interpretatus,
1689 1734 1878 1789 furore

292 1836 349 1878 et
386 1826 765 1897 indignatione
806 1828 1049 1897 repletus
1070 1837 1178 1885 est.

367 1918 423 1974 8.
455 1916 588 1986 Qua:
613 1936 780 1989 porro
809 1931 1107 1976 consecuta
1139 1933 1289 1983 sunt.
1324 1922 1546 1994 majoris
1589 1921 1877 1992 cujusdam

292 2027 457 2079 quam
496 2013 756 2069 humana:
801 2015 1019 2070 virtutis
1045 2030 1270 2084 eguere,
1305 2026 1365 2071 ut
1404 2026 1681 2072 certamen
1715 2032 1877 2072 suum

292 2114 480 2174 posset
508 2104 746 2162 Sanctus
777 2123 950 2182 usque
986 2109 1051 2163 ad
1082 2112 1242 2165 tinem
1271 2110 1522 2180 exsequi.
1567 2110 1703 2177 Quis
1728 2112 1877 2168 enim

292 2198 479 2255 verbis
533 2199 870 2257 suiﬁcienter
920 2203 1278 2274 explicaverit
1326 2215 1424 2260 aut
1476 2204 1876 2261 immanitatem

292 2294 691 2362 torquentium,
719 2308 815 2350 aut
837 2295 1219 2353 fortitudinem
1256 2297 1534 2369 Martyris.
1581 2314 1688 2369 qua
1715 2300 1879 2354 nhtir-

291 2386 550 2442 mabatur
575 2387 641 2442 ad
674 2390 939 2459 pericula,
967 2390 1143 2461 iisque
1179 2391 1474 2448 resistebat
1521 2406 1686 2462 supra
1724 2402 1879 2447 natu~

291 2471 368 2534 rae
416 2483 727 2537 communis
760 2484 1118 2539 mensuram?
1168 2485 1368 2541 Beatus
1412 2483 1514 2540 Job
1549 2484 1879 2557 praedicatur

292 2585 553 2644 tanquam
582 2575 870 2631 hominum
914 2578 1350 2647 patientissimus
1386 2579 1879 2650 generosissimus-

289 2683 440 2737 que:
498 2668 595 2724 sed
663 2671 895 2725 tentatio
945 2682 1135 2727 contra
1175 2688 1340 2741 quam
1383 2665 1722 2743 depugnavit
1771 2673 1878 2728 fuit

290 2758 701 2827 involuntaria;
759 2763 1060 2832 requisitus
1101 2764 1249 2817 enim
1318 2773 1372 2817 et
1420 2763 1654 2819 traditus
1717 2763 1874 2819 fuit:

289 2854 384 2919 qui
418 2864 601 2908 autem
648 2854 750 2909 ista
774 2855 1059 2918 sustinuit,
1098 2855 1338 2926 seipsum
1375 2857 1430 2910 in
1466 2870 1660 2911 manus
1704 2864 1877 2910 torto-

290 2960 413 2999 rum
437 2944 609 3009 dedit,
644 2946 898 3002 inrentus
931 2958 987 3002 et
1020 2948 1241 3003 oblatus
1275 2964 1454 3018 neque
1496 2949 1875 3017 quaerentibus

288 3052 470 3108 neque
528 3039 840 3109 petentibus
870 3055 1019 3095 eum.
1072 3040 1157 3095 Ad
1190 3051 1495 3095 extremum
1544 3058 1677 3097 vero
1722 3040 1877 3097 labo-

291 3145 413 3183 rum
445 3130 567 3201 ejus
619 3147 729 3186 non
763 3132 1024 3201 paulatim
1056 3131 1259 3187 inﬂicta
1282 3141 1367 3186 est
1400 3132 1577 3201 plaga.
1620 3132 1789 3186 veluti
1824 3132 1869 3188 si

289 3222 356 3275 ad
382 3222 723 3292 patientiam
758 3224 958 3293 pra-liis
998 3224 1301 3279 levioribus
1338 3233 1722 3289 exerceretur;
1776 3225 1870 3280 sed
1900 3224 1944 3278 ϐ

290 3326 551 3380 tanquam
602 3317 1064 3387 generosissimus
1116 3327 1281 3387 atque
1319 3316 1736 3387 expertissimus
1769 3318 1875 3371 mi-

289 3410 411 3470 les.
470 3408 726 3463 maximis
802 3409 988 3463 statim
1028 3424 1082 3463 a~
1121 3407 1390 3478 principio
1465 3407 1877 3465 discriminibus

289 3513 377 3561 est
417 3502 696 3575 objectus;
759 3514 820 3559 ut
869 3502 995 3558 inde
1049 3503 1492 3572 experimentum
1540 3512 1874 3563 sumeretur.

294 3608 479 3654 utrum
516 3599 681 3654 homo
723 3607 871 3653 esset
896 3598 980 3651 vel
1012 3595 1321 3652 communis
1350 3595 1636 3652 nobiscum
1662 3606 1876 3650 natura:

290 3693 586 3762 particeps.

371 3784 425 3840 9.
458 3786 831 3842 Diocletianus
864 3801 993 3841 vero
1019 3786 1162 3841 intra
1199 3800 1257 3841 se
1285 3785 1522 3841 habebat
1561 3787 1872 3844 daemonum

290 3879 637 3936 incitantium
668 3879 962 3950 legionem,
995 3893 1025 3934 a
1050 3879 1276 3949 quibus,
1309 3880 1433 3935 licet
1457 3879 1709 3952 Martyris
1739 3897 1876 3938 con-

292 3974 552 4029 stantiam
584 3972 807 4043 ipsimet
836 3971 1312 4042 obsmpascerent,
1340 3971 1603 4028 furiosius
1632 3988 1877 4030 commo-

289 4066 547 4131 vebatur,
603 4074 665 4121 ut
714 4064 976 4136 suspendi
1041 4080 1169 4121 eum
1220 4074 1279 4121 et
1325 4065 1601 4121 dirissima
1644 4083 1877 4138 qumque

286 4163 509 4232 iuberet
548 4160 761 4232 perpeti
793 4178 807 4213 ι
852 4160 1126 4231 quidquid
1166 4159 1555 4231 autemjussit,
1612 4162 1877 4218 continuo

288 4252 633 4309 exsecutioni
669 4250 990 4306 mandatum
1024 4260 1127 4306 est.
1176 4248 1633 4323 Suspendebatur
1660 4253 1716 4308 in
1745 4269 1879 4309 con-

290 4354 482 4417 spectu
529 4345 775 4401 omnium
804 4386 821 4411 ,
853 4345 1253 4400 verberabatur
1278 4385 1294 4409 ,
1324 4345 1673 4413 laniabatur;
1709 4356 1874 4402 conto

289 4439 532 4506 denique
565 4455 664 4509 per
692 4450 942 4493 ventrem
976 4447 1099 4493 acto
1150 4437 1587 4493 vulnerabatur:
1636 4454 1875 4509 quorum

290 4533 392 4588 ista
442 4532 666 4603 quidem
715 4545 784 4585 eo
831 4529 1107 4583 faciebant
1139 4539 1198 4584 ut
1231 4528 1449 4585 dolores
1496 4529 1877 4585 incuterentur

288 4624 543 4697 Martyri,
598 4624 703 4678 hoc
741 4637 870 4677 vero
893 4621 1057 4677 etiam
1116 4631 1176 4676 ut
1207 4635 1354 4676 mors
1402 4621 1872 4691 subsequeretur;

290 4735 398 4774 non
427 4716 576 4774 enim
631 4714 995 4771 intendebant
1037 4729 1164 4769 eum
1213 4712 1279 4768 de
1310 4714 1491 4769 medio
1536 4714 1729 4768 tollere
1782 4730 1881 4784 per

291 4826 509 4877 necem,
542 4808 631 4864 cui
664 4806 852 4862 brevis
878 4814 1027 4860 esset
1059 4804 1338 4860 cruciatus
1374 4805 1728 4876 conjunetus.
1770 4803 1879 4860 Sed

290 4918 470 4973 neque
496 4902 622 4966 ista,
658 4901 1014 4972 quantumvis
1032 4899 1398 4963 vehementia,
1433 4908 1879 4968 potuerunteum

291 4995 649 5058 contristare,
678 4993 1008 5065 prohibente
1037 4991 1088 5045 id
1121 4990 1266 5056 Deo;
1292 5005 1471 5058 neque
1500 5000 1699 5045 contus
1719 4991 1880 5060 quid-

290 5104 455 5160 quam
511 5087 737 5142 omnino
789 5085 1018 5148 nocuit,
1090 5093 1351 5152 tanquarn
1393 5098 1421 5135 α
1454 5082 1701 5137 solidiori
1762 5100 1879 5138 ma-

294 5182 456 5244 teria,
508 5180 685 5235 terrea
739 5179 995 5234 videlicet
1032 5187 1127 5233 aut
1175 5174 1567 5238 adamantina.
1625 5176 1882 5246 repulsus

292 5285 458 5344 atque
484 5282 705 5328 retusus
729 5312 743 5334 .
776 5271 1028 5327 fortassis
1072 5279 1130 5324 et
1162 5269 1416 5339 Martyris
1445 5282 1648 5338 corpus
1672 5267 1881 5323 reveri-

295 5379 405 5427 tus.
433 5375 489 5420 et
521 5362 1001 5418 insensibilitatem
1030 5362 1245 5432 tyranni
1283 5360 1618 5430 redarguens
1644 5378 1659 5416 :
1701 5360 1879 5431 siqui-

293 5458 417 5513 dem
442 5459 582 5528 ipse,
617 5457 831 5513 ferreus
865 5457 1155 5520 assistens,
1192 5454 1612 5511 absterrebatur
1641 5456 1708 5508 ab
1742 5454 1880 5510 infc-

293 5549 465 5605 renda
485 5565 625 5604 noxa
649 5565 663 5614 ;
686 5548 775 5603 ille
805 5557 1013 5613 autem,
1038 5547 1276 5601 animam
1297 5546 1509 5602 habens
1529 5546 1879 5612 rationalem,

292 5660 405 5701 non
462 5651 587 5699 erat
635 5643 948 5716 placabilis;
995 5642 1072 5696 uti
1125 5656 1227 5697 nec
1277 5640 1524 5711 placatus
1572 5640 1717 5703 fuit,
1778 5655 1881 5694 nec

368 5786 445 5855 (ι)
472 5783 621 5839 lianc
659 5782 947 5853 periodum
990 5796 1412 5855 recognoscens,
1466 5779 1724 5855 existimo
1755 5780 1880 5851 pius

294 5852 503 5928 aliquid
530 5852 723 5928 deesse
746 5869 909 5928 quam
942 5868 1138 5928 nomen
1164 5852 1508 5928 Diocletiani,
1533 5852 1677 5928 quod
1712 5852 1883 5906 inter-

298 5922 563 5997 pretando
596 5925 951 5985 addidimus;
986 5924 1206 5982 videtur
1243 5923 1392 5981 enim
1420 5922 1634 5981 institui
1658 5938 1880 5993 compa-

1990 636 2150 691 μενα.
2196 623 2255 676 οὗ
2295 626 2484 693 μνήμη
2522 623 2777 695 βασάνων
2808 626 2863 679 αἶ
2894 626 3007 687 τοῖς
3057 620 3418 695 προειληφόσι
3462 616 3599 671 τῶνε

1985 714 2154 783 ἁγίων
2184 716 2507 788 ἐπήχθησαν
2536 718 2628 772 καὶ
2664 718 2829 771 αὐτὸν
2858 716 3201 788 διαδέχεσθαι
3234 714 3483 782 ἔμελλον,
3507 711 3570 763 ού

1982 809 2052 860 τά
2084 807 2312 861 ἐκείνων
2361 808 2812 880 παθήματα,ούχ
2868 810 2917 863 oi
2973 808 3189 862 θάνατοι
3226 805 3294 860 δι’
3341 799 3415 860 ὧν
3463 805 3576 857 τῶν

1984 901 2266 969 παρόντων
2322 901 2514 971 βιαίως
2563 903 2897 976 ἐξέστησαν·
2935 903 3155 957 πάντων
3204 900 3259 953 δὲ
3314 899 3573 965 ὑπεράνω

1986 993 2190 1062 στήσας
2237 993 2335 1063 τὲιν
2387 994 2634 1063 γνώμην,
2672 996 2821 1058 ὅστις
2861 995 2971 1048 τῶν
3017 993 3123 1059 ἔξω
3174 991 3446 1059 σώματος.
3477 992 3572 1043 ἀν-

1983 1086 2296 1155 δρικώτατα
2353 1087 2726 1141 ἐπαποδύεται
2787 1088 2926 1141 κατά
2980 1088 3080 1157 τῆς
3132 1085 3244 1138 τῶν
3291 1083 3573 1152 δαιμόνων

1983 1181 2173 1251 τιμῆς.
2230 1181 2403 1235 Τοῦτο
2460 1182 2521 1235 τὸ
2568 1182 2827 1253 φρόνημα
2878 1176 3133 1249 δαίμονες
3191 1178 3418 1248 ε’ρριξαν
3477 1177 3575 1229 καὶ

1985 1274 2187 1338 πάντες
2238 1276 2289 1328 οῖ
2341 1273 2616 1343 δαιμόνων
2656 1275 2996 1345 θεραπευταί
3022 1290 3036 1304 ’
3074 1273 3234 1326 τοῦτο
3277 1272 3327 1324 οἱ
3370 1272 3428 1323 ἐν
3476 1270 3574 1322 ού-

1986 1370 2171 1435 ρανοῖς
2206 1365 2517 1437 ᾐδέσθησαν
2567 1368 2812 1437 ἄγγελοι,
2852 1368 2944 1421 καὶ
2985 1365 3193 1421 ἄνωθεν
3231 1364 3425 1417 θεαταὶ
3476 1361 3573 1428 τοῦ

1984 1462 2197 1530 ἀγῶνος
2238 1466 2650 1534 προκύπτοντες
2694 1464 3047 1533 ἐμακάρισαν
3073 1478 3088 1492 '
3122 1459 3281 1513 τοῦτο
3317 1462 3409 1511 καὶ
3456 1460 3577 1508 Διο-

1986 1555 2275 1626 κλητιανὸς
2306 1557 2642 1627 αἰσχυνθεὶς,
2665 1555 2760 1609 καὶ
2794 1554 3210 1625 καταφρόνησιν
3241 1547 3441 1604 ἑαυτοῦ
3472 1549 3576 1617 τὴν

1988 1649 2310 1721 παρρησίαν
2382 1648 2724 1722 ὑπειληφὼς,
2769 1647 3010 1718 ἀθυμίας
3078 1643 3424 1716 ἐμπίπλαται
3479 1639 3576 1693 καὶ

1984 1742 2180 1815 θυμοῦ.

2058 1936 2129 2001 η’.
2165 1931 2244 1984 Τὰ
2267 1931 2323 1984 δὲ
2354 1928 2605 1985 ἐντεῦθεν
2661 1926 2910 1997 μείζονές
2953 1942 3101 1988 τινος
3133 1923 3243 1978 ἔδει
3285 1918 3579 1988 δυνάμεως

1988 2023 2018 2091 ἦ
2049 2022 2424 2093 ἀνθρωπίνης,
2451 2022 2593 2077 ὥστε
2631 2021 2719 2076 διὰ
2745 2021 2936 2082 τέλους
2981 2016 3149 2084 ἀξίως
3180 2014 3398 2085 ἰσχῦσαι
3425 2012 3577 2076 διεξ-

1987 2119 2125 2172 ιέναι
2174 2119 2273 2185 τὴν
2308 2117 2557 2185 ἄθλησιν.
2615 2115 2739 2178 Πῶς
2793 2112 2860 2167 ἄν
2907 2129 2990 2171 τις
3024 2108 3224 2171 ἱκανῶς
3259 2106 3464 2171 ἐξείποι
3494 2102 3576 2173 τῷ

1983 2211 2127 2283 λόγῳ
2156 2212 2190 2279 ἦ
2224 2211 2336 2264 τῶν
2387 2208 2728 2273 κολαζόντων
2777 2208 2877 2272 τὴν
2926 2203 3249 2274 ἀγριότητα,
3290 2199 3322 2270 ἢ
3357 2198 3573 2252 ἐκείνου

1982 2311 2084 2377 τὴν
2117 2305 2443 2377 καρτερίαν.
2480 2302 2596 2356 μεθ’
2630 2295 2698 2374 ἦς
2722 2300 2932 2373 ἔρρωτο
2965 2294 3109 2351 κατά
3137 2294 3248 2347 τῶν
3279 2291 3570 2357 κινδύνων,

1984 2402 2079 2455 καὶ
2111 2402 2359 2469 ἀντεῖχεν
2395 2398 2535 2467 ύτιὲρ
2568 2396 2639 2450 τά
2673 2395 2847 2466 μέτρα
2888 2392 2984 2460 τῆς
3026 2388 3276 2456 φύσεωςς
3315 2387 3419 2440 Τὸν
3466 2387 3574 2457 μὲν

1981 2495 2046 2567 δὴ
2087 2491 2362 2565 μακάριον
2405 2488 2527 2543 ’1ὼὸ
2566 2485 2949 2556 γενναιότατον
2976 2478 3282 2548 ἀνθρώπων
3309 2481 3404 2531 καὶ
3431 2496 3573 2549 καρ-

1981 2586 2349 2660 τερικώτατον
2413 2580 2866 2649 ἀναγράφουσιν⁸
2933 2574 3051 2630 ἀλλ’
3138 2575 3167 2626 6
3234 2572 3569 2644 πειρασμὸς,

1983 2682 2119 2753 πρὸς
2146 2681 2208 2734 ὃν
2242 2678 2522 2742 ἐπάλαιεν,
2551 2672 2808 2735 ἀκούσιος
2855 2666 2923 2742 ἦν
2975 2668 3300 2738 (ὲξαιτεῖται
3330 2667 3440 2736 γὰρ
3471 2668 3573 2720 καὶ

1982 2771 2365 2847 παραδίδοται)
2394 2786 2409 2801 ⁸
2443 2771 2470 2822 6
2517 2768 2575 2821 δὲ
2616 2767 2803 2836 φέρων
2857 2763 3050 2817 ἑαυτὸν
3104 2761 3426 2832 παρέδωκεν
3447 2760 3573 2822 ταῖς

1982 2864 2360 2938 βασανισταῖς,
2396 2862 2471 2931 μὴ
2497 2856 2722 2930 ζητοῦσι
2766 2855 2892 2926 μηδ’
2916 2853 3274 2923 ἐπερωτῶσιν
3308 2851 3574 2928 εὑρισκόο

1983 2974 2143 3029 μενος
2167 2958 2262 3009 καὶ
2296 2951 2754 3023 ἑμφανιζόμινος·
2789 2947 2868 3010 είς
2892 2964 2951 2999 τε
2977 2945 3069 2999 τὸν
3097 2943 3326 3014 ἔσχατον
3354 2941 3569 2994 ἐκείνου

1978 3051 2088 3105 τῶν
2112 3049 2289 3104 ἄθλων
2322 3044 2421 3115 τὴν
2446 3042 2660 3113 πληγὴν
2687 3039 2749 3094 ού
2778 3039 2920 3094 κατά
2961 3036 3158 3109 μικρὸν
3183 3034 3446 3105 προῆλθε,
3467 3033 3574 3103 τὴν

1979 3144 2282 3216 καρτερίαν
2336 3136 2449 3194 οἷον
2497 3139 2698 3200 ἐντοῖς
2743 3134 2989 3188 ἐλάττοσι
3042 3127 3570 3197 προπαιδευόμενος⁹

1979 3239 2096 3292 ἀλλ’
2143 3237 2218 3300 ὼς
2254 3233 2417 3296 εἴτις
2453 3228 2833 3299 γενναιότατος
2876 3223 3012 3293 ὁμοῦ
3041 3222 3137 3275 καὶ
3171 3218 3574 3291 ἐμπειρότατος

1978 3330 2216 3387 ὁπλιτῶν
2254 3329 2365 3390 τοῖς
2406 3324 2684 3396 μεγίστοις
2712 3318 2981 3381 κινδύνοις
3010 3317 3073 3370 ὲκ
3106 3313 3413 3385 προοιμίων
3446 3310 3574 3379 ὲνή-

1978 3426 2129 3491 λατο,
2160 3424 2187 3475 ὃ
2232 3438 2292 3474 τε
2325 3416 2606 3487 πειράζων
2631 3410 2887 3476 ἐνταῦθα,
2918 3411 2967 3463 εί
2998 3407 3095 3462 καὶ
3130 3405 3419 3476 ἄνθρωπος
3474 3398 3571 3475 ἦν,

1980 3518 2073 3573 καὶ
2103 3516 2201 3585 τῆς
2232 3513 2354 3568 καθ’
2397 3512 2543 3582 ἡμᾶς
2578 3505 2816 3578 φύσεως.

2054 3786 2121 3843 θ’.
2159 3784 2235 3858 (i)
2412 3779 2548 3836 ἀλλά
2585 3776 2829 3847 λεγεῶνα
2870 3771 3204 3842 πνευμάτων
3247 3766 3392 3840 εἶχεν
3418 3766 3570 3821 ἐνδο-

1981 3885 2074 3937 θεν
2106 3876 2541 3950 διερεθιζόντων,
2571 3870 2663 3941 ὐφ’
2704 3862 2780 3923 ὧν
2820 3866 2885 3937 δὴ
2916 3865 3040 3919 τότε
3076 3861 3398 3933 πληγέντων
3428 3860 3570 3929 πρὸς

1980 3979 2079 4050 τὴν
2119 3975 2440 4046 παρρησίαν
2492 3966 2585 4023 τοῦ
2632 3964 2941 4036 μάρτυρος,
3008 3958 3401 4050 μανικώτερον
3427 3953 3571 4008 sua.

1981 4047 2204 4130 κινεῖτο,
2234 4069 2327 4119 καὶ
2374 4058 2720 4132 ἀναρτᾶσθαι
2773 4055 2868 4110 καὶ
2906 4054 3056 4107 δεινά
3103 4050 3283 4104 πάντα
3334 4047 3575 4116 πάσχειν

1980 4159 2341 4225 διεκελεύετο,
2372 4156 2466 4211 καὶ
2499 4154 2681 4208 πάντα
2710 4148 2858 4221 εἶχεν
2889 4148 3054 4211 εὐθὺς
3092 4147 3168 4210 ὡς
3202 4143 3573 4200 διεκελεύετο.

1992 4251 2299 4324 ’Δνηρτᾶτο
2346 4245 2567 4301 πάντων
2616 4242 2892 4314 ὁρώντων,
2926 4239 3168 4311 ᾐκίζετο,
3214 4235 3417 4301 ἐξέετο,
3472 4236 3574 4291 καὶ

1982 4346 2294 4403 τελευταῖον
2327 4337 2510 4407 κοντῷ
2543 4337 2685 4390 κατὰ
2715 4336 2811 4404 τῆς
2856 4333 3098 4403 γαστρὸς
3151 4332 3522 4400 ἐτιτρώσκετο
3547 4344 3566 4361 '

1981 4437 2144 4492 τοῦτο
2183 4435 2283 4505 μὲν
2317 4433 2405 4487 ἶνα
2434 4430 2532 4484 καὶ
2558 4428 2742 4483 ὀδύναι
2773 4427 3040 4496 γένοιντο,
3075 4423 3236 4478 τοῦτο
3263 4423 3320 4477 δὲ
3353 4423 3441 4476 ἵνα
3469 4422 3572 4477 καὶ

1984 4533 2219 4591 θάνατος
2247 4524 2562 4593 ἐπιγένοιτο
2583 4538 2596 4552 ο
2630 4520 2689 4574 ού
2715 4519 2825 4590 γὰρ
2855 4518 3130 4571 ἐσκόπουν
3174 4516 3337 4570 αύτὸν
3370 4515 3576 4586 μετελ-

1984 4626 2100 4680 θεῖν
2133 4621 2393 4693 βραχεῖαν
2421 4616 2601 4687 ἔχοντι
2639 4614 2741 4683 τὴν
2768 4611 2963 4680 ὀδύνην
2988 4609 3227 4680 θανάτῳ.
3264 4608 3412 4677 Πλὴν
3442 4606 3573 4661 οὕτε

1982 4721 2189 4781 ἐκεῖνα,
2222 4713 2297 4776 ὡς
2324 4711 2435 4781 ἄρα
2456 4709 2551 4763 καὶ
2593 4706 2963 4776 σφοδρότητος
3004 4699 3141 4773 εἶχε,
3169 4702 3365 4755 λυπεῖν
3398 4695 3572 4771 εἶχεν,

1982 4810 2332 4880 ἀνείργοντος
2366 4802 2463 4856 τοῦ
2513 4798 2693 4853 Θεοῦ·
2740 4799 2835 4851 καὶ
2884 4798 2912 4850 6
2959 4797 3152 4859 κοντὸς
3206 4794 3571 4849 παντάπασιν

1981 4902 2281 4973 ὴπράκτει,
2335 4896 2526 4965 ὥσπερ
2579 4894 2645 4947 ὲκ
2693 4890 3061 4963 στερροτέρτς
3131 4889 3278 4955 τινὸς
3349 4890 3574 4957 φύσεως

1986 4995 2214 5065 σιδηρᾶς
2248 4991 2281 5062 ἦ
2313 4986 2687 5059 ἀδαμαντίνης
2738 4982 3152 5050 ἀντωθούμενός
3194 4998 3253 5035 τε
3300 4984 3394 5036 καὶ
3431 4984 3577 5037 ἀπο-

1985 5086 2345 5158 κρουόμενος,
2376 5084 2517 5150 τάχα
2543 5079 2639 5133 καὶ
2694 5078 2754 5132 τὺ
2789 5076 3133 5147 μαρτυρικὸν
3164 5075 3576 5145 εὐλαϐούμενος

1985 5181 2164 5250 σῶμα,
2196 5179 2334 5248 τάχα
2365 5175 2461 5228 καὶ
2492 5173 2587 5227 τοῦ
2618 5173 2884 5243 τυράννου
2911 5171 3013 5236 τῆς
3040 5167 3407 5238 ἀναισθησίας
3430 5185 3571 5223 κατ-

1983 5264 2203 5343 ηγορῶν
2225 5285 2236 5298 ³
2287 5267 2448 5337 εἴπερ
2478 5269 2505 5321 6
2535 5267 2655 5336 μὲν,
2709 5265 2930 5334 σίδηρος
2957 5261 3055 5329 ὣν,
3087 5263 3381 5333 ἀπέσχετο,
3409 5265 3437 5317 6
3488 5250 3572 5329 δὲ’,

1982 5364 2212 5433 λογικὴν
2269 5361 2449 5433 ψυχὴν
2511 5360 2678 5431 ἔχων.
2733 5359 2835 5411 οὐκ
2885 5356 3083 5426 ἔμελλε
3145 5356 3570 5413 δυσωπεῖσθαι·

1984 5456 2175 5526 ὥσπερ
2220 5456 2327 5525 ἄρα
2373 5452 2482 5507 οὐδ’
2533 5453 2867 5506 ὲδυσωπεῖτο
2920 5449 3041 5502 οὐδὲ
3104 5449 3438 5503 ἀνεκόπτετο
3466 5447 3576 5517 τῆς

1983 5551 2077 5605 ἐπὶ
2131 5549 2192 5601 τὸ
2243 5547 2495 5611 κολάζειν
2546 5544 2749 5616 ὁρμῆς,
2778 5543 3095 5598 τούναντίον
3160 5541 3261 5611 μὲν
3322 5537 3417 5595 οὖν
3473 5541 3576 5595 καὶ

1985 5642 2161 5714 βαρὺς
2202 5639 2282 5693 ἔτι
2316 5640 2519 5709 μᾶλλον
2549 5634 2619 5709 ἦν
2650 5635 2742 5690 καὶ
2775 5636 3006 5707 σφοδρδς
3035 5635 3127 5688 ἐπὶ
3172 5631 3368 5703 τούτῳ,
3397 5633 3572 5687 οίονεὶ

1986 5779 2127 5834 ratio
2152 5777 2294 5831 inter
2325 5792 2494 5829 unum
2530 5776 2682 5829 illum
2704 5776 3031 5837 daemonem.
3059 5774 3151 5844 qui
3178 5771 3374 5844 Jobum
3408 5785 3572 5825 exer-

1983 5849 2119 5916 cuit,
2171 5858 2227 5903 et
2282 5849 2484 5902 multos
2529 5847 2670 5918 illos,
2706 5848 2799 5918 qui
2854 5841 3249 5903 Diocletianum
3298 5841 3575 5898 adversus

1982 5920 2277 5992 Georgium
2303 5917 2682 5975 stimulabant.
