3852 6462
265 400 375 464 309
1253 430 1258 434 ·
1445 411 1837 482 LAUDATIO

1978 418 2323 486 GEORGII.
3421 378 3531 495 31θ

269 517 525 586 μείζονος
555 520 754 585 κακίας
794 526 886 591 ,είς
932 526 1195 607 ἀφορμὴν
1238 529 1335 583 τοῦ
1371 530 1653 602 θαύματος
1699 532 1848 603 αὐτῷ

1978 539 2272 607 inpeditus,
2304 554 2414 609 quo
2472 540 2674 603 tuinus_
2720 557 2845 597 eum
2907 544 3139 613 amplius
3198 544 3360 600 vellet
3408 546 3535 600 tor-

267 608 561 704 γετονότος
594 610 726 704 (τῶν
770 613 880 686 γάρ
939 618 1177 683 ἀνιάτως
1237 619 1474 689 ἐχόντων
1512 622 1649 692 αὕτη
1680 623 1856 692 δήπου

1978 644 2171 698 suere;
2204 631 2297 686 sed
2347 648 2377 687 e
2411 642 2598 688 contra
2664 634 2960 704 impensius
3013 638 3176 691 etiam
3241 639 3538 693 vehemen-

268 698 437 766 tP30'-;
461 701 542 765 εἷς
572 702 784 775 βλάϐην
839 709 1203 791 μετατρέπειν
1233 712 1445 766 οίκείαν
1473 715 1537 768 ἐκ
1567 714 1667 783 τῆς
1698 714 1854 767 Evoti-

1978 721 2183 790 liusque
2224 721 2279 775 in
2303 721 2355 776 id
2384 722 2654 779 incubuit.
2687 698 2874 796 Itaque
2903 729 3117 783 auctior
3148 744 3365 799 semper
3389 731 3537 786 illius

271 795 767 888 m;_xaxoaeeia;,
795 801 934 872 ὅπερ
989 802 1056 857 ἄν
1103 820 1191 868 τις
1221 804 1320 858 καὶ
1375 809 1718 877 προσενέγκῃ
1754 824 1857 860 om.

1978 811 2172 866 malitia
2210 812 2441 882 praebuit
2463 814 2681 887 Martyri
2729 795 2954 888 majoris
2993 817 3243 874 miraculi
3270 795 3535 877 occasio-

274 885 482 955 τηρίας
510 890 849 964 φάρμακον)·
880 894 969 949 διὰ
1008 895 1168 951 τοῦτο
1198 897 1293 952 καὶ
1333 895 1633 971 ἐτοιμοςῆν
1665 899 1866 954 αὐτίκα

1978 918 2089 959 tem
2121 904 2547 961 :incurabilium
2589 908 2737 963 enirn
2781 918 2884 970 est.
2911 910 3057 980 quod
3092 912 3207 981 ipsa
3240 922 3435 967 natura
3468 930 3536 968 cx

268 978 417 1041 τότε,
453 980 867 1052 χαλεπωτέραις
892 986 1014 1048 ταῖς
1033 984 1331 1057 τιμωρίαις
1357 992 1637 1059 ἐκτρίϐειν
1675 991 1860 1044 αὐτόν·

269 1068 417 1122 ὥστε
451 1072 568 1137 καὶ,
602 1074 686 1126 ζτι
720 1077 795 1145 μὴ
824 1077 985 1140 σέλας
1011 1075 1101 1150 ἦν,
1134 1080 1323 1136 ἄδειαν
1355 1085 1620 1155 παρέχων
1666 1085 1862 1157 ἐκείνῳ

270 1158 420 1211 κατὰ
451 1160 549 1213 τοῦ
577 1166 919 1236 μαρτυρικοῦ
952 1169 1123 1223 νώτου
1153 1173 1485 1228 τεκταίνειν.

1965 992 2128 1050 insita
2157 995 2491 1067 malignitate
2518 998 2572 1052 in
2606 998 2886 1069 proprium
2920 1011 3207 1057 convertat
3233 1018 3540 1058 nocumen-

1968 1097 2103 1151 tum,
2151 1086 2197 1140 si
2225 1086 2373 1156 quod
2402 1088 2709 1158 applicetur
2756 1091 2996 1147 salutare
3029 1092 3379 1162 pharmacum
3417 1113 3430 1149 :
3480 1102 3538 1149 et

1965 1189 2256 1249 propterea
2291 1181 2573 1237 nitebatur
2598 1181 2887 1255 Martyrem
2927 1186 3271 1256 gravioribus
3307 1203 3372 1244 ac
3415 1203 3540 1258 gra-

272 1253 532 1312 vioribus
579 1273 797 1329 semper
852 1265 1138 1336 suppliciis
1199 1281 1517 1338 conterere;
1581 1275 1719 1329 adeo
1771 1285 1830 1329 ut
1861 1291 1964 1332 nec
2004 1276 2295 1333 deﬁciente
2348 1278 2571 1343 quidem
2609 1279 3346 1346 lumine,verecundaretnr
3375 1302 3541 1357 supra

272 1355 505 1408 dorsum
543 1355 810 1429 Martyris,
857 1373 918 1415 ut
950 1363 1234 1422 Psalmista
1269 1369 1537 1439 loquitur.
1585 1370 1875 1427 fabricare.

345 1448 403 1506 t'.
448 1450 595 1504 Ἀλλ’
629 1448 782 1520 εἶργε
821 1455 916 1525 τῆ.
954 1459 1352 1532 ἐπιχειρήσεως
1390 1464 1484 1530 νὺξ
1523 1466 1853 1522 ἐπελθοῦσα.

273 1541 573 1596 Δ;ινότατα
631 1543 837 1614 ἔφερε’
887 1548 1126 1618 βάσανον
1186 1555 1369 1625 ἐαυτῷ
1414 1555 1512 1627 τὴν
1544 1558 1858 1631 βαρυτάτην

271 1632 528 1701 οἰόμενος
587 1636 647 1687 τὸ
695 1638 791 1689 καὶ
826 1642 1054 1711 μετρίας
1087 1644 1380 1717 άνακωχῆς
1411 1651 1622 1703 ἐκεῖνον
1650 1654 1857 1722 τυχεῖν.

2037 1471 2123 1526 lt).
2160 1471 2265 1528 Sed
2307 1484 2487 1531 tamen
2547 1478 2941 1551 superveniens
2977 1494 3082 1533 nox
3117 1479 3299 1551 coegit
3342 1480 3411 1534 ab
3459 1480 3541 1536 in-

1966 1574 2125 1633 cepto
2155 1565 2454 1633 desistere;
2480 1570 2625 1639 quod
2666 1571 3064 1626 Diocletianum
3110 1572 3395 1642 aegerrime
3440 1573 3538 1628 ha-

1968 1655 2107 1722 buit,
2136 1657 2228 1726 qui
2273 1661 2566 1715 maximum
2598 1661 2703 1717 sibi
2746 1663 3039 1733 reputabat
3082 1663 3434 1733 supplicium,
3493 1666 3540 1721 si

273 1720 349 1812 ρῦ
386 1722 501 1794 μὴν
531 1724 588 1779 δὲ
618 1726 709 1780 καὶ
756 1731 1109 1786 παντάπασιν
1154 1735 1262 1788 ὑπὸ
1315 1739 1631 1808 προθυμίας
1671 1720 1867 1812 ἠμέλει

1978 1745 2059 1801 ille
2086 1748 2172 1801 vel
2200 1748 2429 1804 modicis
2459 1749 2734 1807 frueretur
2774 1751 3031 1807 induciis.
3078 1752 3198 1806 Non
3229 1762 3408 1808 tamen
3445 1770 3544 1810 ne-

273 1809 364 1863 διά
409 1813 513 1882 τὴν
558 1814 729 1885 ὥραν,
764 1817 879 1871 οὐδ’
923 1821 1252 1878 ἀνεϐάλλετο
1304 1828 1405 1890 τὰς
1452 1809 1728 1895 κολάσεις,
1777 1831 1860 1885 ὄτι

278 1905 421 1972 μηδὲ
451 1908 557 1976 τῆς
586 1907 888 1980 θηριώδους
919 1908 987 1985 ἦν
1010 1915 1224 1971 ἐκείνου
1259 1918 1442 1990 ψυχῆς
1464 1922 1634 1977 ετκειν
1656 1923 1860 1978 είδᾶναι

271 1996 508 2069 τοιούτῳ
564 2002 779 2073 καιρῷο
816 2005 954 2060 ἀλλά
992 2024 1099 2062 τινι
1144 2012 1380 2083 φρουρᾷ,
1416 2013 1510 2066 καὶ
1559 2015 1697 2085 αὐτῇ
1736 2015 1862 2071 δυσ-

272 2090 585 2179 χερεστάτῃ
636 2093 746 2148 τῶν
791 2096 1044 2166 ἁπασῶν,
1076 2102 1188 2172 ὅσῳ
1246 2104 1344 2157 καὶ
1377 2103 1620 2177 δυσώδης
1656 2103 1724 2179 ἦν
1765 2109 1862 2163 καὶ

275 2178 531 2251 ζοφώδης
580 2184 676 2238 καὶ
735 2189 864 2259 σκιᾷ
916 2189 1155 2247 θανάτου
1213 2196 1574 2266 παρείκαστο,
1639 2178 1861 2270 δοθῆναι

275 2273 517 2329 κελεύει.
572 2278 685 2330 Καὶ
731 2274 799 2350 ἦν
837 2279 999 2335 τοῦτό
1032 2300 1095 2352 γε
1129 2290 1476 2359 παραχρῆμα
1506 2288 1695 2344 τοῦτον
1738 2291 1863 2362 ἔχον

274 2364 369 2416 τὸν
388 2368 617 2437 τρεπον,
647 2374 695 2425 εί
723 2374 798 2444 μή
829 2392 881 2428 τι
914 2376 1166 2450 δεύτερον
1203 2382 1300 2434 καὶ⁸
1340 2383 1521 2450 τρίτον
1553 2385 1683 2455 ἑξῆς
1730 2388 1864 2440 ἐπε-

278 2458 447 2525 τίθει,
472 2458 665 2534 ὥσπερ
704 2466 1064 2539 άναϐαθμοὺς
1098 2472 1290 2525 κακῶν
1320 2474 1605 2546 τιθέμενος
1631 2493 1646 2509 ο
1683 2474 1751 2548 ἧν
1795 2479 1863 2534 ἂν

280 2551 343 2601 τὸ
400 2552 568 2645 μέχρι
613 2557 809 2611 τούτου
862 2559 1326 2635 διανυκτερεύειν,
1351 2567 1426 2630 ὡς
1468 2569 1525 2621 ἐν
1575 2572 1860 2645 παραϐολῇ

283 2644 474 2696 κακῶν
526 2646 715 2716 φάναι,
773 2652 973 2722 μετρία
1019 2653 1423 2728 φιλανθρωπία.
1459 2660 1597 2716 Νυνὶ
1650 2663 1708 2718 δὲ
1765 2669 1860 2719 καὶ

284 2733 445 2796 ξύλον
478 2741 819 2813 πιεστήριον,
847 2744 1012 2799 αὐτοῦ
1056 2751 1489 2821 κατασφαλίζον,
1530 2757 1658 2819 τοὺς
1691 2758 1859 2822 πόδα;

284 2826 571 2881 συνέθλιϐε
594 2845 606 2859 '
644 2831 739 2885 καὶ
790 2833 939 2895 λίθος
1001 2836 1197 2906 μέγας,
1233 2838 1292 2892 ὃν
1318 2841 1444 2895 ὀὐκ
1475 2842 1541 2896 ἂν
1573 2847 1778 2915 χεῖρες,
1813 2847 1863 2901 εἰ

283 2922 361 2990 μὴ
410 2923 507 2975 καὶ
559 2927 937 2998 μηχανήματα
995 2935 1249 3003 προσείη,
1301 2937 1611 3006 κινήσαιεν,
1664 2940 1859 2994 ὑπτίου

282 3018 815 3086 προσανακλιθέντος
842 3021 983 3076 κατὰ
1010 3023 1113 3078 τῶν
1141 3024 1387 3094 στέρνων
1409 3028 1632 3094 ἐτίθετο,
1659 3029 1864 3102 βάρους

1968 1852 2075 1908 que
2104 1854 2203 1909 per
2225 1840 2332 1895 tale
2364 1850 2576 1913 tempus
2595 1845 2809 1900 remisit
2835 1846 3196 1915 propositum,
3217 1861 3396 1916 neque
3418 1863 3542 1902 cru—

1967 1932 2144 1987 ciatus
2160 1932 2382 1989 diﬂ'erre
2399 1936 2810 2006 sustinuitlnon
2844 1938 2991 1992 enim
3025 1938 3333 2009 patiebatur
3371 1940 3541 1995 ell'era

1967 2023 2087 2092 ejus
2114 2024 2296 2079 anima
2328 2032 2387 2079 ut
2416 2027 2648 2095 tempori
2674 2028 2941 2098 tantisper
2969 2029 3410 2099 obsequeretur),
3443 2031 3549 2086 sed

1969 2113 2228 2170 Sanctum
2261 2115 2464 2172 includi
2496 2117 2658 2187 jussit
2680 2119 2913 2185 carceri,
2949 2120 3112 2190 eique
3151 2122 3395 2177 omnium
3427 2138 3542 2176 mo-

1968 2208 2298 2271 lestissimo.
2360 2219 2419 2265 ut
2462 2209 2558 2281 qui
2612 2209 2838 2265 lcetidus
2897 2221 3045 2267 esset
3084 2220 3141 2267 et
3195 2212 3541 2277 tenebramus,

1969 2309 2133 2370 atque
2158 2300 2365 2357 umbra:
2402 2302 2595 2358 mortis
2621 2302 3033 2363 assimilandus.
3066 2304 3247 2375 Atque
3278 2304 3381 2360 hoc
3419 2305 3545 2376 qui,

1968 2390 2091 2445 dem
2125 2392 2191 2446 ad
2223 2392 2388 2447 istum
2420 2393 2643 2448 modum
2678 2409 2739 2449 se
2762 2393 3065 2460 habuisset,
3100 2396 3205 2450 nisi
3247 2404 3303 2451 et
3343 2411 3543 2450 secun-

1969 2482 2099 2538 dum
2124 2494 2179 2539 et
2198 2486 2420 2540 tertium
2453 2485 2774 2552 addidisset,
2796 2487 2949 2543 velut
2974 2489 3239 2558 quosdam
3274 2489 3543 2544 malorum

1968 2576 2170 2647 gradus
2192 2577 2518 2648 disponens;
2548 2578 2863 2635 humanitas
2885 2581 3030 2636 enim
3062 2581 3306 2651 quasdam
3324 2580 3543 2648 fuisset,

1972 2683 2145 2738 usque
2175 2668 2304 2723 dum
2343 2685 2448 2724 nox
2472 2670 2752 2736 transiret,
2774 2671 2947 2727 videri
2974 2672 3243 2742 supplicia
3270 2672 3543 2727 divisisse.

1973 2758 2113 2830 Ergo
2160 2768 2215 2816 et
2240 2759 2387 2829 ligno
2429 2761 2598 2833 pedes
2648 2763 2985 2834 astringente
3028 2764 3305 2820 cruciatus
3334 2772 3457 2830 est;
3491 2773 3550 2821 et

1971 2851 2110 2921 lapis
2136 2867 2391 2922 magnus,
2425 2844 2599 2922 quem
2633 2853 2724 2909 vix
2756 2854 3021 2909 machina:
3048 2895 3063 2920 ,
3096 2853 3295 2909 nedum
3326 2870 3545 2922 manus,

1972 2953 2193 2996 movere
2244 2952 2496 3011 poterant
2549 2943 2747 3014 supino
2780 2944 2983 3016 jacenti
3023 2960 3186 3012 supra
3242 2954 3433 3015 pectus
3462 2955 3549 3002 est

1974 3031 2228 3101 positus,
2276 3033 2446 3109 nimio
2506 3035 2749 3105 pondere
2818 3038 3187 3108 comprimens
3236 3039 3545 3109 subjectum

283 3108 568 3180 ὑπερϐολῇ
601 3111 845 3165 συνθλῶν
874 3114 1020 3167 ἆπαν
1074 3116 1137 3169 τδ
1178 3117 1562 3189 ὑποκείμενον,
1601 3122 1693 3175 καὶ
1739 3139 1867 3176 συν-

1978 3138 2190 3192 corpus,
2224 3122 2470 3195 illudque
2496 3140 2699 3196 cogens
2726 3127 2966 3184 simulet
3007 3108 3395 3185 contritionein
3427 3145 3549 3186 car-

280 3204 484 3275 τριϐἡν
533 3206 673 3275 ὁμοῦ
710 3208 805 3260 καὶ
852 3208 1010 3280 ῥῆξιν
1046 3209 1351 3282 ὑποστῆναι
1396 3214 1827 3283 καταναγκάζων
1851 3233 1868 3251 ο

284 3295 394 3348 κᾶν
426 3297 664 3363 ἐκεῖνος,
711 3297 903 3370 ὥσπερ
942 3301 1042 3371 τὴν
1091 3300 1270 3373 ψυχὴν
1302 3305 1364 3358 οὐ
1395 3304 1650 3371 δέξασθαί
1676 3326 1729 3362 τι
1762 3310 1869 3363 τῶν

282 3386 510 3440 ἀσεϐῶν
540 3389 1006 3459 προσταγμάτων,
1039 3390 1184 3446 οὕτω
1214 3393 1279 3464 δὴ
1312 3394 1491 3448 καὶτὸ
1521 3394 1683 3466 σῶμα
1712 3398 1870 3452 ἀνέν-

280 3478 440 3543 δοτος
469 3474 561 3550 ἦν,
585 3480 649 3533 τδ
690 3481 939 3551 μηδόλως
991 3485 1165 3538 είκειν
1216 3483 1309 3558 βίᾳ
1358 3485 1569 3542 ἐκεῖθεν
1603 3489 1869 3555 ἀναδεξάο

286 3590 475 3642 μενον.
527 3573 620 3626 Ἐν
663 3574 774 3645 γάρ
803 3577 916 3639 τοῖς
962 3575 1103 3647 ὑπὲρ
1138 3577 1423 3642 εὐσεϐείας
1455 3579 1662 3649 ἀγῶσιν
1695 3583 1728 3654 ἠ
1759 3582 1871 3636 τῶν

283 3667 564 3737 σωμάτων
627 3666 789 3739 ῥώμη
847 3668 1038 3739 σαφῶς
1088 3672 1359 3741 ἀρτᾶσθαι
1399 3672 1550 3727 δοκεῖ
1600 3675 1700 3745 τῆς
1743 3693 1872 3746 γεν-

279 3759 571 3829 ναιότητος
626 3757 729 3828 τῆς
782 3758 998 3829 ψυχῆς
1045 3759 1121 3823 ὡς
1175 3762 1365 3834 ἐκείνη
1413 3764 1552 3835 πρὸς
1610 3763 1873 3822 ἔνστασιν

284 3850 608 3920 προθυμίας
639 3852 776 3922 ἔχει,
807 3853 906 3905 καὶ
935 3852 1063 3906 τάδε
1096 3854 1233 3923 πρὸς
1276 3855 1339 3908 τὸ
1368 3855 1649 3928 πάσχοντα
1681 3859 1871 3931 φέρειν

285 3943 533 4015 ἰσχυρῶς
564 3960 581 3974 ο
617 3943 822 4014 μᾶλλον
852 3944 932 4009 δέ,
968 3945 1057 4000 τνα
1088 3945 1299 4017 βέλτιον
1340 3949 1524 4015 stam,
1553 3950 1733 4022 ψυχῆς
1767 3951 1869 4022 μὲν

287 4035 481 4097 σθένος
521 4035 581 4087 ἐν
631 4036 748 4098 τοῖς
799 4036 1065 4100 τοιούτοις
1116 4040 1315 4109 ἐμπνεῖ
1354 4040 1507 4107 Θεὸς,
1547 4042 1764 4111 σώματι
1814 4043 1872 4097 δὲ

286 4128 588 4199 dux-mm!
636 4128 970 4200 ἀμφοτέροις
1026 4130 1183 4198 Θεὸς,
1212 4132 1346 4204 παρ’
1380 4127 1441 4187 οὗ
1493 4135 1560 4205 δὴ
1605 4136 1700 4190 καὶ
1747 4136 1870 4192 τότε

288 4220 473 4291 ρωννύ
482 4237 647 4291 μενος
671 4221 764 4274 καὶ
792 4219 941 4274 τόνδε
968 4221 1059 4274 τὸν
1085 4222 1333 4277 κίνδυνον
1360 4224 1655 4297 ὑπερέσχε.

1977 3212 2129 3267 nium
2152 3222 2207 3269 et
2240 3215 2672 3271 contractionem
2698 3216 2905 3272 ossium
2936 3217 3221 3274 sustinere
3247 3236 3262 3286 ;
3294 3220 3558 3289 quamvis

1979 3303 2115 3374 ipse,
2150 3305 2294 3360 sicut.
2315 3307 2493 3376 quoad
2528 3308 2766 3363 animam
2792 3309 2929 3364 nihil
2973 3310 3308 3381 suscipiebat
3349 3310 3549 3382 impio-

1979 3411 2100 3451 rum
2123 3397 2529 3463 mandatorum,
2559 3399 2631 3454 ita
2651 3409 2707 3456 et
2730 3403 2910 3471 quoad
2939 3417 3139 3471 corpus
3157 3401 3550 3474 insuperabilis

1977 3501 2117 3555 erat,
2171 3491 2377 3547 nullam
2431 3492 2656 3549 omnino
2705 3495 2903 3550 exinde
2937 3496 3151 3564 patiens
3208 3497 3545 3553 violentiam.

1977 3584 2274 3641 Enimvero
2323 3588 2376 3641 in
2429 3585 2822 3642 certaminibus
2856 3588 2984 3652 illis,
3041 3605 3162 3659 quae
3188 3604 3288 3660 pro
3346 3590 3552 3659 pietate

1977 3679 2348 3750 excipiuntur,
2378 3680 2624 3751 corporis
2653 3681 2881 3738 firmitas
2913 3682 3200 3739 manifeste
3231 3684 3445 3739 videtur
3478 3687 3546 3740 ab
3642 3682 3647 3688 ’

1978 3770 2147 3825 animi
2185 3771 2551 3842 generositate
2591 3772 2863 3841 pendere;
2901 3782 2959 3828 ut
3002 3783 3267 3843 quantum
3304 3774 3417 3829 lucc
3442 3775 3548 3830 sibi

1977 3878 2077 3933 per
2113 3872 2418 3933 promptam
2467 3872 2687 3920 constat
2741 3864 3102 3932 voluntatem,
3150 3876 3358 3922 tantum
3422 3867 3552 3922 huic

1978 3951 2151 4008 robur
2197 3953 2263 4007 ad
2294 3951 2615 4023 patiendum
2667 3952 2947 4021 conferat;
2983 3964 3078 4010 aut
3126 3958 3310 4026 potius
3353 3955 3554 4012 animae

1978 4042 2201 4114 quidem
2261 4043 2430 4099 robur
2484 4042 2632 4100 Deus
2687 4045 2941 4116 inspirat,
2977 4049 3156 4102 anima
3193 4058 3376 4104 autent
3428 4064 3552 4103 ecr-

1979 4136 2119 4206 pori.
2154 4144 2211 4192 et
2237 4136 2454 4207 utrique
2482 4136 2663 4204 Deus;
2691 4152 2722 4193 a
2766 4153 2875 4209 quo
2912 4140 3264 4198 confirmatus
3316 4139 3559 4197 Sanctus

1980 4229 2145 4284 etiam
2172 4227 2327 4284 istud‘
2346 4228 2653 4299 periculum
2691 4231 2992 4300 superavit.

1764 4392 1987 4449 CAPUT
2033 4394 2096 4448 ll.

928 4516 965 4568 Α
1000 4512 1257 4584 supplicio
1293 4523 1420 4570 rota:
1443 4522 1492 4567 et
1518 4516 1644 4569 uit-az
1681 4514 1842 4569 calcis
1873 4516 2013 4586 fossa
2048 4516 2246 4571 ulmus
2270 4519 2377 4571 exit
2405 4528 2618 4573 sanctus
2656 4518 2927 4588 Georgius.

363 4637 461 4690 ια’.
497 4637 581 4690 Τὰ
612 4637 710 4707 μὲν
741 4631 832 4690 οὖν
858 4635 957 4704 τῆς
982 4640 1173 4697 νυκτὸς
1203 4635 1419 4700 ἐκείνης
1443 4635 1591 4701 αὐτῷ
1623 4636 1868 4700 τοιαῦτα,

2049 4640 2137 4696 ll.
2175 4637 2294 4694 Tali
2320 4641 2737 4695 fueruutnoctis
2763 4640 2913 4693 illius
2934 4640 3265 4703 certamina,
3306 4639 3468 4704 nihil,
3497 4646 3560 4695 ut

282 4730 415 4783 κατ’
446 4729 604 4782 οὐδὲν
633 4725 791 4797 οἶμαι
826 4727 934 4781 τῶν
965 4728 1241 4798 ήμερινῶν
1266 4728 1620 4799 ἀνεκτότερα,
1651 4727 1687 4782 ά
1714 4729 1758 4782 δ’
1783 4731 1872 4782 εύ-

282 4826 387 4883 ίίϋς
419 4817 491 4892 ἦν
523 4821 739 4890 ἡμέρας
783 4820 1181 4890 ἐπιλαϐούσης,
1209 4820 1511 4892 ἐπειδήπερ
1557 4819 1634 4882 ὡς
1680 4820 1737 4872 ἐν
1783 4819 1880 4872 θα-

283 4917 493 4985 λάσσῃ,
527 4915 796 4985 τρικυμία
836 4914 1023 4966 κακῶν
1049 4914 1294 4983 ὑπῆρχεν
1321 4929 1336 4943 ·
1371 4913 1463 4965 καὶ
1488 4912 1548 4964 τὸ
1581 4912 1681 4980 μὲν
1713 4911 1877 4963 αὐτὸν

286 5007 406 5078 εἶχε
439 5008 615 5077 κῦμα,
651 5010 712 5060 τὸ
766 5007 824 5060 δὲ
879 5005 1295 5077 κατελάμϐανε,
1325 5006 1387 5057 τὸ
1440 5005 1485 5058 δ’
1520 5004 1773 5074 ἔμελλεν,
1804 5002 1879 5064 ὡς

285 5101 449 5169 παρὰ
504 5101 643 5153 πολὺ
697 5100 806 5152 τῶν
870 5097 1284 5168 προειληφότων
1347 5095 1593 5166 ποικιλίᾳ
1661 5112 1718 5148 τε
1786 5097 1881 5149 καὶ

283 5195 524 5258 δυνάμει
550 5192 646 5245 τοῦ
689 5191 943 5244 κακῶσαι
975 5190 1254 5259 δεινότερα
1283 5205 1297 5219 ·
1357 5187 1487 5244 ὥστ’
1531 5188 1723 5257 ἔμοιγε
1780 5189 1877 5241 καὶ

285 5285 459 5351 εὐχῆς
491 5283 655 5351 ἔργον
688 5282 755 5336 ἂν
786 5282 874 5352 εἴη
900 5281 1006 5335 κᾶν
1048 5281 1285 5351 μετρίως
1319 5279 1552 5332 διελθεῖν
1578 5279 1876 5350 δυνηθῆναι

284 5378 369 5446 τῷ
409 5377 578 5446 λόγῳ.
630 5373 887 5444 Ἐξήγετο
944 5374 1045 5443 μὲν
1097 5378 1197 5443 τῆς
1256 5375 1522 5444 φρουρᾶς,
1566 5372 1695 5442 μηδ’
1739 5374 1878 5434 ὅλως

286 5471 394 5538 ζῇν
431 5466 828 5536 ἐλπιζόμενος·
862 5464 976 5518 ἀλλ’
1011 5464 1201 5537 ἐπειδὴ
1246 5464 1399 5535 παρά
1444 5465 1603 5529 δόξαν
1630 5463 1753 5535 ἔζη,
1783 5465 1880 5518 καὶ

289 5566 515 5633 ἀπαθὴς
567 5561 757 5616 κακῶν
786 5564 1017 5633 ἑωρᾶτο.
1060 5562 1204 5614 Ὅσα
1241 5563 1343 5633 μὲν
1394 5559 1486 5614 οὖν
1536 5563 1564 5614 ὁ
1616 5560 1878 5632 τύραννος

286 5657 497 5726 ἠθύμει
543 5658 637 5708 καὶ
666 5655 966 5724 διεπρίετο,
1006 5654 1201 5724 μηδενὶ
1247 5654 1437 5724 τρόπῳ
1490 5651 1876 5721 περιγενέσθαι

292 5751 621 5817 δυνάμενος,
652 5749 845 5813 λόγους
902 5764 962 5800 τε
1014 5747 1083 5801 αὖ
1137 5747 1273 5816 πρὸς
1320 5748 1531 5798 ἐκεῖνον
1564 5742 1655 5806 οὓς
1682 5743 1874 5796 διείλε·

291 5857 447 5903 κτλι,
490 5841 648 5891 τοῦτο
713 5842 809 5907 μὲν
865 5839 1128 5903 άπετλῶν,
1177 5837 1335 5893 τοῦτο
1388 5838 1441 5891 δὲ
1486 5836 1723 5901 Omnia;
1784 5841 1876 5889 καὶ

1978 4728 2242 4792 arbitror,
2292 4729 2495 4784 leviora
2533 4729 2791 4785 diurnis:
2828 4745 2950 4800 qua:
2974 4746 3126 4794 vero,
3168 4745 3289 4784 mox
3321 4740 3379 4782 ut
3437 4731 3558 4786 dies

1989 4821 2188 4885 illuxit.
2215 4831 2344 4877 sunt
2370 4832 2580 4888 secuta.
2612 4823 2835 4877 fuerunt
2862 4831 3121 4891 tanquam
3157 4821 3210 4875 in
3259 4822 3393 4875 niari
3423 4832 3559 4875 lt‘lll-

1989 4927 2171 4983 pestas
2199 4915 2469 4981 quaedam,
2498 4914 2718 4983 quando
2747 4930 2913 4984 quem
2934 4915 3132 4968 ﬂuctus
3168 4930 3309 4966 unus
3340 4914 3556 4977 habuit.

1988 5008 2405 5076 comprehendit
2439 5008 2597 5069 alter.
2626 5017 2681 5061 et
2721 5006 2969 5060 imminet
3016 5006 3211 5060 tertius
3245 5022 3258 5059 :
3292 5006 3372 5061 sic
3409 5007 3556 5061 enim
3620 5075 3629 5082 _

1991 5101 2079 5154 illa
2114 5101 2338 5156 fuerunt
2365 5101 2609 5172 graviora
2643 5100 2941 5170 prioribus,
2964 5109 3069 5153 tam
3098 5100 3362 5153 varietate
3390 5116 3552 5168 quam

1990 5194 2193 5247 virtute
2219 5191 2489 5257 nocendi;
2518 5192 2656 5245 adeo
2683 5198 2742 5245 ut
2780 5199 2973 5245 votum
3016 5189 3145 5245 mibi
3188 5189 3257 5243 sit
3288 5206 3352 5243 ea
3401 5204 3560 5256 posse

1990 5284 2074 5339 vel
2134 5283 2489 5339 mediocriter
2543 5282 2777 5338 dicendo
2838 5281 3136 5351 evplicare.
3207 5280 3560 5335 Eduvebatur

1987 5394 2119 5450 ergo
2156 5392 2187 5432 e
2218 5375 2488 5440 custodia,
2525 5390 2687 5444 quem
2719 5388 2822 5428 nec
2853 5374 3034 5428 vivum
3072 5373 3148 5428 illi
3176 5373 3470 5441 sperabant
3503 5388 3563 5426 se

1990 5472 2345 5533 inventuros;
2374 5478 2428 5522 et
2460 5467 2721 5534 quoniam
2743 5466 2930 5521 vivere
2959 5474 3157 5535 praeter
3186 5479 3338 5535 spem
3370 5464 3565 5533 deprc-

1994 5564 2199 5617 hcnsus
2249 5570 2355 5626 est,
2421 5558 2712 5614 videbatur
2771 5556 3122 5627 impassibilis
3152 5556 3378 5611 omnino
3417 5571 3563 5610 esse.

1987 5650 2271 5718 Quomodo
2312 5649 2697 5720 indignabatur
2742 5646 3233 5717 dissecabaturque
3270 5655 3562 5717 tyrannus,

1991 5761 2098 5798 non
2136 5744 2319 5797 valens
2343 5756 2468 5796 eum
2521 5740 2630 5796 ulla
2678 5740 2889 5795 ratione
2924 5739 3180 5800 vincere;
3246 5752 3383 5805 quos
3436 5736 3566 5787 item

1988 5850 2267 5892 seriuoues
2297 5834 2362 5889 ad
2397 5850 2522 5888 eum
2561 5831 2833 5895 habuerit,
2876 5848 3022 5885 nunc
3061 5828 3281 5899 quidem
3336 5826 3569 5877 cumini-
