3830 6368
230 386 243 413 ἠ
306 366 406 431 311

1272 379 1601 441 GEORGII
1641 378 1904 445 CYPHlI
1942 383 2050 447 (ΣΡ.
2097 385 2620 453 ΡΑΤΒΙᾹΒΟΗᾸΞ

3448 390 3553 456 3i!

298 507 459 558 nans,
481 508 628 549 nunc
643 495 869 566 palpans
886 506 939 552 et
960 494 1270 570 blandiens,
1292 502 1477 561 dicere
1500 505 1865 575 supersedeo:

1976 510 2359 582 ἀνελευθερίας
2419 513 2615 581 πεῖραν
2666 511 2927 580 είσάγων,
2957 510 3140 580 λέγειν
3186 512 3280 565 {Gr
3322 511 3440 566 ἀλλ’
3473 513 3551 577 ὡς

299 586 394 643 sed
428 598 488 642 ut
517 587 674 652 vidit,
716 591 865 645 omni
900 607 996 648 sua
1037 593 1305 652 industria
1351 598 1550 655 eﬂ‘ectu
1582 599 1867 666 frustrata,

243 666 253 677 ’
298 681 582 751 repulsum
636 698 696 739 se
742 684 989 756 risuique
1022 689 1372 760 expositum;
1418 702 1570 757 tunc,
1603 696 1756 750 velut
1808 695 1865 750 in

302 773 497 829 turrim
528 776 892 834 firmissimam
921 789 978 836 et
1024 781 1360 839 immobilem
1388 828 1404 848 ,
1434 802 1683 857 magnam
1719 787 1863 843 illam

298 874 353 922 et
386 868 716 939 praecipuam
751 872 950 927 diaboli
984 876 1293 931 machinam
1336 879 1533 944 erexit,
1573 888 1749 935 rotam
1782 882 1870 937 vi-

296 961 514 1016 delicet.
549 962 672 1019 Haec
694 979 824 1018 vero
856 964 1167 1032 (dicendum
1198 976 1283 1023 est
1310 969 1457 1025 enim
1487 970 1552 1026 ad
1586 973 1867 1047 explican-

298 1054 426 1110 dum
461 1059 713 1113 tormenti
742 1074 948 1129 genus,
983 1062 1234 1130 quamvis
1282 1078 1384 1118 nec
1426 1063 1532 1120 hoc
1574 1064 1731 1121 facile
1773 1082 1869 1122 ex-

298 1150 500 1220 plicatu
532 1151 648 1219 sit),
679 1152 817 1214 hmo.
850 1154 1094 1224 inquam,
1120 1172 1187 1209 ex
1229 1155 1391 1227 lignis
1411 1158 1867 1228 componebatur,

298 1240 520 1296 dorsum
571 1244 791 1313 quidem
867 1240 1320 1304 circumferentia
1384 1250 1595 1308 habens
1650 1253 1866 1310 modice

296 1329 492 1398 latum,
523 1332 866 1389 latitudinem
899 1352 1029 1389 vero
1060 1338 1352 1394 maximam
1380 1341 1432 1395 in
1466 1356 1533 1397 eo
1557 1342 1703 1412 quod
1719 1343 1865 1398 circa

297 1432 547 1479 centrum
578 1434 696 1479 erat
738 1430 941 1497 spatio;
999 1429 1293 1485 introrsum
1343 1433 1575 1489 discreta
1625 1445 1863 1505 quatuor

298 1513 484 1579 radiis,
513 1530 543 1568 a
576 1530 790 1571 summo
827 1519 891 1571 ad
944 1537 1215 1577 summum
1263 1524 1368 1578 sibi
1418 1528 1864 1595 occurrentibus,

297 1617 464 1672 seque
503 1604 737 1661 invicem
790 1609 1050 1682 utrinque
1100 1629 1198 1683 per
1239 1616 1479 1673 medium
1536 1618 1739 1675 directa
1774 1621 1864 1675 in-

298 1698 703 1755 tersecantibus
739 1703 900 1757 :axis
931 1721 1117 1775 porro,
1164 1707 1308 1762 inter
1360 1690 1545 1767 radios
1580 1713 1865 1783 trajectus,

297 1787 558 1858 utrinque
626 1796 1031 1862 procurrebat,
1094 1797 1302 1854 habens
1356 1800 1671 1857 universum
1732 1813 1864 1859 rota:

295 1873 585 1943 circulum,
640 1895 747 1933 non
798 1883 1006 1938 circum
1068 1900 1127 1942 se
1181 1885 1512 1955 ducendum,
1535 1891 1631 1948 sed
1680 1908 1864 1949 secum

293 1971 606 2025 versatilem
641 1991 655 2027 :
688 1973 798 2029 duo
828 1974 1062 2048 denique
1102 1994 1262 2034 crura
1290 1981 1419 2038 hinc
1450 1991 1508 2038 et
1549 1984 1677 2039 hinc
1707 1995 1865 2056 apta-

276 2059 497 2116 obantur
526 2075 643 2118 arte
674 2064 884 2132 fabrili,
914 2084 1147 2137 quorum
1186 2058 1474 2129 summitas
1511 2090 1667 2132 axem
1699 2078 1868 2135 susti-

294 2166 452 2217 nens,
509 2152 581 2209 ita
632 2154 808 2225 ipsum
863 2156 1151 2215 sublimem
1205 2158 1440 2219 faciebat
1486 2162 1748 2234 pendere,
1805 2175 1867 2222 ut.

294 2253 477 2312 posset
503 2252 617 2299 rota
649 2246 989 2304 circumferri
1021 2249 1329 2305 celerrime.
1359 2252 1429 2307 Et
1470 2252 1521 2307 in
1570 2242 1717 2310 hunc
1741 2255 1867 2325 qui-

293 2335 416 2389 dem
480 2337 701 2394 modnm
760 2341 1061 2410 composita
1102 2353 1219 2397 erat
1253 2353 1370 2397 rota
1424 2359 1439 2394 :
1494 2345 1688 2400 subtus
1734 2361 1865 2401 vero

294 2429 685 2485 sternebantur
717 2432 948 2498 tabula,
977 2428 1232 2491 accurate
1276 2445 1573 2507 compacta:
1622 2436 1687 2491 ad
1725 2436 1867 2492 invi-

294 2526 435 2583 Cem,
469 2522 548 2576 sic
600 2533 659 2576 ut
705 2524 867 2578 simul
901 2539 1092 2579 omnes
1120 2527 1323 2597 junctae
1359 2529 1519 2582 unica
1557 2528 1739 2584 tabula
1784 2528 1866 2583 vi-

293 2610 558 2667 derentur
591 2631 604 2668 :
641 2629 763 2685 quae
791 2615 1017 2669 firmiter
1053 2615 1409 2687 aﬂigebantur
1440 2618 1773 2689 pavimento,
1805 2628 1865 2675 ut

293 2712 477 2757 essent
505 2702 868 2776 undequaque
917 2707 1246 2772 immobiles,
1294 2710 1451 2764 uncis
1506 2710 1771 2765 violenter
1809 2721 1866 2766 et

294 2792 478 2850 fabrili
506 2796 776 2853 industria
810 2798 1062 2870 impaetis
1089 2817 1102 2855 :
1129 2809 1241 2874 tum
1273 2800 1463 2856 iisdem
1497 2803 1863 2874 inﬁgebantur

294 2896 465 2944 acutae
495 2890 858 2963 cuspides,,\et
896 2894 1081 2961 cultri,
1112 2904 1166 2951 et
1194 2911 1375 2961 enses,
1430 2884 1485 2951 et
1520 2913 1865 2968 quascunque

293 2982 504 3050 species
530 2980 867 3050 gladiorum;
916 3000 1151 3053 quorum
1203 2986 1350 3041 acies
1398 2998 1555 3042 erant
1585 3004 1863 3043 conversas

292 3068 359 3123 ad
384 3068 882 3127 circumferentiam
910 3084 1040 3129 rota:
1068 3091 1083 3127 :
1115 3092 1251 3146 quas
1302 3077 1415 3131 hzec
1466 3079 1861 3149 propemodum

294 3163 562 3233 attingere
592 3162 844 3226 debebat,
881 3164 976 3221 sed
1011 3183 1116 3221 non
1151 3184 1377 3238 prorsus
1406 3171 1718 3242 contingere
1737 3186 1863 3227 cum

293 3248 632 3323 vertebatur,
664 3259 766 3313 nisi
804 3259 985 3329 aliquo
1007 3263 1251 3317 exterius
1278 3254 1517 3334 alligato.

369 3350 625 3420 12.;Talis
648 3364 768 3411 erat
793 3345 1041 3409 machina
1067 3360 1340 3424 universa,
1363 3360 1621 3415 terribilis
1651 3360 1864 3425 auditu,

292 3442 415 3502 ~visu
471 3463 600 3503 vero
635 3449 795 3520 longe.
839 3452 1174 3519 terribilior;
1231 3454 1411 3523 qualis
1456 3460 1639 3508 autem
1699 3452 1868 3509 fuerit

292 3544 625 3611 experienti,
649 3545 782 3614 quid
810 3560 949 3615 opus
974 3556 1057 3601 est
1079 3547 1303 3602 dicere?
1327 3547 1455 3601 Mihi
1487 3561 1618 3601 sane
1648 3545 1868 3602 videtur

293 3635 496 3689 multos
567 3638 917 3706 praesentium
975 3641 1254 3695 exanimes
1307 3640 1627 3705 corruisse,
1676 3656 1742 3695 ex
1800 3655 1867 3695 eo

295 3730 475 3785 solum
504 3733 647 3799 quod
695 3740 877 3785 tantos
925 3732 1206 3786 cruciatus
1257 3731 1455 3787 intueri
1504 3732 1866 3804 cogebantur.

292 3819 413 3877 Non
458 3832 634 3877 tamen
678 3838 979 3895 generosus
1024 3825 1115 3879 ille
1167 3834 1351 3895 atque,
1411 3834 1470 3879 ut
1524 3825 1597 3879 ita
1649 3825 1865 3896 loquar,

294 3915 681 3971 adamantinos
725 3910 1020 3988 despondit
1058 3917 1341 3983 animum;
1372 3918 1465 3972 sed
1500 3926 1645 3996 totus
1677 3917 1868 3996 divino

290 4024 482 4064 amore
515 4010 728 4080 plenus,
768 4019 1119 4079 mentemque
1153 4022 1208 4066 et
1238 4013 1499 4077 animam,
1528 3994 1691 4083 a'tque
1721 3994 1868 4083 ipsos

293 4103 456 4158 etiam
498 4103 904 4174 quodammodo
936 4119 1132 4160 sensus
1179 4103 1350 4159 beata:
1409 4106 1692 4174 applicans
1722 4107 1869 4175 ‘pul-

292 4198 620 4261 chritudini,
656 4212 824 4266 seque
864 4196 1019 4267 signo
1053 4199 1234 4252 crucis
1279 4198 1536 4253 muniens
1560 4240 1576 4264 ,
1612 4199 1870 4256 omnibus

293 4290 654 4346 audientibus
681 4288 1059 4344 invincibilem
1090 4290 1292 4346 Christi
1345 4290 1648 4360 potentiam
1693 4289 1871 4359 preci-

297 4385 401 4439 bus
431 4383 745 4448 invocabat,
799 4400 923 4440 cum
962 4384 1168 4439 Davide
1223 4383 1604 4439 canenszNon
1664 4382 1870 4439 timebo

1969 603 2320 675 ἀπεκρούσθη
2361 605 2453 658 καὶ
2494 604 2707 671 γέλωτα
2762 603 2948 671 δφλειν
2998 603 3196 669 ἐδόκει,
3243 604 3425 673 πάσης
3467 607 3549 667 είς

1969 694 2073 762 γῆν
2112 693 2279 749 αὐτοῦ
2334 693 2609 767 πεσούσης
2666 693 2771 762 τῆς
2825 694 3091 771 ἐπινοίας,
3119 693 3266 759 τότε,
3321 692 3398 757 ὡς
3454 693 3551 748 ἐπὶ

1972 787 2182 855 πύργον
2213 787 2434 860 ἀρραγῆ
2461 804 2522 842 τε
2553 790 2650 843 καὶ
2678 789 2953 853 ἄσειστον,
2990 789 3052 844 τὸ
3082 790 3225 860 μέγα
3258 788 3419 843 τοῦτο
3456 789 3550 843 καὶ

1971 880 2293 951 πρόσφατον
2342 882 2527 951 ἵστησι
2575 881 2671 935 τοῦ
2732 881 2983 935 διαϐόλου
3058 884 3401 953 μηχάνημα,
3456 881 3550 935 τὸν

1966 974 2183 1043 τροχόν.
2240 972 2301 1025 '0
2360 974 2415 1027 δὲ
2462 969 2531 1046 ἦν
2580 974 2825 1043 (λεκτέον
2879 974 2989 1044 γὰρ
3041 974 3122 1038 είς
3174 973 3404 1040 ἔνδειξιν
3449 974 3547 1043 τῆς

1972 1065 2235 1135 βασάνου,
2261 1068 2362 1122 κᾶν
2390 1069 2487 1138 οὐχ
2504 1063 2616 1131 οἶός
2641 1068 2697 1122 τέ
2721 1072 2868 1121 ἐστιν
2897 1068 3137 1131 εὐκόλως
3168 1065 3455 1140 ῥηθῆναὴ·
3483 1068 3548 1120 ἐκ

1968 1160 2140 1227 ξύλων
2170 1161 2269 1230 μὲν
2301 1162 2727 1225 κατεσκεύαστο,
2764 1162 3003 1232 μετρίως
3042 1162 3141 1231 μὲν
3172 1162 3241 1215 τὰ
3270 1160 3417 1214 νῶτα
3446 1162 3547 1230 τῆς

1966 1252 2329 1323 περιφερείας
2386 1253 2575 1325 εὐρὺς,
2644 1253 2946 1323 εὐρύτατος
2991 1254 3048 1307 δὲ
3100 1255 3212 1317 τοῖς
3280 1251 3392 1306 ἀπὸ
3448 1249 3549 1305 τοῦ

1966 1345 2196 1415 κέντρου
2249 1345 2606 1417 διαστήμασι,
2638 1348 2884 1416 κνήμαις
2915 1364 2975 1400 τε
3012 1347 3281 1417 τέσσαρσι
3318 1344 3415 1399 καὶ
3447 1361 3550 1396 κα-

1964 1435 2082 1490 νόσι
2110 1438 2178 1490 τὰ
2216 1436 2365 1492 ἔνδον
2384 1438 2792 1510 διειλημμένος,
2829 1438 2920 1492 ἀπ’
2951 1438 3120 1509 ἄκρου
3153 1455 3211 1491 τε
3239 1438 3321 1502 είς
3370 1437 3544 1506 ἄκρον

1966 1530 2268 1595 ἀπαντῶσι,
2299 1531 2393 1584 καὶ
2425 1531 2693 1602 ἀλλήλους
2719 1533 2800 1596 είς
2826 1531 2995 1600 ὀρθὰς
3030 1530 3158 1602 παρ’
3178 1530 3419 1601 ἑκάτερα
3447 1528 3547 1584 τοῦ

1971 1623 2139 1694 μέσου
2167 1622 2456 1694 τέμνουσιν
2479 1640 2496 1656 ο
2528 1624 2673 1690 ἄξων
2700 1624 2757 1678 δέ
2795 1624 2962 1678 αὐτοῦ
2992 1624 3081 1679 διὰ
3112 1624 3323 1677 τούτων
3352 1623 3549 1689 ἐληλα-
3600 1675 3610 1689 ,

1970 1715 2156 1786 μένος,
2195 1714 2281 1784 ἐφ’
2331 1715 2568 1786 ἑκάτερα
2630 1715 3025 1788 προεϐέϐλητο,
3059 1714 3204 1785 ἔχων
3255 1715 3348 1770 τὸν
3403 1715 3547 1785 σύμ-

1969 1822 2149 1861 παντα
2199 1805 2422 1870 κύκλον,
2455 1807 2515 1859 ού
2576 1809 2707 1874 περῖ⁵
2759 1808 2925 1861 αὑτὸν
2972 1806 3360 1876 στρεφόμενον,
3414 1806 3554 1860 ἀλλά

1976 1900 2073 1954 σῦν
2103 1899 2291 1971 αύτῷ·
2327 1902 2495 1971 σκέλη
2544 1901 2602 1955 δέ
2655 1901 2749 1956 δύο
2800 1900 2927 1954 ἔνθα
2965 1902 3060 1954 καί
3113 1899 3242 1953 ἔνθα
3280 1901 3553 1955 τεκτόνων

1979 1995 2253 2063 μηχαναῖς
2296 1992 2661 2061 ἀνεστηκότα,
2691 1992 2751 2059 ἐξ
2784 1992 2971 2063 ἄκρων
3003 1992 3186 2061 ἀνεῖχε
3228 1990 3322 2044 τὸν
3363 1990 3548 2055 ἀξονα,

1973 2088 2069 2140 καὶ
2095 2086 2174 2156 τῷ
2202 2085 2479 2157 μετέωρον
2518 2084 2710 2141 τοῦτον
2732 2086 2825 2138 τὸν
2855 2084 3059 2155 τρόπον
3093 2083 3447 2153 ἐργάζεσθαι,
3472 2084 3551 2147 ὡς

1970 2181 2207 2247 ὀξύτατα
2264 2182 2499 2251 παρεῖχε
2544 2178 2624 2250 τῷ
2665 2178 2846 2248 τροχῷ
2898 2177 3317 2247 περιφέρεσθαι.
3358 2175 3417 2230 '0
3449 2176 3552 2245 μὲν

1971 2272 2144 2337 οὕτως
2210 2268 2363 2343 εἶχε·
2416 2271 2631 2335 σανίδες
2679 2270 2735 2324 δὲ
2783 2268 3031 2323 κάτωθεν
3080 2267 3550 2336 ύπεστρὼννυντο,

1970 2366 2171 2436 ἀκριϐῆ
2209 2365 2307 2436 μὲν
2328 2364 2427 2435 τὴν
2458 2363 2596 2436 πρὸς
2620 2363 2860 2435 ἀλλήλας
2904 2361 3159 2432 ἁρμογὴν
3199 2362 3446 2430 ἔχουσαι,
3473 2360 3551 2425 ὡς

1971 2460 2067 2513 καὶ
2109 2462 2239 2529 μίαν
2272 2457 2492 2521 ἁπάσας
2541 2459 2609 2529 τῇ
2660 2454 2916 2528 συνεχείᾳ
2962 2455 3162 2518 δοκεῖν,
3204 2454 3438 2524 ίσχυρᾶν
3488 2453 3548 2506 δέ

1971 2553 2067 2606 καὶ
2121 2552 2219 2623 τήν
2264 2550 2350 2604 ἐπ’
2396 2550 2626 2621 ἐδάφους
2678 2550 3052 2619 προσήλωσιν,
3111 2547 3263 2611 ὅπως
3312 2547 3548 2615 ἀκίνητα

1971 2643 2319 2698 παντάπασιν
2346 2644 2544 2713 ἔχοιεν,
2585 2641 2677 2712 βίᾳ.
2708 2658 2766 2694 τε
2799 2641 3030 2709 γόμφων
3074 2638 3413 2709 ἐνισχημένα
3453 2636 3548 2692 καὶ

1968 2739 2246 2809 ἐπιστήμῃ
2283 2735 2655 2809 δημιουργῶν.
2702 2736 2825 2788 Ἐπὶ
2870 2734 2927 2787 δὲ
2978 2732 3184 2787 τούτων
3239 2732 3546 2802 ἐπήγνυντο

1975 2834 2073 2903 μὲν
2101 2832 2247 2898 ὀξεῖς
2275 2831 2572 2898 ὀϐελίσκοι,
2614 2830 2926 2898 ἐπήγνυντο
2969 2826 3026 2881 δέ
3072 2827 3167 2880 καὶ
3191 2825 3415 2888 κοπίδες
3444 2822 3546 2878 καὶ

1973 2926 2264 2996 μάχαιραι,
2302 2922 2397 2976 καὶ
2427 2920 2606 2975 πάντα
2648 2918 2761 2990 εἴδη
2799 2917 2973 2985 ξιφῶν
3001 2917 3283 2981 ἁπάντων,
3308 2929 3545 2985 τετραμ-

1973 3019 2144 3090 μένας
2192 3017 2430 3088 ἐχόντων
2475 3014 2613 3085 πρὸς
2654 3011 2759 3084 τὴν
2808 3010 3006 3081 τροχοῦ
3053 3010 3415 3081 περιφέρειαν
3444 3009 3543 3068 τὰς

1964 3111 2127 3178 ἀκάς,
2161 3104 2238 3165 ὧν
2280 3111 2376 3163 καῖ
2405 3105 2755 3179 παραψαύειν
2793 3104 2895 3175 μὲν
2928 3100 3094 3173 εἶχεν,
3122 3104 3183 3156 ού
3218 3101 3331 3172 μὴν
3357 3100 3415 3154 δὲ
3447 3100 3544 3152 καὶ

1969 3201 2211 3276 ἀκριϐῶς
2261 3199 2458 3271 ψαύειν
2519 3195 2925 3266 κυκλούμενος,
2992 3192 3070 3263 μή
3137 3206 3282 3253 τινος
3343 3187 3544 3255 ἔξωθεν

1971 3295 2386 3369 προσδεθέντος.

2043 3386 2130 3457 ιβ’.
2158 3387 2233 3440 Τδ
2263 3385 2361 3456 μὲν
2408 3382 2473 3454 δή
2513 3381 2816 3454 μηχάνημα
2866 3377 3133 3440 τοιοῦτον,
3178 3374 3410 3446 φοϐερὸν
3440 3372 3542 3443 μὲν

1922 3529 1929 3533 .
1968 3484 2081 3544 τοῖς
2106 3477 2388 3541 ἀκούουσι,
2425 3476 2537 3537 τοῖς
2559 3472 2726 3543 ὁρῶσι
2751 3471 2811 3525 δέ
2839 3470 2974 3525 πολὺ
3019 3465 3400 3538 φοϐερώτερον
3423 3480 3439 3493 ·
3481 3460 3545 3515 τὺ

1968 3570 2025 3625 δὲ
2058 3570 2153 3625 καὶ
2185 3570 2265 3634 είς
2312 3570 2513 3638 πεῖραν
2541 3567 2704 3637 ήκειν
2738 3562 2794 3616 τί
2846 3559 2955 3633 χρὴ
2987 3560 3083 3614 καλ⁸
3121 3559 3340 3627 λέγειν;
3388 3554 3544 3623 Ἐμοὶ

1969 3665 2119 3718 δοκεῖ
2150 3663 2245 3718 καὶ
2300 3661 2537 3723 πολλοὺς
2565 3661 2632 3713 ἂν
2660 3658 2768 3711 τῶν
2813 3655 3103 3726 παρόντων
3139 3651 3430 3707 ἀποθανεῖν
3478 3652 3545 3701 ὲκ

1973 3754 2136 3825 μόνου
2177 3752 2271 3807 τοῦ
2321 3753 2504 3823 τυχεῖν
2540 3748 2896 3819 τηλικούτους
2956 3745 3266 3815 θεωμένους
3299 3741 3541 3811 ἀγῶνας.

1980 3844 2123 3900 Ἀλλ’
2152 3844 2253 3914 οὐχ
2281 3842 2454 3905 οῦτως
2478 3843 2709 3906 ἐκεῖνος,
2737 3841 2766 3892 ὁ
2794 3836 2963 3898 πολὺς
2989 3835 3085 3906 τὴν
3119 3831 3418 3904 καρτερίαν
3448 3832 3544 3885 καὶ

1967 3936 2351 4006 ἀδαμάντινος,
2381 3933 2472 3986 ἐπὶ
2499 3930 2672 3985 ταῦτα
2706 3928 2903 4000 χωρῶν
2928 3925 3188 3981 διετίθετο
3215 3924 3314 3995 τήν
3336 3924 3541 3995 ψυχήνσ

1970 4026 2085 4083 ἀλλ’
2113 4027 2234 4091 ὅλος
2262 4026 2387 4080 ὅλου
2419 4023 2513 4078 τοῦ
2543 4023 2690 4077 θείου
2722 4018 3065 4093 ἐμφορηθεὶς
3100 4019 3325 4088 ἔρωτος,
3355 4016 3544 4078 ἔνθους

1969 4138 2030 4176 τε
2059 4117 2301 4189 γεγονὼς
2346 4116 2438 4171 καὶ
2487 4116 2782 4187 μετέωρος,
2813 4113 2940 4166 νοῦν
2989 4127 3047 4163 τε
3102 4110 3197 4163 καὶ
3236 4108 3418 4179 ψυχὴν
3442 4106 3540 4160 καὶ

1968 4213 2208 4267 διάνοιαν
2254 4209 2348 4265 τοῦ
2397 4207 2669 4280 μακαρίου
2718 4205 2951 4267 κάλλους
3004 4202 3232 4272 ἐξάψας,
3265 4200 3351 4271 εἴη
3383 4200 3438 4253 δὲ
3464 4200 3541 4252 εί-

1960 4301 2093 4353 ·πεῖν
2130 4300 2226 4353 καὶ
2263 4298 2361 4361 τὰς
2416 4296 2697 4366 αἰσθήσεις
2746 4293 2936 4359 αὐτὰς,
2972 4291 3184 4363 σημείῳ
3214 4307 3272 4343 τε
3301 4286 3540 4359 σταυροῦ

1971 4388 2337 4460 φραξάμενος,
2367 4390 2461 4441 καὶ
2497 4388 2564 4442 δι’
2604 4388 2768 4458 εὐχῆς
2815 4386 3036 4439 πάντων
3088 4383 3397 4437 ἀκουόντων
3440 4378 3541 4451 τὴν

296 4477 458 4541 mala,
497 4477 755 4546 quoniam
787 4487 841 4531 tu
895 4491 1109 4532 mecum
1139 4492 1221 4541 es,
1266 4475 1368 4532 etsi
1422 4475 1776 4532 ambulavero
1812 4474 1865 4530 in

1971 4485 2185 4554 ἄμαχον
2216 4479 2456 4554 Χριστοῦ
2502 4477 2940 4547 ὲπικεκλημένος
2991 4474 3168 4545 ἰσχὺν,
3198 4475 3338 4544 μετά
3372 4472 3540 4525 Δαυτδ

299 4558 482 4622 medio
500 4568 713 4622 mortis.
748 4567 934 4637 Itaque
965 4567 1163 4622 deCore
1194 4567 1339 4621 omni
1366 4576 1593 4622 ornatus
1613 4567 1865 4623 veniebat

1974 4593 2035 4630 τε
2073 4576 2215 4631 κατά
2242 4575 2432 4646 καιρὸν
2456 4572 2621 4646 ᾅδων,
2649 4572 2724 4625 Οὐ
2757 4569 3142 4640 φοϐηθήσομαι
3171 4567 3337 4631 κακὰ,
3364 4566 3445 4619 ὅτι
3479 4565 3540 4619 σὺ

295 4658 464 4729 gradu
495 4659 712 4716 decenti
750 4661 816 4715 ad
849 4658 1182 4722 machinam,
1207 4659 1362 4731 quasi
1392 4676 1513 4715 eam
1538 4675 1649 4715 non
1677 4674 1865 4731 caper-

1974 4668 2093 4743 μετ’
2144 4670 2280 4742 ἐμοῦ
2329 4665 2400 4736 εἴ,
2427 4667 2529 4721 κᾶν
2574 4667 2630 4719 ἐν
2664 4664 2814 4737 μέσῳ
2862 4662 3091 4716 θανάτου
3143 4659 3539 4730 πορεύσωμαι·

295 4760 476 4815 turus,
538 4751 634 4805 sed
694 4750 1167 4821 contemplaturus
1213 4750 1518 4818 duntaxat;
1561 4752 1699 4807 sicut
1735 4752 1865 4808 olim

292 4842 441 4901 Elias
492 4843 745 4899 hilariter
793 4843 1010 4914 igneum
1065 4857 1287 4898 currum
1340 4844 1707 4912 conscendit,
1758 4845 1864 4899 nisi

292 4934 439 5006 quod
473 4935 573 4991 iste
605 4951 894 4992 ascensum
933 4934 1155 4991 haberet
1198 4936 1250 4989 in
1278 4938 1498 5004 (mlum,
1531 4939 1617 4992 hic
1645 4954 1772 4992 vero
1800 4939 1865 4992 ad

296 5041 526 5084 mortem
554 5028 884 5084 ambularet.
926 5027 1102 5094 Tunc,
1133 5029 1370 5084 nudatur
1400 5031 1666 5094 vestibus,
1700 5047 1865 5101 ευριπ

295 5133 469 5178 rotam
506 5132 791 5187 curvatur,
828 5120 1257 5177 tenuibussimul
1282 5132 1338 5179 et
1367 5123 1604 5178 fortibus
1629 5123 1867 5180 vinculis

294 5230 462 5285 super
481 5229 597 5268 eam
622 5214 840 5285 ligatur.
862 5210 1019 5268 Tune
1051 5212 1169 5284 (sed
1200 5228 1232 5269 o
1258 5215 1272 5270 l
1315 5216 1439 5286 quis
1473 5216 1646 5286 possit
1676 5217 1867 5271 audire

292 5309 499 5378 absque
526 5321 690 5363 sensu
725 5304 951 5366 doloris,
982 5305 1103 5375 quis
1126 5321 1351 5363 narrare
1390 5296 1512 5365 sine
1543 5308 1798 5382 lacrymis
1819 5304 1865 5381 τ’)

294 5410 445 5461 tunc,
476 5401 719 5468 inquam,
754 5398 929 5452 fertur
964 5412 1153 5455 versus
1194 5399 1403 5471 gladios
1460 5410 1604 5468 rota,
1631 5403 1867 5458 circum-

291 5503 409 5548 acta
455 5492 686 5547 celerius
732 5492 1047 5547 carnificum
1085 5493 1479 5564 impellentium
1511 5496 1761 5551 manibus
1812 5506 1867 5551 et

291 5585 564 5639 machinis
622 5578 1192 5642 adnitentium.’l‘unc
1248 5603 1440 5643 omnes
1475 5588 1638 5644 simul
1701 5587 1863 5659 gladii

292 5692 454 5733 suum
510 5694 647 5748 opus
700 5679 978 5749 agebant:
1049 5679 1544 5752 proscindebantur
1620 5683 1863 5737 membra

290 5780 513 5834 cuncta,
548 5772 650 5825 rivi
682 5772 1024 5842 proflucltant
1056 5774 1360 5846 sanguinis,
1394 5787 1451 5830 et
1493 5776 1864 5848 irrigabantnr

292 5856 511 5932 cruore,
543 5874 680 5931 rota,
723 5881 835 5927 aer.
872 5867 1276 5933 pavimentum;
1308 5883 1606 5931 carnesque
1628 5878 1678 5921 et
1710 5869 1861 5922 nervi

1971 4761 2168 4833 ἐχώρει
2206 4758 2427 4832 φαιδρὸς
2464 4756 2705 4828 φαιδρῶς
2745 4754 2837 4807 ἐπὶ
2891 4751 2951 4805 τὸ
3000 4751 3322 4823 μηχάνημα,
3359 4746 3434 4811 ὡς
3463 4745 3543 4809 είς

1972 4855 2208 4926 θεωρίαν
2260 4852 2494 4917 ἐκείνου,
2554 4848 2669 4903 ἀλλ’
2721 4846 2782 4899 ού
2832 4846 3030 4915 πεῖραν
3081 4844 3296 4909 ἰέμενος
3328 4853 3343 4868 ’
3382 4837 3543 4909 μόνος

1973 4950 2100 5010 ἴσως
2148 4945 2332 5008 Ἠλίας
2375 4943 2545 5004 οὕτως
2598 4940 2768 5010 ἡδέως
2826 4936 2920 4989 τοῦ
2973 4936 3202 5005 πυρίνου
3254 4930 3542 4983 ἐπέϐαινεν

1968 5043 2213 5113 ἅρματος
2241 5056 2254 5070 ·
2292 5038 2394 5092 κᾶν
2424 5039 2451 5091 ὁ
2492 5036 2592 5106 μὲν
2622 5035 2700 5096 εἰς
2731 5031 2960 5103 οὐρανὸν
3004 5028 3101 5098 τὴν
3125 5024 3312 5081 ἄνοδον
3342 5025 3542 5075 ἐποιεῖ-

1969 5149 2050 5197 το,
2084 5134 2114 5187 ὁ
2173 5131 2230 5185 δὲ
2290 5128 2389 5200 τὴν
2449 5126 2675 5198 πορείαν
2727 5118 3191 5189 ἀποθανούμενος.
3256 5113 3543 5168 Ἐντεῦθεν
3624 5174 3637 5179 θ

1971 5220 2407 5294 ἐπιγυμνοῦται,
2466 5214 2861 5288 ἐπικυρτοῦται
2911 5212 2989 5281 τῷ
3044 5207 3265 5280 τροχῷ,
3324 5205 3543 5267 λεπτοῖς

1970 5313 2089 5382 ἅμα
2110 5311 2205 5365 καὶ
2242 5312 2479 5383 ἰσχυροῖς
2505 5309 2617 5371 τοῖς
2646 5307 2803 5376 ἱμᾶσι
2838 5299 3218 5374 στρεϐλοῦται.
3252 5294 3539 5349 Ἐντεῦθεν

1971 5405 2038 5475 (ὦ
2072 5404 2155 5468 τίς
2189 5403 2428 5463 ἀκούσας
2463 5398 2691 5461 ἀπαθῶς
2735 5395 3061 5457 ἀκούσεται;
3096 5393 3246 5451 ποῖος
3276 5386 3541 5456 ἀδακρυτὶ

1969 5496 2139 5549 ταῦτα
2174 5491 2433 5563 παρέλθοι
2456 5491 2493 5564 ;)
2532 5490 2757 5559 φέρεται
2791 5484 2933 5540 κατά
2978 5482 3085 5536 τῶν
3118 5479 3312 5549 ξιφῶν,
3347 5476 3539 5541 ὀξύτε-

1971 5606 2061 5661 ρον
2112 5588 2203 5642 τοῦ
2252 5584 2448 5658 τροχοῦ
2498 5581 2824 5651 ποιουμένου
2880 5579 2972 5631 τὸν
3021 5577 3183 5642 δῖνον,
3233 5574 3326 5627 καὶ
3380 5573 3537 5642 χερσὶ

1965 5680 2374 5752 διερεθιζόντων
2403 5676 2633 5746 δημίων,
2667 5677 2759 5727 καὶ
2787 5672 3057 5743 μηχαναῖς
3082 5665 3364 5722 κατατεινί
3382 5680 3531 5716 ιτ‹ι›ν.

1978 5774 2238 5829 Ἐνταῦθα
2266 5767 2356 5843 ἦν,
2386 5770 2480 5824 καὶ
2525 5768 2702 5822 πάντα
2757 5767 2979 5835 ἐνήργει
3019 5763 3172 5834 ξίφη,
3210 5766 3306 5814 καὶ
3356 5761 3533 5812 πάντα

1967 5867 2335 5930 ἀνερὁγνυτο
2397 5862 2556 5927 μέλη,
2608 5859 2701 5913 καὶ
2753 5857 2974 5924 κρουνοὶ
3034 5856 3263 5923 αἵματος
3318 5852 3526 5921 ἔρρεεν,
