3830 6368
275 394 385 461 315

1229 404 1554 467 GEORGII
1597 405 1855 468 CYPRII
1905 405 2011 470 (ΞΡ.
2061 406 2574 469 ΡΑΤΒΙΑΒΟΗᾹΞ

3442 412 3545 475 3Ῑῦ

278 521 807 594 probavitsensibus
837 532 1003 595 atque
1033 527 1313 597 responsis
1332 545 1347 593 ;
1369 532 1503 584 tnnc‘
1520 528 1665 584 credi
1696 530 1863 599 capit

1990 533 2087 595 ἀἶς
2141 529 2429 600 αἰσθήσεσι
2477 528 2580 583 κάν
2619 525 2739 590 ταῖς
2785 522 3113 596 ἀποκρίσεσι
3139 538 3153 556 ·
3201 523 3322 578 τότε
3359 526 3452 577 καὶ
3485 527 3546 577 τὸ

282 622 629 683 miraculum,
692 622 959 690 multique
1006 624 1073 677 ad
1129 623 1412 680 Christum
1469 634 1857 683 transierunt:

279 726 517 780 quorum
537 710 704 781 aliqui
727 712 940 768 latitare
967 715 1211 770 volentes
1238 715 1372 770 satis
1406 716 1676 772 habebant
1695 718 1861 773 corde

280 803 504 859 credere
539 821 553 859 :
583 806 753 874 aliqui
802 821 914 861 non
949 807 1343 863 dubitaverunt
1376 811 1545 864 etiam
1576 824 1671 865 ore
1694 810 1864 865 conti-

284 896 383 950 teri
438 895 624 963 fidem,
682 907 739 953 et
792 913 824 953 e
879 900 1111 969 vestigio
1150 900 1519 956 confidentius
1543 918 1734 975 agere:
1768 904 1859 971 qui

282 984 460 1052 gladio
486 989 733 1057 percussi
759 989 827 1043 ad
879 1000 1132 1056 mortem,
1176 1007 1289 1048 sua:
1324 1003 1433 1047 tam
1465 994 1699 1063 publica:
1730 1009 1863 1048 con-

283 1080 543 1136 fessionis
611 1083 920 1139 mercedem
980 1094 1331 1155 receperunt.
1382 1085 1492 1142 Sed
1526 1102 1704 1156 neque
1741 1088 1867 1142 Ate-

285 1176 491 1229 xandra
526 1175 849 1246 imperatrix
884 1178 1181 1247 spectaculi
1213 1179 1440 1235 novitati
1475 1181 1735 1236 resistere
1765 1197 1865 1249 pu-

286 1266 429 1329 tuit,
483 1268 619 1336 quin
683 1268 854 1339 ipsam
907 1285 1128 1340 quoque
1189 1270 1514 1326 miraculum
1576 1279 1862 1342 tangeret,

283 1360 755 1431 persuaderetqne
802 1361 1076 1417 idolorum
1118 1377 1184 1418 ac
1233 1362 1545 1419 daemonum
1594 1365 1864 1420 culturam

283 1450 614 1515 abominari,
651 1462 815 1521 atque
850 1452 916 1507 ad
965 1453 1246 1509 Christum
1288 1455 1548 1511 transire.

359 1542 446 1598 £6.
477 1543 666 1599 Solqu
717 1544 1090 1600 Diocletianus
1148 1546 1376 1617 antiquo
1449 1546 1540 1601 isti
1594 1544 1863 1601 Pharaoni

287 1645 510 1707 propter
538 1636 706 1691 animi
734 1638 1148 1707 perversitatem
1167 1638 1363 1694 similis
1389 1638 1514 1703 fuit,
1541 1638 1867 1693 obdnrando

288 1745 386 1784 ror
435 1729 609 1799 magis
634 1731 800 1785 etiam
824 1746 986 1800 quam
1025 1732 1117 1787 ille
1151 1749 1164 1786 :
1195 1731 1455 1802 quoniam
1515 1731 1605 1786 hic
1643 1731 1865 1801 quidem

290 1821 649 1891 ﬂagellantem
681 1837 739 1877 se
782 1824 1039 1877 virtutem
1072 1824 1472 1888 conﬁtebatur,
1517 1833 1574 1879 et
1606 1825 1867 1891 respirie-

1965 623 2151 693 θαῦμα
2192 620 2534 689 πιστεύεται,
2565 618 2663 673 καὶ
2694 618 2884 672 πολλοὶ
2918 618 3055 687 πρὸς
3095 618 3336 689 Χριστὸν
3373 634 3545 682 μετα-

1964 716 2245 770 τίθενταν
2297 716 2345 769 ol
2397 715 2494 786 μὲν
2547 714 2688 785 μετά
2731 711 2825 766 τοῦ
2878 710 3163 767 λανθάνειν
3211 708 3419 765 ἐθέλειν
3454 712 3547 763 καὶ

1968 811 2103 880 μόνῃ
2134 809 2417 862 πιστεύειν
2450 806 2672 879 καρδία,
2700 806 2751 859 οἱ
2779 805 2836 859 δὲ
2868 804 2963 857 καὶ
3006 802 3100 857 τοῦ
3143 803 3375 872 στόματι
3410 805 3549 871 ὁμο-

1964 900 2144 966 λογεῖν
2176 901 2273 954 καὶ
2315 900 2515 953 αὐτίκα
2554 897 3054 969 παρρησιάζεσθαι,
3098 896 3149 950 οἳ
3181 897 3274 949 καὶ
3330 895 3409 965 τῷ
3461 897 3549 948 διὰ

1966 994 2155 1062 ξίφους
2213 993 2483 1063 τιμῶνται
2539 990 2780 1063 θανάτῳ,
2842 989 3034 1060 μισθὸν
3084 988 3245 1042 τοῦτο
3300 987 3403 1057 τῆς
3467 990 3549 1050 εἰς

1966 1086 2247 1157 προῦπτον
2295 1086 2590 1156 ὁμολογίας
2630 1086 2946 1154 εὑράμενοι.
3014 1083 3149 1137 Οὕδέ
3214 1084 3547 1151 Ἀλεξάνδρα

1963 1182 2086 1236 τότε
2133 1183 2166 1250 ἡ
2213 1181 2444 1251 βασιλὶς,
2486 1178 2598 1232 οὔδ’
2645 1178 2783 1250 αὐτὴ
2826 1178 2906 1250 τῷ
2956 1175 3245 1247 παραδόξῳ
3276 1176 3376 1245 τῆς
3424 1175 3553 1237 θέας

1965 1273 2240 1336 ἀνάλωτος
2274 1272 2493 1342 ἔμεινεν
2514 1288 2529 1303 ο
2561 1269 2884 1326 amarat-6!
2940 1267 3202 1337 κάκείνης
3235 1269 3293 1320 τὸ
3338 1265 3549 1335 θαῦμα,

1966 1366 2064 1420 καὶ
2111 1367 2309 1419 πεῖσαν
2354 1368 2454 1430 τὴν
2486 1366 2568 1427 είς
2617 1364 2812 1418 εἴδωλα
2841 1362 2938 1416 καὶ
2977 1361 3239 1432 δαίμονας
3285 1359 3553 1428 ἀτιμάσαι

1969 1457 2178 1520 πίστιν,
2210 1458 2345 1528 πρὸς
2382 1457 2620 1528 Χριστίιν
2658 1454 3008 1525 μετεδίδασε.

2040 1546 2139 1613 ις’.
2166 1548 2348 1603 Μόνον
2380 1546 2474 1601 τοῦ
2505 1546 2675 1600 πάλαι
2702 1545 2904 1617 Φαραὼ
2926 1546 3060 1607 ἴσως
3083 1539 3155 1617 ἦν
3197 1543 3294 1598 καὶ
3325 1543 3557 1611 Διοκλη-

1967 1640 2156 1696 τιανοῦ
2204 1640 2305 1708 τῆς
2353 1639 2735 1708 πονηροτάτης
2780 1637 2965 1707 ψυχῆς
3015 1635 3077 1689 τδ
3124 1635 3264 1707 πρὸς
3294 1634 3557 1688 τοσοῦτον

1971 1732 2370 1803 σκληρύνεσθαι
2394 1745 2408 1761 ·
2440 1730 2532 1783 τοῦ
2567 1730 2624 1783 δὲ
2658 1731 2755 1782 καὶ
2790 1728 3013 1797 μᾶλλον,
3044 1729 3171 1782 ὅσον
3200 1728 3411 1791 ἐκεῖνος
3457 1727 3560 1797 μὲν

1969 1824 2064 1877 καὶ
2095 1821 2436 1891 ἀνωμολόγει
2465 1821 2563 1890 τὴν
2596 1819 2975 1888 μαστίζουσαν
3013 1818 3264 1888 δύναμιν,
3300 1818 3392 1871 καὶ
3429 1819 3560 1871 ἐπέ-

287 1912 403 1974 bat.
448 1922 504 1967 et
526 1912 784 1983 surgebat
821 1929 1016 1977 mane,
1047 1923 1102 1967 et
1134 1915 1362 1984 rogabat
1400 1916 1568 1970 Deum
1598 1926 1657 1969 ut
1681 1932 1864 1970 cessa-

1990 1930 2197 1986 ςτρεφε,
2230 1916 2327 1967 καὶ
2356 1912 2618 1983 ὤρθριζε,
2652 1911 2747 1964 καὶ
2775 1913 2984 1965 ἀνεῖναι
3033 1913 3133 1974 τὰς
3168 1910 3385 1982 πληγὰς
3410 1914 3563 1983 ήντι-

290 2012 412 2058 rent
445 2004 636 2073 plagae.
671 2003 847 2060 donec
878 2004 1096 2058 tandem
1128 2006 1369 2060 animum
1394 2006 1691 2060 obstinavit
1721 2025 1733 2061 :
1767 2007 1870 2062 iste

289 2112 423 2151 vero
461 2113 637 2166 neque
668 2097 992 2167 respiciebat
1023 2113 1203 2168 neque
1236 2100 1509 2155 sentiebat
1552 2100 1772 2169 majoris
1811 2116 1870 2155 se

290 2188 668 2254 dominatum;
703 2200 759 2244 et
798 2190 1058 2245 virtutem
1091 2190 1385 2260 quamdam
1420 2191 1648 2247 rationis
1678 2208 1876 2263 exper-

291 2292 400 2337 tem
431 2283 498 2337 ad
551 2282 921 2352 torquendum
966 2282 1273 2338 accendens
1313 2285 1499 2352 (quam
1545 2284 1751 2339 scimus
1801 2299 1872 2339 ar—

292 2373 510 2444 qualem
543 2372 654 2444 igni
691 2373 759 2428 ad
795 2374 1066 2430 urendum
1110 2390 1254 2438 esse,
1292 2383 1349 2429 et
1381 2375 1576 2445 glaciei
1608 2375 1672 2430 ad
1710 2375 1874 2445 frige-

292 2468 650 2537 faciendum),
679 2484 781 2523 nec
818 2469 883 2524 ad
921 2468 1195 2524 modicum
1223 2467 1446 2539 quidem
1478 2469 1724 2525 cohiberi
1777 2484 1876 2539 po-

295 2568 457 2624 terat,
491 2559 625 2631 quin
654 2575 767 2615 sua:
797 2560 1206 2619 obseeundaret
1256 2562 1498 2628 malitiae,
1531 2579 1751 2632 semper
1805 2563 1875 2618 ad

296 2659 568 2706 tormenta
617 2651 986 2722 reSpiciendo,
1035 2667 1287 2723 novaque
1333 2653 1730 2724 suppliciorum
1779 2671 1876 2723 ge-

296 2758 428 2798 nera
480 2743 879 2813 conquirendo,
924 2752 979 2799 et
1028 2761 1159 2801 vero
1203 2747 1368 2803 etiam
1428 2747 1871 2815 adiuveniendo;

295 2843 415 2890 erat
443 2836 590 2890 enim
624 2836 693 2891 ad
740 2836 1195 2894 malefaciendum
1240 2840 1486 2910 sapiens,
1520 2841 1661 2897 bene
1690 2850 1875 2898 autem

228 2936 231 2939 '
295 2926 478 2984 facere
508 2928 734 2984 omnino
772 2930 850 2986 nil
902 2941 1150 2987 noverat.
1181 2932 1371 3003 itaque
1409 2934 1707 2991 exhibetur
1761 2943 1877 2990 tor-

299 3020 468 3075 menti
499 3037 692 3092 genus,
722 3023 930 3095 absque
959 3024 1286 3095 cujusquam
1331 3040 1497 3096 opera
1526 3034 1621 3081 aut
1662 3026 1876 3091 labore,

298 3112 394 3168 sed
428 3129 527 3169 suo
560 3113 734 3185 ipsius
775 3127 925 3171 motu
978 3116 1392 3187 peragendum;
1432 3116 1599 3187 idque
1631 3118 1877 3173 omnium

303 3207 714 3276 gravissimum,
739 3216 795 3263 et
820 3209 981 3278 quale
1010 3225 1115 3266 nec
1153 3209 1325 3265 multa
1355 3209 1577 3281 quidem
1606 3210 1878 3265 industria

302 3305 484 3365 pntcst
509 3312 538 3351 a
566 3310 842 3367 quoquam
892 3298 1162 3355 elaborari
1200 3317 1217 3357 :
1270 3315 1445 3371 neque
1476 3300 1589 3356 seio
1620 3317 1687 3355 an
1739 3302 1883 3356 alius

303 3386 579 3457 quispiam
627 3391 886 3446 omnibus
942 3401 1089 3445 retro
1132 3393 1354 3448 saeculis
1378 3393 1483 3447 tale
1527 3394 1660 3463 quid
1719 3393 1884 3449 susti-

304 3481 527 3547 nuerit;
593 3481 730 3537 nihil
783 3494 932 3537 certe
988 3500 1228 3553 unquam
1301 3485 1480 3540 simile
1547 3484 1879 3540 audivimus.

301 3571 569 3628 inremias
592 3574 738 3629 enim
766 3573 819 3628 in
852 3576 1033 3631 lacum
1058 3578 1342 3646 coniectus
1358 3586 1462 3641 est,
1482 3577 1576 3632 sed
1596 3578 1839 3632 lutosum
1866 3593 1880 3631 :

308 3665 495 3720 Daniel
555 3666 608 3721 in
641 3667 761 3722 lacu
803 3668 923 3735 l‘nit,
964 3669 1060 3724 sed
1096 3671 1335 3733 leonum.
1384 3670 1650 3741 Georgius
1699 3683 1883 3725 autem

302 3758 470 3810 etiam
510 3756 563 3811 in
596 3758 877 3814 lacumcst
915 3761 1142 3828 miSsus,
1175 3762 1269 3817 sed
1305 3762 1523 3832 igneum
1552 3772 1708 3817 :erat
1737 3763 1884 3817 enim

304 3850 499 3918 ple-nus
550 3850 668 3905 viva
720 3852 891 3912 calce,
953 3868 1116 3921 quam
1169 3853 1428 3909 desinens
1477 3865 1604 3909 tunc
1650 3854 1885 3923 primum

309 3954 470 3994 urere
516 3940 678 4009 ignis,
735 3941 918 4013 ignem
973 3942 1124 3999 ineo
1157 3944 1451 4014 reliquerat
1491 3946 1682 4009 alium,
1731 3955 1888 4000 .tatito

304 4031 663 4088 efﬁcaciorem
706 4050 869 4105 quam
900 4044 985 4091 est
1015 4036 1232 4091 ﬂanima
1277 4038 1342 4091 ad
1401 4038 1721 4093 animalium
1769 4054 1890 4093 cor-

306 4141 440 4192 pora
491 4127 846 4195 destruenda,
879 4139 1086 4199 quanto
1125 4131 1246 4199 plus
1291 4132 1590 4187 materialis
1618 4132 1888 4187 crassitici

305 4229 362 4272 et
400 4219 695 4275 soliditatis
731 4220 968 4276 habebat
998 4221 1299 4278 admistum
1338 4239 1354 4277 :
1399 4238 1521 4293 quas
1551 4222 1718 4292 enim
1761 4232 1892 4278 sunt

309 4311 456 4376 talia,
477 4311 591 4368 haec
624 4322 677 4367 et
713 4314 924 4369 ratione
950 4325 1007 4370 et
1027 4315 1367 4386 experientia
1392 4316 1695 4386 probantur
1722 4316 1887 4371 etiam

305 4418 429 4457 esse
456 4404 805 4472 ardentiora;
837 4422 961 4461 cum
999 4423 1107 4462 non
1131 4408 1450 4463 contineant
1483 4408 1662 4478 ignem
1693 4423 1892 4464 accen-

307 4502 427 4546 sum
484 4506 539 4549 ct
585 4496 639 4549 in
680 4497 971 4551 transitum
1006 4507 1283 4562 urentem,
1334 4498 1429 4553 sed
1484 4498 1892 4568 quodammodo

306 4597 742 4654 permanentem,
793 4597 849 4644 et
893 4588 962 4644 iis
988 4588 1190 4660 quibus
1244 4591 1660 4660 approximatur
1706 4590 1888 4645 adlue-
1922 4629 1964 4682 ο

306 4688 542 4733 rentem.
576 4679 827 4748 imitatus
858 4690 942 4734 est
995 4684 1187 4751 utique
1232 4680 1611 4736 Diocletianus
1651 4680 1885 4752 Babylo-

306 4771 457 4824 nium
504 4770 1033 4836 Nabuchodonosor,
1066 4772 1246 4841 quoad
1280 4773 1554 4826 fornacem
1584 4788 1747 4842 quam
1799 4788 1889 4830 ac-

306 4863 491 4916 cendit
520 4863 684 4918 sociis
723 4864 952 4927 Azariae,
988 4864 1374 4919 recusantibus
1405 4866 1638 4917 adorare
1668 4874 1888 4919 creatu-

309 4969 425 5007 r.un
456 4965 648 5009 contra
696 4955 1014 5009 mandatum
1046 4952 1347 5010 Creatoris.
1394 4955 1660 5024 Praecepit
1703 4964 1887 5011 autem

1975 2007 2121 2059 ὄὸλει
2144 2006 2299 2070 Θεὸν,
2329 2008 2421 2059 καὶ
2453 2006 2549 2058 ἐπὶ
2579 2004 2765 2066 τέλους
2791 2004 3132 2075 λιθοκάρὸιος
3162 2004 3378 2074 ἔμεινεν
3402 2018 3418 2035 ⁸
3447 2006 3475 2058 ὁ
3502 2005 3560 2060 δέ

1972 2099 2091 2153 οὐδὲ
2136 2098 2528 2168 ἐπεστρέφετο,
2584 2097 2696 2151 οὐδ’
2729 2084 3015 2169 ᾐσθάνετο
3042 2097 3143 2167 τὴν
3192 2098 3391 2170 ἀρχὴν,
3423 2101 3563 2155 ἀλλά

1971 2206 2093 2243 τινα
2153 2190 2285 2260 περὶ
2339 2190 2400 2243 τὸ
2449 2188 2728 2253 κολάζειν,
2792 2183 2908 2242 οἷον
2962 2188 3158 2257 ἄλογον
3214 2191 3563 2260 ἐναψάμενος

1973 2281 2229 2351 δύναμιν,
2262 2282 2328 2349 ἢν
2376 2279 2440 2349 δὴ
2494 2281 2590 2332 καὶ
2638 2282 2737 2350 τὴν
2790 2280 2964 2349 πυρὸς
3011 2280 3176 2349 φύσιν
3207 2281 3355 2351 ἔχειν
3400 2280 3569 2351 ῐσμεν

1975 2372 2106 2441 περὶ
2143 2372 2204 2425 τὸ
2241 2370 2423 2424 καίειν
2456 2372 2550 2424 καὶ
2604 2371 2734 2441 περὶ
2774 2371 2834 2425 τὸ
2877 2370 3074 2441 ψύχειν
3108 2373 3170 2426 τὸ
3201 2372 3562 2443 κρύσταλλον,

1976 2464 2088 2519 οὒτ’
2141 2465 2474 2518 ἀνεκόπτετο
2521 2462 2625 2516 κᾶν
2681 2463 2774 2516 ἐπὶ
2826 2464 2997 2516 ποσὸν
3028 2464 3135 2517 ὑπὸ
3188 2464 3567 2535 μηδενὸς,καὶ

1990 2556 2308 2628 προσετίθει
2362 2558 2425 2625 τῇ
2485 2554 2681 2609 ἐαυτοῦ
2727 2556 2922 2626 κακία,
2971 2556 3059 2609 ἀεὶ
3109 2558 3248 2627 πρὸς
3296 2556 3567 2625 βασάνους

1978 2649 2143 2719 ὀρῶν,
2171 2650 2268 2702 καὶ
2294 2647 2588 2718 καινότερα
2625 2648 2864 2703 ἐπινοῶν
2894 2648 3257 2719 κολαστήρια,
3292 2651 3387 2703 καὶ
3436 2652 3568 2720 μέν·

1979 2760 2063 2797 τοι
2095 2740 2601 2813 προσεξευρίσκων,
2636 2740 2826 2812 ἐπειδὴ
2867 2743 2965 2795 καὶ
3000 2742 3164 2811 σοφὸς
3198 2738 3267 2815 ἦν
3321 2741 3420 2795 τοῦ
3466 2761 3570 2797 κα-

1979 2836 2297 2904 κοποιῆσαι,
2327 2835 2388 2886 τὸ
2409 2834 2467 2886 δέ
2500 2833 2663 2887 καλὸν
2697 2833 2921 2904 ποιῆσαι
2951 2834 3050 2887 οὐκ
3083 2834 3342 2903 ἔγνωκεν.
3372 2836 3571 2905 Ὅμως

1982 2927 2155 2997 μηδέν
2193 2944 2278 2979 τοι
2308 2926 2429 2980 τότε
2476 2926 2835 2995 πεπονηκότι.
2873 2927 3009 2995 μηδὲ
3055 2929 3569 2999 περιειργασμένῳ,

1980 3021 2290 3092 αὐτόματός
2350 3038 2434 3084 τις
2486 3020 2853 3088 ἀναφαίνεται
2909 3022 3196 3089 τιμωρία·
3258 3022 3290 3090 ή
3357 3019 3415 3074 δέ
3472 3022 3569 3073 καὶ

1984 3114 2269 3187 βαρυτάτη
2301 3112 2408 3167 τῶν
2436 3112 2668 3166 ἀπασῶν
2702 3102 3004 3181 ἐτύγῇανεν
3037 3111 3192 3175 οὖσα,
3226 3111 3337 3165 οὐδ’
3365 3111 3431 3166 άν
3460 3128 3568 3178 τις,

1983 3207 2078 3260 καὶ
2105 3207 2310 3273 σφόδρα
2364 3204 2753 3274 φιλοπονήσας,
2785 3204 2959 3267 οὕτως
3008 3203 3236 3272 ἐποίησε
3290 3203 3563 3274 χαλεπήν·

1983 3298 2080 3351 καὶ
2111 3297 2212 3350 οὐκ
2245 3292 2345 3350 οἶδ’
2384 3296 2440 3349 εί
2465 3313 2548 3357 τις
2595 3298 2662 3349 ἐκ
2696 3295 2793 3349 τοῦ
2834 3296 3035 3358 παντὸς
3067 3294 3264 3359 αίῶνος
3312 3294 3574 3348 τοσοῦτον

1984 3390 2308 3460 ὑπέμεινεν,
2341 3390 2403 3443 οὐ
2438 3390 2548 3457 γὰρ
2594 3391 2731 3460 ἀκοῇ
2785 3388 3231 3459 παρειλήφαμεν.
3293 3387 3573 3459 Ἱερεμίας

1986 3484 2093 3553 γὰρ
2126 3485 2179 3536 ἐν
2217 3483 2406 3552 λάκκῳ
2434 3483 2662 3554 ἐρρίφη,
2698 3480 2836 3535 ἀλλὰ
2884 3482 3149 3551 βορϐόρου
3175 3498 3191 3513 ο
3243 3480 3338 3535 καὶ
3370 3479 3573 3551 Δανιὴλ

1987 3576 2045 3629 ἐν
2095 3575 2304 3644 λάκκῳ,
2345 3575 2481 3627 ἀλλὰ
2539 3574 2810 3627 λεόντωνο
2866 3575 2923 3627 ἐν
2979 3577 3170 3643 λάκκῳ
3230 3575 3326 3644 μὲν
3384 3572 3570 3637 οὗτος,

1987 3667 2121 3720 ἀλλὰ
2170 3667 2341 3738 πυρός
2367 3683 2380 3695 ·
2420 3665 2687 3736 ἐτύγχανε
2739 3667 2837 3735 μὲν
2875 3667 2986 3737 γάρ
3021 3666 3234 3737 πλήρης
3278 3665 3574 3730 ἀσῦέστου,

1988 3760 2053 3830 ἢν
2109 3760 2233 3825 ἄρτι
2288 3759 2408 3811 τότε
2470 3758 2833 3821 διαλελοιπὼς
2902 3759 3079 3812 καίειν
3134 3760 3198 3812 τὺ
3261 3758 3396 3828 πῦρ,
3461 3757 3577 3828 πῦρ

1990 3851 2206 3920 ἀφῆκεν
2251 3850 2404 3916 ἀλλο,
2435 3850 2678 3922 τοσούτῳ
2715 3851 2916 3921 φλογὸς
2969 3852 3363 3923 ἐνεργέστερον
3414 3849 3573 3915 ζώων

1988 3942 2435 4012 κατεργάσασθαι
2490 3942 2741 4012 σώματα,
2788 3945 2901 4014 ὅσῳ
2946 3961 3012 4012 γε
3071 3944 3243 4015 δήπου
3295 3944 3392 3997 καὶ
3451 3943 3576 4013 μεθ’

1989 4034 2184 4105 ὑλικῆς
2223 4035 2537 4106 παχύτητος
2564 4031 2631 4106 ἦν
2669 4038 2765 4091 καὶ
2798 4037 3122 4109 στερρότητι
3160 4035 3576 4107 παρεμέμικτοο

1988 4126 2057 4180 τὰ
2101 4126 2210 4197 γὰρ
2259 4127 2491 4181 τοιαῦτα
2526 4130 2620 4181 καὶ
2661 4131 3083 4199 καυστικώττρα
3124 4128 3283 4198 λόγος
3317 4130 3451 4198 ήμῖν
3483 4128 3580 4182 καὶ

1991 4220 2162 4288 πεῖρα
2198 4225 2537 4290 παρέστησε,
2575 4221 2712 4291 μηδέ
2748 4223 3050 4292 ίπτὰμενον
3084 4221 3146 4274 τὸ
3199 4220 3311 4292 πῦρ
3359 4220 3579 4291 ἔχοντα,

1994 4312 2120 4381 μηδ’
2167 4314 2225 4364 ὲν
2285 4308 2501 4384 παρ’γῳ
2538 4316 2712 4375 καίον,
2747 4315 2909 4383 μένον
2953 4314 3009 4368 δὲ
3060 4313 3264 4384 τρόπον
3297 4312 3442 4376 τινὰ,
3475 4316 3581 4367 καὶ

1989 4406 2102 4469 τοῖς
2152 4407 2434 4474 ἐγγίζουσι
2487 4408 2925 4478 προσφυόμενον.
2957 4409 3117 4462 Κατά
3161 4408 3344 4463 τοίνυν
3383 4407 3579 4461 τούτου

1996 4497 2340 4568 μιμούμενος
2392 4500 2888 4572 Ναϐουχοδονὸσωρ
2920 4501 3012 4555 τὸν
3049 4501 3419 4566 Βαϐυλώνιον,
3451 4500 3580 4554 καθ’

1991 4591 2058 4664 ἣν
2089 4592 2298 4657 ἐκεῖνος
2334 4595 2448 4656 τοῖς
2484 4597 2611 4665 περὶ
2652 4594 2928 4664 Ἀζαρίαν,
2961 4595 3036 4664 μὴ
3084 4597 3152 4665 τῇ
3202 4594 3381 4648 κτίσει
3428 4594 3583 4662 παρά

1995 4684 2087 4736 τὸν
2120 4686 2383 4740 κτίσαντα
2428 4687 2717 4758 λατρεύειν
2765 4689 3139 4758 ἀνεχομένοις,
3172 4686 3437 4752 ἐξέκαυσε
3483 4691 3582 4740 κὴ·

2000 4795 2176 4846 μινον,
2213 4783 2541 4849 προστάττει
2595 4780 2743 4833 τόνδε
2804 4780 3057 4851 ῥιφῆναι,
3087 4779 3169 4833 ὅτι
3234 4779 3403 4843 ζῶντι
3455 4778 3580 4831 κατ’

1986 4870 2245 4936 ,ἐκείνους
2278 4876 2616 4943 προσανεῖχε
2649 4872 2791 4941 Θεῷ,
2822 4874 2915 4926 καὶ
2951 4876 3158 4942 κωφοῖς
3191 4874 3285 4927 καὶ
3320 4873 3586 4944 ἀναισθή-

2000 4978 2115 5025 τοις
2146 4964 2206 5016 οὔ
2239 4968 2533 5036 προσεῖχεν
2562 4966 2894 5035 ἀγάλμασιν.
3380 4964 3385 4970 ’

302 5046 413 5117 jari
442 5047 737 5120 Georgium
778 5059 1071 5123 tyrannus,
1112 5050 1239 5119 quia
1295 5047 1439 5103 sicut
1481 5050 1580 5116 illi,
1634 5048 1741 5106 Deo
1808 5056 1936 5109 rivo
1974 5057 2288 5127 adhaerens,
2362 5060 2530 5115 mutis
2560 5069 2616 5116 et
2668 5059 2966 5116 insensatis
2998 5059 3306 5115 simulacris
3359 5060 3586 5115 nolebat

307 5148 773 5216 appropinquare.

381 5242 468 5294 l7.
504 5241 661 5295 Tunc
693 5241 785 5295 ille
817 5240 957 5296 dixit
987 5242 1152 5296 verba
1186 5242 1300 5297 hzec
1332 5242 1555 5297 Davidis
1583 5242 1647 5297 ad
1679 5244 1889 5301 Deum:

308 5335 386 5390 Ne
414 5336 575 5403 longe
624 5333 792 5389 facias
836 5335 1221 5391 miserationes
1267 5346 1388 5392 tuas
1429 5352 1458 5389 a
1495 5353 1600 5401 me,
1630 5336 1892 5407 quoniam

310 5427 798 5485 circumdederunt
845 5444 931 5482 me
988 5428 1126 5482 mala
1161 5445 1396 5498 quorum
1431 5445 1537 5482 non
1580 5439 1663 5483 est
1699 5445 1894 5484 nume-

311 5537 407 5575 rus
449 5521 776 5590 :usnrparit
830 5520 994 5576 etiam
1046 5521 1211 5575 verba
1262 5537 1580 5591 puerorum,
1620 5522 1671 5574 in
1713 5522 1895 5575 animo

312 5614 550 5668 contrito
605 5621 661 5669 ct
706 5614 903 5683 spiritu
962 5614 1288 5669 humilitatis
1324 5615 1675 5684 pronuntiata
1729 5615 1891 5671 simili

313 5705 643 5759 ocrasione:
678 5703 754 5759 Ne
788 5703 973 5759 tradas
1008 5720 1106 5759 nos
1162 5705 1215 5758 in
1253 5713 1574 5775 perpetuum
1601 5746 1615 5769 ,
1673 5714 1729 5758 et
1764 5720 1898 5759 erue

314 5811 417 5852 nos
452 5796 506 5850 in
539 5797 885 5852 mirabilibus
918 5798 1047 5852 tuis.
1073 5796 1228 5864 Quod
1262 5805 1447 5851 autem
1499 5797 1651 5867 petiit
1708 5812 1901 5876 cons.c-
1942 5808 1948 5817 ‘

319 5899 479 5944 cutus
513 5898 610 5951 ες-ι,
662 5906 839 5959 neque
891 5889 1152 5945 Confusus
1210 5890 1262 5942 in
1301 5891 1709 5954 essperlatione
1762 5907 1897 5953 sua;

2085 5246 2169 5315 ιζ’.
2208 5245 2320 5299 Καὶ
2363 5244 2434 5297 τά
2485 5243 2614 5314 ἑξῆς
2667 5232 2970 5311 φθέγγεται
3008 5240 3123 5318 ,μὲν
3169 5242 3237 5294 τὰ
3282 5239 3377 5294 τοῦ
3429 5238 3589 5292 Δαυῒδ

2002 5345 2137 5415 πρὸς
2168 5342 2326 5404 Θεὸν,
2359 5337 2450 5408 Μὴ
2480 5338 2769 5411 μακρύνῃς
2812 5338 2936 5397 τοὺς
2969 5334 3293 5405 οίκτιρμούς
3340 5351 3461 5397 σου,
3486 5332 3576 5386 λέ-

2000 5447 2136 5499 γων,
2166 5430 2245 5481 ὅτι
2283 5427 2576 5497 περιέσχον
2610 5443 2676 5496 με
2718 5426 2886 5489 κακά,
2914 5418 2987 5478 ὧν
3018 5424 3119 5478 οὐκ
3146 5426 3293 5478 ἐστιν
3327 5424 3585 5496 ἀριθμόςο

2003 5523 2305 5592 φθέγγεται
2335 5521 2390 5573 δὲ
2424 5519 2519 5573 καὶ⁸
2576 5516 2647 5571 τά
2701 5517 2808 5571 τῶν
2860 5517 3066 5570 παίδων
3122 5518 3216 5570 ἐπὶ
3248 5517 3349 5585 τῆς
3393 5516 3589 5586 ὁμοίας

2008 5615 2240 5686 φλογὸς,
2293 5614 2351 5665 ἐν
2399 5613 2546 5682 ψυχῇ
2600 5609 2998 5681 συντετριμένῃ
3046 5610 3141 5662 καὶ
3186 5608 3463 5679 πνεύματι
3493 5626 3591 5661 ται

2012 5708 2342 5770 πεινώσεωςο
2367 5705 2459 5773 Μὴ
2492 5703 2787 5775 παραόᾠης
2819 5704 2967 5775 ἡμᾶς
2986 5706 3066 5767 εἰς
3084 5702 3372 5767 τέλος,καὶ
3404 5701 3589 5779 egens

2010 5796 2157 5866 ἡμᾶς
2182 5794 2324 5848 κατά
2350 5795 2418 5847 τὰ
2469 5794 2752 5863 θαυμάσια
2785 5810 2901 5848 σου.
2947 5793 3335 5863 Ἐπιτυγχάνει
3391 5791 3447 5844 δὲ
3494 5794 3593 5860 τῆς

2012 5888 2200 5951 ε’)κίῆς,
2236 5890 2327 5941 καὶ
2357 5889 2453 5951 τῆς
2513 5887 2839 5951 προσδοκίας
2888 5888 2946 5940 οὐ
2997 5886 3464 5955 xamen-Mur
3507 5887 3633 5959 καὶῆ
