3852 6488
1754 241 1770 269 /

267 376 381 443 325

1447 365 1846 430 LAUDATIO
1888 368 1946 427 S.
2012 366 2365 429 GEORGII.

3432 371 3539 439 326

1720 496 1949 554 CAPUT
1995 498 2084 554 IV.

1372 621 1640 691 Veneﬁcio
1670 629 1945 692 separato,
1982 623 2180 676 mortui
2211 623 2473 676 suavitati.

338 773 454 833 κς¹.
491 766 602 822 Καὶ
646 765 746 820 οὐκ
794 763 861 818 ἂν
908 763 1188 817 ἐπαύσατο
1235 761 1407 815 ταῦτα
1458 760 1749 830 κεκραγώς
1793 773 1854 809 τε

2030 756 2120 811 26.
2153 756 2343 825 Neque
2377 757 2590 825 quievit
2630 757 2745 814 lucc
2790 758 3034 815 clamans
3087 776 3534 832 asseveransque.

263 863 364 916 καὶ
418 858 860 927 διατεινόμενος,
917 859 963 909 εξ
1020 855 1093 927 μὴ
1153 855 1514 927 μετακληθεὶς
1564 853 1852 923 ἄνθρωπος

271 955 521 1028 μαγικὴν
587 956 667 1016 εἰς
718 955 889 1022 ἀκρον
959 951 1373 1019 ἐξησκημένος,
1456 949 1623 1019 λῆρον
1680 945 1855 999 ταῦτα

268 1049 483 1120 βοῶντα
516 1047 613 1101 καὶ
648 1046 999 1115 συκοφάντην
1032 1045 1370 1115 ἀπήλεγχεν,
1402 1043 1502 1095 οὐκ
1539 1043 1633 1094 ἐπὶ
1673 1041 1853 1109 τούτῳ

265 1139 492 1207 κληθεὶς
544 1138 665 1192 οὐδὲ
714 1138 1162 1209 παραγενόμενος
1195 1152 1209 1166 ·
1250 1134 1368 1187 ἀλλ’
1426 1134 1614 1203 ἐπετδὴ
1661 1133 1720 1185 τὸ
1756 1131 1851 1185 τοῦ

264 1231 501 1299 Βαλαὰμ
554 1230 759 1299 τρόπον
819 1230 943 1282 τινα
1003 1227 1286 1282 κάνταῦθα
1342 1225 1649 1286 συνέδαινε,
1691 1240 1851 1295 μετε-

266 1320 499 1392 πέμςοθη
537 1320 595 1374 δὲ
639 1321 748 1392 ἀρα
794 1318 873 1389 τῷ
921 1318 1032 1372 τῶν
1072 1318 1382 1373 Μωαϐιτῶν
1439 1315 1655 1388 βασιλεί
1685 1331 1855 1368 κατα-

263 1413 573 1484 ρασάμενος
614 1414 727 1474 τοῖς
782 1412 920 1474 υἱοῖς
971 1411 1192 1481 Ἰσραήλ
1221 1426 1234 1442 ·
1304 1411 1399 1462 καὶ
1486 1407 1735 1461 σπεύδων
1783 1403 1853 1479 ἦν

262 1507 356 1556 ἐπὶ
386 1505 585 1575 τούτῳ,
617 1503 736 1559 ἀλλ’
764 1504 831 1558 ἄν
862 1520 947 1568 τις
984 1502 1383 1574 ἀντικρούονσλ
1433 1501 1691 1571 δύναμις,
1732 1499 1854 1552 ἀντὶ

263 1599 665 1666 καταρωμένου
731 1595 1062 1665 εὐλογοῦντα
1127 1595 1422 1651 ἐδείκνυεν.
1494 1594 1583 1657 Ὣς
1646 1594 1702 1646 δὲ
1756 1593 1854 1647 καὶ

264 1689 402 1759 γόης
429 1688 582 1759 ἠκων
620 1688 796 1757 μάγος
830 1686 1067 1755 ἐλέγξων
1099 1671 1398 1758 Γεώργιον,
1433 1686 1526 1739 καὶ
1574 1685 1852 1757 καθαιρή·

265 1800 379 1836 σων
409 1782 573 1852 δῆθεν
607 1782 705 1844 τὰς
741 1782 1103 1851 μαγγανείας,
1136 1779 1399 1834 παντοίαν
1446 1796 1504 1832 τε
1548 1779 1733 1849 φέρων
1761 1779 1856 1832 ἐπὶ

263 1876 404 1944 τῷδε
457 1874 724 1943 σπουδὴν,
766 1875 916 1944 ὅμως
963 1873 1278 1927 τούναντίον
1321 1872 1518 1939 ἐποίει,
1566 1872 1853 1944 ἄνθρωπον

263 1966 434 2018 αὐτὸν
484 1965 776 2019 ἀπεδείκνυ
815 1965 940 2033 θείᾳ
972 1965 1158 2033 σαφῶς
1209 1964 1355 2035 χειρὶ⁸
1398 1963 1851 2034 κυϐερνώμενον,

264 2054 707 2128 παρά’τοσοῧτον
736 2057 797 2109 οὐ
828 2057 1038 2111 δίκαιον
1082 2057 1340 2128 γοητείας
1386 2057 1641 2129 ἔγκλημα
1690 2057 1855 2129 φέρε-

1956 846 2133 901 donec
2162 846 2463 902 accersitus
2508 848 2673 901 homo
2723 850 2777 903 in
2826 860 2944 904 arte
2987 853 3192 921 magica
3229 856 3542 907 versutissi-

1958 954 2100 1001 mus,
2146 939 2402 992 insanum
2431 952 2485 995 et
2507 940 2907 995 calumniosum
2941 957 3065 998 esse
3100 945 3224 998 talia
3264 944 3541 1001 allirman-

1958 1037 2067 1083 tem
2100 1029 2361 1092 convicit,
2399 1045 2507 1083 non
2540 1030 2606 1084 ad
2642 1031 2747 1086 boc
2775 1042 3012 1100 vocatus.
3034 1049 3211 1104 neque
3243 1036 3536 1093 adductus.

1957 1120 2062 1177 Sed
2106 1122 2248 1177 idem
2277 1123 2689 1193 quadamtenus
2726 1125 2816 1180 hic
2846 1126 3046 1181 accidit
3084 1128 3229 1198 quod
3261 1130 3387 1183 olim
3442 1132 3542 1184 Ba-

1955 1214 2158 1278 laamo.
2200 1232 2363 1287 quem
2407 1233 2435 1272 a
2474 1234 2599 1288 rege
2640 1200 3001 1276 Moabitarum
3029 1223 3358 1277 accersitum
3388 1243 3544 1280 exse-

1955 1310 2100 1362 crari
2135 1309 2277 1365 ﬁlios
2307 1310 2494 1375 lsracl,
2530 1313 2696 1383 idque
2735 1323 2897 1383 agere
2945 1317 3192 1371 studiose
3243 1319 3539 1379 volentem.

1956 1404 2232 1458 contraria
2282 1407 2532 1475 quaedam
2590 1409 2769 1462 virtus
2805 1425 2906 1479 pro
2952 1411 3335 1466 maledictione
3365 1417 3544 1483 coegit

1957 1494 2397 1551 benedictionem
2449 1497 2674 1554 inferre.
2715 1500 2849 1556 Nam
2915 1502 3216 1558 adveniens
3264 1506 3545 1561 veneﬁcus

1956 1602 2149 1656 magus
2177 1590 2243 1643 ad
2272 1592 2709 1647 convincendum
2737 1593 3053 1665 Georgium,
3089 1591 3318 1666 ejusque
3351 1599 3543 1651 incan-

1958 1679 2197 1735 tationes
2234 1680 2657 1747 dissolvendas,
2705 1692 2761 1738 et
2815 1684 2871 1738 in
2921 1684 3006 1737 bis
3040 1701 3259 1740 onmem
3317 1703 3541 1756 operam

1958 1774 2257 1836 collocans;
2298 1789 2527 1844 prorsus
2570 1777 2905 1832 contrarium
2939 1778 3099 1843 fecit;
3158 1778 3546 1835 demons'raus

1954 1868 2101 1938 quod
2131 1867 2400 1937 Georgius
2427 1878 2573 1924 esset
2612 1869 2777 1924 homo
2830 1870 3015 1927 divina
3074 1889 3235 1928 manu
3273 1876 3548 1950 guberna-

1960 1970 2069 2025 tns,
2123 1962 2210 2016 cui
2248 1970 2457 2016 tantum
2497 1963 2684 2017 aberat
2726 1973 2783 2017 ut
2828 1976 3017 2034 posset
3053 1969 3246 2023 merito
3289 1968 3544 2023 veneﬁcii

1959 2054 2165 2108 crimen
2198 2055 2448 2125 impingi,
2476 2067 2741 2126 quantum
2793 2057 2995 2113 absunt
3032 2060 3258 2115 crimina
3302 2061 3544 2116 tenebris

266 2151 416 2217 σθαι,
451 2152 583 2223 παρ’
628 2152 751 2204 ὅσον
802 2150 901 2204 καὶ
928 2149 1040 2203 τῶν
1073 2149 1151 2221 τῷ
1203 2148 1385 2204 σκότει
1420 2151 1735 2220 προσόντων
1768 2152 1852 2205 αί-

1961 2145 2250 2216 gantlentia
2294 2156 2353 2200 ut
2383 2147 2528 2218 justo
2561 2148 2769 2217 possint
2823 2149 3002 2205 lucem
3037 2150 3384 2207 baereditarc.
3441 2155 3548 2208 De-

262 2243 552 2314 τιαμᾶιτων
606 2244 706 2298 οὐκ
760 2244 830 2298 ἂν
884 2243 1106 2305 δικαίω;
1163 2243 1530 2315 κληρονομοίη
1591 2243 1652 2296 τὸ
1696 2244 1847 2313 φώς·

265 2334 481 2389 ἐδείκνυ
526 2335 606 2400 δὲ,
636 2335 696 2388 οὐ
731 2334 912 2404 λόγοις
962 2333 1225 2404 ἄντικρυς
1261 2332 1435 2387 ταῦτα
1476 2334 1617 2405 βοῶν
1651 2335 1719 2405 (εί
1757 2336 1852 2389 καὶ

265 2427 427 2482 τοῦτο
460 2427 536 2499 τῷ
575 2428 715 2498 μετά
747 2427 921 2482 ταῦτα
946 2427 1314 2495 συνέϐαινεν),
1342 2425 1549 2499 ἔργοις.
1566 2427 1643 2494 δὲ,
1679 2428 1707 2482 δ
1759 2429 1852 2482 καὶ

265 2520 378 2575 τῶν
411 2520 593 2589 λόγων
628 2521 764 2575 πολὺ
801 2522 1170 2594 ἰσχυρότερον.

335 2612 445 2677 κζ’.
483 2614 622 2684 Ἤδη
657 2613 758 2684 μὲν
788 2614 897 2685 γὰρ
937 2609 1073 2687 ἧκεν
1101 2613 1285 2681 οὗτος,
1315 2615 1408 2669 καὶ
1436 2616 1726 2687 ἀγώνισμα
1755 2620 1853 2691 μὲν

264 2705 418 2777 αὐτῷ
473 2706 772 2777 προετέθη,
805 2709 992 2761 πείσαι
1026 2706 1117 2761 τὸν
1164 2708 1439 2780 Μάρτυρα
1481 2709 1783 2781 δυνηθῆναι
1816 2711 1850 2784 ἢ

267 2801 639 2854 ἀποκτεῖναι⁸
694 2802 882 2854 πεῖσαι
935 2801 1035 2870 μὲν
1079 2799 1226 2865 θεοῖς
1259 2802 1370 2856 τῶν
1408 2802 1684 2875 Ἑλλήνων
1730 2805 1852 2858 ἀντὶ

266 2890 509 2961 Χριστοῦ
565 2892 905 2963 προσελθεῖν,
963 2896 1287 2949 ἀποκτεῖναι
1340 2896 1398 2951 δὲ
1444 2897 1520 2970 μὴ
1564 2899 1854 2964 πείσαντα,

267 2985 342 3050 ὼς
366 2984 445 3045 ἂν
472 2985 547 3056 μὴ
574 2985 670 3039 καὶ
697 2988 806 3050 τοῖς
830 2988 1014 3051 ἄλλοις
1036 2988 1097 3041 τὸ
1122 2987 1247 3042 κατ’
1274 2990 1441 3045 αὑτὸν
1469 2992 1853 3064 βλασφημίας,

269 3080 428 3149 φησὶ,
457 3079 555 3133 καὶ
602 3078 886 3143 ἀπειθείας
942 3082 1298 3153 παράδειγμα
1348 3086 1584 3153 γένοιτο.
1637 3089 1854 3142 Ἀθλων

268 3172 327 3224 δὲ
392 3171 602 3226 τούτων
649 3171 1080 3242 τετελεσμένων,
1138 3175 1342 3245 δωρεαὶ
1394 3179 1853 3247 κατηγγέλλοντο,

269 3266 366 3318 καὶ
417 3266 667 3337 χάριτες,
718 3266 813 3320 καὶ
861 3269 1044 3336 τιμαὶ,
1089 3267 1181 3321 καὶ
1237 3268 1335 3321 ὅσα
1386 3271 1522 3339 πρὸς
1589 3270 1857 3341 βασιλέως

267 3357 523 3426 διδόμενα
550 3357 760 3428 ψευδῶς
792 3360 1102 3434 μακαρίους
1137 3360 1264 3424 τοὺς
1297 3362 1626 3433 δεχομένους
1668 3368 1853 3419 ποιεῖ·

265 3449 304 3505 a
335 3451 421 3504 δεῖ
451 3452 549 3504 καὶ
598 3452 841 3515 ὑποστὰς
892 3452 1115 3523 δράσειν
1155 3455 1385 3517 ἐκεῖνος,
1441 3456 1537 3508 καὶ
1585 3457 1660 3521 ὡς
1707 3458 1762 3511 εἴ
1804 3476 1857 3513 τι
1886 3489 1928 3544 C

266 3544 462 3614 ἕτερον
491 3543 715 3614 ῥαδίως,
746 3545 915 3607 αὐτὸς
948 3544 1048 3615 μὲν
1080 3545 1173 3598 ἐπὶ
1201 3547 1460 3617 ζητήσεις
1509 3548 1855 3621 δηλητηρίων

269 3635 364 3688 καὶ
407 3635 707 3698 σκευασίας
762 3636 1041 3707 ἐτρέπετο,
1076 3638 1158 3702 είς
1190 3639 1364 3694 νέωτα
1403 3642 1495 3695 τὸν
1526 3645 1625 3711 τῆς
1658 3646 1859 3716 τέχνης

268 3726 495 3795 ἔλεγχον
555 3724 753 3780 δώσειν
804 3728 1296 3799 ἐπαγγειλαμενος,
1356 3734 1382 3785 ὁ
1434 3733 1491 3787 δὲ
1560 3736 1858 3808 ἀνεχώρει,

268 3813 516 3868 διελύετο
565 3814 623 3869 δὲ
660 3818 686 3870 ὀ
718 3814 998 3886 σύλλογος,
1035 3818 1128 3870 τὸν
1177 3818 1234 3870 δὲ
1285 3819 1380 3873 καὶ
1452 3822 1620 3875 πάλιν
1658 3819 1770 3895 εἶχε
1798 3823 1860 3877 τὸ

268 3906 675 3979 δεσμωτήριον.
732 3907 877 3961 Ἀλλ’
904 3904 1102 3980 ἦκενή
1147 3910 1473 3983 προθεσμία,
1508 3914 1604 3966 καὶ
1657 3916 1860 3978 πάντες

266 4000 472 4052 αὒτίκα
508 3999 770 4070 παρῆσαν
793 4016 806 4034 ’
842 4001 1028 4072 παρῆν
1059 4003 1089 4056 ό
1139 4005 1434 4076 φαρμακὸς
1469 4007 1561 4059 ἐπὶ
1596 4006 1715 4060 δυσὶ
1765 4026 1861 4061 πο-

285 4093 482 4160 μάτων
521 4092 690 4146 εἴδεσι
740 4094 1005 4165 γαυριῶν,
1036 4095 1112 4160 ὡς
1139 4095 1202 4150 τὸ
1249 4099 1357 4151 πᾶν
1409 4099 1571 4161 εὐθὺς
1610 4100 1730 4152 τότε
1763 4099 1857 4153 τοῦ

267 4186 486 4254 ἀγῶνος
524 4187 1009 4259 περιγραφόμενος
1032 4205 1048 4219 ο
1080 4190 1267 4260 παρῆν
1309 4192 1338 4244 ό
1369 4193 1620 4262 Μάρτυς,
1651 4194 1858 4246 ἀποθα-

266 4276 539 4347 νούμενος
569 4276 689 4328 κατ’
721 4278 919 4341 αὐτοὺς
961 4264 1172 4334 εἰπεῖν·
1204 4279 1587 4352 Διοκλητιανὺς
1627 4280 1853 4346 εὔελπις

266 4368 358 4423 διὰ
414 4367 593 4422 ταῦτα
644 4369 848 4438 παρῆν,
891 4370 986 4422 καὶ
1036 4371 1066 4423 ό
1117 4369 1314 4440 δῆμος,
1346 4373 1615 4442 μετέωροι
1652 4372 1859 4436 πάντες

272 4462 373 4533 τήν
404 4461 562 4516 τοῦδε
591 4462 783 4515 ὁποίαν
811 4462 923 4528 ἕξει
956 4461 1391 4533 ἀπεκδεχόμενοι
1412 4463 1695 4535 τελευτήν.
1730 4464 1859 4517 Ἐν-

274 4553 369 4605 οεν
400 4571 486 4607 τοι
540 4552 601 4605 τὸ
650 4551 751 4624 μὲν
781 4552 933 4623 αὐτῷ
967 4557 1279 4624 προσήγετο
1319 4554 1615 4626 φάρμακον
1637 4570 1652 4585 '
1700 4552 1770 4627 ἧν
1797 4556 1859 4610 δὲ

280 4645 369 4699 ἵνα
400 4643 569 4710 πιὼν,
598 4643 816 4714 ἔκφρων
845 4646 1158 4715 γενόμενος,
1189 4648 1384 4701 ἐαυτὸν
1407 4647 1681 4721 ἐπιτρέψῃ
1702 4648 1859 4717 ἄγειν

272 4753 331 4789 τε
381 4738 478 4790 καὶ
532 4736 738 4806 φέρειν,
769 4735 894 4788 ὅποι
949 4752 1033 4799 τις
1102 4736 1384 4806 βούλεταν
1436 4738 1497 4792 τὸ
1529 4739 1612 4805 δὲ,
1664 4739 1858 4803 σκεῦος

1959 2240 2286 2294 monstravit
2346 2250 2530 2294 autem
2584 2255 2694 2296 non
2753 2243 2941 2297 verbis
2979 2242 3106 2307 ista,
3173 2260 3238 2299 ex
3289 2246 3546 2314 opposito

1958 2331 2200 2385 clamans
2229 2333 2499 2401 (quamvis
2525 2334 2688 2388 etiam
2713 2332 2819 2389 hoc
2854 2344 3041 2405 postea
3075 2335 3245 2407 fecit),
3281 2338 3374 2391 sed
3415 2354 3549 2408 ope-

1961 2425 2135 2490 ribus,
2164 2439 2400 2495 quorum
2436 2426 2598 2498 longe
2654 2428 2829 2499 major
2875 2435 2957 2483 est
3018 2445 3182 2499 quam
3243 2431 3541 2487 verborum

1961 2517 2066 2571 vis.

2029 2609 2119 2663 ‘27.
2161 2609 2280 2664 Mox
2303 2610 2450 2666 enim
2485 2620 2544 2669 ut
2568 2612 2810 2678 advenit,
2833 2616 3078 2684 suscepit
3110 2614 3162 2668 in
3199 2630 3278 2681 se,
3302 2617 3386 2671 vel
3419 2632 3546 2685 per-

1960 2697 2194 2756 su‘adere
2251 2701 2477 2774 Martyri
2527 2715 2586 2759 ut
2629 2705 2918 2775 gentilium
2972 2707 3109 2760 deos
3164 2723 3267 2776 pro
3325 2708 3548 2762 Christo

1961 2791 2238 2859 adoraret,
2267 2795 2353 2850 vel
2408 2796 2732 2866 persuaderi
2771 2809 3098 2853 renuentem
3140 2800 3419 2866 occidere,
3481 2818 3548 2857 ne

1962 2886 2086 2940 aliis
2119 2902 2342 2958 quoque
2375 2889 2428 2942 in
2458 2890 2771 2960 exemplum
2798 2900 2964 2958 esset,
2994 2901 3054 2947 ut
3085 2894 3308 2959 aiebat,
3349 2895 3550 2950 inlide-

1962 2979 2135 3036 litatis
2167 2991 2225 3036 et
2267 2982 2661 3053 blaspbemim:
2712 2985 2918 3054 quibus
2954 2987 3194 3056 peractis
3257 2990 3549 3059 promitte-

1963 3073 2169 3128 bantur
2213 3076 2265 3129 ei
2318 3092 2568 3139 munera,
2620 3077 2809 3148 gratiie
2848 3088 3014 3149 atque
3070 3081 3330 3149 honores,
3368 3098 3546 3153 eaque

1964 3166 2148 3222 omnia
2186 3182 2308 3236 qua:
2339 3168 2409 3223 ab
2436 3167 2773 3238 imperatore
2805 3171 2932 3225 data
2966 3170 3103 3226 falso
3134 3183 3397 3241 putantur
3418 3174 3466 3229 b:
3490 3193 3551 3229 a—

1967 3266 2050 3313 tos
2080 3258 2282 3316 facere.
2318 3260 2384 3316 Et
2417 3260 2533 3314 haec
2559 3262 2781 3331 quidem
2840 3278 2901 3318 se
2942 3262 3215 3319 facturum
3250 3266 3548 3337 recipiens,

1967 3360 2075 3405 tam
2136 3352 2299 3408 facile
2333 3369 2499 3424 quam
2552 3356 2855 3426 quidquam
2916 3357 3089 3423 aliud,
3120 3358 3187 3413 ad
3251 3363 3550 3431 quaerenda

1966 3446 2436 3517 prmparandaque
2492 3448 2757 3503 veneﬁcia
2814 3465 2872 3504 se
2921 3452 3219 3518 convertit,
3286 3453 3341 3507 in
3401 3454 3550 3510 diem

1960 3539 2276 3607 proximum
2308 3539 2575 3609 pollicens
2608 3540 2849 3594 dandum
2887 3557 3000 3596 sua:
3022 3546 3159 3599 artis
3194 3546 3512 3611 exyerimvn
3534 3575 3547 3588 ς

1963 3639 2103 3695 tum,
2136 3640 2192 3684 et
2244 3632 2381 3686 abiit
2410 3647 2423 3684 :
2481 3631 2788 3687 dissolutus
2816 3648 2949 3688 vero
2983 3645 3072 3689 est
3130 3646 3462 3704 conventus,
3491 3649 3550 3693 et

1961 3734 2213 3777 sanctum
2248 3723 2433 3778 denuo
2464 3740 2655 3779 carcer
2675 3725 2917 3795 excepit.
2951 3726 3110 3781 Venit
3152 3743 3285 3799 ergo
3315 3730 3547 3799 explen-

1959 3810 2042 3865 da:
2074 3812 2390 3881 sponsionis
2429 3813 2571 3878 dies,
2618 3825 2673 3870 et
2723 3830 2918 3870 omnes
2970 3834 3191 3874 rursum
3248 3831 3550 3890 praesentes

1960 3901 2207 3958 adfuere.
2226 3903 2857 3975 Comparnitveneﬁcus.
2878 3908 3083 3978 duplici
3112 3912 3332 3981 potione
3350 3913 3547 3979 fretus,

1959 3995 2112 4051 velut
2133 3998 2224 4067 qui
2252 3999 2443 4067 paucis
2477 4007 2650 4054 totum
2692 4010 2973 4057 certamen
2995 4006 3504 4079 circumscripserat
3532 4028 3547 4064 :

1961 4090 2271 4159 comparuit
2300 4100 2356 4147 et
2387 4091 2618 4164 Μαι-ψ’,
2656 4103 2714 4148 ιιι
2763 4095 2868 4165 ipsi
2912 4096 3191 4164 dicebant,
3227 4103 3390 4156 morti
3430 4114 3541 4159 tra-

1960 4182 2193 4237 dendus.
2243 4183 2615 4240 Diocletianus
2671 4202 2895 4258 quoque
2962 4206 3157 4262 magna
3197 4209 3296 4264 spe
3346 4198 3547 4266 plenus

1960 4274 2201 4340 advenit,
2259 4286 2315 4330 et
2348 4279 2584 4346 populus
2617 4281 2861 4348 multus;
2912 4298 3106 4340 omnes
3135 4289 3389 4357 suspensi
3456 4307 3549 4346 ex-

1960 4370 2300 4437 spectatione
2361 4369 2699 4436 l'uturorum,
2755 4389 2919 4443 quem
2970 4393 3032 4430 ea
3087 4391 3274 4436 eSscnt
3332 4387 3545 4437 exétum

1961 4459 2240 4516 habitura.
2283 4462 2358 4516 Ex
2390 4479 2501 4518 una
2529 4480 2662 4536 ergo
2715 4481 2869 4537 parte
2928 4472 3254 4540 producti-ir
3286 4476 3543 4546 pbarntac

1962 4567 2111 4615 cum,
2147 4554 2295 4623 quod
2327 4568 2447 4611 erat
2475 4558 2605 4622 tale,
2641 4567 2698 4612 ut
2729 4560 2908 4630 ipsum
2957 4562 3155 4619 bibens
3191 4577 3347 4623 extra
3384 4586 3544 4626 usum

1962 4642 2118 4699 ﬁeret
2148 4646 2399 4712 rationis,
2430 4663 2600 4718 seque
2624 4654 2893 4721 praeberet
2916 4657 3187 4727 agendum
3221 4659 3544 4716 ferendum-

1961 4750 2069 4805 qne
2101 4747 2259 4807 prout
2294 4740 2420 4809 quis
2457 4742 2720 4799 voluisset
2749 4762 2764 4800 :
2797 4748 3030 4801 alterum
3064 4765 3198 4805 vero
3226 4767 3317 4805 vas
3346 4755 3543 4807 morti~

272 4827 524 4899 ὑπάρχον
554 4824 812 4890 θανάτου,
837 4825 1069 4897 δευτέρα
1105 4829 1266 4892 πόσις
1307 4830 1654 4899 ὲταμιεὺετο.
1715 4828 1855 4885 Ἀλλ’

1964 4828 2141 4885 ferum
2192 4841 2312 4886 erat
2372 4848 2471 4902 pro
2525 4838 2766 4891 secunda
2828 4841 3054 4909 potione
3096 4852 3370 4903 paratum.
3437 4845 3544 4901 Sed

270 4916 399 4972 οὔτε
441 4918 624 4970 ἐκεῖνο
669 4915 856 4982 ἐξίστα
892 4915 1080 4982 ποθὲν,
1120 4922 1214 4972 καὶ
1246 4918 1309 4971 τὸ
1356 4921 1659 4989 θανάσιμον
1691 4920 1858 4992 μέχρι

274 5008 372 5061 τοῦ
404 5009 554 5063 πιεῖν
581 5007 881 5077 θανάσιμον
930 5005 1017 5075 ἦν.
1036 5009 1189 5062 Ἐπεὶ
1225 5008 1271 5063 δ’
1297 5012 1553 5076 ἐπέποτο,
1590 5012 1859 5082 ἐψεύσατο

274 5100 376 5170 τὴν
426 5097 826 5168 προσηγορίαν,
850 5098 1000 5151 οὐδὲν
1044 5101 1249 5168 μᾶλλον
1294 5106 1374 5165 εἰς
1422 5103 1632 5169 ἐκεῖνον
1666 5105 1697 5174 ἢ
1726 5106 1856 5169 τοὺς

280 5194 358 5262 μὴ
381 5191 609 5254 πιόντας
653 5192 1049 5263 ἐνηργηκόςοῆ
1088 5193 1288 5263 μᾶλλον
1332 5194 1531 5261 εἰπεῖν,
1568 5196 1861 5268 ἀμφότερα

275 5285 540 5337 ἔκστασιν
600 5283 696 5336 καὶ
765 5284 1012 5353 ἀφωνίαν
1071 5288 1394 5357 εἰργάσατο,
1436 5290 1537 5342 οὐκ
1590 5294 1672 5354 είς
1725 5293 1853 5355 τοὺς

276 5372 736 5445 προσηκαμένους
762 5375 856 5427 καὶ
883 5377 1280 5447 γευσαμένους,
1307 5381 1433 5444 τοὺς
1465 5379 1522 5434 δὲ
1556 5398 1853 5454 προσενεγ-

276 5467 477 5530 κόντας
529 5468 626 5519 καὶ
678 5465 976 5535 γεύσασθαι
1022 5470 1336 5536 πείσαντας.
1416 5473 1701 5540 Ἐξίστατο
1755 5479 1854 5545 μὲν

274 5558 389 5627 γαρ
420 5556 772 5628 παραχρῆμα
797 5556 855 5621 ἐς
885 5560 1148 5615 ἐσκεύασε
1176 5564 1377 5633 μάγος,
1406 5566 1497 5618 καὶ
1536 5566 1716 5629 ἐννεὺς
1753 5562 1820 5639 ἦν
1844 5583 1859 5599 ⁸

275 5649 531 5714 ἐξίστατο
565 5649 947 5722 Διοκλητιανὸς
974 5656 1066 5705 καὶ
1095 5654 1442 5726 διηπορεῖτοο
1477 5657 1598 5712 οὐδὲ
1625 5660 1652 5712 ό
1683 5660 1858 5731 δῆμος

272 5744 388 5813 ἀρα
419 5745 519 5797 καὶ
558 5744 609 5796 oi
653 5744 920 5815 παρόντες
959 5748 1058 5821 τῆς
1113 5751 1418 5824 συγκλήτου
1470 5754 1668 5827 βουλῆς
1700 5758 1859 5821 ἐκτὸς

269 5831 414 5906 ἦσαν
449 5836 733 5909 θαύματος
764 5840 857 5893 καὶ
888 5842 1219 5914 ἐκπλήξεως.

1963 4936 2143 4991 neque
2178 4914 2321 4977 istud
2352 4934 2598 4995 epotum,
2645 4928 2847 4983 metuis
2876 4939 3078 4985 statum
3115 4935 3448 5002 commovit;
3488 4947 3547 4992 el.

1962 5011 2110 5082 quod
2139 5022 2387 5084 potatunt
2412 5017 2701 5073 dicebatur
2732 5036 2852 5076 esse
2880 5021 3150 5079 letiterum
3171 5066 3186 5086 .
3238 5026 3381 5080 haud
3412 5044 3545 5084 vero
3610 5039 3613 5042 '
3659 5062 3667 5070 ο

1963 5103 2189 5160 nomine
2218 5121 2278 5161 se
2303 5109 2566 5177 appellari
2605 5112 2896 5181 probavit,
2933 5115 3110 5170 nihilo
3143 5118 3272 5188 plus
3307 5118 3545 5192 Georgio

1964 5214 2170 5255 nocens
2240 5217 2405 5270 quam
2469 5203 2536 5258 iis
2567 5206 2660 5275 qui
2721 5207 2901 5276 ipsum
2956 5225 3068 5264 non
3117 5212 3413 5270 biberant:
3451 5227 3546 5270 ant

1964 5293 2146 5360 potius
2178 5301 2413 5362 utraque
2442 5296 2594 5364 potio
2646 5297 3039 5369 obstupescere
3073 5319 3128 5358 et
3155 5308 3543 5363 obmutescere

1961 5384 2092 5439 fecit
2145 5401 2253 5441 non
2302 5387 2397 5456 qui
2443 5398 2777 5459 gustaverat,
2840 5394 2936 5449 sed
3003 5398 3098 5467 qui
3158 5400 3542 5471 propinarant.

1960 5474 2257 5549 Obstupuit
2274 5482 2420 5536 enim
2445 5482 2537 5553 qui
2570 5483 2864 5553 pbarmaca
2885 5501 3296 5559 praeparaverat
3324 5507 3539 5564 magus,

1958 5572 2244 5642 obswpuit
2269 5584 2325 5627 et
2363 5572 2780 5634 Diocletianus:
2846 5582 3081 5653 populus
3127 5592 3313 5639 autem
3357 5596 3414 5641 et
3447 5585 3548 5656 qui

1959 5664 2104 5720 forte
2149 5680 2215 5719 ex
2253 5676 2449 5722 Senatu
2483 5677 2613 5725 tunc
2643 5671 2898 5739 aderant,
2923 5688 3030 5728 non
3052 5676 3550 5733 erantadmiratio—

1962 5758 2050 5814 nis
2086 5761 2658 5835 consternationisque
2690 5775 2966 5836 expertes.
