3830 6368
339 330 441 393 327

1248 316 1257 321 ’
1297 334 1627 397 GEORGII
1675 337 1928 397 cvrnn
1966 338 2075 401 cr.
2122 339 2639 399 PATRIARCHE

3481 347 3587 412 328

406 440 496 495 28.
529 439 597 495 Et
626 440 743 495 haec
769 440 992 512 quidem
1027 442 1107 497 sic
1144 449 1263 499 aeta
1311 457 1439 500 sunt
1481 463 1496 499 :
1534 446 1906 501 Diocletianus

2082 453 2189 520 κη’.
2226 449 2397 501 Τοῦτο
2459 450 2558 517 μὲν
2611 445 2704 503 οὖν
2762 448 2936 514 οὕτως
2991 449 3133 520 ἐχε-
3168 454 3260 506 καὶ
3310 452 3370 508 τὸ
3425 457 3590 528 μέχρι

336 541 521 588 autem
555 532 834 587 festinavit
861 534 1003 590 inire
1038 544 1441 591 tormentorum
1470 539 1740 593 rationem
1766 539 1907 605 (om-

336 640 436 681 nes
461 625 607 679 enim
636 627 915 683 cruciatus
960 643 1092 683 suos
1119 629 1493 698 exsuperabat
1520 630 1692 697 rabie)
1725 639 1783 683 ut
1813 630 1910 684 nli-

336 716 482 787 quod
539 718 828 783 inveniret,
859 719 1004 790 quod
1035 736 1143 775 non
1185 721 1407 776 aii'errct
1441 722 1608 777 etiam
1650 720 1906 779 mortem.

339 810 631 880 Postquam
685 822 868 867 autem
901 813 1038 867 vidit
1066 812 1333 868 deiecisse
1383 814 1618 869 frameas
1674 830 1800 870 suas
1853 815 1907 870 in

342 900 527 964 tinem,
583 911 637 956 et
685 904 868 975 jacula
915 921 1035 959 esse
1094 906 1398 973 exhausta,
1463 916 1519 962 et
1569 924 1912 978 quascunque

340 994 480 1050 facta
507 1008 663 1050 erant
707 1013 816 1052 non
865 1000 1037 1069 magis
1086 999 1407 1068 profecisse,
1437 1016 1598 1069 quam
1622 1002 1667 1057 si
1714 1013 1909 1057 contra

336 1095 571 1142 statua-.n
617 1089 701 1144 vel
763 1091 1012 1147 umbram
1063 1092 1296 1148 fuissent
1365 1093 1655 1161 adhibita;
1703 1103 1909 1150 mutata

339 1180 617 1248 pugnandi
649 1180 883 1249 ratione,
931 1183 1100 1238 veluti
1128 1185 1366 1254 priorem
1398 1185 1731 1256 improbans,
1753 1187 1911 1242 inivit

336 1268 498 1323 aliam
536 1286 550 1324 :
583 1286 651 1325 ne
694 1279 824 1328 tunc
857 1273 1076 1343 quidem
1113 1276 1182 1331 ab
1236 1277 1575 1331 immanitate
1599 1292 1697 1331 sua
1749 1278 1909 1347 quid-

335 1376 497 1430 quam
529 1363 845 1428 deﬂectens,
894 1367 989 1421 sed
1033 1383 1154 1422 eam
1208 1367 1477 1423 industrie
1525 1368 1907 1439 malitioseque

336 1452 708 1509 dissimulans.
744 1455 1030 1526 Cogitabat
1059 1458 1207 1512 enim
1243 1458 1386 1514 intra
1416 1475 1498 1523 ss.
1529 1460 1677 1530 quod
1706 1462 1752 1515 si
1777 1462 1904 1531 quis

335 1546 778 1614 generosioribus
813 1548 1009 1603 animis
1042 1549 1304 1607 saevitiam
1334 1552 1661 1618 admoverit,
1693 1568 1760 1608 eo
1786 1553 1906 1623 ipso

338 1637 656 1692 tidentiores
678 1654 774 1694 eos
806 1640 1013 1704 reddat,
1060 1641 1104 1694 si
1133 1658 1263 1696 vero
1294 1645 1715 1700 mansuetudine
1766 1661 1907 1715 qna-

339 1728 462 1782 dam
494 1747 557 1786 ac
586 1732 812 1787 lenitate
844 1736 1126 1803 temperati
1159 1751 1446 1792 sermones
1476 1739 1704 1804 fuerint,
1733 1740 1904 1794 emol-

2014 541 2203 594 τούτου
2248 541 2375 607 ὀξὺς
2398 538 2466 613 ἦν
2493 542 2520 594 ὁ
2543 541 2926 612 Διοκλητιανδς
2956 544 3053 615 τὴν
3076 544 3164 600 διά
3193 547 3304 600 τῶν
3332 547 3587 618 βασάνων

1998 626 2136 691 ,κατ’
2166 628 2377 682 ἐκείνου
2415 630 2611 700 χωρῶν
2639 647 2656 663 ο
2694 632 2790 696 τὰς
2819 633 2926 703 γάρ
2985 634 3204 699 ἀπάσας
3241 636 3390 707 αὐτῷ
3436 639 3594 692 κολά-

2014 735 2129 781 σεις
2184 719 2384 791 λύττης
2459 721 2736 793 ὑπερϐολῇ
2786 723 2861 785 ὥς
2927 743 3048 779 τινα
3096 727 3228 797 μίαν
3284 730 3597 800 ὑπήνεγκε,

2016 809 2151 880 μηδὲ
2184 810 2307 872 δοὺς
2353 812 2693 869 ἀναπνεῦσαι
2742 818 2808 887 τῇ
2864 818 3152 889 συνεχείᾳ·
3202 822 3328 874 ἐπεὶ
3383 822 3440 875 δέ
3484 823 3588 884 τὰς

2012 899 2209 953 ἐαυτοῦ
2266 903 2553 973 ῥομφαίας
2581 907 2663 970 είς
2702 909 2853 972 τέλος
2914 910 3292 977 ἐκλελοιπυίας
3320 912 3491 985 ἐώρα,
3520 914 3590 971 τά

2011 1008 2071 1044 τε
2120 992 2250 1063 βέλη
2299 996 2784 1068 συντετελεσμένα,
2833 1002 2927 1055 καί
2978 1016 3031 1055 τι
3084 1007 3381 1075 γενόμενον
3429 1006 3583 1076 αὕτῷ

2012 1084 2173 1139 πλέον
2207 1086 2380 1154 οὐδὲν,
2411 1089 2442 1159 ἦ
2478 1090 2602 1144 ὅσον
2636 1093 2790 1164 πρὸς
2840 1094 3137 1164 ἀνδριάντα
3188 1097 3220 1166 ἢ
3272 1098 3435 1153 σκιάν
3485 1098 3587 1168 τὴν

2009 1175 2219 1230 ἐκείνου
2267 1178 2658 1253 καθισταμένῳ
2708 1184 2812 1255 τὴν
2852 1188 3074 1258 μάχην,
3122 1189 3315 1263 ὥσπερ
3368 1193 3590 1266 ἐκείνην

2002 1269 2421 1340 ἀπαγορεύσας,
2453 1273 2620 1344 ἀλλην
2660 1278 2963 1348 τρέπεται·
2991 1280 3088 1334 καὶ
3144 1284 3270 1338 οὐδὲ
3323 1284 3418 1345 νῦν
3452 1289 3590 1341 ἀπο-

2009 1360 2234 1428 θέμενος
2291 1363 2352 1416 τὺ
2407 1364 2669 1437 θηριῶδες
2747 1372 2844 1423 τοῦ
2907 1373 3112 1444 τρόπου
3171 1378 3268 1429 καὶ
3334 1364 3587 1448 μανικδν,

2003 1454 2334 1524 πανούργως
2366 1455 2422 1509 δέ
2470 1474 2587 1523 πως
2621 1460 2754 1514 αὐτὸ
2809 1464 2903 1516 κα)⁵
2935 1466 3221 1537 κακοήθως
3270 1474 3584 1537 συστείλας.

2008 1546 2207 1597 Διελὼν
2256 1548 2365 1619 γὰρ
2401 1550 2531 1620 παρ’
2561 1553 2762 1623 ἐαυτῷ,
2791 1554 2865 1616 ὡς
2910 1559 2959 1609 εί
2994 1561 3136 1627 μετά
3182 1565 3330 1627 τινός
3352 1582 3441 1625 οτι;
3475 1571 3589 1631 τοῖς

2007 1642 2408 1710 γενναιοτέροις
2451 1645 2815 1716 προσφέροιτο
2865 1648 3256 1723 χαλεπότητος,
3291 1638 3436 1711 τωῦτ’
3482 1661 3589 1714 αύ-

2006 1730 2436 1823 τοίς-αύθάδειαν
2465 1736 2903 1807 ἀπεργάζεσθαι,
2925 1743 3099 1799 εἴκειν
3122 1746 3214 1817 βία
3245 1752 3591 1823 μεγαλοςουϊα

339 1819 465 1875 litos
499 1821 622 1876 illos
650 1810 864 1877 tandem
911 1797 1016 1879 sibi
1050 1825 1276 1881 habebit
1326 1797 1700 1897 obsequentes
1729 1846 1743 1882 :
1776 1845 1902 1884 nam

2011 1813 2183 1911 ψυχῆς
2215 1820 2288 1890 μὴ
2325 1797 2815 1896 καταδεχέμὶνόις·
2852 1797 2918 1884 ἂν
2943 1797 3133 1904 saepe.
3162 1797 3584 1911 inﬁmiin;

335 1913 498 1967 etiam
533 1913 733 1968 ferrum
761 1915 881 1969 oleo
902 1915 1166 1987 latvigari,
1237 1921 1489 1989 quamvis
1510 1920 1613 1975 hoc
1645 1923 1905 1977 mollissi-

337 2022 507 2071 mum,
541 2006 684 2060 istud
710 2007 1066 2062 durissimum
1107 2010 1200 2066 sit.
1239 2010 1383 2076 Quid
1429 2011 1637 2082 igitur?
1669 2012 1901 2069 Larvam

334 2098 568 2153 assumit
618 2097 894 2164 lenitatis;
959 2115 1024 2156 ex
1078 2102 1426 2157 severissima
1459 2105 1516 2159 in
1577 2105 1901 2161 mellifluum

333 2188 705 2261 blandumque
739 2190 1197 2260 transformatur;
1235 2202 1349 2249 tum
1394 2196 1691 2266 benignius
1739 2197 1905 2254 solito

333 2298 458 2337 eum
506 2284 758 2348 intuitus,
807 2294 864 2339 et
903 2288 1052 2341 vocis
1084 2286 1360 2343 feritatem
1410 2288 1737 2347 dimittens:
1794 2292 1904 2358 Tu,

334 2374 531 2444 inquit,
567 2391 601 2428 ο
660 2376 843 2440 homo,
883 2377 1231 2435 dillicultates
1277 2379 1688 2437 diﬂicultatibus
1742 2384 1907 2440 inne-

335 2477 511 2533 ctens,
539 2469 608 2523 ad
642 2482 940 2525 extremam
972 2487 1074 2526 nos
1121 2472 1561 2541 desperationem
1606 2473 1903 2530 adduxisti.

335 2558 633 2630 Quousque
684 2569 864 2616 autem
916 2560 1062 2615 ista?
1092 2571 1148 2616 et
1202 2562 1421 2632 quando
1467 2563 1764 2633 quiesees?
1820 2565 1906 2618 An

335 2668 466 2722 ergo
491 2668 594 2706 nos
626 2662 839 2722 oportet
864 2653 1052 2708 lassari
1088 2668 1188 2723 per
1212 2654 1433 2717 omnia,
1468 2655 1772 2711 molestiam
1807 2656 1907 2712 tibi

335 2759 402 2798 ex
441 2743 746 2815 ignorantia
795 2744 1132 2800 facescentes
1158 2784 1174 2809 ,
1218 2755 1273 2800 et
1303 2746 1403 2801 tibi
1428 2746 1563 2801 alias
1621 2748 1906 2803 conciliari

338 2835 632 2890 volentes?
671 2835 812 2889 Doce
859 2851 978 2903 quae
1008 2834 1079 2889 sit
1113 2836 1201 2890 illa
1247 2836 1345 2891 tibi
1389 2836 1651 2891 assistens
1708 2839 1907 2906 virtus,

333 2944 434 2999 per
466 2944 627 2999 quam
678 2937 760 2984 tot
810 2936 1066 2996 tantaque
1096 2928 1326 2994 evasisti
1358 2928 1695 2984 discrimina.
1735 2929 1904 2994 Doce,

334 3022 577 3092 inquam,
606 3020 690 3077 vel
726 3040 874 3078 nunc
899 3063 915 3089 ,
965 3023 1094 3078 licet.
1150 3034 1275 3079 ante
1308 3025 1553 3079 nolueris
1583 3045 1597 3080 :
1639 3034 1696 3080 et
1730 3041 1832 3081 nos
1877 3041 1907 3079 a

331 3116 692 3186 perplexitate
732 3118 932 3181 exime,
1001 3117 1237 3186 teipsum
1281 3116 1350 3171 ab
1408 3116 1792 3186 inquietudine
1851 3126 1907 3172 et

336 3211 605 3265 tumultu.
639 3212 721 3264 An
754 3211 1034 3264 existimas
1063 3226 1164 3265 nos
1186 3210 1563 3280 provocandos
1586 3210 1653 3265 ad
1684 3212 1906 3266 iracun-

334 3300 481 3356 diam
519 3303 703 3356 audita
722 3303 973 3368 veritate,
1000 3304 1208 3373 tibique
1238 3319 1358 3358 eam
1384 3305 1682 3374 exponenti
1712 3319 1905 3372 graves

332 3393 587 3450 futuros?
604 3395 682 3450 Ne
711 3394 832 3461 tibi,
854 3410 1058 3463 qua:so,
1082 3396 1182 3449 hoc
1210 3396 1547 3464 persuaseris
1571 3411 1586 3451 :
1618 3396 1907 3451 audiemus

332 3494 387 3542 te
417 3503 582 3557 quam
628 3487 1054 3542 clementissime
1094 3487 1634 3557 jucundissimeque,
1678 3488 1811 3561 quin
1851 3494 1908 3541 et

337 3577 771 3652 gratiﬁcabimur
817 3581 913 3634 tibi
946 3592 1211 3651 quantum
1250 3580 1332 3635 fas
1356 3581 1550 3647 erit,.si
1581 3597 1683 3636 nos
1714 3581 1783 3636 ab
1822 3581 1910 3636 in-

336 3681 582 3726 veterato
616 3688 803 3727 errore
848 3672 1161 3728 abduxeris.

2009 1909 2104 2002 καὶ
2158 1909 2439 1986 ἐπιεικείᾳ
2494 1918 2623 1982 τοὺς
2684 1920 2878 1990 λόγους
2938 1928 3238 1994 κεράννυσι
3292 1909 3587 2002 τέγγοντας

2007 2000 2131 2072 ἥδη,
2192 2004 2310 2057 τότε
2365 2008 2463 2061 καὶ
2528 2009 2816 2066 ὑπείκουσι
2881 2015 2999 2085 (καὶ
3058 2020 3173 2091 -γάρ
3225 2024 3317 2077 καὶ
3368 2000 3589 2099 σίδηρος

2009 2095 2195 2168 ἐλαίῳ,
2218 2099 2419 2168 τρόπον
2451 2101 2569 2156 τινά
2597 2106 2622 2156 ὁ
2655 2105 3021 2177 σκληρότατος
3046 2112 3124 2184 τῷ
3152 2095 3588 2191 μαλθακωτάτῳ,

2008 2187 2322 2263 λεαίνεται),
2372 2196 2424 2246 τί
2472 2199 2655 2263 ποιεῖς
2700 2198 3105 2274 Ἀναλαμϐἀνει
3160 2224 3214 2262 τι
3247 2187 3591 2281 προσωπεῖον

2008 2282 2334 2350 ἐπιεικείας,
2363 2289 2454 2340 καὶ
2502 2290 2640 2359 πρὸς
2672 2293 2732 2344 τὶ
2765 2294 3036 2367 μειλίχιον
3064 2302 3160 2354 καὶ
3210 2306 3478 2376 προσηνὲς
3521 2309 3589 2361 ἐκ

2008 2376 2101 2427 τοῦ
2152 2378 2613 2452 ἀγαν,αύστηροῦ
2661 2386 3090 2459 μεθαρμόξεται.
3122 2394 3309 2469 Ταύτῃ
3360 2416 3439 2452 τοι
3492 2401 3591 2456 καὶ

2007 2470 2357 2543 ἡμερώτερον
2390 2473 2484 2527 τοῦ
2518 2478 2785 2547 συνήθους
2832 2483 3113 2553 ἐμϐλέψας
3161 2488 3376 2560 ἐκείνῳ,
3417 2493 3593 2546 καθυ-

2009 2566 2129 2658 ipsi:
2173 2583 2231 2618 τε
2266 2570 2358 2621 καὶ
2391 2570 2490 2639 τὴν
2539 2570 2840 2645 ἀγριότητα
2892 2578 2992 2646 τῆς
3028 2581 3234 2653 φωνῆς,
3270 2585 3363 2652 Σὺ,
3399 2589 3588 2658 φησὶν,

2010 2657 2285 2728 ἄνθρωπε,
2316 2661 2580 2732 ἀπορίαις
2632 2668 2966 2739 συμπλέκων
3023 2676 3280 2744 ἀπορίας,
3313 2680 3393 2741 είς
3436 2657 3588 2752 ἀμηο

2009 2753 2202 2823 χανίσς
2252 2756 2401 2825 ἡμᾶς
2435 2758 2535 2818 τὰς
2588 2759 2827 2830 ἐσχάτας
2862 2763 3175 2834 ἐμϐάλλεις.
3225 2769 3389 2826 Ἀλλά
3423 2776 3588 2847 μέχρι

2009 2844 2155 2908 τίνος
2179 2845 2333 2900 ἔσται
2358 2849 2568 2913 uita;
2597 2855 2691 2905 καὶ
2722 2856 2852 2907 πότε
2885 2858 3153 2913 παύσεται
3181 2877 3196 2928 ;
3231 2864 3301 2915 Ἢ
3330 2865 3417 2920 διά
3451 2844 3590 2920 πάξ.-

2009 2937 2101 3001 τὸς
2136 2941 2371 3008 κάμνειν
2417 2944 2565 3013 ἡμᾶς
2594 2944 2695 3010 δεῖ,
2732 2948 3038 3018 πράγματα
3067 2952 3128 3018 ἐξ
3175 2956 3400 3023 ἀγνοίας
3436 2960 3588 3031 ἔχον-

2010 3047 2129 3095 τας,
2166 3033 2260 3085 καὶ
2292 3035 2375 3087 σοὶ
2409 3035 2675 3106 ἑτέρωθεν
2704 3041 3100 3108 προξενοῦντος
3127 3048 3397 3114 ςΔίδαξον
3428 3054 3514 3116 τίς
3553 3056 3586 3125 η

2014 3123 2246 3177 συνοῠσά
2306 3140 2388 3177 σοι
2438 3126 2691 3197 δύναμις,
2721 3129 2791 3182 δι’
2836 3124 2906 3203 ἧς
2955 3133 3103 3203 ἔχεις
3135 3138 3264 3202 τοὺς
3295 3123 3588 3208 τοσούτους

2012 3217 2106 3270 καὶ
2168 3216 2523 3286 τηλικούτους
2591 3222 2876 3288 κινδύνους
2951 3226 3332 3299 ἐκπεφευγὼς,
3381 3234 3589 3303 δίδαξον

2015 3310 2111 3364 νῦν
2138 3310 2289 3380 γοῦν,
2315 3313 2365 3366 εί
2414 3316 2509 3367 καὶ
2537 3315 2613 3387 μὴ
2653 3318 2944 3391 πρότερον,
2978 3326 3073 3377 καὶ
3126 3327 3433 3398 ἀπάλλαξον
3489 3336 3590 3405 μὲν

2015 3405 2081 3457 ἐκ
2115 3405 2210 3458 τοῦ
2246 3405 2538 3480 [θάμϐους]
2591 3410 2795 3476 εὐθέως
2846 3415 3016 3485 ἡμᾶς,
3056 3418 3367 3488 ἀπάλλαξον
3393 3425 3449 3480 δὲ
3498 3429 3593 3483 καὶ

2018 3497 2214 3591 σαυτὸν
2263 3498 2498 3571 θορύϐου
2520 3505 2613 3555 καὶ
2646 3510 2917 3577 ταραχῆς.
2955 3510 3028 3562 Ἦ
3058 3512 3197 3583 τάχα
3235 3518 3375 3585 πρὸς
3424 3520 3590 3591 ὀργὴν

2013 3582 2116 3639 οἴει
2173 3588 2579 3658 ἀκουσομένους
2626 3594 2796 3663 ἡμᾶς,
2849 3598 2943 3651 καί
2998 3617 3080 3655 σοι
3131 3582 3591 3677 δυσχερανοῦντας

2012 3678 2112 3748 τὴν
2146 3678 2409 3760 ἀλήθειαν
2428 3683 2681 3748 διεξιόντι
2708 3702 2723 3755 ;
2762 3688 2839 3743 Τδ
2865 3689 2922 3744 δὲ
2956 3694 3055 3764 οὑχ
3083 3694 3260 3762 οὕτως
3293 3699 3471 3767 ἔσται,
3507 3707 3583 3776 μὴ

334 3763 493 3819 τοῦτο
522 3768 748 3838 νομίσῃς
770 3782 782 3795 ·
806 3765 923 3820 ἀλλ’
951 3767 1292 3833 ἀνεξικάκως
1324 3766 1424 3838 μὲν
1486 3767 1557 3830 ὡς
1592 3766 1672 3822 ἔνι
1708 3767 1948 3839 μάλιστα
1990 3772 2085 3825 καὶ
2151 3771 2352 3845 ἱλαρῶς
2380 3778 2731 3848 ἀκουσόμεθα
2752 3797 2769 3816 ·
2808 3763 3151 3858 χαριούμεθα
3186 3792 3243 3846 δέ
3274 3810 3357 3848 σοι
3386 3763 3479 3850 καί.
3507 3763 3586 3852 ’τά

334 3860 542 3923 εικότα,
591 3860 745 3931 μόλις
780 3862 925 3931 ἡμᾶς
956 3862 1056 3930 τῆς
1103 3863 1320 3931 μακρᾶς
1375 3879 1504 3915 ποτε
1556 3862 1904 3933 ἀπαγαγόντι
1943 3868 2422 3938 περιπλανήσεως.

404 3951 493 4010 29.
522 3954 647 4009 Ha-c
674 3954 785 4018 ille,
828 3962 1067 4008 mentem
1098 3954 1281 4009 verbis
1319 3956 1600 4011 occultans
1624 3995 1639 4020 ,
1676 3971 1788 4011 non
1812 3972 1908 4013 ve-

333 4044 555 4101 ritatem
585 4046 871 4115 requirens
908 4062 923 4103 :
969 4047 1079 4117 jam
1132 4046 1278 4100 enim
1312 4046 1509 4101 millies
1538 4058 1593 4101 et
1633 4046 1813 4115 palam
1849 4046 1901 4102 ei

334 4138 542 4192 dictum
569 4147 686 4193 erat
717 4154 746 4190 a
787 4137 1045 4208 Martyre,
1070 4138 1275 4193 Christi
1309 4138 1566 4194 virtutem
1612 4138 1806 4194 adesse
1837 4139 1905 4194 iis

336 4229 429 4299 qui
478 4228 654 4301 ipsum
691 4229 1023 4285 confitentur
1073 4245 1195 4285 esse
1244 4231 1454 4296 Deum;
1496 4241 1662 4300 atque
1703 4232 1778 4285 ita
1809 4245 1907 4286 eos

336 4321 456 4373 heri
499 4320 648 4374 omni
695 4321 937 4390 periculo
989 4321 1277 4385 fortiores,
1308 4331 1671 4392 potentesque
1706 4321 1774 4377 ad
1821 4321 1904 4376 fa-

333 4408 527 4463 cienda
558 4410 710 4480 signa
742 4420 905 4480 atque
951 4414 1244 4482 omnigena
1286 4414 1545 4469 miracula
1588 4416 1641 4469 in
1674 4415 1905 4470 demon-

2085 3959 2190 4015 κθ⁰.
2223 3961 2412 4017 Ταῦτα
2463 3964 2519 4019 δὲ
2560 3966 2738 4033 ἄλλως
2788 3969 3116 4041 ἐφθέγγετο,
3171 3977 3274 4032 οὐκ
3328 3979 3590 4052 ἀλήθειαν

2009 4051 2418 4123 ἐρευνώμενος·
2450 4058 2623 4113 πάλαι
2670 4060 2783 4130 γὰρ
2808 4063 2957 4134 αὐτῷ
2995 4066 3152 4136 δῆλον
3190 4064 3287 4141 ἦν,
3325 4051 3588 4143 μυριάκις

2008 4148 2148 4216 πρὸς
2185 4149 2279 4201 τοῦ
2309 4150 2608 4223 Μάρτυρος
2633 4154 2946 4225 εἰρημένον,
2981 4157 3114 4229 ὠςή
3152 4159 3390 4232 Χριστοῦ
3425 4166 3587 4222 δύνα-

2015 4256 2107 4309 μις
2138 4241 2374 4297 συνοῦσα
2394 4246 2507 4308 τοῖς
2536 4245 2668 4299 Θεὸν
2695 4250 3262 4322 δμολογοῦσιναύτὸν,
3295 4260 3456 4315 τοῦτο
3487 4261 3587 4333 μὲν

2011 4337 2267 4406 ἰσχυροὺς
2313 4339 2459 4393 κατά
2500 4341 2705 4406 παντὸς
2738 4344 2991 4400 κινδύνου
3029 4353 3289 4416 ποιεί-ται,
3323 4356 3481 4410 τοῦτο
3531 4360 3587 4414 δὲ

2008 4426 2104 4478 καὶ
2153 4429 2397 4498 σημείων
2442 4431 2794 4503 αὐτουργοὺς
2840 4440 2937 4491 καὶ
2989 4444 3259 4497 παντοίων
3296 4445 3589 4519 θαυμάτων

331 4499 651 4552 ειι-ειιίοηειιι
711 4501 976 4556 veritatis.
1030 4501 1231 4557 Verum
1293 4504 1569 4559 simulatio
1623 4504 1739 4559 haec
1785 4514 1904 4560 erat

2012 4519 2146 4589 πρὸς
2172 4523 2271 4592 τὴν
2301 4521 2398 4575 τοῦ
2432 4523 2592 4591 λόγου
2629 4499 2741 4596 ’τῆς
2784 4529 3049 4598 ἀληθείας
3100 4499 3589 4604 exornaverunt

331 4600 497 4660 atque
521 4590 800 4658 adulatio,
830 4604 886 4647 et
930 4595 1014 4647 via
1053 4596 1339 4665 quaedam,
1386 4605 1446 4651 ut
1470 4596 1649 4667 aptius
1691 4596 1902 4668 loquar,

329 4695 438 4749 qua
473 4685 655 4751 ipsum
705 4683 760 4738 in
796 4701 948 4741 suam
986 4688 1269 4758 pelliceret
1326 4690 1662 4745 voluntatem
1692 4701 1907 4760 pertra-

333 4774 643 4844 herctqne;
697 4786 759 4831 ut
801 4779 873 4846 ei,
901 4780 993 4849 qui
1041 4790 1148 4835 tam
1177 4784 1407 4837 comiter
1452 4779 1905 4853 familiariterque

332 4866 530 4936 agebat
559 4881 769 4933 secum,
801 4871 916 4938 pari
944 4885 1164 4940 quoque
1193 4872 1564 4926 familiaritate
1593 4888 1651 4928 se
1677 4875 1909 4945 conjun-

331 4967 486 5026 geret
538 4956 824 5029 Georgius,
873 4961 1248 5032 gauderetquc
1304 4964 1372 5015 ab
1418 4962 1537 5033 ipso
1594 4964 1903 5017 honorari:

335 5051 613 5106 nesciebat
644 5064 825 5107 autem
856 5053 1001 5123 quod
1038 5054 1281 5125 seipsum
1312 5054 1616 5125 deciperet,
1647 5070 1904 5128 magnum

333 5142 581 5196 veritatis
596 5154 1057 5214 propugnatorem
1078 5147 1146 5201 iis
1174 5147 1355 5202 verbis
1378 5164 1680 5218 aggressus,
1703 5150 1908 5219 quibus
1945 5148 1962 5183 ‘

333 5235 601 5304 mancipia
640 5236 1045 5292 demulcentur.
1069 5239 1356 5305 Quomodo
1374 5244 1522 5295 enim
1553 5251 1738 5311 posset
1758 5243 1908 5298 illius

331 5326 601 5393 sapientia
636 5328 838 5382 talibus
863 5330 1212 5386 sermonibus
1242 5331 1442 5404 decipi,
1469 5342 1564 5388 aut
1595 5343 1778 5389 tantus
1804 5349 1907 5407 pro

334 5417 598 5486 religione
647 5424 799 5475 zelus
864 5421 1012 5476 aliud
1070 5423 1349 5495 quidpiam
1410 5427 1540 5497 pati,
1573 5442 1738 5496 quam
1787 5443 1907 5499 quae

331 5509 486 5563 tlech
524 5511 580 5565 in
618 5514 717 5568 hac
760 5529 923 5569 causa
952 5525 1007 5570 ct
1038 5517 1277 5588 cogitare
1327 5527 1381 5573 ct
1412 5519 1604 5589 loqui?
1647 5521 1906 5575 Amarem

333 5616 465 5655 vero
498 5601 664 5667 illius,
722 5619 832 5674 quo
872 5606 1050 5660 anima
1080 5607 1199 5679 ejus
1247 5608 1476 5667 ardebat
1508 5610 1576 5665 ad
1619 5608 1901 5669 Christum

404 5782 484 5853 (5)
520 5781 731 5840 Mallem
764 5786 947 5858 legere
979 5789 1268 5859 διαλέγων.

2008 4607 2076 4681 ἧν
2125 4614 2396 4682 πρόφασις
2454 4617 2614 4671 τοῦτο
2661 4622 2759 4673 καὶ
2805 4623 3089 4692 κολακεία,
3144 4628 3178 4698 ἢ
3235 4630 3354 4695 ὁδὸς
3408 4636 3585 4691 εἰπεῖν

2008 4704 2334 4776 οἰκειότερον
2390 4707 2532 4761 κατά
2584 4709 2685 4780 τῆς
2748 4713 2960 4767 ἐκείνου
3014 4718 3284 4787 γνώμης,
3347 4723 3401 4774 εἴ
3464 4742 3584 4788 πως

2008 4794 2254 4864 ἡδυνθεὶς
2305 4797 2508 4867 λόγοις,
2559 4803 2733 4874 ταύτῃ
2790 4809 3136 4882 παρασυρείη
3193 4812 3393 4885 ίλαρῶς
3436 4816 3586 4888 αὐτῷ

2012 4890 2449 4960 προσενεχθέντα
2485 4895 2845 4967 ἀνθιλαρῆναι
2877 4900 3345 4972 φιλοτιμήσασθαι
3374 4922 3389 4937 '
3435 4908 3586 4977 ὅμως

2012 4979 2308 5035 ἐλάνθανεν
2357 4984 2548 5038 ἑαυτὸν
2599 4987 2850 5052 ἀπατῶν,
2887 4990 3088 5061 λόγοις,
3144 4990 3226 5058 οἷς
3271 4998 3584 5068 ἀνδράποδα

2012 5072 2325 5143 κηλοῦνται,
2389 5075 2469 5147 τῷ
2518 5082 2738 5153 μεγάλῳ
2788 5085 2883 5153 τῆς
2939 5085 3203 5156 ἀληθείας
3258 5094 3587 5164 προσφέρων

2011 5164 2328 5238 ἀγωνιστῇ·
2358 5168 2462 5223 ποῦ
2496 5171 2611 5242 γὰρ
2629 5172 2737 5226 ἔδει
2775 5175 2876 5246 τὴν
2911 5178 3127 5231 ἐκείνου
3193 5180 3389 5250 σοφίαν
3422 5186 3590 5256 ηττηο

2011 5257 2167 5327 θῆναι
2199 5261 2444 5316 τοιούτου
2464 5279 2478 5327 ;
2496 5265 2618 5318 ποῦ
2643 5266 2699 5319 δὲ
2727 5267 2818 5321 τὸν
2844 5269 3099 5325 τοσοῦτον
3127 5272 3269 5344 ὑπὲρ
3297 5276 3583 5341 εὐσεϐείας

2011 5348 2173 5421 ζῆλον
2202 5352 2333 5407 ἀλλο
2371 5371 2423 5408 τι
2460 5360 2884 5430 παραχωρῆσαι,
2912 5361 2947 5433 ἢ
2995 5363 3099 5417 ὅσα
3124 5364 3267 5436 ὑπὲρ
3301 5368 3582 5434 εὐσεϐείας

2010 5441 2214 5513 ἔχεται,
2267 5446 2360 5500 καὶ
2413 5448 2762 5519 διανοηθῆναι
2819 5454 2916 5507 καὶ
2984 5455 3359 5528 φθέγξασθαις
3407 5461 3497 5513 τὸν
3540 5463 3584 5517 δ’

2012 5535 2153 5605 ὺπέρ
2180 5538 2421 5608 Χριστοῦ
2454 5540 2549 5594 τοῦ
2582 5540 2744 5611 μόνου
2780 5545 2950 5603 καλοῦ
2997 5546 3173 5615 οὕτως
3202 5553 3412 5607 ἐκείνου
3449 5555 3585 5626 φλέ-

2010 5642 2174 5695 γοντα
2203 5632 2300 5700 τὴν
2330 5629 2510 5703 ψιλὴν
2544 5632 2743 5705 ἔρωτα,
2774 5637 2896 5703 πῶς
2925 5634 2995 5713 ἦν
3024 5643 3174 5708 είκδς
3217 5643 3408 5715 ἐτέρου
3436 5647 3583 5712 τινὸς
