  <div class='ocr_page' id='page_1' title='image "/cluster/home/n/w/nwhite01/storage/ocr_20150623/142/hvd.32044012457388/177.png"; bbox 0 0 3894 6460; ppageno 0'>
   <div class='ocr_carea' id='block_1_1' title="bbox 273 350 414 441">
    <p class='ocr_par' dir='ltr' id='par_1_1' title="bbox 273 350 414 441">
     <span class='ocr_line' id='line_1_1' title="bbox 273 350 414 441; baseline -0.007 0"><span class='ocrx_word' id='word_1_1' title='bbox 273 350 281 359; x_wconf 82' lang='grc'><strong>’</strong></span> <span class='ocrx_word' id='word_1_2' title='bbox 307 377 414 441; x_wconf 69' lang='lat' dir='ltr'><strong>sta</strong></span> 
     </span>
    </p>
   </div>
   <div class='ocr_carea' id='block_1_2' title="bbox 1337 395 2651 475">
    <p class='ocr_par' dir='ltr' id='par_1_2' title="bbox 1337 395 2651 475">
     <span class='ocr_line' id='line_1_2' title="bbox 1337 395 2651 475; baseline 0.015 -19"><span class='ocrx_word' id='word_1_3' title='bbox 1337 395 1666 460; x_wconf 80' lang='lat' dir='ltr'><strong>GEORGII</strong></span> <span class='ocrx_word' id='word_1_4' title='bbox 1699 400 1960 463; x_wconf 79' lang='lat' dir='ltr'><strong>CYPRII</strong></span> <span class='ocrx_word' id='word_1_5' title='bbox 1999 406 2106 467; x_wconf 68' lang='lat' dir='ltr'><strong>(1P.</strong></span> <span class='ocrx_word' id='word_1_6' title='bbox 2139 408 2651 475; x_wconf 70' lang='lat' dir='ltr'><strong>PATRIARCHE</strong></span> 
     </span>
    </p>
   </div>
   <div class='ocr_carea' id='block_1_3' title="bbox 3463 427 3568 490">
    <p class='ocr_par' dir='ltr' id='par_1_3' title="bbox 3463 427 3568 490">
     <span class='ocr_line' id='line_1_3' title="bbox 3463 427 3568 490; baseline 0.019 -2"><span class='ocrx_word' id='word_1_7' title='bbox 3463 427 3568 490; x_wconf 66' lang='grc'><strong>344</strong></span> 
     </span>
    </p>
   </div>
   <div class='ocr_carea' id='block_1_4' title="bbox 306 497 1894 608">
    <p class='ocr_par' dir='ltr' id='par_1_4' title="bbox 306 497 1884 588">
     <span class='ocr_line' id='line_1_4' title="bbox 306 497 1884 588; baseline 0.012 -39"><span class='ocrx_word' id='word_1_8' title='bbox 306 510 416 550; x_wconf 87' lang='lat' dir='ltr'><strong>non</strong></span> <span class='ocrx_word' id='word_1_9' title='bbox 451 497 689 569; x_wconf 88' lang='lat' dir='ltr'><strong>denique</strong></span> <span class='ocrx_word' id='word_1_10' title='bbox 745 515 904 557; x_wconf 90' lang='lat' dir='ltr'><strong>suum</strong></span> <span class='ocrx_word' id='word_1_11' title='bbox 960 503 1105 561; x_wconf 67' lang='lat' dir='ltr'><strong>unde</strong></span> <span class='ocrx_word' id='word_1_12' title='bbox 1133 516 1388 577; x_wconf 85' lang='lat' dir='ltr'><strong>sumptus</strong></span> <span class='ocrx_word' id='word_1_13' title='bbox 1431 520 1548 566; x_wconf 87' lang='lat' dir='ltr'><strong>erat</strong></span> <span class='ocrx_word' id='word_1_14' title='bbox 1591 515 1884 588; x_wconf 63' lang='lat' dir='ltr'><strong>requisivit</strong></span> 
     </span>
    </p>
   </div>
   <div class='ocr_carea' id='block_1_5' title="bbox 2007 497 3568 608">
    <p class='ocr_par' dir='ltr' id='par_1_5' title="bbox 2007 519 3568 608">
     <span class='ocr_line' id='line_1_5' title="bbox 2007 519 3568 608; baseline 0.014 -38"><span class='ocrx_word' id='word_1_15' title='bbox 2007 519 2220 590; x_wconf 67' lang='grc' dir='ltr'>ἐκινήθη</span> <span class='ocrx_word' id='word_1_16' title='bbox 2254 524 2283 576; x_wconf 87' lang='grc' dir='ltr'><strong>ό</strong></span> <span class='ocrx_word' id='word_1_17' title='bbox 2309 524 2371 576; x_wconf 79' lang='grc' dir='ltr'><strong>ὲκ</strong></span> <span class='ocrx_word' id='word_1_18' title='bbox 2414 525 2557 597; x_wconf 73' lang='grc' dir='ltr'>χοὸς,</span> <span class='ocrx_word' id='word_1_19' title='bbox 2588 528 2650 581; x_wconf 86' lang='grc' dir='ltr'>οὗ</span> <span class='ocrx_word' id='word_1_20' title='bbox 2700 528 2800 597; x_wconf 82' lang='grc' dir='ltr'><strong>τὴν</strong></span> <span class='ocrx_word' id='word_1_21' title='bbox 2829 529 3040 585; x_wconf 90' lang='grc' dir='ltr'>οἰκείαν</span> <span class='ocrx_word' id='word_1_22' title='bbox 3069 531 3302 605; x_wconf 77' lang='grc' dir='ltr'>ἐξῄτησε</span> <span class='ocrx_word' id='word_1_23' title='bbox 3345 537 3529 608; x_wconf 81' lang='grc' dir='ltr'>χώραν</span> <span class='ocrx_word' id='word_1_24' title='bbox 3549 555 3568 572; x_wconf 91' lang='grc'><strong>·</strong></span> 
     </span>
    </p>
   </div>
   <div class='ocr_carea' id='block_1_6' title="bbox 304 588 1883 675">
    <p class='ocr_par' dir='ltr' id='par_1_6' title="bbox 304 588 1883 675">
     <span class='ocr_line' id='line_1_6' title="bbox 304 588 1883 675; baseline 0.013 -34"><span class='ocrx_word' id='word_1_25' title='bbox 304 588 511 654; x_wconf 88' lang='lat' dir='ltr'><strong>locum,</strong></span> <span class='ocrx_word' id='word_1_26' title='bbox 539 592 632 646; x_wconf 85' lang='lat' dir='ltr'><strong>sed</strong></span> <span class='ocrx_word' id='word_1_27' title='bbox 668 599 813 648; x_wconf 88' lang='lat' dir='ltr'><strong>totus</strong></span> <span class='ocrx_word' id='word_1_28' title='bbox 852 596 905 650; x_wconf 92' lang='lat' dir='ltr'><strong>in</strong></span> <span class='ocrx_word' id='word_1_29' title='bbox 961 612 1153 653; x_wconf 85' lang='lat' dir='ltr'><strong>eorum</strong></span> <span class='ocrx_word' id='word_1_30' title='bbox 1217 601 1418 669; x_wconf 88' lang='lat' dir='ltr'><strong>quibus</strong></span> <span class='ocrx_word' id='word_1_31' title='bbox 1469 603 1730 660; x_wconf 80' lang='lat' dir='ltr'><strong>fruuntur</strong></span> <span class='ocrx_word' id='word_1_32' title='bbox 1779 607 1883 675; x_wconf 85' lang='lat' dir='ltr'><strong>ipsi</strong></span> 
     </span>
    </p>
   </div>
   <div class='ocr_carea' id='block_1_7' title="bbox 305 679 1884 763">
    <p class='ocr_par' dir='ltr' id='par_1_7' title="bbox 305 679 1884 763">
     <span class='ocr_line' id='line_1_7' title="bbox 305 679 1884 763; baseline 0.015 -34"><span class='ocrx_word' id='word_1_33' title='bbox 305 679 481 747; x_wconf 80' lang='lat' dir='ltr'><strong>angeli</strong></span> <span class='ocrx_word' id='word_1_34' title='bbox 521 683 984 753; x_wconf 70' lang='lat' dir='ltr'><strong>contemplatione</strong></span> <span class='ocrx_word' id='word_1_35' title='bbox 1048 687 1281 755; x_wconf 78' lang='lat' dir='ltr'><strong>deﬁxus,</strong></span> <span class='ocrx_word' id='word_1_36' title='bbox 1322 690 1561 763; x_wconf 88' lang='lat' dir='ltr'><strong>ipsisque</strong></span> <span class='ocrx_word' id='word_1_37' title='bbox 1591 696 1884 753; x_wconf 85' lang='lat' dir='ltr'><strong>assimilari</strong></span> 
     </span>
    </p>
   </div>
   <div class='ocr_carea' id='block_1_8' title="bbox 305 775 1885 847">
    <p class='ocr_par' dir='ltr' id='par_1_8' title="bbox 305 775 1885 847">
     <span class='ocr_line' id='line_1_8' title="bbox 305 775 1885 847; baseline 0.015 -24"><span class='ocrx_word' id='word_1_38' title='bbox 305 775 663 839; x_wconf 67' lang='lat' dir='ltr'><strong>contendens,</strong></span> <span class='ocrx_word' id='word_1_39' title='bbox 684 778 792 831; x_wconf 85' lang='lat' dir='ltr'><strong>vim</strong></span> <span class='ocrx_word' id='word_1_40' title='bbox 810 778 915 833; x_wconf 91' lang='lat' dir='ltr'><strong>sibi</strong></span> <span class='ocrx_word' id='word_1_41' title='bbox 940 781 1145 847; x_wconf 89' lang='lat' dir='ltr'><strong>intulit,</strong></span> <span class='ocrx_word' id='word_1_42' title='bbox 1181 783 1351 840; x_wconf 88' lang='lat' dir='ltr'><strong>veluti</strong></span> <span class='ocrx_word' id='word_1_43' title='bbox 1383 787 1428 841; x_wconf 90' lang='lat' dir='ltr'><strong>si</strong></span> <span class='ocrx_word' id='word_1_44' title='bbox 1461 797 1715 845; x_wconf 84' lang='lat' dir='ltr'><strong>naturam</strong></span> <span class='ocrx_word' id='word_1_45' title='bbox 1737 805 1885 846; x_wconf 90' lang='lat' dir='ltr'><strong>com-</strong></span> 
     </span>
    </p>
   </div>
   <div class='ocr_carea' id='block_1_9' title="bbox 304 872 1245 943">
    <p class='ocr_par' dir='ltr' id='par_1_9' title="bbox 304 872 1245 943">
     <span class='ocr_line' id='line_1_9' title="bbox 304 872 1245 943; baseline 0.017 -28"><span class='ocrx_word' id='word_1_46' title='bbox 304 879 636 931; x_wconf 79' lang='lat' dir='ltr'><strong>munemque</strong></span> <span class='ocrx_word' id='word_1_47' title='bbox 671 884 908 926; x_wconf 80' lang='lat' dir='ltr'><strong>massam</strong></span> <span class='ocrx_word' id='word_1_48' title='bbox 951 872 1245 943; x_wconf 86' lang='lat' dir='ltr'><strong>ejurasset.</strong></span> 
     </span>
    </p>
   </div>
   <div class='ocr_carea' id='block_1_10' title="bbox 375 955 1886 1037">
    <p class='ocr_par' dir='ltr' id='par_1_10' title="bbox 375 955 1886 1037">
     <span class='ocr_line' id='line_1_10' title="bbox 375 955 1886 1037; baseline 0.017 -32"><span class='ocrx_word' id='word_1_49' title='bbox 375 955 466 1008; x_wconf 65' lang='lat'><strong>45.</strong></span> <span class='ocrx_word' id='word_1_50' title='bbox 499 958 813 1014; x_wconf 77' lang='lat' dir='ltr'><strong>Admiratus</strong></span> <span class='ocrx_word' id='word_1_51' title='bbox 850 972 936 1017; x_wconf 88' lang='lat' dir='ltr'><strong>est</strong></span> <span class='ocrx_word' id='word_1_52' title='bbox 984 979 1108 1019; x_wconf 83' lang='lat' dir='ltr'><strong>eum</strong></span> <span class='ocrx_word' id='word_1_53' title='bbox 1147 962 1470 1024; x_wconf 86' lang='lat' dir='ltr'><strong>Sanctorum</strong></span> <span class='ocrx_word' id='word_1_54' title='bbox 1513 969 1737 1037; x_wconf 86' lang='lat' dir='ltr'><strong>chorus,</strong></span> <span class='ocrx_word' id='word_1_55' title='bbox 1773 991 1886 1030; x_wconf 85' lang='lat' dir='ltr'><strong>me-</strong></span> 
     </span>
    </p>
   </div>
   <div class='ocr_carea' id='block_1_11' title="bbox 305 1046 1885 1135">
    <p class='ocr_par' dir='ltr' id='par_1_11' title="bbox 305 1046 1885 1135">
     <span class='ocr_line' id='line_1_11' title="bbox 305 1046 1885 1135; baseline 0.015 -37"><span class='ocrx_word' id='word_1_56' title='bbox 305 1046 458 1100; x_wconf 84' lang='lat' dir='ltr'><strong>dium</strong></span> <span class='ocrx_word' id='word_1_57' title='bbox 492 1051 888 1119; x_wconf 76' lang='lat' dir='ltr'><strong>excipientium</strong></span> <span class='ocrx_word' id='word_1_58' title='bbox 927 1057 1516 1132; x_wconf 85' lang='lat' dir='ltr'><strong>considerantiumque</strong></span> <span class='ocrx_word' id='word_1_59' title='bbox 1552 1064 1797 1135; x_wconf 74' lang='lat' dir='ltr'><strong>singulos</strong></span> <span class='ocrx_word' id='word_1_60' title='bbox 1827 1083 1885 1121; x_wconf 88' lang='lat' dir='ltr'><strong>se</strong></span> 
     </span>
    </p>
   </div>
   <div class='ocr_carea' id='block_1_12' title="bbox 303 1140 1882 1222">
    <p class='ocr_par' dir='ltr' id='par_1_12' title="bbox 303 1140 1882 1222">
     <span class='ocr_line' id='line_1_12' title="bbox 303 1140 1882 1222; baseline 0.014 -32"><span class='ocrx_word' id='word_1_61' title='bbox 303 1140 372 1191; x_wconf 87' lang='lat' dir='ltr'><strong>ab</strong></span> <span class='ocrx_word' id='word_1_62' title='bbox 403 1156 512 1191; x_wconf 81' lang='lat' dir='ltr'><strong>uno</strong></span> <span class='ocrx_word' id='word_1_63' title='bbox 566 1142 658 1195; x_wconf 86' lang='lat' dir='ltr'><strong>illo</strong></span> <span class='ocrx_word' id='word_1_64' title='bbox 696 1156 1002 1214; x_wconf 82' lang='lat' dir='ltr'><strong>superatos,</strong></span> <span class='ocrx_word' id='word_1_65' title='bbox 1048 1150 1340 1222; x_wconf 83' lang='lat' dir='ltr'><strong>ipsumque</strong></span> <span class='ocrx_word' id='word_1_66' title='bbox 1398 1156 1620 1212; x_wconf 87' lang='lat' dir='ltr'><strong>reveriti</strong></span> <span class='ocrx_word' id='word_1_67' title='bbox 1662 1156 1882 1213; x_wconf 77' lang='lat' dir='ltr'><strong>beatum</strong></span> 
     </span>
    </p>
   </div>
   <div class='ocr_carea' id='block_1_13' title="bbox 305 1232 1883 1323">
    <p class='ocr_par' dir='ltr' id='par_1_13' title="bbox 305 1232 1883 1323">
     <span class='ocr_line' id='line_1_13' title="bbox 305 1232 1883 1323; baseline 0.014 -41"><span class='ocrx_word' id='word_1_68' title='bbox 305 1232 765 1299; x_wconf 65' lang='lat' dir='ltr'><strong>praedicaverunt.</strong></span> <span class='ocrx_word' id='word_1_69' title='bbox 795 1235 1032 1305; x_wconf 81' lang='lat' dir='ltr'><strong>Agnovit</strong></span> <span class='ocrx_word' id='word_1_70' title='bbox 1055 1241 1106 1295; x_wconf 93' lang='lat' dir='ltr'><strong>in</strong></span> <span class='ocrx_word' id='word_1_71' title='bbox 1130 1257 1195 1297; x_wconf 90' lang='lat' dir='ltr'><strong>eo</strong></span> <span class='ocrx_word' id='word_1_72' title='bbox 1222 1244 1494 1298; x_wconf 80' lang='lat' dir='ltr'><strong>Abraham</strong></span> <span class='ocrx_word' id='word_1_73' title='bbox 1518 1245 1681 1323; x_wconf 69' lang='lat' dir='ltr'><strong>{idem</strong></span> <span class='ocrx_word' id='word_1_74' title='bbox 1706 1263 1883 1315; x_wconf 84' lang='lat' dir='ltr'><strong>suam,</strong></span> 
     </span>
    </p>
   </div>
   <div class='ocr_carea' id='block_1_14' title="bbox 304 1329 1887 1411">
    <p class='ocr_par' dir='ltr' id='par_1_14' title="bbox 304 1329 1887 1411">
     <span class='ocr_line' id='line_1_14' title="bbox 304 1329 1887 1411; baseline 0.014 -36"><span class='ocrx_word' id='word_1_75' title='bbox 304 1340 403 1392; x_wconf 80' lang='lat' dir='ltr'><strong>per</strong></span> <span class='ocrx_word' id='word_1_76' title='bbox 427 1342 589 1395; x_wconf 90' lang='lat' dir='ltr'><strong>quam</strong></span> <span class='ocrx_word' id='word_1_77' title='bbox 620 1329 861 1386; x_wconf 81' lang='lat' dir='ltr'><strong>salvatus</strong></span> <span class='ocrx_word' id='word_1_78' title='bbox 887 1342 943 1387; x_wconf 89' lang='lat' dir='ltr'><strong>et</strong></span> <span class='ocrx_word' id='word_1_79' title='bbox 972 1334 1184 1405; x_wconf 74' lang='lat' dir='ltr'><strong>amicus</strong></span> <span class='ocrx_word' id='word_1_80' title='bbox 1205 1337 1297 1390; x_wconf 90' lang='lat' dir='ltr'><strong>Dei</strong></span> <span class='ocrx_word' id='word_1_81' title='bbox 1328 1337 1505 1393; x_wconf 84' lang='lat' dir='ltr'><strong>factus</strong></span> <span class='ocrx_word' id='word_1_82' title='bbox 1522 1348 1625 1394; x_wconf 88' lang='lat' dir='ltr'><strong>est.</strong></span> <span class='ocrx_word' id='word_1_83' title='bbox 1653 1343 1887 1411; x_wconf 80' lang='lat' dir='ltr'><strong>Agnovit</strong></span> 
     </span>
    </p>
   </div>
   <div class='ocr_carea' id='block_1_15' title="bbox 305 1414 1886 1505">
    <p class='ocr_par' dir='ltr' id='par_1_15' title="bbox 305 1414 1886 1505">
     <span class='ocr_line' id='line_1_15' title="bbox 305 1414 1886 1505; baseline 0.012 -35"><span class='ocrx_word' id='word_1_84' title='bbox 305 1414 410 1470; x_wconf 85' lang='lat' dir='ltr'><strong>Joh</strong></span> <span class='ocrx_word' id='word_1_85' title='bbox 439 1428 493 1471; x_wconf 88' lang='lat' dir='ltr'><strong>et</strong></span> <span class='ocrx_word' id='word_1_86' title='bbox 530 1420 740 1489; x_wconf 78' lang='lat' dir='ltr'><strong>plagam</strong></span> <span class='ocrx_word' id='word_1_87' title='bbox 776 1432 832 1477; x_wconf 88' lang='lat' dir='ltr'><strong>et</strong></span> <span class='ocrx_word' id='word_1_88' title='bbox 890 1425 1205 1492; x_wconf 81' lang='lat' dir='ltr'><strong>patientiam</strong></span> <span class='ocrx_word' id='word_1_89' title='bbox 1234 1444 1247 1491; x_wconf 96' lang='lat'><strong>;</strong></span> <span class='ocrx_word' id='word_1_90' title='bbox 1287 1438 1521 1500; x_wconf 83' lang='lat' dir='ltr'><strong>uterque</strong></span> <span class='ocrx_word' id='word_1_91' title='bbox 1554 1442 1737 1488; x_wconf 88' lang='lat' dir='ltr'><strong>autem</strong></span> <span class='ocrx_word' id='word_1_92' title='bbox 1766 1436 1886 1505; x_wconf 89' lang='lat' dir='ltr'><strong>ejus</strong></span> 
     </span>
    </p>
   </div>
   <div class='ocr_carea' id='block_1_16' title="bbox 301 1516 1888 1584">
    <p class='ocr_par' dir='ltr' id='par_1_16' title="bbox 301 1516 1888 1584">
     <span class='ocr_line' id='line_1_16' title="bbox 301 1516 1888 1584; baseline 0.014 -22"><span class='ocrx_word' id='word_1_93' title='bbox 301 1525 430 1576; x_wconf 65' lang='lat' dir='ltr'><strong>erga</strong></span> <span class='ocrx_word' id='word_1_94' title='bbox 460 1528 728 1582; x_wconf 82' lang='lat' dir='ltr'><strong>pauperes</strong></span> <span class='ocrx_word' id='word_1_95' title='bbox 760 1516 1144 1575; x_wconf 72' lang='lat' dir='ltr'><strong>liberalitatem</strong></span> <span class='ocrx_word' id='word_1_96' title='bbox 1197 1523 1463 1581; x_wconf 80' lang='lat' dir='ltr'><strong>laudavit.</strong></span> <span class='ocrx_word' id='word_1_97' title='bbox 1502 1526 1888 1584; x_wconf 81' lang='lat' dir='ltr'><strong>Consideravit</strong></span> 
     </span>
    </p>
   </div>
   <div class='ocr_carea' id='block_1_17' title="bbox 299 1599 1886 1692">
    <p class='ocr_par' dir='ltr' id='par_1_17' title="bbox 299 1599 1886 1692">
     <span class='ocr_line' id='line_1_17' title="bbox 299 1599 1886 1692; baseline 0.013 -37"><span class='ocrx_word' id='word_1_98' title='bbox 299 1599 358 1656; x_wconf 84' lang='lat' dir='ltr'><strong>in</strong></span> <span class='ocrx_word' id='word_1_99' title='bbox 397 1618 463 1657; x_wconf 89' lang='lat' dir='ltr'><strong>eo</strong></span> <span class='ocrx_word' id='word_1_100' title='bbox 492 1603 703 1676; x_wconf 81' lang='lat' dir='ltr'><strong>Moyses</strong></span> <span class='ocrx_word' id='word_1_101' title='bbox 767 1624 1011 1666; x_wconf 89' lang='lat' dir='ltr'><strong>amorem</strong></span> <span class='ocrx_word' id='word_1_102' title='bbox 1060 1628 1187 1684; x_wconf 82' lang='lat' dir='ltr'><strong>erga</strong></span> <span class='ocrx_word' id='word_1_103' title='bbox 1233 1617 1571 1686; x_wconf 78' lang='lat' dir='ltr'><strong>proximum,</strong></span> <span class='ocrx_word' id='word_1_104' title='bbox 1598 1619 1692 1675; x_wconf 88' lang='lat' dir='ltr'><strong>sed</strong></span> <span class='ocrx_word' id='word_1_105' title='bbox 1726 1620 1886 1692; x_wconf 78' lang='lat' dir='ltr'><strong>longe</strong></span> 
     </span>
    </p>
   </div>
   <div class='ocr_carea' id='block_1_18' title="bbox 302 1696 1883 1779">
    <p class='ocr_par' dir='ltr' id='par_1_18' title="bbox 302 1696 1883 1779">
     <span class='ocr_line' id='line_1_18' title="bbox 302 1696 1883 1779; baseline 0.014 -33"><span class='ocrx_word' id='word_1_106' title='bbox 302 1709 469 1764; x_wconf 88' lang='lat' dir='ltr'><strong>quam</strong></span> <span class='ocrx_word' id='word_1_107' title='bbox 504 1696 776 1755; x_wconf 88' lang='lat' dir='ltr'><strong>habuerat</strong></span> <span class='ocrx_word' id='word_1_108' title='bbox 810 1701 926 1771; x_wconf 87' lang='lat' dir='ltr'><strong>ipse</strong></span> <span class='ocrx_word' id='word_1_109' title='bbox 987 1704 1362 1763; x_wconf 74' lang='lat' dir='ltr'><strong>sublimiorem</strong></span> <span class='ocrx_word' id='word_1_110' title='bbox 1401 1708 1839 1779; x_wconf 84' lang='lat' dir='ltr'><strong>divinioremque</strong></span> <span class='ocrx_word' id='word_1_111' title='bbox 1868 1733 1883 1769; x_wconf 93' lang='lat'><strong>:</strong></span> 
     </span>
    </p>
   </div>
   <div class='ocr_carea' id='block_1_19' title="bbox 299 1789 1887 1875">
    <p class='ocr_par' dir='ltr' id='par_1_19' title="bbox 299 1789 1887 1875">
     <span class='ocr_line' id='line_1_19' title="bbox 299 1789 1887 1875; baseline 0.012 -34"><span class='ocrx_word' id='word_1_112' title='bbox 299 1789 559 1844; x_wconf 62' lang='lat' dir='ltr'><strong>astuavit</strong></span> <span class='ocrx_word' id='word_1_113' title='bbox 589 1792 738 1848; x_wconf 90' lang='lat' dir='ltr'><strong>enim</strong></span> <span class='ocrx_word' id='word_1_114' title='bbox 792 1794 912 1851; x_wconf 85' lang='lat' dir='ltr'><strong>zelo</strong></span> <span class='ocrx_word' id='word_1_115' title='bbox 946 1796 1147 1869; x_wconf 76' lang='lat' dir='ltr'><strong>Martyr</strong></span> <span class='ocrx_word' id='word_1_116' title='bbox 1177 1814 1274 1869; x_wconf 87' lang='lat' dir='ltr'><strong>pro</strong></span> <span class='ocrx_word' id='word_1_117' title='bbox 1306 1801 1594 1859; x_wconf 87' lang='lat' dir='ltr'><strong>animabus</strong></span> <span class='ocrx_word' id='word_1_118' title='bbox 1642 1806 1887 1875; x_wconf 80' lang='lat' dir='ltr'><strong>tyranni-</strong></span> 
     </span>
    </p>
   </div>
   <div class='ocr_carea' id='block_1_20' title="bbox 302 1867 1961 1965">
    <p class='ocr_par' dir='ltr' id='par_1_20' title="bbox 302 1867 1961 1965">
     <span class='ocr_line' id='line_1_20' title="bbox 302 1867 1961 1965; baseline 0.013 -31"><span class='ocrx_word' id='word_1_119' title='bbox 302 1880 430 1936; x_wconf 87' lang='lat' dir='ltr'><strong>dem</strong></span> <span class='ocrx_word' id='word_1_120' title='bbox 466 1885 823 1955; x_wconf 84' lang='lat' dir='ltr'><strong>patientibus.</strong></span> <span class='ocrx_word' id='word_1_121' title='bbox 882 1904 995 1945; x_wconf 92' lang='lat' dir='ltr'><strong>non</strong></span> <span class='ocrx_word' id='word_1_122' title='bbox 1034 1867 1134 1962; x_wconf 79' lang='lat' dir='ltr'><strong>pro</strong></span> <span class='ocrx_word' id='word_1_123' title='bbox 1178 1867 1511 1965; x_wconf 82' lang='lat' dir='ltr'><strong>corporibus</strong></span> <span class='ocrx_word' id='word_1_124' title='bbox 1550 1897 1606 1952; x_wconf 90' lang='lat' dir='ltr'><strong>in</strong></span> <span class='ocrx_word' id='word_1_125' title='bbox 1661 1867 1780 1954; x_wconf 78' lang='lat' dir='ltr'><strong>luto</strong></span> <span class='ocrx_word' id='word_1_126' title='bbox 1831 1908 1888 1955; x_wconf 90' lang='lat' dir='ltr'><strong>et</strong></span> <span class='ocrx_word' id='word_1_127' title='bbox 1920 1867 1961 1923; x_wconf 73' lang='grc' dir='ltr'><strong><em>Β</em></strong></span> 
     </span>
    </p>
   </div>
   <div class='ocr_carea' id='block_1_21' title="bbox 301 1972 1887 2059">
    <p class='ocr_par' dir='ltr' id='par_1_21' title="bbox 301 1972 1887 2059">
     <span class='ocr_line' id='line_1_21' title="bbox 301 1972 1887 2059; baseline 0.012 -32"><span class='ocrx_word' id='word_1_128' title='bbox 301 1972 475 2029; x_wconf 81' lang='lat' dir='ltr'><strong>latere</strong></span> <span class='ocrx_word' id='word_1_129' title='bbox 504 1992 813 2035; x_wconf 69' lang='lat' dir='ltr'><strong>aerumnose</strong></span> <span class='ocrx_word' id='word_1_130' title='bbox 856 1983 1180 2053; x_wconf 85' lang='lat' dir='ltr'><strong>occupatis;</strong></span> <span class='ocrx_word' id='word_1_131' title='bbox 1224 1987 1395 2056; x_wconf 83' lang='lat' dir='ltr'><strong>signis</strong></span> <span class='ocrx_word' id='word_1_132' title='bbox 1427 1996 1610 2044; x_wconf 88' lang='lat' dir='ltr'><strong>autem</strong></span> <span class='ocrx_word' id='word_1_133' title='bbox 1652 1991 1887 2059; x_wconf 77' lang='lat' dir='ltr'><strong>ﬂagella-</strong></span> 
     </span>
    </p>
   </div>
   <div class='ocr_carea' id='block_1_22' title="bbox 300 2065 1890 2149">
    <p class='ocr_par' dir='ltr' id='par_1_22' title="bbox 300 2065 1890 2149">
     <span class='ocr_line' id='line_1_22' title="bbox 300 2065 1890 2149; baseline 0.013 -31"><span class='ocrx_word' id='word_1_134' title='bbox 300 2065 407 2130; x_wconf 80' lang='lat' dir='ltr'><strong>vit,</strong></span> <span class='ocrx_word' id='word_1_135' title='bbox 443 2083 552 2122; x_wconf 91' lang='lat' dir='ltr'><strong>non</strong></span> <span class='ocrx_word' id='word_1_136' title='bbox 582 2070 898 2142; x_wconf 64' lang='lat' dir='ltr'><strong>Egyptum,</strong></span> <span class='ocrx_word' id='word_1_137' title='bbox 935 2074 1030 2130; x_wconf 89' lang='lat' dir='ltr'><strong>sed</strong></span> <span class='ocrx_word' id='word_1_138' title='bbox 1060 2076 1224 2132; x_wconf 90' lang='lat' dir='ltr'><strong>corda</strong></span> <span class='ocrx_word' id='word_1_139' title='bbox 1246 2078 1575 2149; x_wconf 90' lang='lat' dir='ltr'><strong>impiorum;</strong></span> <span class='ocrx_word' id='word_1_140' title='bbox 1610 2090 1666 2137; x_wconf 90' lang='lat' dir='ltr'><strong>et</strong></span> <span class='ocrx_word' id='word_1_141' title='bbox 1699 2081 1890 2138; x_wconf 86' lang='lat' dir='ltr'><strong>invisi-</strong></span> 
     </span>
    </p>
   </div>
   <div class='ocr_carea' id='block_1_23' title="bbox 300 2156 1882 2239">
    <p class='ocr_par' dir='ltr' id='par_1_23' title="bbox 300 2156 1882 2239">
     <span class='ocr_line' id='line_1_23' title="bbox 300 2156 1882 2239; baseline 0.009 -26"><span class='ocrx_word' id='word_1_142' title='bbox 300 2156 470 2213; x_wconf 88' lang='lat' dir='ltr'><strong>bilem</strong></span> <span class='ocrx_word' id='word_1_143' title='bbox 505 2160 873 2229; x_wconf 86' lang='lat' dir='ltr'><strong>Pharaonem,</strong></span> <span class='ocrx_word' id='word_1_144' title='bbox 908 2181 1030 2222; x_wconf 90' lang='lat' dir='ltr'><strong>cum</strong></span> <span class='ocrx_word' id='word_1_145' title='bbox 1077 2170 1225 2224; x_wconf 91' lang='lat' dir='ltr'><strong>omni</strong></span> <span class='ocrx_word' id='word_1_146' title='bbox 1275 2186 1371 2226; x_wconf 90' lang='lat' dir='ltr'><strong>sua</strong></span> <span class='ocrx_word' id='word_1_147' title='bbox 1407 2172 1631 2239; x_wconf 88' lang='lat' dir='ltr'><strong>virtute,</strong></span> <span class='ocrx_word' id='word_1_148' title='bbox 1685 2188 1793 2229; x_wconf 90' lang='lat' dir='ltr'><strong>non</strong></span> <span class='ocrx_word' id='word_1_149' title='bbox 1830 2174 1882 2228; x_wconf 90' lang='lat' dir='ltr'><strong>in</strong></span> 
     </span>
    </p>
   </div>
   <div class='ocr_carea' id='block_1_24' title="bbox 245 2252 1886 2335">
    <p class='ocr_par' dir='ltr' id='par_1_24' title="bbox 245 2252 1886 2335">
     <span class='ocr_line' id='line_1_24' title="bbox 245 2252 1886 2335; baseline 0.011 -33"><span class='ocrx_word' id='word_1_150' title='bbox 245 2272 252 2280; x_wconf 88' lang='lat'><strong>-</strong></span> <span class='ocrx_word' id='word_1_151' title='bbox 301 2252 463 2319; x_wconf 85' lang='lat' dir='ltr'><strong>aquis</strong></span> <span class='ocrx_word' id='word_1_152' title='bbox 506 2254 755 2322; x_wconf 84' lang='lat' dir='ltr'><strong>marinis,</strong></span> <span class='ocrx_word' id='word_1_153' title='bbox 795 2258 893 2313; x_wconf 87' lang='lat' dir='ltr'><strong>sed</strong></span> <span class='ocrx_word' id='word_1_154' title='bbox 938 2260 991 2314; x_wconf 92' lang='lat' dir='ltr'><strong>in</strong></span> <span class='ocrx_word' id='word_1_155' title='bbox 1028 2276 1129 2316; x_wconf 91' lang='lat' dir='ltr'><strong>suo</strong></span> <span class='ocrx_word' id='word_1_156' title='bbox 1159 2262 1421 2318; x_wconf 88' lang='lat' dir='ltr'><strong>demersit</strong></span> <span class='ocrx_word' id='word_1_157' title='bbox 1455 2264 1762 2335; x_wconf 76' lang='lat' dir='ltr'><strong>sanguine;</strong></span> <span class='ocrx_word' id='word_1_158' title='bbox 1802 2266 1886 2320; x_wconf 85' lang='lat' dir='ltr'><strong>la-</strong></span> 
     </span>
    </p>
   </div>
   <div class='ocr_carea' id='block_1_25' title="bbox 301 2340 1887 2417">
    <p class='ocr_par' dir='ltr' id='par_1_25' title="bbox 301 2340 1887 2417">
     <span class='ocr_line' id='line_1_25' title="bbox 301 2340 1887 2417; baseline 0.009 -22"><span class='ocrx_word' id='word_1_159' title='bbox 301 2340 471 2397; x_wconf 85' lang='lat' dir='ltr'><strong>bores</strong></span> <span class='ocrx_word' id='word_1_160' title='bbox 508 2359 641 2401; x_wconf 89' lang='lat' dir='ltr'><strong>vero</strong></span> <span class='ocrx_word' id='word_1_161' title='bbox 675 2356 735 2402; x_wconf 89' lang='lat' dir='ltr'><strong>et</strong></span> <span class='ocrx_word' id='word_1_162' title='bbox 765 2350 948 2417; x_wconf 72' lang='lat' dir='ltr'><strong>prazlia</strong></span> <span class='ocrx_word' id='word_1_163' title='bbox 982 2351 1113 2416; x_wconf 89' lang='lat' dir='ltr'><strong>alia,</strong></span> <span class='ocrx_word' id='word_1_164' title='bbox 1145 2368 1251 2406; x_wconf 91' lang='lat' dir='ltr'><strong>non</strong></span> <span class='ocrx_word' id='word_1_165' title='bbox 1285 2353 1550 2410; x_wconf 87' lang='lat' dir='ltr'><strong>adversus</strong></span> <span class='ocrx_word' id='word_1_166' title='bbox 1586 2364 1746 2411; x_wconf 74' lang='lat' dir='ltr'><strong>terra:</strong></span> <span class='ocrx_word' id='word_1_167' title='bbox 1784 2355 1887 2409; x_wconf 85' lang='lat' dir='ltr'><strong>hu-</strong></span> 
     </span>
    </p>
   </div>
   <div class='ocr_carea' id='block_1_26' title="bbox 300 2434 1887 2512">
    <p class='ocr_par' dir='ltr' id='par_1_26' title="bbox 300 2434 1887 2512">
     <span class='ocr_line' id='line_1_26' title="bbox 300 2434 1887 2512; baseline 0.008 -23"><span class='ocrx_word' id='word_1_168' title='bbox 300 2434 391 2506; x_wconf 87' lang='lat' dir='ltr'><strong>jus</strong></span> <span class='ocrx_word' id='word_1_169' title='bbox 420 2445 674 2507; x_wconf 89' lang='lat' dir='ltr'><strong>potentes</strong></span> <span class='ocrx_word' id='word_1_170' title='bbox 699 2455 799 2507; x_wconf 90' lang='lat' dir='ltr'><strong>pro</strong></span> <span class='ocrx_word' id='word_1_171' title='bbox 824 2445 1038 2499; x_wconf 89' lang='lat' dir='ltr'><strong>modica</strong></span> <span class='ocrx_word' id='word_1_172' title='bbox 1065 2447 1328 2502; x_wconf 88' lang='lat' dir='ltr'><strong>sustinuit</strong></span> <span class='ocrx_word' id='word_1_173' title='bbox 1359 2449 1698 2512; x_wconf 69' lang='lat' dir='ltr'><strong>haereditate,</strong></span> <span class='ocrx_word' id='word_1_174' title='bbox 1742 2458 1794 2502; x_wconf 88' lang='lat' dir='ltr'><strong>ut</strong></span> <span class='ocrx_word' id='word_1_175' title='bbox 1830 2449 1887 2502; x_wconf 90' lang='lat' dir='ltr'><strong>in</strong></span> 
     </span>
    </p>
   </div>
   <div class='ocr_carea' id='block_1_27' title="bbox 305 2530 1887 2614">
    <p class='ocr_par' dir='ltr' id='par_1_27' title="bbox 305 2530 1887 2614">
     <span class='ocr_line' id='line_1_27' title="bbox 305 2530 1887 2614; baseline 0.01 -32"><span class='ocrx_word' id='word_1_176' title='bbox 305 2543 425 2583; x_wconf 80' lang='lat' dir='ltr'><strong>eam</strong></span> <span class='ocrx_word' id='word_1_177' title='bbox 481 2530 766 2589; x_wconf 85' lang='lat' dir='ltr'><strong>induceret</strong></span> <span class='ocrx_word' id='word_1_178' title='bbox 801 2533 1086 2595; x_wconf 77' lang='lat' dir='ltr'><strong>&#39;carnalem</strong></span> <span class='ocrx_word' id='word_1_179' title='bbox 1143 2540 1349 2605; x_wconf 83' lang='lat' dir='ltr'><strong>Israel;</strong></span> <span class='ocrx_word' id='word_1_180' title='bbox 1403 2542 1498 2597; x_wconf 85' lang='lat' dir='ltr'><strong>sed</strong></span> <span class='ocrx_word' id='word_1_181' title='bbox 1563 2559 1660 2613; x_wconf 89' lang='lat' dir='ltr'><strong>pro</strong></span> <span class='ocrx_word' id='word_1_182' title='bbox 1717 2559 1887 2614; x_wconf 75' lang='lat' dir='ltr'><strong>regno</strong></span> 
     </span>
    </p>
   </div>
   <div class='ocr_carea' id='block_1_28' title="bbox 306 2622 1889 2703">
    <p class='ocr_par' dir='ltr' id='par_1_28' title="bbox 306 2622 1889 2703">
     <span class='ocr_line' id='line_1_28' title="bbox 306 2622 1889 2703; baseline 0.009 -27"><span class='ocrx_word' id='word_1_183' title='bbox 306 2622 542 2686; x_wconf 78' lang='lat' dir='ltr'><strong>caelesti,</strong></span> <span class='ocrx_word' id='word_1_184' title='bbox 573 2626 840 2683; x_wconf 89' lang='lat' dir='ltr'><strong>adversus</strong></span> <span class='ocrx_word' id='word_1_185' title='bbox 865 2632 1148 2702; x_wconf 89' lang='lat' dir='ltr'><strong>principes</strong></span> <span class='ocrx_word' id='word_1_186' title='bbox 1177 2641 1233 2688; x_wconf 92' lang='lat' dir='ltr'><strong>ct</strong></span> <span class='ocrx_word' id='word_1_187' title='bbox 1268 2645 1588 2703; x_wconf 86' lang='lat' dir='ltr'><strong>potestates,</strong></span> <span class='ocrx_word' id='word_1_188' title='bbox 1621 2635 1889 2690; x_wconf 89' lang='lat' dir='ltr'><strong>adversus</strong></span> 
     </span>
    </p>
   </div>
   <div class='ocr_carea' id='block_1_29' title="bbox 306 2716 1889 2783">
    <p class='ocr_par' dir='ltr' id='par_1_29' title="bbox 306 2716 1889 2783">
     <span class='ocr_line' id='line_1_29' title="bbox 306 2716 1889 2783; baseline 0.008 -14"><span class='ocrx_word' id='word_1_189' title='bbox 306 2716 500 2771; x_wconf 87' lang='lat' dir='ltr'><strong>mundi</strong></span> <span class='ocrx_word' id='word_1_190' title='bbox 535 2729 778 2777; x_wconf 88' lang='lat' dir='ltr'><strong>rectores</strong></span> <span class='ocrx_word' id='word_1_191' title='bbox 837 2723 1191 2779; x_wconf 86' lang='lat' dir='ltr'><strong>tenebrarum</strong></span> <span class='ocrx_word' id='word_1_192' title='bbox 1227 2726 1442 2781; x_wconf 88' lang='lat' dir='ltr'><strong>harum.</strong></span> <span class='ocrx_word' id='word_1_193' title='bbox 1478 2727 1625 2782; x_wconf 80' lang='lat' dir='ltr'><strong>Elius</strong></span> <span class='ocrx_word' id='word_1_194' title='bbox 1676 2729 1889 2783; x_wconf 87' lang='lat' dir='ltr'><strong>zeloten</strong></span> 
     </span>
    </p>
   </div>
   <div class='ocr_carea' id='block_1_30' title="bbox 305 2815 1889 2891">
    <p class='ocr_par' dir='ltr' id='par_1_30' title="bbox 305 2815 1889 2891">
     <span class='ocr_line' id='line_1_30' title="bbox 305 2815 1889 2891; baseline 0.006 -25"><span class='ocrx_word' id='word_1_195' title='bbox 305 2827 435 2866; x_wconf 88' lang='lat' dir='ltr'><strong>eum</strong></span> <span class='ocrx_word' id='word_1_196' title='bbox 463 2815 709 2883; x_wconf 80' lang='lat' dir='ltr'><strong>agnovit,</strong></span> <span class='ocrx_word' id='word_1_197' title='bbox 734 2832 891 2887; x_wconf 87' lang='lat' dir='ltr'><strong>aeque</strong></span> <span class='ocrx_word' id='word_1_198' title='bbox 919 2835 982 2874; x_wconf 82' lang='lat' dir='ltr'><strong>ac</strong></span> <span class='ocrx_word' id='word_1_199' title='bbox 1014 2820 1281 2890; x_wconf 81' lang='lat' dir='ltr'><strong>seipsum,</strong></span> <span class='ocrx_word' id='word_1_200' title='bbox 1322 2821 1375 2875; x_wconf 90' lang='lat' dir='ltr'><strong>in</strong></span> <span class='ocrx_word' id='word_1_201' title='bbox 1407 2822 1752 2891; x_wconf 77' lang='lat' dir='ltr'><strong>coarguenda</strong></span> <span class='ocrx_word' id='word_1_202' title='bbox 1778 2822 1889 2876; x_wconf 90' lang='lat' dir='ltr'><strong>im-</strong></span> 
     </span>
    </p>
   </div>
   <div class='ocr_carea' id='block_1_31' title="bbox 306 2904 1886 2987">
    <p class='ocr_par' dir='ltr' id='par_1_31' title="bbox 306 2904 1886 2987">
     <span class='ocr_line' id='line_1_31' title="bbox 306 2904 1886 2987; baseline 0.007 -29"><span class='ocrx_word' id='word_1_203' title='bbox 306 2904 558 2972; x_wconf 85' lang='lat' dir='ltr'><strong>pietate:</strong></span> <span class='ocrx_word' id='word_1_204' title='bbox 611 2909 706 2963; x_wconf 87' lang='lat' dir='ltr'><strong>sed</strong></span> <span class='ocrx_word' id='word_1_205' title='bbox 734 2911 954 2980; x_wconf 87' lang='lat' dir='ltr'><strong>quando</strong></span> <span class='ocrx_word' id='word_1_206' title='bbox 1002 2912 1256 2983; x_wconf 87' lang='lat' dir='ltr'><strong>proprius</strong></span> <span class='ocrx_word' id='word_1_207' title='bbox 1307 2929 1433 2969; x_wconf 89' lang='lat' dir='ltr'><strong>eum</strong></span> <span class='ocrx_word' id='word_1_208' title='bbox 1485 2915 1714 2987; x_wconf 61' lang='lat' dir='ltr'><strong>aspergit,</strong></span> <span class='ocrx_word' id='word_1_209' title='bbox 1777 2931 1886 2969; x_wconf 87' lang='lat' dir='ltr'><strong>non</strong></span> 
     </span>
    </p>
   </div>
   <div class='ocr_carea' id='block_1_32' title="bbox 306 2998 1893 3078">
    <p class='ocr_par' dir='ltr' id='par_1_32' title="bbox 306 2998 1893 3078">
     <span class='ocr_line' id='line_1_32' title="bbox 306 2998 1893 3078; baseline 0.008 -29"><span class='ocrx_word' id='word_1_210' title='bbox 306 2998 489 3066; x_wconf 88' lang='lat' dir='ltr'><strong>potuit</strong></span> <span class='ocrx_word' id='word_1_211' title='bbox 519 3000 699 3055; x_wconf 85' lang='lat' dir='ltr'><strong>visum</strong></span> <span class='ocrx_word' id='word_1_212' title='bbox 757 3004 1042 3059; x_wconf 83' lang='lat' dir='ltr'><strong>intendere</strong></span> <span class='ocrx_word' id='word_1_213' title='bbox 1097 3006 1153 3060; x_wconf 89' lang='lat' dir='ltr'><strong>in</strong></span> <span class='ocrx_word' id='word_1_214' title='bbox 1215 3022 1364 3061; x_wconf 88' lang='lat' dir='ltr'><strong>eum.</strong></span> <span class='ocrx_word' id='word_1_215' title='bbox 1400 3006 1516 3062; x_wconf 80' lang='lat' dir='ltr'><strong>Non</strong></span> <span class='ocrx_word' id='word_1_216' title='bbox 1553 3008 1699 3063; x_wconf 90' lang='lat' dir='ltr'><strong>enim</strong></span> <span class='ocrx_word' id='word_1_217' title='bbox 1756 3008 1893 3078; x_wconf 81' lang='lat' dir='ltr'><strong>fugit</strong></span> 
     </span>
    </p>
   </div>
   <div class='ocr_carea' id='block_1_33' title="bbox 306 3088 1889 3166">
    <p class='ocr_par' dir='ltr' id='par_1_33' title="bbox 306 3088 1889 3166">
     <span class='ocr_line' id='line_1_33' title="bbox 306 3088 1889 3166; baseline 0.009 -25"><span class='ocrx_word' id='word_1_218' title='bbox 306 3088 515 3162; x_wconf 74' lang='lat' dir='ltr'><strong>Martyr</strong></span> <span class='ocrx_word' id='word_1_219' title='bbox 551 3107 579 3145; x_wconf 90' lang='lat' dir='ltr'><strong>a</strong></span> <span class='ocrx_word' id='word_1_220' title='bbox 631 3091 770 3147; x_wconf 80' lang='lat' dir='ltr'><strong>facie</strong></span> <span class='ocrx_word' id='word_1_221' title='bbox 800 3097 1265 3166; x_wconf 85' lang='lat' dir='ltr'><strong>persequentium,</strong></span> <span class='ocrx_word' id='word_1_222' title='bbox 1317 3113 1427 3152; x_wconf 91' lang='lat' dir='ltr'><strong>non</strong></span> <span class='ocrx_word' id='word_1_223' title='bbox 1466 3098 1519 3153; x_wconf 91' lang='lat' dir='ltr'><strong>in</strong></span> <span class='ocrx_word' id='word_1_224' title='bbox 1587 3100 1889 3155; x_wconf 84' lang='lat' dir='ltr'><strong>solitudine</strong></span> 
     </span>
    </p>
   </div>
   <div class='ocr_carea' id='block_1_34' title="bbox 1988 611 3567 700">
    <p class='ocr_par' dir='ltr' id='par_1_34' title="bbox 1988 611 3567 700">
     <span class='ocr_line' id='line_1_34' title="bbox 1988 611 3567 700; baseline 0.014 -37"><span class='ocrx_word' id='word_1_225' title='bbox 1988 611 2105 664; x_wconf 86' lang='grc' dir='ltr'>ἀλλ’</span> <span class='ocrx_word' id='word_1_226' title='bbox 2130 613 2250 677; x_wconf 85' lang='grc' dir='ltr'>ὅλος</span> <span class='ocrx_word' id='word_1_227' title='bbox 2279 611 2347 686; x_wconf 79' lang='grc' dir='ltr'>ἦν</span> <span class='ocrx_word' id='word_1_228' title='bbox 2372 618 2507 688; x_wconf 74' lang='grc' dir='ltr'>πρὸς</span> <span class='ocrx_word' id='word_1_229' title='bbox 2534 620 2603 672; x_wconf 69' lang='grc' dir='ltr'>τὰ</span> <span class='ocrx_word' id='word_1_230' title='bbox 2630 621 2852 675; x_wconf 76' lang='grc' dir='ltr'><strong>ἐκείνων</strong></span> <span class='ocrx_word' id='word_1_231' title='bbox 2885 621 3120 691; x_wconf 79' lang='grc' dir='ltr'><strong>βλέπων,</strong></span> <span class='ocrx_word' id='word_1_232' title='bbox 3159 627 3254 681; x_wconf 69' lang='grc' dir='ltr'>καὶ</span> <span class='ocrx_word' id='word_1_233' title='bbox 3290 630 3567 700; x_wconf 80' lang='grc' dir='ltr'>ὲσωθῆναι</span> 
     </span>
    </p>
   </div>
   <div class='ocr_carea' id='block_1_35' title="bbox 1990 703 3570 793">
    <p class='ocr_par' dir='ltr' id='par_1_35' title="bbox 1990 703 3570 793">
     <span class='ocr_line' id='line_1_35' title="bbox 1990 703 3570 793; baseline 0.015 -40"><span class='ocrx_word' id='word_1_234' title='bbox 1990 703 2334 770; x_wconf 77' lang='grc' dir='ltr'><strong>φιλονεικῶν,</strong></span> <span class='ocrx_word' id='word_1_235' title='bbox 2356 707 2628 772; x_wconf 75' lang='grc' dir='ltr'>ἐκϐιάζων</span> <span class='ocrx_word' id='word_1_236' title='bbox 2655 710 2801 767; x_wconf 80' lang='grc' dir='ltr'>ὥσπε</span> <span class='ocrx_word' id='word_1_237' title='bbox 2811 729 2843 783; x_wconf 89' lang='grc' dir='ltr'><strong>ρ</strong></span> <span class='ocrx_word' id='word_1_238' title='bbox 2869 709 2964 781; x_wconf 79' lang='grc' dir='ltr'><strong>τὴν</strong></span> <span class='ocrx_word' id='word_1_239' title='bbox 2987 716 3169 783; x_wconf 87' lang='grc' dir='ltr'>φύσιν,</span> <span class='ocrx_word' id='word_1_240' title='bbox 3192 719 3285 772; x_wconf 73' lang='grc' dir='ltr'>καὶ</span> <span class='ocrx_word' id='word_1_241' title='bbox 3301 720 3360 772; x_wconf 82' lang='grc' dir='ltr'>τὸ</span> <span class='ocrx_word' id='word_1_242' title='bbox 3384 723 3570 793; x_wconf 77' lang='grc' dir='ltr'>κρᾶμα</span> 
     </span>
    </p>
   </div>
   <div class='ocr_carea' id='block_1_36' title="bbox 1988 796 2355 867">
    <p class='ocr_par' dir='ltr' id='par_1_36' title="bbox 1988 796 2355 867">
     <span class='ocr_line' id='line_1_36' title="bbox 1988 796 2355 867; baseline 0.008 -17"><span class='ocrx_word' id='word_1_243' title='bbox 1988 796 2355 867; x_wconf 83' lang='grc' dir='ltr'>ἀρνούμενος.</span> 
     </span>
    </p>
   </div>
   <div class='ocr_carea' id='block_1_37' title="bbox 2066 977 3573 1064">
    <p class='ocr_par' dir='ltr' id='par_1_37' title="bbox 2066 977 3573 1064">
     <span class='ocr_line' id='line_1_37' title="bbox 2066 977 3573 1064; baseline 0.014 -33"><span class='ocrx_word' id='word_1_244' title='bbox 2066 977 2171 1049; x_wconf 87' lang='grc' dir='ltr'>με’.</span> <span class='ocrx_word' id='word_1_245' title='bbox 2226 981 2432 1036; x_wconf 86' lang='grc' dir='ltr'>Τοῦτον</span> <span class='ocrx_word' id='word_1_246' title='bbox 2478 985 2570 1038; x_wconf 70' lang='grc' dir='ltr'>καὶ</span> <span class='ocrx_word' id='word_1_247' title='bbox 2632 987 2795 1057; x_wconf 74' lang='grc' dir='ltr'>χορὸς</span> <span class='ocrx_word' id='word_1_248' title='bbox 2861 984 3064 1058; x_wconf 87' lang='grc' dir='ltr'>’Ᾱγίων</span> <span class='ocrx_word' id='word_1_249' title='bbox 3110 991 3424 1064; x_wconf 82' lang='grc' dir='ltr'>ἐθαύμασε,</span> <span class='ocrx_word' id='word_1_250' title='bbox 3483 1000 3573 1052; x_wconf 67' lang='grc' dir='ltr'>καὶ</span> 
     </span>
    </p>
   </div>
   <div class='ocr_carea' id='block_1_38' title="bbox 1992 1074 3572 1154">
    <p class='ocr_par' dir='ltr' id='par_1_38' title="bbox 1992 1074 3572 1154">
     <span class='ocr_line' id='line_1_38' title="bbox 1992 1074 3572 1154; baseline 0.015 -32"><span class='ocrx_word' id='word_1_251' title='bbox 1992 1074 2155 1143; x_wconf 74' lang='grc' dir='ltr'>μέσον</span> <span class='ocrx_word' id='word_1_252' title='bbox 2199 1076 2614 1145; x_wconf 76' lang='grc' dir='ltr'>περιλαϐόντες,</span> <span class='ocrx_word' id='word_1_253' title='bbox 2652 1081 2712 1132; x_wconf 77' lang='grc' dir='ltr'>τὸ</span> <span class='ocrx_word' id='word_1_254' title='bbox 2758 1082 3049 1154; x_wconf 80' lang='grc' dir='ltr'>ὑστέρημα</span> <span class='ocrx_word' id='word_1_255' title='bbox 3100 1084 3334 1152; x_wconf 75' lang='grc' dir='ltr'>ἕκαστος</span> <span class='ocrx_word' id='word_1_256' title='bbox 3375 1091 3572 1145; x_wconf 81' lang='grc' dir='ltr'>ἑαυτοῦ</span> 
     </span>
    </p>
   </div>
   <div class='ocr_carea' id='block_1_39' title="bbox 1988 1165 3576 1250">
    <p class='ocr_par' dir='ltr' id='par_1_39' title="bbox 1988 1165 3576 1250">
     <span class='ocr_line' id='line_1_39' title="bbox 1988 1165 3576 1250; baseline 0.011 -35"><span class='ocrx_word' id='word_1_257' title='bbox 1988 1165 2047 1215; x_wconf 84' lang='grc' dir='ltr'><strong>ὲν</strong></span> <span class='ocrx_word' id='word_1_258' title='bbox 2079 1165 2159 1218; x_wconf 70' lang='grc' dir='ltr'><strong>ἑνὶ</strong></span> <span class='ocrx_word' id='word_1_259' title='bbox 2194 1166 2372 1237; x_wconf 82' lang='grc' dir='ltr'>τούτῳ</span> <span class='ocrx_word' id='word_1_260' title='bbox 2414 1168 2852 1240; x_wconf 67' lang='grc' dir='ltr'><strong>πεπληρωμένον</strong></span> <span class='ocrx_word' id='word_1_261' title='bbox 2895 1176 3320 1241; x_wconf 79' lang='grc' dir='ltr'>κατανοοῦντες,</span> <span class='ocrx_word' id='word_1_262' title='bbox 3348 1180 3576 1250; x_wconf 72' lang='grc' dir='ltr'>ᾐδέσθη-</span> 
     </span>
    </p>
   </div>
   <div class='ocr_carea' id='block_1_40' title="bbox 1992 1260 3575 1343">
    <p class='ocr_par' dir='ltr' id='par_1_40' title="bbox 1992 1260 3575 1343">
     <span class='ocr_line' id='line_1_40' title="bbox 1992 1260 3575 1343; baseline 0.011 -34"><span class='ocrx_word' id='word_1_263' title='bbox 1992 1274 2092 1311; x_wconf 90' lang='grc' dir='ltr'><strong>σαν</strong></span> <span class='ocrx_word' id='word_1_264' title='bbox 2147 1260 2242 1313; x_wconf 78' lang='grc' dir='ltr'><strong>καὶ</strong></span> <span class='ocrx_word' id='word_1_265' title='bbox 2280 1261 2649 1331; x_wconf 80' lang='grc' dir='ltr'>ὲμακάρισαν.</span> <span class='ocrx_word' id='word_1_266' title='bbox 2684 1261 2838 1318; x_wconf 85' lang='grc' dir='ltr'>Εἶδεν</span> <span class='ocrx_word' id='word_1_267' title='bbox 2890 1266 3146 1338; x_wconf 72' lang='grc' dir='ltr'>Ἀϐραὰμ</span> <span class='ocrx_word' id='word_1_268' title='bbox 3177 1270 3234 1321; x_wconf 80' lang='grc' dir='ltr'>ἐν</span> <span class='ocrx_word' id='word_1_269' title='bbox 3264 1270 3441 1343; x_wconf 85' lang='grc' dir='ltr'>τούτῳ</span> <span class='ocrx_word' id='word_1_270' title='bbox 3481 1275 3575 1326; x_wconf 72' lang='grc' dir='ltr'>καὶ</span> 
     </span>
    </p>
   </div>
   <div class='ocr_carea' id='block_1_41' title="bbox 1950 1348 3575 1431">
    <p class='ocr_par' dir='ltr' id='par_1_41' title="bbox 1950 1348 3575 1431">
     <span class='ocr_line' id='line_1_41' title="bbox 1950 1348 3575 1431; baseline 0.008 -29"><span class='ocrx_word' id='word_1_271' title='bbox 1950 1418 1955 1423; x_wconf 91' lang='lat'><em>_</em></span> <span class='ocrx_word' id='word_1_272' title='bbox 1988 1350 2090 1421; x_wconf 80' lang='grc' dir='ltr'><strong>τὴν</strong></span> <span class='ocrx_word' id='word_1_273' title='bbox 2139 1351 2346 1405; x_wconf 75' lang='grc' dir='ltr'>οἰκείαν</span> <span class='ocrx_word' id='word_1_274' title='bbox 2380 1353 2588 1420; x_wconf 85' lang='grc' dir='ltr'>πίστιν,</span> <span class='ocrx_word' id='word_1_275' title='bbox 2630 1356 2700 1409; x_wconf 84' lang='grc' dir='ltr'>δι’</span> <span class='ocrx_word' id='word_1_276' title='bbox 2733 1348 2801 1429; x_wconf 75' lang='grc' dir='ltr'>ἧς</span> <span class='ocrx_word' id='word_1_277' title='bbox 2839 1356 3156 1429; x_wconf 76' lang='grc' dir='ltr'><strong>ἐδικαιώθη,</strong></span> <span class='ocrx_word' id='word_1_278' title='bbox 3190 1362 3283 1413; x_wconf 73' lang='grc' dir='ltr'><strong>καὶ</strong></span> <span class='ocrx_word' id='word_1_279' title='bbox 3322 1361 3382 1414; x_wconf 81' lang='grc' dir='ltr'><strong>τὸ</strong></span> <span class='ocrx_word' id='word_1_280' title='bbox 3422 1362 3575 1431; x_wconf 84' lang='grc' dir='ltr'>φιλό-</span> 
     </span>
    </p>
   </div>
   <div class='ocr_carea' id='block_1_42' title="bbox 1990 1440 3576 1525">
    <p class='ocr_par' dir='ltr' id='par_1_42' title="bbox 1990 1440 3576 1525">
     <span class='ocr_line' id='line_1_42' title="bbox 1990 1440 3576 1525; baseline 0.008 -30"><span class='ocrx_word' id='word_1_281' title='bbox 1990 1442 2134 1497; x_wconf 89' lang='grc' dir='ltr'>θεον.</span> <span class='ocrx_word' id='word_1_282' title='bbox 2182 1440 2337 1499; x_wconf 84' lang='grc' dir='ltr'>Εἴδεν</span> <span class='ocrx_word' id='word_1_283' title='bbox 2389 1442 2509 1497; x_wconf 80' lang='grc' dir='ltr'><strong>Ἰὼϐ</strong></span> <span class='ocrx_word' id='word_1_284' title='bbox 2532 1448 2626 1499; x_wconf 81' lang='grc' dir='ltr'><strong>καὶ</strong></span> <span class='ocrx_word' id='word_1_285' title='bbox 2663 1447 2763 1516; x_wconf 75' lang='grc' dir='ltr'><strong>τὴν</strong></span> <span class='ocrx_word' id='word_1_286' title='bbox 2812 1447 3054 1520; x_wconf 81' lang='grc' dir='ltr'>πληγὴν,</span> <span class='ocrx_word' id='word_1_287' title='bbox 3107 1454 3201 1503; x_wconf 65' lang='grc' dir='ltr'><strong>καὶ</strong></span> <span class='ocrx_word' id='word_1_288' title='bbox 3243 1454 3341 1522; x_wconf 78' lang='grc' dir='ltr'>τὴν</span> <span class='ocrx_word' id='word_1_289' title='bbox 3379 1472 3576 1525; x_wconf 75' lang='grc' dir='ltr'>καρτε‹</span> 
     </span>
    </p>
   </div>
   <div class='ocr_carea' id='block_1_43' title="bbox 1992 1536 3575 1612">
    <p class='ocr_par' dir='ltr' id='par_1_43' title="bbox 1992 1536 3575 1612">
     <span class='ocr_line' id='line_1_43' title="bbox 1992 1536 3575 1612; baseline 0.006 -24"><span class='ocrx_word' id='word_1_290' title='bbox 1992 1536 2137 1606; x_wconf 84' lang='grc' dir='ltr'>ρίαν,</span> <span class='ocrx_word' id='word_1_291' title='bbox 2174 1537 2270 1590; x_wconf 80' lang='grc' dir='ltr'>καὶ</span> <span class='ocrx_word' id='word_1_292' title='bbox 2322 1538 2627 1608; x_wconf 83' lang='grc' dir='ltr'>ἀμφότεροι</span> <span class='ocrx_word' id='word_1_293' title='bbox 2676 1542 2779 1609; x_wconf 81' lang='grc' dir='ltr'>τὴν</span> <span class='ocrx_word' id='word_1_294' title='bbox 2837 1540 3243 1612; x_wconf 84' lang='grc' dir='ltr'>φιλοπτωχείαν</span> <span class='ocrx_word' id='word_1_295' title='bbox 3275 1562 3289 1576; x_wconf 89' lang='grc'><strong>·</strong></span> <span class='ocrx_word' id='word_1_296' title='bbox 3330 1541 3472 1597; x_wconf 76' lang='grc' dir='ltr'>εἶδον</span> <span class='ocrx_word' id='word_1_297' title='bbox 3518 1545 3575 1598; x_wconf 74' lang='grc' dir='ltr'>δὲ</span> 
     </span>
    </p>
   </div>
   <div class='ocr_carea' id='block_1_44' title="bbox 1991 1626 3578 1702">
    <p class='ocr_par' dir='ltr' id='par_1_44' title="bbox 1991 1626 3578 1702">
     <span class='ocr_line' id='line_1_44' title="bbox 1991 1626 3578 1702; baseline 0.006 -23"><span class='ocrx_word' id='word_1_298' title='bbox 1991 1626 2225 1680; x_wconf 78' lang='grc' dir='ltr'>καὶτῶν</span> <span class='ocrx_word' id='word_1_299' title='bbox 2264 1629 2483 1680; x_wconf 75' lang='grc' dir='ltr'>οἰκείων</span> <span class='ocrx_word' id='word_1_300' title='bbox 2521 1630 2784 1683; x_wconf 78' lang='grc' dir='ltr'><strong>ἐπέκεινα</strong></span> <span class='ocrx_word' id='word_1_301' title='bbox 2827 1631 2919 1684; x_wconf 81' lang='grc' dir='ltr'><strong>τὸν</strong></span> <span class='ocrx_word' id='word_1_302' title='bbox 2962 1632 3103 1702; x_wconf 78' lang='grc' dir='ltr'>ὑπὲρ</span> <span class='ocrx_word' id='word_1_303' title='bbox 3132 1635 3372 1702; x_wconf 81' lang='grc' dir='ltr'>Χριστοῦ</span> <span class='ocrx_word' id='word_1_304' title='bbox 3415 1634 3578 1688; x_wconf 82' lang='grc' dir='ltr'>θάνα-</span> 
     </span>
    </p>
   </div>
   <div class='ocr_carea' id='block_1_45' title="bbox 1989 1721 3577 1795">
    <p class='ocr_par' dir='ltr' id='par_1_45' title="bbox 1989 1721 3577 1795">
     <span class='ocr_line' id='line_1_45' title="bbox 1989 1721 3577 1795; baseline 0.004 -23"><span class='ocrx_word' id='word_1_305' title='bbox 1989 1735 2104 1773; x_wconf 83' lang='grc' dir='ltr'>τον.</span> <span class='ocrx_word' id='word_1_306' title='bbox 2139 1721 2454 1787; x_wconf 65' lang='grc' dir='ltr'>Κατενόησε</span> <span class='ocrx_word' id='word_1_307' title='bbox 2485 1722 2732 1793; x_wconf 79' lang='grc' dir='ltr'><strong>Μωῦσῆς</strong></span> <span class='ocrx_word' id='word_1_308' title='bbox 2761 1723 2985 1794; x_wconf 78' lang='grc' dir='ltr'><strong>ἀγάπην</strong></span> <span class='ocrx_word' id='word_1_309' title='bbox 3041 1727 3174 1792; x_wconf 65' lang='grc' dir='ltr'><strong>περὶ⁴</strong></span> <span class='ocrx_word' id='word_1_310' title='bbox 3206 1725 3332 1783; x_wconf 79' lang='grc' dir='ltr'>τοὺς</span> <span class='ocrx_word' id='word_1_311' title='bbox 3363 1726 3577 1795; x_wconf 83' lang='grc' dir='ltr'>ὁμοφύ-</span> 
     </span>
    </p>
   </div>
   <div class='ocr_carea' id='block_1_46' title="bbox 1988 1810 3580 1887">
    <p class='ocr_par' dir='ltr' id='par_1_46' title="bbox 1988 1810 3580 1887">
     <span class='ocr_line' id='line_1_46' title="bbox 1988 1810 3580 1887; baseline 0.004 -24"><span class='ocrx_word' id='word_1_312' title='bbox 1988 1811 2116 1875; x_wconf 91' lang='grc' dir='ltr'>λους</span> <span class='ocrx_word' id='word_1_313' title='bbox 2150 1813 2209 1865; x_wconf 79' lang='grc' dir='ltr'><strong>ὲν</strong></span> <span class='ocrx_word' id='word_1_314' title='bbox 2238 1812 2436 1883; x_wconf 87' lang='grc' dir='ltr'>τούτῳ,</span> <span class='ocrx_word' id='word_1_315' title='bbox 2473 1814 2591 1867; x_wconf 77' lang='grc' dir='ltr'>ἀλλ’</span> <span class='ocrx_word' id='word_1_316' title='bbox 2621 1810 2690 1887; x_wconf 86' lang='grc' dir='ltr'>ἦς</span> <span class='ocrx_word' id='word_1_317' title='bbox 2736 1816 2899 1879; x_wconf 73' lang='grc' dir='ltr'>αὐτὸς</span> <span class='ocrx_word' id='word_1_318' title='bbox 2945 1816 3183 1887; x_wconf 76' lang='grc' dir='ltr'><strong>ἔσχηκεν</strong></span> <span class='ocrx_word' id='word_1_319' title='bbox 3237 1818 3580 1887; x_wconf 75' lang='grc' dir='ltr'><strong>ὑψηλοτέραν</strong></span> 
     </span>
    </p>
   </div>
   <div class='ocr_carea' id='block_1_47' title="bbox 1994 1903 3580 1978">
    <p class='ocr_par' dir='ltr' id='par_1_47' title="bbox 1994 1903 3580 1978">
     <span class='ocr_line' id='line_1_47' title="bbox 1994 1903 3580 1978; baseline 0.001 -21"><span class='ocrx_word' id='word_1_320' title='bbox 1994 1904 2091 1958; x_wconf 74' lang='grc' dir='ltr'>καὶ</span> <span class='ocrx_word' id='word_1_321' title='bbox 2120 1903 2400 1975; x_wconf 80' lang='grc' dir='ltr'><strong>θειοτέραν</strong></span> <span class='ocrx_word' id='word_1_322' title='bbox 2454 1906 2689 1977; x_wconf 81' lang='grc' dir='ltr'>μακρῷ·</span> <span class='ocrx_word' id='word_1_323' title='bbox 2723 1906 2864 1976; x_wconf 81' lang='grc' dir='ltr'>ὑπὲρ</span> <span class='ocrx_word' id='word_1_324' title='bbox 2918 1906 3025 1978; x_wconf 84' lang='grc' dir='ltr'>γὰρ</span> <span class='ocrx_word' id='word_1_325' title='bbox 3078 1906 3272 1977; x_wconf 77' lang='grc' dir='ltr'>ψυχῶν</span> <span class='ocrx_word' id='word_1_326' title='bbox 3307 1907 3580 1976; x_wconf 85' lang='grc' dir='ltr'>ὲπυροῦτο</span> 
     </span>
    </p>
   </div>
   <div class='ocr_carea' id='block_1_48' title="bbox 1989 1997 3579 2070">
    <p class='ocr_par' dir='ltr' id='par_1_48' title="bbox 1989 1997 3579 2070">
     <span class='ocr_line' id='line_1_48' title="bbox 1989 1997 3579 2070; baseline 0.001 -20"><span class='ocrx_word' id='word_1_327' title='bbox 1989 1998 2440 2067; x_wconf 78' lang='grc' dir='ltr'>τυραννουμένων</span> <span class='ocrx_word' id='word_1_328' title='bbox 2482 1999 2510 2050; x_wconf 82' lang='grc' dir='ltr'><strong>ὁ</strong></span> <span class='ocrx_word' id='word_1_329' title='bbox 2551 1997 2799 2066; x_wconf 72' lang='grc' dir='ltr'>Μάρτυς,</span> <span class='ocrx_word' id='word_1_330' title='bbox 2846 1999 2908 2052; x_wconf 83' lang='grc' dir='ltr'><strong>ού</strong></span> <span class='ocrx_word' id='word_1_331' title='bbox 2961 2001 3232 2070; x_wconf 86' lang='grc' dir='ltr'>σωμάτων</span> <span class='ocrx_word' id='word_1_332' title='bbox 3282 2000 3441 2070; x_wconf 82' lang='grc' dir='ltr'>πηλῷ</span> <span class='ocrx_word' id='word_1_333' title='bbox 3485 1999 3579 2052; x_wconf 75' lang='grc' dir='ltr'>καὶ</span> 
     </span>
    </p>
   </div>
   <div class='ocr_carea' id='block_1_49' title="bbox 1994 2087 3580 2161">
    <p class='ocr_par' dir='ltr' id='par_1_49' title="bbox 1994 2087 3580 2161">
     <span class='ocr_line' id='line_1_49' title="bbox 1994 2087 3580 2161; baseline 0.003 -20"><span class='ocrx_word' id='word_1_334' title='bbox 1994 2088 2221 2159; x_wconf 73' lang='grc' dir='ltr'>πλινθίᾳ</span> <span class='ocrx_word' id='word_1_335' title='bbox 2254 2087 2749 2160; x_wconf 75' lang='grc' dir='ltr'>ταλαιπωροῦντων</span> <span class='ocrx_word' id='word_1_336' title='bbox 2776 2105 2792 2121; x_wconf 82' lang='grc'><strong>’</strong></span> <span class='ocrx_word' id='word_1_337' title='bbox 2832 2092 3081 2161; x_wconf 78' lang='grc' dir='ltr'><strong>σημείοις</strong></span> <span class='ocrx_word' id='word_1_338' title='bbox 3123 2108 3206 2156; x_wconf 90' lang='grc' dir='ltr'><strong>τε,</strong></span> <span class='ocrx_word' id='word_1_339' title='bbox 3242 2094 3303 2146; x_wconf 87' lang='grc' dir='ltr'><strong>ού</strong></span> <span class='ocrx_word' id='word_1_340' title='bbox 3339 2093 3438 2161; x_wconf 77' lang='grc' dir='ltr'>τὴν</span> <span class='ocrx_word' id='word_1_341' title='bbox 3486 2093 3580 2145; x_wconf 77' lang='grc' dir='ltr'><strong>Αί-</strong></span> 
     </span>
    </p>
   </div>
   <div class='ocr_carea' id='block_1_50' title="bbox 1994 2181 3581 2255">
    <p class='ocr_par' dir='ltr' id='par_1_50' title="bbox 1994 2181 3581 2255">
     <span class='ocr_line' id='line_1_50' title="bbox 1994 2181 3581 2255; baseline 0.003 -22"><span class='ocrx_word' id='word_1_342' title='bbox 1994 2198 2224 2250; x_wconf 81' lang='grc' dir='ltr'>γυπτον,</span> <span class='ocrx_word' id='word_1_343' title='bbox 2261 2182 2396 2234; x_wconf 82' lang='grc' dir='ltr'>ἀλλά</span> <span class='ocrx_word' id='word_1_344' title='bbox 2431 2183 2663 2252; x_wconf 76' lang='grc' dir='ltr'>καρδίας</span> <span class='ocrx_word' id='word_1_345' title='bbox 2697 2181 2875 2236; x_wconf 82' lang='grc' dir='ltr'>ἀθέων</span> <span class='ocrx_word' id='word_1_346' title='bbox 2924 2183 3211 2252; x_wconf 82' lang='grc' dir='ltr'>ἑμάστιξε,</span> <span class='ocrx_word' id='word_1_347' title='bbox 3241 2184 3335 2238; x_wconf 68' lang='grc' dir='ltr'>καὶ</span> <span class='ocrx_word' id='word_1_348' title='bbox 3378 2186 3581 2255; x_wconf 79' lang='grc' dir='ltr'>Φαραὼ</span> 
     </span>
    </p>
   </div>
   <div class='ocr_carea' id='block_1_51' title="bbox 1993 2272 3579 2345">
    <p class='ocr_par' dir='ltr' id='par_1_51' title="bbox 1993 2272 3579 2345">
     <span class='ocr_line' id='line_1_51' title="bbox 1993 2272 3579 2345; baseline 0.003 -20"><span class='ocrx_word' id='word_1_349' title='bbox 1993 2272 2086 2325; x_wconf 73' lang='grc' dir='ltr'>τὸν</span> <span class='ocrx_word' id='word_1_350' title='bbox 2114 2273 2305 2342; x_wconf 66' lang='grc' dir='ltr'>νοητὸν</span> <span class='ocrx_word' id='word_1_351' title='bbox 2354 2274 2491 2342; x_wconf 78' lang='grc' dir='ltr'>μετᾶ</span> <span class='ocrx_word' id='word_1_352' title='bbox 2540 2273 2640 2342; x_wconf 79' lang='grc' dir='ltr'><strong>τῆς</strong></span> <span class='ocrx_word' id='word_1_353' title='bbox 2688 2274 2779 2326; x_wconf 83' lang='grc' dir='ltr'><strong>ὑπ’</strong></span> <span class='ocrx_word' id='word_1_354' title='bbox 2827 2275 2992 2327; x_wconf 76' lang='grc' dir='ltr'>αὑτὸν</span> <span class='ocrx_word' id='word_1_355' title='bbox 3039 2276 3348 2345; x_wconf 82' lang='grc' dir='ltr'>δυνάμεως,</span> <span class='ocrx_word' id='word_1_356' title='bbox 3381 2279 3481 2330; x_wconf 73' lang='grc' dir='ltr'>οὐκ</span> <span class='ocrx_word' id='word_1_357' title='bbox 3518 2278 3579 2330; x_wconf 83' lang='grc' dir='ltr'>ὲν</span> 
     </span>
    </p>
   </div>
   <div class='ocr_carea' id='block_1_52' title="bbox 1996 2365 3580 2437">
    <p class='ocr_par' dir='ltr' id='par_1_52' title="bbox 1996 2365 3580 2437">
     <span class='ocr_line' id='line_1_52' title="bbox 1996 2365 3580 2437; baseline 0.004 -19"><span class='ocrx_word' id='word_1_358' title='bbox 1996 2365 2152 2419; x_wconf 78' lang='grc' dir='ltr'>ὕδασι</span> <span class='ocrx_word' id='word_1_359' title='bbox 2189 2367 2490 2436; x_wconf 70' lang='grc' dir='ltr'>θαλάσσης,</span> <span class='ocrx_word' id='word_1_360' title='bbox 2519 2368 2577 2419; x_wconf 77' lang='grc' dir='ltr'>ἐν</span> <span class='ocrx_word' id='word_1_361' title='bbox 2613 2368 2810 2437; x_wconf 77' lang='grc' dir='ltr'>αἵμασι</span> <span class='ocrx_word' id='word_1_362' title='bbox 2844 2370 2901 2421; x_wconf 85' lang='grc' dir='ltr'>δὲ</span> <span class='ocrx_word' id='word_1_363' title='bbox 2928 2372 3041 2432; x_wconf 76' lang='grc' dir='ltr'>τοῖς</span> <span class='ocrx_word' id='word_1_364' title='bbox 3076 2370 3271 2423; x_wconf 79' lang='grc' dir='ltr'>ἑαυτοῦ</span> <span class='ocrx_word' id='word_1_365' title='bbox 3308 2373 3580 2424; x_wconf 84' lang='grc' dir='ltr'>κατεπόν-</span> 
     </span>
    </p>
   </div>
   <div class='ocr_carea' id='block_1_53' title="bbox 1993 2461 3581 2533">
    <p class='ocr_par' dir='ltr' id='par_1_53' title="bbox 1993 2461 3581 2533">
     <span class='ocr_line' id='line_1_53' title="bbox 1993 2461 3581 2533; baseline 0.004 -22"><span class='ocrx_word' id='word_1_366' title='bbox 1993 2476 2143 2513; x_wconf 72' lang='grc' dir='ltr'>τισε·</span> <span class='ocrx_word' id='word_1_367' title='bbox 2188 2461 2383 2522; x_wconf 69' lang='grc' dir='ltr'>πόνους</span> <span class='ocrx_word' id='word_1_368' title='bbox 2432 2478 2488 2512; x_wconf 85' lang='grc' dir='ltr'><strong>τε</strong></span> <span class='ocrx_word' id='word_1_369' title='bbox 2540 2461 2634 2514; x_wconf 80' lang='grc' dir='ltr'>καὶ</span> <span class='ocrx_word' id='word_1_370' title='bbox 2692 2464 2873 2533; x_wconf 81' lang='grc' dir='ltr'>μάχας</span> <span class='ocrx_word' id='word_1_371' title='bbox 2931 2462 3120 2527; x_wconf 85' lang='grc' dir='ltr'>ἄλλας,</span> <span class='ocrx_word' id='word_1_372' title='bbox 3160 2464 3221 2517; x_wconf 85' lang='grc' dir='ltr'>οὐ</span> <span class='ocrx_word' id='word_1_373' title='bbox 3281 2464 3417 2533; x_wconf 77' lang='grc' dir='ltr'>πρὸς</span> <span class='ocrx_word' id='word_1_374' title='bbox 3452 2465 3581 2527; x_wconf 80' lang='grc' dir='ltr'>τοὺς</span> 
     </span>
    </p>
   </div>
   <div class='ocr_carea' id='block_1_54' title="bbox 1993 2553 3580 2628">
    <p class='ocr_par' dir='ltr' id='par_1_54' title="bbox 1993 2553 3580 2628">
     <span class='ocr_line' id='line_1_54' title="bbox 1993 2553 3580 2628; baseline 0.004 -23"><span class='ocrx_word' id='word_1_375' title='bbox 1993 2553 2329 2624; x_wconf 81' lang='grc' dir='ltr'><strong>κρατοῦντας</strong></span> <span class='ocrx_word' id='word_1_376' title='bbox 2364 2555 2460 2623; x_wconf 76' lang='grc' dir='ltr'><strong>τῆς</strong></span> <span class='ocrx_word' id='word_1_377' title='bbox 2494 2555 2643 2608; x_wconf 76' lang='grc' dir='ltr'>κάτω</span> <span class='ocrx_word' id='word_1_378' title='bbox 2683 2556 2811 2625; x_wconf 79' lang='grc' dir='ltr'>γῆς,</span> <span class='ocrx_word' id='word_1_379' title='bbox 2845 2558 2941 2609; x_wconf 69' lang='grc' dir='ltr'>καὶ</span> <span class='ocrx_word' id='word_1_380' title='bbox 2972 2557 3101 2628; x_wconf 73' lang='grc' dir='ltr'>περὶ</span> <span class='ocrx_word' id='word_1_381' title='bbox 3148 2559 3350 2627; x_wconf 82' lang='grc' dir='ltr'>μικρᾶς</span> <span class='ocrx_word' id='word_1_382' title='bbox 3383 2557 3580 2611; x_wconf 70' lang='grc' dir='ltr'>ἐνεδεί-</span> 
     </span>
    </p>
   </div>
   <div class='ocr_carea' id='block_1_55' title="bbox 1996 2647 3581 2723">
    <p class='ocr_par' dir='ltr' id='par_1_55' title="bbox 1996 2647 3581 2723">
     <span class='ocr_line' id='line_1_55' title="bbox 1996 2647 3581 2723; baseline 0.001 -21"><span class='ocrx_word' id='word_1_383' title='bbox 1996 2647 2144 2712; x_wconf 78' lang='grc' dir='ltr'>ξατο,</span> <span class='ocrx_word' id='word_1_384' title='bbox 2179 2649 2267 2701; x_wconf 83' lang='grc' dir='ltr'><strong>ἵνα</strong></span> <span class='ocrx_word' id='word_1_385' title='bbox 2314 2648 2851 2722; x_wconf 75' lang='grc' dir='ltr'>κατακληρονομηθῇ</span> <span class='ocrx_word' id='word_1_386' title='bbox 2901 2652 2929 2704; x_wconf 85' lang='grc' dir='ltr'><strong>ό</strong></span> <span class='ocrx_word' id='word_1_387' title='bbox 2977 2652 3040 2704; x_wconf 80' lang='grc' dir='ltr'><strong>ἐκ</strong></span> <span class='ocrx_word' id='word_1_388' title='bbox 3093 2653 3297 2721; x_wconf 73' lang='grc' dir='ltr'>σαρκὸς</span> <span class='ocrx_word' id='word_1_389' title='bbox 3338 2651 3581 2723; x_wconf 74' lang='grc' dir='ltr'>Ἰσραὴλ,</span> 
     </span>
    </p>
   </div>
   <div class='ocr_carea' id='block_1_56' title="bbox 1995 2739 3584 2813">
    <p class='ocr_par' dir='ltr' id='par_1_56' title="bbox 1995 2739 3584 2813">
     <span class='ocr_line' id='line_1_56' title="bbox 1995 2739 3584 2813; baseline 0.001 -19"><span class='ocrx_word' id='word_1_390' title='bbox 1995 2739 2111 2794; x_wconf 83' lang='grc' dir='ltr'>ἀλλ’</span> <span class='ocrx_word' id='word_1_391' title='bbox 2141 2740 2281 2811; x_wconf 80' lang='grc' dir='ltr'>ὑπὲρ</span> <span class='ocrx_word' id='word_1_392' title='bbox 2323 2741 2434 2794; x_wconf 81' lang='grc' dir='ltr'><strong>τῶν</strong></span> <span class='ocrx_word' id='word_1_393' title='bbox 2479 2744 2776 2811; x_wconf 74' lang='grc' dir='ltr'>οὐρανίων,</span> <span class='ocrx_word' id='word_1_394' title='bbox 2812 2744 2905 2797; x_wconf 76' lang='grc' dir='ltr'>καὶ</span> <span class='ocrx_word' id='word_1_395' title='bbox 2937 2744 3073 2813; x_wconf 84' lang='grc' dir='ltr'>πρὸς</span> <span class='ocrx_word' id='word_1_396' title='bbox 3111 2743 3211 2807; x_wconf 82' lang='grc' dir='ltr'><strong>τὰς</strong></span> <span class='ocrx_word' id='word_1_397' title='bbox 3263 2744 3440 2812; x_wconf 79' lang='grc' dir='ltr'>ἀρχὰς</span> <span class='ocrx_word' id='word_1_398' title='bbox 3487 2740 3584 2797; x_wconf 87' lang='grc' dir='ltr'><strong>τοῦ</strong></span> 
     </span>
    </p>
   </div>
   <div class='ocr_carea' id='block_1_57' title="bbox 1999 2834 3584 2908">
    <p class='ocr_par' dir='ltr' id='par_1_57' title="bbox 1999 2834 3584 2908">
     <span class='ocr_line' id='line_1_57' title="bbox 1999 2834 3584 2908; baseline 0.004 -22"><span class='ocrx_word' id='word_1_399' title='bbox 1999 2834 2248 2898; x_wconf 87' lang='grc' dir='ltr'>σκότους,</span> <span class='ocrx_word' id='word_1_400' title='bbox 2283 2835 2419 2904; x_wconf 60' lang='grc' dir='ltr'>πρδλς</span> <span class='ocrx_word' id='word_1_401' title='bbox 2449 2836 2546 2897; x_wconf 74' lang='grc' dir='ltr'>τάς</span> <span class='ocrx_word' id='word_1_402' title='bbox 2582 2834 2831 2899; x_wconf 78' lang='grc' dir='ltr'>ἐξουσίας</span> <span class='ocrx_word' id='word_1_403' title='bbox 2867 2836 2958 2889; x_wconf 76' lang='grc' dir='ltr'>καὶ</span> <span class='ocrx_word' id='word_1_404' title='bbox 2992 2836 3083 2889; x_wconf 76' lang='grc' dir='ltr'><strong>τὸν</strong></span> <span class='ocrx_word' id='word_1_405' title='bbox 3136 2837 3584 2908; x_wconf 83' lang='grc' dir='ltr'>κοσμοκράτορα.</span> 
     </span>
    </p>
   </div>
   <div class='ocr_carea' id='block_1_58' title="bbox 2008 2927 3587 3000">
    <p class='ocr_par' dir='ltr' id='par_1_58' title="bbox 2008 2927 3587 3000">
     <span class='ocr_line' id='line_1_58' title="bbox 2008 2927 3587 3000; baseline 0 -18"><span class='ocrx_word' id='word_1_406' title='bbox 2008 2929 2198 2992; x_wconf 80' lang='grc' dir='ltr'>Ἠλίας</span> <span class='ocrx_word' id='word_1_407' title='bbox 2224 2930 2429 2997; x_wconf 75' lang='grc' dir='ltr'>ἔγνωκε</span> <span class='ocrx_word' id='word_1_408' title='bbox 2487 2931 2585 2998; x_wconf 79' lang='grc' dir='ltr'>μὲν</span> <span class='ocrx_word' id='word_1_409' title='bbox 2638 2927 2904 3000; x_wconf 78' lang='grc' dir='ltr'>ζηλωτὴν,</span> <span class='ocrx_word' id='word_1_410' title='bbox 2939 2929 3030 2981; x_wconf 78' lang='grc' dir='ltr'><strong>καὶ</strong></span> <span class='ocrx_word' id='word_1_411' title='bbox 3076 2928 3225 2983; x_wconf 83' lang='grc' dir='ltr'>τόνδε</span> <span class='ocrx_word' id='word_1_412' title='bbox 3275 2929 3349 2991; x_wconf 84' lang='grc' dir='ltr'>ὡς</span> <span class='ocrx_word' id='word_1_413' title='bbox 3385 2930 3587 2982; x_wconf 81' lang='grc' dir='ltr'>ἑαυτὸν</span> 
     </span>
    </p>
   </div>
   <div class='ocr_carea' id='block_1_59' title="bbox 1997 3021 3587 3092">
    <p class='ocr_par' dir='ltr' id='par_1_59' title="bbox 1997 3021 3587 3092">
     <span class='ocr_line' id='line_1_59' title="bbox 1997 3021 3587 3092; baseline -0.001 -16"><span class='ocrx_word' id='word_1_414' title='bbox 1997 3024 2092 3077; x_wconf 68' lang='grc' dir='ltr'>καὶ</span> <span class='ocrx_word' id='word_1_415' title='bbox 2143 3021 2374 3091; x_wconf 81' lang='grc' dir='ltr'>ἀνομίαν</span> <span class='ocrx_word' id='word_1_416' title='bbox 2425 3022 2761 3092; x_wconf 72' lang='grc' dir='ltr'>ἐλέγχονταο</span> <span class='ocrx_word' id='word_1_417' title='bbox 2793 3021 2821 3074; x_wconf 82' lang='grc' dir='ltr'>ὃ</span> <span class='ocrx_word' id='word_1_418' title='bbox 2875 3022 2921 3075; x_wconf 84' lang='grc' dir='ltr'>δ’</span> <span class='ocrx_word' id='word_1_419' title='bbox 2974 3022 3233 3076; x_wconf 76' lang='grc' dir='ltr'><strong>ἐπέκεινα</strong></span> <span class='ocrx_word' id='word_1_420' title='bbox 3285 3021 3478 3075; x_wconf 79' lang='grc' dir='ltr'>ἐθεᾶτο</span> <span class='ocrx_word' id='word_1_421' title='bbox 3527 3022 3587 3073; x_wconf 86' lang='grc' dir='ltr'><strong>ὲν</strong></span> 
     </span>
    </p>
   </div>
   <div class='ocr_carea' id='block_1_60' title="bbox 1996 3109 3584 3185">
    <p class='ocr_par' dir='ltr' id='par_1_60' title="bbox 1996 3109 3584 3185">
     <span class='ocr_line' id='line_1_60' title="bbox 1996 3109 3584 3185; baseline 0 -19"><span class='ocrx_word' id='word_1_422' title='bbox 1996 3113 2196 3184; x_wconf 75' lang='grc' dir='ltr'>τούτῳ,</span> <span class='ocrx_word' id='word_1_423' title='bbox 2227 3115 2324 3166; x_wconf 76' lang='grc' dir='ltr'>οὐκ</span> <span class='ocrx_word' id='word_1_424' title='bbox 2352 3109 2499 3184; x_wconf 77' lang='grc' dir='ltr'>εἶχεν</span> <span class='ocrx_word' id='word_1_425' title='bbox 2537 3116 2592 3166; x_wconf 84' lang='grc' dir='ltr'>ὲν</span> <span class='ocrx_word' id='word_1_426' title='bbox 2619 3113 2769 3183; x_wconf 79' lang='grc' dir='ltr'>αὐτῷ</span> <span class='ocrx_word' id='word_1_427' title='bbox 2798 3115 3060 3169; x_wconf 77' lang='grc' dir='ltr'>κατιδεῖν.</span> <span class='ocrx_word' id='word_1_428' title='bbox 3097 3116 3172 3168; x_wconf 85' lang='grc' dir='ltr'><strong>Οὐ</strong></span> <span class='ocrx_word' id='word_1_429' title='bbox 3208 3117 3318 3185; x_wconf 83' lang='grc' dir='ltr'><strong>γὰρ</strong></span> <span class='ocrx_word' id='word_1_430' title='bbox 3349 3116 3584 3183; x_wconf 76' lang='grc' dir='ltr'>ἔφευγεν</span> 
     </span>
    </p>
   </div>
   <div class='ocr_carea' id='block_1_61' title="bbox 309 3184 1894 3277">
    <p class='ocr_par' dir='ltr' id='par_1_61' title="bbox 309 3184 1891 3264">
     <span class='ocr_line' id='line_1_61' title="bbox 309 3184 1891 3264; baseline 0.008 -28"><span class='ocrx_word' id='word_1_431' title='bbox 309 3184 534 3240; x_wconf 80' lang='lat' dir='ltr'><strong>abditus</strong></span> <span class='ocrx_word' id='word_1_432' title='bbox 559 3186 813 3255; x_wconf 85' lang='lat' dir='ltr'><strong>privatim</strong></span> <span class='ocrx_word' id='word_1_433' title='bbox 840 3189 1246 3246; x_wconf 85' lang='lat' dir='ltr'><strong>lamentabatur</strong></span> <span class='ocrx_word' id='word_1_434' title='bbox 1278 3193 1613 3264; x_wconf 83' lang='lat' dir='ltr'><strong>impietatem</strong></span> <span class='ocrx_word' id='word_1_435' title='bbox 1640 3194 1891 3249; x_wconf 88' lang='lat' dir='ltr'><strong>lsraelis:</strong></span> 
     </span>
    </p>
   </div>
   <div class='ocr_carea' id='block_1_62' title="bbox 2007 3184 3591 3277">
    <p class='ocr_par' dir='ltr' id='par_1_62' title="bbox 2007 3184 3591 3277">
     <span class='ocr_line' id='line_1_62' title="bbox 2007 3184 3591 3277; baseline 0 -18"><span class='ocrx_word' id='word_1_436' title='bbox 2007 3206 2109 3260; x_wconf 60' lang='lat' dir='ltr'><strong>iii-rb</strong></span> <span class='ocrx_word' id='word_1_437' title='bbox 2146 3207 2443 3277; x_wconf 76' lang='grc' dir='ltr'>προσώπου</span> <span class='ocrx_word' id='word_1_438' title='bbox 2478 3206 2588 3258; x_wconf 75' lang='grc' dir='ltr'>τῶν</span> <span class='ocrx_word' id='word_1_439' title='bbox 2635 3207 2942 3259; x_wconf 77' lang='grc' dir='ltr'>διωκόντων</span> <span class='ocrx_word' id='word_1_440' title='bbox 2975 3210 3002 3260; x_wconf 90' lang='grc' dir='ltr'>ὁ</span> <span class='ocrx_word' id='word_1_441' title='bbox 3033 3184 3294 3277; x_wconf 77' lang='grc' dir='ltr'>Μάρτυς,</span> <span class='ocrx_word' id='word_1_442' title='bbox 3317 3207 3428 3260; x_wconf 76' lang='grc' dir='ltr'><strong>οὐδ’</strong></span> <span class='ocrx_word' id='word_1_443' title='bbox 3463 3209 3591 3276; x_wconf 80' lang='grc' dir='ltr'>ἐρη-</span> 
     </span>
    </p>
   </div>
   <div class='ocr_carea' id='block_1_63' title="bbox 310 3279 1891 3355">
    <p class='ocr_par' dir='ltr' id='par_1_63' title="bbox 310 3279 1891 3355">
     <span class='ocr_line' id='line_1_63' title="bbox 310 3279 1891 3355; baseline 0.004 -22"><span class='ocrx_word' id='word_1_444' title='bbox 310 3279 406 3333; x_wconf 86' lang='lat' dir='ltr'><strong>sed</strong></span> <span class='ocrx_word' id='word_1_445' title='bbox 429 3280 608 3334; x_wconf 90' lang='lat' dir='ltr'><strong>media</strong></span> <span class='ocrx_word' id='word_1_446' title='bbox 635 3281 687 3334; x_wconf 90' lang='lat' dir='ltr'><strong>in</strong></span> <span class='ocrx_word' id='word_1_447' title='bbox 720 3282 963 3352; x_wconf 88' lang='lat' dir='ltr'><strong>pericula</strong></span> <span class='ocrx_word' id='word_1_448' title='bbox 993 3301 1114 3340; x_wconf 86' lang='lat' dir='ltr'><strong>sese</strong></span> <span class='ocrx_word' id='word_1_449' title='bbox 1140 3286 1408 3351; x_wconf 69' lang='lat' dir='ltr'><strong>inferens,</strong></span> <span class='ocrx_word' id='word_1_450' title='bbox 1429 3289 1574 3343; x_wconf 86' lang='lat' dir='ltr'><strong>illata</strong></span> <span class='ocrx_word' id='word_1_451' title='bbox 1605 3289 1891 3355; x_wconf 85' lang='lat' dir='ltr'><strong>sustinuit,</strong></span> 
     </span>
    </p>
   </div>
   <div class='ocr_carea' id='block_1_64' title="bbox 310 3373 1945 3455">
    <p class='ocr_par' dir='ltr' id='par_1_64' title="bbox 310 3373 1945 3455">
     <span class='ocr_line' id='line_1_64' title="bbox 310 3373 1945 3455; baseline 0.003 -29"><span class='ocrx_word' id='word_1_452' title='bbox 310 3373 613 3455; x_wconf 70' lang='lat' dir='ltr'><strong>secundum</strong></span> <span class='ocrx_word' id='word_1_453' title='bbox 670 3378 1157 3446; x_wconf 81' lang='lat' dir='ltr'><strong>promptitudinem</strong></span> <span class='ocrx_word' id='word_1_454' title='bbox 1197 3380 1426 3449; x_wconf 89' lang='lat' dir='ltr'><strong>spiritus</strong></span> <span class='ocrx_word' id='word_1_455' title='bbox 1479 3396 1680 3450; x_wconf 88' lang='lat' dir='ltr'><strong>corpus</strong></span> <span class='ocrx_word' id='word_1_456' title='bbox 1732 3396 1894 3435; x_wconf 89' lang='lat' dir='ltr'><strong>suum</strong></span> <span class='ocrx_word' id='word_1_457' title='bbox 1936 3423 1945 3431; x_wconf 93' lang='lat'><strong>.</strong></span> 
     </span>
    </p>
   </div>
   <div class='ocr_carea' id='block_1_65' title="bbox 312 3464 1892 3537">
    <p class='ocr_par' dir='ltr' id='par_1_65' title="bbox 312 3464 1892 3537">
     <span class='ocr_line' id='line_1_65' title="bbox 312 3464 1892 3537; baseline 0.005 -19"><span class='ocrx_word' id='word_1_458' title='bbox 312 3464 425 3520; x_wconf 85' lang='lat' dir='ltr'><strong>illis</strong></span> <span class='ocrx_word' id='word_1_459' title='bbox 452 3467 743 3524; x_wconf 82' lang='lat' dir='ltr'><strong>exhibens.</strong></span> <span class='ocrx_word' id='word_1_460' title='bbox 772 3469 916 3525; x_wconf 90' lang='lat' dir='ltr'><strong>Socii</strong></span> <span class='ocrx_word' id='word_1_461' title='bbox 950 3472 1177 3536; x_wconf 67' lang='lat' dir='ltr'><strong>Azarite,</strong></span> <span class='ocrx_word' id='word_1_462' title='bbox 1205 3483 1262 3528; x_wconf 86' lang='lat' dir='ltr'><strong>ct</strong></span> <span class='ocrx_word' id='word_1_463' title='bbox 1302 3473 1515 3537; x_wconf 86' lang='lat' dir='ltr'><strong>Daniel.</strong></span> <span class='ocrx_word' id='word_1_464' title='bbox 1549 3474 1601 3526; x_wconf 91' lang='lat' dir='ltr'><strong>in</strong></span> <span class='ocrx_word' id='word_1_465' title='bbox 1635 3473 1756 3527; x_wconf 88' lang='lat' dir='ltr'><strong>lacu</strong></span> <span class='ocrx_word' id='word_1_466' title='bbox 1784 3487 1892 3526; x_wconf 88' lang='lat' dir='ltr'><strong>non</strong></span> 
     </span>
    </p>
   </div>
   <div class='ocr_carea' id='block_1_66' title="bbox 314 3557 1895 3635">
    <p class='ocr_par' dir='ltr' id='par_1_66' title="bbox 314 3557 1895 3635">
     <span class='ocr_line' id='line_1_66' title="bbox 314 3557 1895 3635; baseline 0.004 -24"><span class='ocrx_word' id='word_1_467' title='bbox 314 3557 429 3612; x_wconf 82' lang='lat' dir='ltr'><strong>nisi</strong></span> <span class='ocrx_word' id='word_1_468' title='bbox 453 3562 1008 3631; x_wconf 80' lang='lat' dir='ltr'><strong>comprehensionem</strong></span> <span class='ocrx_word' id='word_1_469' title='bbox 1038 3574 1090 3619; x_wconf 90' lang='lat' dir='ltr'><strong>et</strong></span> <span class='ocrx_word' id='word_1_470' title='bbox 1130 3564 1586 3620; x_wconf 86' lang='lat' dir='ltr'><strong>circumstantem</strong></span> <span class='ocrx_word' id='word_1_471' title='bbox 1636 3566 1813 3635; x_wconf 80' lang='lat' dir='ltr'><strong>ignem</strong></span> <span class='ocrx_word' id='word_1_472' title='bbox 1841 3565 1895 3618; x_wconf 90' lang='lat' dir='ltr'><strong>in</strong></span> 
     </span>
    </p>
   </div>
   <div class='ocr_carea' id='block_1_67' title="bbox 316 3651 1897 3730">
    <p class='ocr_par' dir='ltr' id='par_1_67' title="bbox 316 3651 1897 3730">
     <span class='ocr_line' id='line_1_67' title="bbox 316 3651 1897 3730; baseline 0.004 -24"><span class='ocrx_word' id='word_1_473' title='bbox 316 3651 517 3721; x_wconf 83' lang='lat' dir='ltr'><strong>seipsis</strong></span> <span class='ocrx_word' id='word_1_474' title='bbox 546 3655 914 3722; x_wconf 88' lang='lat' dir='ltr'><strong>invenientes,</strong></span> <span class='ocrx_word' id='word_1_475' title='bbox 939 3658 1147 3727; x_wconf 81' lang='lat' dir='ltr'><strong>reliqua</strong></span> <span class='ocrx_word' id='word_1_476' title='bbox 1175 3660 1358 3714; x_wconf 86' lang='lat' dir='ltr'><strong>omnia</strong></span> <span class='ocrx_word' id='word_1_477' title='bbox 1385 3660 1437 3713; x_wconf 90' lang='lat' dir='ltr'><strong>in</strong></span> <span class='ocrx_word' id='word_1_478' title='bbox 1469 3660 1589 3730; x_wconf 92' lang='lat' dir='ltr'><strong>ipso</strong></span> <span class='ocrx_word' id='word_1_479' title='bbox 1614 3658 1897 3729; x_wconf 81' lang='lat' dir='ltr'><strong>superiora</strong></span> 
     </span>
    </p>
   </div>
   <div class='ocr_carea' id='block_1_68' title="bbox 317 3744 1899 3813">
    <p class='ocr_par' dir='ltr' id='par_1_68' title="bbox 317 3744 1899 3813">
     <span class='ocr_line' id='line_1_68' title="bbox 317 3744 1899 3813; baseline 0.005 -16"><span class='ocrx_word' id='word_1_480' title='bbox 317 3744 745 3802; x_wconf 84' lang='lat' dir='ltr'><strong>conﬁtebantur.</strong></span> <span class='ocrx_word' id='word_1_481' title='bbox 779 3746 919 3813; x_wconf 89' lang='lat' dir='ltr'><strong>Quid</strong></span> <span class='ocrx_word' id='word_1_482' title='bbox 949 3765 1081 3805; x_wconf 87' lang='lat' dir='ltr'><strong>vero</strong></span> <span class='ocrx_word' id='word_1_483' title='bbox 1104 3750 1300 3805; x_wconf 86' lang='lat' dir='ltr'><strong>attinet</strong></span> <span class='ocrx_word' id='word_1_484' title='bbox 1331 3766 1763 3807; x_wconf 82' lang='lat' dir='ltr'><strong>commemorare</strong></span> <span class='ocrx_word' id='word_1_485' title='bbox 1791 3768 1899 3805; x_wconf 80' lang='lat' dir='ltr'><strong>cae-</strong></span> 
     </span>
    </p>
   </div>
   <div class='ocr_carea' id='block_1_69' title="bbox 319 3839 1903 3914">
    <p class='ocr_par' dir='ltr' id='par_1_69' title="bbox 319 3839 1903 3914">
     <span class='ocr_line' id='line_1_69' title="bbox 319 3839 1903 3914; baseline 0.007 -24"><span class='ocrx_word' id='word_1_486' title='bbox 319 3839 514 3894; x_wconf 84' lang='lat' dir='ltr'><strong>teros?</strong></span> <span class='ocrx_word' id='word_1_487' title='bbox 546 3840 803 3909; x_wconf 83' lang='lat' dir='ltr'><strong>Discipuli</strong></span> <span class='ocrx_word' id='word_1_488' title='bbox 831 3839 1055 3909; x_wconf 86' lang='lat' dir='ltr'><strong>Christi,</strong></span> <span class='ocrx_word' id='word_1_489' title='bbox 1091 3843 1185 3914; x_wconf 85' lang='lat' dir='ltr'><strong>qui</strong></span> <span class='ocrx_word' id='word_1_490' title='bbox 1218 3853 1390 3898; x_wconf 90' lang='lat' dir='ltr'><strong>totum</strong></span> <span class='ocrx_word' id='word_1_491' title='bbox 1417 3846 1683 3899; x_wconf 90' lang='lat' dir='ltr'><strong>mundum</strong></span> <span class='ocrx_word' id='word_1_492' title='bbox 1726 3845 1903 3901; x_wconf 86' lang='lat' dir='ltr'><strong>Evan-</strong></span> 
     </span>
    </p>
   </div>
   <div class='ocr_carea' id='block_1_70' title="bbox 317 3930 1903 4007">
    <p class='ocr_par' dir='ltr' id='par_1_70' title="bbox 317 3930 1903 4007">
     <span class='ocr_line' id='line_1_70' title="bbox 317 3930 1903 4007; baseline 0.007 -23"><span class='ocrx_word' id='word_1_493' title='bbox 317 3930 463 4000; x_wconf 77' lang='lat' dir='ltr'><strong>gelio</strong></span> <span class='ocrx_word' id='word_1_494' title='bbox 491 3933 760 4002; x_wconf 82' lang='lat' dir='ltr'><strong>complexi</strong></span> <span class='ocrx_word' id='word_1_495' title='bbox 829 3944 977 4002; x_wconf 90' lang='lat' dir='ltr'><strong>sunt,</strong></span> <span class='ocrx_word' id='word_1_496' title='bbox 1012 3951 1267 4007; x_wconf 78' lang='lat' dir='ltr'><strong>magnum</strong></span> <span class='ocrx_word' id='word_1_497' title='bbox 1315 3938 1420 3993; x_wconf 90' lang='lat' dir='ltr'><strong>hoc</strong></span> <span class='ocrx_word' id='word_1_498' title='bbox 1460 3954 1572 3993; x_wconf 65' lang='lat' dir='ltr'><strong>sua)</strong></span> <span class='ocrx_word' id='word_1_499' title='bbox 1601 3940 1903 3995; x_wconf 75' lang='lat' dir='ltr'><strong>confessio-</strong></span> 
     </span>
    </p>
   </div>
   <div class='ocr_carea' id='block_1_71' title="bbox 317 4024 1900 4095">
    <p class='ocr_par' dir='ltr' id='par_1_71' title="bbox 317 4024 1900 4095">
     <span class='ocr_line' id='line_1_71' title="bbox 317 4024 1900 4095; baseline 0.006 -17"><span class='ocrx_word' id='word_1_500' title='bbox 317 4024 408 4080; x_wconf 86' lang='lat' dir='ltr'><strong>nis</strong></span> <span class='ocrx_word' id='word_1_501' title='bbox 436 4040 659 4095; x_wconf 67' lang='lat' dir='ltr'><strong>germen</strong></span> <span class='ocrx_word' id='word_1_502' title='bbox 691 4026 994 4086; x_wconf 79' lang='lat' dir='ltr'><strong>intuentes.</strong></span> <span class='ocrx_word' id='word_1_503' title='bbox 1048 4029 1128 4083; x_wconf 86' lang='lat' dir='ltr'><strong>sic</strong></span> <span class='ocrx_word' id='word_1_504' title='bbox 1176 4030 1443 4085; x_wconf 82' lang='lat' dir='ltr'><strong>ferentem</strong></span> <span class='ocrx_word' id='word_1_505' title='bbox 1471 4031 1674 4087; x_wconf 86' lang='lat' dir='ltr'><strong>Christi</strong></span> <span class='ocrx_word' id='word_1_506' title='bbox 1701 4049 1900 4087; x_wconf 82' lang='lat' dir='ltr'><strong>nomen</strong></span> 
     </span>
    </p>
   </div>
   <div class='ocr_carea' id='block_1_72' title="bbox 319 4118 1906 4190">
    <p class='ocr_par' dir='ltr' id='par_1_72' title="bbox 319 4118 1906 4190">
     <span class='ocr_line' id='line_1_72' title="bbox 319 4118 1906 4190; baseline 0.005 -19"><span class='ocrx_word' id='word_1_507' title='bbox 319 4132 507 4171; x_wconf 88' lang='lat' dir='ltr'><strong>coram</strong></span> <span class='ocrx_word' id='word_1_508' title='bbox 542 4118 768 4187; x_wconf 76' lang='lat' dir='ltr'><strong>regibus</strong></span> <span class='ocrx_word' id='word_1_509' title='bbox 795 4127 849 4172; x_wconf 90' lang='lat' dir='ltr'><strong>et</strong></span> <span class='ocrx_word' id='word_1_510' title='bbox 875 4120 1145 4190; x_wconf 79' lang='lat' dir='ltr'><strong>tyrannis,</strong></span> <span class='ocrx_word' id='word_1_511' title='bbox 1186 4136 1369 4177; x_wconf 85' lang='lat' dir='ltr'><strong>coram</strong></span> <span class='ocrx_word' id='word_1_512' title='bbox 1426 4124 1671 4179; x_wconf 85' lang='lat' dir='ltr'><strong>millibus</strong></span> <span class='ocrx_word' id='word_1_513' title='bbox 1730 4125 1906 4179; x_wconf 75' lang='lat' dir='ltr'><strong>humi-</strong></span> 
     </span>
    </p>
   </div>
   <div class='ocr_carea' id='block_1_73' title="bbox 319 4211 1905 4287">
    <p class='ocr_par' dir='ltr' id='par_1_73' title="bbox 319 4211 1905 4287">
     <span class='ocr_line' id='line_1_73' title="bbox 319 4211 1905 4287; baseline 0.004 -23"><span class='ocrx_word' id='word_1_514' title='bbox 319 4224 478 4275; x_wconf 89' lang='lat' dir='ltr'><strong>num,</strong></span> <span class='ocrx_word' id='word_1_515' title='bbox 510 4212 563 4265; x_wconf 90' lang='lat' dir='ltr'><strong>iu</strong></span> <span class='ocrx_word' id='word_1_516' title='bbox 591 4211 833 4265; x_wconf 80' lang='lat' dir='ltr'><strong>maximo</strong></span> <span class='ocrx_word' id='word_1_517' title='bbox 859 4212 1104 4281; x_wconf 88' lang='lat' dir='ltr'><strong>theatro;</strong></span> <span class='ocrx_word' id='word_1_518' title='bbox 1131 4216 1212 4270; x_wconf 81' lang='lat' dir='ltr'><strong>sic</strong></span> <span class='ocrx_word' id='word_1_519' title='bbox 1239 4216 1471 4270; x_wconf 86' lang='lat' dir='ltr'><strong>ﬁdenter</strong></span> <span class='ocrx_word' id='word_1_520' title='bbox 1492 4218 1905 4287; x_wconf 61' lang='lat' dir='ltr'><strong>praedicantem,</strong></span> 
     </span>
    </p>
   </div>
   <div class='ocr_carea' id='block_1_74' title="bbox 324 4309 1909 4379">
    <p class='ocr_par' dir='ltr' id='par_1_74' title="bbox 324 4309 1909 4379">
     <span class='ocr_line' id='line_1_74' title="bbox 324 4309 1909 4379; baseline 0.006 -21"><span class='ocrx_word' id='word_1_521' title='bbox 324 4312 589 4377; x_wconf 81' lang='lat' dir='ltr'><strong>tantoque</strong></span> <span class='ocrx_word' id='word_1_522' title='bbox 617 4322 746 4377; x_wconf 73' lang='lat' dir='ltr'><strong>erga</strong></span> <span class='ocrx_word' id='word_1_523' title='bbox 769 4321 893 4364; x_wconf 85' lang='lat' dir='ltr'><strong>eum</strong></span> <span class='ocrx_word' id='word_1_524' title='bbox 921 4323 1084 4376; x_wconf 89' lang='lat' dir='ltr'><strong>quem</strong></span> <span class='ocrx_word' id='word_1_525' title='bbox 1116 4309 1445 4379; x_wconf 71' lang='lat' dir='ltr'><strong>praedicabat</strong></span> <span class='ocrx_word' id='word_1_526' title='bbox 1493 4326 1678 4365; x_wconf 88' lang='lat' dir='ltr'><strong>amore</strong></span> <span class='ocrx_word' id='word_1_527' title='bbox 1720 4313 1909 4367; x_wconf 87' lang='lat' dir='ltr'><strong>incen-</strong></span> 
     </span>
    </p>
   </div>
   <div class='ocr_carea' id='block_1_75' title="bbox 322 4400 1905 4473">
    <p class='ocr_par' dir='ltr' id='par_1_75' title="bbox 322 4400 1905 4473">
     <span class='ocr_line' id='line_1_75' title="bbox 322 4400 1905 4473; baseline 0.004 -19"><span class='ocrx_word' id='word_1_528' title='bbox 322 4415 471 4464; x_wconf 84' lang='lat' dir='ltr'><strong>sum,</strong></span> <span class='ocrx_word' id='word_1_529' title='bbox 499 4408 560 4453; x_wconf 91' lang='lat' dir='ltr'><strong>ut</strong></span> <span class='ocrx_word' id='word_1_530' title='bbox 597 4400 821 4456; x_wconf 88' lang='lat' dir='ltr'><strong>minime</strong></span> <span class='ocrx_word' id='word_1_531' title='bbox 860 4410 1217 4455; x_wconf 79' lang='lat' dir='ltr'><strong>cunctaretur</strong></span> <span class='ocrx_word' id='word_1_532' title='bbox 1250 4412 1344 4455; x_wconf 89' lang='lat' dir='ltr'><strong>aut</strong></span> <span class='ocrx_word' id='word_1_533' title='bbox 1375 4403 1682 4473; x_wconf 78' lang='lat' dir='ltr'><strong>ambigeret</strong></span> <span class='ocrx_word' id='word_1_534' title='bbox 1714 4407 1905 4469; x_wconf 85' lang='lat' dir='ltr'><strong>amori</strong></span> 
     </span>
    </p>
   </div>
   <div class='ocr_carea' id='block_1_76' title="bbox 326 4491 1902 4566">
    <p class='ocr_par' dir='ltr' id='par_1_76' title="bbox 326 4491 1902 4566">
     <span class='ocr_line' id='line_1_76' title="bbox 326 4491 1902 4566; baseline 0.005 -22"><span class='ocrx_word' id='word_1_535' title='bbox 326 4491 709 4547; x_wconf 82' lang='lat' dir='ltr'><strong>obsecundare</strong></span> <span class='ocrx_word' id='word_1_536' title='bbox 740 4508 838 4562; x_wconf 90' lang='lat' dir='ltr'><strong>per</strong></span> <span class='ocrx_word' id='word_1_537' title='bbox 859 4493 1083 4559; x_wconf 87' lang='lat' dir='ltr'><strong>omnia;</strong></span> <span class='ocrx_word' id='word_1_538' title='bbox 1127 4493 1326 4548; x_wconf 87' lang='lat' dir='ltr'><strong>deinde</strong></span> <span class='ocrx_word' id='word_1_539' title='bbox 1353 4505 1638 4565; x_wconf 89' lang='lat' dir='ltr'><strong>propterea</strong></span> <span class='ocrx_word' id='word_1_540' title='bbox 1692 4499 1902 4566; x_wconf 83' lang='lat' dir='ltr'><strong>patien-</strong></span> 
     </span>
    </p>
   </div>
   <div class='ocr_carea' id='block_1_77' title="bbox 328 4585 1905 4659">
    <p class='ocr_par' dir='ltr' id='par_1_77' title="bbox 328 4585 1905 4659">
     <span class='ocr_line' id='line_1_77' title="bbox 328 4585 1905 4659; baseline 0.004 -22"><span class='ocrx_word' id='word_1_541' title='bbox 328 4591 440 4638; x_wconf 79' lang='lat' dir='ltr'><strong>tem</strong></span> <span class='ocrx_word' id='word_1_542' title='bbox 492 4585 671 4639; x_wconf 85' lang='lat' dir='ltr'><strong>solum</strong></span> <span class='ocrx_word' id='word_1_543' title='bbox 725 4585 930 4653; x_wconf 89' lang='lat' dir='ltr'><strong>ipsum,</strong></span> <span class='ocrx_word' id='word_1_544' title='bbox 980 4595 1248 4656; x_wconf 88' lang='lat' dir='ltr'><strong>quantum</strong></span> <span class='ocrx_word' id='word_1_545' title='bbox 1308 4587 1474 4641; x_wconf 90' lang='lat' dir='ltr'><strong>simul</strong></span> <span class='ocrx_word' id='word_1_546' title='bbox 1512 4603 1704 4645; x_wconf 82' lang='lat' dir='ltr'><strong>omnes</strong></span> <span class='ocrx_word' id='word_1_547' title='bbox 1759 4592 1905 4659; x_wconf 90' lang='lat' dir='ltr'><strong>passi</strong></span> 
     </span>
    </p>
   </div>
   <div class='ocr_carea' id='block_1_78' title="bbox 328 4675 1912 4749">
    <p class='ocr_par' dir='ltr' id='par_1_78' title="bbox 328 4675 1912 4749">
     <span class='ocr_line' id='line_1_78' title="bbox 328 4675 1912 4749; baseline 0.003 -17"><span class='ocrx_word' id='word_1_548' title='bbox 328 4677 548 4733; x_wconf 76' lang='lat' dir='ltr'><strong>fuerant</strong></span> <span class='ocrx_word' id='word_1_549' title='bbox 572 4678 954 4745; x_wconf 79' lang='lat' dir='ltr'><strong>;exsultabant</strong></span> <span class='ocrx_word' id='word_1_550' title='bbox 990 4675 1208 4749; x_wconf 76' lang='lat' dir='ltr'><strong>gaudio,</strong></span> <span class='ocrx_word' id='word_1_551' title='bbox 1235 4688 1286 4733; x_wconf 90' lang='lat' dir='ltr'><strong>et</strong></span> <span class='ocrx_word' id='word_1_552' title='bbox 1307 4679 1477 4734; x_wconf 86' lang='lat' dir='ltr'><strong>veluti</strong></span> <span class='ocrx_word' id='word_1_553' title='bbox 1501 4696 1721 4735; x_wconf 87' lang='lat' dir='ltr'><strong>suarum</strong></span> <span class='ocrx_word' id='word_1_554' title='bbox 1755 4697 1912 4737; x_wconf 86' lang='lat' dir='ltr'><strong>coro-</strong></span> 
     </span>
    </p>
   </div>
   <div class='ocr_carea' id='block_1_79' title="bbox 328 4771 1911 4843">
    <p class='ocr_par' dir='ltr' id='par_1_79' title="bbox 328 4771 1911 4843">
     <span class='ocr_line' id='line_1_79' title="bbox 328 4771 1911 4843; baseline 0.004 -18"><span class='ocrx_word' id='word_1_555' title='bbox 328 4785 530 4825; x_wconf 89' lang='lat' dir='ltr'><strong>narum</strong></span> <span class='ocrx_word' id='word_1_556' title='bbox 573 4781 738 4843; x_wconf 86' lang='lat' dir='ltr'><strong>atque</strong></span> <span class='ocrx_word' id='word_1_557' title='bbox 786 4771 959 4827; x_wconf 68' lang='lat' dir='ltr'><strong>beatae</strong></span> <span class='ocrx_word' id='word_1_558' title='bbox 993 4771 1354 4843; x_wconf 78' lang='lat' dir='ltr'><strong>iucunditatis</strong></span> <span class='ocrx_word' id='word_1_559' title='bbox 1389 4772 1789 4829; x_wconf 89' lang='lat' dir='ltr'><strong>incrementum</strong></span> <span class='ocrx_word' id='word_1_560' title='bbox 1820 4791 1911 4831; x_wconf 89' lang='lat' dir='ltr'><strong>ac-</strong></span> 
     </span>
    </p>
   </div>
   <div class='ocr_carea' id='block_1_80' title="bbox 328 4863 1906 4938">
    <p class='ocr_par' dir='ltr' id='par_1_80' title="bbox 328 4863 1906 4938">
     <span class='ocr_line' id='line_1_80' title="bbox 328 4863 1906 4938; baseline 0.004 -20"><span class='ocrx_word' id='word_1_561' title='bbox 328 4864 628 4934; x_wconf 85' lang='lat' dir='ltr'><strong>cipiebant,</strong></span> <span class='ocrx_word' id='word_1_562' title='bbox 657 4880 724 4919; x_wconf 83' lang='lat' dir='ltr'><strong>ex</strong></span> <span class='ocrx_word' id='word_1_563' title='bbox 753 4874 897 4920; x_wconf 89' lang='lat' dir='ltr'><strong>tanta</strong></span> <span class='ocrx_word' id='word_1_564' title='bbox 938 4863 1319 4935; x_wconf 87' lang='lat' dir='ltr'><strong>plenitudine;</strong></span> <span class='ocrx_word' id='word_1_565' title='bbox 1352 4865 1604 4937; x_wconf 88' lang='lat' dir='ltr'><strong>discipuli</strong></span> <span class='ocrx_word' id='word_1_566' title='bbox 1651 4869 1906 4938; x_wconf 81' lang='lat' dir='ltr'><strong>gloriam,</strong></span> 
     </span>
    </p>
   </div>
   <div class='ocr_carea' id='block_1_81' title="bbox 326 4958 1065 5014">
    <p class='ocr_par' dir='ltr' id='par_1_81' title="bbox 326 4958 1065 5014">
     <span class='ocr_line' id='line_1_81' title="bbox 326 4958 1065 5014; baseline 0.003 -3"><span class='ocrx_word' id='word_1_567' title='bbox 326 4972 484 5011; x_wconf 86' lang='lat' dir='ltr'><strong>suam</strong></span> <span class='ocrx_word' id='word_1_568' title='bbox 511 4972 634 5014; x_wconf 89' lang='lat' dir='ltr'><strong>esse</strong></span> <span class='ocrx_word' id='word_1_569' title='bbox 665 4958 1065 5013; x_wconf 74' lang='lat' dir='ltr'><strong>existimantes.</strong></span> 
     </span>
    </p>
   </div>
   <div class='ocr_carea' id='block_1_82' title="bbox 2009 3297 3589 3370">
    <p class='ocr_par' dir='ltr' id='par_1_82' title="bbox 2009 3297 3589 3370">
     <span class='ocr_line' id='line_1_82' title="bbox 2009 3297 3589 3370; baseline 0 -20"><span class='ocrx_word' id='word_1_570' title='bbox 2009 3300 2109 3369; x_wconf 61' lang='grc' dir='ltr'><strong>μία</strong></span> <span class='ocrx_word' id='word_1_571' title='bbox 2159 3300 2452 3367; x_wconf 84' lang='grc' dir='ltr'>γενόμενος</span> <span class='ocrx_word' id='word_1_572' title='bbox 2497 3298 2592 3350; x_wconf 68' lang='grc' dir='ltr'>καὶ</span> <span class='ocrx_word' id='word_1_573' title='bbox 2634 3298 3041 3368; x_wconf 65' lang='grc' dir='ltr'>καλυψάμενος,</span> <span class='ocrx_word' id='word_1_574' title='bbox 3074 3301 3255 3370; x_wconf 81' lang='grc' dir='ltr'><strong>ἡσυχῆ</strong></span> <span class='ocrx_word' id='word_1_575' title='bbox 3306 3300 3408 3369; x_wconf 77' lang='grc' dir='ltr'>τὴν</span> <span class='ocrx_word' id='word_1_576' title='bbox 3458 3297 3589 3350; x_wconf 73' lang='grc' dir='ltr'><strong>ἀτέ-</strong></span> 
     </span>
    </p>
   </div>
   <div class='ocr_carea' id='block_1_83' title="bbox 2006 3389 3593 3462">
    <p class='ocr_par' dir='ltr' id='par_1_83' title="bbox 2006 3389 3593 3462">
     <span class='ocr_line' id='line_1_83' title="bbox 2006 3389 3593 3462; baseline -0.001 -19"><span class='ocrx_word' id='word_1_577' title='bbox 2006 3390 2162 3444; x_wconf 85' lang='grc' dir='ltr'>6ειαν</span> <span class='ocrx_word' id='word_1_578' title='bbox 2204 3390 2424 3460; x_wconf 77' lang='grc' dir='ltr'>ἐθρήνει</span> <span class='ocrx_word' id='word_1_579' title='bbox 2472 3390 2562 3442; x_wconf 87' lang='grc' dir='ltr'><strong>τοῦ</strong></span> <span class='ocrx_word' id='word_1_580' title='bbox 2619 3389 2837 3459; x_wconf 77' lang='grc' dir='ltr'>Ἰσραήλ</span> <span class='ocrx_word' id='word_1_581' title='bbox 2863 3405 2877 3421; x_wconf 77' lang='grc' dir='ltr'><strong><em>ο</em></strong></span> <span class='ocrx_word' id='word_1_582' title='bbox 2909 3390 3025 3443; x_wconf 83' lang='grc' dir='ltr'>ἀλλ’</span> <span class='ocrx_word' id='word_1_583' title='bbox 3078 3393 3158 3453; x_wconf 86' lang='grc' dir='ltr'><strong>εἰς</strong></span> <span class='ocrx_word' id='word_1_584' title='bbox 3195 3392 3396 3462; x_wconf 78' lang='grc' dir='ltr'>μέσους</span> <span class='ocrx_word' id='word_1_585' title='bbox 3433 3389 3593 3442; x_wconf 86' lang='grc' dir='ltr'>ὠθῶν</span> 
     </span>
    </p>
   </div>
   <div class='ocr_carea' id='block_1_84' title="bbox 2008 3482 3639 3565">
    <p class='ocr_par' dir='ltr' id='par_1_84' title="bbox 2008 3482 3639 3565">
     <span class='ocr_line' id='line_1_84' title="bbox 2008 3482 3639 3565; baseline 0 -29"><span class='ocrx_word' id='word_1_586' title='bbox 2008 3483 2204 3537; x_wconf 73' lang='grc' dir='ltr'>ἑαυτὸν</span> <span class='ocrx_word' id='word_1_587' title='bbox 2250 3483 2375 3546; x_wconf 70' lang='grc' dir='ltr'>τοὺς</span> <span class='ocrx_word' id='word_1_588' title='bbox 2405 3482 2711 3549; x_wconf 75' lang='grc' dir='ltr'>κινδύνους,</span> <span class='ocrx_word' id='word_1_589' title='bbox 2743 3484 2809 3535; x_wconf 82' lang='grc' dir='ltr'><strong>τὰ</strong></span> <span class='ocrx_word' id='word_1_590' title='bbox 2861 3485 3085 3537; x_wconf 80' lang='grc' dir='ltr'>ἐπιόντα</span> <span class='ocrx_word' id='word_1_591' title='bbox 3126 3484 3413 3553; x_wconf 78' lang='grc' dir='ltr'>ὑφίστατο,</span> <span class='ocrx_word' id='word_1_592' title='bbox 3449 3482 3594 3537; x_wconf 82' lang='grc' dir='ltr'>κατὰ</span> <span class='ocrx_word' id='word_1_593' title='bbox 3633 3560 3639 3565; x_wconf 18' lang='grc' dir='ltr'>ι</span> 
     </span>
    </p>
   </div>
   <div class='ocr_carea' id='block_1_85' title="bbox 2010 3574 3592 3648">
    <p class='ocr_par' dir='ltr' id='par_1_85' title="bbox 2010 3574 3592 3648">
     <span class='ocr_line' id='line_1_85' title="bbox 2010 3574 3592 3648; baseline -0.001 -18"><span class='ocrx_word' id='word_1_594' title='bbox 2010 3576 2113 3648; x_wconf 85' lang='grc' dir='ltr'><strong>τὴν</strong></span> <span class='ocrx_word' id='word_1_595' title='bbox 2141 3575 2452 3645; x_wconf 78' lang='grc' dir='ltr'>προθυμίαν</span> <span class='ocrx_word' id='word_1_596' title='bbox 2509 3576 2602 3629; x_wconf 84' lang='grc' dir='ltr'>τοῦ</span> <span class='ocrx_word' id='word_1_597' title='bbox 2651 3574 2964 3645; x_wconf 86' lang='grc' dir='ltr'>πνεύματος</span> <span class='ocrx_word' id='word_1_598' title='bbox 3001 3577 3094 3629; x_wconf 76' lang='grc' dir='ltr'>καὶ</span> <span class='ocrx_word' id='word_1_599' title='bbox 3143 3576 3242 3647; x_wconf 83' lang='grc' dir='ltr'><strong>τὴν</strong></span> <span class='ocrx_word' id='word_1_600' title='bbox 3274 3574 3453 3647; x_wconf 82' lang='grc' dir='ltr'>ὁρμὴν</span> <span class='ocrx_word' id='word_1_601' title='bbox 3480 3576 3592 3629; x_wconf 75' lang='grc' dir='ltr'>δειε-</span> 
     </span>
    </p>
   </div>
   <div class='ocr_carea' id='block_1_86' title="bbox 2012 3668 3589 3740">
    <p class='ocr_par' dir='ltr' id='par_1_86' title="bbox 2012 3668 3589 3740">
     <span class='ocr_line' id='line_1_86' title="bbox 2012 3668 3589 3740; baseline -0.001 -18"><span class='ocrx_word' id='word_1_602' title='bbox 2012 3670 2190 3723; x_wconf 75' lang='grc' dir='ltr'>κνύων</span> <span class='ocrx_word' id='word_1_603' title='bbox 2222 3668 2316 3722; x_wconf 87' lang='grc' dir='ltr'><strong>τοῦ</strong></span> <span class='ocrx_word' id='word_1_604' title='bbox 2354 3669 2627 3738; x_wconf 72' lang='grc' dir='ltr'>πώματος.</span> <span class='ocrx_word' id='word_1_605' title='bbox 2664 3670 2726 3723; x_wconf 87' lang='grc' dir='ltr'><strong>Οἱ</strong></span> <span class='ocrx_word' id='word_1_606' title='bbox 2754 3671 2883 3740; x_wconf 79' lang='grc' dir='ltr'>περὶ</span> <span class='ocrx_word' id='word_1_607' title='bbox 2938 3669 3201 3740; x_wconf 78' lang='grc' dir='ltr'>’Ᾱζαρίαν</span> <span class='ocrx_word' id='word_1_608' title='bbox 3232 3670 3327 3721; x_wconf 71' lang='grc' dir='ltr'>καὶ</span> <span class='ocrx_word' id='word_1_609' title='bbox 3364 3668 3589 3739; x_wconf 82' lang='grc' dir='ltr'>Δανιὴλ,</span> 
     </span>
    </p>
   </div>
   <div class='ocr_carea' id='block_1_87' title="bbox 2011 3761 3594 3833">
    <p class='ocr_par' dir='ltr' id='par_1_87' title="bbox 2011 3761 3594 3833">
     <span class='ocr_line' id='line_1_87' title="bbox 2011 3761 3594 3833; baseline 0.001 -19"><span class='ocrx_word' id='word_1_610' title='bbox 2011 3762 2109 3832; x_wconf 83' lang='grc' dir='ltr'>τὴν</span> <span class='ocrx_word' id='word_1_611' title='bbox 2141 3764 2200 3814; x_wconf 81' lang='grc' dir='ltr'><strong>ὲν</strong></span> <span class='ocrx_word' id='word_1_612' title='bbox 2244 3761 2431 3832; x_wconf 64' lang='grc' dir='ltr'>λςὲκκῳ</span> <span class='ocrx_word' id='word_1_613' title='bbox 2490 3762 2768 3833; x_wconf 81' lang='grc' dir='ltr'>κάθειρξιν</span> <span class='ocrx_word' id='word_1_614' title='bbox 2796 3767 2889 3815; x_wconf 79' lang='grc' dir='ltr'>καὶ</span> <span class='ocrx_word' id='word_1_615' title='bbox 2923 3762 3021 3832; x_wconf 84' lang='grc' dir='ltr'>τὴν</span> <span class='ocrx_word' id='word_1_616' title='bbox 3078 3761 3446 3833; x_wconf 84' lang='grc' dir='ltr'>περισχούσαν</span> <span class='ocrx_word' id='word_1_617' title='bbox 3494 3763 3594 3816; x_wconf 87' lang='grc' dir='ltr'>αύ-</span> 
     </span>
    </p>
   </div>
   <div class='ocr_carea' id='block_1_88' title="bbox 2013 3854 3596 3929">
    <p class='ocr_par' dir='ltr' id='par_1_88' title="bbox 2013 3854 3596 3929">
     <span class='ocr_line' id='line_1_88' title="bbox 2013 3854 3596 3929; baseline -0.001 -18"><span class='ocrx_word' id='word_1_618' title='bbox 2013 3861 2126 3920; x_wconf 81' lang='grc' dir='ltr'><strong>τοῖς</strong></span> <span class='ocrx_word' id='word_1_619' title='bbox 2174 3856 2349 3926; x_wconf 91' lang='grc' dir='ltr'>φλόγα</span> <span class='ocrx_word' id='word_1_620' title='bbox 2387 3857 2547 3926; x_wconf 84' lang='grc' dir='ltr'>μόνον</span> <span class='ocrx_word' id='word_1_621' title='bbox 2577 3857 2795 3919; x_wconf 77' lang='grc' dir='ltr'>ἑαυτοῖς</span> <span class='ocrx_word' id='word_1_622' title='bbox 2830 3854 3163 3922; x_wconf 76' lang='grc' dir='ltr'>συνειδότες,</span> <span class='ocrx_word' id='word_1_623' title='bbox 3196 3856 3388 3911; x_wconf 83' lang='grc' dir='ltr'>τ’ἄλλα</span> <span class='ocrx_word' id='word_1_624' title='bbox 3448 3856 3596 3929; x_wconf 86' lang='grc' dir='ltr'>μόνῳ</span> 
     </span>
    </p>
   </div>
   <div class='ocr_carea' id='block_1_89' title="bbox 2016 3948 3596 4021">
    <p class='ocr_par' dir='ltr' id='par_1_89' title="bbox 2016 3948 3596 4021">
     <span class='ocr_line' id='line_1_89' title="bbox 2016 3948 3596 4021; baseline 0.002 -20"><span class='ocrx_word' id='word_1_625' title='bbox 2016 3950 2513 4021; x_wconf 80' lang='grc' dir='ltr'>προσεμαρτύρουν</span> <span class='ocrx_word' id='word_1_626' title='bbox 2565 3950 2735 4020; x_wconf 78' lang='grc' dir='ltr'>αὐτῷ.</span> <span class='ocrx_word' id='word_1_627' title='bbox 2768 3948 2832 4002; x_wconf 83' lang='grc' dir='ltr'>Τί</span> <span class='ocrx_word' id='word_1_628' title='bbox 2879 3951 2985 4020; x_wconf 79' lang='grc' dir='ltr'>χρὴ</span> <span class='ocrx_word' id='word_1_629' title='bbox 3033 3952 3161 4012; x_wconf 59' lang='grc' dir='ltr'>τοῦς</span> <span class='ocrx_word' id='word_1_630' title='bbox 3205 3948 3327 4002; x_wconf 77' lang='grc' dir='ltr'>καθ’</span> <span class='ocrx_word' id='word_1_631' title='bbox 3381 3949 3596 4004; x_wconf 76' lang='grc' dir='ltr'>ἕκαστα</span> 
     </span>
    </p>
   </div>
   <div class='ocr_carea' id='block_1_90' title="bbox 2013 4041 3598 4113">
    <p class='ocr_par' dir='ltr' id='par_1_90' title="bbox 2013 4041 3598 4113">
     <span class='ocr_line' id='line_1_90' title="bbox 2013 4041 3598 4113; baseline -0.001 -15"><span class='ocrx_word' id='word_1_632' title='bbox 2013 4046 2226 4113; x_wconf 76' lang='grc' dir='ltr'>λέγειν;</span> <span class='ocrx_word' id='word_1_633' title='bbox 2271 4041 2413 4097; x_wconf 81' lang='grc' dir='ltr'>Ἀλλ’</span> <span class='ocrx_word' id='word_1_634' title='bbox 2455 4043 2504 4095; x_wconf 85' lang='grc' dir='ltr'><strong>οἰ</strong></span> <span class='ocrx_word' id='word_1_635' title='bbox 2567 4042 2808 4109; x_wconf 76' lang='grc' dir='ltr'>Χριστοῦ</span> <span class='ocrx_word' id='word_1_636' title='bbox 2869 4042 3134 4113; x_wconf 72' lang='grc' dir='ltr'>μαθηταὶ,</span> <span class='ocrx_word' id='word_1_637' title='bbox 3179 4044 3227 4096; x_wconf 87' lang='grc' dir='ltr'><strong>οἰ</strong></span> <span class='ocrx_word' id='word_1_638' title='bbox 3280 4043 3380 4113; x_wconf 78' lang='grc' dir='ltr'><strong>τὴν</strong></span> <span class='ocrx_word' id='word_1_639' title='bbox 3416 4046 3598 4098; x_wconf 87' lang='grc' dir='ltr'>οἰκου-</span> 
     </span>
    </p>
   </div>
   <div class='ocr_carea' id='block_1_91' title="bbox 2014 4131 3598 4207">
    <p class='ocr_par' dir='ltr' id='par_1_91' title="bbox 2014 4131 3598 4207">
     <span class='ocr_line' id='line_1_91' title="bbox 2014 4131 3598 4207; baseline 0.005 -27"><span class='ocrx_word' id='word_1_640' title='bbox 2014 4137 2184 4207; x_wconf 73' lang='grc' dir='ltr'>μένην</span> <span class='ocrx_word' id='word_1_641' title='bbox 2233 4134 2312 4204; x_wconf 76' lang='grc' dir='ltr'><strong>τῷ</strong></span> <span class='ocrx_word' id='word_1_642' title='bbox 2375 4131 2699 4203; x_wconf 74' lang='grc' dir='ltr'>Εὑαγγελίῳ</span> <span class='ocrx_word' id='word_1_643' title='bbox 2762 4133 3191 4203; x_wconf 81' lang='grc' dir='ltr'>περιλαϐόντες,</span> <span class='ocrx_word' id='word_1_644' title='bbox 3254 4134 3447 4188; x_wconf 85' lang='grc' dir='ltr'>τοῦτον</span> <span class='ocrx_word' id='word_1_645' title='bbox 3505 4135 3598 4188; x_wconf 79' lang='grc' dir='ltr'>τὸν</span> 
     </span>
    </p>
   </div>
   <div class='ocr_carea' id='block_1_92' title="bbox 2022 4224 3598 4300">
    <p class='ocr_par' dir='ltr' id='par_1_92' title="bbox 2022 4224 3598 4300">
     <span class='ocr_line' id='line_1_92' title="bbox 2022 4224 3598 4300; baseline -0.001 -18"><span class='ocrx_word' id='word_1_646' title='bbox 2022 4231 2162 4300; x_wconf 76' lang='grc' dir='ltr'>μέγα</span> <span class='ocrx_word' id='word_1_647' title='bbox 2192 4228 2293 4297; x_wconf 76' lang='grc' dir='ltr'>τῆς</span> <span class='ocrx_word' id='word_1_648' title='bbox 2324 4227 2531 4281; x_wconf 74' lang='grc' dir='ltr'>ἑαυτῶν</span> <span class='ocrx_word' id='word_1_649' title='bbox 2564 4224 2857 4295; x_wconf 77' lang='grc' dir='ltr'>ὁμολογίας</span> <span class='ocrx_word' id='word_1_650' title='bbox 2898 4226 3129 4296; x_wconf 78' lang='grc' dir='ltr'>θρέμμα</span> <span class='ocrx_word' id='word_1_651' title='bbox 3163 4227 3387 4292; x_wconf 86' lang='grc' dir='ltr'>ἰδόντες,</span> <span class='ocrx_word' id='word_1_652' title='bbox 3421 4228 3598 4293; x_wconf 74' lang='grc' dir='ltr'>οὕτως</span> 
     </span>
    </p>
   </div>
   <div class='ocr_carea' id='block_1_93' title="bbox 2017 4314 3597 4389">
    <p class='ocr_par' dir='ltr' id='par_1_93' title="bbox 2017 4314 3597 4389">
     <span class='ocr_line' id='line_1_93' title="bbox 2017 4314 3597 4389; baseline -0.004 -16"><span class='ocrx_word' id='word_1_653' title='bbox 2017 4321 2262 4373; x_wconf 81' lang='grc' dir='ltr'>ἐναντίον</span> <span class='ocrx_word' id='word_1_654' title='bbox 2297 4317 2587 4389; x_wconf 79' lang='grc' dir='ltr'>βασιλέων</span> <span class='ocrx_word' id='word_1_655' title='bbox 2612 4317 2708 4369; x_wconf 74' lang='grc' dir='ltr'><strong>καὶ</strong></span> <span class='ocrx_word' id='word_1_656' title='bbox 2740 4314 3045 4385; x_wconf 85' lang='grc' dir='ltr'>τυράννων,</span> <span class='ocrx_word' id='word_1_657' title='bbox 3082 4316 3178 4368; x_wconf 76' lang='grc' dir='ltr'><strong>καὶ</strong></span> <span class='ocrx_word' id='word_1_658' title='bbox 3225 4317 3319 4368; x_wconf 72' lang='grc' dir='ltr'><strong>ἐπὶ</strong></span> <span class='ocrx_word' id='word_1_659' title='bbox 3365 4316 3597 4384; x_wconf 77' lang='grc' dir='ltr'>θεάτρου</span> 
     </span>
    </p>
   </div>
   <div class='ocr_carea' id='block_1_94' title="bbox 2024 4407 3595 4485">
    <p class='ocr_par' dir='ltr' id='par_1_94' title="bbox 2024 4407 3595 4485">
     <span class='ocr_line' id='line_1_94' title="bbox 2024 4407 3595 4485; baseline -0.004 -20"><span class='ocrx_word' id='word_1_660' title='bbox 2024 4414 2282 4485; x_wconf 84' lang='grc' dir='ltr'>μεγίστου</span> <span class='ocrx_word' id='word_1_661' title='bbox 2330 4412 2423 4463; x_wconf 73' lang='grc' dir='ltr'>καὶ</span> <span class='ocrx_word' id='word_1_662' title='bbox 2457 4407 2738 4480; x_wconf 81' lang='grc' dir='ltr'>μυριάδων</span> <span class='ocrx_word' id='word_1_663' title='bbox 2772 4408 3083 4478; x_wconf 86' lang='grc' dir='ltr'>ἀνθρώπων</span> <span class='ocrx_word' id='word_1_664' title='bbox 3131 4408 3193 4461; x_wconf 71' lang='grc' dir='ltr'>τὸ</span> <span class='ocrx_word' id='word_1_665' title='bbox 3222 4407 3456 4478; x_wconf 77' lang='grc' dir='ltr'>Χριστοῦ</span> <span class='ocrx_word' id='word_1_666' title='bbox 3499 4408 3595 4477; x_wconf 81' lang='grc' dir='ltr'>βα-</span> 
     </span>
    </p>
   </div>
   <div class='ocr_carea' id='block_1_95' title="bbox 2015 4499 3589 4572">
    <p class='ocr_par' dir='ltr' id='par_1_95' title="bbox 2015 4499 3589 4572">
     <span class='ocr_line' id='line_1_95' title="bbox 2015 4499 3589 4572; baseline 0.011 -37"><span class='ocrx_word' id='word_1_667' title='bbox 2015 4506 2282 4570; x_wconf 65' lang='grc' dir='ltr'><strong>στάζοντα</strong></span> <span class='ocrx_word' id='word_1_668' title='bbox 2318 4502 2511 4572; x_wconf 58' lang='grc' dir='ltr'>ὄνομα,</span> <span class='ocrx_word' id='word_1_669' title='bbox 2546 4500 2689 4553; x_wconf 76' lang='grc' dir='ltr'>οὓτω</span> <span class='ocrx_word' id='word_1_670' title='bbox 2723 4500 2861 4569; x_wconf 79' lang='grc' dir='ltr'>μετὰ</span> <span class='ocrx_word' id='word_1_671' title='bbox 2894 4501 3205 4571; x_wconf 64' lang='grc' dir='ltr'>παρρησίας</span> <span class='ocrx_word' id='word_1_672' title='bbox 3240 4499 3589 4570; x_wconf 82' lang='grc' dir='ltr'>κηρύττοντα</span> 
     </span>
    </p>
   </div>
   <div class='ocr_carea' id='block_1_96' title="bbox 2017 4580 3595 4670">
    <p class='ocr_par' dir='ltr' id='par_1_96' title="bbox 2017 4580 3595 4670">
     <span class='ocr_line' id='line_1_96' title="bbox 2017 4580 3595 4670; baseline -0.006 -21"><span class='ocrx_word' id='word_1_673' title='bbox 2017 4597 2136 4665; x_wconf 68' lang='grc' dir='ltr'>(καὶ</span> <span class='ocrx_word' id='word_1_674' title='bbox 2168 4596 2287 4664; x_wconf 74' lang='grc' dir='ltr'>μεθ’</span> <span class='ocrx_word' id='word_1_675' title='bbox 2334 4596 2445 4649; x_wconf 82' lang='grc' dir='ltr'>οἴου</span> <span class='ocrx_word' id='word_1_676' title='bbox 2496 4600 2634 4670; x_wconf 80' lang='grc' dir='ltr'>πρὸς</span> <span class='ocrx_word' id='word_1_677' title='bbox 2667 4598 2760 4650; x_wconf 78' lang='grc' dir='ltr'>τὸν</span> <span class='ocrx_word' id='word_1_678' title='bbox 2803 4580 3212 4663; x_wconf 82' lang='grc' dir='ltr'>κηρυττόμενον</span> <span class='ocrx_word' id='word_1_679' title='bbox 3253 4589 3491 4658; x_wconf 73' lang='grc' dir='ltr'>ἐρωτος;</span> <span class='ocrx_word' id='word_1_680' title='bbox 3520 4587 3595 4649; x_wconf 83' lang='grc' dir='ltr'>ὡς</span> 
     </span>
    </p>
   </div>
   <div class='ocr_carea' id='block_1_97' title="bbox 2019 4680 3602 4760">
    <p class='ocr_par' dir='ltr' id='par_1_97' title="bbox 2019 4680 3602 4760">
     <span class='ocr_line' id='line_1_97' title="bbox 2019 4680 3602 4760; baseline -0.006 -18"><span class='ocrx_word' id='word_1_681' title='bbox 2019 4689 2146 4759; x_wconf 81' lang='grc' dir='ltr'>μήτ’</span> <span class='ocrx_word' id='word_1_682' title='bbox 2178 4690 2468 4751; x_wconf 79' lang='grc' dir='ltr'>ἐνεστῶτα.</span> <span class='ocrx_word' id='word_1_683' title='bbox 2513 4692 2649 4760; x_wconf 79' lang='grc' dir='ltr'>μήτε</span> <span class='ocrx_word' id='word_1_684' title='bbox 2689 4688 2954 4756; x_wconf 74' lang='grc' dir='ltr'>μέλλοντα</span> <span class='ocrx_word' id='word_1_685' title='bbox 2980 4686 3078 4754; x_wconf 83' lang='grc' dir='ltr'>τῆς</span> <span class='ocrx_word' id='word_1_686' title='bbox 3108 4683 3407 4745; x_wconf 84' lang='grc' dir='ltr'>διακονίας,</span> <span class='ocrx_word' id='word_1_687' title='bbox 3437 4680 3469 4749; x_wconf 79' lang='grc' dir='ltr'><strong>ἢ</strong></span> <span class='ocrx_word' id='word_1_688' title='bbox 3502 4681 3602 4750; x_wconf 80' lang='grc' dir='ltr'><strong>τῆς</strong></span> 
     </span>
    </p>
   </div>
   <div class='ocr_carea' id='block_1_98' title="bbox 2015 4774 3595 4853">
    <p class='ocr_par' dir='ltr' id='par_1_98' title="bbox 2015 4774 3595 4853">
     <span class='ocr_line' id='line_1_98' title="bbox 2015 4774 3595 4853; baseline -0.008 -18"><span class='ocrx_word' id='word_1_689' title='bbox 2015 4783 2239 4853; x_wconf 71' lang='grc' dir='ltr'>ἀγάπης</span> <span class='ocrx_word' id='word_1_690' title='bbox 2300 4782 2580 4853; x_wconf 76' lang='grc' dir='ltr'>χωρίζειν)</span> <span class='ocrx_word' id='word_1_691' title='bbox 2630 4781 2874 4834; x_wconf 82' lang='grc' dir='ltr'>παθόντα</span> <span class='ocrx_word' id='word_1_692' title='bbox 2934 4794 2995 4830; x_wconf 84' lang='grc' dir='ltr'>τε</span> <span class='ocrx_word' id='word_1_693' title='bbox 3050 4776 3138 4830; x_wconf 87' lang='grc' dir='ltr'>διά</span> <span class='ocrx_word' id='word_1_694' title='bbox 3196 4774 3369 4828; x_wconf 85' lang='grc' dir='ltr'>ταῦτα</span> <span class='ocrx_word' id='word_1_695' title='bbox 3429 4774 3595 4840; x_wconf 86' lang='grc' dir='ltr'>μόνον</span> 
     </span>
    </p>
   </div>
   <div class='ocr_carea' id='block_1_99' title="bbox 2015 4862 3604 4940">
    <p class='ocr_par' dir='ltr' id='par_1_99' title="bbox 2015 4862 3604 4940">
     <span class='ocr_line' id='line_1_99' title="bbox 2015 4862 3604 4940; baseline -0.009 -13"><span class='ocrx_word' id='word_1_696' title='bbox 2015 4873 2203 4938; x_wconf 79' lang='grc' dir='ltr'>αὑτὸν,</span> <span class='ocrx_word' id='word_1_697' title='bbox 2256 4875 2430 4928; x_wconf 75' lang='grc' dir='ltr'>ὁπόσα</span> <span class='ocrx_word' id='word_1_698' title='bbox 2498 4873 2714 4936; x_wconf 80' lang='grc' dir='ltr'>ἑαυτοῖς</span> <span class='ocrx_word' id='word_1_699' title='bbox 2786 4867 2924 4940; x_wconf 80' lang='grc' dir='ltr'>ὁμοῦ</span> <span class='ocrx_word' id='word_1_700' title='bbox 2985 4865 3223 4920; x_wconf 88' lang='grc' dir='ltr'>παθοῦσι</span> <span class='ocrx_word' id='word_1_701' title='bbox 3275 4862 3604 4934; x_wconf 77' lang='grc' dir='ltr'>συνῄδεσαν,</span> 
     </span>
    </p>
   </div>
   <div class='ocr_carea' id='block_1_100' title="bbox 2012 4949 3606 5036">
    <p class='ocr_par' dir='ltr' id='par_1_100' title="bbox 2012 4949 3606 5036">
     <span class='ocr_line' id='line_1_100' title="bbox 2012 4949 3606 5036; baseline -0.011 -17"><span class='ocrx_word' id='word_1_702' title='bbox 2012 4964 2331 5036; x_wconf 75' lang='grc' dir='ltr'>ἠγάλλοντο,</span> <span class='ocrx_word' id='word_1_703' title='bbox 2350 4963 2446 5017; x_wconf 76' lang='grc' dir='ltr'>καὶ</span> <span class='ocrx_word' id='word_1_704' title='bbox 2477 4962 2552 5024; x_wconf 84' lang='grc' dir='ltr'>ὡς</span> <span class='ocrx_word' id='word_1_705' title='bbox 2579 4962 2671 5016; x_wconf 72' lang='grc' dir='ltr'><strong>ἐπὶ</strong></span> <span class='ocrx_word' id='word_1_706' title='bbox 2706 4960 2938 5033; x_wconf 84' lang='grc' dir='ltr'>μεγίστῃ</span> <span class='ocrx_word' id='word_1_707' title='bbox 2969 4954 3325 5028; x_wconf 78' lang='grc' dir='ltr'>καρποφορίᾳ</span> <span class='ocrx_word' id='word_1_708' title='bbox 3359 4949 3606 5022; x_wconf 84' lang='grc' dir='ltr'>προσθή-</span> 
     </span>
    </p>
   </div>
   <div class='ocr_carea' id='block_1_101' title="bbox 328 5049 3607 5137">
    <p class='ocr_par' dir='ltr' id='par_1_101' title="bbox 328 5049 3607 5137">
     <span class='ocr_line' id='line_1_101' title="bbox 328 5049 3607 5137; baseline -0.002 -27"><span class='ocrx_word' id='word_1_709' title='bbox 328 5073 457 5128; x_wconf 82' lang='grc' dir='ltr'>κην,</span> <span class='ocrx_word' id='word_1_710' title='bbox 493 5057 698 5111; x_wconf 70' lang='grc' dir='ltr'>ὡσανεὶ</span> <span class='ocrx_word' id='word_1_711' title='bbox 748 5058 842 5111; x_wconf 76' lang='grc' dir='ltr'>καὶ</span> <span class='ocrx_word' id='word_1_712' title='bbox 876 5058 985 5111; x_wconf 80' lang='grc' dir='ltr'><strong>τῶν</strong></span> <span class='ocrx_word' id='word_1_713' title='bbox 1032 5057 1316 5129; x_wconf 83' lang='grc' dir='ltr'>στεφάνων</span> <span class='ocrx_word' id='word_1_714' title='bbox 1350 5060 1574 5131; x_wconf 76' lang='grc' dir='ltr'>καὶτῆς</span> <span class='ocrx_word' id='word_1_715' title='bbox 1628 5063 1906 5133; x_wconf 79' lang='grc' dir='ltr'>μακαρίας</span> <span class='ocrx_word' id='word_1_716' title='bbox 1945 5062 2292 5137; x_wconf 78' lang='grc' dir='ltr'>εὐφροσύνης</span> <span class='ocrx_word' id='word_1_717' title='bbox 2334 5062 2603 5134; x_wconf 69' lang='grc' dir='ltr'>ἰδέχοντο,</span> <span class='ocrx_word' id='word_1_718' title='bbox 2669 5059 2808 5113; x_wconf 89' lang='grc' dir='ltr'>ἰδίαν</span> <span class='ocrx_word' id='word_1_719' title='bbox 2874 5057 3083 5110; x_wconf 78' lang='grc' dir='ltr'>ἑαυτῶν</span> <span class='ocrx_word' id='word_1_720' title='bbox 3127 5052 3478 5122; x_wconf 83' lang='grc' dir='ltr'>εὐδοκίμησιν</span> <span class='ocrx_word' id='word_1_721' title='bbox 3507 5049 3607 5115; x_wconf 81' lang='grc' dir='ltr'><strong>τὴν</strong></span> 
     </span>
    </p>
   </div>
   <div class='ocr_carea' id='block_1_102' title="bbox 326 5156 1078 5227">
    <p class='ocr_par' dir='ltr' id='par_1_102' title="bbox 326 5156 1078 5227">
     <span class='ocr_line' id='line_1_102' title="bbox 326 5156 1078 5227; baseline 0.005 -17"><span class='ocrx_word' id='word_1_722' title='bbox 326 5156 424 5210; x_wconf 85' lang='grc' dir='ltr'><strong>τοῦ</strong></span> <span class='ocrx_word' id='word_1_723' title='bbox 459 5156 706 5227; x_wconf 81' lang='grc' dir='ltr'>μαθητοῦ</span> <span class='ocrx_word' id='word_1_724' title='bbox 736 5157 1078 5226; x_wconf 77' lang='grc' dir='ltr'>ποιούμενοι.</span> 
     </span>
    </p>
   </div>
   <div class='ocr_carea' id='block_1_103' title="bbox 398 5251 1912 5315">
    <p class='ocr_par' dir='ltr' id='par_1_103' title="bbox 398 5251 1912 5315">
     <span class='ocr_line' id='line_1_103' title="bbox 398 5251 1912 5315; baseline 0.003 -10"><span class='ocrx_word' id='word_1_725' title='bbox 398 5251 489 5306; x_wconf 76' lang='grc'><strong>46.</strong></span> <span class='ocrx_word' id='word_1_726' title='bbox 516 5251 606 5307; x_wconf 88' lang='lat' dir='ltr'><strong>Sic</strong></span> <span class='ocrx_word' id='word_1_727' title='bbox 639 5253 751 5315; x_wconf 85' lang='lat' dir='ltr'><strong>ille,</strong></span> <span class='ocrx_word' id='word_1_728' title='bbox 782 5261 839 5307; x_wconf 90' lang='lat' dir='ltr'><strong>et</strong></span> <span class='ocrx_word' id='word_1_729' title='bbox 873 5268 997 5308; x_wconf 93' lang='lat' dir='ltr'><strong>eum</strong></span> <span class='ocrx_word' id='word_1_730' title='bbox 1034 5255 1199 5310; x_wconf 86' lang='lat' dir='ltr'><strong>tantis</strong></span> <span class='ocrx_word' id='word_1_731' title='bbox 1252 5255 1439 5311; x_wconf 58' lang='lat' dir='ltr'><strong>beatae</strong></span> <span class='ocrx_word' id='word_1_732' title='bbox 1460 5255 1653 5311; x_wconf 89' lang='lat' dir='ltr'><strong>mortis</strong></span> <span class='ocrx_word' id='word_1_733' title='bbox 1699 5269 1912 5310; x_wconf 88' lang='lat' dir='ltr'><strong>monu-</strong></span> 
     </span>
    </p>
   </div>
   <div class='ocr_carea' id='block_1_104' title="bbox 329 5344 1912 5419">
    <p class='ocr_par' dir='ltr' id='par_1_104' title="bbox 329 5344 1912 5419">
     <span class='ocr_line' id='line_1_104' title="bbox 329 5344 1912 5419; baseline 0.004 -21"><span class='ocrx_word' id='word_1_734' title='bbox 329 5344 533 5399; x_wconf 84' lang='lat' dir='ltr'><strong>mentis</strong></span> <span class='ocrx_word' id='word_1_735' title='bbox 582 5345 858 5414; x_wconf 84' lang='lat' dir='ltr'><strong>apparuit,</strong></span> <span class='ocrx_word' id='word_1_736' title='bbox 897 5353 1021 5415; x_wconf 89' lang='lat' dir='ltr'><strong>post</strong></span> <span class='ocrx_word' id='word_1_737' title='bbox 1065 5348 1347 5416; x_wconf 85' lang='lat' dir='ltr'><strong>apostolos</strong></span> <span class='ocrx_word' id='word_1_738' title='bbox 1379 5349 1785 5419; x_wconf 79' lang='lat' dir='ltr'><strong>prOphetasque</strong></span> <span class='ocrx_word' id='word_1_739' title='bbox 1850 5359 1912 5404; x_wconf 91' lang='lat' dir='ltr'><strong>et</strong></span> 
     </span>
    </p>
   </div>
   <div class='ocr_carea' id='block_1_105' title="bbox 333 5436 1913 5514">
    <p class='ocr_par' dir='ltr' id='par_1_105' title="bbox 333 5436 1913 5514">
     <span class='ocr_line' id='line_1_105' title="bbox 333 5436 1913 5514; baseline 0.003 -23"><span class='ocrx_word' id='word_1_740' title='bbox 333 5436 550 5493; x_wconf 76' lang='lat' dir='ltr'><strong>Veteris</strong></span> <span class='ocrx_word' id='word_1_741' title='bbox 573 5436 1129 5511; x_wconf 85' lang='lat' dir='ltr'><strong>&#39;l‘estamentijuslos,</strong></span> <span class='ocrx_word' id='word_1_742' title='bbox 1154 5442 1409 5512; x_wconf 84' lang='lat' dir='ltr'><strong>princeps</strong></span> <span class='ocrx_word' id='word_1_743' title='bbox 1431 5441 1484 5495; x_wconf 90' lang='lat' dir='ltr'><strong>in</strong></span> <span class='ocrx_word' id='word_1_744' title='bbox 1515 5442 1684 5497; x_wconf 88' lang='lat' dir='ltr'><strong>choro</strong></span> <span class='ocrx_word' id='word_1_745' title='bbox 1715 5441 1913 5514; x_wconf 82' lang='lat' dir='ltr'><strong>Marty-</strong></span> 
     </span>
    </p>
   </div>
   <div class='ocr_carea' id='block_1_106' title="bbox 332 5532 1909 5604">
    <p class='ocr_par' dir='ltr' id='par_1_106' title="bbox 332 5532 1909 5604">
     <span class='ocr_line' id='line_1_106' title="bbox 332 5532 1909 5604; baseline 0.001 -19"><span class='ocrx_word' id='word_1_746' title='bbox 332 5546 481 5598; x_wconf 89' lang='lat' dir='ltr'><strong>rum,</strong></span> <span class='ocrx_word' id='word_1_747' title='bbox 523 5532 866 5604; x_wconf 88' lang='lat' dir='ltr'><strong>primamque</strong></span> <span class='ocrx_word' id='word_1_748' title='bbox 894 5534 1365 5603; x_wconf 88' lang='lat' dir='ltr'><strong>pulchritudinem</strong></span> <span class='ocrx_word' id='word_1_749' title='bbox 1412 5537 1553 5590; x_wconf 78' lang='lat' dir='ltr'><strong>l’acie</strong></span> <span class='ocrx_word' id='word_1_750' title='bbox 1593 5536 1660 5590; x_wconf 91' lang='lat' dir='ltr'><strong>ad</strong></span> <span class='ocrx_word' id='word_1_751' title='bbox 1693 5535 1909 5601; x_wconf 81' lang='lat' dir='ltr'><strong>faciem,</strong></span> 
     </span>
    </p>
   </div>
   <div class='ocr_carea' id='block_1_107' title="bbox 274 5606 1910 5697">
    <p class='ocr_par' dir='ltr' id='par_1_107' title="bbox 274 5606 1910 5697">
     <span class='ocr_line' id='line_1_107' title="bbox 274 5606 1910 5697; baseline 0.002 -20"><span class='ocrx_word' id='word_1_752' title='bbox 274 5606 283 5655; x_wconf 59' lang='grc'><strong><em>’⁵</em></strong></span> <span class='ocrx_word' id='word_1_753' title='bbox 333 5637 445 5677; x_wconf 86' lang='lat' dir='ltr'><strong>non</strong></span> <span class='ocrx_word' id='word_1_754' title='bbox 474 5622 584 5694; x_wconf 85' lang='lat' dir='ltr'><strong>jam</strong></span> <span class='ocrx_word' id='word_1_755' title='bbox 615 5638 713 5693; x_wconf 90' lang='lat' dir='ltr'><strong>per</strong></span> <span class='ocrx_word' id='word_1_756' title='bbox 741 5626 1023 5693; x_wconf 88' lang='lat' dir='ltr'><strong>speculum</strong></span> <span class='ocrx_word' id='word_1_757' title='bbox 1079 5627 1134 5680; x_wconf 90' lang='lat' dir='ltr'><strong>in</strong></span> <span class='ocrx_word' id='word_1_758' title='bbox 1164 5626 1472 5697; x_wconf 65' lang='lat' dir='ltr'><strong>aenigmate,</strong></span> <span class='ocrx_word' id='word_1_759' title='bbox 1515 5627 1910 5695; x_wconf 84' lang='lat' dir='ltr'><strong>contemplans,</strong></span> 
     </span>
    </p>
   </div>
   <div class='ocr_carea' id='block_1_108' title="bbox 268 5708 1912 5786">
    <p class='ocr_par' dir='ltr' id='par_1_108' title="bbox 268 5708 1912 5786">
     <span class='ocr_line' id='line_1_108' title="bbox 268 5708 1912 5786; baseline 0.004 -21"><span class='ocrx_word' id='word_1_760' title='bbox 268 5708 287 5717; x_wconf 76' lang='grc'><em>“</em></span> <span class='ocrx_word' id='word_1_761' title='bbox 332 5713 471 5769; x_wconf 79' lang='lat' dir='ltr'><strong>vivit</strong></span> <span class='ocrx_word' id='word_1_762' title='bbox 517 5730 701 5770; x_wconf 81' lang='lat' dir='ltr'><strong>eorum</strong></span> <span class='ocrx_word' id='word_1_763' title='bbox 741 5716 1000 5771; x_wconf 88' lang='lat' dir='ltr'><strong>Domino.</strong></span> <span class='ocrx_word' id='word_1_764' title='bbox 1046 5717 1308 5786; x_wconf 89' lang='lat' dir='ltr'><strong>lmpletur</strong></span> <span class='ocrx_word' id='word_1_765' title='bbox 1359 5718 1504 5772; x_wconf 89' lang='lat' dir='ltr'><strong>enim</strong></span> <span class='ocrx_word' id='word_1_766' title='bbox 1541 5719 1594 5771; x_wconf 90' lang='lat' dir='ltr'><strong>in</strong></span> <span class='ocrx_word' id='word_1_767' title='bbox 1644 5733 1710 5771; x_wconf 91' lang='lat' dir='ltr'><strong>eo</strong></span> <span class='ocrx_word' id='word_1_768' title='bbox 1762 5718 1912 5771; x_wconf 66' lang='lat' dir='ltr'><strong>Isaiae</strong></span> 
     </span>
    </p>
   </div>
   <div class='ocr_carea' id='block_1_109' title="bbox 2097 5226 3609 5324">
    <p class='ocr_par' dir='ltr' id='par_1_109' title="bbox 2097 5226 3609 5324">
     <span class='ocr_line' id='line_1_109' title="bbox 2097 5226 3609 5324; baseline -0.023 -4"><span class='ocrx_word' id='word_1_769' title='bbox 2097 5250 2213 5324; x_wconf 76' lang='grc' dir='ltr'>με’·</span> <span class='ocrx_word' id='word_1_770' title='bbox 2252 5250 2439 5313; x_wconf 73' lang='grc' dir='ltr'>Οὕτως</span> <span class='ocrx_word' id='word_1_771' title='bbox 2467 5248 2675 5310; x_wconf 72' lang='grc' dir='ltr'>ἐκεῖνος</span> <span class='ocrx_word' id='word_1_772' title='bbox 2722 5246 2819 5300; x_wconf 75' lang='grc' dir='ltr'>και</span> <span class='ocrx_word' id='word_1_773' title='bbox 2866 5241 3007 5313; x_wconf 83' lang='grc' dir='ltr'>μετὰ</span> <span class='ocrx_word' id='word_1_774' title='bbox 3040 5226 3299 5294; x_wconf 75' lang='grc' dir='ltr'>τοιούτων</span> <span class='ocrx_word' id='word_1_775' title='bbox 3330 5236 3441 5291; x_wconf 84' lang='grc' dir='ltr'>τῶν</span> <span class='ocrx_word' id='word_1_776' title='bbox 3469 5253 3609 5306; x_wconf 83' lang='grc' dir='ltr'>γνω-</span> 
     </span>
    </p>
   </div>
   <div class='ocr_carea' id='block_1_110' title="bbox 2021 5328 3606 5422">
    <p class='ocr_par' dir='ltr' id='par_1_110' title="bbox 2021 5328 3606 5422">
     <span class='ocr_line' id='line_1_110' title="bbox 2021 5328 3606 5422; baseline -0.012 -20"><span class='ocrx_word' id='word_1_777' title='bbox 2021 5347 2304 5422; x_wconf 81' lang='grc' dir='ltr'>ρισμάτων</span> <span class='ocrx_word' id='word_1_778' title='bbox 2350 5345 2451 5415; x_wconf 83' lang='grc' dir='ltr'><strong>τῆς</strong></span> <span class='ocrx_word' id='word_1_779' title='bbox 2503 5341 2783 5414; x_wconf 87' lang='grc' dir='ltr'>μακαρίας</span> <span class='ocrx_word' id='word_1_780' title='bbox 2835 5336 3120 5409; x_wconf 77' lang='grc' dir='ltr'>ἐπιφαίνει</span> <span class='ocrx_word' id='word_1_781' title='bbox 3174 5332 3401 5404; x_wconf 81' lang='grc' dir='ltr'>λήξεως,</span> <span class='ocrx_word' id='word_1_782' title='bbox 3465 5328 3606 5401; x_wconf 78' lang='grc' dir='ltr'>μετά</span> 
     </span>
    </p>
   </div>
   <div class='ocr_carea' id='block_1_111' title="bbox 2019 5423 3606 5507">
    <p class='ocr_par' dir='ltr' id='par_1_111' title="bbox 2019 5423 3606 5507">
     <span class='ocr_line' id='line_1_111' title="bbox 2019 5423 3606 5507; baseline -0.013 -13"><span class='ocrx_word' id='word_1_783' title='bbox 2019 5440 2361 5507; x_wconf 83' lang='grc' dir='ltr'>ἀποστόλων,</span> <span class='ocrx_word' id='word_1_784' title='bbox 2404 5437 2543 5507; x_wconf 79' lang='grc' dir='ltr'>μετά</span> <span class='ocrx_word' id='word_1_785' title='bbox 2597 5433 2827 5488; x_wconf 87' lang='grc' dir='ltr'>δικαίων</span> <span class='ocrx_word' id='word_1_786' title='bbox 2873 5432 2970 5486; x_wconf 73' lang='grc' dir='ltr'><strong>καὶ</strong></span> <span class='ocrx_word' id='word_1_787' title='bbox 3009 5428 3331 5500; x_wconf 78' lang='grc' dir='ltr'>προφητῶν,</span> <span class='ocrx_word' id='word_1_788' title='bbox 3373 5425 3467 5478; x_wconf 84' lang='grc' dir='ltr'><strong>τοῦ</strong></span> <span class='ocrx_word' id='word_1_789' title='bbox 3498 5423 3606 5476; x_wconf 79' lang='grc' dir='ltr'><strong>τῶν</strong></span> 
     </span>
    </p>
   </div>
   <div class='ocr_carea' id='block_1_112' title="bbox 2022 5515 3604 5603">
    <p class='ocr_par' dir='ltr' id='par_1_112' title="bbox 2022 5515 3604 5603">
     <span class='ocr_line' id='line_1_112' title="bbox 2022 5515 3604 5603; baseline -0.013 -18"><span class='ocrx_word' id='word_1_790' title='bbox 2022 5531 2317 5603; x_wconf 89' lang='grc' dir='ltr'>μαρτύρων</span> <span class='ocrx_word' id='word_1_791' title='bbox 2369 5528 2620 5600; x_wconf 77' lang='grc' dir='ltr'>ἐξάρχων</span> <span class='ocrx_word' id='word_1_792' title='bbox 2666 5524 2853 5597; x_wconf 86' lang='grc' dir='ltr'>χοροῦ,</span> <span class='ocrx_word' id='word_1_793' title='bbox 2886 5526 2981 5577; x_wconf 74' lang='grc' dir='ltr'>καὶ</span> <span class='ocrx_word' id='word_1_794' title='bbox 3011 5523 3080 5575; x_wconf 88' lang='grc' dir='ltr'><strong>δι’</strong></span> <span class='ocrx_word' id='word_1_795' title='bbox 3114 5521 3290 5582; x_wconf 87' lang='grc' dir='ltr'>είδους</span> <span class='ocrx_word' id='word_1_796' title='bbox 3320 5518 3414 5573; x_wconf 85' lang='grc' dir='ltr'>τοῦ</span> <span class='ocrx_word' id='word_1_797' title='bbox 3450 5515 3604 5587; x_wconf 84' lang='grc' dir='ltr'>πρώ-</span> 
     </span>
    </p>
   </div>
   <div class='ocr_carea' id='block_1_113' title="bbox 2015 5610 3604 5684">
    <p class='ocr_par' dir='ltr' id='par_1_113' title="bbox 2015 5610 3604 5684">
     <span class='ocr_line' id='line_1_113' title="bbox 2015 5610 3604 5684; baseline -0.009 -11"><span class='ocrx_word' id='word_1_798' title='bbox 2015 5639 2112 5674; x_wconf 84' lang='grc' dir='ltr'><strong>του</strong></span> <span class='ocrx_word' id='word_1_799' title='bbox 2163 5619 2417 5683; x_wconf 75' lang='grc' dir='ltr'>κάλλους,</span> <span class='ocrx_word' id='word_1_800' title='bbox 2473 5619 2573 5670; x_wconf 80' lang='grc' dir='ltr'>οὐκ</span> <span class='ocrx_word' id='word_1_801' title='bbox 2616 5619 2672 5669; x_wconf 81' lang='grc' dir='ltr'><strong>ὲν</strong></span> <span class='ocrx_word' id='word_1_802' title='bbox 2721 5616 2971 5684; x_wconf 79' lang='grc' dir='ltr'>ἐσόπτρῳ</span> <span class='ocrx_word' id='word_1_803' title='bbox 3020 5612 3132 5665; x_wconf 84' lang='grc' dir='ltr'>οὐδ’</span> <span class='ocrx_word' id='word_1_804' title='bbox 3175 5613 3233 5664; x_wconf 81' lang='grc' dir='ltr'><strong>ὲν</strong></span> <span class='ocrx_word' id='word_1_805' title='bbox 3281 5610 3604 5678; x_wconf 79' lang='grc' dir='ltr'>αἰνίγμασιν</span> 
     </span>
    </p>
   </div>
   <div class='ocr_carea' id='block_1_114' title="bbox 2017 5700 3600 5782">
    <p class='ocr_par' dir='ltr' id='par_1_114' title="bbox 2017 5700 3600 5782">
     <span class='ocr_line' id='line_1_114' title="bbox 2017 5700 3600 5782; baseline -0.008 -18"><span class='ocrx_word' id='word_1_806' title='bbox 2017 5713 2479 5782; x_wconf 64' lang='grc' dir='ltr'>ἐμφορούμενος,</span> <span class='ocrx_word' id='word_1_807' title='bbox 2510 5708 2652 5761; x_wconf 82' lang='grc' dir='ltr'>οῦτω</span> <span class='ocrx_word' id='word_1_808' title='bbox 2703 5707 2999 5775; x_wconf 80' lang='grc' dir='ltr'>συνάγεται</span> <span class='ocrx_word' id='word_1_809' title='bbox 3056 5701 3303 5758; x_wconf 76' lang='grc' dir='ltr'>ἐναντίον</span> <span class='ocrx_word' id='word_1_810' title='bbox 3366 5700 3600 5771; x_wconf 79' lang='grc' dir='ltr'>Κυρίου.</span> 
     </span>
    </p>
   </div>
   <div class='ocr_carea' id='block_1_115' title="bbox 332 5793 1894 5878">
    <p class='ocr_par' dir='ltr' id='par_1_115' title="bbox 332 5806 1889 5878">
     <span class='ocr_line' id='line_1_115' title="bbox 332 5806 1889 5878; baseline 0.001 -17"><span class='ocrx_word' id='word_1_811' title='bbox 332 5806 657 5863; x_wconf 87' lang='lat' dir='ltr'><strong>vaticinium</strong></span> <span class='ocrx_word' id='word_1_812' title='bbox 710 5806 944 5862; x_wconf 88' lang='lat' dir='ltr'><strong>dicentis</strong></span> <span class='ocrx_word' id='word_1_813' title='bbox 975 5825 990 5862; x_wconf 90' lang='lat'><strong>:</strong></span> <span class='ocrx_word' id='word_1_814' title='bbox 1019 5808 1085 5861; x_wconf 86' lang='lat' dir='ltr'><strong>Et</strong></span> <span class='ocrx_word' id='word_1_815' title='bbox 1133 5807 1487 5863; x_wconf 87' lang='lat' dir='ltr'><strong>mundabitur</strong></span> <span class='ocrx_word' id='word_1_816' title='bbox 1516 5809 1670 5878; x_wconf 77' lang='lat' dir='ltr'><strong>plaga</strong></span> <span class='ocrx_word' id='word_1_817' title='bbox 1695 5810 1835 5875; x_wconf 77' lang='lat' dir='ltr'><strong>ejus,</strong></span> <span class='ocrx_word' id='word_1_818' title='bbox 1861 5824 1889 5862; x_wconf 88' lang='lat' dir='ltr'><strong>e</strong></span> 
     </span>
    </p>
   </div>
   <div class='ocr_carea' id='block_1_116' title="bbox 2007 5793 3671 5878">
    <p class='ocr_par' dir='ltr' id='par_1_116' title="bbox 2007 5793 3671 5873">
     <span class='ocr_line' id='line_1_116' title="bbox 2007 5793 3671 5873; baseline -0.008 -18"><span class='ocrx_word' id='word_1_819' title='bbox 2007 5799 2436 5873; x_wconf 70' lang='grc' dir='ltr'>Συμπληροῦται</span> <span class='ocrx_word' id='word_1_820' title='bbox 2458 5800 2567 5871; x_wconf 81' lang='grc' dir='ltr'><strong>γὰρ</strong></span> <span class='ocrx_word' id='word_1_821' title='bbox 2603 5798 2830 5859; x_wconf 76' lang='grc' dir='ltr'>Ἡσαΐας</span> <span class='ocrx_word' id='word_1_822' title='bbox 2862 5795 2963 5866; x_wconf 82' lang='grc' dir='ltr'>τὴν</span> <span class='ocrx_word' id='word_1_823' title='bbox 3004 5794 3315 5864; x_wconf 60' lang='grc' dir='ltr'>εὐφημίαν</span> <span class='ocrx_word' id='word_1_824' title='bbox 3349 5793 3459 5845; x_wconf 77' lang='grc' dir='ltr'><strong>Καὶ</strong></span> <span class='ocrx_word' id='word_1_825' title='bbox 3503 5808 3607 5843; x_wconf 88' lang='grc' dir='ltr'>κα-</span> <span class='ocrx_word' id='word_1_826' title='bbox 3669 5804 3671 5806; x_wconf 82' lang='grc'><strong>·</strong></span> 
     </span>
    </p>
   </div>
   <div class='ocr_carea' id='block_1_117' title="bbox 331 5898 1910 5969">
    <p class='ocr_par' dir='ltr' id='par_1_117' title="bbox 331 5898 1910 5969">
     <span class='ocr_line' id='line_1_117' title="bbox 331 5898 1910 5969; baseline 0 -14"><span class='ocrx_word' id='word_1_827' title='bbox 331 5898 503 5969; x_wconf 73' lang='lat' dir='ltr'><strong>vivet,</strong></span> <span class='ocrx_word' id='word_1_828' title='bbox 537 5912 591 5954; x_wconf 85' lang='lat' dir='ltr'><strong>et</strong></span> <span class='ocrx_word' id='word_1_829' title='bbox 638 5898 1073 5956; x_wconf 76' lang='lat' dir='ltr'><strong>misericordiam</strong></span> <span class='ocrx_word' id='word_1_830' title='bbox 1128 5906 1526 5967; x_wconf 83' lang='lat' dir='ltr'><strong>consequetur,</strong></span> <span class='ocrx_word' id='word_1_831' title='bbox 1558 5909 1611 5956; x_wconf 85' lang='lat' dir='ltr'><strong>et</strong></span> <span class='ocrx_word' id='word_1_832' title='bbox 1642 5900 1910 5964; x_wconf 70' lang='lat' dir='ltr'><strong>gloriﬁca-</strong></span> 
     </span>
    </p>
   </div>
   <div class='ocr_carea' id='block_1_118' title="bbox 2018 5886 3601 5961">
    <p class='ocr_par' dir='ltr' id='par_1_118' title="bbox 2018 5886 3601 5961">
     <span class='ocr_line' id='line_1_118' title="bbox 2018 5886 3601 5961; baseline -0.013 -7"><span class='ocrx_word' id='word_1_833' title='bbox 2018 5896 2299 5961; x_wconf 79' lang='grc' dir='ltr'>θαοίζεται</span> <span class='ocrx_word' id='word_1_834' title='bbox 2359 5892 2466 5950; x_wconf 73' lang='grc' dir='ltr'>ἀπὸ</span> <span class='ocrx_word' id='word_1_835' title='bbox 2519 5893 2619 5958; x_wconf 83' lang='grc' dir='ltr'>τῆς</span> <span class='ocrx_word' id='word_1_836' title='bbox 2673 5889 2912 5955; x_wconf 81' lang='grc' dir='ltr'>πληγῆς,</span> <span class='ocrx_word' id='word_1_837' title='bbox 2949 5889 3044 5943; x_wconf 76' lang='grc' dir='ltr'>καὶ</span> <span class='ocrx_word' id='word_1_838' title='bbox 3083 5886 3149 5953; x_wconf 77' lang='grc' dir='ltr'><strong>ζῆ</strong></span> <span class='ocrx_word' id='word_1_839' title='bbox 3201 5889 3294 5940; x_wconf 78' lang='grc' dir='ltr'><strong>καὶ</strong></span> <span class='ocrx_word' id='word_1_840' title='bbox 3342 5886 3601 5943; x_wconf 70' lang='grc' dir='ltr'>ἐλεείται,</span> 
     </span>
    </p>
   </div>
  </div>
