3894 6366
372 336 481 398 359
1341 330 1669 390 GEORGII
1712 327 1965 389 CYPRII

2097 375 2112 389 .
2152 322 2682 387 ΡΑΤΙιιΑιιειιΕ
3544 318 3653 380 3θο

375 448 653 505 rectitude
684 445 984 501 comitetur
1018 452 1075 499 et
1103 442 1480 514 subsequatur
1504 442 1739 512 jnstitia.
1772 441 1969 497 Acces-

2097 441 2237 506 ινδς,
2268 439 2343 502 ὡς
2375 439 2441 491 ἂν
2475 439 2620 488 εἴποι
2648 453 2754 496 τις.
2784 434 2875 486 καὶ
2904 432 3274 501 παιδαγωγία,
3301 431 3494 499 δεξιῶς
3514 434 3657 499 ἄγαν

375 545 445 595 sit
474 516 604 610 ergo
636 553 757 592 meo
776 540 887 605 regi
909 536 1146 605 justitia,
1173 552 1279 605 qua
1308 536 1657 605 compleatur
1695 534 1961 605 perfectio

2097 534 2121 584 δ
2155 532 2292 584 πολὺ
2321 534 2419 599 τῆς
2454 522 2722 597 κινήσεως
2760 523 3144 593 ἀνακρούουσα
3170 541 3182 554 ·
3216 524 3277 577 τδ
3313 524 3369 577 δὲ.
3408 523 3508 591 τῆς
3551 542 3656 577 σω-

375 643 432 688 et
463 641 645 701 pateat
674 630 987 699 integritas.

2106 625 2340 695 ροσύνης
2370 622 2531 675 καλὸν
2563 621 2769 689 κόσμος
2804 623 2869 689 τῇ
2918 620 3182 688 φρονήσει
3216 620 3527 680 συνείπετο,
3557 621 3658 687 μά-

374 729 535 781 λιστα
564 729 620 781 δὲ
647 726 851 797 ταύτης
905 726 1330 795 ἐπιπφράγισμα
1363 728 1459 779 καὶ
1501 726 1860 796 συντήρησις.
1884 721 1963 778 ἹΙ
2001 725 2118 786 πῶς
2190 724 2257 777 ἄν
2323 738 2406 782 τις
2441 719 2496 772 εὖ
2542 718 2823 787 λογισμῶν
2868 719 2963 769 καὶ
3001 719 3275 779 συνέσεως
3314 716 3456 786 ἔχω-ι
3486 719 3658 786 φανή-

379 842 552 887 σεται,
593 820 920 892 σωφροσύνῃ
972 821 1047 892 μὴ
1092 824 1535 891 σεμνυνόμενος;
1580 820 1725 874 Ἀλλ’
1757 819 1818 872 ού
1856 818 1965 890 μὴν
2004 816 2114 870 οὐδ’
2145 818 2201 870 ἐν
2266 816 2474 879 τούτοις
2545 816 2609 868 ἂν
2648 811 2787 866 εἶναι
2822 811 2973 877 δόξαι
3008 812 3069 865 τὸ
3119 812 3344 875 τέλειον,
3370 810 3436 863 ἂν
3467 810 3540 880 μὴ
3567 810 3661 864 καὶ

377 921 601 989 τρόπων
658 919 894 990 εὐθύτης
956 921 1273 989 συνομαρτῇ
1332 918 1428 971 καὶ
1484 917 1607 988 δίκη
1660 918 1966 987 ἐφέπηται.
2008 914 2199 985 Παρῆν
2264 911 2397 983 γοῦν
2428 912 2685 965 ὲπὶπᾶσι
2718 909 2815 963 καὶ
2871 905 3280 976 δικαιοσύνητὸ
3315 905 3661 976 τέλειολόρί-

378 1017 552 1082 ζουσα
585 1014 658 1083 τῷ
689 1015 806 1083 ἐμῷ
841 1014 1057 1083 βλσιλεῖ
1088 1018 1182 1068 καὶ
1212 1017 1310 1085 τὴν
1343 1015 1717 1087 ἀκεραιότητα
1739 1014 2149 1084 ἐπιγράφουσα.

460 1108 527 1162 Et
555 1109 671 1164 hac
705 1108 926 1178 quidem
968 1126 997 1162 a
1039 1124 1213 1179 puero
1252 1126 1349 1179 per
1393 1120 1444 1164 te
1488 1110 1707 1180 incepta
1747 1109 1961 1166 indesi-

381 1215 576 1259 nenter
611 1214 767 1257 aucta
803 1214 1129 1268 remanent;
1161 1219 1309 1258 nunc
1352 1221 1482 1259 vero
1544 1206 1706 1260 nobis
1761 1206 1814 1260 in
1869 1205 1975 1261 ini-

384 1298 522 1354 tium
581 1297 991 1367 quodammodo
1036 1285 1350 1354 sermonem
1388 1300 1781 1356 revocantibus
1808 1301 1971 1371 paulo

382 1392 552 1447 altius
580 1392 946 1461 repetundum
983 1402 1090 1447 est.

458 1484 711 1539 Habebas
743 1501 872 1554 ergo
913 1485 1188 1554 corporie,
1214 1486 1458 1543 habebas
1494 1487 1738 1544 etanimi
1786 1488 1965 1553 dotes,

383 1579 545 1633 et-ita
611 1588 669 1633 ut
724 1581 921 1634 melius
976 1581 1073 1635 tibi
1128 1583 1449 1653 contingere
1510 1600 1620 1637 non
1674 1584 1966 1657 potuerit:

379 1672 599 1743 juvenis
629 1684 680 1726 et
718 1673 832 1726 haec
887 1675 1211 1742 perliciebas
1265 1685 1319 1731 et
1372 1678 1620 1747 corporis
1675 1679 1969 1732 mellittora

384 1782 618 1835 quaeque
658 1768 1027 1837 repudiabas:
1062 1787 1187 1825 cum
1220 1787 1353 1825 vero
1403 1772 1650 1841 oportuit
1688 1773 1741 1826 in
1786 1788 1970 1827 rerum

2151 1108 2260 1160 Καὶ
2308 1106 2485 1161 ταῦτα
2534 1104 2963 1175 μὲν,’ὴργμένα
3020 1119 3104 1157 σοι
3142 1104 3205 1156 ἐκ
3252 1102 3465 1167 παιζὸσ,
3499 1102 3662 1173 μέχρι

2078 1206 2281 1264 παντὸς
2310 1201 2557 1271 διαμένει
2597 1200 2958 1268 ,ἐπιδιδὸμενα
2986 1217 3000 1231 ο
3026 1200 3144 1251 νυνὶ
3171 1197 3227 1250 δὲ
3280 1197 3477 1267 μικρὸν
3523 1198 3663 1250 ἄνω-

2079 1295 2171 1348 θεν
2202 1295 2436 1366 ἀρκτέον
2468 1296 2601 1365 ήμῖν
2626 1296 2702 1357 ὼς
2733 1295 2813 1358 εἰς
2842 1293 3017 1364 ἀρχὴν
3045 1295 3136 1346 τὸν
3166 1292 3324 1361 λόγον
3349 1288 3663 1358 ἀναγαγοῦ-

2079 1407 2183 1444 σιν-

2150 1481 2315 1557 Εἷχες
2350 1484 2448 1555 μὲν
2475 1483 2617 1546 οὕτω
2649 1483 2923 1554 σώματος,
2952 1478 3097 1553 εἶχες
3128 1480 3186 1535 δὲ
3215 1481 3308 1535 καὶ
3331 1480 3512 1551 ψυχῆς
3536 1481 3666 1549 ἀρε-

2081 1580 2212 1645 τῶν,
2244 1580 2341 1632 καὶ
2367 1579 2441 1642 ὡς
2483 1578 2583 1630 οὐκ
2617 1576 2683 1631 ἂν
2717 1577 2922 1646 ἑτέρως
2963 1575 3251 1641 ξυνέδαινε
3288 1574 3522 1644 βέλτιον,
3547 1574 3667 1637 νέος

2086 1676 2176 1727 καὶ
2225 1672 2401 1726 ταῦτα
2433 1673 2609 1726 τελῶν
2646 1674 2745 1726 καὶ
2796 1672 3129 1741 ἁπαλώτεροι
3161 1672 3230 1725 τὰ
3260 1670 3358 1723 τοῦ
3413 1668 3668 1739 σώματος

2085 1767 2533 1837 προὸαλλόμενος
2557 1784 2571 1799 ο
2610 1768 2732 1820 ἐπεὶ
2772 1767 2831 1819 δέ
2868 1767 2964 1819 καὶ
3012 1762 3359 1835 πραγμάτων
3386 1761 3495 1816 ἔδει
3530 1761 3668 1831 πρὸς

386 1860 726 1913 curriculum
761 1862 1005 1928 prodire,
1036 1873 1093 1917 et
1121 1864 1452 1932 exponendo
1475 1880 1805 1934 cognoscere
1828 1881 1971 1934 quae,

2097 1863 2393 1930 γυμνάσιον
2428 1862 2793 1930 καταστῆναι,
2828 1862 2926 1914 καὶ
2955 1858 3125 1929 πείρᾳ
3150 1857 3355 1926 γνῶναι
3379 1856 3520 1925 ἅπερ
3579 1853 3671 1908 καὶ

384 1957 551 2007 etiam
633 1965 926 2021 antequam
994 1965 1255 2023 expertus
1314 1955 1411 2023 sis,
1478 1957 1647 2011 animi
1701 1958 2027 2029 magnani-‘

387 2049 578 2100 mitate
621 2062 856 2101 noveras
961 2047 1111 2118 (non
1162 2050 1313 2102 enim
1375 2050 1669 2118 oportebat
1735 2062 1786 2105 te
1847 2051 1983 2106 satis

386 2142 618 2193 scicntia
670 2156 768 2210 per
816 2140 1171 2209 prudentiam
1237 2142 1637 2211 locupletatum
1704 2143 1758 2197 in
1817 2161 1985 2214 expe-

389 2234 587 2288 riendo
630 2235 967 2296 claudicare,
1023 2244 1081 2288 ut
1140 2234 1217 2288 illi
1269 2235 1362 2303 qui
1402 2236 1610 2290 habent
1669 2240 1982 2305 generalem

395 2343 583 2379 rerum
644 2327 1036 2395 cognitionem,
1069 2335 1259 2381 errant
1291 2344 1420 2381 vero
1464 2329 1609 2383 cilea
1646 2330 1882 2398 singula,
1916 2346 1984 2384 eo

389 2420 537 2489 quod
579 2420 684 2473 illis
716 2436 816 2489 per
842 2435 1063 2473 sensum
1119 2434 1229 2473 non
1287 2420 1513 2476 fuerunt
1571 2423 1979 2493 manifestata),

390 2515 534 2567 inter
568 2512 846 2581 principes
875 2520 1121 2567 versatus
1142 2528 1224 2578 es,
1255 2513 1360 2565 illis
1391 2516 1609 2581 egregie
1640 2517 1693 2570 in
1732 2517 1983 2576 notitiam

392 2607 746 2675 perveniens,
799 2605 941 2658 inter
999 2620 1139 2674 quos
1190 2608 1615 2676 prwdestinatus
1651 2625 1776 2665 eras
1826 2610 1982 2665 brevi

391 2700 687 2768 imperium
718 2716 1014 2771 occupare.

465 2794 693 2847 Maxime
727 2795 950 2863 quidem
1004 2796 1308 2851 mirabatur
1346 2806 1396 2851 te
1448 2807 1678 2866 patruus
1733 2797 1824 2852 ille
1856 2806 1986 2852 tuus

391 2896 447 2940 et
477 2903 593 2951 rex,
632 2901 858 2957 propter
887 2892 1142 2959 corporis
1165 2890 1323 2944 dotes
1349 2891 1548 2959 quibus
1579 2899 1635 2944 et
1679 2890 1985 2960 pulchritu-

391 2981 520 3034 dine
582 2985 821 3050 aequales
875 2993 931 3037 et
965 2983 1291 3037 fortitudine
1332 2984 1569 3054 majores
1601 2996 1731 3037 natu
1795 2983 1985 3039 vince-

395 3074 492 3129 bas
538 3092 552 3126 :
601 3074 907 3129 mirabatur
963 3088 1015 3130 te
1080 3077 1246 3130 etiam
1302 3086 1525 3146 propter
1592 3072 1758 3130 animi
1807 3079 1982 3143 dotes,

398 3168 705 3231 praesertim
769 3178 1009 3222 mentem
1044 3177 1099 3224 et
1152 3169 1322 3224 animi
1365 3170 1737 3239 praasentiam,
1781 3172 1984 3240 quibus

300 3326 309 3335 δ
394 3259 485 3313 ille
528 3259 820 3313 videbatur
852 3270 1084 3315 Caeteros
1126 3275 1414 3330 superare,
1456 3276 1654 3316 omnes
1704 3278 1837 3318 vero
1887 3279 1982 3318 su-

396 3367 592 3422 perare
641 3360 692 3406 te
751 3353 870 3407 solo
920 3354 1224 3423 impeditus
1272 3364 1415 3409 erat.
1453 3355 1573 3410 Non
1607 3356 1755 3410 enim
1790 3359 1845 3411 in
1895 3358 1984 3414 bis

398 3452 609 3496 tantum
645 3450 704 3496 ut
738 3443 894 3513 pueri
960 3444 1057 3498 tibi
1093 3454 1272 3499 aetates
1303 3461 1595 3515 compares
1618 3484 1633 3508 ,
1676 3446 1770 3501 sed
1815 3449 1984 3503 etiam

399 3545 458 3589 ut
488 3534 816 3590 llmnericus
849 3552 1014 3591 senex
1048 3547 1096 3592 te
1124 3537 1479 3601 ostendebas,
1517 3548 1573 3592 et
1604 3549 1662 3593 ut
1696 3540 1837 3595 alius
1863 3541 1986 3610 qni-

396 3637 501 3690 vis,
532 3635 580 3683 si
615 3630 706 3695 sit,
744 3631 1013 3700 sapientia
1042 3632 1409 3701 priestantior.
1445 3633 1662 3690 Etenim
1689 3649 1795 3688 non
1821 3638 1986 3691 modo

356 3712 361 3720 ’
397 3723 612 3776 artibus
645 3739 766 3792 quas
808 3731 1092 3792 stuporem
1151 3722 1498 3781 incutiebant
1545 3736 1776 3782 ornatus
1836 3745 1982 3795 eras,

397 3813 493 3868 sed
530 3822 585 3867 et
609 3814 793 3885 lingua
824 3816 937 3869 sola
970 3816 1220 3869 omnium
1242 3830 1426 3870 rerum
1460 3820 1828 3888 eogitatarum
1853 3837 1989 3877 con-

399 3913 643 3983 gruenti,
698 3914 924 3967 nexibili
983 3924 1040 3969 et
1071 3928 1297 3980 canora,
1325 3922 1383 3969 tu
1423 3914 1503 3969 ait
1531 3914 1811 3970 Aristonis
1842 3917 1988 3970 tilins

400 4007 575 4073 Plato,
617 4016 673 4061 et
727 4008 904 4061 nibilo
968 4007 1270 4073 aberranti,
1337 4008 1409 4063 ita
1452 4018 1512 4063 ut
1566 4010 1752 4064 nullus
1805 4020 1986 4065 tecum

402 4101 576 4167 1-055it
608 4100 873 4171 conferri,
909 4115 1011 4154 nec
1056 4100 1252 4170 poetici
1284 4101 1507 4170 quidem
1566 4102 1815 4157 seniores
1847 4119 1989 4173 quos

402 4182 708 4256 Homerus,
768 4202 996 4263 propter
1053 4194 1207 4247 vocis
1258 4194 1649 4258 canoritatem,
1702 4205 1988 4264 comparat

401 4286 609 4340 cicadis
645 4301 815 4355 super
866 4285 1099 4340 arbores
1151 4284 1548 4351 insidentibus,
1586 4296 1645 4342 ut
1698 4285 1989 4345 Homerice

402 4382 622 4452 loquar,
656 4390 712 4436 et
746 4394 972 4436 suavem
1012 4386 1233 4434 cantum
1271 4377 1658 4443 tundentibus.

2050 2004 2055 2008 .
2087 1963 2192 2026 πρὸ
2225 1956 2324 2025 τῆς
2357 1955 2554 2026 πείρας
2607 1955 2787 2026 ψυχῆς
2821 1953 3167 2024 panic-putet
3197 1942 3501 2021 ἐγνώρισας
3528 1949 3672 2020 (οὐδὲ

2086 2050 2193 2119 γὰρ
2229 2049 2336 2101 ἔδει
2375 2050 2597 2113 σκάςειν
2646 2051 2713 2118 τῇ
2763 2047 3030 2118 ἐμπειρίᾳ
3067 2043 3443 2115 ἀποχρώντως
3472 2043 3573 2114 τὴν
3610 2044 3672 2095 ἐκ

2085 2144 2183 2210 τῆς
2236 2141 2492 2210 γνώσεως
2550 2143 2868 2210 ἐπιστήμην
2926 2137 3290 2200 πλουτοῦντα.
3342 2138 3491 2192 κατὰ
3542 2135 3673 2200 τοὺς

2087 2234 2313 2303 ἔχοντας
2345 2237 2444 2305 μὲν
2480 2236 2540 2289 τὶ
2594 2234 2839 2295 καθόλου,
2874 2233 2943 2287 δι’
2989 2234 3327 2303 ἐπιστήμης,
3367 2230 3671 2300 παραλογι-

2087 2325 2376 2396 ζομένους,
2403 2326 2459 2380 δέ
2487 2328 2597 2389 τοῖς
2620 2327 2741 2379 καθ’
2764 2326 2998 2392 ἕκαστα,
3020 2327 3096 2395 τῷ
3125 2325 3201 2397 μὴ
3228 2326 3527 2392 ἐπιστῆσαι
3553 2324 3676 2379 τού-

2086 2436 2201 2483 τοις
2231 2421 2325 2472 καὶ
2353 2420 2444 2473 διὰ
2485 2420 2582 2490 τῆς
2615 2419 2970 2489 αἰσθήσεως),
3000 2422 3057 2473 ἐν
3103 2420 3429 2488 ἀνακτόροις
3472 2420 3676 2489 διέτρι-

2088 2512 2207 2577 6ες,
2267 2512 2450 2576 καλῶς
2513 2516 2592 2576 είς
2649 2513 2852 2580 γνῶσιν
2915 2513 3144 2567 ἐκείνων
3207 2513 3547 2581 ίκνούμενος,
3600 2508 3678 2568 ὧν

2093 2607 2232 2677 μετὰ
2268 2606 2579 2677 ﬁnxit—siqu
2613 2606 2787 2679 ἀρχὴν
2834 2606 3257 2679 ἐγχειρισθῆναι
3296 2608 3597 2679 προώρισο.

2175 2791 2393 2853 Ἀμέλει
2425 2809 2509 2845 τοι
2540 2794 2635 2844 καὶ
2664 2793 2777 2845 τῶν
2803 2791 2897 2846 τοῦ
2946 2793 3207 2864 σώματος
3234 2796 3676 2867 προτερημάτων

2090 2883 2372 2953 ἐθώμαζέ
2411 2900 2470 2936 σε
2498 2884 2526 2936 6
2566 2884 2710 2949 θεῖος
2741 2883 2856 2955 (i6)
2906 2887 3114 2951 ἐκεῖνος
3147 2888 3243 2940 καὶ
3284 2887 3561 2959 βασιλεὺς,
3597 2886 3676 2956 οἷς

2088 2976 2391 3046 ὡραιότητι
2421 2978 2520 3047 μὲν
2544 2976 2654 3032 τῶν
2679 2977 2987 3047 ὁμηλίκων,
3011 2979 3157 3059 ἰσχύϊ
3178 2979 3236 3033 δέ
3259 2981 3353 3034 καὶ
3377 2983 3486 3059 τῶν
3516 2986 3677 3054 ὑπερ·

2090 3070 2579 3141 ηλίκωνέκράτεις
2603 3088 2618 3104 ο
2646 3070 2928 3141 ἐθαύμαζε
2960 3072 3016 3125 δέ
3056 3052 3124 3126 σε
3160 3075 3255 3128 καὶ
3306 3052 3417 3130 τῶν
3447 3080 3545 3147 τῆς
3577 3052 3677 3147 ψυ-

2092 3164 2214 3232 χῆς,
2252 3164 2491 3231 μάλιστα
2518 3164 2574 3218 δὲ
2611 3167 2709 3233 τῆς
2740 3181 2800 3217 τε
2828 3167 3101 3229 συνέσεως
3144 3166 3241 3221 καὶ
3269 3170 3368 3240 τῆς
3398 3169 3680 3241 ἀγχινοίας

2090 3256 2201 3309 τῶν
2232 3256 2531 3326 λογισμῶν,
2561 3256 2686 3309 καθ’
2717 3255 2785 3320 ἃς
2838 3256 3018 3311 ἐδόκει
3072 3257 3173 3329 μὲν
3205 3261 3415 3323 ἐκεῖνος
3445 3260 3555 3313 τῶν
3586 3261 3681 3315 ἄλ-

2090 3347 2200 3402 λων
2235 3352 2487 3421 κρατεῖν,
2513 3349 2620 3402 ύπδ
2653 3349 2749 3403 σοῦ
2780 3350 2837 3403 δὲ
2871 3352 3034 3419 μόνου
3067 3350 3178 3405 τῶν
3209 3352 3429 3406 πάντων
3455 3357 3685 3426 κρατεῖν

2092 3441 2390 3496 ἐκωλύετο.
2444 3442 2648 3506 Παῖδας
2696 3443 2808 3513 γὰρ
2842 3444 2935 3495 ἐπὶ
2985 3444 3202 3506 τούτοις
3246 3445 3308 3496 οὐ
3358 3445 3520 3516 μόνον
3552 3448 3685 3512 τοὺς

2092 3532 2235 3585 κατὰ
2261 3533 2353 3585 τὸν
2388 3532 2551 3587 αὐτόν
2580 3551 2662 3587 σοι
2695 3537 2908 3604 χρόνον,
2941 3535 3205 3591 ἀλλὰκαὶ
3235 3537 3326 3591 τὸν
3381 3536 3683 3610 Ὁμηρικὸν

2091 3626 2368 3690 ἐδείκνυες
2398 3628 2634 3698 γέροντα
2667 3628 2806 3698 (Π),
2832 3630 2927 3682 καὶ
2952 3630 3005 3684 ei
3034 3646 3117 3696 τις
3142 3631 3301 3695 ἀλλος
3332 3633 3423 3685 ἐπὶ
3457 3635 3673 3689 συνέσει

2089 3718 2309 3789 διέφερε
2333 3735 2346 3749 ·
2381 3720 2479 3771 καὶ
2521 3721 2631 3789 γὰρ
2675 3723 2942 3789 παρεῖχες
2970 3722 3031 3776 οὐ
3070 3723 3234 3794 μόνον
3262 3726 3512 3794 νοήματα
3544 3726 3685 3797 πρὸς

2089 3812 2357 3880 ἔκπληξιν
2404 3813 2855 3885 προγαλούμενα,
2886 3814 3025 3870 ἀλλὰ
3069 3817 3166 3872 καὶ
3220 3817 3471 3886 γλῶτταν
3508 3820 3681 3890 μόνην

2090 3901 2197 3955 τῶν
2241 3903 2471 3957 ἁπασῶν
2518 3906 2636 3968 τοῖς
2688 3906 2933 3975 νοηθεῖσι
2994 3908 3430 3977 συμϐαίνουσαν,
3460 3909 3687 3982 εὔστρο-

2092 3995 2191 4065 φόν
2222 4014 2282 4050 τε
2320 3996 2418 4050 καὶ
2447 3998 2683 4067 λιγυρὰν
2710 3999 2855 4052 κατᾶ
2884 4000 2977 4054 τὸν
3015 4000 3346 4071 Ἀρίστωνος
3392 4003 3685 4071 Πλάτωνα,

2091 4091 2185 4143 καὶ
2216 4091 2354 4162 πρὸς
2397 4093 2551 4147 οὐδὲν
2588 4093 3022 4162 ὀλισθαίνουσαν,
3049 4097 3126 4160 ὡς
3160 4100 3351 4168 μηδέν’
3383 4095 3527 4156 εῖναι
3581 4121 3689 4157 πα-

2096 4183 2465 4255 ραὸάλλεσθαι
2509 4184 2650 4255 πρὸς
2683 4187 2765 4253 σὲ,
2802 4187 2939 4257 μηδὲ
2986 4188 3113 4254 τοὺς
3144 4190 3242 4263 τῆς
3285 4193 3563 4263 ποιήσεως
3592 4197 3691 4268 δη-

2096 4275 2461 4346 μογέροντας,
2485 4276 2581 4343 οὒς
2614 4281 2710 4334 καὶ
2740 4281 2979 4346 τέττιξιν
3009 4282 3263 4356 Ὅμηρος
3293 4286 3482 4342 εἴκασε
3512 4289 3600 4346 διὰ
3628 4292 3691 4347 τὸ

2093 4369 2191 4437 τῆς
2226 4369 2415 4440 φωνῆς
2451 4370 2697 4442 λιγυρὸν,
2723 4373 2995 4446 δενδρέοις
3028 4377 3406 4447 ἐφεζομένοις,
3447 4382 3535 4437 ἵνα
3561 4385 3693 4440 καθ’

2095 4460 2357 4533 Ὅμηρον
2394 4463 2555 4533 εἴπω,
2595 4467 2692 4520 καὶ
2722 4465 2830 4520 ὅπα
2867 4471 3153 4538 πέμπουσι
3189 4471 3551 4543 λειριόεσσαν.

476 4561 545 4616 Et
598 4576 707 4615 non
743 4576 808 4615 ex
853 4560 963 4616 illis
1006 4569 1217 4615 tantum
1253 4577 1375 4631 qua:
1423 4570 1474 4617 te
1520 4563 1665 4618 inter
1712 4563 1986 4636 principes

2170 4557 2281 4611 Καὶ
2308 4556 2368 4609 οὐ
2394 4558 2557 4629 μόνον
2578 4556 2660 4624 οἷς
2691 4560 2748 4613 ἐν
2775 4562 2888 4624 τοῖς
2909 4562 3235 4637 ἀνακτόροις
3267 4569 3491 4636 ἐφαίνου
3516 4573 3680 4627 ποιῶν

405 4655 771 4710 innotuerunt
815 4654 1041 4708 laudum
1095 4656 1379 4710 materiam
1422 4666 1479 4711 et
1525 4657 1801 4727 primitias
1860 4660 2000 4716 hau-

404 4748 561 4814 sisti;
588 4744 681 4802 sed
706 4748 872 4802 etiam
913 4763 1008 4818 per
1031 4748 1145 4802 haec
1169 4764 1289 4818 qua:
1315 4748 1370 4803 in
1401 4748 1547 4804 bello
1569 4750 1867 4809 exhibuisti
1902 4753 2002 4807 ad-

406 4841 760 4898 mirationem
785 4855 847 4895 es
871 4849 1228 4908 consecutus,
1251 4856 1374 4895 cum
1400 4843 1467 4896 ad
1488 4853 1802 4913 opportuna
1830 4861 2000 4916 expe-

404 4936 606 4993 dienda
646 4944 703 4991 et
739 4943 955 4989 matura
1013 4941 1066 4987 et
1113 4947 1269 4987 saera
1323 4932 1722 4991 deliberatione
1776 4937 2000 4995 Themi-

407 5027 582 5082 stocle
644 5024 1002 5083 excellentior
1069 5024 1372 5079 exstiteris.
1421 5024 1540 5080 Non
1586 5026 1699 5096 jam
1762 5029 1998 5085 multum

413 5120 663 5190 elapsum
720 5126 806 5174 est
870 5128 1089 5187 tempus
1145 5131 1210 5171 ex
1272 5131 1384 5187 quo
1445 5117 1649 5173 bellum
1699 5131 1818 5176 erat
1869 5130 1999 5177 ante

411 5225 601 5285 portas
647 5221 703 5269 et
749 5227 841 5266 res
889 5210 1243 5282 postulabant
1298 5221 1787 5282 propugnatorem,
1836 5225 1892 5269 et
1940 5228 1999 5271 tu

406 5303 628 5373 juvenis
658 5318 781 5356 eras
813 5300 1309 5372 singularissimum
1344 5305 1636 5371 quemdam
1656 5303 1797 5359 inter
1829 5304 2000 5363 duces

410 5398 431 5466 (
456 5397 720 5466 juvenem
764 5395 966 5464 aliquis
1006 5396 1154 5449 dicet
1198 5395 1255 5449 in
1317 5392 1709 5452 Macedonibus
1758 5396 1992 5453 Alexan-

411 5488 576 5542 drum
610 5488 668 5557 );
710 5487 803 5542 hic
831 5487 1004 5558 magis
1044 5495 1237 5558 aperte
1270 5502 1437 5558 quam
1488 5500 1650 5543 antea
1708 5487 1994 5561 ingenium

414 5589 568 5634 tuum
602 5577 944 5649 signiﬁcasti.
979 5577 1261 5634 Exercitui
1320 5578 1470 5634 enim
1531 5595 1695 5650 quam
1751 5581 2002 5638 solertis-

487 5716 601 5787 (16)
633 5715 924 5770 Tbeodora
953 5715 1238 5771 Michaelis
1273 5732 1412 5771 uxor
1440 5717 1625 5787 neptis
1652 5725 1773 5772 erat
1805 5716 1998 5773 fratris

415 5789 801 5858 imperatoris;
839 5799 956 5843 erat
1002 5803 1135 5859 ergo
1185 5790 1487 5857 imperator
1542 5790 1782 5843 Joannes
1822 5789 2001 5843 Ducas

421 5862 699 5931 Vatacius,
732 5859 1014 5919 Michaelis
1045 5860 1207 5929 θεῖος,
1242 5861 1296 5917 id
1317 5862 1419 5927 εει,
1450 5874 1707 5931 patruus,
1734 5861 1843 5915 imo
1872 5876 2001 5931 pro-

2102 4649 2340 4704 ἐπαίνων
2373 4650 2661 4717 ὑποθέσεις
2695 4656 2955 4726 παρεῖχες
2989 4657 3081 4711 καὶ
3115 4660 3393 4732 ἀφορμὴν,
3421 4664 3558 4719 ἀλλά
3581 4683 3682 4723 που

2102 4744 2198 4796 καὶ
2225 4739 2309 4806 οἷς
2351 4745 2496 4798 κατά
2528 4746 2764 4817 πόλεμον
2795 4748 3149 4806 ἐπεδείκνυτο
3183 4754 3279 4807 καὶ
3307 4758 3520 4821 τούτοις
3552 4761 3683 4832 πρὸς

2104 4836 2289 4908 θαῦμα
2318 4838 2616 4911 διήγειρες,
2648 4842 2943 4912 κράτιστος
2974 4846 3071 4897 καὶ
3102 4845 3243 4918 ὑπὲρ
3284 4848 3374 4901 τὸν
3422 4850 3684 4920 Θεμιστο-

2103 4928 2236 4983 κλέα
2270 4930 2559 5000 γενόμενος
2588 4932 2801 5000 φύσεώς
2830 4952 2889 4987 τε
2913 4935 3142 5006 δυνάμει
3168 4939 3262 4992 καὶ
3291 4940 3530 5013 μελέτης
3561 4945 3682 5016 βρα-

2102 5022 2299 5094 χύτητι
2331 5024 2750 5095 ἀποσχεδιάζειν
2779 5026 2849 5080 τὰ
2889 5027 3097 5084 δέοντα.
3142 5027 3231 5095 Ὦς
3261 5034 3371 5104 γὰρ
3399 5037 3461 5089 οὐ
3498 5040 3691 5109 συχνὸς

2104 5116 2397 5189 παρερῤύη
2452 5118 2646 5186 χρόνος
2697 5119 2791 5173 καὶ
2835 5121 3071 5191 πόλεμος
3106 5118 3176 5195 ἦν
3210 5126 3305 5180 ἐπὶ
3353 5128 3565 5199 θύραις,
3602 5146 3683 5188 κα

2103 5210 2195 5262 τὸν
2226 5209 2606 5280 ἀμυνούμενον
2649 5212 2835 5266 ἐκάλει
2864 5216 2932 5266 τὰ
2978 5216 3301 5286 πράγματα,
3337 5222 3435 5275 καὶ
3471 5225 3535 5275 σὺ
3571 5226 3680 5293 μείι

2104 5304 2208 5374 ραξ
2241 5306 2424 5377 παρῆς
2467 5308 2792 5377 στρατηγῶν
2834 5308 2896 5361 τὸ
2933 5309 3250 5365 καινότατον
3303 5314 3442 5384 (νέον
3494 5318 3561 5371 ἄν
3610 5336 3687 5383 τις

2104 5389 2260 5451 εἶπεν
2292 5399 2349 5451 ἐν
2392 5399 2704 5454 Μακεδόσιν
2744 5399 3144 5474 Ἀλέξανδρον),
3176 5406 3413 5461 ἐνταῦθα
3446 5410 3697 5481 ἐκδήλως

2107 5490 2308 5559 μᾶλλον
2332 5493 2433 5563 ήπε
2443 5510 2476 5563 ρ
2501 5493 2563 5546 τὺ
2589 5496 2860 5564 πρότερον
2883 5496 2981 5566 τὴν
3005 5497 3205 5551 σαυτοῦ
3230 5500 3394 5568 φύσιν
3415 5496 3526 5565 οἷος
3544 5499 3691 5575 ἦσθα

2103 5586 2212 5648 τοῖς
2264 5587 2430 5641 πᾶσιν
2480 5585 2808 5660 ἐγνώρισας.
2854 5586 3247 5663 Ἐστρατήγεις
3304 5594 3408 5664 μὲν
3460 5593 3573 5667 γὰρ
3612 5597 3694 5661 ὡς

2104 5730 2359 5790 patruus.

2178 5795 2290 5865 (t7)
2319 5795 2375 5850 ld
2403 5805 2507 5862 est,
2541 5795 2857 5854 Nestorem.
2908 5824 2922 5843 ο
