3894 6488
362 333 467 403 361

1313 336 1705 409 LAUDATIO
1754 346 2186 413 MICHAELIS
2226 351 2697 416 I’ALIEOLOGIJ

3262 228 3303 239 μοι

3509 360 3612 427 352

367 444 483 504 οἷόν
512 450 561 505 τ’
589 445 658 523 ἦν
681 446 998 521 δεξιώτατα,
1040 453 1133 507 καὶ⁴
1170 453 1321 508 οὐδὲν
1365 455 1513 528 ἀπῆν
1542 456 1642 511 ὅσα
1672 459 1769 529 τῆς
1800 460 1922 527 ἁγα-

2045 458 2182 516 sime
2213 477 2474 531 prmeras,
2502 463 2709 519 nullius
2741 464 2899 537 inops
2927 481 2993 522 ex
3039 466 3297 525 omnibus
3317 484 3439 540 qua:
3462 471 3609 529 bono

363 540 467 609 θῆς
495 544 829 614 στρατηγίας
852 560 867 576 ·
911 543 1119 615 ὲμάχου
1146 544 1190 598 δ’
1230 546 1290 600 ὲν
1334 549 1448 610 τοῖς
1500 548 1827 620 προμάχοις,
1858 551 1935 613 ώς

365 635 529 704 μόνον
580 638 674 691 ἐπὶ
720 637 895 706 τούτῳ
931 637 1258 707 ταττόμενος
1291 641 1383 692 καὶ
1435 640 1603 711 μηδὲν
1638 641 1936 711 φροντίζων

364 726 494 798 περὶ
518 726 627 780 τῶν
659 727 965 800 adiam/,1],
1006 731 1068 782 τό
1098 747 1162 798 γε
1208 731 1571 801 ἀληθέστατον
1605 733 1791 802 φάναι,
1826 735 1941 802 φά-

360 818 573 887 λαγγας
613 820 755 874 κατὰ
802 821 997 875 ταυτὸν
1048 822 1305 893 ἐκόσμεις
1354 826 1448 879 καὶ
1502 826 1685 897 παρῆς
1713 826 1936 882 ἱππεῦσι

366 911 696 981 μαχόμενος,
748 908 944 978 πεζοὺς
980 913 1291 986 παρέθηγες
1342 914 1421 980 εἰς
1470 918 1567 986 τὴν
1616 919 1936 989 συμπλοκὴν

359 1002 456 1052 καὶ
504 1000 760 1072 πολέμιον
805 1002 1028 1068 ἔϐαλλες
1089 1005 1448 1075 κατακάρδια,
1497 1003 1591 1060 καὶ
1642 1008 1936 1079 καθώσπερ

359 1091 492 1162 παρ’
533 1094 761 1164 Ὁμήρῳ
796 1096 1142 1166 μανθάνομεν
1172 1096 1265 1151 τὸν
1289 1099 1347 1151 ὲν
1370 1098 1512 1161 θεοῖς
1545 1101 1936 1188 μαχιμώτατον

357 1181 457 1233 νῦν
493 1181 592 1251 μὲν
626 1182 937 1254 ἔμπροσθεν
959 1185 1216 1256 ὁρμῶντα
1244 1188 1339 1240 τοῦ
1368 1186 1654 1259 Ἕκτορος,
1675 1190 1862 1243 ἄλλοτε
1889 1185 1933 1244 δ”

356 1271 429 1326 αὖ
458 1273 680 1328 ὄπισθεν
713 1277 793 1341 είς
819 1279 918 1349 τὴν
949 1278 1056 1332 τῶν
1118 1279 1391 1350 Ἐλλήνων
1435 1282 1797 1351 κατάπληξιν,
1829 1301 1935 1337 τοι·

356 1359 514 1425 οὗτος
550 1363 645 1417 καὶ
677 1363 837 1428 αὐτὸς
861 1365 1039 1436 παρῆς
1065 1364 1141 1435 τῷ
1170 1366 1392 1438 πολέμῳ
1418 1367 1696 1438 πτερωτδς
1720 1368 1930 1439 ὥσπερ,

358 1460 616 1519 παντοῖος
646 1457 704 1511 ὲν
735 1461 855 1520 ταῖς
906 1460 1249 1528 συμπλοκαῖς
1286 1460 1379 1513 καὶ
1415 1462 1555 1531 μετὰ
1610 1461 1826 1518 πάντων
1853 1472 1936 1531 γι-

360 1547 609 1616 νόμενος,
637 1550 733 1602 καὶ
763 1548 922 1612 ἄλλος
960 1551 1134 1621 Ἀρης
1168 1552 1362 1622 μακρῷ
1394 1551 1487 1605 τοῦ
1516 1554 1799 1623 ποιητικοῦ
1839 1571 1931 1623 φο-

361 1634 667 1709 ϐερώτερος
697 1639 838 1693 κατὰ
866 1640 973 1693 τῶν
999 1642 1257 1695 ἐναντίων
1287 1641 1609 1714 φερόμενος.
1640 1644 1813 1699 Ἔνθα
1840 1647 1933 1700 καὶ

364 1728 730 1799 στρατιώτης,
766 1731 1023 1802 ῥᾳθύμως
1046 1732 1184 1803 ἔχων
1210 1736 1307 1803 τῆς
1337 1735 1679 1805 συμπλοκῆς,
1708 1738 1764 1789 ὲν
1794 1739 1933 1811 λήθῃ

359 1819 461 1887 τῆς
498 1820 795 1891 ῥᾳθυμίας,
829 1824 966 1893 πρὸς
990 1823 1049 1877 σε
1082 1825 1320 1894 βλέπων,
1352 1826 1665 1892 καθίστατο,
1692 1829 1787 1884 καὶ
1813 1830 1931 1894 ὅλος

359 1910 460 1979 τῆς
490 1912 669 1982 μάχης
704 1913 936 1981 ἐγίνετο,
973 1917 1067 1969 καὶ
1119 1916 1285 1984 ὁμόσε
1341 1918 1485 1972 κατὰ
1519 1919 1628 1971 τῶν
1660 1920 1933 1990 πολεμίων

359 2003 609 2073 ἐφέρετο,
634 2007 727 2057 καὶ
761 2009 787 2059 ὸ
817 2007 1026 2061 οἴκοθεν
1077 2009 1358 2079 πρόθυμος
1400 2011 1600 2081 μᾶλλον
1629 2010 1717 2065 διὰ
1748 2013 1806 2065 σὲ
1834 2015 1933 2085 τὴν

359 2095 670 2166 προθυμίαν
701 2100 996 2155 ἐπέτεινεν.
1036 2100 1095 2154 Ei
1120 2103 1177 2156 δέ
1227 2104 1327 2157 πού
1372 2122 1459 2169 τις
1500 2107 1594 2160 καὶ
1626 2108 1934 2181 μαχόμενος

357 2188 824 2257 τετραυμάτιστο,
849 2191 1001 2246 οὐδὲν
1026 2188 1094 2263 ἦν
1125 2194 1273 2265 αὐτῷ
1300 2197 1359 2249 τὸ
1391 2197 1610 2269 τραῦμα
1644 2199 1738 2253 τοῦ
1772 2201 1932 2255 πολε-

360 2277 485 2343 μεῖν
520 2277 807 2347 ἑμποδώνο
851 2279 1044 2350 ἦρκεις
1074 2283 1183 2353 γὰρ
1232 2284 1416 2353 αὐτὸς,
1462 2290 1586 2341 ἀντὶ
1638 2289 1931 2360 φαρμάκου

359 2367 561 2431 παντὸς
591 2370 685 2422 καὶ
716 2368 1079 2441 ψυχαγωγίας
1123 2374 1363 2446 ἀπάσης,
1386 2379 1659 2449 ὁρώμενος
1681 2397 1694 2412 ·
1718 2380 1796 2451 τῷ
1825 2383 1932 2451 γὰρ

354 2456 534 2523 οὕτως
576 2459 771 2531 ἔχοντα
823 2462 1131 2535 προθυμίας
1162 2465 1382 2535 βλέπειν
1432 2470 1565 2539 πρὸς
1609 2470 1667 2522 σὲ
1708 2473 1816 2536 πᾶς
1849 2491 1932 2537 τις

355 2550 553 2605 ἑαυτοῦ
587 2554 735 2625 ῥᾴων
762 2555 936 2611 ἐδόκει
963 2559 1057 2612 καὶ
1089 2560 1224 2629 πρὸς
1251 2560 1317 2615 τὰ
1342 2561 1494 2617 δεινά
1543 2565 1926 2640 ἀκμαιότερος.

357 2642 516 2696 Φίλον
542 2644 652 2715 γὰρ
681 2645 758 2710 ώς
788 2647 883 2700 ἐπὶ
910 2649 970 2701 τὸ
1005 2649 1257 2703 πλεῖστον
1285 2653 1396 2716 τοῖς
1427 2654 1931 2729 ἀρχομένοις’πρὸς

358 2736 456 2798 τὴν
479 2736 574 2789 τοῦ
606 2739 864 2808 ἄρχοντος
894 2740 1006 2808 ἕξιν
1034 2743 1265 2812 μάλιστα
1287 2744 1644 2811 διατίθεσθαι,
1670 2751 1785 2804 εἴτε
1836 2769 1931 2805 κα-

355 2822 485 2891 λῶς,
527 2826 638 2880 εἴτε
669 2829 763 2881 καὶ
788 2828 863 2893 ὡς
894 2830 1099 2901 ἑτέρως
1153 2832 1397 2901 φαίνοιτο
1426 2835 1645 2906 ἔχουσαί
1675 2839 1785 2893 Καὶ
1824 2840 1933 2893 διε-

356 2915 531 2980 τέλεις
558 2920 586 2971 ὁ
617 2919 794 2974 πάντα
841 2922 1004 2986 καλὸς
1058 2924 1180 2977 τότε
1229 2926 1329 2995 μὲν
1381 2929 1708 2998 στρατηγὸς,
1742 2933 1859 2985 νυνὶ
1885 2932 1930 2986 δ’

357 3005 443 3058 ἔπ’
470 3008 648 3079 ἀγαθῇ
679 3010 814 3083 τύχῃ
851 3011 1188 3091 Χριστιανῶν
1233 3016 1507 3088 βασιλεὺς,
1535 3018 1594 3085 ἐξ
1618 3013 1679 3074 οὗ
1715 3024 1930 3093 πρῶτον

356 3094 533 3150 ίουλον
562 3092 742 3163 εἷλκες
771 3102 932 3172 μέχρι
964 3104 1065 3173 τῆς
1095 3106 1362 3178 πρότριτα
1385 3112 1498 3174 τοίς
1528 3113 1668 3166 κατὰ
1690 3092 1926 3186 πόλεμον

353 3187 622 3252 κινδύνοις
650 3192 746 3245 καὶ
780 3192 986 3264 μάχαις
1040 3198 1543 3271 παραϐαλλόμενος.
1591 3204 1701 3259 Καὶ
1741 3206 1920 3273 ἄλλοις

355 3278 459 3357 μὲν
484 3283 824 3352 κυνηγεσίων
856 3286 1015 3355 ἔμελε
1050 3290 1145 3342 καὶ
1179 3289 1353 3362 θήρας
1385 3295 1481 3347 καὶ
1508 3295 1606 3365 τῆς
1640 3297 1763 3351 καθ’
1804 3297 1923 3370 ἡδο-

351 3354 453 3437 νὴν
481 3368 729 3441 ἱππικῆς,
757 3376 851 3427 καὶ
891 3376 1065 3431 ὁπόσα
1113 3354 1403 3454 περιουσίᾳ
1434 3354 1722 3456 ῥᾳστώνης
1751 3354 1921 3460 ἐργά-

351 3456 533 3520 ζονται
561 3461 878 3533 ἄνθρωποι⁸
915 3471 998 3520 σοὶ
1049 3468 1105 3522 δὲ
1156 3472 1360 3527 τούτων
1409 3477 1563 3531 οὐδέν
1587 3495 1600 3510 ·
1638 3456 1920 3549 ἀγαπητὸν

348 3546 407 3599 δὲ
436 3554 532 3601 καὶ
557 3552 605 3603 εί
632 3553 753 3623 μετ’
780 3556 965 3622 ἁδείας
1000 3564 1247 3631 μετεῖχες
1281 3564 1390 3619 τῶν
1417 3546 1754 3638 ἀναγκαίων,
1780 3546 1918 3628 ἀλλὰ

350 3639 426 3707 μη
474 3638 673 3705 νύκτας
711 3644 838 3709 ὅλας
888 3648 1073 3719 διῆγες
1130 3641 1465 3725 ἀγρύπνους.
1515 3661 1629 3714 Καὶ
1681 3663 1787 3731 γὰρ
1825 3665 1919 3718 καὶ

345 3727 491 3782 τοῦτ’
514 3732 735 3801 ἐφαίνου
770 3739 999 3810 πάσχων
1029 3743 1058 3811 ἢ
1087 3745 1278 3812 ποιῶν,
1312 3748 1344 3818 ἢ
1405 3751 1526 3822 (οὐκ
1556 3752 1664 3824 ἔχω
1692 3727 1811 3820 πώς
1844 3761 1920 3817 εξ-

346 3822 468 3874 πεῑν
498 3822 717 3893 ἄλλως),
749 3828 836 3881 ἵνα
865 3834 934 3885 τὰ
987 3832 1108 3902 μεθ’
1139 3837 1352 3907 ἡμέραν
1387 3842 1541 3913 σχοίη
1576 3822 1776 3914 καλῶς,
1824 3851 1919 3904 καὶ

340 3913 373 3963 ό
394 3915 562 3968 πᾶσιν
590 3918 671 3981 είς
695 3922 1008 3979 ἀνάπαυσιν
1029 3927 1314 3998 ἀνειμένος
1340 3935 1529 4004 καιρὸς
1551 3940 1633 3989 σοὶ
1658 3940 1749 3993 καὶ
1772 3943 1917 4014 μόνῳ

342 4003 465 4057 οὐδὲ
498 4008 628 4076 μίαν
666 4010 836 4065 ἐδίδου
871 4018 992 4079 ταῖς
1040 4020 1318 4089 φροντίσιν
1371 4003 1711 4084 ἀνόιπαυλαν.
1754 4003 1918 4103 Ἦμέζ

348 4113 450 4166 ρας
483 4097 538 4151 δὲ
570 4100 704 4171 πρὸς
737 4105 921 4175 ἀκμὰς
952 4110 1185 4182 ἐχώρεις
1221 4114 1460 4185 δοράτων
1510 4121 1607 4172 καὶ
1656 4097 1916 4179 συνεπλέ-

343 4206 443 4242 κου
475 4193 588 4255 τοῖς
623 4195 924 4268 πολεμίοις,
974 4205 1082 4257 κάν
1134 4208 1249 4270 τοῖς
1301 4215 1539 4278 πρώτοις
1587 4215 1696 4267 τῶν
1743 4218 1917 4272 κινδυ-

342 4282 608 4338 νευόντων
642 4288 846 4352 ἐτέλεις
880 4292 1372 4368 ἀναστρεφόμενος,
1405 4301 1550 4357 τοῦτ’
1577 4307 1693 4359 ἀνθ’
1718 4309 1914 4381 ἡδονῆς

335 4371 557 4444 ἁπάσης
587 4376 934 4448 αἱρούμενος,
962 4383 1022 4435 τὸ
1052 4386 1253 4457 μηδένα
1298 4390 1554 4462 πολέμιον
1602 4371 1749 4466 μήθ’.
1779 4371 1914 4465 ὅλως

335 4457 474 4514 εἶναι
524 4464 604 4534 τῷ
654 4468 911 4541 ἡμετέρῳ
968 4476 1136 4543 γένει,
1173 4480 1313 4549 μήτε
1368 4457 1474 4551 μην
1524 4457 1911 4556 ὀνομαζεσθαιῑ
1944 4513 1989 4570 ο

355 4554 689 4623 Ἐπράττετο
718 4561 775 4612 δέ
803 4579 886 4615 σοι
923 4568 1063 4619 κατὰ
1096 4571 1196 4632 τὰς
1229 4572 1410 4641 μάχας
1452 4554 1795 4648 αὐτοσχέδιον
1821 4583 1911 4635 οὐ-

333 4644 445 4709 δὲν,
464 4648 573 4701 οὐδ’
601 4650 677 4715 ώς
708 4652 898 4723 ἔτυχεν
923 4658 1377 4729 ἀπροϐούλευτον,
1408 4670 1602 4739 γνώμη
1620 4644 1692 4724 ’δέ
1717 4689 1799 4737 τις
1824 4676 1913 4730 ἀεὶ

333 4738 431 4790 καὶ
463 4741 848 4816 προϐούλευμα
870 4748 977 4801 τών
1005 4755 1398 4822 πραττομένων
1424 4738 1653 4827 ἐγίνετοο
1680 4764 1757 4828 ὡς
1801 4766 1909 4820 ἔδει

332 4846 399 4896 γε
418 4834 512 4884 καὶ
530 4832 624 4888 νῦν
643 4837 770 4900 τοὺς
792 4841 1026 4910 στρατοῦ
1049 4844 1325 4918 προὸεὸλη
1336 4851 1530 4917 μένους
1556 4853 1660 4909 ὑπὸ
1682 4858 1907 4929 τοιούτῳ

333 4926 759 4993 στρατηγεῖσθαι
778 4929 856 5000 τῷ
884 4931 1133 5005 λογισμῷ
1158 4935 1173 4989 ι
1209 4932 1287 4990 Ἦ
1317 4944 1424 5011 γὰρ
1464 4943 1530 4997 ἂν
1558 4948 1652 4999 καὶ
1682 4926 1909 5018 σφάλλε-

332 5010 459 5062 σθαι
499 5013 601 5081 μὲν
631 5017 950 5071 συνέϐαινεν
982 5022 1258 5093 οὐδαμῶς,
1292 5010 1436 5098 μάλα
1483 5032 1539 5087 δὲ
1588 5010 1764 5101 δεξιόν
1791 5043 1905 5107 τοῖς

328 5100 674 5172 δεδογμένοις
724 5108 786 5161 τὸ
843 5111 1022 5182 πέρας
1071 5118 1377 5178 συνέὸαινε.
1425 5124 1495 5178 Σὺ
1547 5126 1624 5193 δὲ,
1658 5100 1901 5198 βασιλεῦ,

329 5192 476 5247 οὕτω
500 5198 681 5251 πάντα
714 5201 944 5271 ἑποίεις,
974 5208 1067 5260 καὶ
1099 5211 1277 5265 πάντα
1312 5215 1514 5285 ῥᾳδίως
1545 5192 1751 5289 ὲνίκίας,
1778 5192 1899 5297 τοίη

327 5283 388 5337 δέ
408 5301 493 5338 σοι
508 5289 867 5385 ἐπιτάρροθος
885 5290 985 5367 ἦεν
1010 5299 1229 5373 Ἀθήνη,
1249 5283 1397 5377 Ὅμη
1405 5326 1493 5378 ρος
1511 5311 1623 5383 (18)
1640 5283 1899 5385 ἆνήείπενξ

330 5378 364 5445 η
393 5378 460 5431 ὲκ
494 5378 589 5433 τοῦ
621 5382 899 5457 μετεώρου
944 5391 1037 5444 καὶ
1072 5393 1280 5467 ὑψηλοῦ
1327 5415 1422 5453 σου
1450 5378 1543 5455 vei?
1576 5378 1899 5481 ώπλισμένη

325 5472 424 5524 καὶ
447 5472 722 5547 δύσμαχος
743 5478 1169 5558 ἀπογεννωμένη
1197 5491 1480 5564 φρόνησις.
1505 5496 1567 5549 Et
1593 5497 1648 5551 δέ
1674 5472 1777 5553 που
1804 5472 1900 5556 καί

321 5562 496 5633 τύχης
527 5566 818 5642 βασκανίᾳ,
846 5567 936 5628 οἷα
965 5578 1137 5633 πολλὰ
1167 5582 1292 5636 κατ’
1315 5562 1634 5659 ἀνθρώπους
1666 5596 1873 5667 συμὸαί
1897 5630 1899 5633 ι

394 5743 509 5816 us)
542 5744 700 5805 Iliad.
732 5767 780 5818 ε,
806 5752 931 5810 sos.

525 5848 800 5914 PATRUL.
836 5855 955 5920 Gn.
989 5861 1225 5929 CXLII.

1947 3155 1995 3221 C

2044 552 2378 608 conveniunt
2432 555 2786 625 imperatori;
2840 560 3121 631 pugnabas
3151 561 3208 616 in
3242 561 3419 631 prima
3469 565 3608 629 acie,

2040 643 2196 710 quasi
2225 643 2290 698 ad
2317 643 2421 699 hoc
2450 645 2788 704 constitutus
2814 657 2871 705 et
2921 649 3094 707 nihilo
3137 652 3386 710 intentus
3419 656 3483 710 ad
3522 671 3611 711 or-

2039 733 2226 798 dines.
2257 748 2373 800 aut,
2409 746 2467 791 ut
2498 737 2687 795 verius
2736 739 2950 811 loquar,
3011 743 3227 814 agmina
3275 746 3610 817 disponebas

2040 825 2206 880 simul
2240 843 2302 882 ac
2334 828 2601 885 dimicans
2647 832 2793 888 inter
2820 833 3035 903 equites
3082 836 3298 904 aderas,
3333 839 3391 893 in
3436 841 3606 895 aciem

2042 917 2354 988 abripiebas
2402 923 2603 982 milites
2640 935 2696 980 et
2730 927 2871 982 ictus
2931 929 3207 1000 dirigebas
3260 934 3328 986 ad
3363 933 3608 989 hostium

2038 1019 2296 1079 pectora;
2335 1023 2389 1068 et
2420 1016 2912 1087 quemadmodum,
2944 1028 3005 1075 ut
3052 1021 3121 1077 ab
3155 1022 3399 1080 iiomero
3444 1028 3609 1082 disci-

2038 1108 2180 1168 mus,
2217 1102 2446 1159 deorum
2489 1106 2947 1169 bellicosissimus
2974 1120 3122 1170 nunc
3151 1126 3279 1172 ante
3316 1118 3605 1175 Hectorem

2037 1191 2348 1262 advolabat,
2380 1210 2528 1253 nunc
2561 1208 2684 1269 post
2727 1200 2881 1256 illum
2934 1204 3002 1259 ad
3049 1203 3269 1263 Graecos
3302 1207 3605 1275 feriendos,

2037 1284 2158 1339 talis
2190 1295 2245 1341 et
2296 1295 2352 1342 tu
2379 1290 2582 1345 erasin
2616 1291 2787 1360 bello,
2834 1294 3040 1366 ubique
3088 1297 3141 1356 in
3195 1300 3313 1353 acie
3367 1309 3422 1354 et
3482 1316 3607 1355 cum

2037 1377 2294 1435 omnibus
2341 1392 2619 1451 praesens,
2686 1393 2741 1440 et
2788 1386 2926 1443 alter
2978 1386 3123 1443 Mars
3171 1391 3388 1460 poetico
3438 1391 3609 1448 Marte

2036 1467 2195 1539 longe
2246 1471 2557 1528 terribilior
2622 1474 2877 1533 irruebas
2938 1478 2994 1533 in
3046 1479 3258 1536 hostes.
3309 1481 3608 1553 Propterea

2038 1561 2194 1616 miles
2224 1564 2452 1633 ignavus
2502 1567 2558 1621 in
2603 1569 2812 1639 praelio,
2850 1579 2905 1627 te
2948 1571 3169 1629 intuens
3205 1575 3474 1646 ignaviam
3504 1575 3604 1631 de-

2036 1651 2285 1710 discebat
2306 1668 2361 1713 et
2386 1667 2531 1715 totus
2558 1662 2615 1716 in
2645 1674 2826 1735 pugna
2853 1666 3177 1724 versabatur
3205 1675 3262 1725 et
3289 1685 3396 1726 una
3421 1679 3603 1726 tecum

2036 1749 2357 1806 convolabat
2384 1749 2452 1805 ad
2479 1749 2686 1823 hostes,
2711 1763 2766 1811 et
2790 1758 2949 1813 miles
2979 1767 3175 1830 suopte
3211 1761 3434 1833 ingenio
3456 1773 3603 1820 stre-

2034 1847 2177 1893 nuus
2206 1854 2303 1909 per
2332 1846 2805 1919 te_strenuitatem
2837 1849 3160 1922 adaugebat.
3199 1854 3256 1909 Si
3304 1854 3427 1925 quis
3460 1856 3603 1912 forte

2034 1936 2177 1981 esset
2204 1930 2545 2003 vulneratus,
2599 1935 2775 1991 nihilo
2823 1937 3026 1994 vulnus
3060 1950 3178 1995 erat
3223 1941 3302 1997 illi
3323 1943 3602 2012 pugnandi

2035 2014 2530 2086 impedimentum:
2580 2028 2714 2082 satis
2760 2036 2878 2082 erat
2921 2031 3092 2097 enim,
3140 2031 3319 2089 omnis
3364 2034 3605 2091 medica-

2033 2109 2198 2165 miuis
2237 2110 2356 2168 vice
2384 2122 2441 2168 et
2473 2117 2653 2173 omnis
2699 2118 2881 2175 solatii
2915 2128 2966 2176 te
2999 2121 3238 2178 vidisse:
3271 2132 3397 2178 nam
3432 2135 3485 2181 te
3524 2126 3601 2182 ita

2032 2199 2267 2256 alacrem
2332 2204 2647 2276 inspiciens,
2730 2210 2972 2282 quisque
3050 2214 3232 2284 seipse
3312 2215 3603 2273 videbatur

2032 2293 2218 2348 sanior
2256 2305 2311 2351 et
2343 2298 2606 2356 adversus
2645 2302 2887 2371 pericula
2941 2305 3192 2363 validior.
3226 2310 3603 2370 Amant'enim

2032 2385 2360 2459 plerumque
2389 2392 2622 2461 subjecti
2664 2395 2731 2449 ad
2792 2397 3143 2468 imperatoris
3172 2407 3475 2472 praesertim
3507 2406 3603 2464 ba-

2032 2477 2209 2534 bitum
2249 2496 2371 2538 sese
2399 2497 2752 2556 componere,
2801 2489 2919 2545 sive
2960 2495 3104 2548 male
3138 2496 3253 2551 sive
3287 2497 3446 2552 aliter
3476 2515 3599 2555 sese

2032 2583 2221 2639 gerere
2244 2574 2519 2634 videatur.
2553 2580 2623 2635 Et
2656 2589 2789 2639 tunc
2833 2585 2945 2640 dux
2983 2587 3166 2646 bonus
3211 2588 3422 2648 militia
3471 2611 3598 2665 per-

2033 2663 2312 2731 manebas,
2348 2670 2511 2726 modo
2563 2682 2747 2731 autem
2802 2694 2896 2733 rex
2955 2678 3010 2735 in
3065 2682 3265 2739 bonam
3320 2684 3599 2744 fortunam

2031 2756 2490 2829 Christianorum,
2553 2781 2623 2822 ex
2675 2785 2787 2840 quo
2850 2773 3033 2843 primo
3082 2776 3312 2834 emicuit
3363 2778 3596 2839 barbula

2031 2863 2203 2919 usque
2231 2852 2298 2907 ad
2343 2859 2761 2940 tres-proximos
2790 2864 2908 2920 dies
2944 2864 3002 2921 in
3056 2867 3184 2924 belli
3227 2871 3486 2940 periculis
3541 2884 3599 2932 et

2032 2943 2427 3002 certaminibus
2455 2932 2743 3008 ‘versatus.
2801 2953 2994 3012 Caneri
3043 2932 3269 3030 quidem
3309 2963 3602 3038 indulgent

2029 3034 2307 3089 venationi
2331 3036 2445 3094 sive
2479 3054 2602 3095 cum
2637 3045 2883 3111 canibus,
2917 3047 3033 3105 sive
3069 3050 3123 3105 iu
3156 3068 3322 3124 equo,
3351 3065 3406 3111 et
3435 3059 3591 3133 omni

2030 3124 2205 3181 turbae
2235 3127 2767 3191 oblectamentorum
2809 3140 3012 3209 quibus
3052 3158 3276 3214 operam
3325 3147 3459 3206 dant
3493 3128 3595 3206 bo-

2025 3215 2234 3285 mines;
2269 3230 2326 3275 tu
2356 3231 2538 3280 autem
2565 3227 2703 3283 nulli
2728 3243 2939 3300 eorum,
2958 3226 3091 3290 felix
3114 3236 3162 3292 si
3185 3252 3310 3293 cum
3337 3240 3594 3300 libertate

2020 3306 2346 3366 necessariis
2375 3328 2619 3383 vacares,
2638 3326 2692 3373 et
2724 3333 2910 3378 noctes
2941 3331 3084 3380 totas
3112 3340 3225 3382 non
3255 3327 3489 3389 duceres
3518 3334 3598 3388 in-

2021 3412 2259 3456 somnes.
2285 3396 2503 3459 Etenim
2539 3418 2590 3463 te
2620 3407 2725 3465 hoc
2751 3413 3014 3471 tolerasse
3038 3425 3255 3473 constat
3277 3428 3370 3475 aut
3401 3420 3597 3477 fecisse

2020 3491 2178 3546 aut...
2205 3493 2334 3560 (non
2355 3493 2528 3553 habeo
2546 3499 2689 3569 quod
2719 3502 2879 3559 aliter
2896 3504 3118 3578 dicam),
3143 3518 3203 3564 ut
3222 3526 3342 3581 quae
3363 3513 3454 3569 die
3477 3530 3600 3584 ges-

2019 3594 2170 3636 seras
2190 3582 2423 3641 feliciter
2459 3589 2675 3660 cedant;
2701 3604 2758 3650 et
2787 3597 3040 3655 omnibus
3076 3600 3144 3656 ad
3198 3582 3594 3672 quiescendum

2019 3670 2297 3728 addictum
2318 3683 2535 3749 tempus
2553 3683 2760 3739 nullam
2778 3670 3391 3757 cogitationibus—dabat
3414 3711 3596 3752 cessa-

2020 3762 2245 3820 tionem.
2277 3767 2374 3823 Die
2397 3768 2675 3828 hastarum
2696 3778 2996 3846 oppetebas
3029 3787 3343 3850 mucrones,
3374 3795 3430 3842 et
3464 3805 3592 3844 cum

2018 3854 2270 3914 hostibus
2308 3874 2503 3918 manus
2531 3866 2861 3924 conserebas
2909 3876 2966 3928 et
2995 3871 3139 3928 inter
3192 3875 3399 3945 primos
3444 3882 3593 3950 peri-

2017 3945 2270 4005 clitantes
2295 3954 2581 4023 pugnabas
2631 3969 2899 4028 versatus,
2949 3961 3083 4019 illud
3122 3967 3273 4022 omni
3321 3945 3591 4042 voluptati

2017 4052 2397 4111 anteponens,
2457 4048 2602 4118 quod
2660 4049 2842 4109 nullus
2895 4052 3072 4114 hostis
3132 4073 3314 4129 neque
3366 4066 3592 4120 omnino

2016 4130 2089 4184 sit
2138 4143 2341 4191 nostra;
2399 4138 2588 4208 genti,
2639 4158 2822 4214 neque
2880 4147 3047 4204 etiam
3105 4152 3444 4210 nominetur.
3503 4157 3589 4212 Nil

2017 4237 2422 4297 praeproperum
2456 4247 2488 4286 a
2524 4242 2576 4288 te
2616 4236 2673 4290 in
2708 4238 2914 4307 praeliis
2942 4242 3212 4312 agebatur
3245 4262 3349 4304 nec
3368 4248 3589 4304 evenie-

2020 4317 2109 4370 bat
2141 4320 2438 4391 quidquam
2463 4323 2851 4397 improvisum,
2891 4335 2988 4389 sed
3022 4349 3243 4407 semper
3270 4340 3327 4393 in
3375 4342 3588 4411 agendo

2017 4419 2136 4463 erat
2212 4414 2502 4471 consilium
2587 4420 2796 4492 aliquid
2872 4434 2930 4481 et
3002 4427 3348 4485 deliberatio.
3412 4430 3585 4499 Quam

2017 4500 2304 4564 oportebat
2356 4503 2559 4562 milites
2598 4512 2693 4579 qui
2742 4519 2795 4567 te
2820 4529 3238 4587 conspexerant
3274 4521 3474 4578 talibus
3498 4539 3589 4578 ar-

2015 4592 2288 4656 gumentis
2338 4595 2638 4656 dimicare!
2695 4603 2986 4676 Nunquam
3035 4610 3187 4665 enim
3236 4608 3494 4669 nimirum
3514 4626 3584 4669 .te

2011 4678 2123 4734 falli
2182 4687 2431 4756 Contigit,
2485 4692 2581 4747 sed
2640 4693 2991 4756 felicissimus
3046 4702 3226 4758 exitus
3282 4698 3583 4775 propositis

2013 4776 2120 4831 tuis
2154 4779 2365 4836 aderat.
2399 4777 2504 4851 Tu,
2557 4803 2672 4857 rex,
2703 4791 2782 4846 sic
2822 4795 3006 4849 omnia
3038 4797 3239 4866 agebas
3278 4801 3464 4854 omnia
3504 4801 3583 4856 fa-

2007 4866 2112 4923 cile
2151 4874 2474 4942 superabls,
2506 4879 2803 4938 auxiliante
2847 4884 2948 4940 tibi
2979 4886 3247 4956 Minerva,
3290 4900 3349 4947 ut
3378 4890 3584 4957 Home-

2008 4973 2101 5013 rus
2130 4959 2363 5031 diceret,
2411 4965 2502 5023 illa
2542 4968 2754 5028 scilicet
2795 4990 2861 5030 ex
2895 4977 3005 5033 alta
3031 4985 3087 5034 et
3124 4979 3350 5038 sublimi
3394 4994 3579 5042 mente

2007 5058 2126 5105 orta
2183 5068 2394 5111 armata
2444 5068 2501 5115 et
2560 5061 2970 5137 inexpugnabili
3003 5072 3293 5142 sapientia.
3326 5074 3381 5131 Si
3434 5076 3577 5134 forte

2006 5139 2214 5197 invidia
2253 5143 2511 5216 fortunae,
2553 5163 2613 5207 ut
2667 5168 2810 5225 saepe
2865 5160 3009 5228 apud
3054 5139 3307 5222 homines
3349 5168 3572 5234 accidit,

2005 5242 2312 5300 partestua:
2343 5238 2572 5297 victoria
2620 5243 2971 5319 orbarentnr,
3002 5252 3162 5311 facile
3186 5254 3386 5314 damna
3415 5260 3576 5317 resti-

2003 5325 2219 5384 tuebas.
2272 5339 2330 5385 et
2362 5341 2542 5389 tecum
2598 5353 2792 5396 rursus
2844 5347 3143 5416 apparebat
3189 5358 3457 5420 potestas.
3506 5353 3576 5409 Et

2001 5414 2185 5487 itaque
2216 5420 2298 5476 sic
2325 5423 2559 5482 feliciter
2580 5427 2745 5488 simul
2767 5448 2832 5490 ac
2858 5414 3050 5495 callide
3071 5414 3371 5499 exercitum
3403 5444 3576 5501 duce-

2000 5507 2119 5574 bas,
2158 5519 2218 5565 ut
2257 5521 2477 5571 tuorum
2535 5520 2770 5578 militum
2828 5530 3268 5597 promptissimos
3322 5550 3574 5607 quosque

2001 5599 2068 5656 ad
2101 5603 2309 5674 aliquid
2343 5617 2632 5669 strenuum
2666 5617 2959 5688 agendum,
2991 5631 3049 5677 et
3091 5599 3572 5694 ignavissimos-ad
3632 5664 3635 5667 -

3099 5901 3167 5962 1?.
