3894 6470
228 1420 234 1425 ’
347 1435 731 1510 praestantiam
761 1431 1013 1502 reliquit,
1039 1442 1230 1484 verum
1258 1425 1312 1480 in
1342 1435 1590 1494 tempore
1613 1414 1921 1486 tranquilli-

1293 377 1620 445 GEORGl-I
1665 374 1854 436 (ΣΥΡίῖ
1867 372 1923 432 [ῐ

2041 371 2078 430 ³.
2123 367 2636 429 ΡΑΤΒῘΑΒΕΗΆΕ
3477 357 3582 414 ’3³’4

1081 498 1285 573 quibus
1320 496 1469 552 enim
1519 485 1918 548 excellentissi-

2041 501 2122 558 νει,
2152 484 2213 536 τὸ
2242 483 2380 536 κατά
2415 481 2473 534 σὲ
2505 481 2602 548 τῆς
2641 478 2796 547 νίκης
2848 475 3125 547 ἑστέρετο,
3157 469 3353 544 ῥᾳδίως
3401 467 3583 534 ἀνένεεο

346 558 496 663 mum
530 614 581 659 te
610 597 943 673 praestabant
977 558 1186 651 tum'in
1217 586 1532 661 cOgitando,
1563 594 1676 638 tum
1720 581 1775 634 in
1813 578 1907 673 de-

2041 594 2109 641 is;
2139 576 2248 630 τῶν
2280 573 2634 644 σφαλμάτων,
2667 573 2759 624 καὶ
2793 569 2958 624 πάλιν
3014 567 3187 621 ἐδόκει
3224 563 3364 636 μετὰ
3399 559 3495 614 σοῦ
3527 558 3585 611 τὸ

345 653 1336 759 ίίίίεταίιίίόῖιυωίηοεετεὰίοηᾱᾶ,
1395 691 1494 748 per
1534 673 1658 729 illos
1711 667 1908 724 ellicie-

2041 668 2260 738 ιρατεϊν.
2312 665 2422 718 Καὶ
2468 662 2672 727 τοίνυν,
2695 659 2837 715 οὕτω
2887 657 3211 730 στρατηγῶν
3239 653 3482 724 εὐτυχῶς
3529 667 3586 703 τι

343 788 447 844 bas
477 743 728 841 militiam
760 790 907 836 tuam
932 743 1138 836 claram
1167 783 1224 830 et
1253 743 1732 842 inexpugnabilem
1757 779 1771 828 ;
1819 775 1916 831 per

2041 755 2137 824 ὶμα
2187 755 2281 809 καὶ
2333 749 2544 818 δεξιῶς,
2574 752 2772 821 δρᾶσαι
2809 751 2907 821 μέν
2955 767 3009 803 τι
3047 748 3182 819 πρδς
3227 743 3587 815 γενναιότητα

939 832 1157 941 tropaeis
1208 832 1503 938 adiungere
1559 867 1782 927 tropaea,
1857 857 1913 905 et

2041 849 2112 900 ιαὶ
2135 846 2256 898 λίαν
2274 847 2480 914 ταχεῖς,
2502 844 2576 906 ὡς
2605 839 3079 914 βραδυτάτως(ί9)
3096 839 3151 891 δὲ
3178 837 3372 890 παθεῖν
3388 832 3588 894 ἐποίεις

344 967 627 1042 prioribus
647 923 899 1021 victoriis
932 923 1068 1017 alia‘s
1100 923 1304 1016 addere
1343 923 1628 1010 victorias.

2041 937 2145 998 ποὺς
2179 935 2281 990 ὐπὺ
2314 935 2373 988 σέ
2394 949 2404 962 ·
2429 927 2511 998 οἷς
2547 934 2656 1005 γὰρ
2683 934 2974 1006 κράτιστον
3007 931 3266 1000 παρεῖχες
3307 925 3504 980 σαυτὸν
3532 923 3589 976 ἐν

295 1101 317 1120 ι
347 1022 722 1139 νοηήμασινάν
770 1057 1122 1132 συμϐουλαῖς,
1161 1057 1218 1109 ὲν
1263 1050 1683 1123 ιπιχειρήμασι,
1742 1040 1954 1102 τούτοις
1991 1035 2057 1106 δὴ
2112 1035 2208 1087 καὶ
2237 1033 2298 1087 τὸ
2329 1031 2435 1086 ὑπὸ
2484 1031 2542 1084 σὲ
2580 1029 2973 1102 στρατιωτικὸν
3017 1025 3341 1095 εὐδοκιμοῦν
3385 1022 3590 1084 ἐποίεις

347 1117 770 1228 ᾆᾷἷτεῦξτμᾶιχᾲν.
815 1117 907 1221 ’ἐξ
941 1145 1016 1208 ῶν
1050 1117 1333 1205 συνέϐαινε
1358 1117 1662 1217 ’τροπαίων
1727 1130 2055 1202 ἐξάπτεσθαι
2123 1127 2383 1200 τρόπαια,
2419 1127 2512 1181 καὶ
2541 1125 2718 1188 νίκαις
2775 1121 3175 1195 προλαϐοῦσαις
3197 1119 3352 1182 νίκας
3397 1117 3590 1188 ἐτέρας

347 1249 764 1325 προστίθεσθαι.

423 1345 518 1402 Sic
537 1343 703 1415 igitur
718 1356 776 1397 se
796 1337 1024 1412 gerebat
1044 1336 1100 1394 in
1110 1333 1263 1392 bello
1281 1341 1336 1388 et
1356 1328 1560 1387 nemini
1583 1320 1920 1384 strenuitatis

344 403 454 466 363

346 510 666 589 patiendum
719 505 979 563 incitares
1012 515 1029 559 :

2099 1310 2211 1367 Καὶ
2242 1308 2312 1363 τά
2343 1309 2443 1381 μὶν
2469 1307 2534 1381 δὴ
2569 1307 2710 1362 κατά
2757 1307 2994 1376 πόλεμον
3027 1303 3266 1367 τοιοῦτός
3299 1319 3358 1354 τε
3393 1299 3500 1369 ἀρα
3526 1294 3594 1370 ἦν

2025 1402 2120 1458 καὶ
2147 1401 2371 1470 ἀνδρίας
2423 1398 2730 1470 ὑπερϐολὴν
2782 1396 3076 1452 κατέλιπεν
3132 1394 3343 1449 066w!-
3376 1395 3434 1446 ὲν
3463 1393 3592 1462 ἡσυ-

354 1483 484 1589 ltatis
513 1535 571 1585 et
601 1526 773 1598 pacis,
794 1483 902 1580 an;
925 1483 1050 1582 eum
1080 1517 1368 1591 oportebat
1399 1483 1472 1571 de
1499 1513 1665 1570 rebus
1694 1483 1919 1580 agendis

2041 1495 2144 1565 (ίας
2178 1492 2236 1546 δὲ
2268 1490 2446 1563 καιρῷ
2473 1493 2566 1546 καὶ
2596 1488 2899 1561 είρήνης,ἦ
2939 1490 3031 1540 καὶ
3065 1486 3223 1540 ὁπότε
3257 1483 3452 1553 βουλὰς
3483 1484 3592 1536 ἔδει

357 1575 483 1589 "'""
516 1575 571 1585 *ν
602 1575 773 1598 ιν-η-*ι
804 1575 895 1580 “ﬁ
932 1575 978 1582 vv
1000 1575 1047 1577 -~
1096 1575 1134 1591 7.
1731 1575 1755 1580 -

354 1621 501 1678 ferre
527 1617 854 1682 sententias,
902 1609 1252 1670 concedebat
1302 1605 1478 1663 cuivis
1524 1599 1768 1660 senatori
1805 1597 1919 1652 sive

2041 1585 2152 1656 περὶ
2177 1583 2270 1638 τοῦ
2305 1583 2358 1636 τί
2387 1583 2452 1638 ἂν
2482 1583 2569 1651 εἴη
2599 1581 2875 1653 πρακτέον
2918 1580 3242 1648 ἐξενεγκεῖν,
3275 1575 3594 1647 παρεχώρει

356 1725 528 1784 ραι-νο
566 1709 682 1766 sive
711 1703 930 1778 majori,
983 1709 1075 1758 aut
1114 1697 1286 1771 magis
1316 1709 1481 1768 quam
1514 1705 1706 1748 omnes
1749 1685 1916 1743 verba

2041 1676 2136 1730 τῶν
2165 1693 2271 1729 τινι
2294 1675 2392 1744 τῆς
2425 1675 2712 1744 γερουσίας
2748 1674 2782 1745 ἢ
2816 1671 3058 1744 μικρῷἢ
3089 1669 3322 1741 μείζονι,
3360 1670 3393 1741 ἢ
3444 1668 3596 1736 ἔλεγε

356 1801 590 1865 iaciebat
619 1807 674 1856 et
735 1797 803 1854 de
842 1792 1177 1858 evertendis,
1214 1799 1274 1846 ut
1326 1789 1504 1852 aiunt,
1537 1785 1753 1840 illorum
1796 1793 1925 1834 sen-

356 1893 548 1952 tentiis
563 1889 920 1957 moliebatur,
946 1895 998 1944 et
1023 1897 1205 1943 tamen
1224 1886 1580 1951 conspectum
1594 1883 1716 1931 erat
1738 1879 1926 1944 postea

355 2001 467 2041 non
498 1985 637 2040 bene
671 1981 747 2036 illi
777 1979 973 2036 cedere
1002 1973 1263 2033 consilia?
1297 1973 1382 2027 An
1421 1984 1547 2027 cum
1581 1963 1768 2022 omnia
1799 1976 1928 2033 pro-

358 2092 519 2149 spere
575 2076 727 2134 ibant
774 2081 830 2129 et
875 2071 1076 2128 melius
1117 2081 1282 2138 quam
1335 2064 1584 2128 diceres,
1639 2059 1754 2128 ipse
1800 2067 1928 2110 suas

358 2169 549 2224 felices
603 2163 907 2222 sententias
958 2159 1266 2234 refugiebat
1320 2155 1538 2228 agendo
1576 2150 1926 2212 conﬁrmare,

358 2267 414 2314 et
446 2257 612 2314 alium
638 2253 804 2325 θείρεί
845 2252 1145 2322 subrogare
1183 2245 1505 2318 judicabat?
1549 2242 1928 2312 Nequaquam.

361 2349 466 2406 Sed
487 2346 671 2402 omnia
698 2343 789 2400 ille
822 2351 963 2408 erat,
990 2343 1102 2396 dux
1124 2339 1273 2405 felix,
1305 2338 1537 2393 bellator
1567 2333 1764 2396 solers,
1799 2345 1932 2386 con-

361 2439 600 2496 siliarius
653 2437 914 2508 optimus,
945 2447 1130 2488 rerum
1161 2429 1493 2502 agendarum
1534 2439 1748 2488 suasor,
1795 2435 1928 2491 ope-

361 2548 485 2590 rum
525 2539 799 2603 patrator,
856 2527 914 2582 in
941 2540 1178 2590 summa,
1233 2523 1386 2580 solus
1411 2520 1504 2590 qui
1546 2532 1714 2588 super
1743 2528 1933 2571 omnes

363 2623 710 2684 necessarias
737 2636 828 2678 res
858 2618 1178 2692 perspiciat,
1213 2628 1271 2674 et
1300 2616 1452 2673 solus
1492 2611 1736 2670 omnium
1767 2609 1932 2680 digna

369 2716 626 2776 consiliis
658 2728 827 2786 Opera
852 2709 1133 2768 exhibeat.

437 2978 568 3046 Sed,
588 2987 877 3049 postquam
899 2989 929 3029 a
957 2973 1117 3029 nobis
1135 2982 1297 3044 prout
1320 2985 1416 3042 par
1434 2979 1554 3024 erat
1576 2966 1768 3024 laudes
1789 2963 1933 3020 obti-

2028 1767 2132 1839 μὶν
2161 1769 2297 1840 ὑπὲρ
2326 1769 2531 1831 πάντας
2583 1767 2677 1821 καὶ
2731 1767 2883 1821 κάτω
2917 1767 3127 1828 πεσεῖν,
3147 1763 3209 1817 τὸ
3256 1763 3351 1816 τοῦ
3408 1761 3594 1829 λόγου,

2025 1861 2122 1922 τὰς
2145 1857 2370 1922 ἐκείνων
2395 1857 2778 1930 παρεσκεύαζε
2817 1856 3065 1927 γνώμας,
3100 1855 3364 1926 ⁴ιγλιίγχετο
3386 1853 3444 1906 δὲ
3473 1851 3596 1921 μεθ’

2027 1952 2253 2022 ὕστερόν
2281 1970 2411 2006 ποτε
2443 1953 2516 2024 μὴ
2544 1953 2723 2015 καλῶς
2751 1951 2896 2023 ἔχειν
2935 1950 3084 2020 αὐτῷ
3109 1949 3173 2003 τὰ
3206 1945 3544 2019 βουλεύματα
3576 1961 3594 2012 ;

2027 2042 2060 2114 ἢ
2099 2045 2275 2097 πάντα
2312 2045 2408 2113 μὲν
2440 2043 2614 2096 ταῦτα
2641 2042 2823 2105 καλῶς
2853 2041 2946 2094 καὶ
2993 2041 3068 2104 ὡς
3102 2039 3201 2093 οὐκ
3239 2037 3304 2092 ἂν
3333 2037 3478 2091 εῐποι
3507 2052 3594 2097 τις

2030 2134 2258 2205 βέλτιον,
2285 2134 2465 2205 ἔργοις
2513 2135 2703 2206 δὲτὴν
2755 2131 2950 2188 ἑαυτοῦ
2999 2130 3180 2196 καλῶς
3231 2129 3460 2203 ἔχουσαν
3510 2125 3598 2196 βε-

2029 2226 2262 2280 ϐαιῶσαι
2297 2225 2522 2297 γνώμην
2551 2227 2711 2290 αὐτὸς
2758 2225 2859 2306 μὲν
2887 2225 3148 2290 ἀπώκκιει,
3194 2222 3378 2293 ἕτερον
3405 2221 3450 2274 δ’
3478 2221 3595 2274 ἀντ’

2029 2314 2196 2368 αὐτοῦ
2225 2317 2317 2370 ἐπὶ
2352 2316 2462 2368 τῶν
2493 2315 2669 2388 ἔργων
2701 2315 3039 2384 καταστῆναι
3069 2313 3222 2385 ἠξίου
3247 2328 3263 2380 ;
3292 2310 3593 2381 Ούμενουν,

2029 2405 2167 2460 ἀλλά
2193 2407 2259 2462 τά
2306 2407 2480 2461 πάντα
2523 2406 2711 2471 αὐτὸς,
2745 2407 3048 2479 στρατηγὸς
3093 2406 3344 2474 εὐτυχὴς,
3374 2404 3596 2474 πολεμι⁹

2031 2498 2162 2570 στὴς
2192 2498 2384 2566 δεξιὸς,
2413 2499 2716 2570 σύμϐουλος
2746 2499 2968 2570 ἀγαθὸς,
3000 2499 3108 2552 τῶν
3144 2499 3431 2569 πρακτέων
3456 2499 3596 2568 ὑφη-

2029 2592 2224 2662 γητὴς,
2251 2589 2358 2645 τῶν
2384 2591 2560 2662 ἔργων
2589 2595 2618 2646 ό
2645 2592 2962 2665 πληρωτὴς,
2995 2593 3077 2646 ἐνὶ
3103 2592 3246 2664 λόγῳ
3276 2592 3472 2661 εἰπεῖν,
3505 2592 3601 2661 μό-

2031 2701 2119 2748 νος
2153 2683 2296 2754 ὑπὲρ
2337 2685 2545 2748 πάντας
2599 2683 2818 2738 σκοπῶν
2848 2684 2917 2738 τὰ
2949 2684 3286 2752 συνοίσοντα,
3317 2685 3411 2737 καὶ
3443 2683 3602 2754 μόνος

2030 2775 2139 2830 τῶν
2174 2775 2430 2831 ἁπάντων
2452 2776 2618 2844 ἀξίως
2641 2777 2751 2832 τῶν
2774 2778 3109 2849 σκεμμάτων
3134 2779 3202 2834 τά
3228 2778 3366 2850 ἔργα
3389 2777 3601 2831 δεικνύ-

2035 2885 2213 2940 μενος.

2084 2975 2093 2985 ·
2117 2960 2258 3013 Ἀλλ’
2290 2961 2591 3033 ιπειδήπερ
2621 2962 2821 3026 ίκανῶς
2855 2956 2970 3034 είχὲ
2998 2979 3082 3015 σοι
3106 2963 3173 3016 τὰ
3197 2962 3291 3032 τῆς
3316 2964 3446 3034 παρ’
3471 2964 3601 3034 ἡμῖν

367 3072 567 3140 nuisti,
589 3029 650 3125 te
675 3029 849 3140 usque
877 3065 944 3122 ad
975 3029 1159 3138 partes
1194 3029 1336 3120 solis
1370 3061 1600 3118 orientis
1644 3059 1932 3131 oportebat

2041 3053 2426 3125 ἀναρρήσεως,
2467 3029 2591 3108 ’ἔδει
2643 3054 2702 3109 δὲ
2756 3049 2850 3108 καλ.
2901 3029 3212 3125 ⁴περαιτέρω
3250 3029 3433 3126 μέχρι
3487 3029 3600 3108 τῶν

369 3163 600 3219 ulterius
631 3158 952 3230 procedere,
1009 3164 1064 3210 et
1109 3169 1310 3209 nomen
1361 3163 1513 3206 tuum
1572 3150 1936 3205 inclarescere

368 3254 426 3309 in
458 3255 744 3324 gentibus,
783 3260 946 3321 atque
974 3245 1280 3317 praestantis
1321 3243 1542 3298 virtutis
1596 3241 1934 3296 laudatorem

372 3351 549 3418 ipsum
581 3343 811 3416 adipisci
857 3341 1174 3407 barbarum,
1231 3347 1292 3393 ut
1345 3336 1420 3391 ita
1453 3350 1619 3406 opera
1653 3344 1745 3388 tua
1787 3333 1937 3389 testi-

372 3439 556 3494 monio
583 3445 973 3492 extraneorum
1002 3431 1252 3504 digniora
1285 3429 1390 3483 ﬁde
1419 3427 1714 3482 videantur
1736 3424 1937 3495 (quod-

370 3544 585 3600 cunque
607 3528 749 3582 enim
778 3524 1138 3582 domesticum
1162 3529 1246 3579 est
1285 3520 1341 3574 in
1375 3517 1740 3588 suSpicionem
1766 3514 1935 3582 cadit,

304 3642 317 3661 κ
369 3621 500 3694 quia
519 3620 829 3693 periculum
855 3627 940 3674 est
967 3631 1038 3673 ne
1057 3615 1348 3672 veritatem
1381 3617 1724 3680 corrumpat,
1751 3614 1938 3678 utpote

373 3709 1025 3783 eognationiereptum);
1073 3705 1250 3778 quid?
1300 3703 1370 3759 Ut
1407 3703 1523 3758 haec
1571 3699 1754 3755 omnia
1806 3713 1937 3769 pro-

373 3807 685 3862 ﬂciscenlur
721 3818 753 3858 a
791 3801 1066 3873 principio
1097 3798 1241 3854 malo
1275 3805 1329 3852 et
1358 3807 1617 3867 perverso
1655 3803 1820 3863 atque
1852 3791 1939 3846 in-

371 3900 539 3970 digno
562 3897 711 3968 quod
735 3899 807 3952 sit
835 3911 999 3951 causa
1038 3892 1160 3947 talis
1197 3890 1352 3946 linis!
1387 3886 1596 3943 Invidia
1645 3884 1938 3941 adversum

373 4002 426 4048 te
450 3989 819 4047 inﬂammatur
838 3987 906 4044 ab
931 3987 1018 4042 bis
1043 4000 1182 4058 quos
1207 3998 1315 4038 non
1343 3981 1651 4052 oportebat,
1671 3992 1786 4032 rem
1809 3987 1939 4031 vero

373 4083 678 4138 inauditam
717 4089 775 4137 et
803 4079 1082 4150 indignam
1106 4090 1308 4148 genere
1334 4070 1810 4131 Christianorum!
1842 4065 1940 4122 Sa-

372 4175 723 4252 pientissime
763 4183 946 4228 autem
976 4170 1088 4226 dici
1115 4169 1206 4224 bic
1233 4166 1369 4222 mihi
1401 4164 1616 4221 videtur
1656 4161 1788 4217 illud
1816 4157 1939 4214 Pla-

372 4270 539 4333 tonis,
568 4266 717 4338 quod
752 4279 862 4319 non
893 4269 1118 4332 possent
1157 4260 1382 4316 omnino
1412 4256 1605 4312 abesse
1637 4254 1781 4309 mala
1810 4253 1938 4324 quia

2039 3146 2173 3213 πρὸς
2209 3145 2495 3216 ἀνίσχοντα
2525 3146 2676 3217 ἥλιον
2710 3147 3000 3217 παρελθεῖν
3036 3163 3117 3212 σε,
3169 3149 3265 3202 καὶ
3313 3147 3472 3217 δῆλόν
3507 3165 3603 3200 σου

2038 3239 2133 3290 καὶ
2160 3240 2271 3301 τοῖς
2307 3237 2487 3291 ἔθνεσι
2520 3238 2775 3307 γενέσθαι
2805 3238 2865 3291 τὸ
2894 3238 3089 3310 ὄνομα,
3109 3239 3204 3294 καί
3229 3257 3289 3309 γε
3323 3241 3458 3312 πρὸς
3483 3240 3606 3294 ἑπέ-

2037 3346 2193 3382 κεινα
2221 3331 2318 3400 τῆς
2356 3329 2557 3400 ἀρετῆς
2611 3331 2905 3400 ἐπαινέτην
2939 3329 3242 3402 πλουτῆσαι
3273 3333 3372 3386 καὶ
3399 3333 3604 3402 βάρϐα-

2042 3438 2156 3492 ρον,
2182 3419 2250 3473 ἶν’
2275 3421 2417 3474 οὕτω
2473 3437 2556 3474 σοι
2611 3421 3029 3492 ἀξιοπιστότερα
3080 3421 3432 3494 φαίνηταιτὰ
3462 3426 3602 3495 ἑργα.

2037 3515 2105 3584 τῇ
2139 3513 2413 3582 μαρτυρίᾳ
2460 3513 2568 3566 τῶν
2607 3511 2902 3583 ἀλλοτρίων
2945 3512 3027 3584 (τὸ
3062 3515 3172 3583 γὰρ
3217 3515 3415 3568 οἰκεῖον
3457 3515 3604 3568 ἀπαν

2040 3604 2134 3657 καὶ
2168 3601 2431 3667 ὕποπτον,
2454 3602 2529 3666 ώς
2580 3601 2750 3656 δεινὸν
2783 3605 2850 3674 τῇ
2889 3603 3121 3675 ἀληθείᾳ
3152 3605 3498 3676 λυμήνασθαι
3535 3610 3601 3678 τῇ

2041 3694 2329 3766 συγγενείᾳ
2379 3694 2793 3766 κλεπτόμενον),
2820 3696 2872 3748 τί
2905 3696 3156 3764 γίνεται;
3222 3696 3308 3759 Ὡς
3341 3699 3398 3763 ἐξ
3432 3701 3607 3768 ἀρχῆς

2039 3788 2271 3840 κινεῖται
2300 3785 2474 3841 ταῦτα
2500 3788 2746 3858 πονηρᾶς
2767 3803 2827 3839 τε
2857 3787 2950 3840 καὶ
2976 3785 3248 3859 ὀλεθρίου,
3281 3788 3372 3842 καὶ
3397 3789 3603 3860 ἥκιστα

2037 3875 2280 3930 τοιούτου
2329 3877 2518 3938 τέλους
2565 3856 2744 3942 αίτνίας
2800 3872 2942 3930 εἶναι
3000 3856 3354 3949 πρεπούσηςί
3411 3856 3607 3948 eadon

2038 3969 2336 4023 ἀνάπτεται
2364 3969 2506 4024 κατὰ
2531 3967 2625 4022 σοῦ
2658 3969 2790 4041 παρ’
2825 3961 2901 4024 ὧν
2953 3971 3053 4024 ούκ
3097 3970 3236 4026 ἔδει·
3269 3972 3501 4042 πρᾶγμα
3529 3974 3608 4038 ὡς

2039 4059 2254 4132 ἀληθῶς
2284 4063 2486 4116 ἀτοπον
2513 4061 2608 4114 καὶ
2647 4063 2741 4114 τοῦ
2769 4063 3114 4134 Χριστιανῶν
3145 4064 3338 4132 γένους
3365 4066 3603 4130 ἀνάξιον.

2040 4153 2184 4224 Πλὴν
2243 4153 2470 4207 ἐνταῦθα
2523 4153 2703 4222 σοφῶς
2750 4153 2888 4223 ἄγαν
2937 4154 3191 4227 εἰρῆσθαι
3241 4156 3480 4211 δοκεῖτὸ
3513 4155 3606 4211 τοῦ

2041 4243 2349 4308 Πλάτωνος,
2388 4243 2463 4308 ὡς
2502 4244 2564 4296 οὐ
2603 4244 2827 4299 δυνατὸν
2858 4245 3154 4300 ἀπολέσθαι
3197 4247 3510 4302 παντάπασι
3541 4249 3609 4302 τά

371 4335 881 4430 aliquid—contrarii
910 4352 1006 4408 fati
1045 4351 1114 4407 ad
1144 4353 1349 4407 bonum
1384 4346 1736 4403 nutriendum
1777 4342 1937 4398 relin-

2045 4335 2211 4399 κακὰ,
2238 4335 2394 4398 δντος
2418 4337 2714 4406 ἀναγκαίου
2738 4337 3127 4391 ὑπολείπεσθαί
3157 4355 3211 4391 τι
3234 4339 3331 4408 τῆς
3361 4341 3610 4401 ἐναντίας

371 4428 576 4522 quatur
618 4459 846 4503 necesse
869 4452 999 4511 est;
1053 4451 1112 4522 et
1155 4442 1320 4498 etiam
1370 4439 1576 4495 scimus
1627 4437 1846 4501 rubum,
1881 4445 1937 4492 ut

2047 4429 2245 4522 μοίρας
2277 4429 2486 4522 τροφὴν
2517 4429 2594 4498 τῷ
2625 4428 2816 4500 ἀγαθῷ
2842 4447 2856 4462 ο
2884 4429 3018 4483 ἀλλὰ
3044 4431 3161 4497 καὶ,
3184 4431 3248 4485 τὸ
3293 4432 3390 4500 τῆς
3416 4448 3607 4501 παροι-

372 4544 556 4618 ειὶιιιιιι
582 4537 734 4594 nasci
784 4537 839 4592 in
887 4514 1093 4590 vinea;
1133 4532 1253 4590 Non
1309 4547 1439 4603 ergo
1497 4529 1804 4585 mirandum
1861 4538 1943 4585 est

374 4634 523 4708 quod
555 4632 702 4704 apud
737 4643 840 4684 nos
869 4625 1165 4683 calamitati
1199 4626 1355 4681 locus
1403 4623 1568 4678 fuerit
1616 4631 1673 4677 et
1699 4621 1939 4688 invidiae,

375 4743 502 4800 qua:
558 4725 759 4780 mirum
809 4723 862 4776 in
917 4722 1138 4774 modum
1191 4715 1450 4779 crudelis,
1490 4713 1657 4769 altam
1715 4713 1945 4767 moverit

374 4820 676 4884 ﬂammam,
705 4827 871 4884 atque
926 4812 1210 4867 materiam
1247 4805 1680 4865 comburendam
1710 4816 1766 4860 et
1797 4805 1944 4861 faces

379 4923 503 4968 tuas
531 4909 780 4966 ellecerit
823 4905 1079 4960 virtutes.
1112 4901 1180 4957 Et
1207 4915 1314 4957 non
1357 4898 1491 4955 satis
1522 4899 1655 4954 illud
1682 4899 1942 4964 immane,

375 5003 737 5058 vehementer
755 4999 886 5054 licet
910 4995 1169 5060 immane,
1196 4992 1289 5049 sed
1317 4991 1479 5048 etiam
1508 4991 1722 5062 linguas
1756 5004 1944 5044 eorum

380 5095 524 5152 sicut
549 5091 759 5166 gladios
791 5087 988 5145 exinde
1017 5097 1208 5143 contra
1240 5093 1291 5141 te
1323 5091 1590 5140 acuerunt
1623 5081 1864 5153 maligni,
1892 5089 1948 5136 et

379 5186 676 5244 consilium
713 5181 986 5238 consiliati
1030 5187 1180 5246 sunt,
1207 5177 1305 5234 sed
1349 5191 1458 5232 non
1489 5175 1730 5247 sapiens,
1781 5182 1947 5244 prout

381 5289 533 5336 recte
560 5279 727 5333 Isaias
754 5286 810 5332 et
838 5276 1001 5331 David
1021 5273 1142 5329 illos
1171 5269 1584 5342 descripserunt
1615 5287 1628 5325 :
1662 5268 1752 5323 hic
1780 5269 1944 5322 etiam

381 5373 612 5429 mentita
641 5377 727 5426 est
780 5367 1044 5438 iniquitas
1090 5366 1220 5431 sibi,
1274 5375 1334 5420 ut
1367 5364 1447 5418 ait
1505 5364 1706 5418 iterum
1762 5358 1948 5414 divina

385 5467 696 5536 Scriptura,
749 5473 806 5519 et
874 5461 1099 5527 invidia,
1157 5475 1281 5530 qua:
1334 5458 1570 5529 pessime
1613 5452 1951 5524 pessumdat.

381 5561 504 5616 viro
531 5560 808 5616 innocenti
843 5572 952 5611 non
1010 5553 1317 5626 praevaluit.
1352 5549 1471 5606 Non
1502 5546 1651 5604 enim
1703 5547 1949 5601 luturum

385 5661 594 5708 eratut
643 5665 859 5720 semper
905 5649 1050 5703 Deus
1089 5645 1378 5708 sustineat,
1431 5650 1484 5696 et
1538 5639 1684 5695 sinat
1731 5636 1953 5693 invidiae

458 5768 571 5838 (19)
597 5766 827 5838 Forsan,
884 5765 1268 5836 βραδιτάτονς,
1297 5755 1652 5815 concinniore
1705 5767 1830 5808 cum
1859 5770 1946 5806 ται

388 5836 502 5896 νετε
528 5836 806 5895 antithesi.

2048 4521 2198 4593 μίας,
2222 4521 2457 4592 φύεσθαι
2484 4525 2579 4577 καὶ
2609 4523 2668 4577 ιν
2694 4523 2926 4593 ἀμπέλῳ
2957 4522 3117 4594 βάτον
3145 4524 3481 4595 ἠκούσαμεν.
3510 4525 3613 4578 Οὖ-

2046 4630 2177 4666 κουν
2205 4613 2390 4666 καινόν
2412 4631 2484 4678 τι,
2513 4613 2562 4665 εί
2586 4615 2680 4666 καὶ
2708 4613 2838 4682 παρ’
2859 4616 2992 4683 ἡμῖν
3023 4613 3252 4668 ἐνταῦθα
3272 4614 3456 4684 χώραν
3483 4615 3609 4684 ἔσχε

2043 4706 2104 4760 τὸ
2135 4705 2329 4770 πάθος,
2355 4708 2453 4760 καὶ
2483 4709 2511 4759 ὁ
2543 4705 2736 4774 φθόνος
2763 4707 2838 4769 ὡς
2871 4707 3115 4769 ἐκτόπως
3149 4707 3317 4771 δεινὸς
3358 4708 3452 4760 καὶ
3477 4709 3612 4779 ὑψη-

2043 4798 2141 4868 λὴν
2175 4797 2344 4867 αίρων
2391 4800 2491 4867 τὴν
2537 4797 2735 4867 φλόγα,
2789 4795 2922 4866 ὕλην
2969 4798 3172 4850 ὡσανεὶ
3226 4797 3465 4868 λιπαρὰν
3516 4805 3612 4852 καὶ

2047 4891 2376 4960 ὑπέκκαυμα
2406 4893 2504 4954 τὰς
2535 4890 2635 4952 σάς
2671 4890 2994 4959 ποιούμενος
3042 4891 3263 4959 ἀρετάς.
3318 4891 3426 4942 Καὶ
3459 4889 3519 4942 οὔ
3533 4909 3612 4944 πω

2047 5000 2110 5053 γε
2138 4981 2292 5035 τοῦτο
2311 4981 2506 5044 δεινὸν,
2541 4983 2743 5051 καίπερ
2774 4982 2894 5035 λίαν
2941 4983 3186 5050 ὑπάρχον
3238 4980 3432 5044 δεινὸν,
3477 4983 3614 5036 αλλά

2048 5076 2265 5140 καὶτὰς
2298 5074 2542 5142 γλώττας
2571 5074 2730 5138 αὐτὸς
2758 5073 2832 5137 ώς
2881 5075 3153 5145 ρομψαίας
3189 5073 3441 5127 ἔντευθεν
3472 5075 3612 5128 κατά

2052 5169 2145 5223 σοῦ
2176 5168 2464 5240 στομοῦσιν
2503 5169 2552 5220 οί
2593 5169 2839 5238 πονηροὶ,
2868 5169 2964 5220 καὶ
2998 5167 3194 5237 βουλὴν
3237 5166 3610 5236 βουλεύουσιν,

2051 5261 2168 5317 ἀλλ’
2226 5262 2288 5316 ού
2343 5261 2593 5332 συνετὴν,
2620 5261 2803 5326 καλῶς
2837 5259 2949 5333 (20)
2995 5258 3228 5323 Ἡσαΐας
3281 5262 3478 5323 αὐτοὺς
3526 5263 3622 5313 καὶ

2052 5353 2214 5408 Δαυῖδ
2270 5354 2695 5426 ἑστηλίτευσαν·
2732 5354 2860 5408 ἔνθα
2907 5354 3002 5408 καὶ
3049 5352 3315 5424 ἐψεύσατο
3363 5356 3395 5422 η
3439 5355 3622 5408 ἀδικία

2054 5450 2276 5521 ἑαυτὴν,
2308 5449 2368 5502 τὸ
2391 5452 2489 5516 τῆς
2519 5448 2668 5512 θείας
2693 5448 2788 5500 καὶ
2821 5446 2976 5512 αὖθις
3006 5448 3174 5516 φάναι
3203 5447 3454 5517 Γραφῆς,
3478 5449 3572 5500 καὶ
3595 5449 3625 5499 ὁ

2054 5543 2270 5598 κάκιστ’
2297 5541 2672 5611 ἀπολούμενος
2699 5539 2892 5609 φθόνος
2928 5539 3165 5610 ἀμώμου
3200 5539 3299 5609 οὐχ
3325 5538 3625 5608 ὑπερίσχυ-

2056 5653 2169 5692 σεν.
2201 5637 2274 5690 ού
2305 5635 2414 5705 γάρ
2439 5635 2630 5705 ἔμελλε
2660 5634 2821 5705 μέχρι
2861 5635 3062 5700 παντὸς
3107 5633 3438 5704 ἀνασχέσθαι
3468 5633 3622 5699 Θεὸς,

2123 5751 2236 5824 (90)
2263 5747 2728 5834 Εοτβοηρκάθὼς.
