3894 6366
376 446 477 508 3b7

380 560 674 636 prooemia,
723 566 780 611 et
812 553 1075 609 decorum
1121 561 1187 603 ex

381 653 529 727 quod
562 666 669 723 non
707 647 929 718 indigne
973 639 1266 713 imperium
1302 637 1582 707 ingressus
1613 643 1692 685 es.

449 744 586 801 Cum
611 751 794 797 autem
825 734 1114 807 oportebat
1148 741 1200 787 te
1229 737 1317 786 tot
1355 742 1419 782 ac
1463 732 1737 778 tantarum
1768 724 1953 769 rerum

383 835 688 895 mercedem
716 847 747 886 a
795 831 908 885 Deo
946 826 1216 896 accipere,
1252 832 1308 878 et
1341 836 1438 891 per
1468 828 1521 873 te
1556 812 1689 883 erigi
1719 825 1807 865 res
1847 807 1956 861 Ro-

385 941 671 987 manorum
712 923 940 995 (etenim
975 917 1180 990 duplici
1228 916 1352 987 jure
1378 922 1607 981 regnum
1653 903 1752 959 tibi
1790 897 1955 956 tribui

385 991 736 1088 videbatur),
771 1025 828 1071 et
856 1024 918 1076 ut
963 1010 1184 1069 virtutis
1240 1004 1546 1079 pratmium,
1574 1009 1631 1055 et
1678 1006 1737 1053 ut
1784 991 1959 1064 plebis

389 1087 684 1167 universae
709 1105 907 1179 gratia,
943 1102 1149 1174 aliquid
1190 1098 1373 1156 evenit
1400 1108 1562 1166 quam
1602 1087 1836 1143 maxime
1862 1096 1961 1136 no-

388 1204 613 1260 tandum
638 1208 696 1256 et
737 1198 937 1254 mirum
979 1173 1046 1250 et,
1065 1205 1258 1248 revera
1295 1202 1435 1258 opus
1466 1183 1583 1239 Dei.
1613 1175 1853 1235 Transiit
1878 1173 1962 1227 in-

390 1295 553 1352 vidiae
590 1291 850 1365 procella,
884 1296 1100 1359 tempus
1132 1283 1265 1340 illud
1292 1274 1742 1336 obtrectationis;
1767 1277 1822 1323 et
1851 1277 1905 1319 tu
1932 1279 1962 1318 e

390 1388 671 1459 superiore
698 1382 922 1453 regione
977 1374 1282 1434 lentissimo
1313 1369 1482 1442 gradu
1525 1376 1802 1437 regressus
1834 1374 1964 1414 con—

390 1493 620 1537 versans
660 1477 808 1532 inter
862 1485 998 1541 nos,
1044 1483 1139 1524 ver
1172 1473 1371 1520 nostra:
1402 1457 1595 1517 salutis
1647 1450 1964 1526 praesigniﬁ-

392 1587 548 1638 cans,
578 1577 636 1626 et
685 1569 744 1623 in
788 1563 951 1622 nobis
987 1556 1317 1631 constitisti,
1363 1566 1502 1623 quos
1555 1549 1801 1604 futurum
1848 1550 1980 1598 erat-

396 1678 458 1724 ut
482 1664 771 1739 splendore
796 1670 890 1717 tuo
919 1656 1217 1714 viridantes
1264 1657 1321 1706 et
1343 1644 1655 1705 fructiferas
1697 1639 1963 1696 elliceres.

397 1758 466 1814 Et
489 1729 542 1814 te
579 1769 703 1813 cura
736 1762 887 1809 tanta
926 1749 1133 1804 virtute
1180 1741 1361 1799 simul
1388 1754 1454 1794 ac
1491 1730 1870 1792 benevolentia
1906 1729 1962 1783 in

397 1850 574 1922 patria
597 1846 867 1903 reducens
888 1838 1163 1897 exercitus
1183 1842 1240 1890 et
1268 1831 1406 1888 bella
1438 1831 1637 1884 iterum
1668 1822 1965 1884 habebant,

398 1917 454 1998 et
484 1940 685 1995 iterum
711 1951 800 1991 res
825 1942 1042 1988 nostras
1066 1924 1315 1985 victoriis
1350 1917 1819 1978 illustrabas.Non
1852 1921 1972 1968 erat

399 2033 550 2091 enim
594 2041 812 2102 tempus
853 2026 947 2082 ubi
978 2022 1046 2080 ab
1076 2022 1163 2077 his
1210 2018 1626 2091 requiesceres:
1664 2009 1785 2076 sed,
1817 2005 1989 2076 quasi.

399 2143 471 2186 ex
493 2134 690 2183 natura
710 2100 814 2176 tua
856 2115 1085 2175 sortitus
1113 2126 1266 2169 esses
1311 2123 1527 2178 semper
1556 2106 1614 2161 in
1643 2100 1976 2159 discrimini-

402 2223 506 2278 bus
526 2214 735 2274 versari
756 2222 813 2269 et
842 2212 898 2267 in
926 2209 1032 2265 vita
1061 2203 1304 2278 pericula
1329 2197 1568 2270 experiri
1604 2207 1720 2251 tum
1751 2210 1781 2248 a
1813 2190 1974 2248 nobis

403 2324 522 2370 tum
549 2325 581 2365 a
612 2303 885 2381 Barbaris.
933 2310 1049 2356 tum
1083 2315 1115 2354 a
1156 2292 1495 2367 quibuslibet
1547 2287 1864 2345 hominibus
1892 2284 1975 2339 in-

406 2416 491 2463 ter
527 2379 668 2473 quos
719 2402 1074 2456 conversatus
1126 2405 1206 2458 es,
1261 2383 1562 2446 certamina
1613 2380 1713 2437 tibi
1777 2379 1973 2435 obver-

405 2505 618 2562 santur,
666 2501 744 2559 et,
782 2505 897 2547 rem
924 2483 1336 2562 incredibileml
1371 2478 1515 2550 quod
1563 2474 1792 2532 fortuito
1839 2485 1971 2526 con-

407 2560 618 2660 tingere
671 2585 809 2641 solet
861 2571 1075 2638 caeteris
1115 2586 1266 2649 (non
1317 2560 1465 2630 enim
1505 2583 1721 2641 semper
1759 2565 1980 2637 pericli-

409 2691 592 2743 tantur
626 2674 923 2744 homines),
967 2673 1075 2728 hoc
1104 2668 1206 2725 tibi
1252 2680 1470 2736 semper
1512 2660 1731 2731 obtigit,
1773 2666 1829 2714 et
1868 2671 1978 2712 non

406 2775 632 2840 frustra,
665 2780 727 2828 ut
762 2768 1003 2824 arbitror
1029 2802 1046 2830 ,
1088 2777 1193 2819 nec
1232 2761 1438 2829 absque
1465 2753 1817 2813 Providentia
1859 2764 1981 2821 quae

405 2865 593 2925 omnia
645 2859 936 2934 praznoscit
989 2865 1046 2912 et
1116 2853 1357 2910 ordinat.
1419 2847 1720 2919 Oportebat
1783 2844 1931 2900 enim
1962 2882 1979 2910 ,

408 2955 699 3028 oportebat
728 2960 781 3009 te
814 2949 1002 3007 multis
1047 2948 1103 3003 in
1134 2943 1365 3002 caminis
1396 2948 1673 2997 versatum
1717 2952 1873 3003 esse,
1922 2945 1984 2992 ut

409 3052 491 3110 sic
547 3050 810 3122 probatus
852 3054 1149 3116 appareres
1176 3046 1233 3096 et
1260 3049 1425 3107 super
1461 3045 1659 3088 aurum
1708 3029 1981 3086 sincerum

410 3144 668 3216 l‘ulgeres.

487 3328 625 3381 Dum
684 3334 815 3392 ergo
860 3317 1008 3374 circa
1040 3323 1096 3370 te
1134 3313 1210 3369 ita
1242 3324 1303 3367 se
1327 3324 1416 3366 res
1449 3307 1674 3374 habent,
1728 3302 1988 3361 concedit

420 3429 651 3482 naturae,
706 3423 872 3483 atque
918 3414 1114 3478 migrat
1151 3420 1185 3461 e
1230 3404 1395 3459 rebus
1427 3400 1668 3465 caducis,
1716 3397 1813 3468 qui
1857 3406 1988 3452 tunc

420 3511 681 3583 temporis
714 3510 772 3563 in
812 3507 1009 3562 throno
1031 3498 1318 3573 potestatis
1364 3494 1658 3552 insidebat.
1689 3491 1990 3563 Oportebat

422 3613 604 3662 autem
632 3602 844 3673 plebem
896 3598 952 3653 in
1002 3596 1106 3650 hac
1136 3591 1465 3649 necessitate
1506 3588 1822 3651 adductam,
1858 3585 1993 3641 duc-

426 3711 541 3757 tore
563 3706 803 3758 mortuo,
842 3689 1160 3747 visitatione
1208 3701 1278 3743 ex
1309 3685 1421 3740 alto
1442 3682 1632 3754 utique
1665 3680 1905 3745 visitari,
1935 3687 1993 3733 et

421 3793 478 3847 in
508 3788 735 3843 meliore
777 3792 921 3839 statu
967 3778 1252 3836 constitui.
1293 3776 1362 3830 Et
1390 3789 1500 3829 non
1550 3787 1652 3829 nos
1697 3772 1990 3827 sublevare

424 3880 640 3944 tardat,
684 3890 788 3933 nec
829 3881 1075 3929 moratur
1118 3869 1213 3940 qui
1258 3869 1443 3923 omnia
1487 3866 1675 3931 videt;
1725 3863 1995 3919 festinans

423 3983 632 4037 autem,
691 3969 821 4026 facit
850 3982 951 4039 per
992 3975 1048 4021 te
1095 3961 1488 4024 visitationem.
1537 3967 1594 4014 et
1633 3956 1820 4014 visitat
1859 3968 1998 4026 quos

426 4064 717 4136 oportebat
736 4058 1052 4118 visitatione
1085 4055 1292 4120 divina,
1320 4053 1462 4109 sicut
1492 4062 1784 4136 Oppressos
1816 4047 1919 4101 luti
1945 4053 2002 4100 et

426 4160 618 4214 lateris
652 4154 914 4226 operibus
951 4163 1051 4221 per
1077 4147 1317 4218 Moysem
1360 4127 1669 4215 (visita'vit),
1700 4140 1845 4195 sicut
1880 4152 2003 4194 eos-

429 4249 555 4306 dem
579 4257 733 4304 extra
753 4254 956 4300 terram
984 4250 1227 4300 sanctam
1256 4241 1660 4292 commorantes
1684 4244 1782 4299 per
1814 4229 2001 4293 Iosue,

430 4349 493 4396 ut
526 4354 623 4410 per
661 4336 830 4392 David
859 4333 1027 4389 Israel
1065 4330 1135 4385 ab
1165 4328 1288 4384 aliis
1317 4323 1536 4397 populis
1559 4329 1837 4383 vexatum,
1866 4325 1924 4372 et
1952 4326 2005 4372 te

436 4446 619 4503 regem
644 4428 892 4505 saneitet
919 4424 1074 4495 ungit
1102 4433 1265 4493 caput
1295 4430 1448 4476 tuum
1478 4420 1601 4472 oleo
1625 4410 2008 4470 exsultationis

1340 416 1667 482 GEORGII
1710 409 1967 472 CYPRlI
2005 405 2111 467 (ΖΡ.
2154 391 2673 462 PATRIARClL’E

1237 542 1497 615 operibus
1549 529 1944 592 testimonium,
1979 576 1985 587 ,

2092 521 2198 583 aia;
2224 516 2514 589 προοίμια,
2538 512 2649 589 κάκ
2683 507 2788 560 τῶν
2819 504 2995 574 ἔργων
3031 497 3316 569 πρέπουσα
3346 486 3621 565 μαρτυρία

2188 613 2196 615 ⁴
2274 613 2282 615 “
2377 609 2417 615 “¹
2529 608 2542 615 “
2629 601 2686 615 ⁸⁸
2773 599 2783 613 ⁵
2858 614 2864 615 κ
2912 595 2965 615 7‘!
2990 611 3005 615 Α
3035 591 3203 615 λ---ξ,

3518 372 3623 436 368

2062 614 2139 685 μὴ
2174 613 2240 667 ἂν
2263 609 2494 675 ἀναξίως
2526 599 2784 672 ἐπιϐἧναί
2814 614 2873 650 σε
2905 595 3006 666 τῆς
3028 591 3224 662 ἀρχῆς,

2136 674 2291 757 Ἒπεὶ
2325 674 2391 754 δέ
2418 717 2478 752 σε
2504 696 2564 751 τὺ
2598 695 2766 764 γέρας
2820 689 2958 759 πρὸς
3010 683 3146 740 Θεοῦ
3192 681 3302 733 τῶν
3353 674 3623 729 τοσούτων

2057 798 2152 852 καὶ
2177 793 2515 867 τηλικούτων
2556 789 2664 843 ἔδει
2695 785 2903 848 λαϐεῖν,
2933 780 3030 834 καὶ
3076 773 3372 844 Ῥωμαίοις
3405 765 3494 822 διά
3529 764 3626 817 σοῦ

2058 860 2476 954 ἐπανασωθῆναι
2498 881 2566 936 τὰ
2599 878 2899 951 πράγματα
2955 871 3087 943 (καὶ
3117 866 3225 936 γὰρ
3259 860 3509 954 φαίνεταί
3545 872 3630 910 σοι

2058 979 2127 1035 δι’
2158 946 2447 1049 ἀμφότερα
2472 976 2504 1045 ἡ
2530 946 2781 1044 βασιλεία
2805 964 3198 1039 χορηγηθεϊσα,
3242 953 3339 1011 καὶ
3358 954 3433 1016 ὡς
3464 946 3631 1004 ἆθλον

2062 1072 2160 1142 τῆς
2196 1043 2423 1141 ἀρετῆς,
2478 1043 2575 1121 καὶ
2606 1065 2681 1128 ὡς
2742 1059 3035 1129 εὐεργεσία
3083 1052 3285 1116 παντὸς
3315 1047 3410 1104 τοῦ
3440 1043 3631 1109 λαοῦ).

2060 1134 2274 1234 γίνεταί
2293 1134 2369 1214 τι-
2399 1134 2474 1224 ὥς
2495 1158 2620 1213 λίαν
2661 1155 2943 1226 ἐξαίρετον
2970 1151 3067 1205 καὶ
3093 1145 3402 1216 θαυμάσιον
3433 1138 3531 1193 καὶ
3556 1134 3634 1199 ὡς

2064 1233 2281 1325 ἀληθῶς
2312 1252 2477 1324 ἔργον
2521 1248 2684 1304 Θεοῦ.
2740 1244 3030 1315 Παρῆλθεν
3077 1241 3106 1293 ὁ
3140 1237 3234 1292 τοῦ
3290 1233 3489 1304 φθόνου
3521 1244 3635 1299 χειο

2069 1318 2185 1418 μὼν
2222 1318 2361 1415 (‘27),
2455 1342 2650 1414 καιρδς
2682 1340 2888 1401 ἐκεῖνος
2905 1336 3006 1405 τῆς
3037 1326 3375 1403 βασκανίαςο
3424 1321 3521 1376 καὶ
3572 1318 3637 1370 σὺ

2066 1409 2389 1509 κινούμενος
2416 1409 2627 1489 ἄνωθεν
2659 1431 2770 1503 (‘28)
2804 1424 3166 1499 σχολαιοτέρᾳ
3186 1421 3254 1490 τῇ
3288 1414 3497 1486 βαδίσει
3525 1409 3638 1480 (29)

2067 1502 2321 1600 ἐνδημεῖς
2350 1527 2490 1598 πρὸς
2540 1524 2713 1596 ἡμᾶς,
2746 1522 2846 1591 ἔαρ
2878 1516 3196 1590 προφαίνων
3228 1508 3520 1578 σωτήριον,
3543 1502 3640 1554 καὶ

2071 1598 2349 1694 στηρίξεις
2397 1617 2528 1689 παρ’
2584 1617 2716 1687 ἡμῖν
2775 1610 3035 1674 ἐνταῦθα,
3090 1606 3185 1671 οὒς
3243 1599 3472 1668 ἔμελλες
3510 1598 3636 1648 ὅσον

2069 1689 2221 1768 οὔπω
2241 1716 2361 1777 ταῖς
2390 1710 2770 1780 είληθερὴσεσι
2808 1702 3105 1774 τεθηλότας
3143 1698 3238 1753 καὶ
3257 1692 3518 1764 γονίμους
3549 1689 3643 1757 ἐρ·

2071 1806 2370 1876 γάσασθαι.
2402 1804 2510 1857 Καὶ
2551 1802 2614 1872 δή
2654 1817 2713 1853 σε
2753 1797 2892 1870 μετὰ
2925 1792 3181 1862 τοιαύτης
3224 1788 3325 1858 τῆς
3358 1780 3644 1851 ἐνεργείας

2002 1868 2043 1922 Β
2074 1868 2193 1969 ἀμα
2245 1900 2336 1951 καὶ
2376 1897 2474 1965 τῆς
2534 1868 2765 1964 χάριτος
2797 1883 3238 1956 ἐπιδεδημηκὸτα
3288 1873 3644 1946 ἐκστρατεῖαι

2076 1964 2237 2045 πάλιν
2268 1988 2361 2042 καὶ
2393 1964 2625 2056 πόλεμοι
2651 1984 2813 2038 πάλιν
2841 1976 2990 2051 εἶχον
3015 1978 3157 2048 ποιρῖ
3178 1975 3387 2036 αὐτοῖς,
3417 1969 3511 2023 καὶ
3541 1964 3645 2019 πά-

2075 2082 2158 2136 λιν
2190 2081 2364 2143 νίκαις
2389 2077 2646 2146 ἐκόσμεις
2675 2075 2745 2128 τὰ
2767 2072 2890 2127 καθ’
2924 2072 3094 2141 ἡμᾶς.
3122 2067 3261 2122 Οὑδέ
3287 2064 3398 2135 γὰρ
3427 2058 3497 2133 ἦν
3525 2076 3646 2115 και-

2078 2175 2170 2245 ρὸς
2198 2175 2286 2226 ὅτε
2313 2169 2517 2224 τούτων
2546 2164 2820 2237 ἡσύχαζες
2844 2178 2857 2193 ·
2891 2162 3033 2227 ἀλλ’,
3061 2162 3251 2228 ὥσπερ
3288 2158 3356 2226 τῇ
3383 2156 3449 2225 σῇ
3480 2150 3646 2221 φύσει

2078 2240 2501 2335 κεκληρωμένοι)
2540 2256 2635 2311 τοῦ
2663 2257 2874 2327 ὁμιλεῖν
2904 2254 2994 2306 ἀεὶ
3018 2254 3133 2315 τοῖς
3177 2251 3371 2311 δεινοῖς
3423 2245 3520 2299 καὶ
3553 2240 3649 2295 διὰ

2080 2358 2198 2429 βίου
2220 2333 2331 2419 τοῖς
2360 2354 2625 2415 κινδύνοις
2646 2346 3144 2420 παρεξετάζεσθαι,
3167 2341 3300 2415 παρ’
3322 2342 3355 2410 ἡ
3365 2341 3479 2409 μίν,
3496 2333 3651 2404 παρὰ

2081 2451 2402 2524 βαρϐάροις,
2438 2444 2571 2517 παρ’
2603 2443 2958 2514 ὁσοισδήποτε
2994 2439 3185 2509 τύχοις
3217 2433 3546 2504 ἀνθρώπων,
3578 2432 3645 2481 τὰ

2078 2548 2179 2617 τῆς
2215 2544 2395 2615 μάχης
2442 2539 2683 2611 συνήντα
2718 2553 2822 2602 σοι,
2865 2535 2960 2589 καὶ
3010 2533 3072 2586 τὸ
3122 2526 3451 2601 παράδοξον,
3507 2524 3648 2593 ὅπερ

2079 2614 2317 2709 τυχαίως
2332 2632 2659 2706 ’συμϐαίνειν
2684 2628 2867 2684 είώθει
2910 2628 3025 2690 τοῖς
3052 2622 3235 2686 ἄλλοις
3288 2620 3379 2692 (οὐ
3410 2617 3519 2687 γάρ
3557 2614 3650 2671 ἀεὶ

2083 2730 2490 2790 κινδυνεύουσιν
2550 2724 2895 2795 ἄνθρωποι),
2950 2716 3110 2773 τοῦτό
3168 2732 3252 2769 σοι
3301 2712 3392 2766 διὰ
3442 2706 3648 2768 παντὸς

2082 2825 2363 2896 ἐξεγένετο
2385 2822 2482 2875 καὶ
2511 2818 2614 2873 οὐκ
2647 2813 3105 2886 ἀσυμφερόντως,
3151 2808 3280 2877 ἐμοὶ
3312 2803 3514 2869 δοκεῖν,
3539 2796 3653 2854 οὐδ’

2083 2890 2199 2986 ἔξω⁷
2238 2913 2495 2986 προνοίας
2549 2912 2645 2964 καὶ
2684 2905 3036 2979 προμηθείας
3082 2901 3182 2971 τῆς
3214 2896 3530 2963 διοικούσης
3586 2890 3653 2943 τδ

2084 3011 2216 3066 πᾶν.
2257 3007 2407 3063 Ἔδει
2462 3004 2594 3074 γάρ,
2627 3001 2733 3054 ἔδει
2764 3016 2824 3053 σε
2873 2999 3092 3059 πάντως
3122 2991 3339 3055 πολλοῖς
3384 2987 3659 3059 πρότερον

2084 3102 2420 3174 ὁμιλήσαντα
2473 3097 2586 3159 τοῖς
2622 3091 3036 3166 χωνευτηρίοις,
3101 3086 3246 3141 οὕτω
3306 3083 3527 3153 δόκιμον
3594 3095 3658 3132 τε

2006 3210 2057 3276 c
2088 3196 2326 3266 φανῆναι
2358 3192 2457 3246 καὶ
2486 3190 2627 3261 ὑπὲρ
2656 3188 2749 3243 τὸν
2772 3183 3065 3255 ἀκίϐδηλον
3099 3179 3313 3252 λάμψαι
3338 3176 3563 3250 χρυσόν.

2157 3284 2461 3357 Τοιγαροῦν
2488 3282 2585 3336 καὶ
2640 3280 2786 3335 οὓτω
2842 3294 2959 3340 πως
2991 3276 3227 3346 ἐχόντων
3274 3272 3385 3326 τῶν
3416 3269 3545 3340 περὶ
3577 3268 3660 3332 σέ,

2087 3380 2394 3449 λειτουργεϊ
2415 3376 2486 3429 τὰ
2517 3374 2848 3445 ὀφειλόμενα
2888 3371 2954 3440 τῇ
2980 3368 3221 3437 γενέσει,
3276 3364 3372 3417 καὶ
3400 3361 3664 3433 μεθίστα·

2089 3490 2180 3528 ται
2219 3472 2326 3526 τῶν
2353 3469 2584 3542 ῥεόντων
2636 3468 2663 3519 ὁ
2696 3465 2816 3518 κατ’
2850 3464 3027 3517 ἐκεῖνο
3055 3458 3256 3529 καιροῦ
3288 3461 3380 3508 ἐπι
3419 3455 3512 3508 τοῦ
3541 3454 3663 3523 θρέ-

2091 3580 2182 3619 νου
2202 3562 2300 3632 τῆς
2329 3559 2500 3630 ἀρχῆς
2528 3554 2900 3627 καθεζόμενος
2920 3552 3058 3624 (50).
3096 3552 3190 3613 Εἰς
3210 3547 3370 3602 τοῦτο
3401 3547 3459 3600 δὲ
3493 3545 3664 3618 τύχης

2092 3658 2182 3712 τδν
2211 3655 2337 3708 λαὸν
2362 3653 2689 3724 ἀφιγμένον,
2721 3651 2814 3703 καὶ
2846 3645 2942 3701 τοῦ
2975 3642 3311 3716 δημαγωγοῦ
3368 3640 3668 3711 παρελθόν-

2094 3768 2208 3818 τος,
2239 3750 2346 3804 ἔδει
2371 3748 2586 3808 πάντως
2615 3742 2894 3811 ἐπισκοπῇ
2921 3736 3263 3806 ἐπεσκέφθαι
3296 3733 3356 3799 ἐξ
3378 3732 3548 3802 ὕψους
3571 3733 3669 3786 καὶ

2098 3846 2235 3917 πρὸς
2276 3840 2471 3914 βελτίω
2504 3837 2762 3908 γενέσθαι
2784 3833 3152 3889 κατάστασιν.
3201 3831 3313 3884 Καὶ
3353 3829 3421 3898 δὴ
3449 3829 3509 3881 οὐ
3543 3828 3673 3897 μέλ-

2097 3940 2180 3992 λει
2206 3934 2340 4008 πρὶς
2368 3934 2468 4004 τὴν
2496 3931 2710 4005 χρείαν,
2746 3927 2854 3982 οὐδ’
2900 3924 3265 3980 ἀναϐάλλεται
3299 3924 3327 3976 ὁ
3358 3921 3514 3975 πάντ’
3540 3924 3671 3991 ἐφο-

2103 4030 2213 4103 ρῶν
2238 4045 2250 4060 ·
2309 4025 2548 4097 ταχύνεις
2581 4022 2659 4089 δὲ,
2698 4023 2937 4074 ποιεῖται
2965 4019 3054 4073 διὰ
3093 4017 3187 4072 σοῦ
3236 4016 3334 4087 τὴν
3365 4014 3675 4082 ἐπισκοπὴν

2103 4122 2234 4195 (καὶ
2270 4118 2661 4173 ἐπισκέπτεται
2690 4113 2787 4178 οὓς
2837 4113 2948 4166 ἔδει
2993 4111 3271 4180 ἐπισκοπῇ
3298 4108 3567 4179 θειοτέρα,
3598 4107 3676 4170 ὡς

2102 4218 2226 4280 τοὺς
2250 4215 2328 4287 τῷ
2352 4214 2510 4285 πηλῷ
2540 4212 2637 4266 καὶ
2674 4214 2740 4282 τῇ
2769 4208 3022 4280 πλινθείᾳ
3072 4205 3555 4277 ταλαιπωροῦντας
3589 4205 3679 4258 διὰ

2104 4310 2371 4371 Μωσέως,
2391 4307 2466 4370 ὡς
2497 4307 2620 4368 τοὺς
2647 4304 2844 4366 αὐτοὺς
2872 4301 3097 4362 τούτους
3124 4298 3193 4352 δι’
3239 4299 3415 4369 Ἰησοῦ
3452 4299 3556 4364 ἔξω
3582 4299 3681 4367 τῆς

2107 4402 2269 4470 ἁγίας
2293 4396 2671 4469 διατρίϐοντας
2704 4394 2829 4464 γῆς,
2870 4392 2945 4455 ὡς
2993 4391 3081 4444 διά
3117 4388 3280 4443 Δαυῒδ
3317 4391 3410 4442 τὸν
3462 4389 3683 4460 Ἰσραὴλ

437 4482 619 4503 "om-
644 4482 861 4505 ,
997 4482 1028 4495 ν
1168 4482 1188 4493 ,

437 4538 548 4594 prae
592 4520 852 4576 omnibus
880 4516 1007 4572 liliis
1045 4513 1332 4569 hominum
1365 4508 1614 4581 ejusdem
1650 4500 1985 4561 consortibus

2110 4495 2216 4548 ὑπὸ
2240 4492 2350 4546 τῶν
2371 4487 2687 4557 ἀλλοφύλων
2721 4483 3109 4554 κακούμενον),
3154 4484 3250 4537 καί
3285 4482 3560 4551 βασιλεύει
3597 4499 3683 4549 σε,

438 4571 547 4594 ρπ
599 4571 773 4576 --η--τν
1394 4571 1413 4581 -

433 4623 684 4676 naturai;
714 4620 768 4665 et
796 4608 1126 4664 salvatorem
1152 4603 1529 4657 Romanorum
1560 4606 1616 4652 et
1634 4594 1982 4650 liberatorem

2114 4587 2210 4639 καὶ
2236 4582 2382 4655 χρίει
2413 4598 2507 4635 σου
2530 4580 2629 4652 τὴν
2663 4577 2905 4647 κεφαλὴν
2937 4577 3314 4644 ἀγαλλιάσεως
3340 4577 3507 4646 ἐλαίῳ
3533 4579 3688 4647 παρὰ

436 4718 493 4762 et
522 4706 569 4761 si
596 4702 727 4774 quid
778 4698 928 4755 aliud
975 4694 1268 4767 salvatoris
1301 4705 1502 4749 nomen
1546 4687 1667 4745 dari
1701 4692 1903 4757 potest,
1937 4691 2011 4747 te,

439 4815 555 4864 rex,
583 4794 838 4868 praebuit,
866 4807 935 4848 ex
965 4787 1103 4860 ipsis
1134 4786 1396 4859 operibus
1425 4782 1526 4840 tibi
1546 4793 1850 4852 cognomen
1881 4790 2014 4832 con-

438 4898 708 4947 secutum.

516 5160 641 5223 Haec
664 5157 768 5213 fuit
798 5154 958 5211 nobis
987 5150 1165 5224 prima
1197 5147 1418 5205 urbium
1454 5144 1729 5219 serenitas
1751 5151 1804 5199 et
1834 5156 2017 5197 rerum

446 5250 771 5313 instauratio
815 5255 872 5304 et
919 5245 1099 5304 omnis
1137 5244 1263 5299 vitae
1299 5242 1367 5298 ad
1402 5238 1633 5295 meliora
1688 5235 2016 5292 conversio:

449 5351 578 5405 hinc
600 5347 777 5418 posita
819 5349 951 5399 sunt
990 5338 1350 5396 fundamenta
1376 5344 1576 5390 nostrae
1607 5329 2017 5401 prosperitatis,

527 5528 642 5599 (27)
680 5525 935 5599 lnnuitur
966 5523 1337 5599 simultatum
1386 5517 1528 5599 inter
1552 5510 1915 5599 “Michaeleig
1969 5517 2026 5593 et

455 5578 1032 5670 iunﬁﬁti}iéﬁi"iinis.
1071 5594 1207 5670 Vide
1261 5590 1491 5658 Nicepb.
1549 5584 1714 5655 Greg.
1765 5585 1849 5645 in,
1883 5579 1938 5646 2,
1967 5578 2023 5632 5.

527 5665 639 5743 (28)
673 5669 752 5743 Ea
775 5668 1009 5743 Phrygia
1034 5665 1263 5743 scilicet.

672 5740 811 5815 gela
846 5726 910 5815 in'
924 5726 1177 5815 inargute
1206 5750 1233 5815 τ’
1260 5749 1353 5803 γρ.
1388 5731 1455 5800 τῇ
1489 5726 1666 5797 βάσει.

673 5804 1327 5883 Τιιεὸᾱυτ-ιιελιιὶιεοατίε..-
1369 5873 1381 5883 _
1612 5868 1642 5883 Α
1726 5860 1733 5883 ἱ

1161 5878 1229 5930 ad
1285 5873 1455 5931 Hebr.
1520 5887 1558 5935 ι,
1612 5868 1682 5923 9:
1715 5861 1813 5919 Διὰ
1870 5861 2026 5916 τοῦτο

2117 4679 2325 4740 πάντας
2356 4672 2665 4744 ἀνθρώπων
2690 4671 2843 4733 υἱοὺς
2880 4673 3007 4733 τοὺς
3052 4669 3149 4738 τῆς
3183 4669 3353 4738 αὐτῆς
3388 4673 3684 4741 μετασχόν-

2116 4792 2214 4838 τας
2243 4775 2457 4842 φύσεως
2488 4766 2624 4840 (51),
2657 4766 2756 4820 καὶ
2788 4764 3012 4835 σωτῆρα
3045 4762 3336 4832 Ῥωμαίων
3364 4766 3457 4818 καὶ
3485 4765 3690 4837 ρύστην

2119 4871 2217 4924 καὶ
2266 4864 2565 4936 κηδεμόνα,
2627 4861 2725 4913 καὶ
2756 4859 2810 4912 εῐ
2852 4874 2904 4909 τι
2934 4855 3126 4909 τούτου
3180 4855 3692 4926 σωτηριωδέστερον

2118 4962 2310 5030 ὄνομα,
2332 4957 2415 5021 es,
2445 4953 2693 5025 βασιλεῦ,
2724 4950 3126 5014 ἀναδείκνυσιν,
3157 4946 3340 5015 ἔργοις
3377 4947 3560 5010 αὐτοῖς
3588 4950 3693 5021 τὴν

2122 5050 2441 5120 ἐπωνυμίαν
2471 5044 2729 5115 κυρώσας
2763 5059 2865 5096 σοι.
3342 5046 3361 5055 ‘

2194 5141 2343 5209 Αὕτη
2400 5140 2584 5193 τοίνυν
2625 5138 2762 5208 ἡμῖν
2795 5149 2989 5204 πρωτη
3042 5130 3249 5184 πόλεων
3280 5130 3551 5200 εὐημερία
3597 5133 3697 5184 καὶ

2124 5237 2460 5296 κατάστασις
2514 5229 2857 5299 πραγμάτων
2906 5226 3002 5278 καὶ
3034 5223 3151 5293 βίου
3208 5222 3411 5287 παντὸς
3448 5223 3585 5295 πρὸς
3634 5223 3697 5277 τδ

2127 5332 2333 5404 βέλτιον
2371 5324 2767 5397 μεταποίησις·
2814 5316 3066 5371 ἐντεῦθεν
3112 5316 3322 5388 κρηπὶς
3381 5315 3701 5387 κατεϐλήθη

2127 5512 2314 5584 ἐχρισέ
2356 5526 2416 5584 σε
2462 5508 2491 5561 ὁ
2524 5507 2678 5584 Θεος,
2709 5508 2737 5559 ό
2769 5503 2902 5568 Θεός
2950 5520 3069 5584 σου,
3100 5500 3285 5584 ἔλαιον
3328 5501 3704 5584 ἀγαλλιάσεως

2128 5572 2291 5664 τίᾶράν
2313 5582 2442 5662 τοὺς
2505 5572 2767 5664 μετόχους
2823 5572 3299 5664 oon.JN0‘tandunt
3350 5572 3707 5653 Gregorium,

2130 5643 2453 5723 scriptorem
2485 5643 2831 5723 accuratum-
2858 5653 2916 5700 et
2960 5646 3209 5723 doctum,
3242 5643 3520 5723 respuisse
3576 5659 3706 5713 pra.

2132 5712 2261 5777 vani
2286 5722 2537 5794 syntaxin
2568 5719 2756 5787 χρῖσαι
2788 5716 2990 5782 ἔλαιον,
3016 5726 3070 5770 et
3098 5713 3282 5769 dativo
3314 5712 3561 5783 legitimo
3578 5712 3707 5769 esse

2134 5810 2312 5851 nsum.
