3894 6514
294 365 407 430 369

296 481 403 550 τῆς
436 482 708 557 ἡμετέρας
735 489 1104 564 εὐδαιμονίας.
1165 503 1339 561 Τοῦτο

299 574 923 679 ὴμῶν-στρατευομένην
947 590 1155 662 Τύχην,
1194 574 1387 673 ὥσπερ
1436 574 1742 679 χειμάρρου
1775 627 1869 678 φο-

306 666 430 764 ράν,
459 669 826 742 ἀνεχαίτισεν.
857 679 1093 753 Ἐφάνης
1126 688 1234 758 γάρ
1256 692 1284 744 ὁ
1316 666 1480 763 μόνος
1509 666 1694 764 ίκανδς
1723 666 1871 756 ἀντι-

298 759 466 860 ϐῆναι
499 768 610 830 τοῖς
645 768 1048 846 δυστυχήμασι,
1087 783 1181 836 καὶ
1201 759 1361 850 λόγος
1390 788 1608 860 ὑπῆρχε
1640 759 1748 847 τών
1780 792 1873 847 λυο
1960 799 1964 804 ’

302 853 553 954 πούντων
577 861 775 926 οὐδείς.
820 866 1092 938 ’Δνέσχες,
1124 867 1169 927 ὦ
1199 877 1341 945 μέγα
1373 853 1651 954 φωσ-φόρε,
1682 886 1778 940 καὶ
1803 887 1873 941 τὰ

452 952 663 1025 ἐχθρῶν
694 959 851 1029 νέφη,
885 962 1026 1033 άπερ
1057 968 1350 1024 συνίστατο
1382 948 1518 1027 καθί
1546 948 1728 1045 ημῶν,
1767 979 1906 1032 διε-ι’

299 1040 439 1143 λύθη
466 1063 523 1098 τε
548 1053 911 1122 παραχρῆμα,
966 1058 1060 1111 καὶ
1087 1060 1197 1113 οὐδ’
1221 1062 1269 1114 εί
1299 1063 1401 1134 τὴν
1433 1040 1612 1138 ἀρχην
1640 1040 1872 1143 συνέστη

299 1137 663 1202 γινώσκεται.
702 1144 858 1198 υῦτω
893 1150 1049 1221 κοινὴ
1085 1151 1216 1217 δόξα
1255 1137 1626 1230 Ῥωμαίοιςίή
1652 1161 1718 1230 σὴ
1747 1137 1877 1227 δόξα

300 1230 626 1303 γεγένηται,
657 1234 799 1289 οὕτω
822 1241 916 1292 καὶ
945 1241 1042 1313 τῆς
1065 1246 1164 1315 σῆς
1193 1246 1363 1320 τύχης
1391 1249 1573 1316 καλῶς
1604 1253 1672 1308 τὰ
1695 1255 1883 1310 πάντα

302 1323 611 1389 άπῆλαυσε.

290 1490 307 1505 1
379 1418 491 1512 iisti.
537 1420 599 1492 δὴ
645 1422 877 1497 λαμπρά
919 1432 1019 1500 μέν
1048 1444 1141 1487 σου
1183 1436 1277 1489 καὶ
1308 1437 1410 1492 ὅσα
1434 1456 1521 1504 τις
1547 1442 1666 1511 ἔχει
1695 1441 1877 1512 λέγειν

304 1508 415 1577 πρὸ
467 1511 568 1583 τῆς
608 1516 807 1605 ἀρχῆς
830 1536 847 1554 ο
904 1524 1089 1596 πολλῷ
1130 1527 1186 1582 δὲ
1222 1530 1427 1585 καλλίω
1450 1534 1548 1589 καὶ
1578 1508 1879 1605 περιφανέ-

305 1615 484 1696 στερα
523 1607 634 1696 ,καὶ
688 1609 848 1679 λόγον
901 1615 1093 1670 οὐδένα
1149 1620 1405 1676 λείποντα
1439 1624 1765 1696 ὑπερϐολῆς,
1808 1627 1879 1680 τὰ

306 1693 451 1789 μετὰ
482 1695 579 1789 τὴν
606 1699 805 1772 ἀρχήν.
830 1704 965 1760 Τίνα
991 1707 1216 1780 δὲλέγω
1264 1714 1333 1767 τά
1392 1717 1496 1785 πρὸ
1528 1717 1627 1786 τῆς
1668 1693 1874 1789 δι’ρκῆςς

302 1781 387 1835 Τά
412 1799 470 1836 σε
481 1786 589 1854 μνὰ
611 1796 1070 1866 στρατηγήματα,
1095 1801 1164 1853 τὰ
1192 1805 1336 1858 κατὰ
1358 1781 1467 1858 τῶν
1497 1781 1878 1878 ἐχθρῶν.

1232 394 1622 465 LAUDATIO
1661 405 2080 473 MICHAELIS
2124 414 2582 482 PAUEOLOGI‘.

3427 433 3551 495 370‘

1361 514 1584 581 γεγονὸς
1613 515 1713 586 τὴν
1743 518 1866 574 καθ’

1997 525 2104 580 llud
2171 527 2447 584 fortunam
2511 530 2774 588 adversus
2832 549 2931 589 nos
2981 545 3349 608 pugnantem,
3394 538 3537 596 sicut

1973 619 2233 676 torrentis
2278 620 2543 692 impetum
2591 625 2872 695 repressit.
2916 626 3077 684 Solus
3126 630 3383 686 exstitisti
3440 636 3535 703 qui

1972 711 2136 765 rebus
2163 711 2405 769 adversis
2426 712 2643 772 obstare
2675 718 2870 787 possis,
2903 728 2958 774 et
3004 721 3186 777 nullus
3211 721 3279 778 de
3314 724 3540 778 calami-

1973 799 2176 856 tatibus
2196 803 2306 873 jam
2347 818 2530 861 sermo
2560 805 2685 865 fuit.
2726 808 3039 878 Apparuisti
3064 850 3080 878 ,
3121 826 3153 866 o
3198 827 3392 884 magne
3432 815 3536 877 sol,

1972 897 2029 944 et
2053 891 2403 949 inimicorum
2452 896 2651 962 nubes,
2694 912 2826 969 quas
2887 898 3180 957 adversum
3226 911 3277 959 te
3316 919 3538 960 coacer-

1973 990 2111 1039 vatte
2158 984 2411 1054 fuerant,
2465 990 2743 1062 extemplo
2808 991 3084 1063 dissipatas
3137 1004 3287 1058 sunt,
3348 1011 3449 1052 nec
3495 999 3540 1053 si

1973 1074 2130 1145 prius
2170 1078 2604 1148 conspiraverint
2655 1084 3025 1153 cognoscitur.
3084 1085 3176 1141 Sic
3228 1094 3317 1142 tua
3372 1089 3543 1159 gloria

1974 1168 2219 1225 omnium
2260 1167 2630 1229 Romanorum
2676 1175 2848 1246 gloria
2886 1175 3026 1232 facta
3059 1186 3165 1241 est,
3208 1179 3288 1236 sic
3310 1189 3366 1236 et
3398 1192 3544 1236 tuam

1974 1261 2252 1318 fortunam
2282 1264 2423 1322 bene
2456 1267 2639 1323 omnia
2670 1267 3160 1340 participaverunt.

2069 1417 2335 1477 Praeclara
2412 1431 2551 1478 sunt
2601 1425 2861 1482 nimirum
2918 1430 3124 1485 omnia.
3179 1446 3301 1502 qua:
3353 1433 3550 1505 aliquis

1976 1510 2145 1567 habet
2193 1513 2377 1570 dicere
2410 1527 2700 1588 antequam
2733 1520 2968 1591 imperes
2989 1563 3004 1587 ,
3057 1525 3228 1579 multo
3260 1541 3392 1580 vero
3430 1528 3551 1595 pul-

1978 1601 2196 1659 chriora
2234 1614 2290 1660 et
2316 1608 2496 1679 magis
2520 1611 2814 1680 conspicua
2852 1621 2908 1668 et
2931 1615 3080 1669 omni
3109 1630 3365 1672 sermone
3392 1618 3551 1687 longe

1979 1696 2301 1787 excelsioraJ
2345 1714 2466 1769 quae
2499 1701 2629 1757 dum
2669 1703 2978 1773 imperabas
3007 1706 3190 1777 egisti.
3219 1708 3352 1774 Quae
3391 1719 3551 1765 ante-

1982 1803 2144 1856 quam
2175 1789 2409 1860 imperes
2459 1792 2616 1848 dico?
2664 1795 2905 1852 Honesta
2936 1797 3089 1854 ducis
3137 1798 3401 1864 facinora,
3457 1801 3555 1854 adv

302 1877 569 1969 νίσματα,
600 1881 702 1947 τὰς
741 1892 1064 1956 περιφανεῖς
1097 1894 1277 1962 νίκας,
1308 1896 1576 1963 τάπίδοξα
1602 1877 1873 1969 τρόπαια,

1997 1894 2170 1935 tersus
2198 1882 2382 1939 hostes
2422 1886 2752 1952 certamina,
2802 1889 3093 1958 praeclaras
3119 1891 3377 1947 victorias
3399 1931 3415 1958 ,
3471 1893 3555 1948 in-

305 1966 478 2022 τᾱλλα
501 1972 602 2025 ὅσα
639 1977 731 2029 καὶ
759 1971 851 2032 οἷα
877 1973 1252 2055 διαπέπραξαι
1282 1966 1711 2060 ἀγωνιζόμενος,
1750 1993 1879 2060 βου-

304 2060 624 2134 λευόμενος,
654 2068 713 2123 ὲν
736 2072 919 2138 νυκτὶ,
955 2075 1015 2128 ὲν
1034 2076 1241 2149 ἡμέρᾳ,
1284 2080 1341 2135 ὲν
1371 2084 1550 2153 χρόνῳ
1592 2082 1758 2137 παντὶ
1788 2086 1880 2138 καὶ

307 2153 485 2223 τόπῳ.
511 2158 655 2213 Ἀλλ’
685 2161 808 2216 ἐπεὶ
839 2166 1114 2239 κατέστης
1139 2170 1233 2224 ἐπὶ
1264 2173 1374 2225 τῶν
1408 2175 1728 2245 σκήπτρων,
1758 2192 1884 2228 τοσ·

309 2249 471 2303 οῦτον
496 2251 935 2324 ὑπερηκόντισας
964 2260 1121 2331 (πῶς
1148 2262 1214 2317 ἂν
1245 2264 1462 2337 εἴποιμι
1490 2267 1783 2338 εὐπρεπῶς
1804 2285 1819 2333 ;
1841 2268 1882 2334 ),

309 2344 440 2397 ὅσον
473 2347 877 2418 μοναρχοῦντος
909 2353 1004 2406 καὶ
1025 2355 1336 2427 στρατηγοῦ
1366 2358 1429 2412 τὸ
1458 2358 1720 2430 διάφορον
1749 2358 1884 2431 (52)*

312 2435 377 2488 οὐ
415 2438 529 2516 γάρ
566 2437 779 2510 ἔφερες,
813 2442 894 2506 είς
930 2443 991 2497 τὸ
1029 2445 1293 2514 μέγιστον
1319 2451 1419 2521 τῆς
1450 2450 1618 2521 τιμῆς
1645 2451 1890 2519 ἀνηγμέ-

312 2544 405 2590 νος
433 2528 540 2581 ὑπὸ
586 2530 745 2599 Θεοῦ,
783 2534 879 2588 καὶ
924 2534 1097 2607 ὄνομα
1127 2540 1371 2612 εἰληφὼς
1415 2541 1477 2595 τὸ
1512 2542 1655 2613 ὐπὲρ
1691 2544 1799 2599 πᾶν
1831 2544 1890 2597 ἐν

313 2622 631 2693 ἀνθρώποις
668 2625 861 2697 ὄνομα,
920 2629 997 2703 μὴ
1058 2632 1243 2704 πολλῷ
1279 2634 1356 2705 τῷ
1414 2635 1569 2705 μέσῳ
1600 2637 1669 2690 τὰ
1695 2634 1891 2707 πρώην

313 2720 703 2787 παρενεγκεῖν,
755 2721 847 2775 καὶ
897 2725 1256 2797 καταλλήλως
1309 2727 1387 2800 τῷ
1454 2728 1726 2799 ἀξιώματι
1777 2731 1891 2792 τοῖς

315 2809 790 2882 πλεονεκτήμασιν
815 2814 1117 2883 ἐπιδοῦναι,
1150 2816 1293 2875 ὥστε
1339 2819 1417 2892 μὴ
1463 2819 1674 2876 ἐλάττω
1708 2821 1895 2891 φαίνε-

317 2900 444 2960 σθαι
471 2902 645 2956 ταῦτα
682 2906 943 2976 παρέχειν
973 2909 1069 2964 τοῦ
1125 2912 1425 2983 σχήματος.
1483 2914 1695 2967 Οὐκοῦν
1728 2913 1892 2968 καλὸν

314 2993 384 3048 ἂν
414 2997 497 3065 εἴη
530 3000 623 3050 καὶ⁵
654 2997 773 3052 λίαν
807 3001 1085 3072 προσῆκον
1142 2991 1341 3074 μικρὸν
1387 3006 1513 3059 ὅσον
1543 3005 1641 3060 καὶ
1685 3005 1893 3060 τούτων

315 3086 653 3157 ἐφάψασθαι,
687 3091 912 3155 καὶτοῖς
955 3096 1156 3158 κοινοῖς
1184 3096 1343 3166 ἡμῶν
1384 3097 1732 3169 εὐτυχήμασι
1758 3097 1893 3169 πρὸς

315 3179 578 3235 τοσοῦτον
609 3182 976 3255 εὐωχηθῆναι,
1010 3187 1135 3243 ὅσον
1172 3189 1200 3241 ὁ
1248 3188 1442 3260 παρὼν
1470 3191 1601 3260 ἡμῖν
1634 3189 1891 3261 παραθή-

321 3290 477 3327 σεται
506 3273 685 3343 λόγος,
722 3275 773 3328 εί
791 3292 855 3343 γε
890 3277 965 3347 μὴ
990 3279 1061 3334 τὰ
1095 3279 1271 3348 μείζω
1306 3266 1402 3335 καὶ
1421 3281 1759 3354 τελειώτερα
1790 3300 1898 3336 πα-

324 3367 574 3437 ραθεῖναι
624 3368 955 3439 δυνήσεται,
990 3371 1127 3425 Οὐδὲ
1188 3373 1319 3443 γάρ,
1370 3374 1432 3428 οὐ
1474 3362 1634 3429 τοῦτο
1663 3375 1905 3429 καθυπι-

322 3463 567 3531 σχνεῖται
603 3462 925 3532 (νεμεσάτω
964 3465 1214 3537 μηδεὶς),
1258 3467 1382 3520 ἐπεί
1419 3469 1500 3522 τοί
1535 3485 1599 3537 γε
1636 3469 1695 3520 οὐ
1738 3469 1903 3538 μόνον

320 3552 467 3605 κατά
487 3552 619 3622 μίαν
641 3554 941 3625 ἐρχομένοις
963 3558 1060 3621 τὰς
1084 3558 1341 3612 ἁπάντων
1369 3560 1557 3629 φωνὰς
1578 3558 1718 3614 οἶδεν
1737 3562 1901 3631 ὕστερ’

321 3643 535 3723 ϐαίνειν
572 3645 647 3700 τὰ
660 3645 753 3699 τοῦ
778 3634 1049 3714 βασιλέως
1068 3664 1084 3680 ⁶
1122 3650 1238 3703 ἀλλ’
1266 3650 1399 3717 οὐδ’,
1427 3654 1474 3707 εί
1509 3654 1902 3723 πᾶσαισυνῆλ-

322 3734 419 3788 θον
449 3721 532 3799 είς
564 3737 761 3790 ταυτὸν
788 3737 864 3802 ώς
897 3740 1004 3792 ἀπὸ
1036 3741 1410 3812 συνθήματος,
1441 3739 1596 3797 εἷπον
1648 3744 1712 3798 ἂν
1759 3745 1901 3798 ὥστε

320 3827 425 3897 τὴν
486 3826 649 3892 ἀξίαν
701 3829 907 3884 σῶσαι·
953 3831 1105 3886 ὅκα).
1162 3834 1325 3888 τοῦτο
1372 3836 1575 3900 παντὸς
1625 3835 1902 3906 θαύματος

322 3921 497 3987 ἄξιον,
538 3922 672 3992 μηδὲ
701 3922 963 3981 δύνασθαι
1017 3926 1200 3996 λέγειν
1230 3931 1297 3999 τῇ
1335 3929 1553 4003 γλώττῃ
1597 3931 1738 4002 ειπερ
1790 3932 1904 3992 τοῖς

326 4016 513 4086 ἔργοις
537 4014 699 4079 αὐτὸς
726 4017 981 4088 πράττων
1003 4018 1437 4090 διωμολόγηται.
1469 4024 1578 4075 Καὶ
1603 4023 1904 4094 τεκμήριον

324 4106 422 4159 τοῦ
458 4106 616 4176 λόγου
640 4124 658 4159 ν
688 4107 874 4162 πολλοὶ
903 4109 1003 4181 μὲν
1033 4113 1161 4179 περὶ
1190 4111 1396 4168 τούτων
1428 4115 1521 4167 καὶ
1547 4113 1738 4184 πρώην
1766 4115 1907 4169 εἰσὶν

327 4195 601 4262 εἰπόντες,
653 4197 746 4251 καὶ
777 4197 872 4251 νῦν
919 4199 1123 4270 ἄνδρες,
1167 4202 1327 4254 καλοὶ
1362 4201 1599 4270 κάγαθοὶ
1651 4203 1908 4276 καὶπερὶ

324 4287 390 4341 τὸ
416 4286 604 4357 λέγειν
638 4289 801 4343 δεινοί
828 4305 841 4319 ·
878 4291 1055 4354 οὐδεὶς
1081 4291 1127 4345 δ’
1158 4293 1309 4362 ὅμως
1345 4295 1425 4357 εἰς
1456 4292 1609 4358 τέλος
1634 4294 1741 4349 τῶν
1773 4312 1908 4365 προ-

327 4379 606 4449 κειμένων
661 4380 896 4445 ὲξίκετο.
947 4381 1201 4437 Μάλιστα
1249 4384 1351 4453 μὲν
1382 4379 1476 4438 οῦν
1515 4385 1908 4457 ἀπεχρήσαντο

326 4476 449 4537 τοῖς
482 4473 664 4542 λόγοις
696 4472 770 4536 ὡς
810 4475 939 4543 ἐνῆν
990 4476 1403 4547 προσηκόντως,
1460 4479 1556 4532 καὶ
1591 4478 1678 4533 διὰ
1723 4479 1907 4549 πάσης

1916 3230 1964 3296 G

1984 1971 2271 2043 signiaque
2304 1983 2525 2046 tropaea,
2559 1987 2615 2034 et
2641 1988 2836 2037 caetera
2867 1998 3208 2054 quaecunque
3245 1985 3577 2056 egistitunr

1986 2066 2315 2135 pugnando,
2371 2077 2484 2123 tum
2546 2071 2938 2140 deliberando,
2995 2087 3155 2132 nocte
3209 2076 3443 2145 dieque,
3498 2080 3553 2133 in

1985 2156 2134 2210 omni
2189 2158 2310 2214 luco
2360 2168 2416 2214 et
2478 2167 2741 2233 tempore.
2766 2165 3291 2237 Postquamautem
3340 2178 3554 2241 sceptra

1990 2248 2242 2317 tenuisti:
2286 2260 2497 2310 tantum
2545 2255 2684 2311 alios
2735 2259 3004 2327 superasti
3057 2260 3367 2330 (quomodo
3422 2278 3559 2318 con-

1987 2352 2249 2413 gruenter
2288 2345 2520 2401 dixerim
2544 2348 2624 2417 ἲ).
2682 2358 2947 2418 quantum
2996 2350 3138 2409 inter
3169 2354 3554 2425 imperatorem

1989 2443 2043 2490 et
2082 2436 2274 2493 ducem
2305 2440 2575 2496 exercitus
2607 2441 2939 2498 discrimen:
2969 2459 3076 2500 non
3106 2446 3255 2501 enim
3285 2447 3558 2512 tolerasti,

1990 2530 2056 2584 ad
2089 2540 2297 2586 tantum
2341 2533 2606 2590 honorem
2639 2550 2736 2605 per
2785 2537 2953 2592 Deum
2989 2537 3291 2608 adductus,
3338 2540 3560 2597 nomine

1991 2634 2157 2690 super
2203 2638 2366 2678 omne
2408 2639 2609 2680 nomen
2660 2626 2804 2682 inter
2862 2626 3116 2684 homines
3182 2638 3453 2701 accepto,
3506 2642 3559 2687 te

1992 2729 2190 2784 magno
2218 2714 2503 2772 intervallo
2530 2726 2781 2775 anteacta
2806 2734 2915 2775 non
2947 2736 3210 2792 superare
3237 2731 3295 2778 et
3326 2724 3587 2796 conjnn-.

1992 2817 2134 2863 ctam
2166 2808 2483 2879 dignitatem
2536 2820 2592 2866 et
2640 2811 2840 2868 decora
2867 2828 2974 2869 non
3009 2815 3352 2885 ampliﬁcari,
3378 2818 3453 2872 ita
3504 2826 3565 2873 ut

1993 2900 2094 2956 ista
2129 2916 2239 2957 non
2274 2901 2395 2972 ipso
2437 2902 2628 2959 habitu
2662 2904 2893 2960 minora;
2916 2921 3039 2962 esse
3070 2906 3381 2964 videantur.
3436 2910 3566 2964 Pul—

1993 2993 2188 3049 chrum
2215 3009 2346 3065 ergo
2371 3004 2517 3051 esset
2555 2996 2670 3051 haec
2702 3012 2922 3068 quoque
2965 2999 3253 3068 paululum
3299 3000 3566 3071 attingere

1993 3095 2049 3140 et
2074 3093 2284 3142 tantum
2314 3087 2711 3158 prosperitates
2755 3098 2973 3148 nostras
2997 3099 3218 3162 gustare
3244 3133 3259 3157 ,
3298 3102 3565 3162 quantum

1996 3180 2051 3234 in
2067 3178 2304 3235 medium
2321 3195 2563 3251 praesens
2583 3196 2765 3239 sermo
2805 3182 3018 3249 afferet,
3057 3183 3332 3254 siquidem
3364 3186 3591 3256 majora-

2000 3279 2056 3327 et
2070 3272 2398 3342 perfectiora
2414 3273 2610 3331 afferre
2630 3290 2740 3333 non
2758 3276 2975 3346 poterit.
3000 3276 3122 3333 Non
3139 3288 3321 3334 autem
3336 3293 3447 3333 non
3464 3280 3572 3334 hoc

2002 3364 2491 3434 pollicetur(nemo
2510 3371 2876 3437 succenseat),
2904 3369 3191 3440 siquidem
3221 3387 3332 3427 non
3358 3370 3570 3427 tantum

2001 3456 2315 3525 singulatim
2349 3457 2941 3525 prodientes'omnium
2967 3476 3129 3521 voces
3157 3466 3302 3536 regis
3328 3464 3574 3520 facinora

2001 3562 2261 3617 superare
2291 3548 2545 3618 valeant;
2601 3552 2699 3607 sed
2744 3569 2959 3623 neque,
3012 3554 3059 3611 si
3085 3570 3283 3612 omnes
3306 3557 3465 3627 quasi
3507 3572 3600 3611 ex.

2000 3635 2156 3708 signo
2183 3637 2238 3693 in
2263 3654 2432 3694 unum
2475 3644 2857 3707 convenerint,
2886 3645 3156 3703 dixissent
3187 3647 3265 3702 ita
3303 3656 3365 3702 ut
3400 3646 3579 3717 digni-

2003 3736 2165 3785 tatem
2205 3739 2460 3788 tueantur
2491 3752 2507 3787 :
2543 3734 2678 3791 illud
2701 3749 2786 3797 est
2812 3739 2964 3794 omni
3009 3739 3304 3795 miratione
3329 3740 3583 3811 dignum,

2002 3820 2148 3890 quod
2171 3837 2279 3876 non
2311 3822 2516 3893 possim
2551 3811 2738 3882 dicere
2771 3827 2959 3898 lingua
2984 3868 3001 3893 ,
3032 3843 3153 3898 quae
3177 3827 3402 3898 quidem
3434 3842 3582 3899 tope-

2005 3913 2163 3969 ribus
2210 3914 2303 3970 ille
2352 3914 2412 3969 in
2447 3914 2660 3986 agendo
2696 3918 3007 3976 conﬁtetur.
3049 3920 3121 3977 Et
3175 3920 3471 3976 verborum
3522 3919 3595 3975 in.

2006 4008 2381 4064 testimonium
2415 4023 2430 4062 :
2467 4008 2622 4063 multi
2652 4010 2875 4080 quidem
2903 4010 3167 4069 dehisce
3196 4014 3363 4069 rebus
3397 4022 3579 4079 antea,

2005 4107 2063 4152 ct
2097 4115 2245 4155 nunc
2274 4100 2543 4184 viri‘clari
2561 4103 2804 4173 bonique
2837 4114 2894 4160 et
2933 4104 3151 4163 dicendi
3183 4106 3409 4162 solertes
3432 4108 3583 4162 dixe-

2006 4201 2135 4248 runt
2169 4194 2395 4250 :nullus
2442 4204 2627 4250 autem
2656 4211 2840 4251 rerum
2870 4197 3261 4256 sublimitatem
3300 4209 3584 4257 assecutus

2007 4293 2113 4340 est.
2158 4285 2393 4343 Maxime
2435 4287 2695 4344 nimirum
2726 4304 2970 4361 congrua
2991 4334 3004 4354 .
3037 4302 3200 4363 prout
3238 4292 3296 4346 in
3329 4292 3437 4347 illis
3465 4302 3587 4349 erat

2009 4364 2175 4435 verba
2199 4378 2399 4445 fecere,
2434 4389 2635 4436 etcum
2657 4382 2815 4436 Ὀπιιηί
2845 4382 3129 4454 diligentia
3160 4392 3579 4455 processerunt,

2010 4482 2276 4542 quantum
2307 4474 2593 4565 contendit
2616 4473 2856 4530 humana
2884 4475 3139 4543 facultas,
3169 4476 3421 4547 dignitati
3455 4491 3584 4531 vero

326 4563 499 4637 ἦλθον
535 4565 635 4635 τῆς
670 4566 982 4636 ἀκριϐείας,
1035 4569 1161 4622 ὅσον
1219 4570 1527 4637 ἀνθρώπων
1556 4570 1789 4641 δύναμις
1821 4570 1896 4624 τέε

2013 4566 2364 4636 οάεεηυοηιιεο
2416 4563 2580 4622 nemo
2603 4583 2841 4638 unquam
2871 4568 3107 4625 idoneus
3156 4569 3389 4631 exstitit,
3426 4569 3585 4624 factis

330 4676 520 4724 ταται,
554 4658 840 4728 πληρῶσαι
877 4660 935 4714 δὲ
967 4659 1065 4730 τὴν
1096 4661 1255 4726 ἀξίαν
1293 4662 1473 4726 οὐδεὶς
1501 4662 1714 4716 οὐδέπω
1748 4663 1908 4716 δυνα-

331 4753 423 4813 τὸς
456 4749 764 4820 κατεφάνη,
816 4751 1232 4822 ὑπερκειμένων
1268 4755 1359 4806 ἀεὶ
1404 4754 1512 4806 τῶν
1561 4755 1909 4824 πραγμάτων

334 4845 431 4895 καὶ
459 4843 589 4905 τοὺς
616 4842 807 4910 λόγους
839 4848 1015 4914 χαμαὶ
1065 4844 1271 4916 βαίνειν
1323 4846 1565 4903 ἐώντων.
1597 4847 1763 4904 Ὅσον
1798 4850 1909 4918 γὰρ

335 4937 524 4989 ἐκεῖνα
557 4933 877 5003 δυσέφικτα,
904 4936 1161 4990 τοσοῦτον
1189 4940 1285 4992 καὶ
1312 4938 1392 5010 τῷ
1412 4939 1637 5015 λέγοντι
1656 4941 1718 4994 τὸ
1747 4940 1911 4994 ἀσθε-

336 5031 429 5094 νές
490 5030 854 5100 περιγίνεται.
923 5032 1105 5102 Χωρὶς
1159 5031 1217 5086 δὲ
1258 5034 1488 5096 τούτων.
1528 5029 1573 5089 ὦ
1627 5035 1769 5098 θεῖος
1802 5035 1910 5088 τῶν

338 5126 711 5195 παρεστώτων
773 5123 958 5194 χορὸς,
1014 5125 1336 5206 μικράκμὲν
1378 5128 1507 5181 ὅταν
1534 5128 1674 5182 εἴπω
1701 5128 1816 5200 (5⁸5)
1844 5129 1914 5182 τὰ

341 5216 717 5287 ῥηθησόμενα,
753 5200 1065 5284 συγκρίνων
1086 5200 1238 5272 αὐτὰή
1258 5218 1395 5289 πρὸς
1422 5220 1523 5290 τὴν
1553 5221 1684 5292 ὃλην
1712 5220 1917 5275 θάλασ-

341 5326 442 5361 σαν
490 5309 601 5360 τῶν
651 5307 858 5371 καλῶν,
890 5307 1035 5377 λέγω
1078 5309 1296 5379 μικρά⁹
1343 5310 1466 5364 ἐπεὶ
1524 5311 1619 5365 καὶ
1667 5312 1841 5377 ταῦτ’,
1865 5312 1915 5365 εί

340 5402 463 5457 καθ’
496 5401 635 5453 αὐτὰ
663 5400 943 5470 θεωροῖτο,
971 5403 1186 5471 μεγάλα
1209 5402 1268 5455 τέ
1298 5405 1438 5466 ἐστι,
1474 5404 1569 5455 καὶ
1599 5405 1765 5474 μέρος
1789 5405 1915 5458 τού-

339 5513 448 5548 των
480 5493 680 5565 βραχύ,
707 5494 781 5563 μὴ
805 5494 887 5546 ὃτι
912 5510 978 5561 γε
1011 5494 1081 5548 τὰ
1106 5495 1287 5549 πάντα
1310 5497 1750 5567 συνηθροισμένα
1771 5536 1785 5560 ,
1822 5499 1919 5551 καὶ

340 5584 435 5638 τοῦ
471 5584 708 5655 μάλιστα
739 5583 1202 5656 φιλοτιμουμένου
1237 5586 1475 5657 ἤρκεσεν
1498 5586 1563 5640 ἂν
1585 5590 1666 5650 είς
1689 5588 1917 5642 ἔπαινον

412 5767 525 5827 (32)
562 5764 792 5820 Videtur
845 5780 1043 5837 nomen
1094 5767 1305 5830 deesse,
1354 5768 1503 5837 quod
1533 5765 1702 5821 fuerit
1760 5768 1914 5821 verbi

346 5838 783 5902 ὐπερηκόντισας
832 5836 1101 5905 regimen.
1160 5836 1537 5908 CbrysoStomi
1593 5838 1794 5893 liotnil.
1843 5855 1913 5903 ιν,

2012 4672 2207 4731 nempe
2234 4674 2453 4730 semper
2476 4661 2914 4729 praecellentibus
2947 4673 3003 4716 et
3024 4661 3190 4716 verba
3212 4661 3365 4715 humi
3393 4674 3605 4729 repere.

2012 4752 2355 4822 cogentibus.
2405 4752 2679 4820 Quantum
2736 4753 2839 4809 ista
2879 4764 3013 4808 sunt
3052 4752 3583 4816 accessu.~.diiiicilia,

2016 4852 2228 4898 tantum
2279 4854 2335 4899 et
2396 4860 2493 4899 sua
2570 4843 2776 4899 dicenti
2847 4844 3159 4901 innotescit.
3215 4844 3585 4900 imbecillitas.

2015 4935 2218 4992 Praeter
2253 4936 2359 5004 his,
2390 4952 2423 4991 o
2476 4937 2662 4993 divina
2699 4938 3247 4999 astantiumcorona.
3276 4939 3437 4993 exilia
3465 4955 3589 4995 esse

2013 5044 2138 5084 cum
2167 5028 2285 5083 dixi
2308 5045 2431 5100 qua:
2461 5038 2932 5085 narraturussum
2960 5030 3074 5085 hmc
3103 5030 3440 5086 conferendo
3460 5047 3588 5086 cum

2014 5131 2129 5179 toto
2178 5123 2440 5179 decorum
2481 5123 2706 5178 flumine
2731 5162 2745 5186 ,
2789 5137 2959 5192 pauca
3016 5122 3177 5188 dico,
3211 5138 3337 5177 cum
3383 5124 3498 5189 illa,
3540 5124 3587 5177 si

2015 5216 2245 5272 seorsim
2278 5214 2678 5278 examinentur,
2709 5229 2898 5284 magna
2929 5214 3094 5270 etiam
3139 5204 3290 5279 sunt,
3340 5226 3396 5269 et
3431 5214 3592 5268 mini-

2015 5326 2156 5364 mam
2192 5308 2410 5363 illorum
2460 5315 2693 5376 partem,
2739 5322 2849 5361 non
2880 5306 3002 5362 dico
3030 5307 3213 5362 omnia
3240 5316 3589 5377 congregata,

2017 5416 2177 5456 nemo
2241 5408 2326 5455 est
2379 5398 2472 5467 qui
2527 5396 2772 5468 perfecto
2833 5398 3060 5453 laudare
3092 5399 3346 5454 studeat:
3399 5398 3588 5467 itaque

2020 5508 2127 5547 non
2180 5490 2314 5546 illud
2363 5499 2569 5555 metuo,
2613 5506 2681 5545 nc
2717 5490 2880 5546 rebus
2933 5491 3223 5547 audiendis
3286 5491 3596 5560 indigentes

2020 5590 2147 5654 (non
2210 5584 2314 5637 boc
2341 5583 2601 5653 cogitabit
2631 5582 2967 5654 quisquam),
3005 5584 3097 5639 sed
3133 5584 3316 5653 potius
3361 5598 3430 5637 ne
3462 5597 3611 5639 cunt

2023 5777 2152 5818 tom.
2194 5764 2235 5825 1,
2268 5778 2322 5830 p.
2358 5760 2448 5817 46.

2095 5835 2206 5905 (55)
2240 5832 2486 5902 Respicit
2513 5831 2662 5903 quod
2688 5831 2853 5888 modo
2877 5831 3037 5887 dixit.
