3894 6366
290 358 399 412 3¹ιδ

1278 352 1602 424 GEORGII
1643 362 1903 423 CYPRII
1942 363 2053 425 (ΖΡ.
2098 355 2621 423 PATRIARCILE

3430 354 3540 416 376

288 465 489 520 rectius
516 466 729 533 loquar,
764 471 947 520 vertex
1009 473 1168 522 terra:
1197 484 1319 537 quae
1375 473 1477 525 sub
1536 473 1679 528 cmlo
1708 473 1854 543 jacet

1971 474 2362 544 παρανάλωμα,
2396 471 2492 524 καὶ
2545 469 2798 538 πήρωσιν
2830 466 2860 518 ὁ
2908 462 3006 526 τῆς
3037 425 3540 536 οἰκουμένηςδὲχε.

286 554 524 624 eiicitur,
560 565 616 609 et
645 565 880 624 pereunt
931 570 1125 612 omnes
1153 559 1405 615 civitates
1437 564 1553 617 sive
1587 565 1637 616 in
1669 565 1855 618 contio

285 657 471 714 nente,
508 646 623 702 sive
684 647 737 701 in
782 647 965 703 medio
997 651 1155 717 mari,
1191 667 1551 723 quascunque
1611 655 1859 710 incolunt

284 740 540 795 homines
572 757 588 796 :
618 748 673 795 et
703 741 1048 810 perturbatio
1076 752 1133 797 et
1170 744 1421 798 confusio
1450 753 1505 798 et
1548 746 1853 805 innovatio.

285 838 342 884 et
367 832 411 884 si
443 830 573 899 quid
613 830 764 885 aliud
794 838 995 900 praeter
1025 832 1342 901 Opinionem
1375 837 1468 899 sit,
1497 836 1709 891 invadit
1741 853 1858 891 om-

286 923 407 988 nia;
438 933 493 976 et
519 922 721 978 cmlum
763 937 829 978 ex
863 921 995 986 alto,
1034 932 1093 977 ut
1140 924 1357 993 opinor,
1395 934 1656 981 cruentas
1691 925 1860 980 mittit

285 1016 500 1081 stellas,
531 1023 588 1069 et
610 1014 787 1084 gemit
814 1024 1093 1070 astrorum
1127 1016 1353 1080 chorus,
1395 1025 1452 1070 et
1498 1017 1858 1071 tenebraslu-

285 1125 378 1168 na.
400 1108 649 1163 ﬂentium
676 1123 850 1171 more,
879 1107 1048 1175 subit,
1078 1116 1134 1164 et
1163 1109 1244 1164 sol
1280 1108 1509 1179 frigidos
1553 1125 1720 1181 super
1749 1121 1857 1166 ter-

287 1215 403 1253 ram
441 1201 623 1254 radios
658 1200 888 1263 emittit,
923 1210 1038 1266 aut,
1100 1210 1161 1255 ut
1219 1201 1426 1256 rectius
1480 1201 1694 1272 loquar,
1750 1219 1859 1257 non

284 1295 469 1349 emisit
519 1294 766 1359 omnino,
799 1304 1110 1352 commotus
1169 1304 1222 1351 et
1256 1297 1372 1366 ipse
1401 1296 1556 1352 clade
1585 1296 1856 1361 civitatis;

288 1384 511 1455 insuper
539 1384 662 1440 mo'x
694 1395 840 1442 terra
896 1386 1168 1457 immugit,
1204 1401 1301 1441 aer
1355 1387 1509 1456 quasi
1546 1388 1720 1443 tristis
1751 1390 1861 1442 alte

289 1474 598 1530 infnscatus
627 1484 737 1545 est,
768 1486 825 1532 et
893 1492 1045 1531 mare
1106 1486 1261 1532 extra
1307 1477 1530 1533 solitum
1586 1479 1856 1543 aestuavit,

288 1566 442 1631 quasi
475 1566 845 1625 calamitatem
875 1576 1121 1635 nostram
1147 1584 1258 1625 non
1300 1570 1597 1636 sustineat,
1626 1579 1858 1626 conten-

288 1656 424 1711 dens
453 1657 520 1711 ad
562 1660 731 1714 alium
779 1659 1065 1718 locum'ac
1097 1648 1261 1732 quem
1316 1672 1552 1733 occupat
1608 1665 1863 1720 transmi-

291 1766 449 1820 grare
485 1772 500 1808 :
549 1770 661 1810 non
698 1759 848 1812 enim
890 1756 1177 1813 tolerabile
1214 1768 1335 1813 erat
1385 1766 1545 1813 terrai
1578 1773 1864 1814 ornamen-

291 1851 407 1896 tum
436 1845 526 1900 tali
558 1846 792 1903 fortunae
825 1862 948 1915 esse
997 1849 1322 1912 obnoxium,
1384 1864 1487 1903 nec
1544 1849 1856 1915 videbatur,
1896 1831 1964 1922 Β,

291 1934 514 1991 civitate
537 1938 906 2007 periclitante,
968 1939 1175 2009 aliquid
1200 1940 1417 2010 etquod
1447 1940 1593 1995 inter
1615 1941 1863 1996 homines

292 2024 453 2079 solita
477 2036 625 2090 sunt,
667 2029 886 2084 evenire
938 2047 952 2085 :
991 2039 1251 2086 caeterum
1286 2030 1580 2101 oportebat
1615 2031 1751 2086 illud
1809 2040 1864 2086 et

291 2129 419 2169 rem
444 2115 755 2186 impellebat
786 2120 1034 2190 quamam
1060 2121 1379 2185 necessitas.
1404 2137 1513 2192 qua
1546 2123 1624 2178 nil
1668 2122 1864 2177 dicunt

291 2222 411 2264 esse
450 2209 787 2277 violentius;
835 2222 893 2268 et
938 2213 1120 2283 reipsa
1176 2214 1414 2272 accedit.
1470 2214 1767 2285 Postquam
1805 2215 1859 2268 in

291 2300 690 2359 desolationem
719 2305 927 2372 subito,
960 2307 1115 2377 juxta
1176 2306 1377 2362 Psalmi
1412 2306 1605 2373 verba,
1658 2307 1858 2363 civitas

293 2389 508 2457 incidit,
537 2404 594 2449 et
624 2395 766 2451 nihil
798 2412 866 2453 ex
906 2397 1017 2453 his’
1049 2414 1170 2468 qua:
1204 2398 1257 2453 in
1311 2414 1373 2453 ea
1424 2408 1583 2454 erant
1640 2400 1861 2465 mansit,

293 2484 387 2540 ubi
411 2483 536 2550 fuit,
577 2488 997 2558 perturbatione
1079 2504 1188 2561 qua
1243 2491 1391 2546 illam
1433 2492 1486 2547 in
1544 2492 1702 2563 pejus
1751 2493 1863 2563 egit

291 2578 610 2645 perturbata
650 2589 772 2646 est;
803 2591 858 2636 et
890 2581 981 2636 illa
1019 2582 1238 2652 templa,
1299 2582 1502 2653 quibus
1535 2584 1861 2654 pulchriora

291 2683 395 2724 nec
434 2670 580 2726 oculi
615 2686 853 2740 unquam
880 2672 1090 2739 videre,
1123 2688 1223 2728 nec
1253 2672 1473 2729 auditus
1498 2674 1717 2741 audire,
1752 2675 1863 2730 imo

240 2780 243 2785 ·
291 2776 396 2817 nec
437 2764 654 2818 animus
687 2763 893 2835 lingere
921 2779 1031 2820 non
1061 2765 1330 2831 valerent,
1376 2766 1592 2822 directa
1634 2767 1859 2836 ferunt;

291 2854 438 2914 mdes
465 2855 696 2928 publica:
710 2872 774 2913 ac
790 2858 1103 2929 populares,
1123 2874 1247 2930 quae
1265 2859 1512 2919 animum
1534 2862 1864 2931 spectatoris

291 2951 584 3021 splendore
611 2952 935 3022 pascebant,
982 2962 1168 3010 stratae
1216 2953 1481 3019 fuerunt;
1516 2948 1861 3010 lavhrorum

291 3043 512 3099 luxuria
534 3053 592 3099 et
621 3046 918 3101 varietates
933 3045 1249 3116 porticuum
1280 3046 1374 3114 qui
1398 3046 1643 3116 undique
1667 3047 1861 3101 urbem

293 3135 635 3204 dividebant,
680 3148 848 3207 atque
907 3149 1059 3210 septa
1126 3149 1182 3196 et
1260 3140 1365 3195 fori
1433 3141 1648 3209 species
1708 3140 1931 3235 humic

293 3241 655 3298 corruerunt;
688 3232 827 3287 nihil
861 3233 1132 3302 reliquum
1182 3242 1266 3287 est
1293 3231 1484 3287 videre
1536 3232 1641 3287 nisi
1699 3232 1862 3288 rude-

294 3338 415 3378 rum
448 3324 713 3389 tumulos,
745 3326 835 3394 qui
857 3323 1125 3379 inducunt
1152 3325 1239 3379 hic
1269 3324 1438 3380 fuisse
1466 3325 1743 3380 civitatem
1774 3341 1866 3381 co-

292 3416 489 3489 gitare.
528 3417 825 3487 Postquam
860 3419 932 3473 ita
965 3433 1023 3473 se
1058 3432 1147 3472 res
1174 3416 1511 3485 habuerunt,
1537 3427 1690 3473 tuum
1726 3433 1866 3488 opus

292 3519 470 3564 erata
500 3510 644 3565 coelo
673 3509 1033 3577 destinatum,
1089 3517 1146 3565 et
1188 3511 1366 3564 honor
1400 3510 1593 3565 urbem
1626 3511 1865 3580 primum

294 3603 606 3657 instaurare
628 3610 684 3657 et
725 3601 792 3655 ad
830 3601 1123 3671 pristinum
1144 3602 1377 3657 reddere
1430 3613 1656 3658 statum.
1687 3601 1865 3673 Opor—

296 3691 444 3745 tebat
477 3705 607 3746 sane
637 3690 691 3745 in
732 3691 993 3762 regalium
1022 3705 1207 3745 rerum
1246 3690 1510 3745 ditionem
1546 3689 1781 3755 venisse,
1811 3696 1867 3743 et

297 3784 498 3839 throno
528 3784 680 3854 regio
740 3782 1011 3840 insedisse
1036 3783 1129 3853 qui
1165 3793 1291 3838 ante
1321 3790 1564 3853 tempore
1616 3783 1866 3835 innume-

294 3876 584 3931 rabiliaad
614 3876 718 3931 hoc
740 3874 1169 3947 praedestinatus
1189 3884 1296 3941 est,
1315 3883 1367 3929 et
1401 3874 1564 3929 simul
1589 3871 1738 3943 quod
1766 3887 1869 3927 nu-

293 3983 394 4039 per
421 3973 479 4024 in
513 3983 770 4024 sermone
823 3967 962 4034 dixi,
1006 3966 1219 4023 scilicet
1258 3975 1311 4020 te
1365 3965 1527 4035 regia:
1582 3964 1869 4034 potestatis

296 4072 580 4135 unguento
624 4061 848 4119 unicum
880 4059 1073 4125 fuisse,
1107 4068 1168 4114 ut
1229 4074 1337 4113 non
1392 4057 1625 4128 quilibet
1678 4057 1863 4120 homo,

296 4156 649 4213 manifestum
677 4155 819 4211 bene
857 4160 941 4209 est
975 4159 1032 4208 et
1055 4151 1264 4207 alvum
1294 4150 1547 4206 veritate.

1959 584 2049 621 ται
2075 563 2381 634 ὀφθαλμὸς,
2411 563 2470 633 ἢ,
2504 560 2704 630 μᾶλλον
2741 559 2938 621 εἰπεῖν,
2970 560 3024 628 ή-
3051 560 3268 627 κορυφή
3312 557 3412 626 τῆς
3444 560 3537 612 ὑπ’

1959 656 2189 727 οὐρανὸν
2216 655 2553 724 ἀφαιρεῖται,
2582 651 2678 705 καὶ
2703 648 2990 719 νεκροῦται
3014 649 3116 703 ὅσα
3132 647 3241 701 τῶν
3267 648 3539 719 πολισμά-

1959 765 2069 800 των
2101 748 2211 801 εἴτε
2240 745 2367 799 κατ’
2384 745 2631 815 ἤπειρον,
2671 742 2781 796 εἴτε
2810 742 2907 795 καὶ
2951 743 3095 795 κατά
3126 740 3298 811 μέσην
3336 741 3539 796 θάλατ-

1957 857 2058 894 ταν
2081 840 2295 908 ἔχουσιν
2335 836 2634 907 ἄνθρωποι,
2665 836 2762 889 καὶ
2784 834 2981 900 ἀταξία
3007 836 3103 887 καὶ
3143 834 3406 906 σύγχυσις
3436 837 3531 890 καὶ

1958 930 2301 1001 καινοτομία,
2335 931 2429 985 καὶ
2450 930 2504 983 εἴ
2529 946 2580 981 τι
2605 928 2793 994 ’ἕτερον
2839 927 2948 980 τῶν
2979 928 3323 996 παραδόξων,
3356 945 3533 980 κατα-

1960 1024 2227 1092 λαμϐάνει
2283 1023 2346 1077 τὸ
2382 1023 2525 1076 πᾶνα
2560 1021 2654 1074 καὶ
2705 1020 2936 1091 οὐρανὸς
2967 1020 3196 1084 ἀνωθεν,
3229 1021 3303 1084 ὡς
3349 1016 3531 1090 οἴμαι,

1960 1117 2275 1186 αἱματηρὰς
2304 1115 2514 1185 πέμπει
2552 1117 2819 1182 σταγόνας
2853 1113 2991 1183 ('58),
3043 1114 3141 1167 καὶ
3189 1114 3348 1185 χορὸς
3378 1115 3537 1168 ἀστέ-

1963 1225 2072 1278 ρων
2106 1208 2313 1280 θρηνεί,
2344 1208 2438 1260 καὶ
2485 1208 2677 1268 σκότος
2708 1209 2740 1277 ἡ
2782 1206 2980 1277 σελήνη
3012 1206 3163 1277 νόμῳ
3193 1205 3536 1259 πενθούντων

1962 1301 2278 1371 ὑπέρχεται,
2306 1301 2399 1355 καὶ
2429 1301 2458 1352 ὁ
2483 1299 2773 1369 φωσφόρος
2818 1302 3059 1366 στυγνὰς
3084 1298 3225 1351 κατὰ
3252 1298 3357 1367 γῆς
3384 1297 3534 1351 ἀκτί-

1961 1409 2057 1456 νας
2089 1391 2335 1461 ἀφίησιν,
2391 1393 2445 1462 ἢ,
2503 1391 2706 1463 μᾶλλον
2736 1390 2937 1456 εἰπεῖν,
2994 1390 3106 1445 οὐδ’
3132 1390 3348 1461 ἀφῆκεν
3373 1389 3530 1455 ὅλως,

1961 1482 2249 1546 πεπονθὼς
2286 1472 2379 1537 καὶ
2429 1483 2592 1546 αὐτὸς
2650 1483 2786 1554 πρὸς
2830 1483 2893 1534 τὸ
2920 1481 3091 1545 πάθος
3146 1485 3247 1550 τῆς
3293 1483 3531 1545 πόλεως·

1962 1574 2048 1645 ἐφ’
2071 1572 2152 1639 οἷς
2175 1575 2314 1645 τάχα
2349 1576 2444 1628 καὶ
2497 1578 2566 1644 γῆ
2623 1574 2721 1643 μὲν
2752 1575 3086 1644 ἐμυκήσατο,
3120 1573 3227 1644 ἀὴρ
3256 1573 3311 1626 δὲ
3344 1572 3535 1643 ὥσπερ

1964 1667 2247 1737 κατηφιῶν
2281 1670 2339 1729 ἐς
2370 1666 2533 1735 βάθος
2568 1666 2855 1730 τεθόλωτο,
2895 1665 2989 1717 καὶ
3020 1664 3266 1719 θάλασσα
3298 1664 3449 1735 παρά
3474 1664 3536 1715 τὸ

1964 1757 2155 1819 είωθδς
2182 1757 2506 1822 ὲπωρίνετο,
2555 1756 2746 1826 ὥσπερ
2804 1757 2879 1824 μὴ
2938 1756 3211 1824 δυναμένη
3268 1755 3404 1822 πρὸς
3435 1754 3534 1824 τὴν

1967 1847 2256 1916 συμφορὰν
2288 1846 2422 1915 (59),
2463 1847 2600 1917 πρὸς
2639 1845 2695 1899 δὲ
2717 1845 2886 1898 τόπον
2938 1844 3149 1915 ἕτερον,
3200 1844 3317 1897 ἀνθ’
3363 1844 3535 1915 οὗπερ

1965 1941 2101 2010 ἔχει,
2128 1937 2562 2008 μεταναστεῦσαι
2586 1937 2973 2006 φιλονεικοῦσα
2991 1952 3005 1966 ’
3036 1936 3159 1990 οῦδὲ
3174 1938 3284 2005 γὰρ
3311 1932 3385 2006 ἦν
3404 1938 3536 1989 ἀνα-

1966 2036 2155 2105 σχετὸν
2184 2032 2246 2085 τὸ
2282 2031 2505 2100 ἄγαλμα
2553 2033 2653 2099 τῆς
2686 2031 3015 2099 οίκουμὲνης
3060 2031 3165 2083 ὑπὸ
3194 2022 3408 2086 τοιάνδε
3441 2032 3532 2085 τύ·

1964 2143 2067 2196 χην
2094 2126 2247 2194 ὁρᾷν,
2283 2123 2391 2176 οὐδ’
2419 2124 2596 2177 ἐδόκει
2630 2141 2682 2177 τι
2703 2122 2809 2176 τῶν
2845 2122 2967 2176 κατ’
2994 2123 3318 2194 ἀνθρώπους
3348 2124 3534 2177 είωθό·

1963 2234 2070 2271 των
2111 2213 2838 2286 συμϐαίνειν,’ἀλισκομὲνης
2863 2216 2961 2285 τῆς
2987 2216 3196 2280 πόλεως
3214 2233 3228 2249 ο
3254 2216 3394 2288 πλὴν
3424 2218 3533 2271 ἔδει

1964 2310 2239 2377 γενέσθαι,
2302 2311 2399 2363 καὶ
2452 2308 2669 2378 ἀνάγκη
2721 2324 2807 2372 τις
2844 2311 3020 2363 ἐκίνει
3069 2310 3129 2364 τὸ
3182 2314 3436 2381 πρᾶγμα,
3466 2308 3533 2383 ἦς

1963 2400 2117 2453 οὐδὲν
2176 2400 2309 2469 φασὶ
2360 2397 2700 2469 βιαιότερονο
2762 2401 2857 2453 καὶ
2900 2400 3087 2469 μέντοι
3139 2401 3233 2454 καὶ
3286 2402 3532 2469 γέγονεν.

1977 2492 2131 2545 Ἐπεὶ
2160 2492 2204 2545 δ’
2237 2493 2456 2561 ιγένετο
2484 2493 2579 2547 καὶ
2610 2495 2691 2556 είς
2714 2494 2993 2563 ἐρήμωσιν
3038 2494 3288 2559 ἐξάπινα,
3330 2494 3536 2565 ψαλμι-

1965 2582 2078 2645 κῶς
2105 2584 2301 2648 είπείν,
2324 2584 2394 2638 τά
2422 2585 2521 2653 τῆς
2547 2583 2756 2647 πόλεως
2786 2580 2943 2655 ἦλθε,
3002 2585 3096 2639 καὶ
3138 2585 3290 2637 οὐδὲν
3318 2585 3427 2639 τῶν
3474 2588 3536 2639 ὲν

1965 2674 2102 2745 αὐτῇ
2139 2674 2448 2745 μεμένηκεν
2481 2675 2568 2744 ἐφ’
2591 2670 2743 2744 ᾧπερ
2790 2677 3077 2746 ἐτύγχανε,
3134 2678 3346 2747 κίνησιν
3375 2678 3430 2730 δὲ
3465 2680 3534 2732 τά

1968 2766 2145 2822 πάντα
2178 2767 2436 2838 κεκίνητο
2482 2767 2583 2837 τήν
2637 2767 2733 2821 ἐπὶ
2765 2768 2825 2820 τὸ
2877 2771 3091 2837 χεῖρον,
3139 2770 3232 2822 καὶ
3264 2771 3383 2823 ναοὶ
3434 2772 3534 2839 μὲν

1963 2860 2187 2926 ἐκεῖνοι,
2229 2852 2304 2913 ὧν
2355 2860 2565 2914 καλλίω
2621 2860 2737 2914 οὒτ’
2769 2860 3037 2929 ὀφθαλμοὶ
3066 2861 3166 2913 οὐκ
3211 2860 3370 2931 ἔσχον
3404 2863 3535 2916 ἰδεῖν

1963 2954 2225 3026 οὐδαμοῦ,
2262 2952 2374 3007 οὔτ’
2409 2953 2548 3025 ἀκοή
2576 2954 2831 3018 ἀκοῦσαι,
2859 2953 2972 3007 ἀλλ’
2997 2956 3113 3008 οὐδὲ
3145 2956 3270 3019 νοῦς
3294 2957 3536 3011 ἀναπλά-

1966 3045 2188 3113 σασθαι,
2229 3047 2710 3116 κατεστράφησαν,
2762 3047 3046 3117 οἰκοδομαί
3093 3046 3151 3100 δὲ
3182 3046 3441 3117 δημόσιαί
3473 3064 3533 3101 τε

1965 3140 2060 3193 καὶ
2087 3139 2402 3211 δημοτικαί,
2431 3139 2689 3193 ἐστιῶσαι
2723 3140 2818 3193 καλ⁴
2847 3139 2938 3193 τὸν
2969 3138 3169 3209 θεατὴν
3211 3142 3276 3211 τῇ
3308 3140 3534 3211 φαιδρό-

1964 3218 2109 3302 τητι,
2153 3230 2591 3303 κατεϐλήθησαν,
2656 3231 2937 3302 λουτήρων
2972 3232 3029 3285 δὲ
3085 3231 3389 3302 άόρότητες
3438 3224 3535 3286 καί).

1966 3320 2233 3376 ποικιλίαι
2266 3338 2436 3374 στοων
2462 3318 2780 3391 ἁπανταχοῦ
2809 3320 3185 3392 μεριζομένων
3206 3320 3299 3375 τοῦ
3321 3323 3533 3386 ἄστεος,

1967 3413 2056 3464 καὶ
2088 3411 2386 3478 περίϐολοι,
2415 3412 2510 3464 καὶ
2541 3412 2746 3483 ἀγορᾶς
2798 3413 3017 3483 σχῆμα,
3057 3413 3200 3465 κατὰ
3233 3414 3334 3481 γῆς
3369 3413 3540 3485 ἤχθη-

1970 3523 2087 3569 σαν,
2133 3504 2494 3557 ἀπολέλειπτο
2549 3504 2605 3557 δὲ
2662 3504 2825 3570 μόνον
2880 3504 3143 3568 ἐρειπίων
3176 3505 3313 3576 ὀρᾷν
3370 3505 3542 3558 κολω-

1968 3595 2091 3656 νοῦς
2125 3595 2260 3663 (40),
2309 3594 2462 3647 πόλιν
2518 3588 2660 3644 εἶναί
2717 3610 2845 3646 ποτε
2882 3593 3055 3646 ταῦτα
3117 3593 3540 3660 συλλογίσασθαι

1975 3689 2411 3759 παρεχομένουςο
2436 3685 2625 3755 ἐπειδὴ
2645 3683 2787 3739 οὕτω
2813 3684 2971 3738 ταῦτ’
2991 3686 3139 3754 ἔσχε,
3166 3688 3255 3739 σὺν
3277 3684 3345 3756 ἦν
3377 3687 3541 3757 ἔργον

1974 3779 2183 3834 ἀνωθεν
2235 3777 2798 3846 ἀποτεταμιευμένον,
2857 3776 3079 3845 ἀξίωμά
3113 3794 3172 3828 τε
3235 3778 3296 3829 τὸ
3328 3778 3542 3847 πρῶτον

1973 3876 2072 3942 τὴν
2093 3874 2247 3926 πόλιν
2274 3872 2564 3927 ἀναλαϐεῖν
2595 3871 2691 3925 καὶ
2721 3873 2855 3940 πρὸς
2887 3872 2987 3939 τήν
3018 3871 3256 3941 ἀρχαίαν
3285 3871 3543 3940 γενέσθαι

1976 3969 2332 4024 κατάστασιν.
2373 3966 2575 4036 Ἐχρῆν
2598 3965 2707 4035 γὰρ
2727 3964 2804 4028 ὡς
2840 3964 3062 4032 ἀληθῶς
3091 3966 3186 4018 καὶ
3226 3965 3336 4019 τῶν
3391 3965 3541 4034 βασι-

1974 4058 2132 4112 λείων
2165 4059 2225 4110 ἐν
2262 4056 2591 4125 κατασχέσει
2622 4054 2874 4122 γενέσθαι
2918 4056 3017 4107 καὶ
3053 4053 3151 4108 τοῦ
3182 4053 3376 4125 θρόνου
3408 4055 3544 4109 καθ-

1975 4148 2159 4218 ιζῆσαι
2180 4148 2281 4215 τῆς
2304 4145 2584 4216 βασιλείας
2626 4143 2783 4214 (40⁸),
2812 4143 2867 4205 ὃς
2898 4144 2993 4197 καὶ¹
3023 4145 3129 4213 πρὸ
3149 4144 3360 4215 χρόνων
3385 4143 3542 4199 ἀπείο

302 4273 410 4329 ρων
438 4256 517 4317 είς
540 4254 701 4308 τοῦτο
734 4250 1010 4322 προώρισο
1031 4265 1046 4280 ⁸
1089 4250 1186 4303 καὶ
1216 4248 1331 4315 ἅμα
1363 4250 1391 4299 ὁ
1420 4249 1528 4316 πρὸ
1587 4247 1791 4320 μικροῦ
1820 4263 1912 4316 μοι
1950 4246 2106 4313 λόγος
2138 4243 2347 4314 ῥηθεὶς,
2422 4242 2482 4294 σὲ
2511 4239 2588 4308 τῷ
2618 4240 2712 4309 τῆς
2744 4238 3017 4308 βασιλείας
3052 4238 3209 4309 μύρῳ
3259 4237 3542 4309 χρισθῆναν

298 4352 374 4415 ὡς
396 4350 571 4415 οὐδεὶς
593 4347 898 4419 ἀνθρώπων
926 4345 1206 4406 οὐδέποτε,
1238 4344 1398 4414 δῆλός
1435 4347 1585 4396 ἐστιν
1618 4343 1756 4414 ἔχων
1779 4342 1960 4405 καλῶς
1997 4341 2097 4395 καὶ
2126 4338 2364 4409 ἀληθείᾳ
2385 4335 2724 4406 σωζόμενος.

367 4445 439 4501 Et
486 4454 751 4517 praeterea
779 4444 897 4513 ipsa
943 4439 1081 4497 facta
1126 4439 1423 4495 verborum
1470 4440 1867 4517 confirmarunt

2050 4435 2161 4488 Kal.
2205 4434 2270 4503 δὴ
2328 4433 2468 4486 αὐτά
2504 4449 2594 4501 μοι
2643 4430 2713 4483 τὰ
2747 4428 3054 4500 πράγματα
3098 4427 3209 4480 τῶν
3240 4426 3548 4498 λεγομένων

300 4515 613 4600 veritatem.
644 4538 852 4608 Regum
883 4535 1030 4592 enim
1078 4534 1171 4604 qui
1232 4534 1552 4604 priusquam
1611 4515 1675 4587 tu.
1707 4532 1873 4585 exsti-

306 4640 515 4699 terunt,
550 4629 643 4686 alii
682 4627 1000 4683 incolebant
1027 4625 1332 4685 civitatem,
1383 4633 1546 4692 atque
1581 4620 1791 4676 divitiis
1822 4631 1878 4678 et

305 4727 480 4799 copiis
526 4720 832 4780 innumeris
862 4730 917 4776 et
943 4717 1203 4773 omnibus
1228 4730 1351 4786 quae
1403 4715 1470 4768 ad
1525 4712 1731 4768 bellum
1790 4711 1880 4767 in-

305 4820 553 4875 serviunt
579 4814 912 4875 dililucntes,
938 4809 1252 4866 invasiones
1287 4805 1562 4860 faciebant
1602 4815 1659 4859 et
1694 4804 1879 4859 incur-

308 4914 516 4975 siones,
552 4910 691 4964 etin
729 4905 997 4961 ditionem
1020 4902 1259 4971 aliquam
1275 4906 1496 4971 gentem
1531 4896 1875 4965 redigebant;

306 5014 360 5061 et
392 5003 616 5073 quidem
651 5001 767 5055 hzec
796 4996 1029 5065 agebant
1080 4994 1170 5064 qui
1204 4991 1439 5046 maxime
1470 4990 1716 5043 omnium
1751 5003 1882 5057 Ope-

311 5095 463 5149 ribus
500 5090 675 5148 inllati
715 5099 900 5144 sunt:
955 5084 1047 5139 alii
1074 5098 1229 5147 vero,
1294 5080 1623 5136 habitabant
1687 5088 1743 5134 et
1802 5077 1879 5131 illi

309 5187 557 5243 eamdem
591 5197 657 5237 ac
696 5181 746 5237 ei
781 5178 1086 5240 civitatem,
1135 5174 1231 5229 sed
1269 5188 1376 5227 non
1409 5170 1670 5226 volebant
1718 5168 1883 5239 quid-

313 5296 477 5352 quam
506 5285 602 5333 aut
630 5289 791 5345 agere
822 5282 917 5326 aut
973 5268 1309 5335 excogitare,
1382 5263 1514 5318 illud
1573 5261 1708 5349 satis
1759 5274 1881 5315 esse

385 5397 499 5467 (58)
525 5394 835 5467 Respectu,
857 5397 1013 5457 puto,
1048 5382 1127 5467 ad.
1156 5380 1592 5467 llottteri~locum
1622 5378 1785 5467 illud.
1807 5397 1884 5467 Δπ,

311 5449 945 5526 «ἰδὲ-ξὈπμάπίσθήσε
998 5449 1179 5526 πατὴρ
1232 5451 1455 5526 ἀνδρῶν
1500 5467 1575 5526 τε
1619 5449 1882 5526 Betim-fe,

312 5519 687 5620 Ᾰήίματοέσσας
707 5531 762 5583 δὲ
787 5519 983 5598 ψιάδας
1008 5524 1301 5579 κατέχευεν
1324 5521 1507 5593 ἔραζε,
1534 5520 1706 5575 Παίδα
1734 5519 1887 5587 φίλον

307 5624 513 5749 τιῗζῦν),
536 5676 627 5729 Sic
669 5672 863 5749 codex.
898 5668 1078 5749 Lucus
1112 5682 1219 5721 non
1257 5673 1341 5749 est
1368 5664 1600 5749 integer.
1628 5658 1881 5749 S‘uppleri

312 5728 512 5824 potest,
540 5748 671 5824 dum
696 5744 868 5824 codex
895 5742 1088 5795 tttclior
1110 5728 1609 5824 τςιιετίοξυιίὲπρὸς

314 5811 666 5897 ξοράνξδεῖν.
704 5815 1087 5895 Cunjcclurattt
1135 5811 1349 5862 lirmant
1392 5820 1511 5874 quae
1556 5812 1883 5872 sequuntur.

1976 4528 2228 4594 ὲπικυροί
2250 4525 2346 4595 τὴν
2385 4523 2667 4592 ἀλήθειαν.
2702 4521 2951 4582 Βασιλεῖς
2975 4519 3107 4588 γὰρ,
3142 4518 3192 4576 οἳ
3222 4521 3488 4589 πρότερον
3515 4520 3550 4589 ἢ

1978 4619 2038 4672 σὲ
2066 4617 2324 4688 φανῆναι,
2355 4616 2404 4668 οἱ
2442 4615 2545 4686 μὲν
2571 4616 2671 4683 τὴν
2703 4614 2858 4666 πόλιν
2890 4614 3163 4681 κατεῖχον,
3207 4613 3305 4663 καὶ
3336 4609 3554 4679 πλούτῳ

1978 4712 2071 4765 καὶ
2106 4708 2537 4780 στρατευμάτων
2576 4707 2828 4777 μυριάσι,
2877 4704 3112 4764 καὶτοῖς
3145 4703 3249 4756 ὅσα
3281 4701 3418 4772 πρὸς
3448 4702 3555 4754 πό-

1979 4804 2143 4872 λεμον
2195 4799 2362 4864 τελεῖ,
2416 4798 2717 4870 βρίθοντες,
2776 4794 3081 4860 ἐξελεύσεις
3117 4792 3398 4846 ἐποιοῦντο
3456 4795 3557 4844 καῖ.

1980 4892 2350 4962 καταδρομὰς,
2380 4894 2478 4944 καὶ
2499 4885 2924 4942 κατεδουλοῦντό
2950 4902 3073 4937 τινα
3108 4883 3218 4936 τῶν
3244 4882 3433 4942 ἐθνῶν,
3458 4884 3560 4936 καὶ

1980 4984 2133 5040 ταῦτ’
2160 4982 2376 5037 ἐποίουν
2402 4983 2453 5033 οί
2515 4978 2752 5048 μάλιστα
2773 4977 2883 5030 τῶν
2937 4974 3196 5029 ἁπάντων
3238 4971 3324 5024 ἐπ’
3371 4971 3561 5041 ἔργοις

1985 5076 2351 5146 φρονήσαντες
2369 5089 2383 5104 ο
2410 5072 2460 5125 οἱ
2487 5072 2567 5138 δὲ,
2595 5070 2775 5141 ᾤκουν
2813 5068 2914 5138 μὲν
2946 5068 3043 5121 καὶ
3072 5065 3218 5119 οῦτοι
3247 5066 3348 5135 τὴν
3385 5064 3564 5133 αὐτὴν

1984 5168 2215 5229 ἐκείνοις
2248 5166 2428 5229 πόλιν,
2454 5161 2594 5235 ἦσαν
2613 5163 2660 5215 δ’
2683 5163 2833 5230 ὅμως
2863 5159 3012 5231 παρά
3038 5157 3198 5211 τοῦτο
3228 5157 3394 5227 μηδὲν
3414 5157 3564 5225 μήτε

1989 5258 2251 5329 πράττειν
2315 5258 2455 5326 μήτε
2512 5253 2844 5309 διανοεῖσθαι
2904 5252 3224 5321 δυνάμενοι,
3264 5247 3562 5318 ἀγαπητὸν

2065 5372 2174 5443 (ιο)
2209 5370 2516 5443 S_ii_niliadc
2542 5368 2754 5443 eadem
2783 5381 2839 5421 re
2872 5364 3039 5443 verba
3067 5360 3363 5443 Nicephori
3389 5360 3566 5440 στοβ.

1988 5433 2176 5507 ιν,“2Ξ
2226 5437 2334 5493 Ἦν
2388 5441 2487 5510 μὲν
2534 5438 2626 5492 οὖν
2664 5440 2795 5510 ἰδε-ἶν
2840 5436 2974 5510 τήν-
3004 5433 3567 5510 βασιλεύουσαν-τῶν

1989 5500 2198 5564 πόλεων
2223 5500 2406 5563 πεδίον
2446 5507 2779 5579 ἀφανισμοῦ,
2814 5500 3021 5574 μεστήν)
3061 5501 3322 5572 ἐρειπίων
3345 5500 3439 5552 καὶ
3467 5517 3569 5552 κο-

1989 5599 2439 5720 Λωῖἴθϊῖυιώίιο
2471 5649 2536 5703 de
2568 5648 2680 5720 hac
2698 5661 2833 5701 voce
2869 5661 2935 5699 an
2958 5643 3102 5720 bene
3152 5654 3270 5720 eam
3301 5638 3561 5720 legerim.

1992 5710 2220 5791 Forsan,
2255 5719 2542 5790 βασιλίδος.
2573 5717 2777 5784 Codex,
2812 5726 2869 5771 ut
2921 5714 3162 5776 videtur,
3198 5710 3449 5781 βλοίλας.
