3894 6366
294 383 403 446 377

1253 390 1645 455 LAUDATIO
1688 395 2106 459 MICHAELIS
2145 402 2565 463 PAL/EOLOG
2581 401 2623 463 ί.

3398 400 3553 462 ’378

299 496 597 569 ἡγούμενοι
626 496 719 553 καὶ
745 497 922 566 τοῦτο,
953 499 1002 553 εί
1031 499 1107 572 μὴ
1130 503 1238 556 τῶν
1276 507 1504 561 ἐνόντων
1528 508 1873 561 ὲκπίπτοιεψ
1906 558 1909 567 λ

2016 516 2108 579 ati,
2167 516 2315 586 quod
2352 532 2459 570 non
2511 532 2538 568 a
2598 516 2840 586 potentia
2889 515 3227 576 exciderent.
3253 523 3412 568 erant
3450 529 3551 568 au-

301 588 445 662 ἧσαν
471 590 515 643 δ’
536 590 734 655 οἵτινες
765 590 959 663 (τρίτη
994 593 1148 659 τάξις
1172 594 1310 667 αὕτη
1333 598 1441 651 τῶν
1474 599 1573 669 τῆς
1603 599 1876 668 βασιλίδος

300 686 790 754 κεκρατηκότων),
840 685 891 738 οἶ
923 686 1032 739 οὐδ’
1056 688 1187 741 αὐτὸ
1242 688 1402 744 τοῦτο
1463 692 1699 762 φυλάξαι
1728 694 1877 748 δεδύ-

303 794 489 845 νηντο,
521 778 607 846 ἐφ’
656 772 730 830 ῶν
776 778 892 847 ἦλω
936 781 994 833 τδ
1041 782 1341 848 κεφάλαιον
1400 784 1500 854 τῆς
1531 786 1732 856 ἀρχῆς,
1783 787 1878 839 καὶ

307 870 720 940 κατεχόρευσαν
746 870 1018 942 βάρϐαροί
1041 891 1188 937 τινες
1210 875 1304 928 καὶ
1329 875 1609 946 ’Δσσύριοι
1629 878 1729 947 τῆς
1752 878 1876 939 νέας

308 960 472 1023 Σιὼν,
496 961 590 1013 καὶ
621 961 895 1015 ἔκπτωσιν
921 965 1080 1032 ἡμεῖς
1109 966 1334 1035 ἀπρεπῆ
1362 966 1786 1038 ἐπεπόνθειμεν.
1818 970 1879 1021 Οἱ

306 1051 367 1104 δὲ
397 1051 515 1120 μετ’
541 1052 787 1117 ἐκείνους
814 1055 1006 1125 ἄνδρες
1037 1055 1252 1125 ἀρεϊκοὶ
1286 1053 1589 1125 γεγῦνότες,
1624 1061 1718 1111 καὶ
1749 1060 1883 1113 πολ-

309 1143 439 1207 λοὺς
462 1145 727 1207 πολλάκις
756 1147 1123 1214 διενεγκόντες
1156 1148 1429 1219 πολέμους
1460 1151 1557 1204 καὶ
1581 1151 1883 1221 ὑπερσχόν-

309 1251 428 1297 τες.
470 1234 657 1305 ὥσπερ
700 1237 758 1289 ὲν
809 1238 1079 1310 ὑπερορίᾳ
1129 1242 1354 1309 κρατεῖν
1417 1241 1494 1312 μὴ
1544 1243 1881 1313 ἀνεχόμενοι,

317 1326 489 1379 πολλὰ
517 1327 616 1391 μὲν
639 1327 1034 1383 διεπύκτευσαν
1067 1333 1205 1403 πρὸς
1236 1333 1336 1402 τὴν
1362 1335 1694 1404 καταγωγὴν
1723 1354 1887 1406 στρα-

314 1417 623 1488 τευόμενοι,
664 1419 1072 1490 μηχανώμενοι,
1104 1423 1536 1495 ἐπιχειροῦντες,
1578 1430 1641 1479 ἐκ
1668 1427 1793 1497 γῆς,
1824 1429 1889 1481 ὲκ

317 1509 616 1581 θαλάττης,
659 1513 721 1564 ἐκ
765 1514 931 1566 τόπου
984 1516 1183 1579 παντὸς
1214 1517 1309 1570 καὶ
1352 1518 1578 1585 τρόπου,
1607 1520 1803 1589 δρᾶσαι
1832 1519 1889 1573 δὲ

314 1600 462 1663 τέως
484 1600 585 1669 τῆς
608 1602 913 1672 προθυμίας
936 1605 1157 1669 ἐπάξιον
1185 1606 1339 1661 οὐδὲν
1387 1609 1621 1672 οὐδόλως
1677 1610 1894 1679 ἐξίσχυ-

321 1707 445 1744 σαν.
471 1691 545 1743 Τὸ
568 1692 626 1744 δὲ
650 1692 761 1756 σὺν,
789 1695 1004 1761 δποῖον;
1030 1698 1341 1766 Ἐκπληξις
1370 1700 1609 1769 ἀτεχνῶς
1632 1701 1726 1753 καὶ
1752 1701 1894 1771 πέρα

322 1778 602 1849 θαύματος
647 1783 707 1835 τὸ
760 1786 1073 1854 γενόμενον,
1127 1787 1395 1842 ῶστόὑδ’
1434 1790 1545 1860 ἔχει
1596 1792 1730 1862 πρδς
1757 1792 1897 1862 ὅπερ

322 1871 392 1924 ἂν
415 1873 509 1925 καὶ
539 1876 899 1943 συγκρίνοιτο.
954 1880 1295 1951 Παρεστήσω
1332 1882 1509 1947 πόλιν,
1568 1883 1688 1953 μεθ’
1716 1883 1897 1937 ὃπλων

328 1962 451 2034 μὲν,
480 1963 621 2033 πλὴν
657 1967 907 2035 αἱμάτων
939 1971 1131 2041 χωρὶς,
1174 1973 1270 2027 καὶ
1294 1975 1449 2028 πόλιν
1478 1976 1545 2045 ἣν
1574 1976 1623 2029 οἱ
1659 1976 1758 2044 μὲν
1788 1977 1896 2030 τῶν

324 2056 440 2111 ἀνω
500 2057 764 2124 βασιλέων
808 2061 1080 2133 κατέχειν,
1129 2066 1179 2118 οἱ
1232 2066 1289 2118 δὲ
1324 2071 1625 2139 κατασχεῖν
1655 2069 1767 2139 (di)
1798 2071 1898 2123 οὐκ

326 2146 614 2215 ἠδύναντο,
663 2150 758 2202 καὶ
783 2156 1004 2219 κρατεῖς
1039 2153 1233 2219 ἄστεος
1270 2158 1411 2227 ὅπερ
1442 2160 1642 2211 ἐκεῖνοι
1688 2158 1900 2213 ἀπώλε-

331 2257 452 2304 σαν,
488 2245 584 2298 καὶ
619 2243 773 2309 δίδως
825 2249 956 2319 παρ’
985 2249 1181 2305 ἐλπίδα
1237 2250 1533 2321 Ῥωμαίοις
1588 2256 1799 2326 τρυφᾷν
1834 2258 1900 2310 τά

326 2335 431 2406 τῆς
468 2335 740 2407 βασιλίδος
770 2341 936 2408 καλὰ,
970 2336 1047 2399 ὧν
1085 2343 1355 2417 ἑξόριστοι
1388 2336 1601 2400 θολλῶν
1642 2347 1741 2418 ἤδη
1771 2349 1899 2419 χρό-

328 2446 439 2482 νων
475 2431 790 2504 ἐτύγχανον.

404 2523 516 2575 Καὶ
550 2526 610 2577 οὐ
640 2526 802 2595 μόνον
837 2544 900 2595 γε
950 2531 1131 2595 τοῦτο,
1163 2533 1299 2589 ἀλλὰ
1330 2539 1427 2591 καὶ
1458 2539 1519 2593 τὸ
1548 2541 1681 2596 ἴδιον
1714 2545 1901 2615 σχῆμα

333 2616 519 2677 καλῶς
557 2618 622 2688 τῇ
655 2621 721 2690 σῇ
759 2623 987 2694 προνοίᾳ
1022 2625 1054 2694 ἡ
1086 2626 1244 2691 πόλις
1269 2629 1518 2696 ἀνέλαϐε,
1568 2636 1661 2689 καὶ
1687 2639 1713 2690 ὁ
1746 2637 1904 2707 περί-

297 2800 300 2803 ,
333 2707 493 2771 σολος
524 2711 669 2803 μάλα
693 2713 908 2783 σεμνῶς
938 2715 1208 2790 ἀνεσώθη,
1255 2722 1348 2774 καὶ
1383 2728 1608 2791 μονονοὺ
1635 2767 1649 2790 ,
1690 2747 1710 2781 ι
1746 2730 1905 2795 Πόλις

334 2802 454 2870 εἰμὶ
481 2801 575 2855 καὶ
602 2803 757 2868 αὖθις
791 2805 879 2862 διά
910 2809 992 2877 σὲ,
1042 2829 1062 2863 ι
1097 2810 1195 2883 βοᾷ
1222 2813 1454 2884 βασιλὶς,
1512 2839 1532 2872 ‹
1560 2819 1618 2873 δν
1648 2823 1905 2878 ἀπώλεσα

335 2894 547 2964 κόσμον
575 2896 927 2955 ἀναλαϐοῦσα
978 2904 1358 2977 φαιδρότερον,
1395 2910 1488 2963 καὶ
1511 2911 1606 2982 τὴν
1635 2914 1905 2983 στεφάνην

334 2986 591 3040 ἐπιθεῖσα
625 2991 689 3061 τῇ
740 2993 974 3065 κεφαλῇ,
1020 2995 1089 3066 ἢν
1136 2998 1164 3050 ὁ
1211 2997 1402 3067 χρόνος
1431 3002 1567 3070 ὁμοῦ
1600 3005 1694 3057 καὶ
1725 3009 1907 3076 χεῖρες

337 3080 559 3169 ἀνόμων
596 3084 674 3145 είς
705 3083 876 3154 ἐδάφη
911 3088 1270 3158 κατήρειψαν.
1316 3110 1333 3143 ι
1371 3092 1538 3146 Ὅθεν
1582 3096 1698 3159 καὶ,
1732 3098 1779 3150 εί
1832 3097 1907 3169 μὴ

1984 619 2090 664 tem
2130 611 2353 680 quidam
2388 611 2607 676 (tertius
2647 608 2785 664 ordo
2820 609 2910 663 ille
2942 617 3027 662 est
3077 622 3267 662 eorum
3325 608 3417 675 qui
3461 621 3549 661 res

1982 718 2173 771 regere
2202 702 2443 758 civitatis
2476 700 2862 771 occupavere),
2916 698 3010 768 qui
3068 713 3176 752 non
3230 697 3336 751 hoc
3367 698 3547 764 ipsum

1983 807 2206 847 servare
2250 802 2581 864 potuerunt,
2615 791 2817 862 quibus
2849 796 3014 858 caput
3051 786 3263 855 imperii
3297 794 3547 855 ereptum

1983 891 2088 949 est,
2119 894 2172 939 ει
2200 884 2618 943 exsultaverunt
2682 880 2909 935 Barbari
2958 877 3180 947 quidam
3224 885 3282 931 et
3344 875 3552 947 Assyrii

1985 991 2138 1032 novae
2154 974 2307 1039 Sion,
2329 982 2384 1031 et
2405 974 2745 1030 eversionem
2762 971 3038 1041 indignam
3057 983 3159 1024 nos
3177 966 3321 1035 passi
3338 982 3553 1021 sumus.

1986 1067 2092 1135 Qui
2132 1076 2258 1137 post
2296 1068 2420 1123 illos
2470 1066 2574 1120 viri
2622 1063 2868 1119 bellicosi
2911 1061 3242 1116 exstiterunt
3280 1066 3337 1113 et
3386 1058 3556 1112 multa

1988 1161 2371 1218 sustinuerunt
2400 1158 2584 1228 praelia
2612 1167 2666 1212 et
2695 1156 2961 1217 vicerunt,
2991 1150 3145 1223 quasi
3177 1164 3287 1204 non
3317 1148 3557 1203 toleran-

1992 1264 2073 1310 tes
2114 1255 2168 1308 in
2206 1253 2401 1308 exsilio
2461 1250 2757 1319 imperare,
2794 1247 2967 1302 multa
3002 1246 3069 1300 ad
3104 1242 3342 1298 reditum
3387 1230 3558 1296 lenta.-

1990 1361 2142 1408 vere,
2183 1354 2297 1400 tum
2330 1342 2639 1405 militando,
2670 1348 2785 1393 tum
2828 1335 3217 1398 machinando,
3272 1341 3389 1387 tum
3441 1346 3560 1384 mo-

1991 1438 2199 1502 liendo,
2230 1452 2297 1491 ex
2329 1444 2494 1497 terra,
2531 1448 2594 1488 ex
2622 1433 2784 1499 mari,
2816 1442 2871 1487 et
2900 1429 3051 1485 omni
3099 1428 3224 1483 loco
3253 1438 3311 1482 et
3372 1424 3557 1484 modo.

1994 1532 2173 1588 facere
2199 1545 2329 1584 vero
2352 1528 2653 1598 quidquam
2678 1527 2905 1597 dignum
2931 1537 3124 1578 eorum
3149 1522 3435 1576 alacritate
3457 1527 3564 1573 utt-

1995 1638 2101 1692 que
2142 1637 2251 1676 non
2290 1621 2597 1674 valuerunt.
2633 1618 2810 1673 Tuum
2842 1629 2975 1670 vero
3003 1628 3163 1683 opus,
3194 1617 3359 1680 quale
3411 1618 3497 1664 est
3530 1608 3553 1660 ἲ

1999 1714 2199 1785 Stupor
2221 1722 2370 1768 certe
2402 1711 2601 1767 incutit
2634 1719 2691 1765 et
2757 1717 2843 1763 est
2892 1721 3058 1773 supra
3116 1703 3563 1763 admirationem,

2002 1806 2075 1861 ita
2115 1816 2173 1861 ut
2201 1806 2336 1861 nihil
2377 1805 2577 1859 habeat
2617 1802 2705 1857 cui
2757 1800 3094 1856 conferatur.
3128 1796 3405 1865 Subegisti
3435 1794 3570 1849 civi-

2002 1911 2189 1963 tatem,
2222 1915 2321 1971 per
2346 1910 2494 1953 arma
2528 1896 2772 1967 quidem,
2802 1894 2895 1949 sed
2930 1894 3049 1948 sine
3087 1890 3379 1961 sanguine,
3404 1899 3461 1943 et
3485 1888 3567 1942 ci-

1998 1998 2221 2053 vitalem
2256 2010 2415 2065 quam
2443 1992 2806 2063 pristinorum
2839 1975 3028 2057 rogum
3062 1988 3151 2042 alii
3178 1987 3437 2049 retinere,
3475 1983 3567 2038 alii

2000 2104 2269 2160 occupare
2308 2103 2418 2141 non
2454 2093 2770 2156 potuerunt,
2800 2092 2856 2138 et
2886 2096 3119 2150 occupas
3172 2082 3364 2134 urbem
3401 2090 3567 2147 quam

2003 2184 2091 2240 isti
2128 2180 2511 2252 perdiderunt,
2539 2186 2595 2232 et
2614 2176 2711 2231 das
2740 2185 2940 2245 praeter
2971 2171 3431 2226 existimationem
3467 2167 3574 2221 Bo-

2004 2275 2179 2331 manis
2206 2271 2589 2342 splendoribus
2646 2268 2914 2322 delectari
2969 2265 3169 2335 regina:
3228 2261 3503 2322 civitatis,
3540 2273 3573 2313 e

2003 2366 2205 2439 quibus
2237 2374 2485 2419 extorres
2511 2360 2673 2429 longo
2723 2358 2927 2413 abhinc
2985 2364 3229 2425 tempore
3258 2353 3501 2407 luerunt.
3582 2352 3589 2357 ’

2078 2550 2148 2606 Ει
2175 2562 2284 2604 non
2317 2547 2423 2602 hoc
2452 2546 2630 2601 solum
2663 2540 2911 2611 quidem,
2940 2540 3035 2594 sed
3068 2536 3235 2592 etiam
3296 2531 3572 2603 propriam

2007 2642 2244 2705 speciem
2310 2649 2403 2693 tua
2468 2633 2809 2706 providentia
2846 2632 2978 2685 urbs
3013 2628 3211 2684 eximie
3260 2626 3579 2695 resumpsit,

2007 2742 2063 2789 et
2119 2739 2332 2799 septum
2405 2725 2800 2799 gloriosissime
2859 2720 3173 2775 restitutum
3205 2727 3310 2780 est,
3370 2723 3425 2768 et
3466 2713 3578 2767 fere

2014 2841 2034 2877 ι
2062 2822 2206 2880 Urbs
2233 2837 2330 2892 per
2362 2830 2411 2875 te
2458 2835 2577 2873 sum
2618 2830 2827 2879 rursus,
2856 2832 2874 2865 ι
2908 2813 3108 2867 clamat
3130 2808 3317 2880 regina
3364 2806 3578 2871 civitas,

2016 2931 2036 2966 ι
2068 2912 2265 2969 decore
2302 2917 2491 2966 ornata
2534 2922 2697 2979 quam
2753 2902 3030 2976 perditum
3063 2897 3461 2970 splendidiore,
3527 2903 3583 2947 et

2011 2982 2427 3075 positamcapiti
2447 3000 2657 3055 habens
2674 3012 2959 3055 coronam.
2984 3008 3148 3064 quam
3173 3001 3393 3060 tempus
3417 2985 3581 3042 simul

2012 3110 2077 3151 ac
2099 3109 2292 3149 manus
2324 3092 2637 3161 iniquorum
2695 3087 2850 3142 humi
2891 3087 3241 3156 deiecerant;
3291 3098 3309 3131 ι
3373 3079 3581 3147 itaque,

335 3171 417 3241 τῷ
478 3175 689 3284 ετέρῳ,’
730 3176 787 3230 ἐν
822 3195 885 3247 γε
916 3178 1055 3242 τέως
1088 3183 1155 3252 τῇ
1209 3182 1441 3251 βασιλίδι
1485 3186 1655 3257 μυρία
1687 3203 1780 3240 σου
1811 3190 1909 3259 τῆς

2016 3186 2224 3243 etiamsi
2257 3200 2362 3240 non
2400 3184 2531 3238 alias
2557 3183 2759 3242 forent.
2780 3179 2833 3232 in
2864 3175 3226 3246 Urbe-regina
3256 3171 3425 3226 millia
3455 3176 3587 3223 sunt

2377 3276 2389 3284 .
2455 3275 2466 3284 .
2539 3276 2569 3284 Α.
2625 3274 2636 3284 .
2868 3267 2967 3284 η..
3036 3266 3157 3284 _,.
3223 3260 3584 3284 “nun-.-

343 3266 758 3339 μεγαλοψυχίας
789 3271 1172 3340 γνωρίσματα.
1203 3272 1314 3344 Τῆς
1344 3275 1401 3359 δέ
1432 3292 1526 3328 σου
1571 3278 1698 3348 περὶ
1727 3278 1786 3332 τδ
1820 3278 1909 3333 θε-

2016 3289 2122 3335 tua:
2139 3275 2604 3349 magnanimitatis
2625 3272 2846 3326 indicia.
2868 3267 2972 3323 Tui
2994 3282 3121 3322 vero
3145 3266 3198 3320 in
3223 3265 3333 3319 Deo
3355 3260 3587 3318 colendo

343 3360 609 3427 ραπεύειν
637 3367 695 3415 τὸ
726 3363 869 3417 θεῖον
898 3364 1235 3435 θερμότητος
1264 3350 1428 3422 πολλά
1448 3370 1634 3438 μέντοι
1666 3374 1760 3430 καὶ⁵
1776 3372 1909 3430 ἄλλα

2016 3370 2231 3425 ardoris
2262 3376 2480 3424 exstant
2509 3374 2561 3419 et
2592 3373 2789 3420 caetera
2834 3360 3004 3416 multa
3028 3356 3362 3421 testimonia,
3386 3350 3587 3421 templa

338 3456 644 3524 τεκμήρια,
701 3453 862 3508 θείων
915 3456 1059 3509 ναῶν
1111 3457 1432 3529 ἁπανταχοῦ
1466 3462 1567 3531 τῆς
1625 3460 1909 3533 Ῥωμαίων

2016 3459 2202 3515 divina
2234 3458 2437 3527 ubique
2486 3454 2860 3509 Romanorum
2904 3459 3067 3505 terrae
3100 3447 3378 3510 restituta,
3408 3451 3592 3497 extra-

341 3549 715 3618 ἀνοικοδομαὶ,
765 3550 939 3617 ξένων
992 3555 1338 3623 καταγωγαὶ,
1390 3555 1690 3611 νοσούντων
1723 3558 1909 3630 ὲπιμέ·

2016 3567 2243 3609 neorum
2280 3548 2538 3619 hospitia,
2573 3543 2966 3616 aegrotantibus
3002 3556 3158 3596 cura:
3196 3539 3356 3602 datae,
3390 3534 3590 3593 inﬁrmi

340 3643 512 3704 λειαι,
542 3642 782 3697 ἀσθενῶν
836 3647 1091 3714 ἰατρεῖαι,
1143 3647 1277 3701 κάπὶ
1323 3649 1389 3720 τῇ
1445 3648 1597 3717 σφῶν
1648 3629 1909 3722 θεραπείᾳ

2019 3644 2219 3710 sanati,
2272 3658 2378 3696 non
2417 3640 2602 3695 minus
2658 3653 2723 3692 ac
2777 3640 3084 3691 conventus
3143 3640 3200 3686 et
3257 3629 3590 3685 monasteria

343 3734 601 3804 πρόσοδοι
625 3734 1041 3804 ἀφοσιούμεναι,
1067 3737 1168 3808 οὐχ
1192 3731 1354 3809 ἦττον
1378 3737 1436 3790 δὲ
1462 3739 1525 3808 δή
1565 3756 1670 3792 που
1693 3742 1787 3792 καὶ
1809 3739 1909 3795 τῶι

2020 3750 2188 3807 quum
2224 3736 2279 3790 in
2326 3733 2578 3797 urbibus,
2612 3738 2725 3783 tum
2757 3728 2812 3781 in
2847 3725 3078 3780 desertis
3109 3734 3316 3786 erecta,
3351 3735 3587 3791 quorum

349 3827 791 3899 φροντιστηρίων
824 3828 917 3880 καὶ
955 3828 1332 3898 ἀσκητηρίων,
1364 3830 1463 3885 ὃσα
1486 3848 1549 3898 γε
1573 3831 1636 3901 δὴ
1661 3833 1755 3885 καλ.
1780 3832 1924 3887 κατά

351 3921 537 3983 πόλεις
573 3920 667 3972 καὶ
692 3922 750 3971 ὲν
782 3919 1045 3989 ἐρημίαις
1074 3920 1395 3989 ἀνήγειρας,
1442 3922 1510 3974 τά
1538 3920 1635 3989 μὲν
1666 3922 1925 3993 ἀνδράσιν

352 4011 626 4082 ἀνειμένα
653 4010 768 4082 aeq)
802 4010 1189 4081 καθιερωθεῖσι
1223 4012 1317 4063 καὶ
1364 4012 1638 4065 ἀποστᾶσι
1672 4013 1780 4067 τῶν
1814 4014 1928 4067 ὕλι-

354 4102 490 4166 κῶν,
528 4102 594 4155 τὰ
641 4101 697 4154 δὲ
757 4100 975 4168 γυναιξὶ
1025 4099 1455 4172 νυμφευθείσαις
1494 4103 1716 4174 Χριστῷ
1755 4106 1837 4166 είς
1866 4121 1926 4157 τε

350 4195 537 4265 ψυχῆς
574 4194 857 4265 προκοπὴν
892 4194 987 4247 καὶ
1021 4193 1318 4263 παρθενίας
1366 4195 1716 4265 συντήρησιν,
1756 4196 1813 4249 αϊ
1838 4196 1931 4267 δή·

355 4306 465 4343 που
494 4288 588 4341 καὶ
614 4287 822 4356 κόσμου
848 4286 945 4340 καὶ⁸
967 4285 1073 4339 τῶν
1106 4287 1165 4337 ὲν
1188 4285 1380 4356 κόσμῳ
1405 4285 1604 4350 ἑαυτὰς
1627 4287 1929 4357 ἠλλοτρίω-

356 4399 481 4436 σαν.
531 4381 636 4434 Ἐῶ
682 4381 738 4433 δὲ
789 4379 973 4448 λέγειν
1025 4378 1343 4449 ἀντιλήψεις
1395 4380 1930 4451 ἀπωρφανισμὲνων,

355 4477 651 4532 παρθένων
681 4474 899 4544 ἀπόρων
930 4470 1397 4542 προικοδοτήσεις,
1444 4471 1641 4535 ινδεῶς
1689 4473 1928 4542 ἐχόντων

2023 3830 2128 3885 alia
2161 3825 2482 3883 commisisti
2513 3823 2647 3877 viris
2692 3820 2801 3874 Deo
2825 3816 3159 3873 consecratis
3219 3825 3274 3869 et
3312 3829 3342 3867 a
3389 3824 3593 3868 terres-

2024 3921 2203 3977 tribus
2239 3918 2455 3980 alienis,
2492 3914 2597 3969 alia
2626 3922 2809 3968 autem
2830 3909 3153 3965 mulieribus
3170 3909 3358 3977 nuptis
3374 3905 3597 3961 Christo

2026 4015 2093 4070 ad
2124 4012 2362 4066 animam
2399 4004 2789 4079 perﬁciendam
2819 4010 2874 4057 et
2904 3997 3328 4057 custodiendam
3369 3996 3597 4066 virgini-

2030 4114 2233 4170 tatem;
2265 4115 2388 4173 qua
2418 4115 2446 4153 a
2485 4096 2693 4152 mundo
2742 4103 2799 4150 et
2841 4092 3010 4149 rebus
3046 4088 3335 4144 mundanis
3387 4087 3600 4156 seipsas

2029 4199 2465 4268 segregaverant.
2496 4189 2705 4246 Omitto
2768 4186 2950 4239 a‘utem
2988 4183 3172 4237 dicere
3224 4180 3595 4250 orphanorum

2029 4289 2431 4359 adoptationes,
2466 4281 2742 4352 virginum
2801 4278 3027 4347 inopum
3058 4274 3395 4337 delationes,
3450 4271 3602 4324 victu

2032 4377 2411 4450 indigentibus
2454 4371 2776 4429 facultatum
2811 4365 3268 4427 condonationes,
3303 4370 3356 4417 et
3405 4370 3601 4415 caetera

2034 4472 2218 4527 omnia
2247 4482 2371 4538 qua:
2399 4473 2467 4520 ad
2495 4462 2622 4520 vitae
2651 4459 3071 4519 conversionem
3102 4455 3319 4512 alnictis
3340 4452 3600 4508 omnibus

362 4571 483 4643 βίου
523 4568 915 4637 πλουτισμοὺς,
951 4566 1049 4619 καὶ
1076 4564 1248 4619 τᾶλλα
1278 4564 1379 4618 ὃσα
1414 4564 1513 4618 καὶ
1542 4558 1629 4617 οἶα
1653 4566 1728 4628 εἰς
1762 4565 1907 4619 ἀπαλ

2037 4562 2329 4619 distributa
2358 4558 2595 4619 fuerant,
2624 4563 2679 4609 et
2702 4551 2981 4624 quomodo
3016 4565 3114 4620 per
3174 4544 3599 4602 beneﬁcentiam

355 4664 537 4731 λαγὴν
568 4660 731 4714 παντὶ
769 4658 879 4711 τῶν
903 4655 1221 4710 λυπούντων
1247 4656 1638 4725 οἰκονομεῖται,
1663 4657 1756 4709 καὶ
1781 4657 1928 4719 ὅπως

362 4754 466 4826 μὲν
498 4753 582 4807 ἐπ’
637 4750 854 4821 εὐποιία
904 4749 1293 4819 δαψιλέστερον
1352 4748 1573 4802 νάουσιν
1605 4749 1653 4801 οί
1689 4748 1929 4819 ποταμοί

362 4866 461 4900 σου
492 4846 599 4897 τῶν
620 4843 936 4913 θησαυρῶν,
962 4841 1111 4903 ὅπως
1140 4839 1185 4892 δ’
1213 4839 1465 4894 ἐντεῦθεν
1487 4840 1594 4903 πᾶς
1624 4856 1709 4902 τις
1739 4840 1935 4907 ἐντυγ-

359 4939 552 5011 χάνειν
603 4934 932 5004 διεγείρεται
988 4932 1127 5004 ὑπὲρ
1164 4931 1257 4985 σοῦ
1306 4931 1383 5001 τῷ
1412 4929 1551 4999 Θεῷ,
1587 4930 1688 5001 τὴν
1714 4930 1772 4983 δὲ
1806 4933 1937 5001 περὶ

359 5031 426 5084 τὸ
462 5031 703 5097 ὑπήκοον
736 5028 883 5088 ὅπως
903 5042 964 5078 τε
994 5023 1222 5089 σώζοιτο
1249 5018 1539 5092 πρόνοιαν,
1566 5023 1665 5087 τὴν
1697 5021 1753 5075 δὲ
1776 5038 1944 5077 σπου⁸

359 5121 461 5192 δὴν
494 5122 640 5181 ὅπως
666 5119 741 5190 μὴ
772 5118 921 5189 παρὰ
938 5117 1045 5171 τῶν
1070 5116 1281 5188 ἐχθρῶν
1309 5113 1522 5167 πολλῶν
1543 5114 1714 5167 ὄντων
1745 5112 1943 5182 λυμαί·

362 5231 536 5278 νοιτο,
563 5217 661 5282 τὴν
687 5212 827 5266 κατά
848 5212 1025 5266 πάντα
1054 5210 1244 5280 χρόνον
1264 5206 1518 5277 φροντίδα
1545 5206 1637 5259 καὶ
1671 5206 1940 5276 μέριμναν

2038 4654 2319 4725 copiosius
2350 4656 2575 4704 manant
2604 4646 2927 4707 divitiarum
2955 4651 3174 4696 tuarum
3202 4636 3448 4697 ﬁumina,
3472 4648 3607 4702 quo-

2038 4747 2200 4803 modo
2216 4743 2414 4800 exinde
2429 4756 2527 4812 pro
2547 4750 2597 4795 te
2614 4740 2779 4793 Deum
2796 4734 3075 4805 deprecari
3091 4733 3321 4800 quisque
3336 4736 3606 4792 movetur,

2037 4849 2187 4894 tuam
2211 4834 2279 4889 ad
2299 4832 2560 4904 populum
2573 4826 2907 4884 servandum
2930 4818 3348 4892 providentiam,
3370 4824 3516 4870 tuam
3538 4828 3609 4868 ne

2041 4947 2070 4985 a
2101 4927 2287 4984 multis
2310 4922 2551 4979 inimicis
2568 4920 2642 4975 sit
2669 4916 2956 4972 infestatus
2986 4907 3436 4975 sollicitudinem,
3464 4905 3612 4976 cogi-

2043 5022 2281 5078 tationes
2305 5025 2363 5072 et
2388 5029 2551 5071 curas
2582 5011 2879 5068 diuturnas
2922 5014 2980 5060 ut
3010 5003 3078 5058 ad
3108 5001 3333 5057 meliora
3359 5006 3613 5071 augescat

2042 5123 2099 5170 et
2128 5111 2402 5183 proﬁciat,
2433 5114 2655 5178 propter
2686 5117 2810 5173 quae
2856 5114 2967 5155 non
2997 5096 3097 5151 das
3125 5108 3382 5152 somnum
3411 5089 3610 5155 oculis,

2045 5216 2291 5262 nostram
2333 5198 2665 5272 perquirens
2700 5190 3176 5261 tranquillitatem.

361 5276 529 5374 ὅπως
552 5276 629 5363 τ’⁷
653 5308 914 5376 ὲπιδ“ιδοίη
964 5276 1410 5376 καὶψπροκὸπτοι
1464 5304 1560 5356 ἐπὶ
1589 5304 1649 5355 τι
1692 5302 1925 5372 βέλτιον,
1968 5301 2084 5355 ἀνθ’
2129 5297 2205 5355 ῶν
2235 5301 2330 5353 καὶ
2369 5297 2430 5350 οὒ
2456 5295 2617 5356 δίδως
2663 5292 2831 5345 ὕπνον
2859 5290 2972 5352 τοῖς
3018 5283 3342 5356 ὀφθαλμοῖς,
3373 5281 3439 5334 δι’
3462 5276 3615 5351 ἐρεύ-

363 5422 466 5472 νης
488 5404 585 5473 τὴν
615 5401 891 5472 ἡμετέραν
917 5398 1057 5468 ἔχων
1074 5399 1408 5453 ἀνάπαυσιν.
1778 5451 1783 5455 ,

445 5499 554 5549 Καὶ
585 5494 762 5548 ταῦτα
789 5492 854 5562 δὴ
885 5492 1063 5546 πάντα
1084 5491 1165 5554 τίς
1191 5492 1256 5544 ἀν
1289 5491 1376 5561 εἴη
1410 5490 1585 5556 λέγων
1615 5489 1753 5557 πρὸς
1783 5486 1939 5551 ἀξίαν

365 5587 566 5655 εἰπὼν,
598 5588 631 5657 ἦ
667 5589 816 5650 ποῖος
844 5584 989 5649 νοῦς,
1022 5587 1079 5648 ἐς
1110 5585 1228 5637 δέον
1272 5583 1605 5655 περιλαϐὼν,
1653 5579 1938 5651 ἀποχρών-

447 5772 563 5841 (ιι)
597 5769 865 5825 Snbtilius
915 5768 1120 5841 aliquid
1175 5764 1734 5841 discriminis___po_nit
1791 5777 1938 5840 nunc

369 5834 521 5900 inter
550 5834 804 5910 κατέχειν
831 5852 884 5894 ει
911 5834 1045 5893 κᾶτᾶ
1060 5842 1225 5908 σχεῖν,
1258 5852 1491 5908 quorum
1521 5834 1653 5889 illud
1707 5848 1827 5888 csse
1862 5834 1937 5886 vi-

2124 5486 2192 5539 Et
2227 5482 2344 5537 hrcc
2371 5478 2557 5533 omnia
2607 5474 2736 5546 quis
2758 5485 3027 5528 enarrsns
3083 5467 3356 5537 condigne
3387 5480 3616 5521 enarra-

2048 5584 2149 5640 ret,
2188 5583 2281 5627 aut
2309 5570 2489 5641 qualis
2519 5582 2696 5631 mens,
2718 5565 2851 5619 satis
2882 5563 3175 5622 immensa.
3209 5556 3614 5635 convenienter

2047 5758 2208 5813 detur
2262 5770 2541 5823 occupare.
2576 5752 2682 5806 hoc
2730 5750 2978 5823 retinere,
3023 5743 3122 5823 _vel
3174 5740 3305 5796 illud
3367 5738 3612 5823 retinere,

2051 5830 2153 5884 hoc
2182 5813 2458 5896 occupare.
2494 5823 2699 5877 Forsan
2730 5819 2883 5874 locus
2916 5825 2999 5872 cst
3023 5813 3215 5870 leviter
3246 5814 3557 5877 corruptus.
