3894 6366
357 337 432 400 79
826 291 835 299 ’
1260 336 1590 400 GEORGII
1632 336 1895 398 crpnu
1937 339 2047 399 cr.
2093 338 2610 401 PATRIARCHA!

3457 340 3575 405 σεε

315 450 502 517 ltngua
519 445 826 517 exprimere
846 445 1162 513 daret,cum
1196 459 1248 505 te
1279 460 1567 522 regnante,
1594 462 1782 506 nostra
1815 451 1880 505 ad

1992 467 2093 514 τως
2128 454 2193 522 τῇ
2226 453 2444 523 γλώττῃ
2476 453 2782 522 διηγεῖσθαι
2818 451 3068 522 παρέχοι,
3099 453 3302 508 ὁπόταν
3335 454 3443 508 ὐπδ
3476 457 3561 509 σοὶ

314 551 518 598 tantam
553 549 883 609 potestatem
915 552 1310 612 pervenerunt,
1345 551 1409 598 ut-
1456 544 1661 599 bellum
1717 559 1882 611 exop-

314 636 692 698 tentmilites;
740 634 946 690 bellum
986 645 1170 690 autem
1226 637 1416 691 videre
1456 648 1755 709 nequeam,
1804 646 1880 696 et,

313 729 356 785 si
386 737 639 797 aperteat
672 727 806 782 iilud
834 727 1168 797 quandoque
1200 728 1503 793 sustinere,
1535 744 1702 798 super
1738 737 1882 783 terra

313 820 576 883 hostium,
620 834 728 883 non
762 804 931 889 super
962 829 1142 874 nostra
1164 823 1524 876 sustineatur.
1556 819 1751 875 Nonne
1788 835 1883 890 ag-

314 912 456 966 mina
483 920 670 966 nostra
698 911 755 966 in
792 912 979 968 hostili
1012 913 1197 979 terra?
1224 928 1404 969 nonne
1460 913 1741 967 exercitus
1788 911 1885 980 qui

312 1018 433 1059 eam
460 1015 600 1060 nutu
631 996 820 1059 ferunt
849 1014 906 1062 et
934 1007 1359 1076 aguntTNonne
1394 1008 1660 1062 Romanis
1697 1005 1888 1072 prtesi-

312 1101 401 1156 dia
425 1116 546 1169 quae
572 1109 722 1156 stant
747 1101 802 1155 in
830 1101 1197 1157 Barbarorum
1223 1103 1401 1172 plaga,
1432 1118 1555 1171 quas
1577 1110 1633 1156 et
1665 1102 1882 1155 illorum

314 1208 706 1266 usquequaque
747 1194 1056 1249 retundunt
1119 1195 1399 1264 impetus?
1454 1194 1532 1249 Ex
1567 1195 1675 1249 hoc
1708 1193 1769 1248 fit
1824 1205 1886 1247 ut

312 1302 420 1341 non
443 1288 720 1347 quomodo
753 1288 850 1343 tibi
874 1288 1323 1359 adversabuutur
1349 1289 1491 1343 sicut
1522 1289 1676 1357 prius
1703 1296 1885 1341 alten.

311 1377 466 1443 dant,
498 1380 589 1434 sed
628 1380 907 1449 quomodo
939 1381 995 1435 in
1023 1381 1237 1451 agendo
1273 1391 1324 1436 te
1353 1381 1630 1435 benevole
1666 1388 1723 1435 et
1765 1381 1878 1435 cle-

314 1472 482 1525 menti
516 1480 768 1527 utcntur.
810 1474 873 1526 Et
906 1488 1040 1544 ergo
1085 1472 1272 1527 videre
1301 1483 1385 1528 est
1414 1472 1660 1534 Latinos,
1689 1489 1788 1540 pro
1822 1471 1886 1526 il-

188 1604 208 1625 ,
309 1560 492 1616 lorum
527 1560 783 1630 superbia
813 1571 867 1617 et
897 1563 1231 1629 arrogantia.
1289 1562 1341 1615 in
1376 1560 1597 1615 civitate
1626 1559 1885 1614 obsessos

308 1660 365 1705 et
393 1660 582 1720 captos
610 1660 667 1705 et.
698 1651 875 1707 nihilo
907 1646 1253 1716 humiliores,
1298 1650 1531 1722 Scythas
1578 1650 1883 1720 subjectos,

309 1741 489 1814 Mysos
522 1743 759 1807 deditos,
793 1743 989 1798 Persas
1016 1751 1072 1797 et
1106 1742 1295 1797 Medos
1333 1740 1399 1796 ad
1423 1740 1764 1795 exorandum
1790 1755 1882 1792 ve-

308 1834 529 1888 nientes
556 1843 614 1887 et
649 1834 885 1902 genibus
930 1834 1379 1904 procumbentes,
1415 1846 1544 1887 eum
1597 1829 1787 1886 servili
1824 1835 1881 1882 et

308 1923 500 1979 habitu
542 1936 599 1981 et
623 1924 829 1988 animo,
868 1941 1085 1981 omnem
1115 1935 1334 1996 gentem
1360 1935 1417 1980 et
1446 1924 1733 1978 hominum
1789 1937 1881 1993 ge-

306 2031 415 2073 nus
440 2017 536 2072 tibi
574 2033 782 2073 morem
808 2026 1061 2089 gerentes
1088 2026 1165 2084 et,
1192 2020 1349 2088 quasi
1383 2016 1668 2071 meliorem
1687 2030 1849 2086 quam
1868 2042 1880 2053 -

260 2118 269 2127 ‘
308 2107 434 2164 dam
485 2111 782 2175 fortunam,
813 2110 916 2166 sub
960 2119 1016 2183 te
1048 2109 1282 2165 vivendo
1336 2109 1683 2165 occasionem
1735 2105 1882 2164 acci-

306 2201 540 2271 pientes.
574 2202 922 2272 QuaprOpter
961 2218 1096 2273 gens
1127 2213 1340 2268 nostra,
1377 2201 1536 2274 quasi
1590 2202 1755 2256 unico
1784 2214 1880 2255 ore

308 2303 580 2361 uteretur,
611 2295 995 2351 vehementius
1025 2311 1187 2366 quam
1226 2295 1385 2350 turba
1410 2295 1545 2351 dicit
1564 2295 1883 2350 etcelebrat

306 2386 646 2453 felicitatem,
712 2398 768 2444 et
800 2399 955 2445 tuum
1015 2389 1332 2459 imperium,
1388 2404 1484 2459 per
1515 2387 1663 2459 quod
1709 2387 1777 2443 ad
1816 2386 1880 2441 il-

308 2481 417 2535 lam
453 2491 743 2551 proveetus
773 2498 855 2548 es,
878 2494 1149 2539 aeternum
1202 2498 1431 2539 manere
1490 2482 1828 2552 deprecatur
1862 2497 1881 2535 :

308 2589 417 2628 non
454 2576 597 2629 enim
623 2576 972 2641 necessitate,
1015 2591 1132 2640 rex,
1166 2575 1260 2631 sed
1301 2590 1487 2631 amore
1524 2575 1620 2631 tibi
1668 2574 1883 2630 obtem-

309 2680 486 2737 perat,
526 2683 626 2724 nec
656 2678 845 2724 coacta
889 2678 1173 2732 curvatur,
1205 2664 1300 2725 s'ed
1367 2670 1447 2724 tui
1497 2668 1689 2725 studio
1721 2668 1882 2722 vinc-

310 2772 386 2827 ta,
425 2764 580 2815 uutui
630 2770 725 2815 tuo
788 2761 1135 2832 obsequitur.
1198 2763 1389 2831 Itaque
1438 2763 1652 2817 munita
1705 2768 1762 2816 et
1812 2761 1882 2815 ab

307 2854 456 2909 omni
491 2855 617 2909 dolo
647 2865 763 2910 tuta
792 2856 891 2911 tibi
920 2865 1238 2910 asservatur
1266 2854 1414 2923 regia
1449 2863 1692 2922 potestas
1726 2874 1739 2906 :
1769 2868 1879 2908 non

305 2946 452 3000 enim
495 2954 694 3016 potest,
735 2961 840 3001 non
873 2956 1059 3017 potest
1108 2945 1401 3017 imperium
1460 2946 1673 3002 ﬁrmius
1727 2946 1880 3001 inve-

306 3036 413 3091 niri
445 3051 608 3106 quam
673 3037 960 3106 imperium
1014 3052 1201 3092 amore
1270 3038 1596 3105 fundatum;
1652 3047 1709 3093 et
1742 3040 1879 3093 satis

1960 532 1967 537 ’
1988 545 2265 614 προμηθεῖ
2289 546 2345 607 ὲς
2370 543 2624 598 τοσοῦτον
2648 543 2834 614 ἰσχύος
2856 539 2958 615 ἧκε
2979 545 3048 597 τά
3071 545 3195 599 καθ’
3226 546 3394 616 ἡμᾶς,
3421 545 3563 600 ὥστε

1987 635 2229 703 πολέμου
2286 637 2385 704 μὲν
2420 637 2550 707 ἑρᾷν
2578 636 2707 699 τούς
2737 635 2846 691 τῶν
2889 634 3095 700 ὃπλων,
3130 636 3368 706 πόλεμον
3394 637 3452 692 δὲ
3486 638 3564 709 μὴ

1985 726 2127 796 ἔχειν
2167 728 2314 792 ἰδεῖν,
2370 728 2471 782 κᾶν
2507 729 2603 800 δέῃ
2628 727 2822 782 τοῦτόν
2869 744 3001 781 ποτε
3056 727 3238 799 χρόνῳ
3267 729 3558 798 συστῆναι,

1985 819 2077 871 ἐπὶ
2105 820 2201 887 τῆς
2230 820 2336 871 τῶν
2359 818 2591 889 ἐχθρῶν,
2628 819 2727 873 οὐκ
2752 821 2842 872 ἰπὶ
2874 821 2973 888 τῆς
2997 819 3275 891 ἡμετέρας
3306 820 3563 873 συνίστα-

1988 911 2132 965 σθαι.
2176 908 2253 965 Ἦ
2281 913 2399 983 οὐχὶ
2430 913 2577 983 λόχοι
2607 913 2696 967 ἐπὶ
2736 913 2837 981 τῆς
2868 913 3132 984 πολεμίας
3164 913 3464 986 ήμέτεροις
3500 911 3560 964 οὐ

1989 1002 2377 1075 στρατεύματα
2412 1005 2650 1074 φέροντα
2676 1004 2888 1075 ταύτην
2909 1005 3005 1060 καὶ
3030 1007 3234 1074 ἄγοντα
3267 1005 3407 1058 κατά
3436 1002 3563 1072 βού-

1986 1098 2179 1168 λησιν;
2233 1097 2293 1150 οὐ
2326 1097 2563 1170 φρούρια
2607 1096 2899 1168 Ῥωμαίοις
2928 1099 3022 1153 ἐπὶ
3073 1099 3173 1165 τῆς
3205 1098 3315 1153 τῶν
3354 1096 3565 1168 βαρϐά-

1991 1207 2099 1258 ρων
2132 1191 2423 1258 ἱστάμενα,
2461 1190 2802 1260 πανταχόθεν
2850 1191 3037 1255 αὐτοῖς
3092 1190 3192 1253 τὰς
3223 1191 3398 1262 ὁρμὰς
3427 1192 3563 1243 ἀπο-

1986 1281 2271 1348 κλεῖοντας
2302 1282 2387 1353 ἐφ’
2408 1278 2488 1345 οἷς
2517 1283 2615 1354 οὐχ
2641 1284 2789 1348 ὅπως
2822 1284 3023 1336 ἐκεῖνοι
3059 1283 3394 1354 μαχέσονται
3419 1283 3564 1336 καθά

1986 1375 2081 1427 καὶ
2115 1374 2381 1445 πρότερον
2420 1375 2770 1440 σκέπτονται,
2807 1375 2926 1429 ἀλλ’
2976 1377 3127 1439 ὅπως
3162 1393 3218 1429 τι
3251 1368 3563 1446 πράξαντες

1986 1467 2251 1535 εὐμενοῦς
2291 1485 2385 1521 σου
2418 1468 2514 1522 καὶ
2554 1468 2682 1521 ἵλεω
2720 1468 2947 1539 τύχωσι.
2978 1467 3089 1521 Καὶ
3124 1468 3257 1536 γοῦν
3278 1468 3411 1539 ὁρᾷν
3439 1464 3558 1521 ἐστι

1986 1563 2247 1625 Λατίνους
2273 1563 2394 1615 ἀντὶ
2424 1561 2531 1614 τῶν
2565 1559 2935 1631 μεγαλαύχων
2961 1561 3189 1625 ἐκείνων
3221 1562 3317 1615 καὶ
3349 1559 3564 1630 ἀγεράν

1985 1673 2095 1725 χων
2134 1655 2620 1724 πολιορκουμένους
2646 1656 2743 1708 καὶ
2773 1653 3182 1724 πορθουμένους
3207 1654 3302 1708 καὶ
3324 1654 3469 1716 τίνος
3499 1652 3561 1705 οὐ

1987 1745 2423 1814 ταπεινοτέρους,
2444 1746 2660 1809 Σκύθας
2694 1747 3042 1809 ύπείκοντας,
3070 1746 3294 1808 Μυσοὺς
3325 1761 3565 1816 προσερ-
3640 1788 3645 1793 .

1986 1839 2271 1910 χομένους,
2305 1839 2516 1908 Πέρσας
2534 1840 2628 1893 καὶ
2643 1838 2860 1906 Μήδους
2886 1840 2963 1899 είς
2987 1838 3223 1892 ἱκετείαν
3246 1835 3564 1909 βαδίζοντας

1990 1929 2545 1999 καὶγονυπετοῦντας
2576 1930 2714 2001 μετὰ
2736 1930 2987 1983 δουλικοῦ
3022 1930 3118 1983 καὶ
3153 1930 3434 1999 σχήματος
3473 1930 3566 1983 καὶ

1990 2027 2365 2096 φρονήματος,
2401 2023 2509 2077 πᾶν
2544 2022 2695 2085 ἔθνος
2716 2022 2812 2075 καὶ
2843 2021 3000 2090 γένος
3024 2019 3331 2090 ἀνθρώπων
3367 2015 3569 2072 ὑποπί-

1992 2133 2224 2178 πτοντας
2263 2116 2377 2179 καὶ,
2431 2113 2620 2187 ὥσπερ
2658 2112 2793 2173 ἄλλο,
2821 2129 2874 2166 τι
2906 2112 3275 2184 χρηστότερον
3308 2111 3565 2181 ἕρμαιον,

1988 2210 2049 2263 τὸ
2078 2209 2184 2262 ὐπὸ
2223 2209 2308 2262 σοὶ
2350 2208 2530 2262 τελεῖν
2588 2206 3076 2278 καθαρπάζοντας.
3141 2205 3316 2275 ’Υπὲρ
3375 2198 3452 2258 ὧν
3505 2201 3568 2256 τὸ

1988 2298 2260 2369 ἡμέτερον
2288 2297 2483 2367 φῦλοντ
2506 2298 2582 2362 ὡς
2633 2296 2715 2351 ἑνὶ
2761 2295 3112 2368 κεχρημένον
3167 2295 3244 2365 τῷ
3306 2294 3566 2363 στόματι,

1985 2393 2147 2466 χοροῦ
2195 2392 2589 2463 ἀκριϐέστερον
2654 2391 2959 2461 φθέγγεται
3016 2388 3117 2443 καὶ
3200 2383 3569 2456 πανηγυρίζει

1983 2487 2083 2556 τὴν
2112 2483 2479 2554 εὐδαιμονίαν,
2524 2483 2621 2537 καὶ
2646 2481 2748 2553 τὴν
2783 2480 2884 2552 σὴν
2914 2479 3115 2553 ἀρχὴν,
3154 2479 3225 2533 δι’
3257 2479 3324 2549 ἦν
3352 2480 3409 2542 ἐς
3439 2479 3572 2532 ταύ-

1983 2598 2082 2651 την
2111 2578 2417 2650 ἀπήντηκε,
2452 2577 2643 2646 μένειν
2673 2575 2757 2638 είς
2789 2574 2966 2629 αἰῶνα
2994 2572 3295 2643 ἐπεύχεται
3318 2588 3332 2602 ·
3368 2570 3432 2625 οὐ
3458 2569 3565 2641 γὰρ

1987 2677 2221 2746 ἀνάγκη,
2256 2672 2500 2746 βασιλεῦ,
2523 2671 2643 2725 ἀλλ’
2665 2670 2851 2741 εὐνοίᾳ.
2874 2669 3139 2739 τυγχάνει
3177 2664 3369 2721 δουλού
3379 2681 3566 2736 μενον,

1986 2770 2107 2825 οὐδὲ
2150 2763 2762 2832 καταδυναστευόμενον
2796 2761 3105 2827 ὑποκλίνει,
3134 2759 3272 2815 ἀλλὰ
3305 2758 3461 2830 πόθῳ
3483 2774 3568 2813 σοι

1983 2864 2269 2933 δεδεμένον
2310 2861 2582 2931 ὑπηρετεῖ
2632 2874 2727 2911 σου
2792 2854 2871 2928 τῷ
2900 2854 3154 2925 νεύματι.
3221 2851 3364 2907 ’Δνθ’
3389 2850 3452 2906 οὐ
3482 2867 3569 2906 σοι

1989 2960 2086 3013 καὶ
2120 2957 2290 3029 ἐχυρά
2314 2956 2410 3007 καὶ
2434 2953 2590 3007 δόλου
2623 2949 2829 3012 παντὸς
2875 2947 3137 3019 ὑπεράνω
3166 2945 3235 3000 τά
3280 2945 3379 3015 τῆς
3412 2943 3568 3016 βασι-

1985 3049 2135 3113 λείας
2195 3047 2556 3116 φυλάττεται·
2591 3042 2653 3096 οὐ
2684 3040 2792 3111 γάρ
2820 3036 2994 3102 ἐστιν,
3046 3038 3147 3091 οὐκ
3187 3032 3340 3089 ἔστιν
3389 3032 3567 3104 ἀρχὴν

307 3147 501 3200 magna
533 3142 615 3187 est
639 3133 890 3188 custodia
922 3135 1032 3206 regi
1064 3133 1439 3204 subiectorum
1459 3149 1639 3191 amor.
1668 3132 1882 3188 Idcirco

1992 3138 2350 3211 ἰσχυροτέραν
2401 3133 2584 3205 εὑρεῖν
2637 3131 2738 3202 τῆς
2791 3127 2976 3200 εὐνοίᾳ
3026 3125 3431 3197 τειχιζομὲνης,
3466 3123 3565 3177 καὶ

305 3227 568 3281 nimirum
609 3229 795 3282 omnia
839 3242 962 3298 qua:
1020 3227 1123 3291 vis,
1171 3228 1332 3299 jussu
1367 3236 1484 3291 tuo,
1517 3225 1887 3282 conﬁciantur

308 3328 365 3375 et
394 3322 569 3375 multo
608 3321 944 3389 expeditius,
979 3328 1040 3375 ut
1085 3329 1171 3377 est
1205 3322 1260 3376 in
1296 3318 1613 3390 proverbio,
1644 3332 1810 3389 quam
1838 3317 1885 3373 si

308 3412 435 3484 quis
468 3414 731 3469 chordam
759 3415 1190 3485 prmstringeret,
1233 3424 1290 3470 et
1324 3413 1505 3484 siquid
1572 3411 1691 3467 ﬁeri
1726 3426 1890 3481 opor-

311 3492 445 3571 teat,
485 3507 730 3563 indicare
750 3506 884 3562 satis
918 3514 1022 3573 est,
1051 3516 1108 3562 et
1136 3505 1340 3561 factum
1381 3513 1465 3561 est
1500 3524 1514 3561 :
1543 3504 1674 3560 hinc
1700 3513 1889 3558 osten-

310 3597 444 3655 dant
476 3616 714 3670 quonam
747 3600 909 3656 modo
936 3611 993 3657 et
1021 3615 1147 3657 cum
1175 3610 1384 3672 quanto
1417 3615 1608 3656 amore
1635 3598 1885 3671 imperiis

314 3703 537 3765 oportet
560 3697 870 3764 subiacere.

388 3883 503 3946 Sic,
537 3897 654 3945 rex,
687 3880 1058 3952 pulcherrime
1080 3887 1137 3934 et
1156 3876 1649 3951 eongrucntissime
1678 3886 1735 3932 tu
1768 3874 1891 3931 illo-

318 3991 442 4032 rum
496 3974 799 4046 perfrueris
857 3973 1212 4033 obedientia.
1271 3971 1347 4025 illi
1397 3985 1526 4024 vero
1578 3968 1738 4023 felice
1798 3978 1890 4021 tua

315 4067 539 4123 fortuna
572 4074 628 4120 et
655 4066 868 4122 caeteris
904 4077 1268 4136 qua-cunque,
1310 4078 1380 4118 ex
1426 4062 1536 4116 alto
1576 4061 1888 4120 raboratus,

316 4154 781 4231 quoridie’videris
793 4155 989 4220 facere,
1006 4155 1213 4218 dicere,
1232 4166 1412 4224 agere,
1430 4151 1747 4216 deliberari,
1763 4165 1893 4206 con-

315 4251 518 4310 sulere.
551 4248 732 4303 omnia
755 4247 995 4318 operari.
1036 4247 1153 4304 Non
1176 4247 1324 4301 enim
1351 4243 1458 4300 alia
1473 4253 1559 4300 est
1579 4244 1678 4300 tibi
1698 4259 1887 4314 opera,

313 4358 479 4412 quam
533 4351 592 4395 ut
645 4351 830 4395 nostra
867 4339 1006 4393 bene
1040 4338 1272 4391 habeant
1300 4335 1606 4406 invigilare.
1638 4349 1739 4390 nec
1760 4349 1894 4404 gau-

311 4437 465 4489 dium
502 4443 653 4489 extra
675 4432 1048 4503 subiectorum
1078 4430 1425 4492 felicitatem,
1466 4444 1571 4483 nec
1600 4438 1724 4498 post
1766 4442 1886 4482 eam

1990 3229 2288 3301 ἀποχρῶσα
2342 3226 2561 3297 φυλακὴ
2599 3222 2813 3294 βασιλεῖ
2869 3220 2980 3275 τῶν
3034 3216 3501 3287 ὑποτεταγμένων
3528 3216 3562 3286 ἡ

1989 3322 2196 3377 εὔνοια.
2224 3320 2303 3373 Δι’
2332 3318 2369 3374 ἀ
2402 3317 2467 3389 δὴ
2491 3318 2588 3371 καὶ
2621 3316 2861 3369 τελεῖται
2891 3313 2999 3367 πᾶν
3028 3311 3056 3365 δ
3083 3310 3149 3365 ἂν
3182 3304 3217 3385 ᾗ
3256 3308 3568 3381 βουλομένῳ

1992 3429 2073 3465 σοι
2099 3410 2158 3476 ἐξ
2189 3409 2585 3479 δπιτάγματος,
2630 3406 2743 3461 εἴτε
2774 3404 2870 3458 καλ⁵
2901 3402 3198 3473 νεύματος,
3249 3398 3347 3455 καὶ
3388 3397 3568 3470 πολλῷ

1990 3520 2053 3571 γε
2083 3502 2213 3574 ῥᾷον
2234 3501 2293 3571 ἢ,
2326 3500 2469 3553 κατά
2502 3499 2602 3568 τὴν
2630 3496 2964 3568 παροιμίαν,
3001 3492 3195 3565 ψήλειέ
3233 3508 3317 3554 τις
3344 3490 3570 3561 χορδὴν,

1990 3594 2095 3646 κᾶν
2126 3592 2225 3664 δέη
2251 3607 2304 3645 τι
2327 3588 2607 3657 γενέσθαι,
2632 3586 2855 3657 ἀπόχρη
2891 3582 3067 3649 δόξαι,
3092 3578 3191 3635 καὶ
3222 3581 3569 3649 πέπρακται,

1991 3686 2047 3738 ὲν
2072 3682 2247 3751 τούτῳ
2281 3678 2617 3736 δεικνύντων.
2652 3677 2763 3731 τίνι
2814 3674 2946 3729 ποτὲ
2975 3670 3054 3745 τῷ
3090 3672 3279 3744 τρόπῳ
3314 3669 3411 3724 καὶ
3445 3666 3573 3738 μεθ’

1990 3776 2120 3846 ὅσης
2145 3773 2251 3845 χρὴ
2289 3775 2391 3845 τῆς
2414 3772 2629 3835 εὐνοίας
2666 3772 2789 3833 ταῖς
2836 3771 3036 3840 ἀρχαῖς
3066 3763 3496 3823 ὑποτάσσεσθαι.

2063 3868 2241 3932 Οὕτω,
2277 3865 2524 3939 βασιλεῦ,
2559 3864 2828 3919 κάλλιστά
2852 3880 2914 3918 τε
2942 3865 3037 3917 καὶ
3079 3858 3469 3932 ἁρμοδιώτατα
3499 3857 3569 3911 σύ

1995 3961 2097 4033 μὶν
2130 3960 2354 4014 ἐκείνων
2400 3954 2700 4019 ἀπολαύεις
2748 3954 2852 4026 τῆς
2897 3952 3237 4017 εὐπειθείας,
3295 3949 3569 4004 ἐκείνοιν

1991 4052 2065 4107 αὖ
2108 4051 2208 4119 τῆς
2240 4052 2460 4121 ἀγαθῆς
2512 4065 2607 4102 σου
2656 4046 2850 4119 τύχης,
2886 4046 2980 4100 καί
3031 4044 3141 4098 τῶν
3190 4045 3368 4099 ἄλλων
3395 4044 3570 4098 ὁπόσα

1994 4142 2338 4215 ρωννύμενος
2370 4140 2582 4196 ἀνωθεν
2611 4139 2736 4195 καθ’
2781 4139 3021 4209 ἑκάστην
3056 4137 3221 4209 φαίνῃ
3254 4137 3444 4204 ποιῶν,
3480 4135 3571 4190 λέ-
3602 4134 3615 4145 ⁸

1992 4253 2126 4305 γων,
2186 4234 2468 4305 πράττων,
2533 4232 2951 4303 συμϐουλεύων,
3009 4231 3405 4298 σκεπτόμενος,
3457 4232 3569 4285 πᾶν

1992 4330 2170 4387 ὁτιοῦν
2200 4326 2593 4400 ἐργαζόμενοςο
2634 4325 2698 4379 οὐ
2748 4323 2859 4394 γὰρ
2906 4322 3048 4381 ἄλλο.
3070 4341 3122 4377 τι
3176 4322 3269 4376 σὺν
3314 4321 3496 4393 ἔργον,
3531 4324 3566 4396 ἢ

1992 4425 2137 4488 ὅπως
2161 4424 2291 4477 ποτὲ
2318 4421 2480 4476 πάθοι
2505 4418 2686 4483 καλῶς
2712 4419 2775 4474 τδ
2794 4418 3085 4489 ἡμέτερον,
3117 4417 3228 4471 οὐδ’
3258 4413 3565 4488 εὐφροσύνη

312 4528 523 4593 ίωιίιίιι,
560 4535 616 4581 et
663 4497 1066 4595 ferevoperibus
1108 4522 1313 4576 clamas
1344 4536 1360 4577 :
1395 4540 1412 4572 ι
1447 4497 1675 4590 Propria
1748 4519 1884 4590 regis

1994 4515 2149 4584 παρά
2177 4516 2276 4586 τὴν
2332 4512 2640 4585 εὐημερίαν
2668 4510 2778 4567 τῶν
2827 4509 3115 4577 ὑπηκόων,
3140 4509 3260 4562 οὐδέ
3290 4525 3374 4571 τις
3429 4509 3568 4578 μετὰ

314 4619 519 4678 sirius,
547 4615 828 4685 negligere
851 4625 907 4669 et
933 4627 1052 4678 sua,
1089 4614 1134 4669 si
1163 4612 1493 4683 Oportuerit,
1522 4612 1589 4667 ad
1617 4612 1889 4683 subjecto-

312 4723 431 4763 rum
462 4707 774 4762 utilitatem.
815 4723 834 4758 ι

383 4978 454 5034 At
482 4992 607 5030 eum
638 4990 706 5031 eo
756 4985 934 5044 usque
966 4968 1239 5027 sermonis
1261 4982 1587 5040 progressus
1619 4982 1761 5029 sum,
1786 4964 1886 5020 de-

310 5073 494 5127 sidero
547 5086 659 5124 rem
701 5068 754 5120 in
809 5064 1132 5120 memoriam
1185 5061 1474 5124 reducere,
1537 5059 1686 5131 quod
1746 5056 1887 5129 regis

313 5162 705 5221 sollicitudinis
771 5162 1005 5214 maxime
1036 5167 1117 5214 est
1178 5156 1467 5222 indicium,
1518 5166 1577 5211 et
1609 5158 1662 5210 in
1725 5169 1887 5208 omne

274 5266 279 5269 '
310 5270 563 5313 sermone
581 5271 643 5309 ac
666 5256 869 5325 scripto
889 5253 1172 5323 ostendiet
1194 5249 1462 5309 recenseri
1486 5264 1703 5322 :equum
1723 5248 1885 5304 iuret.

377 5436 516 5491 Cum
549 5437 793 5507 pe'iculo
825 5439 1117 5508 conjuncta
1144 5449 1264 5494 erat
1293 5438 1567 5501 eruditio.
1601 5445 1658 5493 et
1690 5438 1744 5502 (ο
1796 5450 1889 5506 pe-

312 5529 547 5585 riculum
604 5529 816 5601 ingens)
851 5531 967 5601 ipsa
989 5532 1100 5601 jam
1163 5532 1402 5601 perierat
1429 5530 1673 5587 eruditio
1708 5549 1722 5584 :
1762 5545 1885 5598 qu:e

313 5638 402 5679 res
435 5632 556 5692 post
586 5622 871 5679 hominum
907 5626 1227 5679 memoriam
1260 5641 1367 5679 non
1401 5634 1666 5679 evenerat
1697 5624 1886 5678 hacte-

218 5707 224 5713 ’
312 5731 436 5772 nus.
472 5718 662 5781 Omnis
695 5734 804 5781 ars,
857 5728 1111 5774 accurata
1148 5718 1562 5789 disciplinarum
1619 5719 1881 5789 cognitio,

310 5808 612 5867 humanum
644 5811 937 5884 reliquerat
961 5827 1152 5884 genus.
1173 5813 1451 5881 imperitia
1482 5814 1753 5868 invaserat
1782 5811 1885 5866 hoc

1989 4608 2196 4677 ταύτην
2250 4606 2519 4676 διάχυσις,
2584 4604 2683 4660 καὶ
2738 4603 2968 4673 μονονοὺ
3004 4604 3115 4665 τοῖς
3173 4600 3289 4671 ἔργ’
3307 4618 3355 4665 ις
3394 4598 3565 4671 βοᾷς⁶

1997 4718 2016 4752 ι
2051 4699 2201 4770 Αὕτη
2242 4697 2622 4769 βασιλεύοντος
2654 4696 2847 4766 ἀρετὴ,
2898 4695 3124 4763 ἀμελεῖν
3174 4697 3269 4745 καὶ
3300 4692 3410 4745 τῶν
3442 4690 3565 4746 καθ’

1991 4793 2177 4854 αὑτὸν,
2212 4792 2263 4844 εί
2315 4789 2557 4862 δεήσειε,
2610 4786 2749 4858 πρὸς
2810 4788 2909 4858 τὴν
2958 4786 3068 4839 τῶν
3124 4783 3567 4856 βασιλευομένων

1988 4885 2279 4957 ὠφέλειαν.
2318 4904 2337 4939 ι

2072 4979 2239 5045 Ἀλλ’,
2270 4977 2504 5033 ἐνταῦθα
2531 4975 2628 5032 τοῦ
2683 4975 2847 5046 λόγου
2891 4974 3206 5045 γενόμενος,
3243 4970 3395 5026 ποθῶ
3422 4986 3566 5034 τινος

1989 5075 2072 5136 είς
2125 5074 2347 5143 μνήμην
2382 5070 2579 5137 ἐλθεῖν,
2635 5070 2774 5139 ὅπερ
2825 5068 2922 5123 καὶ
2967 5069 3065 5138 τῆς
3123 5065 3450 5136 κηδεμονίας
3485 5063 3567 5116 ἔτι

1993 5167 2227 5236 μάλιστα
2258 5163 2355 5217 τοῦ
2386 5163 2788 5234 αὐτοκράτορος
2820 5159 3134 5231 γνώρισμα,
3163 5161 3258 5211 καὶ
3291 5156 3456 5210 παντὶ
3486 5155 3565 5225 τῷ

1992 5258 2117 5325 περ)⁸
2144 5256 2335 5325 λόγους
2368 5254 2462 5309 καὶ
2491 5256 2677 5327 γραφῇ
2710 5253 2910 5307 διδόναι
2952 5255 3047 5306 καὶ
3086 5249 3457 5321 διηγήσασθαι
3487 5247 3566 5301 δί-

1989 5366 2166 5403 καιον.

2060 5441 2318 5503 Κίνδυνος
2354 5438 2455 5507 (di!
2490 5437 2611 5502 πῶς
2664 5436 2732 5492 ἂν
2793 5436 3007 5506 εἴποιμι
3062 5434 3211 5488 τοῦτ’
3261 5433 3505 5497 ἀνεκτῶς
3523 5432 3567 5506 ;)

1987 5535 2237 5599 κίνδυνος
2293 5529 2409 5603 εἶχε
2439 5532 2563 5593 τοὺς
2618 5529 2835 5599 λόγους.
2894 5534 2986 5584 καὶ
3042 5531 3069 5583 ό
3100 5529 3342 5593 κίνδυνος
3398 5529 3524 5592 ὅσος
3547 5529 3569 5585 ι’

1987 5628 2275 5689 Ιιαίδευσις
2337 5624 2653 5688 κατελύετο,
2716 5625 2951 5693 πρᾶγμα
3012 5622 3167 5676 οὐπω
3224 5622 3449 5688 γεγονὸς
3506 5620 3567 5687 ἐξ

1987 5721 2201 5782 αίῶνος·
2251 5718 2414 5787 τέχνη
2444 5717 2540 5771 καὶ
2576 5716 2915 5788 μαθημάτων
2953 5715 3207 5784 ἀκρίϐεια
3241 5715 3300 5782 ἐξ
3347 5712 3566 5784 ἀνθρὼ-

1992 5830 2108 5866 πων
2127 5806 2284 5874 ἦσαν’
2305 5806 2789 5874 ἁνεπιστημοσύνη
2824 5808 3041 5871 κατεῖχε
3064 5805 3123 5860 τὸ
3152 5807 3280 5869 πᾶν,
3308 5804 3403 5859 καὶ
3424 5803 3561 5870 τύχη
