3894 6472
316 442 423 508 381

1256 444 1656 508 LAUDATIO
1698 444 2133 508 MICHAELIS
2168 447 2589 511 PAL/EOLOG
2601 449 2647 512 Ι.
3476 455 3582 520 $.82

314 572 403 621 τις
435 554 634 625 ἄλογος
661 554 983 629 ἐπεχόρευεο
1008 556 1184 626 λόγων
1214 557 1272 612 δὲ
1304 562 1600 630 σπέρματα
1625 561 1722 614 καὶ
1748 577 1890 615 σπιν-

2011 565 2357 633 universum,
2394 566 2894 639 dominabaturque
2928 567 3147 625 fortuna
3178 570 3358 627 omnis
3380 586 3579 643 expers

319 649 488 720 θῆρα,
515 648 592 711 ὡς
614 649 814 716 εἰπεῖν,
852 647 1198 719 μαθημάτων
1221 646 1289 722 ἦν
1318 653 1451 723 ὁρᾷν
1500 652 1786 722 σωζόμενα
1813 653 1903 707 ού-

318 743 520 814 δαμοῦ,
553 746 637 799 ὅτι
674 742 750 816 μὴ
782 745 935 817 παρὰ
967 745 1045 814 τῷ
1074 746 1154 815 σῷ
1183 745 1444 819 λογοθέτῃ
1477 747 1611 819 (42),
1652 748 1713 800 ού
1759 748 1903 818 μέγα

318 837 365 891 δ’
414 838 611 905 εἰπεῖν,
667 836 765 890 καὶ
821 837 943 891 καθ’
985 839 1131 908 ἡμᾶς
1202 840 1588 909 ’Δριστοτέλει,
1644 841 1754 893 εἴτε
1809 841 1903 893 καὶ

322 929 595 995 Πλάτωνι,
648 930 681 1001 ἦ
743 929 894 994 ὅπως
944 932 1076 985 ποτε
1104 931 1320 989 τούτοις
1379 932 1783 1002 παραπλησίως
1812 934 1904 987 τὴν

319 1021 495 1093 ἄνδρα
516 1021 759 1093 βούλοιτό
781 1039 866 1085 τις
901 1023 1111 1088 καλεῖν,
1138 1023 1193 1094 ἢ,
1227 1023 1313 1078 ἵνα
1345 1023 1504 1077 διέλω
1542 1025 1901 1095 σαφέστερον,

316 1116 378 1168 ὃν
420 1117 804 1186 Ἀριστοτέλην
834 1117 1081 1187 νομίζειν
1108 1117 1310 1189 χρεὼν,
1338 1118 1494 1170 οὐδὲν
1519 1118 1730 1171 ἐκείνου
1768 1121 1905 1173 ἁπο-

316 1209 663 1279 λειπόμενον,
691 1212 820 1264 ὅταν
866 1229 918 1264 τι
952 1214 1048 1285 δέῃ
1091 1213 1189 1281 τῆς
1238 1211 1467 1282 λογικῆς
1525 1212 1901 1283 ἐπιστήμηςῆ

317 1305 417 1374 τῆς
447 1304 558 1355 τῶν
585 1305 835 1373 φυσικῶν
886 1305 1298 1375 ἀποφήνασθαι,
1348 1304 1612 1357 Πλάτωνα
1640 1304 1694 1357 δὲ
1726 1305 1904 1358 θεολο-

314 1396 517 1463 γοῦντα
566 1398 660 1451 καὶ
716 1398 857 1451 κατὰ
917 1396 1127 1466 μοῦσαν
1182 1396 1564 1468 φθεγγόμενον
1624 1398 1899 1468 ’Λττικὴν,

319 1490 450 1560 παρ’
481 1482 524 1557 ᾧ
550 1490 716 1560 μόνῳ,
754 1490 847 1544 καὶ
882 1491 1006 1543 κατ’
1039 1491 1204 1543 αὑτὸν
1234 1489 1496 1544 Πλάτωνα
1529 1490 1719 1557 φάναι,
1753 1491 1899 1561 σοιφῆ

316 1599 372 1634 τε
408 1582 503 1635 καὶ
553 1583 864 1653 στρογγύλα
895 1584 988 1635 καὶ
1020 1583 1266 1653 ἀκριϐῶς
1301 1583 1514 1637 ἕκαστα
1568 1583 1676 1636 τῶν
1705 1578 1904 1653 ὀνομά-

306 1692 422 1727 ςων
446 1677 887 1747 ἀποτετόρνωται
915 1677 1049 1750 (45).
1091 1671 1261 1738 Οὗτος
1292 1677 1386 1730 καὶ
1414 1678 1524 1748 γὰρ
1566 1677 1727 1746 μόνος
1765 1677 1903 1732 ἑλεί-

312 1762 467 1834 πετο,
514 1769 973 1841 ἢτᾶληθέςτερον
1028 1771 1231 1841 είπείν,
1265 1770 1591 1841 ὲταμιεύετό
1641 1788 1725 1824 σοι
1759 1772 1901 1841 μετὰ

210 1868 213 1871 ’
310 1862 422 1915 τῶν
451 1862 631 1918 ἄλλων
667 1861 850 1914 καλῶν
882 1863 947 1916 ἐκ
988 1861 1149 1926 Θεοῦ,
1188 1862 1419 1931 ἔσχατος
1458 1862 1561 1933 μὲν
1609 1863 1688 1933 τῷ
1719 1864 1899 1934 χρόνῳ

2010 661 2259 725 rationis,
2288 660 2489 730 ubique
2520 661 2842 716 exsulabant
2870 664 3226 720 scientiarum
3246 667 3479 735 semina,
3502 678 3580 735 et,

2008 765 2068 808 ut
2127 754 2207 809 sic
2251 755 2454 819 dicam,
2523 754 2746 810 fomites
2797 755 3244 826 disciplinarum,
3306 776 3579 832 nusquam

2006 860 2167 901 erant
2217 848 2437 918 reliqui,
2504 865 2674 903 unum
2729 848 3067 918 logotlietam
3132 852 3348 923 ercipio
3421 854 3584 924 (absit

2006 938 2155 993 dicto
2187 939 2437 1007 invidia),
2463 940 2578 995 sive
2603 939 2727 1010 quis
2756 939 3105 995 Aristotelem
3127 957 3278 1006 eum,
3306 943 3422 1000 sive
3460 944 3582 1001 Pla-

2008 1041 2215 1097 tonem,
2271 1033 2390 1086 sive
2440 1032 2551 1086 alio
2606 1033 2773 1088 simili
2815 1033 3093 1104 appellare
3148 1035 3284 1089 velit
3321 1037 3580 1104 nomine;

2006 1133 2120 1187 aut,
2144 1133 2203 1177 ut
2227 1124 2814 1195 planiusdistinguam.
2840 1141 3003 1195 quem
3038 1135 3186 1181 recte
3221 1127 3580 1183 Aristotelem

2004 1215 2308 1278 vocaveris,
2336 1225 2398 1272 ut
2431 1216 2525 1287 qui
2577 1217 2725 1271 nulla
2772 1217 2827 1271 in
2884 1231 3037 1288 parte
3091 1219 3391 1290 quidquam
3452 1221 3583 1277 huic

2004 1307 2299 1380 concessit,
2339 1309 2555 1378 quoties
2584 1310 2636 1365 in
2665 1311 2836 1381 logica
2867 1310 3158 1382 physicave
3182 1312 3387 1383 aliquid
3415 1329 3583 1382 expo-
3684 1315 3706 1371 ’ς

2004 1400 2245 1459 nendum
2298 1409 2445 1457 esset
2497 1401 2765 1467 scientia;
2802 1401 3085 1457 Platonem
3146 1419 3301 1470 vero,
3360 1405 3582 1474 quoties

2006 1482 2320 1562 theologum
2353 1504 2540 1564 ageret
2560 1495 2865 1564 Atticaequc
2891 1495 3219 1566 elegantiam
3245 1498 3582 1567 exprimeret

2004 1600 2173 1639 musae
2206 1603 2219 1638 :
2258 1586 2399 1655 apud
2423 1601 2586 1656 quem
2624 1602 2817 1651 unum,
2849 1596 2905 1640 ut
2941 1602 3065 1641 cum
3102 1590 3218 1658 ipso
3245 1588 3440 1659 loquar
3459 1590 3581 1645 Pla-

2009 1683 2158 1739 tone,
2218 1677 2386 1731 verba
2439 1675 2652 1748 singula
2671 1686 2727 1732 et
2752 1678 3037 1748 perspicua
3062 1685 3119 1733 et
3157 1678 3408 1746 rotunda,
3433 1691 3489 1736 et
3510 1681 3576 1737 ad

2003 1768 2266 1822 amussim
2311 1768 2606 1838 quamdam
2649 1770 2807 1841 quasi
2858 1769 2996 1825 facta
3038 1782 3187 1828 sunt.
3227 1771 3391 1828 Solus
3429 1775 3577 1829 enim

2002 1858 2095 1914 hic
2151 1868 2264 1914 tum
2320 1862 2637 1932 superabat.
2680 1874 2795 1928 aut,
2852 1870 2911 1916 ut
2960 1864 3158 1933 loquar
3193 1864 3402 1929 verius,
3451 1883 3579 1922 cum

314 1954 436 2024 μεθ’
466 1956 581 2007 ὅσοι
619 1953 773 2023 σοφοὶ
813 1954 1092 2024 πεφηνὼς,
1124 1920 1515 2025 voi;n1:9<b::0't;
1545 1956 1601 2009 δὲ
1646 1920 1890 2012 ἐυξέισάί

2005 1951 2164 2007 bonis
2214 1952 2337 2007 aliis
2388 1920 2502 2009 'tibi
2554 1969 2583 2008 a
2642 1952 2754 2010 Deo
2783 1920 2951 2026 quasi
3008 1920 3581 2024 promicondo'datus

310 2046 510 2115 γεσθαι
542 2045 777 2111 δίκαιος,
820 2044 1161 2110 παιδεύσεως
1194 2040 1276 2110 εἷς
1317 2046 1393 2100 ὢν
1426 2046 1538 2117 (Η)
1577 2046 1724 2101 ἅπαν
1756 2042 1894 2111 εἶδος

313 2136 690 2209 συναγηοχὼς,
723 2139 818 2194 καὶ
846 2138 939 2192 διὰ
972 2139 1191 2193 πάντων
1224 2139 1560 2210 εὐδοκιμῶν,
1610 2138 1687 2202 ὡς
1719 2139 1777 2193 ὲν
1801 2140 1896 2192 ού-

310 2232 425 2284 8va
448 2232 585 2301 πρὸς
613 2231 801 2284 ούδένα
827 2231 1233 2304 καταδέχεσθαι
1265 2234 1577 2304 σύγκρισιν.

2000 2055 2158 2102 erat:
2218 2036 2463 2116 tempore
2512 2046 2761 2117 quidem,
2816 2048 3061 2102 omnium
3114 2055 3387 2119 quotquot
3422 2051 3579 2107 fuere

2003 2138 2302 2208 sapientes,
2374 2138 2637 2207 ultimus;
2690 2140 2786 2210 qui
2826 2140 2973 2195 eum‘
3009 2140 3198 2210 primis
3233 2152 3410 2195 tamen
3453 2143 3579 2212 jure

2006 2230 2207 2287 merito
2232 2242 2444 2287 certare
2485 2232 2678 2302 possit.
2700 2232 2917 2304 Quippe
2963 2235 3059 2303 qui
3092 2249 3214 2288 cum
3242 2248 3382 2288 unus
3410 2245 3576 2302 esset,

309 2324 730 2392 disciplinarum
772 2325 974 2391 pariter
1013 2327 1376 2397 conjunxerat
1414 2341 1611 2398 genus,
1645 2338 1701 2382 et
1746 2325 1801 2381 in
1840 2327 2102 2383 omnibus
2153 2326 2379 2383 tenebat
2411 2328 2642 2398 primas,
2687 2339 2750 2382 ut
2790 2327 2844 2383 in
2876 2328 3025 2383 nullo
3054 2344 3180 2384 cum
3202 2328 3311 2384 alio
3340 2320 3577 2385 conferri

386 2416 506 2472 ssit.

386 2431 506 2472 εειι.

309 2431 483 2572 ΡΟὨς
507 2504 600 2562 οὖν
626 2510 684 2562 ἐν
702 2507 845 2564 οὕτω
874 2511 1047 2581 στινῷ
1079 2513 1276 2583 κομιδῆ
1307 2513 1375 2567 τὰ
1406 2513 1515 2568 τῶν
1552 2513 1727 2584 λόγων
1757 2513 1893 2584 φθά-

312 2614 490 2652 σαντα
514 2600 745 2663 ἐθεάσω,
779 2602 871 2654 καὶ
903 2602 986 2655 ὅτι
1018 2605 1080 2655 τὸ
1124 2604 1410 2658 κάλλιστον
1445 2606 1563 2675 ἅμα
1611 2608 1706 2660 καὶ
1736 2606 1895 2661 ίδιαί-

309 2705 477 2743 τατον
510 2690 817 2761 ἀνθρώπων
851 2693 1046 2764 χρῆμα
1083 2693 1316 2765 οῐχεται,
1346 2692 1547 2767 μικροῦ
1576 2686 1711 2764 δεῖν,
1753 2698 1895 2752 κατὰ

311 2783 410 2851 τὴν
458 2781 705 2836 Ἡσιόδου
737 2784 905 2851 Δίκην
948 2783 1086 2852 (45),
1118 2786 1182 2838 ἐκ
1230 2786 1335 2857 γῆς
1387 2784 1798 2858 ἀποπτάμενον,
1843 2791 1893 2843 εί
1932 2820 1937 2825 -

310 2873 389 2945 μὴ
450 2876 516 2929 σὺ
554 2875 837 2947 ὑπέρσχης
892 2878 989 2947 τὴν
1041 2876 1240 2942 δεξιάν·
1292 2878 1368 2944 ὡς
1401 2876 1497 2933 οὖν
1545 2880 1691 2935 οὕτω
1739 2881 1895 2935 ταῦτ’

307 2968 505 3038 ἔχοντα
534 2964 622 3040 ἦν,
662 2970 728 3022 σὺ
756 2970 812 3021 δὲ
838 2965 997 3034 εἶδες,
1034 2971 1133 3023 ούκ
1179 2970 1418 3038 ἤνεγκας
1469 2974 1498 3027 ὁ
1527 2974 1705 3038 κοινὸς
1729 2975 1885 3048 εύερο

306 3061 475 3130 γέτης
503 3063 564 3114 τὸ
597 3062 789 3127 πάθος,
822 3062 935 3116 οὐδ’
991 3064 1261 3118 άνεῦἁλου
1297 3066 1433 3138 πρὸς
1481 3067 1583 3139 τὴν
1612 3066 1889 3138 βοήθειαν,

307 3150 418 3202 0L5”
448 3150 756 3220 ἐμέλλησας
790 3154 924 3222 πρὸς
951 3153 1075 3223 τῆνα
1098 3154 1312 3224 χρείαν,
1345 3155 1481 3210 ἀλλὰ
1534 3156 1719 3227 ζηλοῖς
1754 3159 1892 3232 ὑπὲρ

2068 2514 2207 2571 Cum
2261 2511 2429 2584 igitur
2472 2506 2657 2563 vidisti
2688 2506 2765 2562 ita
2815 2507 2870 2562 in
2900 2520 3053 2566 arcto
3094 2513 3308 2568 Litteras
3366 2525 3489 2568 esse
3521 2522 3580 2567 et

1998 2604 2435 2677 pulcherrimum
2468 2602 2631 2658 simul
2670 2613 2735 2655 ac
2793 2601 3291 2672 singularissimum
3339 2603 3580 2658 hominis

1997 2700 2169 2757 decus
2190 2698 2447 2768 migrare,
2481 2706 2538 2751 et
2561 2710 2747 2767 parum
2773 2697 2950 2757 ahest,
2984 2706 3043 2751 ut
3071 2695 3291 2750 Hesiodi
3335 2693 3579 2760 Iustitia,

1999 2810 2030 2848 a
2054 2804 2199 2848 terra
2221 2791 2462 2854 evolare,
2504 2791 2610 2846 nisi
2643 2800 2701 2845 tu
2735 2791 2986 2845 dextram
3023 2790 3292 2860 porrigas;
3318 2803 3441 2843 cum
3478 2786 3577 2857 igi-

2002 2895 2092 2941 tur
2112 2885 2185 2940 ita
2211 2900 2271 2940 se
2294 2900 2385 2940 res
2412 2884 2617 2940 habere
2643 2883 3001 2955 conspexisti,
3026 2897 3135 2937 non
3161 2879 3332 2935 tulisti
3371 2879 3575 2933 malum

2000 2974 2094 3046 qui
2128 2976 2183 3031 in
2210 2991 2405 3032 omnes
2440 2974 2723 3034 beneﬁcus
2770 2991 2928 3036 eras.
2969 2983 3021 3029 et
3064 2988 3222 3041 opem
3272 2972 3418 3028 ferre
3463 2987 3574 3028 non

2000 3068 2287 3132 distulisti,
2314 3085 2418 3125 nec
2450 3078 2696 3125 moratus
2712 3088 2774 3126 es
2794 3069 3108 3124 necessitati
3141 3067 3451 3126 enusulere.
3478 3065 3573 3121 sed

2002 3159 2166 3216 ardes
2218 3157 2526 3214 litterarum
2572 3159 2779 3224 studio,
2840 3165 2893 3212 te
2945 3153 3262 3224 impellente
3319 3153 3416 3207 Dei
3467 3167 3576 3206 nu-

306 3242 420 3297 τῶν
443 3242 640 3311 λόγων,
674 3245 985 3311 ἀνίστασαι,
1017 3246 1168 3311 θείας
1207 3249 1468 3320 κινούσης
1509 3252 1706 3322 ῥοπῆς,
1736 3252 1889 3306 ἀνθί-

2000 3252 2162 3316 miue,
2187 3267 2469 3322 oppugnas
2522 3250 2872 3321 insipientem
2910 3247 3213 3313 fortunam,
3260 3244 3578 3301 colluetaris

308 3353 511 3390 σταεαι
573 3340 713 3390 κατὰ
766 3337 866 3407 τῆς
928 3338 1126 3407 ἀλόγου
1181 3340 1371 3411 τύχης,
1436 3344 1890 3416 ἀντιπαρατάττῃ

305 3430 446 3500 πρὸς
476 3428 575 3494 τὴν
604 3430 841 3508 άτακτον
868 3431 1091 3501 ἐκείνην
1127 3433 1320 3504 φορὰν,
1346 3435 1585 3505 σπουδὴν
1622 3434 1764 3508 ἔχων
1792 3438 1891 3492 καὶ

303 3525 483 3578 ταῦτα
528 3522 884 3590 καταϐαλεῖν,
943 3523 1134 3596 ὥσπερ
1172 3526 1384 3596 ἐχθρῶν
1443 3528 1735 3599 μυριάδας,
1796 3530 1891 3584 καὶ

304 3614 405 3686 τῆς
436 3613 651 3685 ὑψηλῆς
705 3614 1028 3686 φιλοσοφίας
1060 3618 1323 3686 ἐχέγγυος
1364 3606 1702 3675 καθίστασαι
1751 3623 1889 3694 πρό-

310 3724 503 3779 μαχος.
548 3706 718 3763 Ἔνθα
769 3710 864 3762 καὶ
912 3709 1006 3762 τὸν
1038 3709 1130 3762 σὺν
1195 3708 1405 3780 Ἑρμῆν
1456 3712 1594 3778 τέως
1648 3713 1890 3782 σιγῶντα

305 3802 596 3873 διιγείρεις
617 3803 856 3874 χρῆσθαι
885 3808 953 3876 τῇ
988 3804 1229 3877 γλώττῃ,
1260 3805 1317 3877 ἢ,
1345 3804 1470 3859 καθ’
1508 3808 1656 3877 ἡμᾶς
1686 3810 1885 3872 εἰπεῖν,

303 3896 511 3968 Μωσῆς
540 3897 698 3960 ἄλλος
736 3898 950 3969 φανεὶς,
986 3899 1063 3962 ὡς
1121 3901 1185 3952 εκ
1212 3898 1443 3970 πέτρας,
1476 3898 1572 3954 τοῦ
1623 3900 1888 3969 σιγῶντος

309 3992 506 4059 σοφίας
535 3993 704 4055 κινεῖς
737 3990 1043 4060 ποταμοὺς,
1072 3991 1169 4045 καὶ
1207 3992 1384 4061 μάννα
1430 3992 1489 4059 ἐξ
1516 3992 1726 4065 ὑψηλῆς
1755 4010 1889 4063 φρε-

306 4082 395 4143 νὸς
423 4080 683 4145 ύετίξεις,
712 4084 807 4137 καὶ
845 4081 1021 4151 ψυχὰς
1074 4080 1356 4152 ἑμπιπλᾷς
1390 4081 1639 4151 ἀγαθῶν,
1688 4084 1889 4138 πτινὼ-

305 4192 406 4239 σας
437 4174 608 4229 πολὺν
649 4175 753 4246 ήδη
808 4174 1002 4244 χρόνον
1046 4175 1109 4227 οὐ
1141 4174 1301 4244 λιμὸν
1336 4174 1526 4247 ἄρτου,
1579 4176 1702 4230 οὐδὲ
1732 4176 1889 4242 δίψος

302 4269 517 4334 ὕδατος,
547 4269 657 4323 τῶν
689 4267 908 4322 εύώνων
944 4269 1039 4321 καὶ
1067 4269 1413 4337 εὐπορίστων
1448 4270 1545 4323 καὶ
1580 4272 1757 4340 χαμαὶ
1799 4273 1890 4342 t9-

302 4364 552 4432 χομὲνων
587 4361 683 4413 καὶ
719 4377 939 4430 τροφων
997 4359 1093 4412 καὶ
1135 4359 1342 4425 ποτῶν,
1371 4358 1523 4413 ἀλλὰ
1551 4360 1745 4428 σοφίας
1792 4360 1889 4432 ξη-

301 4455 630 4524 ραινομὲνας
661 4454 860 4523 αὐχμῷ
890 4454 983 4507 καὶ
1015 4452 1163 4522 δίψει
1214 4453 1573 4519 παιδεύσεως,
1605 4453 1640 4525 ἢ
1671 4455 1766 4507 καὶ
1800 4453 1889 4509 λό-

298 4566 395 4616 γον
424 4548 592 4612 σώζει
610 4548 746 4617 πρὸς
772 4547 871 4618 τὴν
897 4545 1077 4618 ψυχὴν
1095 4548 1265 4617 ὅνπερ
1288 4546 1427 4618 πρὸς
1445 4546 1508 4600 τὸ
1529 4547 1690 4619 σῶμα
1707 4547 1880 4620 ψυχή.

310 4641 402 4708 Ἐξ
424 4632 502 4694 ὧν
531 4639 586 4694 τί
620 4639 867 4708 γίνεται;
903 4639 1227 4707 Πλατυσμδς
1262 4640 1601 4711 ἐπιστήμης,
1647 4639 1886 4695 ἀναϐίω-

300 4753 407 4799 σις,
431 4736 507 4797 ὡς
538 4736 737 4798 εἰπεῖν,
765 4733 962 4801 λόγων,
991 4732 1330 4802 άναθήλησῑς
1349 4750 1410 4786 τε
1445 4734 1607 4805 χοροῦ
1625 4734 1881 4803 λογικῶν,

299 4828 572 4899 ἀνάληψις
600 4826 969 4899 μαθημάτων,
1001 4819 1077 4882 ὧν
1109 4826 1233 4880 οὐδὲ
1257 4825 1326 4879 τὰ
1355 4826 1601 4897 ὀνόματα
1628 4827 1883 4899 γνώριμα

295 4926 358 4979 τὸ
389 4924 498 4994 πρὸ
528 4923 645 4977 τοῦ·
674 4921 848 4985 οὕτως
898 4921 1008 4977 ἔδει
1045 4920 1245 4975 πολλοῦ
1300 4920 1394 4974 τοῦ
1448 4920 1619 4974 ταῦτα
1657 4922 1881 4975 ἑπίστα⁹

299 5018 446 5072 σθαι·
479 5019 595 5083 καὶ,
626 5015 901 5070 συνελόντι
936 5015 1126 5084 φάναι,
1162 5016 1272 5078 πᾶς
1302 5030 1388 5078 τις
1413 5012 1593 5082 λόγων
1623 5013 1884 5084 ἐγκύμων

299 5112 398 5163 καὶ
431 5107 776 5179 μαθημάτων
799 5106 1116 5170 ἀνάπλεως.
1144 5106 1254 5159 Καὶ
1297 5103 1457 5160 τοῦτό
1491 5122 1597 5172 σοι,
1635 5104 1882 5176 βασιλεῦ,

294 5203 360 5256 τὸ
390 5200 577 5272 ἔργον,
621 5200 725 5254 οὐκ
752 5198 1000 5264 ἔλαττον,
1052 5197 1184 5269 ἐμοὶ
1227 5197 1432 5265 δοκεῖν,
1478 5197 1589 5250 τῶν
1626 5197 1882 5268 μεγάλων

373 5363 488 5433 (42)
521 5362 757 5433 Georgio
815 5357 1157 5433 Acropolita,
1190 5357 1274 5433 _de
1306 5371 1438 5433 _quo
1496 5365 1695 5433 prmter
1743 5354 1883 5412 alios

295 5424 413 5492 vid.
437 5424 871 5489 A'llatius'liiatr.
902 5424 980 5482 de
1002 5427 1276 5497 Georgiis.
1306 5424 1361 5479 In
1390 5424 1726 5480 testimoniis
1752 5436 1881 5497 ante

297 5507 599 5564 Dusianam
633 5501 963 5570 Acropolitae
1000 5496 1253 5570 Historiae
1286 5498 1593 5570 editionem
1628 5496 1880 5570 apposita

295 5581 523 5634 fuerunt
545 5566 798 5644 Gregorii
833 5587 960 5625 eum
992 5569 1272 5624 laudantis
1300 5568 1493 5644 verba,
1523 5570 1592 5620 ab
1623 5566 1871 5644 κίνδυνρς

295 5647 411 5720 εἶχε
441 5647 508 5701 ad
542 5637 859 5731 adripia'w,
895 5640 1469 5731 ηιιοιςυιιιηιιιρχὶιηιιιιι,
1497 5647 1706 5731 partem
1737 5637 1881 5718 Alla-

297 5706 410 5774 tiiis
441 5718 479 5772 l.
514 5731 563 5772 c.
603 5731 655 5783 [ι.
685 5706 790 5769 354
840 5706 1085 5782 repetiit.
1134 5709 1251 5783 Qui,
1286 5706 1524 5783 putavit-
1550 5706 1879 5783 Gregorium

299 5795 569 5859 integram
601 5778 667 5841 de
713 5778 1350 5859 laudibus‘Acropohta:
1385 5780 1697 5859 orationem
1741 5778 1880 5833 scri-

298 5850 499 5932 psisse,
525 5869 586 5932 et
611 5866 782 5932 totam
815 5854 1038 5932 a_Du_sis
1065 5850 1273 5932 editam
1330 5866 1437 5905 non
1472 5850 1641 5931 fuisse
1676 5864 1879 5932 quere-

300 5917 738 5997 batur,'Allatius
766 5922 1289 5996 iusiguilererravit,
1312 5935 1476 5995 quem
1498 5917 1743 5992 corrigas
1766 5917 1800 5973 Ι.
1826 5934 1874 5977 c.

1991 3343 2260 3399 adversus
2285 3343 2432 3399 illam
2458 3345 2881 3415 propensionem
2908 3343 3301 3403 inordinatam,
3342 3345 3576 3394 conten-

1992 3437 2128 3494 deus
2184 3438 2301 3495 haec
2324 3452 2546 3509 quoque
2596 3446 2843 3493 evertere
2883 3446 2943 3492 ut
2983 3435 3333 3492 inimicorum
3377 3430 3569 3495 millia,

1991 3539 2048 3584 et
2110 3528 2235 3584 altae
2299 3528 2587 3600 sapientia
2644 3537 2842 3584 cautus
2896 3526 3117 3583 exsistis
3174 3532 3573 3595 propugnator.

1993 3621 2145 3676 Tunc
2207 3629 2363 3677 tuum
2417 3621 2754 3678 Mercurium
2816 3621 3086 3677 hactenus
3141 3618 3396 3674 silentem
3466 3616 3577 3670 lin-

1990 3729 2097 3783 gua
2149 3712 2230 3768 uti
2282 3712 2520 3777 incitas,
2573 3720 2705 3779 aut,
2763 3720 2827 3767 ut
2883 3727 2983 3766 nos
3035 3709 3304 3771 dicimus,
3361 3706 3576 3776 Moyses

1991 3803 2132 3858 alter
2182 3801 2429 3868 evasisti,
2492 3802 2649 3874 quasi
2682 3818 2750 3857 ex
2800 3816 2962 3872 rupe,
3011 3799 3230 3857 silentis
3284 3798 3575 3870 sapientia

1992 3895 2224 3951 eliciens
2257 3894 2480 3951 ﬂumina
2508 3904 2565 3951 et
2603 3910 2800 3950 manna
2838 3909 2906 3950 ex
2942 3894 3088 3949 celsa
3139 3901 3321 3949 mente
3352 3892 3571 3963 pluens,

1993 3986 2153 4043 bonis
2200 3996 2457 4044 saturans
2518 3988 2730 4043 animas
2779 3987 3092 4043 esurientes
3144 3984 3349 4041 abhinc
3399 3983 3576 4040 multo

1996 4090 2269 4152 tempore,
2304 4094 2416 4137 non
2449 4079 2673 4153 quidem
2719 4079 2865 4137 fame
2913 4079 3096 4152 panis,
3133 4095 3237 4136 nec
3282 4078 3373 4137 siti
3415 4092 3574 4149 aqua:

1992 4183 2047 4229 et
2087 4176 2241 4230 velut
2300 4171 2685 4230 communium
2737 4181 2794 4228 et
2849 4172 3007 4227 humi
3052 4172 3355 4243 iacentium
3408 4185 3574 4226 escu-

1991 4267 2265 4321 lentorum
2292 4274 2349 4322 et
2378 4266 2817 4338 potulentorum,
2875 4263 2970 4322 sed
3002 4275 3325 4321 arescentes
3375 4263 3467 4319 siti
3518 4273 3575 4320 et

1993 4361 2135 4414 fame
2174 4358 2464 4426 doctrinae,
2505 4375 2626 4432 qua:
2657 4359 2906 4416 eamdem
2962 4358 3233 4414 rationem
3293 4358 3459 4413 habet
3504 4358 3573 4412 ad

1996 4452 2238 4505 animam
2294 4465 2458 4519 quam
2490 4452 2557 4507 ad
2585 4467 2790 4522 corpus
2827 4451 3033 4508 anima.
3068 4450 3147 4505 Ex
3191 4451 3277 4506 his
3306 4451 3437 4521 quid
3477 4451 3575 4506 lit?

1994 4541 2266 4598 Scientias
2299 4544 2617 4615 propagari,
2671 4543 2929 4600 suscitari
2988 4554 3049 4598 ut
3106 4543 3179 4598 ita
3220 4543 3573 4600 dicamlitte~

1994 4651 2104 4698 ras,
2156 4635 2356 4689 iterum
2402 4635 2774 4705 eloquentiam
2842 4635 3049 4707 vigere,
3103 4634 3303 4690 itermn
3372 4651 3571 4690 unum.

1992 4738 2283 4796 quernque‘
2329 4726 2649 4783 incumbere
2679 4726 3012 4798 disciplinis,
3064 4742 3300 4797 quarmn
3332 4740 3435 4782 nec
3467 4741 3570 4781 no-

1993 4819 2141 4873 mina
2176 4830 2342 4875 antea
2372 4819 2562 4875 decori
2594 4820 2851 4883 fuerant;
2883 4832 2961 4884 et,
2999 4830 3061 4875 ut
3090 4819 3334 4874 breviter
3368 4819 3570 4889 dicam,

1987 4928 2267 4984 quemque
2290 4914 2494 4969 litteris
2525 4912 2750 4983 plenum
2782 4928 2905 4969 esse
2924 4922 2981 4968 et
3010 4913 3259 4969 scientiis
3280 4911 3569 4973 refectum,

1988 5009 2054 5064 Et
2077 5010 2237 5075 illud,
2264 5025 2378 5074 rex,
2412 5024 2522 5063 non
2556 5010 2739 5063 minus
2768 5016 2852 5063 est
2879 5023 3040 5077 opus,
3078 5016 3138 5060 ut
3159 5006 3377 5077 opinor,
3405 5022 3569 5076 quam

1992 5100 2098 5156 ista
2152 5100 2418 5164 facinora,
2448 5115 2544 5168 per
2573 5115 2694 5169 qua:
2724 5096 2960 5151 dotuasti
2990 5096 3292 5168 principes,
3326 5107 3383 5151 et
3407 5104 3569 5151 terrae

1987 5202 2194 5248 metum
2228 5203 2285 5247 et
2311 5205 2567 5262 pavorem
2607 5188 2922 5256 incussisti;
2981 5189 3185 5260 quippe
3215 5189 3363 5245 enim
3408 5205 3563 5245 amo.

2026 5394 2041 5410 .
2069 5353 2196 5409 4‘23.

1984 5369 2378 5497 Figiplato,
2410 5425 2568 5497 cujus
2599 5424 2767 5480 verba
2796 5423 3071 5497 describit
3114 5422 3437 5494 Gregorius,
3468 5421 3569 5479 ha-

1986 5493 2100 5559 bet,
2145 5496 2374 5551 Phaedro
2408 5493 2594 5561 0.93,
2628 5495 3113 5561 ἀποτετόρνευται.

2057 5568 2169 5629 (Li)
2200 5566 2431 5638 Niceph.
2464 5567 2737 5638 Gregoras
2767 5582 2831 5638 _x,
2860 5563 2915 5638 2,
2951 5566 3005 5620 in
3036 5563 3356 5638 laudatione
3400 5564 3572 5621 Meto-

1985 5636 2146 5709 chita;
2181 5656 2193 5688 :
2224 5630 2413 5709 ίῑάκίτα
2440 5640 2550 5709 γάρ
2577 5630 2663 5702 ἐἷς
2692 5636 2829 5709 ἀνὴρ
2866 5634 3019 5709 οὗτος
3048 5630 3138 5707 ἦν.

2058 5706 2172 5775 (45)
2221 5704 2490 5775 Respicit,
2520 5704 2690 5778 'puto,
2730 5704 2950 5778 lle'siodi
3003 5704 3185 5760 lorum
3241 5706 3309 5762 de
3354 5704 3570 5778 Pudore

1984 5785 2040 5831 et
2068 5778 2313 5842 Neiuesi,
2346 5792 2442 5832 seu
2485 5776 2672 5848 potius
2712 5777 2866 5831 Arati
2906 5778 2973 5848 de
3005 5778 3252 5842 Justitia,
3284 5786 3342 5848 et
3379 5776 3571 5848 lapsus

2104 5849 2159 5902 in
2202 5849 2423 5904 noniiue
2471 5845 2647 5920 poeta:
2686 5847 3024 5903 scribendo:
3067 5849 3140 5904 cf.
3191 5846 3343 5904 Arati
3378 5845 3570 5911 Phaen.
