3894 6366
289 370 398 434 383.
1246 376 1571 438 GEORGII
1612 376 1868 437 (ΣΥΡίῖιί
1911 395 1915 423 <

2021 421 2026 436 .
2072 373 2585 436 PATRIARCHE
3426 376 3530 441 384

292 503 420 544 vere
445 487 653 544 cladem
687 504 809 561 quae
853 490 1090 547 animam
1146 493 1450 565 impugnat,
1490 504 1546 551 et
1606 495 1750 550 inter
1775 507 1863 547 res
1892 500 1915 554 Α

2021 490 2214 555 ξείνων,
2255 490 2323 544 δι’
2360 482 2434 544 ὧν
2465 490 2649 553 πόλεις
2682 490 2776 543 καὶ
2794 490 3061 561 ἄρχοντας
3089 488 3258 541 ἐθνῶν
3280 490 3408 553 τοὺς
3440 492 3540 560 μὲν

296 581 528 636 rationis
581 592 859 652 expertes,
909 598 1027 637 eam
1076 584 1307 641 rationis
1343 587 1662 657 participem
1717 588 1865 642 redi-

2021 582 2325 651 αρεστὴσω,
2348 579 2472 642 τοὺς
2493 580 2550 632 δὲ
2577 578 2847 643 καθεῖλες,
2877 578 2943 631 δι’
2985 574 3060 631 ὧν
3094 578 3397 648 πρίγκιπας
3425 580 3540 650 (46)

296 689 424 744 gere
486 674 796 739 contendit,
850 692 1017 745 quam
1073 678 1263 732 hostes
1301 678 1447 733 foras
1477 679 1867 748 perturbantes

2021 676 2272 739 ῖουλώσω,
2303 674 2398 728 καὶ
2450 673 2657 742 τρόμου
2693 673 2789 726 καὶ
2840 671 3088 743 ταραχῆς
3123 671 3222 741 τὴν
3274 670 3363 738 ὑφ’
3391 672 3542 742 ἡλιον

296 775 647 836 prosternere
676 766 826 820 nullo
868 763 1031 821 modo
1079 768 1250 839 magis
1282 768 1618 824 dedecorum
1644 781 1748 825 est.
1778 768 1869 824 Sic

2021 769 2236 839 τλησας,
2264 768 2397 838 παρ’
2426 767 2550 820 ὅσον
2587 765 2684 819 καὶ
2710 765 2880 827 πάθος
2908 763 3159 817 καθελεῖν
3201 764 3343 820 κατά
3365 764 3544 834 ψυχῆς

298 874 399 928 per
462 869 512 913 te
563 858 832 914 bonorum
876 859 1117 937 ﬂumen.
1157 861 1301 915 inter
1346 877 1448 916 nos
1506 862 1759 928 deﬂuxit,
1818 870 1872 916 et

303 951 489 1006 omnia
550 951 817 1005 salutaria
882 953 1261 1024 contigerunt,
1293 963 1349 1008 ct
1381 953 1670 1008 manifeste
1725 963 1870 1008 tuam

303 1045 579 1099 fortunam
690 1059 877 1101 nostra
958 1047 1250 1103 subsecuta
1339 1058 1427 1103 est
1512 1048 1872 1117 prosperitas.

306 1137 672 1204 Quamobrem
710 1140 1020 1211 inspicienti
1055 1140 1253 1210 cuique
1302 1157 1425 1195 cum
1482 1141 1680 1212 quibus
1709 1156 1875 1211 opor-

313 1241 426 1287 teat
457 1242 548 1287 tua
572 1233 845 1299 conferre,
873 1234 1053 1304 inopia
1084 1234 1247 1288 simul
1280 1251 1341 1290 ac
1367 1233 1656 1293 difﬁcultas
1682 1249 1878 1289 occur-

312 1334 461 1378 runt.
512 1326 624 1379 Nec
680 1326 827 1380 enim
892 1326 1183 1394 quisquam
1243 1341 1313 1381 ex
1377 1326 1619 1395 antiquis
1690 1336 1882 1382 an...0

311 1419 640 1473 obversatur
702 1432 864 1487 quem
926 1433 1143 1487 mquum
1191 1418 1263 1472 sit
1314 1427 1493 1472 tecum
1522 1408 1796 1483 conferre,
1826 1424 1884 1471 et

315 1511 511 1580 siquis
547 1525 669 1565 sese
722 1509 935 1572 oﬂ‘erat,
966 1525 1160 1565 vereor
1213 1524 1283 1563 ne
1331 1509 1555 1563 omnino
1602 1509 1881 1564 dissonam

318 1601 781 1671 comparationem
816 1601 1038 1664 faciam,
1078 1616 1188 1655 non
1222 1616 1345 1655 eum
1373 1601 1600 1670 majore,
1633 1615 1733 1654 nec
1756 1614 1884 1654 eum

316 1694 538 1765 aequali,
600 1703 784 1762 utpar
844 1704 947 1756 est,
983 1708 1103 1746 eam
1158 1691 1409 1745 faciendo
1455 1708 1468 1743 :
1533 1691 1666 1743 Nam
1693 1704 1887 1744 omnes

320 1788 482 1843 video
536 1786 630 1841 tibi
664 1786 886 1841 dotibus
930 1800 1055 1851 esse
1099 1785 1364 1849 minores,
1421 1791 1481 1837 ut
1515 1782 1700 1836 omnia
1740 1790 1886 1836 astra

1974 862 2433 931 στρατευόμενον,
2462 859 2556 912 καὶ
2590 857 2730 927 μετά
2762 859 2873 911 τῶν
2899 858 3112 923 ἀλόγων
3155 859 3372 912 τάττειν
3404 858 3546 925 λογι-

1975 954 2076 1024 κὴν
2104 949 2271 1007 οὖσαν
2327 949 2697 1020 φιλονεικοῦν,
2722 949 2814 1003 τοῦ
2868 950 2996 1012 τοὺς
3028 949 3378 1020 ἐνοχλοῦντας
3420 950 3551 1014 ἕξων

1976 1048 2068 1101 θεν
2103 1045 2467 1101 καταϐάλλειν
2521 1044 2759 1115 ἐχθροὺς
2807 1042 2960 1096 οὐδὲν
3016 1042 3364 1112 ἀτιμότερον.
3395 1040 3551 1095 Οῦτω

1975 1139 2064 1192 διὰ
2098 1139 2155 1191 σὲ
2185 1138 2432 1193 Θάλασσα
2454 1136 2635 1189 καλῶν
2664 1137 2798 1205 ἡμῖν
2828 1134 3084 1205 ἐξεχύθη,
3115 1136 3211 1188 καὶ
3239 1136 3345 1188 πᾶν
3373 1134 3553 1188 ὁτιοῦν

1981 1234 2249 1302 σωτήριον
2273 1230 2589 1298 ἐπεγένετο,
2614 1230 2706 1282 καὶ
2727 1230 2792 1298 τῇ
2824 1231 2898 1299 σῇ
2921 1228 3060 1300 τύχῃ
3101 1228 3346 1298 ἐναργῶς
3368 1229 3396 1281 ὁ
3419 1227 3554 1298 ἡμέ-

1979 1343 2136 1397 τερος
2171 1322 2613 1395 ἐπηκολούθησεν
2640 1323 2818 1384 ὄλϐος.
2850 1322 2927 1375 Δι’
2954 1322 2989 1376 ἃ
3017 1321 3081 1392 δὴ
3115 1322 3209 1376 καὶ
3245 1322 3555 1390 σκοπουμέ-

1981 1435 2095 1481 νοις
2125 1418 2260 1486 πρὺς
2288 1415 2324 1471 ἆ
2355 1415 2438 1469 δεῖ
2463 1416 2558 1470 καὶ
2590 1415 2967 1486 παραϐάλλειν
2997 1415 3064 1469 τά
3093 1415 3162 1468 σὰ
3190 1415 3310 1478 δέος
3350 1431 3408 1467 τε
3440 1416 3557 1483 ἅμα

1983 1511 2081 1562 καλ⁸
2109 1507 2311 1577 ἀπορία
2339 1507 2717 1578 προσγίνεται.
2752 1506 2891 1559 Οῦτε
2923 1506 3035 1577 γὰρ
3065 1508 3145 1569 είς
3186 1507 3408 1577 μνήμην
3434 1506 3558 1575 ἥκει

1983 1616 2068 1663 τις
2100 1599 2209 1653 τῶν
2234 1599 2404 1653 πάλαι
2436 1600 2573 1671 πρὸς
2606 1600 2666 1651 σὲ
2702 1598 3175 1671 παρεξετάζεσθαι
3200 1600 3425 1664 δίκαιος,
3448 1599 3558 1663 καὶ,

1989 1698 2040 1749 εί
2073 1695 2217 1749 ἔλθοι
2243 1713 2350 1762 τις,
2386 1696 2601 1750 δέδοικα
2626 1695 2703 1765 μὴ
2736 1697 2952 1755 πάντως
2982 1695 3299 1766 ἀπᾴδουσαν
3330 1696 3563 1763 ποιήσω-

1993 1807 2092 1860 μαι
2114 1790 2211 1860 τὴν
2244 1790 2512 1856 ἐξέτασιν,
2537 1789 2610 1859 μὴ
2643 1789 2782 1859 πρὸς
2811 1788 3057 1859 μείζονα,
3095 1773 3393 1857 μηδεπρδς
3425 1789 3564 1853 ἴσον,

322 1881 451 1942 soli.
482 1880 692 1935 etillud
729 1888 984 1949 tanquam
1017 1877 1282 1933 honorem
1334 1877 1558 1940 ducere,
1591 1875 1738 1946 quod
1789 1875 1888 1931 ali-

2021 1884 2068 1944 );
2099 1884 2238 1946 δέον,
2286 1882 2425 1936 ἀλλά
2475 1882 2609 1952 πρὸς
2645 1882 2905 1936 ἐλάττονα
2938 1880 3150 1947 ταύτην
3197 1882 3523 1951 ποιούμενος
3547 1895 3562 1911 ³

323 1972 449 2045 quis
501 1973 708 2043 primus
740 1982 866 2043 post
920 1980 974 2027 te
1031 1978 1341 2026 censeatur.
1391 1970 1537 2041 Ergo
1579 1977 1635 2023 et
1680 1967 1889 2037 Cyros,

324 2066 541 2130 Darios,
592 2062 931 2119 Alexandros
961 2072 1016 2118 et
1063 2062 1359 2133 Augustos,
1394 2071 1449 2117 et
1498 2060 1590 2130 qui
1636 2058 1895 2114 Barbaris

326 2167 489 2225 atque
517 2152 778 2209 Romanis
804 2153 1147 2223 imperarunt
1173 2161 1226 2209 et
1252 2154 1319 2208 ad
1352 2153 1645 2207 maximam
1668 2150 1895 2222 gloriam

328 2247 573 2319 provecti
605 2255 751 2313 sunt,
792 2247 934 2314 illos,
989 2249 1305 2319 quicunque
1348 2255 1499 2310 sunt,
1537 2255 1649 2300 tum
1679 2245 1733 2299 in
1778 2258 1893 2297 me-

328 2341 482 2394 dium
527 2338 728 2394 afferre
763 2338 1016 2408 iniquum
1060 2336 1323 2393 arbitror.
1351 2338 1636 2405 Quodnam
1669 2350 1792 2391 eum
1824 2344 1901 2389 ιε-

322 2433 520 2489 nebris
561 2434 692 2489 solis
723 2432 1083 2498 consortium,
1124 2432 1239 2487 sive
1269 2446 1393 2486 cum
1421 2431 1640 2486 fortuna
1673 2428 1902 2484 rationis

332 2537 389 2582 ct
418 2527 723 2595 prudentiae
757 2527 874 2581 sive
916 2542 1038 2581 cum
1072 2525 1280 2581 somnis
1322 2524 1611 2579 veritatis?
1652 2530 1747 2578 aut
1784 2535 1906 2592 qua:

335 2620 515 2672 virtus
540 2619 591 2671 in
619 2632 743 2688 rege
785 2616 1093 2689 eil‘ulgeret,
1132 2617 1237 2671 nisi
1282 2632 1311 2671 a
1338 2617 1448 2672 Deo
1478 2614 1784 2681 dirigatur?
1813 2624 1908 2667 aut

336 2726 462 2779 quae
492 2711 662 2780 gloria
688 2710 733 2765 si
762 2711 907 2765 absit
933 2710 1211 2763 Creatoris
1248 2708 1524 2778 cognitio?
1563 2708 1688 2763 Illos
1724 2713 1907 2761 autem

341 2804 436 2874 qui
464 2803 760 2858 secundum
781 2802 875 2857 Dei
900 2811 1229 2873 praeceptum
1256 2808 1622 2870 regnaverunt
1642 2800 1688 2854 si
1707 2799 1831 2869 quis
1854 2798 1907 2851 in

344 2896 583 2951 medium
611 2895 869 2962 adducat,
917 2895 1066 2950 solus
1108 2894 1273 2949 etiam
1330 2909 1399 2949 ex
1454 2893 1523 2949 iis
1558 2892 1699 2947 bona
1759 2905 1910 2960 quaa-

343 3002 561 3056 eunque
593 2988 658 3040 ad
694 2985 952 3041 virtutem
976 2996 1032 3041 et
1070 2985 1241 3040 Deum
1285 2983 1567 3053 pertinent
1593 2982 1912 3052 complexus

343 3095 404 3134 es
442 3099 455 3135 :
486 3081 528 3134 si
572 3094 701 3132 vero
731 3079 992 3148 aspiciam
1045 3077 1229 3132 omnia
1263 3078 1316 3130 in
1369 3076 1570 3146 quibus
1609 3075 1914 3131 titubavere

344 3181 424 3237 et,
485 3170 693 3237 jusmia
737 3170 1077 3234 decrrantes,
1131 3167 1365 3221 virtutes
1426 3181 1553 3221 suas
1612 3166 1916 3221 maculave-

1998 1975 2209 2038 πάντας
2237 1974 2347 2044 γάρ
2376 1975 2487 2045 ὁρῶ
2515 1990 2611 2026 σου
2639 1973 2749 2026 τῶν
2780 1972 2962 2027 καλῶν
2989 1972 3357 2042 ἡττωμένους,
3380 1972 3569 2045 ὥσπερ

1998 2066 2151 2136 ἡλίου
2193 2066 2318 2131 τοὺς
2352 2066 2562 2129 πάντας
2593 2066 2852 2136 ἀστέρας,
2891 2065 2989 2117 καὶ
3037 2062 3184 2118 τοῦθ’
3229 2064 3571 2134 ἡγουμένους

2000 2158 2336 2231 φιλοτιμίαν,
2369 2158 2519 2220 ὅστις
2550 2157 2769 2229 πρῶτος
2811 2156 3060 2211 τάττοιτο
3087 2156 3227 2227 μετά
3253 2158 3333 2211 σέ.
3372 2156 3573 2211 Μέντοι

2000 2268 2063 2319 γε
2100 2250 2195 2305 καὶ
2241 2250 2354 2320 (47)
2405 2248 2629 2318 Κύρους
2661 2249 2929 2313 ἐκείνους,
2976 2249 3257 2315 Δαρείους,
3329 2246 3576 2311 Ἀλεξάν-

2002 2343 2184 2414 δρους,
2227 2342 2322 2394 καὶ
2369 2340 2737 2408 Αὐγούστους,
2788 2339 2884 2392 καὶ
2954 2337 3155 2404 οἵτινες
3238 2337 3510 2409 Ἑλλήνων
3540 2338 3575 2408 ἢ

2006 2433 2303 2506 βαρϐάρων
2349 2433 2385 2504 ἡ
2441 2430 2734 2502 Ῥωμαίων
2786 2414 3102 2503 ἐκράτησαν
3141 2431 3278 2486 κάπὶ
3329 2430 3579 2485 πλεῖστον

2008 2528 2253 2598 προῆκον
2282 2526 2572 2597 ὀνόματος,
2594 2526 2845 2590 τούτους,
2869 2526 3045 2579 ὁποῖοί
3065 2527 3210 2589 τινές
3238 2526 3399 2590 είσιν,
3430 2523 3581 2594 ἔμοι-

2008 2637 2072 2689 γε
2104 2622 2198 2674 καὶ
2251 2619 2439 2691 φέρειν
2481 2619 2620 2682 ὅλως
2674 2618 2757 2682 είς
2792 2618 2958 2690 μέσον
3006 2617 3290 2688 ἀθέμιτον.
3335 2617 3433 2681 Τίς
3473 2619 3582 2688 γὰρ

2010 2714 2144 2783 πρὸς
2177 2712 2368 2775 σκότος
2396 2711 2652 2765 κοινωνία
2681 2712 2855 2782 ἡλίου,
2880 2709 2912 2780 ἢ
2945 2709 3116 2781 τύχης
3145 2709 3305 2777 λόγου
3331 2708 3426 2762 καὶ
3448 2725 3581 2778 προ-

2011 2805 2181 2867 νοίας.
2216 2804 2248 2875 ἢ
2279 2804 2580 2874 ὀνειράτων
2628 2803 2725 2856 καὶ
2775 2801 3060 2871 ἀληθείας,
3103 2801 3247 2871 ἢτίς
3300 2800 3368 2854 ἂν
3411 2800 3580 2870 ἀρετὴ

2016 2896 2294 2967 βασιλείας
2319 2894 2540 2967 φανείη,
2563 2896 2636 2965 μὴ
2668 2893 2802 2948 Θεοῦ
2828 2892 3346 2964 χειραγωγουμένης
3371 2890 3582 2962 χερσίν;

2015 2992 2048 3061 ἡ
2078 2992 2161 3054 τίς
2192 2989 2432 3057 εὔκλεια,
2464 2989 2816 3058 ἐπιγνώσεως
2843 2988 3090 3059 ἀπούσης
3119 2986 3212 3041 τοῦ
3257 2986 3539 3050 κτίσαντος
3568 3001 3585 3050 ;

2018 3084 2155 3146 Τοὺς
2188 3083 2244 3136 δὲ
2274 3081 2413 3135 κατά
2444 3081 2607 3151 νόμον
2646 3079 3105 3151 βεϐασιλευκότας
3135 3077 3273 3131 Θεοῦ
3318 3077 3475 3152 εῐπερ
3510 3080 3590 3142 είς

2024 3173 2190 3240 μέσον
2226 3171 2463 3239 παράγοι
2493 3187 2599 3236 τις,
2630 3170 2725 3222 καὶ¹
2772 3167 3001 3233 τούτων,
3054 3167 3298 3238 βασιλεῦ,
3334 3168 3434 3221 ὅσα
3493 3167 3591 3238 μὲν

351 3272 499 3328 runt,
544 3271 753 3317 tantum
792 3261 860 3316 ab
921 3261 1027 3316 illis
1058 3259 1227 3315 distas
1266 3258 1563 3331 (quomodo
1596 3256 1647 3311 id
1683 3268 1806 3328 apte
1837 3257 1915 3312 di-

2023 3237 2131 3315 τῶν
2155 3237 2497 3329 ἀγαθῶνκαὶ
2520 3259 2657 3329 πρὸς
2689 3258 2894 3329 ἀρετὴν
2916 3259 3011 3313 καὶ
3036 3237 3169 3311 Θεὸν
3208 3260 3466 3329 φέροντα,
3497 3237 3594 3326 μό-

356 3356 576 3423 xerim?)
614 3364 877 3425 quantum
909 3354 1054 3408 inter
1100 3361 1299 3406 terram
1349 3359 1405 3406 et
1437 3351 1623 3405 lunam
1656 3350 1920 3404 interval-

352 3451 489 3505 lum.
516 3450 595 3503 Tu
620 3449 838 3517 Moysis,
866 3455 920 3502 tu
956 3456 1010 3502 et
1038 3448 1223 3512 Josue,
1249 3446 1477 3500 alterius
1506 3445 1677 3514 gratia
1710 3442 1921 3499 cmleSti

356 3551 414 3598 et
464 3555 784 3611 magnorum
834 3539 1114 3595 eﬂectrice
1150 3539 1417 3608 potentia,
1446 3546 1625 3606 atque-
1663 3534 1943 3589 adversus‘

356 3635 748 3691 exaeerbantes
827 3632 1280 3702 longanimitate,
1367 3629 1593 3684 alterius
1673 3626 1925 3683 militiam

364 3727 669 3798 imperandi
694 3735 750 3782 et
781 3725 1044 3796 populum
1084 3722 1431 3794 gubernandi
1465 3721 1683 3792 peritia,
1720 3728 1776 3775 et
1804 3735 1927 3774 mu-

366 3836 497 3877 nere
552 3818 880 3886 deducendi,
913 3826 973 3873 ut
1005 3817 1118 3883 ille,
1160 3817 1417 3887 pupulum
1443 3813 1511 3869 ad
1550 3823 1747 3869 terram
1777 3823 1932 3884 opta-

367 3927 474 3969 tam
509 3914 877 3984 locupletatus
930 3925 1011 3966 es.
1059 3909 1279 3965 Davidis
1322 3909 1612 3964 aemulatus
1658 3922 1719 3963 es
1780 3922 1932 3961 man-

2024 3372 2116 3418 νος
2141 3354 2420 3409 συλλαϐὼν
2451 3355 2617 3425 ἔχεις,
2664 3353 2760 3407 καὶ
2789 3351 3028 3415 οὐδενὸς,
3063 3352 3122 3403 έν
3157 3345 3238 3414 οἷς
3287 3347 3433 3422 είχον
3465 3366 3595 3418 φρο-

2027 3451 2160 3512 νεῖν,
2185 3446 2365 3515 φέρων
2404 3446 2566 3515 φαίνῃ
2596 3444 2665 3496 τά
2690 3443 2944 3513 δεύτεραο
2999 3443 3067 3495 τὰ
3098 3439 3143 3494 δ’
3176 3440 3261 3508 ἐφ’
3291 3442 3436 3502 ὅσοις
3472 3437 3599 3492 ὠλί-

2031 3540 2246 3593 σθαινον
2275 3537 2481 3591 καὶτοῦ
2512 3537 2723 3599 δέοντος
2754 3534 3184 3603 ἐκπορευόμενοι
3229 3531 3327 3595 τάς
3366 3530 3600 3601 προσού-

2033 3648 2132 3692 σας
2170 3628 2480 3698 διέφθειρον
2511 3626 2736 3694 ἀρετὰς,
2795 3625 3057 3679 τοσοῦτον
3107 3624 3329 3691 ἀπεῖχες
3364 3621 3502 3691 (πῶς
3533 3620 3601 3673 ἂν

2034 3720 2243 3789 εἴποιμι
2279 3717 2483 3781 ἱκανῶς
2503 3716 2568 3784 ;),
2595 3717 2719 3768 ὅσον
2750 3714 2852 3783 γῆς
2881 3714 2975 3769 καὶ
3006 3712 3238 3783 σελήνης
3268 3710 3328 3763 τὸ
3374 3707 3600 3778 μεταξύ.

2034 3811 2107 3864 Σὺ
2137 3810 2438 3870 Μωῦσέως,
2473 3809 2537 3862 σὺ
2566 3808 2660 3860 καὶ
2702 3804 2900 3875 Ἰησοῦ,
2942 3804 3035 3857 τοῦ
3066 3804 3164 3874 μὲν
3205 3802 3305 3873 τὴν
3330 3800 3386 3867 ἐξ
3437 3799 3604 3868 ὕψους

2036 3904 2197 3976 χάριν
2233 3905 2329 3958 καὶ
2355 3902 2451 3973 τὴν
2482 3901 2551 3954 τά
2589 3900 2801 3971 μεγάλα
2853 3895 3183 3965 ἐνεργοῦσαν
3224 3895 3477 3964 δύναμιν,
3512 3891 3606 3945 καὶ

373 4006 747 4070 suetudinem,
778 4013 831 4058 et
858 4003 1204 4074 potissimum
1238 4017 1265 4055 a
1301 4010 1497 4075 natura
1527 4000 1793 4055 adversus
1841 4016 1915 4055 eo:

2037 3995 2098 4048 τὸ
2122 3995 2266 4048 κατά
2288 3993 2399 4047 τῶν
2428 3987 2985 4060 παραπικραινόντων
3030 3984 3404 4056 μακρόθυμον,
3431 3980 3527 4035 τοῦ
3550 3979 3608 4033 δὲ

369 4099 462 4171 qui
514 4097 617 4152 sibi
672 4071 972 4150 illudebant
1006 4093 1242 4148 habuisti
1301 4071 1672 4156 clementiam,
1714 4099 1787 4155 et,
1825 4105 1915 4146 nor

2040 4086 2142 4157 τὴν
2170 4084 2380 4154 ἀγαθὴν
2417 4080 2775 4153 στρατηγίαν,
2811 4078 2908 4132 καὶ
2951 4078 3050 4146 τὴν
3076 4073 3459 4146 δημαγωγίαν,
3514 4071 3611 4124 καὶ

372 4163 554 4245 minus
576 4202 739 4259 quam
772 4186 869 4254 illi,
923 4183 1201 4240 timendus
1232 4182 1353 4237 aliis
1379 4182 1635 4253 gentibus
1653 4180 1906 4235 exstitisti

2043 4178 2103 4233 τδ
2124 4178 2219 4233 τδν
2252 4176 2381 4230 λαὸν
2413 4174 2621 4244 Κυρίου
2654 4172 2790 4241 πρὸς
2820 4172 2920 4242 τὴν
2948 4168 3320 4238 ἐπιθυμητὴν,
3367 4165 3440 4225 ὡς
3471 4163 3613 4259 έκεῖ-

370 4253 660 4354 genuinam
678 4281 823 4336 enim
846 4281 1126 4335 lenitatem
1145 4277 1278 4333 solis
1297 4275 1556 4347 subjectis
1572 4274 1636 4328 ad
1658 4274 1779 4328 illos
1796 4271 1915 4327 dele

2045 4287 2159 4334 νος,
2209 4268 2498 4336 κατάγειν,
2554 4263 2922 4331 ἐπλούτησας.
2971 4257 3136 4311 Δαυῒδ
3184 4256 3464 4325 ὲζὴλωσας
3511 4253 3611 4321 τὴν

373 4344 603 4429 ctandos
626 4371 929 4441 praabuisti.
983 4369 1291 4426 Salomonis
1314 4344 1644 4437 sapientiam
1672 4372 1727 4420 et
1758 4362 1915 4419 latitu

2048 4361 2353 4432 πραότητα,
2389 4358 2591 4429 μᾶλλον
2620 4355 2677 4409 δὲ
2708 4353 2846 4424 πρὸς
2882 4351 3098 4421 φύσεως
3128 4350 3389 4419 ἔσχηκας,
3431 4347 3524 4400 καὶ
3552 4344 3615 4398 τδ

376 4468 559 4521 dinem
584 4465 766 4522 cordis
799 4465 1104 4534 amplexus,
1136 4462 1204 4517 ab
1238 4462 1361 4516 aliis
1388 4459 1633 4530 ejusdem
1663 4467 1913 4512 aversatu

2049 4454 2372 4520 ἀνεξίκακον
2408 4452 2544 4522 πρὸς
2577 4450 2705 4511 τοὺς
2749 4444 3147 4517 παροινοῦντας
3173 4457 3188 4472 ο
3241 4441 3335 4494 καὶ
3388 4437 3618 4507 φοϐερὸς

375 4575 473 4624 es;
503 4569 578 4616 et.
602 4570 657 4612 ut
682 4558 902 4612 omissis
926 4557 1031 4611 illis
1060 4556 1151 4624 qui
1191 4554 1419 4626 gratiam
1440 4558 1859 4622 praecesserunt,
1879 4563 1915 4602 at

2021 4577 2026 4616 ι
2049 4545 2147 4616 οὐχ
2175 4540 2338 4616 ἦττον
2366 4541 2577 4596 ἐκείνου
2612 4541 2728 4603 τοῖς
2757 4535 3081 4605 ἀλλοφύλοις
3110 4531 3491 4599 καθέστηκας·
3516 4530 3616 4593 τὴν

379 4662 532 4704 tuu.'n
559 4648 936 4719 cognominem
981 4647 1217 4708 veniam,
1246 4644 1337 4715 qui
1391 4643 1600 4712 primus
1628 4641 1771 4695 inter
1790 4639 1945 4694 Chri-

379 4743 586 4795 stianos
637 4740 902 4809 regnavit,
944 4738 1089 4791 illius
1118 4750 1337 4805 quoque
1373 4733 1579 4787 habens
1609 4731 1677 4785 ad
1737 4729 1947 4785 cultum

382 4832 853 4893 Deialacritatcm,
894 4809 1142 4883 et'eruce
1174 4825 1346 4879 vincis
1398 4823 1610 4885 hostes,
1646 4828 1701 4875 et
1724 4817 1949 4883 videris,

384 4936 477 4980 aut
504 4925 684 4994 potius
729 4922 948 4979 exsistis
996 4920 1049 4974 in
1077 4935 1259 4991 pugna
1301 4918 1561 4980 invictus,
1589 4927 1644 4971 et
1673 4920 1734 4968 ut
1778 4911 1951 4983 magis

385 5026 693 5074 accuratam
759 5015 1048 5086 imaginem
1118 5013 1361 5084 praebere
1445 5011 1643 5081 possis,
1714 5006 1954 5063 mdiﬁcas

388 5113 685 5175 civitatem,
720 5125 884 5180 quam
921 5109 1010 5164 ille
1057 5105 1310 5162 conditor
1344 5101 1666 5160 nominavit.
1694 5101 1763 5156 Et
1791 5098 1954 5168 quid-

390 5204 519 5276 quid
541 5202 866 5259 Theodosiis
889 5201 1097 5272 magnis
1125 5210 1181 5255 et
1207 5198 1439 5262 caeteris,
1459 5205 1620 5265 atque
1635 5190 1957 5249 Justinianis

390 5308 446 5353 et
474 5298 554 5353 eis
598 5299 690 5368 qui
735 5311 857 5351 cum
923 5296 1030 5349 illis
1090 5294 1155 5347 ad
1201 5292 1486 5346 maximam
1549 5286 1781 5359 gloriam
1828 5299 1957 5354 per-

390 5400 683 5452 venerunt,
746 5389 928 5443 inerat
974 5385 1212 5456 pietatis,
1247 5380 1532 5437 charitatis
1586 5379 1640 5432 in
1685 5377 1960 5440 Deuln,et

395 5487 658 5542 adversus
703 5480 945 5553 pericula
979 5478 1321 5535 strenuitatis
1349 5483 1405 5530 et
1426 5473 1670 5546 justitiae,
1704 5471 1757 5526 in
1794 5469 1961 5524 rebus

396 5574 653 5650 gerendis
698 5584 753 5628 et
785 5570 1140 5642 providendis
1196 5567 1555 5633 excellentiae,
1589 5575 1645 5619 et
1691 5561 1961 5633 quidquid

469 5713 582 5787 (46)
608 5713 720 5769 Hac
744 5726 876 5767 voce
901 5710 1127 5766 barbara
1153 5708 1472 5764 Latinorum
1500 5706 1666 5759 duces
1691 5699 1963 5771 praecipue

398 5788 691 5859 δῑειιὶἑίοέιο
808 5854 827 5859 _
895 5845 900 5851 .

477 5849 587 5927 (47)
618 5853 775 5911 Deest
804 5849 983 5911 forsan
1011 5851 1141 5922 quid
1170 5858 1293 5905 ante
1324 5849 1476 5913 μέντ.

2051 4637 2158 4705 γὰρ
2217 4632 2454 4702 φυσικὴν
2511 4628 2830 4700 ἡμερότητα
2892 4625 3076 4696 μόνοις
3128 4625 3208 4684 είς
3242 4619 3454 4690 τρυφὴν
3504 4620 3618 4681 τοῖς

2054 4726 2318 4796 ὑπηκόοις
2348 4723 2726 4792 παρέσχηκας.
2762 4716 3110 4787 Σολομῶντος
3143 4716 3243 4780 τὴν
3282 4710 3499 4764 σύνεσιν
3527 4711 3621 4763 καὶ

2052 4817 2116 4872 τὸ
2144 4818 2243 4888 τὴν
2275 4814 2505 4885 καρδίας
2537 4810 2740 4873 πλάτος
2773 4808 3093 4875 δεξάμενος,
3124 4806 3291 4859 τᾶλλα
3313 4803 3504 4857 τούτου
3537 4817 3624 4871 με·

2059 4910 2319 4981 μίσηκας.
2349 4908 2455 4961 Καὶ
2480 4906 2587 4969 ἵνα,
2608 4906 2735 4968 τοὺς
2762 4902 2870 4974 πρδ
2890 4902 2986 4971 τῆς
3010 4899 3230 4970 χάριτος
3249 4892 3625 4966 παραδραμὼν

2056 5003 2149 5056 ἐπὶ
2173 5002 2266 5054 τὸν
2298 4999 2388 5052 σὺν
2437 4997 2728 5067 ὁμώνυμον
2775 4993 2893 5064 (48)
2944 4991 3105 5051 ἔλθω,
3153 4987 3244 5042 τὸν
3300 4985 3518 5055 πρῶτον
3568 4983 3627 5033 ἑν

2058 5093 2408 5164 Χριστιανοῖς
2428 5088 2847 5160 βασιλεύσαντα,
2875 5084 2967 5138 καὶ
2994 5081 3184 5135 τούτου
3201 5079 3389 5149 φέρεις
3409 5076 3470 5130 τὸ
3503 5073 3627 5144 περὶ

2058 5188 2119 5241 τδ
2143 5184 2306 5247 σέϐας
2333 5182 2559 5253 θερμὸν,
2602 5180 2699 5235 καὶ
2742 5176 2964 5247 σταυρῷ
3011 5176 3168 5244 νικᾷς
3216 5172 3342 5233 τοὺς
3380 5168 3626 5237 ἐχθροὺς.

2062 5277 2158 5331 καὶ
2214 5274 2404 5345 φαίνῃ,
2463 5272 2663 5343 μᾶλλον
2715 5270 2773 5322 δὲ
2818 5267 2912 5321 καὶ
2961 5265 3227 5334 ὑπάρχεις
3281 5262 3339 5313 ὲν
3374 5258 3631 5326 πολέμοις

2060 5374 2350 5442 ἀήττητος,
2404 5370 2501 5423 καὶ
2547 5364 2613 5418 ἶν’
2663 5359 3056 5431 ἀκριϐέστερον
3110 5355 3236 5425 ἔχῃς
3293 5351 3391 5421 τὴν
3446 5348 3632 5442 εἰκόνα

2061 5437 2356 5527 δεικνύναι,
2409 5458 2668 5530 τειχίζεις
2730 5452 2906 5514 πόλιν,
2985 5443 3050 5519 ἦς
3114 5446 3317 5504 ἐκεῖνος
3371 5437 3632 5508 πολιστὴς

2065 5559 2427 5631 ἐχρημάτισε.
2459 5546 2755 5606 Θεοδοσίων
2787 5542 2896 5597 τῶν
2946 5537 3196 5610 μεγάλων
3229 5534 3324 5588 καὶ
3359 5533 3468 5585 τῶν
3513 5531 3631 5583 mu

2139 5695 2248 5767 (ιε)
2281 5691 2463 5767 Υοιιιίι
2512 5687 2722 5767 salice
2792 5642 3035 5767 Μίςιξιεθῑ
3089 5665 3630 5767 ξῐιιιςιιξίῖιηνιςττξξὲ

2068 5740 2253 5822 Νδᾶιῖέ
2280 5740 2696 5818 constantinum
2729 5766 2837 5822 quo
2872 5749 3029 5803 titulo
3085 5754 3140 5798 et
3174 5742 3226 5797 in
3255 5740 3435 5794 fronte
3471 5740 3632 5806 hujus

2071 5835 2338 5892 orationis
2359 5839 2602 5885 ornatur.
