3894 6366
315 329 432 397 385
604 384 669 408 ._
1244 324 1639 390 LAUDATIO
1673 327 2113 389 MlClIAELlS
2153 326 2623 389 PALAZULOGI.
3477 318 3582 382 ass

318 439 578 510 ρωνγκαὶ
621 439 1040 506 Ὶουστινιανῶν,
1097 440 1193 496 καὶ
1223 441 1329 495 τῶν
1382 442 1505 495 ὅσοι·
1547 440 1669 498 κατ’
1701 444 1856 502 αὑτοὶ

2042 445 2115 499 :Iis
2143 442 2525 515 hujuscemodi
2554 452 2695 508 erat,
2724 442 2968 495 lucratus
3014 455 3075 495 es
3101 455 3115 504 ;
3148 446 3350 493 etcum
3377 447 3580 507 quanta

318 533 416 585 ἐπὶ
451 533 707 585 πλεῖστον
763 532 973 602 ἤλασαν
1025 532 1207 604 δόξης,
1270 534 1597 589 καὶτούτων
1630 536 1730 605 μὲν
1777 537 1856 590 ὅσι

2040 532 2311 589 ὠρνιθιεῖ
2358 532 2620 603 quidquid
2683 541 2865 586 autem
2913 530 2980 585 ad
3034 530 3169 584 iram
3225 525 3578 598 insipientem

318 624 545 686 εὐσεόὲς
581 628 676 681 καὶ
705 625 979 693 φιλόθεον,
1013 629 1264 696 γενναῖόν
1286 645 1345 682 τε
1396 630 1533 700 πρὸς
1564 630 1692 693 τοὺς
1719 630 1856 683 κινδί

2050 637 2111 682 ut
2160 628 2226 683 ad
2259 626 2496 682 indolem
2530 626 2883 681 inhumanam
2940 623 3248 688 inclinavit,
3284 625 3347 678 ad
3400 638 3582 677 mores

320 730 449 775 νους
478 713 572 766 καὶ
593 714 812 785 τρόπων
839 714 1066 770 δικαίων
1094 716 1380 788 ἐχόμενον,
1416 719 1554 791 πρὸς
1582 718 1638 771 δὲ
1672 719 1858 790 κηδεμ‹

2045 722 2311 786 mmites,
2367 719 2434 776 ad
2494 719 2863 775 adulationem
2947 733 3011 772 ac
3086 733 3183 787 per
3254 716 3583 771 munuscula

321 806 478 858 νικόν
508 821 565 858 τε
601 806 698 858 καὶ
728 807 1092 877 προνοητικὸν
1126 811 1222 863 καὶ
1258 810 1485 880 μετέχον
1512 812 1859 883 χρηστότητα

2049 813 2413 884 orruptelam,
2446 819 2502 867 et
2530 811 2799 882 quidquid
2840 811 3179 865 contrarium
3210 807 3585 877 reprehende-

324 900 423 951 καὶ
446 898 653 953 τούτων
681 900 808 973 ὅσον
829 900 1094 967 τοιοῦτον,
1119 901 1480 973 ἐπλούτησας
1507 904 1603 955 καὶ
1634 902 1753 972 μεθ’
1778 905 1862 956 ὅτι

2050 916 2200 971 μοιιιτ,
2247 914 2532 961 aversatus
2555 920 2615 959 es
2638 915 2692 958 et
2721 920 2749 958 a
2786 913 2839 957 te
2867 902 3148 965 amovisti,
3192 900 3325 954 illud
3360 899 3588 954 cuilibet

323 991 426 1059 τῆς
448 990 742 1054 ἐπιδόσεως
767 992 779 1044 l
817 992 941 1046 ὅσον
970 992 1027 1046 δὲ
1058 992 1193 1065 πρὸς
1217 993 1390 1065 θυμὸν
1415 994 1702 1062 ἀλόγιστον
1735 994 1861 1047 ἓκλιτ

1744 994 1911 1048 ἔκλινε
2019 1000 2194 1071 magis
2225 1014 2389 1069 quam
2423 998 2520 1052 tibi
2550 997 2741 1051 adesse
2778 994 3079 1050 convenire
3111 1001 3282 1046 ratus.

324 1081 425 1138 καὶ
456 1082 879 1156 ἀφιλάνθρωπον
932 1080 1086 1158 ἦθος,
1139 1088 1236 1143 καὶ
1284 1088 1525 1159 τρόπους
1572 1089 1908 1158 ἀνημέρους,
1953 1094 2048 1147 καὶ
2093 1094 2153 1145 τὸ
2217 1091 2471 1158 κολάζειν
2495 1091 2663 1161 ὠμῶς
2690 1091 2788 1143 καὶ
2836 1089 2896 1143 τὸ
2927 1087 3198 1159 ἡττᾶσθαι
3264 1084 3591 1155 λημμάτων,

328 1174 426 1227 καὶ
459 1174 584 1228 ὅσον
612 1176 717 1245 τῆς
738 1178 991 1243 ἐναντίας
1038 1179 1257 1251 μερίδος
1288 1180 1349 1235 δν
1407 1181 1739 1248 διεὸἀλλετο,
1810 1182 1953 1254 ἔχεις
1995 1184 2318 1249 ἀποπτύσας
2363 1185 2461 1238 καὶ
2508 1183 2819 1257 ἀπορρίψας
2872 1184 3097 1249 σαυτοῦ,
3171 1181 3337 1236 παντὶ
3397 1180 3598 1251 μᾶλλον

332 1267 575 1338 πρέπειν
598 1268 867 1341 ὑπάρχειν
890 1273 923 1343 ἢ
962 1272 1146 1345 σαυτῷ
1175 1274 1558 1347 λογισάμενος.

405 1362 658 1427 Τοιοῦτος
690 1366 822 1436 ἡμῖν
852 1367 917 1420 ὲκ
949 1367 1085 1420 Θεοῦ
1117 1368 1444 1441 δεδώρησαι,
1471 1369 1715 1441 βασιλεῦ·
1747 1371 1922 1426 τοιοῦ-

2096 1373 2265 1439 Talis,
2330 1389 2444 1439 rex,
2490 1372 2651 1428 nobis
2703 1388 2732 1426 a
2765 1372 2876 1426 Deo
2921 1373 3159 1426 donatus
3199 1385 3280 1437 es,
3331 1369 3455 1424 talis
3502 1384 3597 1423 ex-

327 1469 426 1517 'ro;
456 1454 545 1509 διὰ
574 1457 677 1526 τῆς
709 1457 908 1527 πείρας
960 1461 1186 1529 ἐφάνης,
1234 1461 1456 1525 ὁποίους
1509 1462 1617 1516 οὐδ’
1673 1466 1705 1535 ἡ
1760 1466 1865 1535 φήρ

2061 1466 2295 1523 erientia
2339 1465 2581 1530 evasisti,
2648 1465 2837 1534 quales
2893 1480 3174 1535 nunquam
3231 1475 3392 1518 antea
3420 1464 3598 1518 claros

326 1546 462 1608 τοὺς
489 1546 684 1619 πρώην
715 1548 1002 1619 λαμπροὺς
1053 1552 1417 1623 παρέπεμψεν
1468 1556 1550 1618 είς
1602 1556 1773 1625 ἡμᾶς,
1805 1574 1864 1609 το

2061 1568 2169 1614 iter
2218 1573 2320 1613 nos
2392 1556 2535 1611 fama
2602 1558 2847 1621 immisit,
2912 1557 3178 1611 virtutum
3245 1572 3481 1624 summa,
3541 1564 3599 1610 ut

332 1638 654 1708 κεφαλαίοις
673 1641 782 1694 τῶν
810 1642 1043 1714 ἀρετῶν,
1075 1643 1162 1698 ἶνα
1191 1645 1732 1717 κεφαλαιωδέστερον
1757 1649 1870 1701 size

2066 1651 2319 1706 ummarie
2351 1651 2551 1715 dicam,
2578 1665 2685 1719 prae
2730 1650 2985 1704 omnibus
3035 1661 3282 1712 ornatus,
3335 1664 3458 1703 cuin
3508 1663 3604 1702 su-

335 1732 481 1802 ὑπὲρ
518 1733 728 1796 πάντας
759 1734 1159 1805 κοσμούμενος,
1192 1738 1362 1791 νικῶν
1401 1739 1500 1808 μὲν
1532 1741 1657 1803 τοὺς
1686 1741 1829 1792 κατὰ
1864 1759 1873 1792 ι

2066 1756 2227 1795 erans
2287 1756 2501 1796 εοδιιόε
2567 1757 2744 1811 reges,
2818 1750 2933 1795 tum
3006 1756 3276 1810 superans
3329 1741 3422 1811 (ιιιί
3487 1756 3604 1793 ma-

336 1822 619 1894 βασιλέας,
649 1824 819 1879 νικῶν
849 1825 905 1879 δὲ
954 1828 1051 1882 καὶ
1086 1829 1213 1893 τοὺς
1260 1828 1376 1883 ὅσοι
1414 1831 1653 1901 μάλιστα
1689 1831 1749 1898 ἐξ
1796 1833 1874 1903 ἀρε

2066 1831 2171 1887 ime
2231 1832 2451 1887 virtutis
2482 1848 2647 1886 causa
2680 1826 2904 1887 fuerunt
2945 1832 3225 1887 celebrati.
3284 1830 3353 1886 Et
3400 1830 3604 1886 virtute

335 1916 447 1968 τῶν
477 1916 903 1990 ὠνομάσθησαν.
940 1922 1052 1975 Καὶ
1084 1921 1148 1994 δὴ
1180 1924 1445 1995 τειχίζεις
1497 1927 1665 1997 ἀρετῇ
1701 1926 1803 1995 τὴν
1829 1928 1873 1997 ά]

2063 1921 2318 1988 mperium
2352 1920 2626 1985 .aediiicas,
2671 1920 3029 1976 fundamento
3057 1937 3222 1991 quam
3245 1921 3601 1992 Babylonium

337 2008 464 2079 χὴν,
503 2009 694 2080 τειχίῳ
720 2010 816 2064 τοῦ
847 2012 1191 2067 Βαὸυλωνίου
1232 2017 1575 2088 στεῤῥοτὲρῳ
1604 2018 1695 2070 καὶ
1731 2016 1875 2087 ὑψηλη

2058 2028 2188 2083 onge
2221 2013 2488 2067 validiore
2523 2022 2578 2067 et
2622 2014 2947 2069 excelsiore.
2970 2015 3037 2069 Et
3074 2015 3330 2093 subjecti,
3360 2025 3508 2086 tuam
3545 2016 3596 2068 in

338 2102 482 2173 τέρῳ
517 2103 738 2176 μακρῷ.
771 2105 879 2159 Καὶ
905 2106 968 2159 τὸ
1000 2106 1242 2178 ὑπήκοον
1281 2109 1421 2164 αίδοῐ
1446 2110 1545 2180 τῆς
1598 2111 1799 2181 ἀρετῆς
1835 2129 1876 2163 σε

2068 2106 2286 2161 irtutem
2335 2105 2685 2162 veneratione
2734 2109 2908 2162 coacti
2964 2123 3033 2162 ex
3079 2108 3350 2162 sententia
3383 2120 3471 2162 tua
3504 2108 3603 2159 du-

341 2194 698 2275 στελλόμενον
767 2195 964 2267 ἄγεται
1021 2216 1114 2253 σου
1188 2201 1325 2272 πρὸς
1378 2203 1479 2272 τὴν
1544 2203 1773 2273 γνώμην
1831 2222 1879 2257 κ⁴

2069 2209 2236 2254 untur
2264 2208 2319 2254 et
2346 2199 2412 2252 ad
2444 2210 2636 2253 nutum
2670 2209 2991 2270 properant,
3040 2209 3094 2254 et
3122 2201 3488 2271 quodcunque
3524 2203 3601 2255 vis

340 2289 565 2372 ταχύνει
596 2290 734 2359 πρὸς
772 2291 832 2346 τὸ
862 2291 1038 2363 νεῦμα
1058 2334 1074 2360 ,
1106 2296 1201 2349 καὶ
1221 2295 1498 2350 δείκνυται
1530 2298 1639 2351 πᾶν
1670 2298 1697 2351 ὅ
1723 2316 1771 2350 τι
1797 2297 1861 2351 ἂν

2069 2292 2295 2358 lliciunt,
2330 2292 2480 2363 quia,
2519 2303 2577 2347 ut
2608 2292 2675 2347 de
2711 2302 2761 2348 te
2801 2290 3088 2348 Homerice
3116 2294 3333 2364 loquar,
3364 2305 3424 2347 ut
3452 2304 3605 2363 pater

345 2366 659 2456 βουλομένῳ
691 2400 794 2453 σοι,
827 2387 955 2440 ἐπεὶ
984 2389 1097 2453 καὶ,
1135 2387 1222 2441 ἵνα
1246 2405 1304 2442 σε
1337 2389 1722 2461 καθομηρίσω,
1748 2391 1883 2459 πατὴ

2073 2387 2182 2442 ιῑιίε
2231 2400 2359 2455 erga
2394 2385 2518 2440 illos
2544 2384 2800 2439 exsistis:
2832 2393 2955 2440 tuos
3008 2386 3156 2441 enim
3187 2387 3389 2440 virtute
3419 2403 3543 2456 rege
3575 2403 3605 2441 e

338 2476 421 2540 ὣς
454 2478 619 2548 ἤπιος
653 2478 768 2550 (49)
801 2480 937 2549 πρὸς
987 2481 1186 2547 αὐτοὺς
1239 2482 1581 2537 διατίθεσαιθ
1630 2485 1876 2554 ὲπειδήπε

2073 2482 2200 2546 osti,
2242 2480 2513 2536 Barbaros
2539 2490 2722 2535 autem
2754 2482 2943 2549 armis,
2970 2489 3028 2536 et
3066 2481 3227 2535 nobis
3256 2496 3460 2534 meram
3493 2496 3610 2534 ster-

343 2573 517 2644 ἀρετῇ
556 2574 659 2644 μὲν
680 2573 792 2628 τῶν
842 2573 1060 2627 οίκείων
1098 2571 1246 2640 οἶδας
1279 2580 1524 2647 κρατεῖν,
1585 2576 1694 2629 τῶν
1729 2576 1881 2649 papa:

2069 2589 2129 2629 as
2171 2575 2476 2638 lenitatem,
2525 2575 2711 2630 hostes
2755 2591 2886 2630 vero
2940 2576 3060 2647 ipso
3122 2577 3308 2633 habitu
3334 2579 3606 2648 percellis.

348 2681 459 2734 ρων
484 2664 542 2717 δὲ
572 2664 669 2720 καὶ
701 2668 816 2727 τοῖς
845 2666 1055 2731 ὅπλοις,
1089 2666 1188 2718 καὶ
1228 2667 1288 2719 τὸ
1323 2668 1500 2737 πρᾶον
1533 2667 1634 2736 μὲν
1670 2668 1754 2736 ἐφ’
1800 2668 1886 2737 ὴμῖ

2073 2667 2298 2731 ξυοοίνοα
2345 2676 2399 2722 et
2441 2667 2525 2723 bis
2548 2679 2603 2723 et
2637 2678 2720 2722 ter
2767 2682 2824 2724 et
2855 2670 3057 2724 millies
3090 2670 3216 2725 felix
3253 2673 3346 2741 qui
3398 2673 3450 2725 in
3508 2688 3611 2725 nu-

346 2757 553 2828 ἀμιγὲς
576 2758 1137 2829 τούναντίουατηρεῖς,
1163 2762 1272 2822 τοῖς
1307 2761 1521 2831 ἐχθροῖς
1566 2761 1623 2813 δὲ
1671 2745 1877 2832 πάρεχε

2062 2773 2190 2813 nero
2234 2757 2580 2814 subditorum
2634 2768 2854 2815 tuorum
2888 2748 3227 2825 recensetur,
3262 2770 3337 2823 et,
3370 2773 3431 2816 ut
3462 2778 3600 2832 puer

346 2858 447 2912 καὶ
492 2859 605 2913 ἀπὸ
634 2860 728 2914 τοῦ
782 2860 1065 2931 σχήματος
1111 2853 1635 2927 καταπλήττεσθαι.
1686 2846 1884 2906 Ἀνθίἶ

2074 2852 2181 2921 pud
2208 2860 2441 2922 patrem,
2479 2852 2859 2908 benevolentia
2893 2862 2951 2909 et
2994 2854 3285 2909 clementia
3319 2855 3459 2924 regis
3486 2870 3610 2924 per-

348 2955 444 3006 καὶ
493 2952 576 3019 δὶς
631 2954 726 3007 καὶ
752 2956 875 3024 τρὶς
930 2953 1025 3006 καὶ
1073 2950 1334 3015 πολλάκις
1391 2948 1687 3020 μακάριος,
1720 2946 1780 3010 ὃς
1833 2950 1886 2999 τε

2069 2944 2264 2999 ruitur.
2288 2944 2629 3014 Quicumque
2677 2956 2860 3000 autem
2911 2946 3102 3018 jugum
3157 2955 3307 3001 tuum
3360 2946 3607 3001 concutit

355 3049 579 3122 μερίδος
603 3049 713 3102 τῶν
741 3049 847 3103 ὑπὸ
876 3049 937 3102 σὲ
958 3049 1314 3120 τεταγμένων
1342 3045 1507 3112 τελεῖ,
1536 3047 1654 3107 καὶ,
1678 3045 1777 3098 ὅσα
1809 3046 1893 3099 παῖ

2072 3047 2099 3091 t
2129 3038 2302 3104 exuit,
2322 3036 2593 3106 siquidem
2624 3037 2727 3092 hoc
2784 3038 2992 3094 invitus
3023 3039 3156 3110 egit,
3200 3038 3335 3093 mihi
3363 3054 3426 3094 ex
3457 3048 3610 3109 parte

355 3144 513 3217 παρὰ
546 3141 775 3213 πατρὸς,
833 3140 1122 3210 εὐμενείας
1175 3139 1463 3212 βασιλικῆς
1518 3137 1785 3192 ἀπολαύει
1841 3154 1893 3191 xc

2075 3140 2277 3185 Drtunte
2301 3131 2647 3185 miserandus
2678 3130 2896 3185 videtur
2934 3140 2991 3185 et
3027 3131 3179 3185 nullo
3217 3132 3380 3185 modo
3413 3147 3501 3185 rcs
3534 3130 3613 3184 illi

352 3237 602 3309 χάριτος*
633 3235 784 3299 ὅστις
815 3232 860 3288 δ’
897 3233 1190 3304 άφηνιάζει
1238 3234 1335 3286 καὶ
1364 3231 1678 3285 ἀποσείεται
1723 3246 1816 3283 σου
1846 3227 1890 3282 τί

2073 3236 2341 3292 »γοερθτοε
2404 3222 2738 3292 contigisse:
2804 3221 3001 3291 quodsi
3062 3222 3242 3278 libens
3271 3223 3375 3277 hoc
3403 3224 3611 3288 fecerit,

353 3328 543 3398 ζυγὸν,
579 3330 627 3381 εί
674 3328 749 3399 μὴ
781 3327 931 3383 ἄκων
970 3327 1168 3395 ταῦτα,
1216 3325 1449 3389 ἐλεεινὸς
1496 3317 1651 3387 οὗτος
1683 3322 1808 3394 ἐμοὶ
1837 3325 1891 3375 τί

2083 3314 2377 3369 tconsulto
2411 3314 2865 3381 recalcitravcrit,
2895 3314 3084 3369 infelix
3112 3328 3196 3371 est
3236 3332 3428 3371 revera
3469 3326 3619 3372 recto

352 3420 547 3491 τύχης,
584 3420 711 3492 μηδ’
743 3421 836 3475 ἐπὶ
868 3422 1035 3475 ποσὸν
1061 3422 1357 3493 εὐημερεῖν
1383 3419 1857 3490 συγχωρούμενος·
1889 3454 1890 3462 η

2086 3424 2211 3464 ensu
2269 3409 2472 3463 amisso
2514 3415 2569 3462 et
2617 3410 2818 3464 mentis
2872 3409 3240 3475 aberratione,
3272 3416 3327 3465 et
3351 3410 3499 3481 juste
3542 3409 3624 3463 in-

350 3508 399 3562 δ’
427 3508 570 3583 Qui»;
602 3508 778 3563 ταῦτα
847 3509 1079 3579 πράττει
1129 3509 1224 3562 καὶ
1273 3508 1408 3579 πρὸς
1440 3507 1748 3578 βουλήσεως
1803 3507 1888 3559 ἀπε

2081 3510 2264 3556 iustus
2293 3510 2462 3563 esset,
2504 3516 2629 3554 cum
2692 3502 2762 3555 sit
2798 3502 3099 3557 malevolus
3131 3502 3295 3557 homo
3327 3511 3383 3557 et
3428 3501 3619 3556 oculus

354 3603 579 3671 σκιρτᾷ,
608 3601 793 3663 ἄθλιος
817 3601 896 3673 τῷ
925 3601 1040 3655 ὄντι
1067 3604 1165 3672 τῆς
1197 3602 1542 3671 ἀφαιρέσεως
1572 3599 1666 3653 τοῦ
1693 3599 1892 3669 φρονεῖ·

1141 3619 1165 3664 ς
1197 3602 1542 3671 ἀφαιρέσεως
1572 3599 1666 3653 τοῦ
1693 3599 1937 3669 φρονεῖν,
2048 3595 2115 3649 ad
2148 3594 2330 3648 radios
2366 3594 2678 3647 conniveat.

355 3697 454 3750 καὶ
484 3696 585 3765 τῆς
618 3694 921 3766 πηρώσεως
953 3693 1050 3747 τοῦ
1080 3693 1220 3759 νοὸς,
1253 3695 1348 3746 καὶ
1406 3692 1633 3755 δικαίως
1675 3690 1740 3743 ἂν
1806 3685 2124 3759 δυστυχοίη,
2191 3686 2531 3739 ὲθελοκακῶν
2576 3684 2863 3756 ἄνθρωπος
2912 3686 3007 3737 καὶ
3047 3684 3184 3756 πρὸς
3232 3685 3332 3750 τάς
3399 3687 3628 3753 ἀκτῖνας

356 3788 610 3859 ἑπιμύων
643 3789 769 3852 τοὺς
799 3786 1128 3858 ὀφθαλμούς.

443 3881 610 3947 ⁹Δλλ’,
638 3877 684 3936 ὧ
708 3880 957 3951 βασιλεῦ,
980 3880 1049 3935 δι’
1074 3881 1133 3934 ὃν
1160 3880 1218 3934 τὸ
1240 3878 1331 3933 σὸν
1360 3878 1517 3949 γένος
1540 3879 1683 3933 θεῖον
1714 3876 1788 3941 ὡς
1812 3876 1941 3947 άλη-

2121 3871 2249 3935 Sed,
2310 3885 2489 3932 orex,
2548 3870 2672 3939 quia
2734 3868 2981 3937 profecto
3040 3867 3288 3923 divinum
3326 3879 3407 3926 est
3466 3883 3617 3925 tuum

360 3974 495 4038 θῶς,
527 3975 585 4027 σὲ
616 3974 717 4046 μὲν
755 3975 1002 4028 ἐπαινεῖν
1030 3973 1209 4028 ἄθλων
1236 3974 1265 4026 ό
1311 3972 1568 4043 μέγιστος
1588 3985 1603 4000 ·
1652 3970 1749 4022 καὶ
1779 3969 1829 4021 εἰ
1857 3985 1898 4019 τι

2076 3980 2247 4033 genus,
2279 3973 2329 4018 te
2362 3963 2585 4016 laudare
2626 3972 2910 4017 certamen
2963 3962 3264 4017 maximum
3317 3973 3447 4031 est;
3491 3968 3614 4021 etsi

360 4067 548 4124 ἀνύειν
596 4066 930 4139 ἐπιχειροίη,
974 4065 1242 4136 γνώσεται
1278 4066 1491 4119 διώκων
1530 4063 1599 4116 τὰ
1647 4061 1898 4132 φεύγοντι

2082 4055 2176 4123 piis
2198 4054 2328 4108 illud
2355 4054 2619 4124 perlicere
2654 4053 3031 4120 contenderet,
3059 4069 3116 4109 se
3147 4053 3405 4124 fugientia
3435 4071 3620 4126 perse-

360 4158 477 4217 οἷον
510 4164 605 4216 καὶ
626 4162 678 4214 οἱ
700 4162 768 4217 τὰ
797 4161 1061 4232 ποταμῶν
1090 4160 1339 4232 ῥεύματα
1369 4159 1601 4213 κατόπιν
1630 4156 1898 4210 διώκοντε‹

2085 4146 2146 4216 ,υἱ
2198 4145 2522 4215 comperiet,
2552 4160 2658 4198 non
2692 4159 2853 4200 secus
2882 4159 2948 4200 ac
2979 4146 3074 4216 qui
3105 4144 3396 4201 fluminum
3425 4146 3623 4203 ﬂuctus

363 4255 503 4310 οὐδὲ
533 4254 640 4326 γάρ
672 4254 819 4309 ἔστιν
864 4253 996 4308 ἰδεῖν
1027 4253 1293 4325 οῦμενουν
1323 4253 1396 4306 τὰ
1425 4251 1496 4305 σὰ
1539 4248 1901 4321 κατορθώματ

2094 4250 2204 4294 etro
2252 4238 2613 4293 insectantur.
2673 4237 2837 4293 Nullo
2896 4239 3059 4294 modo
3125 4240 3273 4294 enim
3309 4240 3495 4296 videre
3547 4252 3632 4296 est

366 4350 561 4402 στάσιν
594 4346 948 4420 λαμϐάνοντά
995 4363 1125 4401 ποτε
1160 4348 1446 4417 προκοπῆς
1470 4359 1487 4376 ·
1526 4345 1614 4399 ἀεὶ
1645 4344 1702 4398 δὲ
1748 4358 1904 4413 προκι

2095 4329 2314 4386 rieclara
2366 4331 2482 4385 haec
2534 4329 2775 4385 facinora
2826 4331 2986 4387 linem
3047 4346 3354 4401 capessere;
3412 4348 3632 4402 semper

365 4456 498 4494 πτει
519 4441 615 4494 καὶ
645 4438 1184 4510 συμπαρεκτείνεται
1209 4441 1329 4501 ταῖς
1363 4435 1558 4508 ὥραις,
1592 4438 1686 4489 καὶ
1715 4435 1813 4506 τὴν
1836 4435 1903 4488 διε

2090 4438 2186 4478 ero
2252 4431 2551 4493 augescunt
2614 4434 2669 4477 et
2737 4424 3206 4495 progrediuntur,
3273 4434 3329 4479 et
3389 4438 3626 4480 mentem

368 4551 524 4589 νοιαν
538 4534 951 4606 ἀποδιδράσκει.
978 4535 1165 4604 Κάμοὶ
1186 4532 1528 4604 πειραθέντι,
1552 4531 1719 4603 μηδὲν
1740 4532 1787 4583 δ’
1805 4528 1906 4598 ὅμιι

2089 4514 2350 4586 εσυείυηι.
2387 4514 2455 4569 Et
2484 4514 2617 4569 mihi
2677 4515 3036 4586 periclitanti,
3094 4515 3231 4570 nihil
3283 4526 3465 4570 autem
3503 4533 3627 4586 per-

368 4629 574 4683 άνῦσαι
631 4629 932 4699 δυνηθέντι,
982 4628 1324 4698 συγγνώμηο
1359 4628 1467 4689 πᾶς
1513 4626 1623 4696 γάρ
1676 4624 1744 4679 ἂν
1795 4621 1906 4676 τοῦτ

2093 4624 2221 4680 gere
2270 4608 2495 4675 valenti,
2528 4609 2690 4664 venia
2738 4628 2751 4663 :
2782 4610 3019 4680 quilibet
3067 4609 3216 4664 enim
3253 4609 3386 4662 illud
3412 4618 3629 4678 patere-

371 4722 562 4787 πάθοι,
596 4698 894 4792 πειρᾶσθαι
936 4721 1031 4775 τοῦ
1073 4720 1347 4791 παρόντος
1385 4718 1598 4788 ἀγῶνος
1648 4716 1909 4786 σκεπτὸμι

2093 4717 2171 4765 ur,
2214 4699 2258 4754 si
2288 4699 2517 4770 hujusce
2548 4702 2872 4755 certaminis
2898 4700 3203 4771 periculum
3253 4698 3432 4755 facere
3483 4701 3631 4771 judi-

368 4831 484 4876 νὶς.
1296 4799 1305 4807 ~

1296 4799 1305 4807 ’
2061 4803 2228 4848 caret.

442 4907 585 4961 Νυνὶ
609 4905 741 4976 γοῦν
764 4902 867 4961 ὧδὲ
919 4925 995 4979 πη
1049 4904 1367 4960 παύσασθαι
1410 4902 1771 4973 σκεπτομένῳ
1821 4900 1957 4969 εὐχή

2131 4889 2290 4944 Nunc
2360 4897 2568 4953 autem,
2620 4887 2879 4957 quoniam
2915 4884 3182 4955 loquendi
3234 4884 3399 4940 linem
3455 4884 3636 4940 facere

376 5017 467 5069 μοι
495 4997 870 5051 κατακλειέτω
902 4977 993 5050 τὺν
1026 4996 1210 5064 λόγον.
1249 4994 1309 5048 Ὀ
1341 4993 1462 5047 τόδε
1492 4992 1552 5046 τὸ
1586 4994 1695 5045 πᾶν
1718 4992 1914 5062 ἀρχῆθε

2098 4982 2316 5047 uendo,
2348 4997 2660 5037 sermonem
2690 4981 2913 5036 claudat
2936 4977 3274 5049 deprecatio.
3311 4977 3415 5046 Qui
3454 4981 3636 5034 omnia

374 5093 790 5163 συστησάμενος
820 5092 917 5146 καὶ
942 5092 1196 5163 κινήσας,
1228 5088 1365 5152 Θεὸς
1404 5088 1500 5141 κοιλ¹
1537 5086 1763 5158 Κύριος,
1812 5084 1912 5148 Curi

2096 5079 2132 5134 b
2151 5078 2311 5133 initio
2340 5078 2629 5133 constituit
2648 5084 2703 5131 et
2726 5077 2897 5131 movit
2917 5077 3061 5130 Deus
3082 5085 3138 5130 et
3160 5074 3445 5140 Dominus,
3466 5076 3632 5129 vitam

373 5162 577 5241 διδόναι
607 5162 705 5240 καὶ
733 5162 1000 5239 θανατοῦν
1022 5182 1453 5253 γινωσκόμενος,
1482 5180 1651 5248 διδοίη
1678 5177 1838 5249 τήνδε
1862 5179 1911 5231 τί

2101 5180 2119 5226 ι
2149 5181 2385 5226 mortem
2406 5171 2537 5225 dare
2560 5175 2762 5237 sciens,
2784 5169 3050 5225 concedat
3068 5178 3128 5224 ut
3154 5169 3285 5224 illud
3316 5169 3633 5238 imperium,

372 5278 575 5347 ἀρχὴν,
611 5278 705 5331 τόν
739 5291 799 5342 τε
827 5277 961 5347 ἔμδν
989 5275 1234 5346 βασιλέα,
1282 5273 1377 5327 καὶ
1412 5272 1607 5333 παῖδας
1655 5270 1838 5335 τοῦδε,
1866 5288 1910 5323 κς

2100 5278 2333 5331 ieusque
2411 5277 2504 5315 rex
2569 5272 2625 5317 et
2684 5263 2805 5332 ejus
2873 5262 2968 5318 filii
3017 5272 3184 5331 atque
3250 5261 3367 5316 hinc
3444 5262 3637 5316 civitas

376 5373 537 5424 πόλιν
579 5371 762 5440 τήνδε,
800 5369 1015 5424 θάλλειν
1045 5369 1112 5423 δι’
1141 5368 1358 5434 αἰῶνος,
1391 5366 1521 5421 ὥστ’
1547 5362 1803 5420 εἶναικαὶ
1828 5380 1904 5417 πα

2099 5356 2444 5411 ndesinenter
2507 5355 2791 5421 ﬂoreanm
2820 5356 2894 5410 ita
2943 5365 3005 5410 ut
3036 5356 3106 5411 sit
3136 5354 3281 5425 apud
3309 5370 3408 5410 nos
3463 5353 3637 5409 bono-

378 5466 519 5535 ἡμῖν
541 5462 806 5532 ἀφθονίαν
836 5462 944 5515 τῶν
971 5461 1218 5531 ἀγαθῶν,
1240 5460 1460 5528 ἐξώλεις
1492 5458 1549 5512 δὲ
1577 5459 1669 5512 καὶ
1693 5455 1916 5528 προώλει

2102 5464 2190 5504 um
2240 5448 2417 5519 copia,
2461 5458 2517 5504 et
2548 5450 2770 5518 penitus
2791 5448 3048 5503 exstincti
3103 5457 3159 5502 et
3187 5447 3352 5502 deleti
3410 5456 3640 5517 pereant

378 5557 631 5621 ὀλέσθαι,
664 5557 781 5610 ὅσοι
810 5557 910 5627 τῆς
931 5557 1029 5609 τοῦ
1052 5556 1318 5627 βασιλέως
1346 5554 1572 5624 γνώμης
1594 5552 1692 5606 ἀπ’
1708 5551 1916 5609 ἐναντία

2108 5545 2382 5613 uicunque
2464 5550 2656 5596 contra
2713 5541 3049 5596 voluntatem
3110 5540 3253 5610 regis
3318 5540 3434 5594 sive
3494 5553 3641 5594 nunc

377 5650 492 5704 εἴτε
550 5652 671 5703 νυνὶ
702 5650 1011 5720 φρονοῦσιν,
1044 5652 1154 5703 ait:
1188 5647 1320 5701 ποτὲ
1378 5646 1517 5717 μετὰ
1545 5646 1717 5698 ταῦτα
1758 5643 1915 5714 φρονὶ

1852 5643 1963 5712 ›νῆ-
2068 5639 2330 5708 cogitant,
2368 5637 2481 5693 sive
2517 5645 2706 5707 postea
2744 5633 3095 5691 intenderent
3122 5632 3390 5703 cogitare.

379 5760 474 5796 σαι
505 5742 818 5813 νοήσουσιν.

454 5859 570 5933 (49)
615 5861 779 5917 Hom.
830 5861 930 5918 0d.
964 5860 1017 5931 β,
1066 5860 1180 5915 Πε
1246 5858 1436 5930 Πατὴρ
1475 5854 1520 5910 δ’
1570 5855 1646 5921 ὣς
1706 5856 1869 5925 ἤπιος
1926 5851 2045 5926 ἦεν.
