3894 6366
303 291 407 356 387

1262 291 1589 354 GEORGII
1627 292 1885 354 CYPllll
1931 293 2046 354 ΓΡ.
2092 293 2616 356 PATRIARCILE
2662 358 2669 361 ,

3457 293 3567 359 388

1305 595 1748 773 ΤΟΥ
1841 598 2591 772 ΑΥΤΟΥ

1712 872 2167 930 ΕΓΚΩΜΙΟΝ
2751 898 2757 904 τ

622 1045 801 1131 ΕΙΣ
872 1046 1101 1132 ΤοΝ
1158 1044 1990 1159 ἈΥΤΟΚΡΑΤΟΡΑ
2064 1043 2444 1131 ΚΥΡΟΝ
2521 1041 3250 1137 ΑΝΔΡΟΝΙΚΟΝ

1548 1235 1687 1287 ΤΟΝ
1722 1234 2260 1291 ΠΑΛΑΙΟΛΟΓΟΝ
2299 1234 2319 1259 ⁴’

1380 1663 1384 1666 ~
1497 1574 2378 1734 EJUSDEM

861 1810 1245 2004 eam)
1329 1830 1996 1947 LAUDATomA
2082 1864 2187 1943 IN
2253 1864 3003 1985 IMRERATOREM

778 2082 916 2195 D.
1015 2075 1978 2198 ANDRONICUM
2057 2073 3114 2194 PAL/EOLOGUM.

379 2459 731 2533 Oportuisset
766 2474 981 2525 revera,
1013 2472 1246 2512 maxume
1280 2470 1396 2519 rex,
1451 2453 1516 2508 ad
1552 2455 1884 2522 loquendum
1917 2461 1956 2513 Α

310 2551 380 2607 de
400 2563 451 2606 te
470 2567 575 2605 non
594 2548 669 2603 ita
698 2547 1038 2616 imperitum,
1068 2556 1127 2602 ut
1154 2561 1276 2616 ego,
1298 2554 1576 2599 oratorem
1599 2544 1887 2603 accedere.

311 2641 408 2697 sed
440 2642 531 2711 qui
575 2639 810 2695 dicendo
845 2647 1134 2706 superaret
1168 2650 1362 2690 omnes
1398 2642 1676 2703 quotquot
1707 2642 1892 2687 orato-

311 2733 448 2787 riam
500 2742 672 2788 aitem
726 2729 1125 2794 excoluerunt;
1173 2738 1269 2782 aut
1323 2727 1523 2797 potius,
1557 2727 1649 2781 ille
1698 2725 1887 2792 etiam,

312 2841 436 2880 cum
477 2826 530 2879 in
558 2841 624 2879 eo
651 2826 764 2896 jam
795 2833 940 2880 esset
976 2832 1036 2876 ut
1069 2821 1136 2876 ad
1178 2819 1508 2891 loquendum
1541 2818 1887 2889 procederet,

311 2917 391 2971 rei
434 2915 865 2986 magnitudinem
919 2914 1163 2977 intuens,
1208 2912 1438 2977 diceret,
1478 2927 1586 2967 non
1626 2926 1786 2967 secus
1826 2926 1890 2966 ae

310 3024 410 3080 ego
437 3010 794 3080 perterritus,
835 3010 1044 3077 majore
1076 3021 1240 3078 quam
1272 3021 1332 3061 se
1360 3015 1583 3062 oratore
1610 3017 1888 3061 certamen

312 3102 475 3174 indig"
501 3119 581 3168 re,
632 3103 763 3173 quia
819 3102 1100 3171 inceptum
1165 3115 1276 3154 non
1325 3109 1411 3155 est
1439 3098 1757 3171 huiusmodi
1818 3106 1884 3152 ut

313 3193 475 3248 facile
540 3192 735 3247 initum
773 3190 1111 3261 perﬁciatur,
1166 3188 1272 3243 nisi
1332 3187 1622 3257 quoddam
1654 3185 1890 3255 desuper

311 3284 559 3339 divinum
602 3283 955 3354 superveniat
987 3280 1295 3336 auxilium:
1328 3280 1591 3350 quoniam
1628 3293 1760 3335 vero
1808 3275 1889 3334 rei

309 3376 625 3443 excelsitas,
654 3375 883 3445 perinde
915 3388 981 3428 ae
1020 3372 1242 3437 ctelum,
1288 3385 1483 3426 omnes
1511 3370 1604 3441 qui
1647 3368 1703 3423 in
1734 3369 1888 3424 illum

314 3466 619 3538 inspiciunt
669 3467 878 3537 pariter
926 3462 1068 3519 inl‘ra
1124 3478 1182 3519 se
1236 3460 1518 3532 relinquit,
1555 3476 1665 3515 non
1715 3459 1890 3515 auda-

312 3558 399 3612 cia
425 3570 632 3622 nostra,
662 3557 885 3612 etiamsi
912 3571 979 3610 ex
1001 3554 1266 3626 dignitate
1293 3550 1553 3608 decidere
1570 3551 1890 3613 audeamus,

311 3650 456 3715 apud
472 3661 659 3717 aequos
673 3646 890 3719 judices
903 3645 1111 3715 absque
1130 3643 1289 3698 venia
1303 3651 1601 3707 remaneat,
1620 3640 1889 3710 siquidem

311 3750 435 3810 post
497 3741 701 3795 multos
726 3749 783 3795 et
822 3739 1095 3793 maximos
1134 3737 1288 3791 viros
1315 3737 1410 3807 qui
1451 3735 1719 3789 hactenus
1748 3734 1892 3787 lianc

311 3848 430 3887 rem
462 3838 858 3893 tractaverunt,
897 3829 1001 3884 hoc
1030 3828 1402 3898 experiamur.
1424 3826 1492 3880 Et
1522 3840 1673 3888 vero,
1702 3826 1747 3879 si
1776 3825 1891 3894 ipsa

312 3922 451 3977 facta
478 3938 670 3977 vocem
723 3921 1013 3985 baberent,
1064 3933 1229 3973 nemo
1287 3915 1541 3986 profecto
1579 3914 1890 3983 periclitare

313 4022 569 4079 tentaret,
601 4014 697 4068 sed
733 4012 854 4068 istis
893 4012 1236 4084 potissimum
1284 4009 1354 4064 dc
1392 4008 1592 4077 seipsis
1628 4006 1890 4076 loquendi

313 4124 447 4163 cura
482 4107 929 4178 permitteretur:
959 4104 1106 4176 quod
1134 4104 1178 4157 si
1203 4111 1388 4157 autem
1415 4104 1526 4155 ista
1561 4099 1888 4154 nilomnino

313 4201 631 4271 loquantur,
684 4199 843 4256 nobis
894 4209 1078 4257 autem
1134 4194 1494 4265 loquentibus
1550 4192 1759 4262 aliquid
1823 4193 1893 4246 de

313 4294 401 4349 bis
425 4294 612 4348 dicere
642 4291 900 4362 supersit,
972 4305 1070 4344 cur
1100 4304 1210 4343 non
1239 4287 1308 4342 de
1340 4287 1473 4353 illis,
1503 4297 1774 4355 quantum
1805 4283 1887 4338 fa-

313 4387 490 4442 cultas
516 4395 623 4452 est,
652 4385 817 4440 verba
842 4383 1171 4447 faceremus,
1193 4389 1249 4435 et
1277 4395 1389 4434 non
1419 4382 1748 4433 auderemus
1775 4388 1892 4432 ten-

315 4478 482 4532 tare?
535 4492 604 4532 ne
661 4477 929 4531 memoria
998 4477 1181 4546 elapsa
1246 4482 1302 4527 et
1344 4471 1641 4527 oblivionis
1696 4471 1893 4526 obruta

314 4572 533 4642 gurgite
563 4569 729 4625 citius
759 4579 990 4641 pereant
1035 4580 1092 4623 et
1149 4567 1504 4632 exolescant;
1539 4576 1593 4620 et
1635 4564 1892 4634 equidem

315 4663 572 4732 injuriam
604 4673 944 4733 paterentur,
978 4660 1023 4715 si
1060 4661 1466 4714 transmittente
1519 4672 1584 4712 ea
1637 4669 1895 4710 sermone

316 4756 576 4810 frustrata
601 4755 803 4818 forent,
836 4765 892 4809 et
934 4768 1003 4808 eo
1039 4752 1211 4823 magis
1260 4751 1405 4821 quod
1443 4748 1578 4803 illud
1602 4748 1782 4818 dignis
1828 4761 1894 4803 eo

312 4850 501 4919 gestis,
562 4849 748 4920 qualia
796 4858 923 4902 sunt
973 4854 1087 4910 tua,
1152 4859 1267 4910 rex,
1297 4843 1651 4913 obtingeret;
1691 4841 1893 4909 injuria

312 4948 495 4994 antem
550 4950 603 4995 et
660 4940 992 4994 detrimento
1042 4934 1352 4991 adiceretur
1406 4950 1505 5005 per
1574 4934 1690 4988 haec
1746 4933 1893 4998 vita,

314 5034 419 5087 nisi
460 5049 557 5103 per
600 5046 914 5088 sermonem
987 5030 1089 5086 ista
1145 5028 1277 5083 (lant
1338 5037 1780 5092 monumentum,
1837 5034 1894 5080 et

2076 2454 2272 2523 Ἐχρῆν
2308 2453 2430 2525 μὲν,
2463 2450 2538 2517 ὡς
2574 2452 2814 2523 ἀληθῶς,
2846 2452 3073 2523 μέγιστε
3108 2451 3355 2525 βασιλεῦ,
3379 2454 3461 2518 εις
3479 2453 3573 2508 τὸν

1995 2546 2085 2598 σὺν
2112 2548 2272 2615 λόγον
2306 2547 2406 2616 οὐχ
2440 2544 2585 2599 οὕτω
2613 2547 2843 2614 φαῦλον,
2871 2541 2983 2609 οἷος
3011 2543 3143 2614 ἐγὼ,
3179 2547 3385 2618 ῥήτορα
3411 2564 3577 2619 παρια-

1992 2640 2130 2702 ἐναι,
2162 2639 2278 2693 ἀλλ’
2304 2638 2363 2702 ὃς
2391 2640 2459 2693 ἂν
2489 2640 2584 2692 καὶ
2624 2637 2970 2709 ὑπερεφώνει
2994 2639 3169 2707 λέγων
3197 2640 3327 2703 τοὺς
3355 2639 3572 2706 ἄλλους,

1991 2734 2105 2786 ὅσοι
2139 2732 2271 2786 ποτε
2298 2732 2473 2801 λόγων
2500 2732 2707 2802 ἥψαντο
2735 2732 2954 2803 τέχνης,
2988 2732 3189 2801 μᾶλλον
3209 2730 3266 2786 δὲ
3298 2733 3573 2799 κάκεῖνος,

1992 2823 2140 2884 ὅστις
2173 2824 2280 2892 ἄρα
2311 2824 2403 2876 καὶ
2427 2817 2496 2891 ἦν
2527 2822 2738 2894 μέλλων
2762 2823 2956 2875 ἑαυτὸν
2984 2822 3286 2893 προσάγειν
3308 2821 3573 2892 τῷλόγῳ,

1992 2912 2267 2987 εἶθ’νὸρῶν
2300 2913 2396 2968 τοῦ
2430 2916 2804 2984 προκειμένου
2837 2915 2899 2968 τὸ
2946 2913 3202 2985 μέγεθος,
3246 2913 3450 2984 ἔφησεν
3483 2913 3573 2979 ἂν.

1993 3007 2393 3080 παραπλησίως
2421 3008 2548 3077 ἐμοὶ
2573 3006 2928 3069 καταδείσας,
2957 3006 3206 3074 μείζονος
3238 3006 3271 3077 ἢ
3325 3005 3445 3059 κατ’
3472 3008 3573 3061 αἱ·

1991 3102 2081 3157 τὸν
2118 3101 2349 3172 ῥήτορος
2398 3099 2476 3169 τῷ
2520 3098 2693 3169 ἀγῶνι
2723 3100 2999 3169 προσδεῖν,
3051 3098 3125 3159 ὡς
3154 3099 3254 3151 οὐκ
3297 3098 3450 3163 ὄντος
3478 3099 3573 3152 τοῦ

1993 3196 2397 3264 ἐγχειρήματος
2445 3188 2557 3245 οἷον
2616 3192 2683 3246 ἄν
2734 3209 2857 3245 τινα
2894 3193 2987 3244 καὶ
3044 3190 3246 3262 ῥαδίως
3295 3192 3574 3261 ἁψάμενον

1992 3288 2212 3350 ἁνύσαι,
2252 3289 2327 3357 μή
2356 3301 2504 3351 τινος
2534 3284 2743 3340 ἀνωθεν
2789 3286 2882 3338 καὶ
2939 3285 3094 3348 θείας
3139 3284 3574 3356 προσαψαμένης

1993 3377 2336 3445 ἐπικουρίας·
2367 3377 2490 3430 ἐπεὶ
2519 3376 2578 3429 δὲ
2609 3377 2669 3428 τὸ
2704 3376 2800 3429 τοῦ
2838 3377 3168 3446 πράγματος
3210 3375 3435 3446 ὑψηλὸν,
3475 3394 3576 3429 καμ-

1994 3467 2173 3538 οἁπερ
2219 3467 2470 3537 οὐρανὸς,
2520 3466 2650 3530 τοὺς
2690 3468 2819 3537 περὶ
2869 3466 3034 3521 αὐτὸν
3077 3465 3376 3536 βλέποντας
3424 3465 3576 3538 κάτω

1992 3576 2096 3611 που
2125 3534 2322 3612 έαυτοῧ
2354 3560 2565 3622 πάντας
2598 3534 2796 3627 ἐπίσης
2832 3558 2918 3627 ἐᾷ,
2948 3559 3049 3611 οὐκ
3077 3534 3143 3611 ἂν
3188 3559 3320 3629 ἡμῖν
3348 3556 3413 3610 τὸ
3434 3534 3575 3611 τιτολει

1998 3651 2193 3720 μῆσαι,
2234 3646 2335 3704 εἶτ’
2365 3653 2668 3705 ἀποπεσεῖν
2691 3651 2790 3719 τῆς
2815 3650 2973 3714 ἀξίας
3007 3650 3412 3720 τολμήσαντας,
3444 3646 3577 3720 παρ’

1996 3741 2304 3812 εὐγνώμοσι
2330 3742 2547 3813 κριταῖς
2566 3740 2963 3810 ἁσύγγνωστον
2987 3742 3166 3811 μένοι,
3192 3742 3332 3812 μετὰ
3362 3741 3575 3794 πολλῶι

1998 3837 2091 3888 καὶ
2123 3835 2398 3903 μεγάλων,
2422 3833 2688 3905 ἡμμένων
2718 3834 2856 3898 τέως
2886 3833 2982 3887 τοῦ
3013 3835 3405 3906 προκειμένου,
3424 3832 3575 3887 τοῦτ’

1995 3928 2062 3982 ἂν
2095 3926 2413 3981 πεπονθόσι.
2450 3927 2561 3979 Καὶ
2600 3927 2709 3999 γὰρ
2736 3931 2784 3981 εἰ
2820 3928 2919 3997 μὲν
2969 3928 3109 3982 αὐτὰ
3140 3928 3326 3998 φωνὴν
3356 3923 3469 3998 εἶχε
3506 3927 3576 3979 τὰ

1997 4019 2328 4089 πράγματα,
2360 4021 2462 4072 οὐκ
2494 4018 2561 4073 ἂν
2609 4020 2741 4082 ἴσως
2772 4020 3019 4091 ἥρμοττε
3063 4021 3575 4091 παρακινδυνεύειν,

1994 4113 2178 4176 αὐτοῖς
2206 4112 2263 4166 δὲ
2311 4112 2512 4181 μᾶλλον
2541 4112 2774 4175 ἐκείνοις
2821 4111 2915 4166 τοῦ
2969 4114 3099 4184 περὶ
3150 4112 3362 4166 ἑαυτῶν
3414 4111 3577 4178 λόγου

1997 4207 2370 4274 παραχωρεῖν·
2413 4204 2463 4258 εί
2492 4203 2536 4256 δ’
2560 4208 2747 4257 ἐκεῖνα
2782 4204 2883 4275 μὲν
2927 4205 3080 4258 οὐδὲν
3113 4206 3373 4259 οὐδέποτε
3407 4203 3576 4275 φθέγ·
3606 4228 3659 4275 ,ξε

1995 4314 2173 4366 γεται,
2209 4300 2323 4360 τοῖς
2368 4297 2429 4350 δὲ
2467 4298 2869 4368 φθεγγομένοις
2915 4298 3045 4370 ἡμῖν
3077 4303 3207 4366 περὶ
3268 4298 3494 4351 ἐκείνων
3524 4315 3577 4352 τι

1997 4391 2184 4458 λέγειν
2215 4391 2491 4455 λείπεται,
2522 4392 2639 4454 πῶς
2669 4391 2793 4461 οὐχὶ
2826 4390 3097 4462 χρηστέον
3140 4393 3252 4453 τοῖς
3278 4391 3455 4460 λόγοις
3489 4390 3577 4445 ἐπ’

1996 4485 2204 4548 αὐτοῖς,
2234 4485 2309 4548 ὡς
2337 4487 2444 4555 ἄρα
2473 4487 2567 4538 καί
2590 4487 2850 4556 ἐγχωρεῖ,
2880 4484 2979 4539 καὶ
3008 4483 3309 4554 τολμητέον
3334 4482 3431 4553 τὴν
3459 4484 3580 4535 πεῖ-

1999 4594 2130 4648 ραν;
2165 4579 2251 4634 ἵνα
2286 4580 2387 4647 μὴ,
2415 4581 2513 4646 τῆς
2546 4578 2769 4647 μνήμης
2800 4575 2905 4641 ἔξω
2951 4576 3244 4644 γενόμενα,
3292 4575 3576 4644 οἰχήσεται

1997 4672 2194 4725 θᾶττον
2236 4671 2332 4723 καὶ
2381 4669 2844 4741 διαφθαρήσεται,
2901 4668 3077 4738 λήθης
3127 4666 3578 4736 ὲναποκρυὸέντα

1997 4764 2201 4833 βυοοῖς,
2229 4764 2325 4816 καὶ
2355 4762 2519 4825 ἄδικα
2549 4763 2653 4834 μὲν
2683 4764 2825 4821 αὐτὰ
2852 4763 3038 4829 πάθοι,
3071 4760 3166 4814 τοῦ
3195 4760 3580 4824 ἐπιϐάλλοντος

1994 4856 2337 4927 ἀμοιροῦντα
2367 4857 2556 4927 λόγου,
2591 4858 2687 4912 καὶ
2715 4856 2959 4928 τοσούτῳ
2996 4874 3061 4925 γε
3099 4855 3300 4926 μᾶλλον
3349 4855 3458 4924 ὅσῳ
3488 4854 3583 4907 καὶ

1995 4950 2122 5015 ἄξια
2173 4948 2367 5003 τούτου
2401 4948 2903 5020 καταλαμϐάνεται,
2957 4941 3047 5003 οἶα
3103 4949 3168 5018 δὴ
3206 4949 3442 5019 μάλιστα
3485 4946 3578 5002 καὶ

1996 5044 2065 5096 τὰ
2089 5041 2180 5103 σὰ,
2208 5041 2455 5111 βασιλεῦ’
2492 5042 2833 5095 συναδικοῖτο
2855 5042 2911 5094 δὲ
2942 5044 3041 5097 καὶ
3070 5041 3099 5095 ὁ
3129 5041 3240 5111 βίος
3272 5041 3456 5103 αὐτοῖς
3487 5038 3581 5093 καὶ

316 5130 608 5182 admiratio
651 5138 707 5182 et
739 5127 916 5181 honor
967 5125 1045 5182 illi
1079 5125 1137 5181 in
1184 5123 1334 5180 omni
1376 5132 1624 5194 tempore
1682 5124 1890 5191 imper-

2000 5133 2274 5202 ζημιοῖτο,
2307 5134 2357 5185 εί
2386 5132 2488 5202 μὴ,
2517 5133 2686 5203 στήλη
2718 5132 2897 5186 ταῦτα
2926 5131 3033 5185 ὑπὸ
3077 5130 3172 5185 τοῦ
3225 5129 3385 5198 λόγου
3415 5148 3580 5198 γεγε⁴

316 5222 557 5275 tiantur.

383 5401 570 5474 Nuper
594 5403 875 5474 equidem,
898 5418 1015 5468 rex,
1046 5415 1172 5458 cum
1202 5415 1339 5457 meae
1369 5401 1426 5455 in
1457 5400 1694 5458 dicendo
1716 5401 1894 5457 facul-

315 5501 442 5555 tatis
473 5497 774 5569 periculum
818 5497 1075 5560 facerem,
1111 5494 1186 5549 illi
1237 5495 1614 5565 supponcbam
1652 5497 1892 5550 minores

314 5590 594 5654 materias,
645 5603 783 5658 quas
822 5589 981 5644 facile
1015 5590 1347 5660 quandoque
1393 5587 1702 5642 edissercre
1750 5589 1887 5642 milii

314 5682 639 5752 videbatur,
689 5694 745 5739 et
797 5685 870 5738 ita
918 5684 1168 5754 expedite
1209 5698 1322 5736 rem
1381 5682 1741 5752 peragebant,
1794 5695 1888 5753 et,

403 5801 467 5852 Ἐ
492 5805 660 5857 codice
691 5804 831 5863 regio
864 5804 1006 5859 5010.
1031 5815 1078 5860 ρ.
1112 5801 1194 5859 9t.
1232 5813 1342 5850 cum
1366 5801 1447 5850 85l
1491 5800 1699 5851 collato.

1997 5226 2232 5294 νημένα,
2270 5222 2458 5293 θαῦμα
2496 5224 2593 5277 καὶ
2622 5224 2941 5292 φιλοτιμίας
2973 5221 3232 5285 ὑπόθεσις
3260 5220 3410 5292 αὑτῷ
3438 5219 3581 5273 κατὰ

1999 5315 2198 5377 παντὸς
2220 5314 2315 5369 τοῦ
2338 5316 2533 5386 χρόνου
2559 5315 2764 5384 δοθείη.

2072 5406 2272 5481 Πρώην
2329 5410 2428 5480 μὲν
2454 5407 2570 5476 οὖν,
2603 5409 2850 5478 βασιλεῦ,
2889 5409 2988 5477 τῆς
3021 5406 3263 5481 ἐμαυτοῦ
3314 5406 3444 5476 περὶ
3488 5404 3580 5458 3.6-

2000 5518 2131 5569 γους
2182 5503 2465 5572 δυνάμεως
2516 5506 2713 5573 πεῖραν
2773 5501 3122 5571 ποιούμενος,
3193 5500 3290 5556 εἰτ’
3323 5497 3581 5570 ἀφορμὰς

1999 5597 2136 5667 αὐτῇ
2172 5595 2265 5648 καὶ
2295 5613 2390 5658 τκς
2420 5591 2586 5668 ἦττον
2634 5597 2749 5651 ἔσθ’
2793 5598 2881 5651 ὅτε
2914 5597 3179 5657 δοκούσας
3227 5595 3373 5665 [χειν
3403 5592 3460 5645 τὸ
3492 5588 3584 5643 εὖ·

1998 5689 2157 5757 λογον
2192 5687 2536 5754 ὑποϐάλλων,
2580 5690 2780 5760 ἤνυτον
2808 5690 3051 5753 εὐπετῶς
3090 5691 3148 5742 τὺ
3192 5687 3577 5759 προκείμενον,
