3894 6366
349 302 459 367 391

1308 302 1644 366 GEORGII
1687 303 1952 364 CYPRII
1995 304 2102 366 (ΣΡ.
2142 304 2656 367 PATRIARCH/E

3485 310 3588 373 $92

346 432 516 493 atque
548 421 828 492 praesidio,
856 432 1036 483 nemo,
1061 426 1122 473 ut
1145 417 1363 489 Opinor,
1398 418 1610 473 etiamsi
1644 419 1914 489 propriam

2029 419 2239 473 πολλῶν
2257 421 2352 473 καὶ
2378 419 2560 475 καλῶν
2592 421 2683 474 καὶ
2707 419 2976 488 μεγάλων,
3005 420 3060 473 αἳ
3091 418 3152 489 δὴ
3177 420 3270 473 καὶ
3292 419 3404 474 ἀντ’
3428 423 3592 487 ἀγάλ-

349 513 637 570 historiam
671 512 914 567 scribere
955 511 1220 575 intendat,
1251 511 1449 566 nedum
1492 527 1617 581 pars
1649 512 1920 566 sermonis

347 604 696 671 brevissima,
731 604 863 659 satis
906 618 1165 659 enarrare
1206 603 1602 672 suppeditaret.
1638 603 1695 658 Si
1737 611 1918 658 autem

348 698 472 765 quis
494 696 561 751 de
586 698 672 752 his
697 697 896 751 merito
918 696 1101 750 verbis
1120 695 1381 765 indigeat,
1400 696 1527 764 quid
1548 696 1694 750 dicet
1719 695 1785 749 de
1807 710 1921 749 ma-

348 805 452 859 gna
472 801 525 843 et
544 789 856 844 admirabili
880 788 1123 853 civitate,
1147 803 1267 857 quae
1295 796 1471 854 tuum,
1495 787 1776 856 potissime
1800 803 1917 854 rex,

350 894 579 934 aureum
637 879 761 933 tulit
790 878 1007 949 genus?
1034 893 1159 948 quae
1211 887 1267 932 et
1299 878 1355 931 in
1388 877 1566 930 media
1599 878 1729 931 sede
1764 886 1921 932 terrae

350 986 580 1040 prorsus
610 970 898 1033 collocata,
932 968 1083 1024 illius
1125 968 1422 1023 umbilicus
1444 969 1572 1038 jure
1619 968 1917 1034 diceretur,

346 1076 471 1116 cum
494 1061 561 1116 ad
586 1061 734 1115 illam
766 1054 990 1115 termini
1015 1059 1245 1115 tendant
1272 1066 1328 1113 et
1351 1058 1422 1112 ab
1444 1058 1534 1114 illa
1563 1060 1920 1128 proﬁciscan-

348 1162 462 1219 tur,
513 1163 571 1210 et
598 1153 995 1209 colluctaretur
1029 1152 1292 1206 adversus
1323 1166 1516 1205 omnes
1559 1151 1721 1205 simul
1767 1150 1921 1206 orbis

346 1244 597 1299 civitates
626 1243 963 1298 virtutibus?
985 1243 1162 1297 Situm
1189 1241 1338 1296 enim
1364 1241 1514 1296 omni
1543 1242 1637 1313 qui
1658 1244 1761 1297 sub
1783 1242 1921 1298 ccelo

344 1346 430 1392 est
459 1336 564 1392 situ
594 1336 993 1405 pulchriorem,
1022 1344 1103 1399 et,
1156 1342 1219 1389 ut
1243 1334 1505 1400 diximus,
1550 1335 1727 1390 media
1762 1346 1920 1391 terra

345 1430 476 1485 sede
500 1445 726 1500 prorsus
758 1429 1018 1494 locatum,
1052 1436 1111 1484 et
1129 1427 1223 1498 qui
1254 1427 1383 1483 altis
1420 1427 1656 1483 urbibus
1704 1427 1922 1497 potissi-

345 1534 491 1573 mum
519 1520 800 1587 convenit,
827 1518 1163 1585 sortitaest;
1196 1517 1435 1573 ﬁnitima
1465 1529 1552 1574 est
1582 1521 1746 1585 mari,
1772 1519 1920 1589 quod

346 1626 471 1667 cum
511 1612 751 1666 maxima
796 1612 952 1682 copia
981 1620 1038 1667 et
1084 1612 1340 1666 ubertate
1369 1626 1713 1681 quaecunque
1754 1611 1920 1668 maris

347 1712 481 1757 sunt
511 1704 831 1760 hominibus
869 1704 1204 1775 suppeditat.
1240 1704 1378 1759 Hinc
1407 1705 1547 1760 freta
1578 1705 1766 1771 liabet,
1791 1704 1920 1775 qui-

348 1795 452 1850 bus
490 1811 629 1865 penc
654 1797 881 1852 omnino
901 1797 1302 1861 circumdatur,
1335 1813 1459 1853 cum
1483 1798 1799 1853 dulcissima
1823 1813 1920 1853 na-
1951 1772 1993 1827 Β

347 1888 556 1957 vigatu,
580 1896 694 1941 tum
719 1888 839 1944 visu
867 1889 1295 1960 jucundissima,
1330 1899 1445 1943 tum
1476 1890 1647 1944 accoli
1672 1904 1919 1945 commo-

347 1977 597 2048 dissima,
630 1996 752 2050 quae
782 1997 973 2037 amnes
1012 1982 1160 2036 dicas
1189 1983 1407 2036 illorum
1451 1990 1663 2038 arctum
1694 1982 1918 2037 intuens

346 2074 563 2128 alveum
612 2085 668 2129 et
716 2074 897 2130 ﬂuxus
948 2084 1133 2131 motus
1164 2076 1621 2145 aequabilitatem,
1669 2086 1725 2130 et
1768 2090 1916 2129 mare

349 2165 683 2233 nominares,
714 2168 764 2221 si
808 2167 919 2221 alio
948 2182 1114 2223 sensu
1156 2167 1401 2235 judices,
1431 2166 1584 2221 illinc
1614 2167 1788 2220 maria
1833 2166 1916 2236 ja-

347 2267 497 2324 cent,
526 2258 627 2325 ibi,
661 2257 729 2313 ad
765 2257 1049 2313 meridiem
1081 2256 1304 2327 Egens,
1334 2257 1431 2326 qui
1460 2257 1528 2311 ab
1563 2256 1916 2325 Hellesponto

347 2359 405 2406 et
434 2351 591 2407 urbis
620 2350 827 2405 ﬂuento
863 2350 998 2404 oriri
1030 2349 1277 2413 videtur,
1328 2349 1426 2414 ibi,
1477 2348 1546 2402 ad
1585 2348 1917 2416 septentrio-

347 2457 476 2498 nem
527 2442 857 2509 boreamque
900 2448 1147 2505 ventum,
1204 2436 1450 2493 Euxinus
1483 2439 1576 2506 qui
1634 2438 1810 2493 oritur
1849 2454 1916 2494 ex

347 2537 600 2593 Maeotide
631 2543 688 2590 et
728 2535 972 2591 Tanaide
1001 2533 1190 2598 ﬂuvio,
1224 2545 1283 2590 et
1328 2549 1522 2590 omnes
1556 2533 1759 2588 ﬂuctus
1789 2542 1914 2589 ante

347 2644 470 2685 eam
501 2627 746 2695 evomit;
773 2629 937 2686 ambo
971 2626 1195 2698 quidem
1228 2626 1386 2696 quasi
1415 2625 1538 2681 urbi
1568 2627 1766 2697 reginae
1798 2641 1917 2682 mu-

347 2738 483 2778 nera
517 2725 703 2778 terunt
735 2737 792 2777 et
838 2721 1024 2777 omnia
1058 2721 1172 2775 illic
1204 2718 1460 2786 navibus,
1504 2719 1916 2788 impellentibus

346 2815 546 2881 ventis,
574 2815 876 2870 adducunt.
912 2812 981 2867 Et
1027 2811 1350 2883 magnitudo
1408 2811 1562 2869 urbis
1605 2821 1714 2866 tua!
1765 2818 1914 2866 tanta

348 2918 409 2963 ut
449 2923 559 2963 non
594 2909 900 2979 mquiparet
948 2907 1055 2961 alia
1084 2905 1300 2968 civitas,
1353 2920 1477 2960 cum
1524 2904 1598 2959 sit
1640 2903 1825 2974 ampla
1858 2904 1917 2958 in

344 3004 689 3068 continente,
731 2999 911 3070 ampla
940 3008 997 3054 et
1036 2999 1091 3052 in
1127 3013 1281 3054 mare
1318 2999 1466 3067 quod
1494 2998 1737 3053 medium
1773 2998 1914 3054 divi-

346 3095 446 3160 dit,
488 3097 561 3151 ita
590 3106 651 3150 ut
678 3095 992 3167 ambiguum
1029 3093 1189 3165 cujus
1218 3092 1569 3164 potissimum
1596 3094 1669 3148 sit
1695 3093 1914 3159 civitas,
1944 3128 1986 3185 α

346 3199 581 3258 utraque
605 3202 802 3258 nempe
837 3185 994 3256 quasi
1029 3183 1280 3241 certante
1318 3184 1426 3239 sibi
1449 3199 1576 3253 eam
1609 3185 1913 3254 vindicare,

345 3289 402 3335 et
446 3266 537 3334 illa
596 3277 961 3332 vehementer
1014 3273 1342 3331 obsistente.
1385 3273 1544 3341 Quod
1598 3284 1784 3329 autem
1846 3276 1914 3331 de

344 3372 473 3427 Asia
505 3370 798 3427 dicendum
834 3378 945 3435 est,
1004 3367 1145 3422 mari
1179 3377 1362 3424 secata
1407 3367 1595 3422 divelli
1636 3367 1705 3423 ab
1753 3369 1911 3434 urbe,

345 3482 467 3538 qua:
501 3477 683 3521 tamen
718 3463 865 3518 illius
895 3474 1141 3515 amorem
1174 3474 1275 3515 nec
1306 3460 1580 3526 dissolvit,
1619 3474 1723 3515 nec
1751 3475 1910 3515 aver-

346 3568 517 3621 satur,
557 3555 654 3610 sed
693 3568 816 3623 quae
855 3567 1029 3623 prope
1059 3560 1115 3606 et
1154 3562 1283 3605 ante
1331 3560 1568 3605 amatam
1604 3560 1753 3606 stare
1782 3567 1914 3607 con-

347 3650 542 3705 tendit.
571 3648 692 3717 lpse
722 3660 878 3701 suam
906 3658 1248 3714 exsuperans
1277 3641 1735 3713 magnitudinem,
1781 3644 1910 3700 dili-

345 3752 538 3815 genter
604 3738 1024 3795 attendentibus
1097 3735 1367 3805 triplicem
1437 3735 1645 3791 statum
1713 3737 1907 3805 oﬂert;

345 3837 584 3906 primum
643 3832 1007 3887 subterranea
1041 3838 1127 3885 est
1180 3822 1260 3884 illi
1302 3827 1487 3893 sedes,
1555 3832 1909 3898 superﬁciem

344 3929 475 3983 dein
512 3934 763 3996 occupat,
800 3924 1039 3995 denique
1070 3923 1219 3977 illius
1259 3936 1428 3992 supra
1460 3921 1639 3977 solum
1677 3921 1912 3976 altitudo

346 4021 541 4078 suadet
576 4027 636 4073 ut
663 4027 790 4089 post
824 4017 931 4071 alia
960 4023 1189 4086 propter
1218 4028 1340 4079 qua:
1372 4013 1505 4068 urbs
1530 4024 1909 4082 nuncupatur,

344 4114 579 4168 audeam
634 4120 690 4166 et
741 4110 949 4165 aeriam
982 4109 1172 4161 urbem
1211 4106 1521 4159 nominare.
1566 4104 1675 4158 Aer
1722 4115 1909 4159 autem

344 4207 438 4276 qui
498 4219 666 4274 super
705 4210 871 4271 caput
942 4204 1108 4260 meat,
1153 4196 1478 4267 purissimus
1519 4204 1577 4249 et
1622 4195 1912 4265 jucundis—

344 4305 518 4357 simus
552 4298 779 4369 spirari,
822 4302 904 4349 est
948 4293 1115 4348 etiam
1152 4291 1570 4355 saluberrimus,
1600 4303 1701 4343 nec
1727 4288 1912 4343 hieme

343 4402 544 4467 prazter
573 4392 797 4446 modum
840 4386 1067 4442 mordax
1096 4396 1151 4438 et
1193 4398 1376 4452 asper,
1413 4382 1510 4437 sed
1550 4382 1825 4436 innocuus
1849 4395 1913 4436 ac

2027 511 2195 580 ματός
2236 514 2343 564 εἰσι
2382 512 2480 566 καὶ
2522 513 2736 585 φρουρὰ
2762 514 2827 584 τῇ
2865 512 3021 584 χώρᾳ
3062 512 3444 573 καθίστανται,
3486 515 3594 566 οὐδ’

2020 603 2087 657 ἄν
2112 621 2216 666 τις,
2245 598 2420 673 οἶμαι,
2451 606 2545 656 καὶ
2576 604 2712 657 ίδίαν
2745 605 3005 657 ὑπόθεσιν
3037 606 3280 675 ἱστορίας
3329 604 3592 673 ποιούμε-

2022 710 2132 760 νος,
2165 693 2316 765 μήτε
2354 711 2417 762 γε
2466 696 2635 765 μέρος
2677 695 2838 762 λόγου
2891 695 3252 765 βραχύτατον,
3306 696 3593 762 ἀρκέσειεν

2026 788 2227 850 ἱκανῶς
2257 789 2510 844 διελθεῖν.
2542 791 2604 842 Et
2644 789 2700 843 δὲ
2731 789 2867 858 πρὸς
2903 788 3079 842 ταῦτά
3107 806 3192 851 τις
3238 790 3463 849 εἰκότως
3496 786 3589 840 τοῦ

2022 881 2144 931 κατ’
2174 880 2334 945 ἀξίαν
2381 883 2681 951 ἀπορήσειε
2730 880 2918 947 λόγου,
2970 880 3022 933 τί
3071 881 3315 950 περὶτῆς
3351 880 3592 949 μεγάλης

2023 972 2117 1023 καὶ
2137 970 2445 1042 θαυμασίας
2480 976 2593 1043 ὲρεί
2618 974 2846 1038 πόλεως,
2875 974 2910 1045 ἦ
2942 974 3061 1026 κατ’
3096 973 3376 1041 ἐξαίρετον
3400 973 3459 1025 τὸ
3479 974 3589 1036 σὸν,

2024 1059 2271 1130 βασιλεῦ,
2316 1066 2408 1117 καὶ
2448 1064 2685 1135 χρυσοῦν
2733 1065 2934 1136 ἤνεγκε
2968 1065 3160 1132 γένος;
3193 1066 3226 1132 ἥ
3263 1065 3380 1129 καὶ,
3408 1065 3466 1117 τὸ
3499 1082 3594 1132 με-

2025 1153 2278 1205 σαίτατον
2308 1153 2553 1224 λαχοῦσα
2582 1156 2682 1224 τῆς
2718 1154 2847 1224 γῆς,
2893 1155 3115 1225 κέντρον
3143 1154 3239 1224 μὲν
3266 1154 3330 1207 ἂν
3364 1155 3591 1217 εἰκότως

2023 1245 2194 1314 αὐτῆς
2217 1245 2429 1315 λέγοιτο
2457 1248 2560 1318 (5),
2598 1249 2678 1311 είς
2719 1249 2890 1317 αὐτὴν
2932 1249 3041 1302 τῶν
3072 1247 3257 1316 ἄκρων
3304 1248 3589 1300 τεινόντων

2023 1337 2116 1389 καὶ
2140 1338 2234 1390 ἀπ’
2252 1338 2422 1408 αὐτῆς
2440 1340 2784 1410 ἀρχομένων,
2810 1340 3188 1412 ἀνθαμιλλῷτο
3203 1341 3260 1394 δὲ
3282 1340 3417 1409 πρὸς
3451 1340 3591 1393 ἀπά-

2024 1447 2122 1493 σας
2151 1432 2347 1494 κοινῶς
2373 1434 2471 1496 τὰς
2495 1435 2551 1486 ὲν
2574 1435 2713 1503 αὐτῇ
2734 1433 2918 1495 πόλεις
2944 1437 3064 1496 ταῖς
3088 1434 3309 1503 ἀρεταῖς
3330 1448 3343 1497 ;
3375 1431 3592 1494 Θέσεως

2026 1520 2122 1591 μὲν
2155 1521 2262 1588 γὰρ
2296 1522 2394 1590 τῆς
2424 1523 2514 1574 ὑπ’
2542 1522 2768 1599 οὒρᾳνὸν
2787 1524 3081 1594 καλλίστης
3117 1525 3232 1584 καὶ.
3255 1522 3329 1585 ὡς
3360 1521 3587 1589 ἔφαμεν,

2021 1613 2121 1682 τῆς
2175 1618 2534 1684 μεσαιτάτης,
2592 1620 2685 1669 καὶ
2730 1617 2763 1685 ἢ
2819 1615 3056 1686 μάλιστα
3097 1617 3217 1679 ταῖς
3261 1614 3590 1686 ἀκροπόλεσι

2025 1704 2249 1771 πρέπει,
2279 1705 2575 1789 (τετύχηκεο
2605 1708 2842 1774 γειτονεῑ
2867 1707 2925 1759 δὲ
2977 1707 3218 1780 θαλάσσῃ
3269 1707 3365 1761 καὶ
3415 1705 3586 1774 ταύτῃ

2023 1794 2373 1864 γονιμωτάτῃ
2398 1798 2494 1850 καὶ
2517 1798 2617 1850 ὅσα
2645 1798 3105 1867 παραθαλάσσης
3136 1802 3250 1862 τοίς
3279 1797 3588 1868 ἀνθρώποις

2022 1890 2281 1957 χορηγεῖν
2303 1891 2685 1963 ἀφθονωτάτῃο
2720 1891 2880 1945 τοῦτο
2923 1892 3025 1966 μὲν
3059 1891 3340 1962 πορθμοὺς
3388 1891 3589 1961 ἔχουσα

2024 1979 2210 2049 σχεδὸν
2242 1981 2369 2049 περὶ
2422 1984 2603 2035 πᾶσαν
2654 1984 2878 2052 ἑαυτὴν,
2908 1985 3304 2055 ἡμερωτάτους
3339 1984 3437 2052 μὲν
3467 1985 3586 2036 ἐπι-

2024 2071 2198 2136 πλεῖν,
2228 2073 2594 2140 ὡραιοτάτους
2644 2074 2699 2129 δὲ
2746 2076 2990 2146 βλέπειν,
3025 2076 3501 2137 λυσιτελεστάτους
3530 2075 3587 2127 δὲ

2022 2167 2364 2231 προσοικείν,
2413 2165 2508 2226 οὓς
2564 2170 2659 2220 καὶ
2695 2169 2979 2232 ποταμοὺς
3008 2171 3076 2223 ἂν
3132 2167 3310 2230 εἴποις
3342 2166 3479 2236 πρὸς
3528 2168 3589 2219 τὸ

2024 2252 2209 2307 στενὸν
2237 2253 2380 2325 ὀρῶν
2414 2257 2508 2310 καὶ
2537 2257 2636 2327 τὴν
2668 2258 2811 2313 κατά
2869 2259 3087 2329 κίνησιν
3128 2257 3460 2328 ὁμαλότητα,
3492 2256 3588 2308 καὶ

2023 2347 2298 2403 θάλασσαν
2321 2348 2623 2420 ὀνομάσαις
2658 2352 2863 2421 κρίνων
2909 2352 3017 2405 ἀπὸ
3049 2352 3148 2419 τῆς
3199 2352 3363 2420 ἄλλης
3394 2349 3587 2416 αισοή-

2025 2456 2184 2505 σεως,
2217 2440 2378 2495 τοῦτο
2407 2441 2452 2494 δ’
2475 2443 2801 2513 ἐπικείμενα
2833 2444 3067 2514 πελάγη,
3095 2442 3247 2496 ένθεν
3273 2443 3393 2513 μὲν,
3450 2439 3587 2510 πρὸς

2025 2534 2394 2604 μεσημϐρίαν,
2413 2535 2502 2589 τὸν
2525 2538 2766 2604 Αἰγαῖον,
2787 2539 2880 2607 ἀφ’
2915 2535 3308 2608 Ἑλλησπόντου
3329 2536 3588 2590 δοκοῦντα

2022 2623 2116 2675 καὶ
2144 2625 2237 2678 τοῦ
2265 2628 2364 2696 τῆς
2389 2628 2599 2693 πόλεως
2623 2631 2748 2700 ροὸς
2792 2629 3081 2702 ἄρχεσθαι,
3135 2630 3287 2683 ἔνθεν
3335 2629 3413 2693 δὲ,
3452 2629 3586 2701 πρὸς

2023 2714 2221 2785 ἄρκτον
2256 2718 2352 2771 καὶ
2382 2717 2584 2791 βορρᾶν
2611 2721 2836 2790 ἄνεμον,
2864 2721 2956 2775 τὸν
2994 2720 3270 2786 Εὔξεινον,
3304 2722 3369 2773 ὲκ
3395 2720 3587 2774 Μαιώ-

2022 2810 2164 2875 τιδος
2190 2811 2290 2880 μὲν
2321 2813 2627 2885 ἀρχόμενον
2659 2816 2755 2868 καὶ
2792 2815 2890 2886 τῆς
2924 2814 3120 2884 λίμνης
3155 2814 3433 2878 Τανάἴδος,
3467 2812 3586 2866 ὅλον

2020 2899 2078 2954 δὲ
2133 2902 2193 2955 τὸ
2250 2902 2429 2975 ῥεῦμα
2480 2907 2587 2975 πρὸ
2652 2907 2820 2977 αὐτῆς
2872 2905 3078 2977 ταύτης
3129 2905 3586 2977 ἀπερευγόμενον,

2022 2994 2190 3066 ἄμφω
2221 2997 2279 3051 δὲ
2328 2997 2403 3062 ὡς
2442 2997 2677 3068 βασιλίδι
2725 3003 2790 3070 τῇ
2844 3000 2999 3053 πόλει
3047 3001 3463 3070 δωροφοροῦντα
3495 2999 3590 3051 καὶ

2022 3089 2201 3143 πάντα
2230 3087 2390 3161 δεῦρο
2435 3092 2555 3154 ταῖς
2608 3090 2797 3145 ὁλκάσι
2825 3092 2969 3146 κατά
3022 3093 3203 3147 πᾶσαν
3259 3091 3586 3160 πνευμάτων

2022 3182 2238 3253 κίνησιν
2269 3182 2738 3253 παραπέμποντα.
2792 3185 2905 3239 Καὶ
2966 3184 3196 3255 μέγεθος
3248 3183 3305 3238 δὲ
3352 3186 3452 3254 τῆς
3488 3185 3586 3256 σῆς

2023 3274 2231 3337 πόλεως
2275 3274 2526 3327 ὅσον-οὐκ
2561 3273 2729 3343 ἄλλης
2759 3273 3001 3342 πόλεων,
3038 3275 3240 3344 πολλῆς
3291 3275 3389 3343 μὲν
3422 3273 3589 3346 οὔσης

2023 3364 2144 3417 κατ’
2179 3365 2431 3435 ἧπειρον,
2477 3364 2680 3434 πολλῆς
2713 3365 2770 3418 δὲ
2810 3367 2905 3419 καὶ
2952 3366 3127 3436 μέσην
3171 3363 3462 3437 σχιζούσης
3489 3366 3587 3437 τὴν
3647 3414 3650 3417 .

2022 3459 2317 3524 θάλασσαν,
2347 3459 2421 3522 ώς
2449 3459 2753 3529 ἀμφίϐολον
2777 3456 2916 3514 εῖναι
2947 3460 3091 3525 τίνος
3124 3460 3379 3531 μᾶλλονή
3412 3461 3586 3527 πόλις,

2022 3551 2288 3621 ἑκατέρας
2316 3550 2505 3621 ὥσπερ
2553 3552 2964 3624 ἀγωνιζομένης
3008 3553 3179 3618 αὐτὴν
3230 3552 3583 3619 οἰκειοῦσθαι,

2021 3640 2115 3692 καὶ
2148 3640 2391 3709 σφοδρῶς
2434 3642 2806 3712 ἀντεχομένης
2862 3644 3052 3714 αὐτῆς.
3095 3645 3159 3696 Ὃ
3192 3644 3257 3715 δὴ
3315 3646 3411 3698 καὶ
3458 3646 3587 3714 περὶ

2023 3734 2118 3802 τῆς
2163 3733 2348 3797 Ἀσίας
2378 3735 2553 3787 εἰπεῖν
2579 3734 2678 3799 ἔνι,
2714 3734 2963 3808 θαλάσσῃ
3016 3736 3114 3806 μὶν
3153 3738 3588 3808 τυραννηθείσης

2023 3826 2408 3896 ἀπορραγῆναι
2438 3828 2539 3896 τῆς
2568 3828 2797 3891 πόλεως,
2829 3828 2922 3881 τὸν
2946 3829 3126 3898 ἔρωτα
3152 3829 3211 3881 δὲ
3255 3829 3329 3900 μὴ
3355 3830 3591 3883 καταλε-

2018 3918 2244 3983 λυκυίας
2282 3919 2417 3990 μηδὲ
2457 3922 2645 3991 πόρρω
2675 3921 3072 3992 ἀφεστηκυίας,
3110 3921 3244 3976 ἀλλά
3302 3922 3396 3977 καὶ¹
3445 3921 3589 3977 οὕτω

2021 4007 2434 4079 φιλονεικούσης
2461 4010 2730 4078 σύνεγγυς
2760 4013 2857 4065 καὶ
2895 4014 3205 4085 ἀπαντικρὺ
3246 4014 3343 4083 τῆς
3372 4016 3588 4084 ἐρωμέ-

2022 4121 2118 4173 νης
2152 4105 2394 4159 ἑστάναι.
2454 4106 2565 4158 Καὶ
2617 4105 3038 4171 ὑπερϐάλλουσα
3071 4109 3125 4161 δὲ
3170 4108 3390 4178 μεγέθει
3446 4110 3585 4181 αὑτὴ

2021 4196 2243 4266 ἑαυτῆς,
2297 4198 2597 4266 τριπλασία
2645 4201 2756 4261 τοῖς
2808 4200 3056 4269 ἀκριϐῶς
3113 4203 3407 4256 σκοποῦσιν
3440 4206 3589 4274 εὑρί-

2023 4304 2237 4342 σκεταιο
2271 4290 2337 4342 τὰ
2369 4291 2467 4359 μὲν
2489 4290 2599 4361 γὰρ
2631 4292 2801 4361 αὐτῆς
2831 4294 3133 4361 κατάγαιός
3176 4297 3321 4348 ἐστιν
3352 4297 3586 4365 οἴκησις,

2019 4378 2088 4433 τὰ
2119 4381 2176 4434 δὲ
2203 4382 2302 4447 τὴν
2334 4384 2660 4451 ἐπιφάνειαν
2725 4384 2941 4455 πληροῖ,
2987 4385 3127 4440 ἄλλα
3177 4387 3231 4440 δὲ
3258 4389 3365 4441 τῶν
3406 4389 3589 4456 μέσων

344 4490 494 4543 mitis
522 4497 575 4541 et
609 4482 937 4553 corporibus
975 4476 1311 4539 tolerabilis,
1354 4489 1459 4528 nec
1502 4485 1641 4528 aestu
1671 4473 1914 4539 fervidus

2023 4473 2205 4526 ἐπάνω
2236 4474 2509 4544 φερόμενα
2568 4476 2770 4543 πείθει,
2837 4478 2974 4547 μετὰ
3024 4478 3133 4535 τῶν
3162 4478 3336 4531 ἄλλων
3380 4472 3456 4533 ὧν
3488 4480 3588 4547 τὴν

343 4593 399 4635 et
426 4580 723 4636 suﬂocans,
765 4573 861 4628 sed
895 4578 1232 4639 temperatus
1260 4566 1501 4635 quodam
1540 4565 1770 4634 frigore,
1818 4564 1916 4617 bo-

345 4674 455 4729 reis
486 4671 706 4724 ﬂatibus
736 4678 791 4721 et
825 4681 963 4720 aura
1009 4660 1245 4729 zephiri,
1295 4673 1407 4712 non
1451 4657 1588 4711 sinit
1633 4656 1914 4711 radiorum

344 4769 463 4822 acie
512 4764 742 4819 omnino
788 4756 1108 4814 dominari:
1141 4756 1249 4808 alia
1301 4766 1436 4807 vero
1487 4761 1734 4820 tempora
1779 4765 1917 4819 quo-

344 4858 511 4911 modo
586 4853 999 4907 innnisccantur
1061 4859 1368 4900 memorare
1442 4852 1913 4912 supervacaneum

344 4960 453 5014 est,
484 4963 609 5003 cum
663 4945 768 4998 hoc
816 4942 1110 4995 manifesto
1143 4954 1244 5009 per
1283 4947 1535 4992 extrema
1581 4935 1912 4989 innotescat.

343 5046 414 5099 Et
462 5042 554 5094 illa
601 5049 715 5093 tute
789 5034 1167 5105 magnitudine
1220 5032 1531 5101 praditum,
1563 5029 1748 5099 potius
1794 5027 1916 5097 pul-

344 5141 530 5191 chram
586 5146 749 5202 quam
798 5142 1046 5199 magnam
1095 5126 1335 5190 diceres,
1391 5125 1709 5193 exprimere
1759 5121 1908 5175 enim

344 5230 529 5283 valeas
559 5223 963 5287 excellentiam,
1002 5218 1057 5274 id
1103 5231 1213 5288 quo
1246 5217 1382 5270 alias
1419 5214 1587 5269 urbes
1636 5212 1917 5266 antecellit

344 5326 577 5387 civitas,
641 5326 903 5390 quantum
964 5329 1098 5370 vero
1158 5309 1573 5384 pulchritudine
1629 5305 1914 5360 antecellit

344 5417 532 5470 dicere
572 5414 744 5477 nefas,
776 5421 834 5464 et
857 5425 964 5464 non
1006 5417 1187 5478 potest
1220 5402 1459 5459 inveniri
1496 5399 1770 5454 intervalli
1807 5413 1912 5450 nu-

345 5523 532 5566 merus
556 5515 648 5561 aut
672 5518 948 5560 mensura.

418 5721 493 5789 (ὃ)
536 5718 849 5790 Byzantium
883 5715 1012 5790 iacit
1065 5724 1224 5790 terra:
1246 5782 1258 5790 _
1282 5708 1601 5790 umbilicum
1641 5721 1721 5790 ,σο
1752 5720 1900 5790 προη-

345 5773 512 5859 mihi,
543 5773 601 5845 υἶ
638 5787 941 5859 antiquitus
967 5784 1137 5841 Grzci
1169 5782 1424 5851 Delphos,
1460 5789 1517 5833 ut
1550 5777 1720 5834 Judaei
1745 5773 1901 5831 Jeru-

2023 4563 2175 4615 πόλιν
2228 4565 2479 4631 καλοῦσι,
2566 4568 2776 4639 τολμᾷν
2844 4568 3070 4623 καλέσαι
3130 4572 3225 4624 καὶ⁵
3273 4571 3586 4642 ἀερόπολιν.

2031 4655 2164 4725 Ἀὴρ
2193 4656 2250 4710 δὲ
2275 4658 2502 4727 αὐτῆςὸ
2552 4658 2695 4730 ὑπὲρ
2751 4660 3017 4731 κεφαλῆς,
3074 4661 3460 4734 καθαρώτατος
3512 4663 3590 4717 ὣν

2021 4750 2115 4801 καὶ
2137 4748 2396 4818 ἡδύτατος
2421 4751 2783 4817 ἀναπνεῦσαι,
2817 4753 2899 4805 ἔτι
2927 4759 3025 4806 καὶ
3050 4754 3422 4822 ὑγιεινότατὸς
3445 4759 3586 4823 ἐστι,

2020 4841 2290 4911 χειμῶνος
2320 4842 2420 4910 μὲν
2449 4843 2551 4896 οὐκ
2610 4845 2801 4915 ἄγριος
2831 4844 2906 4898 ὢν
2939 4847 3061 4900 οὐδὲ
3106 4847 3304 4916 δριμὺς
3337 4851 3394 4911 ἐς
3420 4848 3590 4919 ὑπερ-

2021 4934 2205 5004 ϐολὴν,
2239 4935 2356 4988 ἀλλ’
2385 4935 2592 5000 ἄλυπος
2619 4940 2715 4990 καὶ
2744 4939 3023 5010 προσηνὴς
3055 4944 3147 4993 καὶ
3176 4944 3289 5004 τοῖς
3336 4940 3587 5011 σώμασιν

2023 5026 2263 5092 ἀνεκτὸς,
2288 5027 2478 5098 θέρους
2507 5029 2564 5081 δὲ
2594 5029 2654 5081 οὐ
2687 5030 2970 5101 καυσώδης
3002 5033 3096 5086 καὶ
3124 5032 3420 5102 πνιγώδης,
3448 5033 3588 5088 ἀλλὰ.

2021 5134 2128 5175 τινι
2153 5119 2455 5188 σύγκρατος
2482 5121 2665 5191 ψύχει,
2702 5121 2935 5193 βορείοις
2966 5124 3239 5193 πνεύμασι
3261 5126 3355 5177 καὶ
3384 5123 3585 5194 αὔραις

2021 5214 2257 5285 ζεφύρου
2294 5214 2400 5267 ὑπὸ
2433 5214 2532 5281 τῆς
2586 5214 2694 5265 τῶν
2742 5216 2978 5268 ἀκτίνων
3032 5217 3215 5285 ἀκμῆς
3266 5218 3586 5285 κρατεῖσθαι

2022 5306 2276 5371 καθάπαξ
2300 5304 2375 5376 μὴ
2402 5304 2869 5376 συγχωρούμενον
2896 5305 3003 5358 τῶν
3034 5306 3079 5359 δ’
3103 5306 3279 5360 ἄλλων
3305 5308 3587 5377 ώρῶνοπε-

2023 5399 2199 5467 ριττδν
2225 5399 2318 5451 καὶ
2345 5397 2651 5465 μνησθῆναι
2712 5396 2786 5459 ώς
2822 5398 3141 5467 κέκρανται,
3169 5398 3357 5452 τούτου
3393 5400 3583 5467 σαφῶς

2022 5495 2085 5542 ἐκ
2152 5490 2258 5540 τῶν
2316 5488 2501 5559 ἄκρων
2552 5487 2974 5557 γινωσκομένου.
3038 5488 3147 5540 Καὶ
3198 5490 3303 5559 μὴν
3354 5486 3587 5559 μέγεθος

2017 5699 2204 5763 salem.
2257 5699 2386 5753 Vide
2413 5714 2533 5769 quae
2570 5699 2753 5754 notavi
2795 5699 2861 5754 ad
2920 5696 3225 5753 Planudeas
3270 5694 3448 5751 Ovidii
3476 5692 3584 5748 Me-

2012 5782 2166 5836 tam.,
2196 5787 2250 5841 p.
2282 5771 2384 5825 430
2412 5780 2466 5825 et
2493 5770 2616 5823 bS‘J.
