3894 6366
258 284 368 346 393

1211 278 1505 339 LAUDAT
1526 280 1598 339 ιο
1626 243 2046 340 ,ιιΝῡιιοΝιει
2085 278 2544 340 PAL/EOLOGI.

3388 275 3495 339 394

258 398 494 466 ἔχουσαν
528 396 869 468 τηλικοῦτον,
922 394 1123 466 μᾶλλον
1151 393 1218 448 ἂν
1247 395 1418 464 αὐτὴν
1449 395 1625 458 εῐποις
1659 394 1830 465 καλὴν
1864 395 1945 464 il”
1970 391 2234 464 μεγάληνο
2269 391 2364 444 τοῦ
2400 393 2499 460 μὲν
2538 392 2666 459 γὰρ,
2710 389 2890 462 εὕροις
2919 389 2986 446 ἂν
3018 390 3175 459 λόγον
3203 389 3301 461 τῆς
3328 391 3497 461 ὕπερ-

255 490 414 559 οχῆς,
461 483 507 557 ᾧ
559 490 669 542 τῶν
715 489 893 543 ἄλλων
943 487 1248 556 διενήνοχεν
1296 486 1506 546 ἀστέων
1558 489 1593 556 ἡ
1643 488 1820 552 πόλις,
1881 486 2070 541 κάλλει
2124 485 2183 538 δέ
2237 485 2364 538 ὅσον
2397 486 2684 556 δ.ήνεγκεν
2715 485 2955 557 ἀρρητος
2985 488 3014 538 ό
3043 486 3225 556 λόγος,
3269 488 3364 539 καὶ
3403 489 3507 557 μέ-

259 600 392 653 τρον
437 585 540 636 οὐκ
587 583 737 635 ἐστιν
789 581 970 651 εὑρεῖν
1014 579 1128 632 οὐδ’
1170 579 1408 649 ἀριθμὸν
1456 580 1558 651 τῆς
1615 579 1914 651 μεσότητος
1935 581 2067 651 (5).-
3561 634 3569 656 τ

345 677 489 734 Ἀλλ»
522 677 554 746 ἡ
592 676 691 746 μιν
717 675 918 744 πατρὶς
945 671 1042 726 τοῦ
1097 672 1364 743 βασιλέως
1392 672 1548 736 πόλις
1585 672 1836 743 τοιαύτη,

2010 673 2080 728 At
2108 673 2284 742 patria
2313 675 2460 744 regis
2488 684 2574 730 est
2618 675 2722 730 ista
2763 673 2980 737 civitas,
3013 681 3069 728 et
3099 674 3261 729 omisi
3295 689 3497 743 magna
3557 675 3565 716 ε

262 770 364 823 καὶ
387 767 680 821 κατέλιπον
710 765 779 818 τὰ
809 764 1024 835 μεγάλα
1052 764 1260 834 ταύτης
1310 763 1692 834 γνωρίσματα,
1747 764 1836 817 εὐ-

265 859 489 912 σέϐειαν
534 857 861 926 οἰκητόρων,
909 855 1191 925 εὐνομίαν,
1239 855 1610 926 δικαιοσύνην,
1649 855 1836 924 φιλαν-

262 952 536 1022 θρωπίαν,
564 950 810 1019 ἀνδρίαν,
839 948 1010 1002 τᾶλλα
1035 947 1098 1012 ἐξ
1146 941 1226 1001 ὧν
1254 948 1482 1011 δικαίως
1526 948 1621 1001 καὶ
1651 947 1713 1000 τὸ
1738 947 1837 1017 τῆς

264 1043 598 1114 οἰκουμένης
621 1041 935 1106 ἀνεζῶσατο
963 1040 1199 1110 κράτοςσ
1244 1040 1307 1093 τὸ
1338 1039 1398 1092 δέ
1427 1039 1582 1108 γένος
1613 1041 1834 1107 όποῖον;

263 1137 330 1189 τὺ
357 1135 765 1206 ἐπισημότατον
799 1131 1072 1202 Ἐλλήνων
1095 1132 1188 1185 καὶ
1227 1130 1522 1202 Ῥωμαίων
1551 1131 1662 1184 τῶν
1685 1130 1837 1202 τῇδε,

265 1225 296 1278 δ
314 1227 410 1280 καὶ
447 1225 528 1288 εἰς
553 1225 761 1292 κόσμου
783 1222 1108 1293 προσθήκην
1128 1223 1225 1276 καὶ⁵
1251 1221 1618 1292 λαμπρότητα
1645 1221 1840 1290 γέγονε

267 1322 334 1384 τῇ
361 1317 606 1387 πατρίδι,
627 1313 791 1384 αὖξον
805 1313 938 1387 παρ’
956 1314 1154 1368 ἐαυτοῦ
1174 1314 1275 1377 τὰς
1295 1315 1477 1384 αὐτῆς
1497 1311 1840 1382 φιλοτιμίας,

267 1409 388 1462 ἀλλ’
419 1410 541 1479 οὐχ,
571 1409 601 1462 ὃ
631 1410 746 1471 τοῖς
771 1408 955 1472 ἄλλοις
987 1407 1290 1474 συνέϐαινε,
1320 1408 1432 1469 τοῖς
1462 1405 1562 1474 τῆς
1590 1402 1844 1472 ἐνεγκού-

271 1517 375 1568 σης
431 1499 908 1570 πλεονεκτήμασιν
959 1500 1038 1562 είς
1085 1497 1294 1551 οἰκείαν
1325 1494 1638 1565 φιλοτιμίαν
1671 1509 1843 1564 προσ-

271 1591 581 1662 χρώμενον.
644 1591 726 1645 Τά
754 1591 854 1660 μὲν
878 1592 990 1662 γὰρ
1017 1588 1289 1662 πατρόθεν
1317 1586 1675 1655 Παλαιολόγοι
1711 1585 1845 1656 πρό-

270 1701 422 1751 τονοι
448 1683 526 1754 τῷ
558 1683 790 1754 βασιλεῖ,
841 1683 1000 1752 γένος
1042 1682 1139 1736 καὶ
1179 1681 1258 1751 τῷ
1288 1679 1408 1750 Θεῷ
1461 1680 1531 1732 δι’
1559 1678 1845 1732 εὐσέϐειαν

276 1779 375 1832 καὶ
405 1777 506 1848 τὴν
537 1777 708 1847 ἀλλην
761 1776 1023 1832 παντοίαν
1057 1773 1259 1844 ἀρετὴν
1310 1773 1698 1843 ἀνακείμενον,
1751 1771 1847 1826 καὶ

281 1872 525 1942 ήρωῖκδν
575 1870 752 1933 ἄλλως
807 1870 900 1922 καὶ
930 1867 1174 1936 ἀρεῖκδν,
1209 1866 1423 1937 μεγάλα
1468 1865 1848 1932 γενναιότητος

280 1962 553 2031 δείγματα
576 1961 634 2014 ἐν
663 1977 723 2014 τε
754 1961 1075 2030 πολεμικοῖς
1103 1959 1281 2026 ἀγῶσι
1311 1958 1406 2011 καὶ
1435 1957 1599 2011 παντὶ
1627 1957 1705 2026 τῷ
1744 1972 1847 2009 πα-

283 2053 515 2123 ρεστῶτι
550 2051 856 2119 ἐξενεγκόν⁶
880 2051 950 2104 τὰ
977 2051 1023 2103 δ’
1051 2050 1117 2102 ἐκ
1143 2049 1352 2119 μητρὸς
1378 2049 1459 2110 εις
1487 2046 1694 2110 Δούκας
1720 2047 1849 2100 ἀνα-

283 2145 443 2214 φέρει
476 2143 536 2195 τδ
566 2144 722 2211 γένος
753 2141 851 2212 (6),
882 2140 942 2207 ἐξ
965 2133 1040 2196 ῶν
1074 2142 1172 2194 καὶ
1201 2139 1440 2206 βασιλεῖς
1464 2140 1559 2192 καὶ
1582 2141 1631 2192 oi
1659 2138 1726 2192 τά
1759 2155 1852 2208 με-

281 2235 428 2304 γάλα
482 2236 637 2308 παρὰ
684 2234 952 2306 βασιλέων
1001 2232 1326 2305 δυνηθέντες
1381 2232 1725 2303 προήλθοσαν
1751 2232 1852 2304 (5)⁶

286 2329 450 2392 αὐτὸς
473 2327 520 2380 δ’
552 2328 584 2381 ό
616 2327 801 2397 πατὴρ
827 2326 1110 2397 βασιλεὺς,
1143 2325 1239 2378 καὶ
1287 2323 1554 2394 βασιλέων
1583 2323 1646 2376 τὸ
1699 2323 1857 2391 μέγι-

284 2437 414 2474 στον
437 2419 630 2489 ὄνομα,
659 2418 804 2472 τοῦτ’
829 2416 972 2472 εἶναι
998 2417 1179 2470 λαϐὼν
1203 2418 1314 2472 κάκ
1354 2415 1461 2469 τῶν
1483 2413 1784 2486 τροπαίων.
1818 2413 1856 2468 ἃ

283 2513 460 2568 πολλά
493 2515 588 2568 καὶ
619 2512 832 2584 μεγάλα
858 2512 978 2566 κατ’
1005 2511 1222 2582 ἐχθρῶν
1245 2511 1536 2580 ἐστήσατο,
1561 2510 1660 2578 οὐχ
1691 2501 1855 2578 ἦττον

280 2607 341 2659 δέ
377 2607 474 2660 καὶ
506 2605 594 2660 διὰ
645 2605 708 2659 τὸ
743 2605 836 2659 σὺν
881 2603 1047 2659 αὐτὸν
1103 2603 1344 2676 ὑπάρξαι
1380 2603 1631 2674 γενέτην.
1681 2600 1856 2654 Τοῦτο

281 2700 394 2769 γὰρ
418 2699 560 2768 ὑπὲρ
579 2698 680 2768 τὴν
704 2697 983 2768 βασιλειαν
999 2696 1190 2768 αὐτὴν,
1216 2695 1355 2766 ὐπέρ
1380 2695 1480 2759 τὰς
1501 2695 1682 2757 νίκας,
1711 2693 1856 2759 ὑπὲρ

283 2794 397 2846 πᾶν
430 2793 573 2861 μέγα
593 2791 950 2861 κατόρθωμα,
983 2790 1256 2859 ἐπίσημον
1281 2787 1471 2852 ἐδειξεο
1502 2789 1596 2840 καὶ
1630 2787 1736 2856 γὰρ
1764 2785 1858 2838 καὶ

281 2885 574 2946 Φίλιππος,
603 2884 775 2954 μέγας
803 2881 903 2948 ὢν,
932 2881 1012 2935 έτι
1042 2881 1245 2952 μείζων
1275 2879 1344 2933 δι’
1384 2878 1732 2949 Ἀλέξανδρον
1759 2877 1856 2945 γέ·-

284 2994 437 3046 γονε.
469 2977 642 3030 Τοῦτο
669 2976 734 3046 δὴ
760 2975 853 3028 καὶ
875 2975 1203 3044 καυχήσεως
1243 2972 1394 3041 αὐτῷ
1422 2972 1614 3042 γέγονε
1660 2971 1861 3038 στέφα-

286 3087 400 3134 νος,
430 3069 523 3121 καὶ
553 3069 634 3131 εἰς
685 3067 780 3121 τὸν
831 3068 931 3137 τῆς
977 3066 1330 3135 εὐδαιμονίας
1374 3063 1670 3118 ἀνεϐίϐασε
1700 3062 1857 3116 κολο-

286 3161 468 3229 φῶνα,
495 3161 617 3213 ἐπεὶ
651 3159 746 3213 καὶ
774 3157 1034 3229 παραυτά
1057 3157 1158 3228 τῆς
1191 3156 1291 3227 σῆς
1323 3157 1630 3227 γεννήσεως
1668 3155 1862 3224 ἐπιση-

291 3256 546 3322 μαίνεται
571 3251 725 3316 Θεδς,
757 3252 854 3305 καὶ
894 3249 1156 3321 Ῥωμαῖοι
1193 3248 1319 3313 τοὺς
1345 3250 1471 3311 σοὺς
1501 3248 1858 3322 γεννήτορας,

1938 763 2092 820 illius
2118 773 2469 832 ornamenta,
2509 767 2770 836 pietatem
2799 767 3133 830 incolarum,
3160 767 3501 837 aequitatem,

1932 856 2208 928 justitiam
2235 899 2249 923 ,
2285 857 2710 922 humanitatem,
2755 858 3140 912 strennitatem
3161 899 3178 923 ,
3209 867 3266 913 et
3307 870 3506 915 caetera

1939 948 2146 1019 quibus
2179 951 2305 1021 jnre
2342 953 2492 1006 orliis
2521 953 2814 1022 imperium
2845 951 3227 1020 recuperavit;
3261 961 3318 1006 et
3345 953 3508 1021 quale

1939 1042 2157 1112 genus?
2203 1043 2643 1114 insignissimum
2689 1045 3008 1100 Graecorum
3038 1052 3206 1113 atque
3230 1044 3506 1098 Romano-

1941 1143 2065 1183 rum
2084 1129 2177 1184 hic
2206 1129 2588 1198 incolentium,
2611 1133 2755 1202 quod
2779 1132 2846 1187 ad
2872 1133 3090 1188 decoris
3109 1133 3512 1188 incrementum

1941 1228 2000 1276 et
2029 1222 2385 1291 splendorem
2442 1225 2634 1293 patrie
2671 1231 2941 1295 occupat.
2981 1240 3049 1280 ex
3083 1225 3204 1294 ipso
3235 1225 3515 1297 adaugens

1943 1314 2092 1369 illius
2119 1315 2348 1386 gloriam
2369 1358 2384 1383 ,
2419 1317 2516 1372 sed
2566 1333 2703 1382 non,
2756 1319 2903 1387 quod
2936 1317 3058 1372 aliis
3089 1318 3382 1388 contingit,
3441 1319 3513 1373 ad

1945 1407 2225 1476 propriam
2276 1408 2507 1478 gloriam
2560 1411 2847 1464 insumens
2883 1409 3077 1480 patria:
3124 1410 3347 1466 decora.
3376 1411 3513 1466 Nam

1944 1512 2013 1552 ex
2045 1510 2204 1566 patre
2244 1499 2537 1570 Palatologi
2586 1509 2714 1555 sunt
2754 1501 2902 1571 regis
2959 1503 3182 1570 proavi,
3231 1517 3403 1573 genus
3456 1513 3514 1559 et

1944 1587 2060 1643 Deo
2091 1597 2318 1658 propter
2346 1589 2607 1659 pietatem
2645 1599 2704 1644 et
2734 1591 2875 1646 alias
2913 1591 3247 1661 multiplices
3279 1593 3515 1650 virtutes

1945 1678 2253 1744 addictum,
2293 1691 2351 1736 et
2391 1681 2616 1737 aliunde
2653 1683 2942 1739 heroicum
2994 1695 3162 1754 atque
3201 1688 3524 1751 strenuum,

1947 1769 2096 1840 quod
2144 1787 2336 1842 magna
2384 1775 2736 1831 strenuitatis
2783 1775 3012 1847 pignora
3048 1776 3102 1831 in
3146 1778 3359 1834 bellicis
3395 1795 3515 1834 cer-

1951 1861 2249 1918 taminibus
2289 1873 2346 1920 et
2381 1865 2435 1919 in
2491 1881 2713 1936 quaque
2753 1882 2816 1922 re
2867 1867 3218 1938 significavit.
3251 1868 3328 1924 Ex
3359 1881 3515 1942 parte

1953 1955 2147 2011 matris
2196 1956 2342 2012 inter
2390 1957 2571 2013 Ducas
2602 1959 2932 2015 transfertur
2977 1976 3152 2030 genus
3175 2002 3190 2026 ,
3221 1978 3289 2018 ex
3315 1966 3518 2033 quibus

1953 2060 2130 2116 reges.
2163 2056 2219 2102 et
2251 2049 2306 2102 hi
2357 2049 2502 2119 apud
2546 2066 2702 2120 reges
2736 2067 2932 2122 magna
2977 2054 3254 2120 valentes,
3301 2057 3520 2112 instite—

1952 2147 2112 2204 runt;
2148 2138 2266 2209 ipse
2295 2149 2455 2211 pater
2495 2157 2610 2206 rex,
2653 2156 2708 2198 et
2739 2159 2930 2214 regum
2982 2149 3282 2200 maximum
3317 2164 3518 2204 nomen

1951 2230 2194 2300 suscepit
2221 2239 2278 2285 et
2321 2247 2386 2285 ea
2427 2234 2650 2302 tr0pazis
2678 2274 2692 2298 ,
2739 2249 2863 2304 quas
2898 2236 3070 2291 multa
3103 2245 3157 2291 et
3191 2252 3383 2306 magna
3422 2238 3521 2290 ad-

1952 2335 2148 2375 versus
2177 2321 2366 2376 hostes
2393 2323 2614 2387 statuit,
2642 2334 2698 2378 et
2729 2340 2838 2379 non
2863 2326 3066 2390 minus,
3098 2328 3227 2396 quia
3265 2328 3354 2381 ille
3381 2329 3521 2397 patri

1956 2421 2048 2466 tuo
2076 2427 2196 2466 esse
2239 2413 2491 2482 contigit.
2525 2415 2662 2470 Illud
2689 2416 2860 2482 enim,
2892 2417 3065 2489 magis
3089 2434 3253 2488 quam
3292 2420 3412 2489 ipsa
3440 2435 3525 2474 re-

1952 2504 2039 2572 gia
2089 2511 2335 2574 potestas
2362 2545 2378 2572 ,
2411 2508 2586 2579 magis
2625 2523 2791 2578 quam
2841 2509 3112 2578 victoriae,
3151 2512 3322 2582 magis
3356 2530 3523 2583 quant

1955 2611 2297 2670 quacunque
2376 2601 2720 2671 prosperitas
2799 2603 3122 2673 praeclarum
3186 2592 3439 2659 exhibet
3507 2624 3523 2661 :

1956 2703 2082 2743 nam
2139 2699 2195 2744 et
2232 2690 2540 2761 Philippus,
2586 2692 2720 2748 licet
2769 2709 3043 2766 magnus,
3105 2697 3281 2767 major
3334 2699 3528 2766 etiam,

1957 2782 2251 2838 Alexandri
2286 2800 2450 2840 causa
2474 2826 2488 2852 ,
2523 2787 2720 2842 evasit.
2765 2786 2882 2843 Hoc
2920 2788 3184 2843 nimirum
3233 2791 3420 2861 gloriae
3449 2793 3527 2846 illi

1958 2873 2066 2929 fuit
2095 2890 2338 2942 corona,
2368 2886 2423 2932 et
2450 2878 2516 2933 ad
2549 2878 2834 2935 felicitatis
2866 2879 3145 2951 fastigium
3175 2883 3376 2947 evexit,
3399 2901 3524 2937 cum

1961 2966 2083 3037 ipso
2113 2969 2424 3024 nativitatis
2455 2978 2704 3041 tempore
2738 2971 2895 3044 signa
2928 2973 3083 3028 dedit
3113 2975 3278 3040 Deus,
3326 2985 3382 3030 et
3417 2977 3528 3030 ιιο-

1961 3061 2107 3115 mani
2151 3069 2275 3116 tuos
2305 3065 2617 3133 genitores,
2652 3065 2727 3118 ita
2762 3065 2859 3119 illo
2895 3065 3123 3135 iubente
3158 3075 3211 3121 et
3239 3083 3358 3136 qua:
3391 3084 3530 3121 nun-

1960 3166 2126 3221 quam
2159 3163 2321 3208 antea
2354 3154 2479 3209 istis
2502 3157 2870 3225 gratificante,
2901 3172 3058 3228 reges
3089 3168 3438 3223 creaverunt,
3470 3171 3529 3214 et

1961 3257 2159 3314 magna
2191 3253 2342 3314 gesta
2374 3261 2638 3316 peragere
2666 3248 2802 3304 illud
2832 3252 3000 3318 ccepit
3036 3259 3193 3320 pater
3220 3263 3276 3307 et
3310 3267 3428 3316 rex,
3457 3254 3533 3309 ita

286 3344 467 3408 οὓτως
503 3344 670 3398 αὐτοῦ
703 3343 1065 3406 κελεύσαντος
1123 3342 1220 3396 καὶ
1268 3342 1340 3396 τὰ
1388 3341 1558 3412 μήπω
1593 3340 1856 3411 πρότερον

1970 3345 2027 3390 ιιι
2065 3351 2246 3408 neque
2281 3339 2560 3396 vaticiniis
2589 3356 2770 3406 neque
2813 3341 3214 3412 interpretibus
3261 3361 3348 3400 res
3391 3347 3534 3399 indi-

291 3440 480 3503 αὐτοῖς
512 3439 600 3492 διὰ
648 3438 708 3492 σέ
740 3438 1132 3508 χαριζομένου,
1194 3434 1434 3506 βασιλεῖς
1471 3434 1715 3502 ἀνεῖπον,
1767 3435 1862 3487 καὶ

289 3533 363 3586 τὰ
396 3531 612 3602 μεγάλα
652 3529 1061 3600 διαπράξασθαι
1092 3529 1202 3582 τῶν
1240 3526 1422 3596 ἔργων
1447 3527 1526 3598 τῷ
1571 3529 1742 3598 πατρὶ
1769 3529 1865 3583 καὶ

295 3625 512 3696 βασιλεῖ
539 3623 738 3677 αὐτίκα
768 3620 1236 3693 ἐπηκολούθησεν,
1263 3621 1338 3684 ῶς
1363 3622 1437 3693 μὴ
1464 3621 1864 3692 χρησμολόγων

295 3718 434 3788 μηδέ
466 3734 627 3771 τινων
665 3715 948 3787 ἐξηγητῶν
979 3715 1058 3785 τῷ
1088 3715 1378 3785 πράγματι
1407 3714 1540 3778 δεῖν,
1575 3714 1689 3769 ἀλλ’
1720 3711 1865 3768 εἶναι

291 3811 451 3881 δῆλον
468 3809 719 3864 ἐντεῦθεν
746 3811 828 3864 ὅτι
857 3827 951 3864 σου
975 3807 1076 3881 τὴν
1101 3808 1380 3878 βασιλείαν
1403 3808 1498 3862 καὶ
1523 3807 1593 3861 τὰ
1620 3807 1866 3876 παρόντα

293 3903 585 3975 πόρρωθεν
617 3901 886 3957 κυδαίνων
914 3902 1069 3962 Θεὸς.
1096 3902 1192 3956 καὶ
1220 3901 1338 3972 ἅμα
1366 3899 1575 3963 πάντας
1601 3901 1866 3970 ἐπιστρέ-

294 4015 414 4066 φων
447 3996 584 4067 πρὸς
615 3995 697 4062 σέ,
737 3994 1002 4066 μεγάλοις
1040 4010 1136 4047 σου
1165 3993 1233 4046 τά
1265 3993 1513 4062 γενέθλια
1543 3992 1640 4045 καὶ
1672 3992 1867 4057 δεξιοῖς

291 4090 408 4150 τοῖς
439 4087 731 4156 συμϐόλοις
750 4087 1024 4154 ἐδόξασεν.
1065 4086 1286 4140 Ἰταλῶν
1313 4087 1422 4156 γάρ
1455 4080 1617 4156 ἦτται
1663 4084 1738 4157 (6)
1769 4103 1868 4138 πε-

297 4181 551 4251 ριφανεῖς
579 4179 675 4233 καὶ⁸
697 4172 810 4232 οἷαι
831 4178 988 4233 οὐπω
1029 4177 1323 4250 πρότερον,
1372 4179 1467 4232 καὶ
1498 4179 1726 4248 Περσῶν
1752 4177 1868 4232 ἐτέ-

295 4272 475 4344 ρωθεν
534 4270 843 4343 τηνικαῦτα
897 4271 1180 4342 συμϐᾶσαι
1237 4269 1515 4341 παρέσχον
1571 4269 1672 4340 μιν
1737 4267 1869 4322 Ῥω·-

294 4363 482 4433 μαίοις
540 4363 642 4431 τήν
672 4361 935 4433 ἀμείνονα
981 4362 1092 4416 τῶν
1143 4361 1420 4434 σφετέρων
1470 4359 1870 4431 πανηγυρίζειν

296 4455 631 4527 μεταϐολὴν,
679 4454 959 4527 παρέσχον
995 4455 1051 4508 δέ
1079 4455 1155 4517 ὡς
1201 4452 1576 4524 ἐναργέστατα
1627 4452 1870 4522 προορᾷν

293 4551 388 4602 καὶ
420 4549 522 4617 τὴν
552 4551 838 4620 παροῦσαν
870 4548 1232 4602 κατάστασιν.
1263 4547 1372 4600 Καί
1411 4562 1504 4616 μοι
1526 4546 1678 4598 δοκεῖ
1703 4545 1799 4610 ὡς,
1822 4544 1870 4596 ει

1966 3439 2112 3500 geat,
2136 3433 2233 3486 sed
2259 3431 2389 3488 inde
2415 3443 2599 3504 pateat
2628 3433 2826 3495 Deum,
2858 3449 2890 3488 a
2925 3435 3225 3506 longinquo
3258 3446 3412 3491 tuum
3449 3454 3535 3492 re-

1965 3540 2132 3594 gnum
2167 3537 2224 3580 et
2255 3541 2344 3581 res
2368 3537 2667 3596 praesentes
2695 3528 3024 3583 illustrando
3055 3529 3216 3584 simul
3248 3546 3312 3584 ac
3342 3545 3535 3584 omnes

1965 3617 2034 3672 ad
2061 3627 2115 3672 te
2148 3619 2546 3686 convertenda,
2573 3623 2787 3690 magnis
2813 3632 2873 3676 et
2902 3622 3100 3677 faustis
3132 3623 3304 3692 signis
3329 3625 3534 3678 natalia

1965 3708 2325 3778 gloriﬁcasse.
2369 3709 2672 3766 Manifesta:
2717 3713 2866 3767 enim
2922 3711 3184 3768 Italorum
3239 3714 3427 3769 clades
3478 3725 3538 3768 et

1967 3802 2160 3872 quales
2197 3814 2359 3857 antea
2391 3819 2674 3874 nunquam
2701 3804 2921 3860 fuerant
2949 3845 2964 3870 ,
2996 3816 3052 3860 et
3085 3805 3376 3860 Persarum
3414 3821 3538 3876 qua:

1969 3904 2102 3950 tunc
2137 3896 2405 3966 temporis
2442 3911 2680 3951 evenere
2710 3897 2765 3950 in
2803 3896 2908 3951 hoc
2956 3897 3243 3952 Romanos
3287 3897 3538 3954 adduxe-

1968 3993 2100 4038 runt
2131 3996 2190 4040 ut
2218 3987 2503 4041 meliorem
2526 4003 2752 4043 suorum
2783 3987 3068 4042 celebrent
3089 3989 3536 4054 conversionem,

1969 4080 2024 4131 in
2054 4077 2158 4132 hoc
2186 4077 2356 4132 etiam
2391 4079 2742 4134 adduxerunt
2791 4088 2848 4134 ut
2875 4078 3292 4135 evidentissime
3323 4095 3539 4150 praeno-

1967 4181 2129 4226 scant
2159 4183 2482 4243 praesentem
2532 4155 2985 4244 prosperitatum.
3019 4175 3089 4230 Et
3131 4175 3267 4230 mihi
3316 4174 3539 4230 videtur

1970 4264 2120 4332 quod
2165 4266 2210 4321 si
2265 4277 2439 4335 poetae
2489 4268 2546 4322 in
2583 4277 2773 4323 nostra
2811 4277 2974 4323 actate
2999 4269 3251 4324 viverent
3281 4277 3338 4324 et
3369 4268 3539 4324 rebus

1971 4372 2095 4427 qua
2131 4368 2247 4412 tum
2278 4360 2634 4430 contigerunt
2679 4361 2980 4426 adessent,
3016 4360 3390 4431 neglexissent
3419 4360 3544 4430 qui-

1972 4450 2098 4504 dem
2125 4452 2406 4508 celebrare
2437 4453 2575 4508 illud
2610 4452 2882 4518 Herculis,
2921 4452 3068 4523 quod
3113 4453 3405 4519 dracones,
3441 4455 3540 4524 qui

1973 4543 2039 4594 ad
2063 4557 2190 4596 eum
2222 4544 2313 4596 vix
2347 4553 2538 4598 natum
2571 4553 2952 4610 accesserunt,
2989 4545 3280 4615 perierint,
3313 4544 3410 4600 sed
3446 4553 3542 4599 tua

292 4642 525 4710 ποιηταὶ
546 4641 649 4694 κάν
671 4640 750 4710 τῷ
785 4640 908 4694 καθ’
926 4642 1078 4710 ἡμᾶς
1107 4634 1249 4710 ἦσαν
1274 4637 1452 4709 χρόνῳ
1483 4637 1580 4691 καὶ
1607 4637 1720 4700 τοῖς
1745 4634 1856 4688 τότε

1974 4644 2184 4688 tantum
2228 4635 2434 4690 natalia
2465 4636 2865 4696 celebrassent.
2915 4646 3120 4707 praeter
3167 4636 3392 4691 modum
3447 4637 3542 4690 illa

293 4707 615 4800 γενομένοις
668 4707 1593 4803 παρῆσανξ-παρῆκανμένᾲδειν
1648 4727 1707 4781 τδ
1741 4728 1856 4782 καθ⁴

1977 4729 2239 4783 mirantes
2288 4738 2345 4783 et
2397 4727 2504 4784 illis
2564 4745 2758 4785 omnes
2817 4731 3065 4785 carmina
3119 4729 3540 4800 impendentes,

306 4823 609 4894 Ἡρακλέα,
625 4826 707 4878 ὅτι
727 4823 1021 4895 δράκοντες
1049 4824 1198 4892 αὐτῷ
1218 4824 1341 4892 ἄρτι
1358 4820 1674 4891 γεννηθέντι
1697 4837 1866 4892 προσ-

326 4918 499 4977 ιόντες
524 4916 820 4983 ἀπέθανον,
849 4911 974 4990 ᾖδον
999 4916 1046 4968 δ’
1075 4915 1140 4969 ἂν
1169 4915 1305 4984 μόνα
1335 4915 1405 4967 τά
1439 4914 1582 4968 κατά
1611 4913 1696 4978 σε,
1737 4912 1868 4965 θαυ-

297 5003 567 5074 μάζοντες
597 5006 841 5070 ἐκτόπως
876 5008 1014 5060 αὐτὰ
1039 5007 1134 5060 καὶ
1160 5006 1258 5074 τὴν
1288 5005 1417 5074 ὅλην
1469 5006 1739 5074 μουσικὴν
1779 5001 1867 5056 ἐπ’

292 5097 482 5159 αὐτοῖς
507 5096 917 5162 ἀναλίσκοντες,
948 5099 1029 5152 ὅτι
1061 5115 1143 5152 σοι
1188 5097 1326 5168 πρὸς
1367 5098 1481 5160 τοῖς
1528 5095 1866 5165 σπαργάνοις

294 5190 408 5242 δντι
431 5191 666 5262 προσῄει
705 5192 804 5260 μὲν
843 5191 1030 5244 δύοτά
1085 5191 1318 5260 μέγιστα
1357 5189 1468 5242 τῶν

1973 4818 2237 4888 quoniam
2295 4829 2348 4874 te
2386 4819 2454 4872 ab
2495 4819 2846 4875 incunabulis
2885 4820 3008 4874 duae
3064 4820 3316 4874 maxima:
3351 4829 3542 4890 gentes
3643 4839 3647 4843 ’

1975 4910 2462 4981 aggredicbantur,
2496 4925 2667 4982 regno
2706 4924 2803 4966 tuo
2833 4911 3052 4967 ollicere
3102 4911 3417 4978 molientes,
3449 4929 3541 4982 ag-
3604 4895 3635 4951 λ

1973 5017 2178 5072 gressa:
2213 5010 2398 5056 autem
2446 5003 2685 5072 pessime
2713 5005 3025 5072 perierunt,
3052 5019 3180 5060 cum
3229 4987 3410 5059 fausta
3446 5014 3539 5059 tua

1973 5097 2197 5150 fortuna
2249 5109 2348 5165 per
2380 5110 2602 5149 manum
2631 5105 2916 5164 paternam
2957 5097 3066 5151 illis
3091 5096 3392 5152 obstiterit.

1542 5188 1713 5241 ἐθνῶν
1771 5187 2078 5240 σκοποῦντα
2145 5188 2402 5257 βλάπτειν
2428 5203 2521 5239 σου
2581 5188 2682 5256 τὴν
2735 5187 2931 5258 ἀρχὴν,
2962 5190 3253 5259 προσιόντα
3267 5188 3324 5243 δὲ
3352 5187 3538 5252 κακῶς

291 5281 689 5352 παραπώλετο,
721 5285 818 5355 τῆς
840 5283 1052 5354 ἀγαθῆς
1083 5299 1177 5337 σου
1198 5281 1368 5353 τύχης
1396 5281 1484 5336 διὰ
1523 5282 1620 5351 τῆς
1662 5279 1937 5351 πατρικῆς
1962 5281 2143 5350 χειρὸς
2166 5280 2600 5352 ἀντιταξαμένης
2622 5281 2828 5344 αὐτοῖς.

364 5493 444 5566 (5)
474 5495 574 5550 Est
597 5495 700 5567 hic
748 5497 986 5565 μεσότης
1043 5498 1391 5553 intervallum
1431 5513 1542 5567 quo
1599 5495 1732 5567 quid
1771 5494 1864 5567 ab

291 5563 476 5634 aliqua
525 5583 586 5621 re
630 5563 759 5620 alia'
794 5563 1102 5635 separatur.
1153 5570 1289 5622 Aliis
1329 5563 1516 5622 verbis
1545 5585 1560 5622 :
1589 5563 1703 5620 Οὐκ
1754 5566 1872 5618 ἐστι

295 5639 522 5758 μετρεῖν
578 5635 693 5688 οὐτ’
751 5637 1003 5704 ἀριθμεῖν
1038 5638 1098 5689 τὸ
1135 5641 1322 5708 μέσον,
1357 5639 1501 5691 οὕτω
1538 5637 1672 5690 πολύ
1727 5637 1868 5689 ἐστι.

365 5715 377 5758 t
432 5714 442 5758 l
473 5704 767 5758 Tlteodora
791 5707 935 5758 enim
992 5708 1113 5758 eius
1159 5717 1334 5758 mater
1368 5711 1476 5758 lilia
1509 5709 1614 5758 fuit
1639 5706 1868 5758 Joannis

365 5705 442 5775 (4)
473 5705 767 5759 Tlteodora
791 5707 935 5759 enim
992 5708 1113 5776 ejus
1139 5705 1334 5762 'mater
1368 5711 1476 5763 filia
1509 5709 1614 5764 fuit
1639 5706 1871 5762 Joannis

628 5800 894 5860 ΡΑτιιοι..
936 5799 1052 5860 Gn.
1081 5799 1312 5863 CXLII.

1973 5491 2156 5546 θύραι.
2200 5491 2334 5546 Vide
2357 5493 2547 5558 Cangii
2580 5492 2838 5546 Familias
2867 5491 3091 5561 Byzant.
3123 5507 3175 5560 p.
3199 5489 3326 5544 234.

1989 5633 2000 5644 .
2037 5562 2112 5643 (ξὶ)
2143 5562 2320 5616 Nolim
2379 5557 2606 5618 verbum
2641 5567 2742 5618 tale
2786 5557 3055 5618 excidisse
3087 5557 3293 5617 oratori
3320 5557 3540 5630 elegan-

1963 5643 2203 5687 tissuno.

2033 5703 2109 5772 (6)
2140 5702 2371 5773 Niceplt.
2417 5702 2690 5774 Gregoras
2728 5720 2802 5769 tv,
2838 5705 2884 5770 l,
2907 5705 2960 5759 2.

3147 5795 3216 5860 13
