3894 6470
306 361 417 424 397

1239 356 1637 422 LAUDATIO
1678 353 2093 418 ANDRONICI
2144 359 2620 430 PAIJEOLOGI.

3443 366 3556 429 3’98

307 472 498 536 καλοῦ,
533 473 630 544 οὐχ
685 471 794 528 οἷον
837 474 1114 546 Ἑλλήνων
1153 478 1338 540 παῖδες
1378 477 1438 529 τὸ
1493 477 1590 544 τῆς
1630 475 1870 544 Ὀρφέως

1984 487 2106 535 me,
2144 488 2250 528 non
2287 485 2410 530 erat
2439 478 2580 532 sicut
2610 494 2676 533 ea
2718 495 2883 549 quam
2918 479 3240 536 Graecorum
3272 481 3422 550 gnati
3451 478 3558 534 Or-

304 561 542 632 κιθάρας
563 565 722 630 φασὶ,
758 565 828 618 δι’
855 565 1164 636 ὑπερϐολῆς
1194 567 1288 619 τὸν
1323 566 1482 633 λόγον
1515 565 1652 634 πρὸς
1690 566 1750 618 τὸ
1780 582 1880 635 μυ-

304 655 476 718 θῶδες
523 656 829 723 ἑξάγοντες,
884 659 992 712 οὐδ’
1053 657 1168 711 οἷον
1224 654 1290 712 αὖ
1351 662 1414 712 τὸ
1468 659 1576 711 τῶν
1607 660 1881 728 Σειρήνων

305 745 580 802 ποιοῦσιν.
621 746 837 816 Ἐκείνη
892 748 992 817 μὲν
1021 747 1134 818 γὰρ
1185 748 1348 817 θηρία
1381 747 1594 814 θέλγειν
1621 746 1881 815 ήδύνατσ,

305 839 399 891 καὶ
426 837 614 901 λίθους
669 845 763 898 καὶ,
803 838 958 906 ξύλα,
995 840 1092 892 καὶ
1117 840 1216 909 τὴν
1259 839 1428 910 ἄλλην
1452 838 1661 907 ἄψυχον
1692 837 1880 905 φύσιν,

301 927 635 998 ἀνθρώπους
667 931 752 994 δὲ,
781 931 879 984 xui.
899 930 968 983 τά
1011 929 1284 999 δυνάμενα
1308 929 1618 997 θέλγεσθαι.
1659 928 1880 998 ἀγριαί-

303 1041 419 1076 νειν
473 1025 676 1094 μᾶλλον
735 1025 910 1078 ἐποίει
941 1025 1035 1078 καὶ
1068 1025 1441 1095 χαλεπαίνειν,
1476 1022 1550 1086 ὡς
1586 1021 1796 1088 ἔδειξαν
1824 1022 1879 1074 αἱ

302 1113 550 1186 Θρᾷσσαι
581 1119 844 1184 γυναῖκες
874 1117 1038 1170 αὐτὸν
1069 1116 1278 1186 Ὀρφέα
1321 1115 1460 1184 αὐτῇ
1494 1115 1730 1183 μουσικῇ
1759 1113 1882 1166 δια-

302 1207 595 1276 φθείρασαι
616 1223 632 1238 ο
682 1209 939 1279 Σειρῆνες
973 1209 1052 1272 δὲ,
1084 1209 1387 1280 κρατοῦσαι
1434 1208 1544 1260 τῶν
1569 1207 1881 1260 ἀκουόντων

297 1299 368 1367 τῇ
402 1297 641 1367 μελῳδίᾳ
667 1299 761 1352 καὶ
790 1299 1106 1366 θέλγουσαι,
1137 1301 1286 1369 ὅμως
1339 1299 1538 1362 αὐτοὺς
1569 1299 1661 1351 ἐπὶ
1693 1297 1880 1362 τέλους

301 1390 607 1457 ἀπώλλυον,
641 1393 738 1462 τῆς
777 1394 1048 1463 σφετέρας
1074 1394 1220 1463 ζωῆς
1247 1393 1493 1462 ἀνοήτως
1517 1391 1617 1461 τὴν
1651 1391 1882 1444 ἐκείνων

299 1479 446 1551 ᾠδήν
491 1481 862 1550 ὠνουμένους.
889 1483 998 1534 Τοῦ
1031 1484 1086 1535 δὲ
1111 1482 1205 1536 σοῦ
1241 1483 1472 1545 κάλλους
1505 1482 1666 1553 ἔργον
1696 1483 1881 1555 κηλεῖν

300 1573 401 1635 τὰς
432 1573 692 1628 ἁπάντων
723 1575 874 1641 ὄψεις
929 1577 1023 1628 καὶ
1053 1575 1119 1628 δι’
1153 1575 1334 1627 αὐτῶν
1383 1577 1484 1638 τὰς
1532 1574 1734 1645 ψυχὰς,
1786 1575 1883 1629 καὶ

303 1665 514 1720 πείθειν
565 1666 850 1738 πόρρωθέν
913 1685 997 1720 σοι
1030 1670 1394 1738 προστρέχειν
1447 1670 1544 1721 καὶ
1569 1668 1722 1738 πόθῳ
1752 1685 1881 1721 συν-

298 1754 535 1819 δεῐσθαι,
573 1756 668 1809 καὶ
700 1756 802 1824 τῆς
827 1757 918 1809 ἐπὶ
953 1757 1036 1810 σοὶ
1068 1755 1448 1826 καλλιτεχνίας
1480 1757 1574 1811 τὸν
1597 1756 1882 1828 ἁρμοστὴν

300 1847 610 1918 θαυμάζειν
638 1849 792 1906 Θεόν.

372 1941 486 1996 Καὶ
541 1942 673 2010 γοῦν
706 1941 848 1996 οὕτω
898 1943 1140 2014 χαρίτων
1189 1944 1298 1997 τῶν
1356 1944 1578 2010 ἔξωθεν,
1611 1941 1879 1999 οὕτωκαὶ

297 2035 534 2099 κάλλους
581 2037 720 2108 ἔχων
755 2039 916 2101 εὐθὺς
948 2038 1008 2103 ἐξ
1058 2038 1256 2110 ἀρχῆς,
1313 2040 1398 2093 ἔτι
1451 2039 1652 2110 μᾶλλον
1683 2039 1748 2092 τὰ
1777 2041 1877 2109 τῆς

295 2128 478 2200 ψυχῆς
512 2131 871 2200 παρεδείκνυς
903 2131 1350 2202 θαυμασιώτερα,
1378 2135 1735 2204 κρυπτόμενα
1773 2133 1875 2203 μὲν

293 2220 436 2283 τέως
457 2222 552 2274 καὶ
591 2223 988 2292 συστελλόμενοι
1021 2225 1098 2295 τῷ
1127 2227 1226 2297 τῆς
1269 2226 1489 2296 φύσεως
1521 2228 1726 2292 ἀτελεῖ,
1759 2228 1875 2281 δια-

294 2313 586 2384 λάμποντα
617 2315 663 2369 δ’
693 2317 842 2386 ὅμως
886 2321 980 2372 καὶ
1011 2321 1158 2383 τότε,
1204 2320 1461 2389 καθάπερ
1491 2319 1560 2373 δι’
1597 2321 1870 2389 ἐσόπτρου

293 2406 392 2459 τοῦ
440 2405 726 2477 ὁρωμένου
775 2411 868 2462 καὶ
897 2411 998 2463 οὐκ
1052 2412 1312 2479 ἀμυδρῶς
1365 2413 1766 2482 ἐμφαινόμενα.
1797 2415 1872 2468 Οὐ

292 2499 407 2569 γὰρ
442 2499 619 2554 σθένει
674 2502 762 2555 διὰ
817 2503 1004 2567 τέλους
1052 2503 1114 2556 τὸ
1151 2506 1499 2574 μεγαλοφυὲς
1544 2506 1642 2575 τῆς
1690 2506 1873 2576 ψυχῆς

291 2593 550 2662 1Ιγρεμεῖν,
583 2593 704 2648 οὐδὲ
755 2597 969 2664 χρόνοις
1003 2597 1281 2651 δουλεύειν
1335 2603 1556 2662 τακτοῖς
1587 2600 1876 2653 συστελλό-

294 2701 484 2752 μενον,
513 2685 627 2738 ἀλλ’
659 2687 808 2740 ἐστιν
835 2682 896 2740 οῦ
923 2689 1015 2758 βίᾳ
1037 2691 1098 2742 τὸ
1117 2691 1489 2758 ἐπιπροσθοῦν
1515 2692 1866 2759 ὲκτινάσσον,

291 2778 544 2850 καθάπερ
573 2779 639 2850 δὴ
669 2780 882 2850 θερινὸν
915 2783 1072 2850 νέφος
1109 2784 1260 2853 ἣλιος
1294 2783 1580 2848 διαυγάζει
1639 2789 1754 2846 τοῖς
1793 2789 1868 2857 μὴ

290 2871 474 2941 πάντη
523 2871 922 2940 τεθολωμένοις
951 2872 1042 2926 τὸν
1096 2871 1241 2936 νοῦν,
1281 2874 1372 2925 καὶ
1394 2873 1497 2940 τῆς
1532 2874 1869 2945 τελειότητος

283 2965 547 3035 ἐναργεῖς
575 2966 672 3028 τὰς
720 2965 989 3028 εἰκασίας,
1024 2966 1115 3018 καὶ
1147 2968 1255 3036 πρὸ
1277 2965 1370 3018 τοῦ
1410 2966 1501 3018 τὸν
1534 2969 1730 3036 καιρὸν
1769 2971 1868 3037 τῆς

287 3059 655 3130 τελειότητος·
680 3060 859 3128 ήκειν,
918 3061 1239 3131 παρέχεται.
1278 3059 1590 3130 Τοιγαροῦν
1620 3065 1724 3116 κάν
1755 3067 1868 3129 τοῖς

289 3150 574 3221 βρεφικοῖς
613 3152 914 3221 κινήμασιν
974 3153 1110 3223 ὁρᾷν
1163 3153 1379 3223 ὑπῆρχε
1417 3155 1645 3208 συνόντα
1673 3157 1770 3210 καὶ
1802 3159 1869 3210 τὰ

290 3243 675 3313 πρεσϐυτικά,
739 3243 833 3296 καὶ
897 3247 1010 3307 τοῖς
1062 3243 1393 3315 ἀθύρμασιν,
1426 3247 1557 3318 ἀδὴ
1615 3249 1644 3302 ό
1681 3250 1872 3320 χρόνος

289 3330 517 3400 ἀπῄτει,
552 3333 758 3402 σπουδὴ
810 3335 1209 3404 συνεκέκρατο,
1258 3342 1354 3389 καὶ
1375 3338 1435 3389 τὺ
1459 3337 1738 3408 ψέλλισμα
1771 3339 1872 3408 βα-

288 3423 414 3486 θέος
440 3424 794 3477 παντάπασιν
825 3427 925 3478 οὐκ
943 3427 1164 3497 ήμοίρει
1194 3429 1336 3495 νοὸς,
1375 3431 1432 3484 ἐν
1465 3431 1616 3502 πάσῃ
1643 3432 1699 3486 δὲ
1727 3434 1870 3505 φορᾷ

284 3517 349 3568 rh
397 3516 661 3580 εὐσταθὲς
727 3518 975 3588 ἐκράτει,
1021 3521 1161 3575 κάπὶ
1215 3522 1397 3592 πάσης
1457 3526 1742 3595 ἐνεργείας
1773 3532 1870 3580 καὶ

287 3609 546 3680 πράξεως
599 3611 755 3663 ἐνίκα
811 3612 872 3664 τὸ
906 3615 1148 3680 συνετὸν,
1186 3615 1506 3688 ἁπανταχοῦ
1555 3619 1664 3673 τῶν
1720 3620 1871 3674 ἔνδον

285 3703 784 3775 πλεονεκτημάτων
817 3708 1238 3776 προαλλομένων
1295 3714 1395 3782 τῆς
1427 3715 1669 3784 ἡλικίας.
1706 3716 1871 3770 Ὅθεν

287 3795 412 3848 οὐδὲ
436 3795 762 3850 διδασκάλου
793 3815 878 3852 σοι
906 3801 1182 3869 Χείρωνος
1213 3803 1324 3857 ἔδει
1378 3805 1447 3859 τά
1475 3807 1750 3878 πολεμικά
1777 3810 1869 3862 ὲκ-

294 3887 683 3955 παιδεύοντος,
725 3890 847 3943 οὐδὲ
912 3893 1170 3962 γέροντος
1232 3897 1393 3949 ἄλλου
1448 3901 1869 3970 παρομαρτοῦν-

287 3997 402 4046 τος,
445 3980 730 4052 ὕφηγητοῦ
756 3983 858 4052 μὲν
898 3984 1006 4038 τῶν
1057 3985 1256 4054 λόγων,
1307 3988 1591 4058 ὑφηγητοῦ
1647 3991 1705 4044 δὲ
1757 3994 1870 4047 τῶν

289 4069 491 4141 ἔργων,
550 4073 734 4126 ὁποῖον
795 4074 1046 4146 Ὅμηρος
1099 4079 1164 4131 ὲκ
1223 4079 1319 4150 τῆς
1383 4079 1635 4148 Ἑλλάδος
1684 4085 1760 4156 (7)
1791 4085 1869 4158 τῷ

300 4162 538 4233 Ἀχιλλεῖ
571 4182 706 4234 φησι
739 4168 1146 4223 συνεκπλεῦσαι
1177 4169 1272 4223 τὸν
1315 4172 1573 4227 Φοίνικαο
1603 4171 1670 4247 ἦν
1698 4175 1756 4230 δέ
1786 4194 1868 4231 σοι

287 4255 588 4328 παιδευτὴς
617 4259 712 4312 καὶ
738 4259 1061 4324 διδάσκαλος
1098 4262 1359 4333 ἀποχρῶν
1387 4303 1404 4328 ,
1441 4267 1574 4319 αὐτὸ
1609 4266 1672 4338 δή
1710 4269 1772 4322 τὸ
1805 4265 1866 4324 εὖ

283 4346 618 4415 πεφυκέναι,
660 4347 830 4415 ὀξέως
859 4351 959 4419 μὲν
993 4353 1073 4414 είς
1118 4351 1338 4420 εὕρεσιν
1373 4353 1648 4410 καθιστῶν
1681 4373 1740 4410 σε
1772 4357 1866 4410 τοῦ

284 4437 526 4504 δέοντος,
564 4439 732 4506 ὀξέως
767 4441 813 4494 δ’
843 4437 910 4496 αὖ
945 4443 1040 4495 καὶ
1071 4444 1315 4512 μετιέναι
1350 4445 1510 4499 τοῦτο
1546 4453 1640 4500 καὶ
1681 4447 1867 4502 ἀνύειν

1986 565 2158 632 plteos
2199 567 2426 622 citharae
2459 570 2742 637 tribuunt,
2778 574 3204 642 praetermodum
3239 589 3559 629 sermonem

1986 655 2054 708 ad
2084 655 2318 712 fabulam
2352 660 2717 729 deﬂectendo,
2752 675 2846 718 aut
2897 681 3061 734 quam
3117 681 3309 720 rursus
3343 666 3562 720 Sireuis

1985 759 2107 800 esse
2139 747 2369 816 ﬁngunt.
2411 749 2535 806 llaec
2559 753 2706 806 enim
2735 753 2885 809 feras
2912 756 3229 811 demulcere
3258 757 3462 825 potuit,
3503 765 3563 811 et

1986 846 2171 905 petras
2195 846 2250 892 et
2277 839 2423 906 ligna
2455 849 2509 896 et
2569 844 2728 897 aliam
2789 845 3092 900 inanimam
3138 858 3413 909 naturam,
3461 849 3563 902 ho-

1987 927 2166 981 mines
2195 945 2327 982 vero
2352 941 2408 986 et
2440 949 2562 1001 quae
2587 934 2891 989 demulceri
2944 945 3179 1004 queunt,
3209 937 3428 990 efferari
3469 953 3564 1005 po-

1989 1017 2097 1072 tius
2125 1027 2180 1072 et
2207 1022 2524 1075 succenseri
2561 1022 2838 1085 incitavit,
2889 1035 2951 1079 ut
2997 1025 3362 1079 ostenderunt
3391 1025 3566 1078 Thra-

1987 1109 2084 1164 ciae
2119 1112 2379 1166 mulieres
2403 1128 2433 1166 a
2459 1115 2657 1183 quibus
2687 1115 2800 1184 ipse
2825 1115 3081 1186 Orpheus
3113 1131 3267 1170 suam
3295 1117 3364 1169 ob
3391 1118 3568 1170 musi-

1988 1216 2107 1257 cam
2135 1213 2364 1258 necatus
2391 1215 2507 1272 est;
2545 1206 2771 1262 Sirenes
2802 1225 2926 1278 quae
2946 1209 3246 1263 vincebant
3275 1209 3566 1264 audientes

1986 1293 2257 1349 suavitate
2292 1307 2488 1352 cantus
2518 1309 2573 1353 et
2602 1300 3014 1363 demulcebant,
3048 1301 3173 1356 illos
3217 1302 3382 1356 simul
3417 1315 3566 1355 mer-

1985 1385 2136 1440 cedis
2160 1386 2280 1443 vice
2314 1391 2649 1456 mactabaut,
2686 1394 2905 1462 propria
2949 1395 3055 1449 vita
3113 1396 3318 1449 stultos
3369 1408 3567 1447 earum

1984 1486 2180 1532 cantus
2205 1490 2474 1537 ementes.
2517 1483 2650 1539 Tuae
2681 1501 2812 1539 vero
2848 1487 3214 1542 formositatis
3243 1487 3327 1540 vis
3357 1496 3446 1541 est
3469 1487 3568 1540 de-

1983 1569 2226 1625 lectandi
2264 1576 2511 1629 omnium
2549 1578 2739 1633 oculos
2775 1588 2829 1632 et
2857 1595 2956 1649 per
2988 1595 3085 1634 eos
3113 1581 3351 1644 animas,
3378 1591 3433 1634 et
3463 1580 3568 1634 im-

1985 1663 2228 1732 pellendi
2256 1666 2418 1736 longe
2447 1668 2513 1722 ad
2563 1679 2616 1723 te
2655 1685 2971 1738 accurrere,
3000 1682 3056 1727 et
3103 1674 3224 1742 capi
3259 1673 3565 1735 desiderio.

1983 1764 2151 1825 atque
2181 1759 2369 1814 eximii
2397 1761 2546 1830 quod
2581 1763 2635 1817 in
2669 1775 2722 1818 te
2749 1772 2833 1820 est
2867 1766 3056 1834 operis
3093 1767 3264 1822 Deum
3292 1766 3562 1821 artiﬁcem

1911 1825 1956 1881 Β
1983 1847 2267 1904 admirari.

1899 3181 1943 3244 ε

2055 1941 2123 1996 Et
2157 1942 2330 2011 igitur
2359 1944 2432 1999 ita
2464 1947 2688 2002 dotibus
2721 1950 2993 2015 externis,
3028 1950 3102 2004 ita
3135 1959 3191 2004 et
3219 1948 3565 2004 formositate

1982 2033 2180 2102 primis
2210 2035 2280 2090 ab
2311 2037 2474 2091 annis
2507 2048 2737 2094 ornatus
2764 2055 2910 2105 eras,
2944 2042 3119 2096 multo
3155 2040 3325 2096 etiam
3359 2040 3414 2094 in
3443 2040 3565 2094 aui-

1981 2141 2069 2180 ma
2100 2128 2403 2184 ostendens
2435 2130 2798 2195 mirabiliora.
2837 2148 2959 2201 qua:
3005 2133 3189 2188 abdita
3231 2134 3473 2200 primum
3508 2140 3564 2184 et

1979 2221 2252 2277 occultata
2281 2239 2390 2293 pra:
2413 2224 2736 2292 itnperlecta
2764 2235 2983 2290 natura,
3007 2226 3171 2280 etiam
3201 2233 3334 2280 tunc
3376 2233 3563 2277 tamen

1978 2311 2389 2384 przel'ulgentia,
2417 2317 2577 2386 quasi
2617 2316 2670 2370 iu
2698 2317 2926 2386 speculo
2961 2332 3070 2372 non
3101 2316 3337 2370 obscure
3370 2315 3564 2369 eluce-

1979 2406 2131 2460 bant.
2179 2405 2300 2459 Non
2353 2408 2502 2462 enim
2539 2417 2722 2476 potest
2753 2410 2982 2463 omnino
3017 2409 3336 2477 magnitudo
3393 2408 3560 2463 animi

1977 2497 2293 2564 quiescere.
2352 2507 2410 2552 et
2461 2499 2808 2566 temporibus
2844 2498 2966 2553 lixis
3015 2501 3201 2553 abdita
3254 2499 3561 2557 deservire.

1975 2589 2072 2644 sed
2108 2597 2195 2643 est
2227 2597 2286 2642 ut
2315 2604 2411 2657 per
2444 2589 2553 2642 vim
2581 2590 2974 2658 impedimenta
3008 2590 3336 2653 discutiens,
3361 2605 3562 2658 quem-

1975 2681 2272 2736 admodum
2297 2682 2376 2736 sol
2401 2684 2623 2736 aestivas
2647 2684 2846 2747 nubes,
2872 2697 3066 2736 eorum
3094 2682 3402 2753 pei'fulgeat
3434 2698 3564 2739 oeu-

1976 2772 2042 2826 lis
2074 2788 2314 2842 quorum
2352 2789 2508 2828 tuens
2535 2790 2644 2828 non
2681 2775 2847 2844 plane
2882 2776 3238 2839 obscuratur,
3291 2785 3348 2830 et
3379 2785 3563 2829 matu-

1976 2862 2157 2918 ritatis
2209 2863 2385 2918 claras
2440 2864 2748 2934 imagines,
2783 2875 3078 2935 antequam
3119 2867 3304 2921 veniat
3343 2877 3562 2935 tempus

1977 2958 2336 3023 maturitatis,
2367 2957 2584 3013 offerat.
2625 2959 2686 3012 In
2736 2961 3040 3029 puerilibus
3070 2976 3202 3030 ergo
3256 2960 3390 3029 ipsis
3446 2976 3562 3013 mo-

1977 3047 2124 3102 tibus
2147 3047 2304 3104 dotes
2331 3050 2536 3118 quibus
2557 3051 2823 3120 praeditus
2846 3067 2972 3106 eras
3003 3062 3057 3106 et
3078 3053 3250 3106 senile
3277 3051 3558 3122 ingenium

1987 3139 2174 3196 videre
2211 3150 2534 3210 promptum
2585 3153 2728 3211 erat,
2775 3154 2832 3196 et
2862 3145 3028 3214 jocis,
3078 3159 3199 3213 quin
3245 3145 3560 3214 postulabat

1991 3241 2146 3294 anas,
2180 3231 2335 3286 labor
2358 3233 2719 3301 miscebatur,
2751 3242 2806 3289 et
2848 3237 3024 3304 prima
3052 3239 3218 3289 verba
3243 3235 3347 3288 alta
3376 3244 3559 3288 mente

1980 3340 2090 3380 non
2143 3327 2455 3392 vacabant,
2511 3328 2606 3384 sed
2662 3328 2716 3383 in
2775 3328 2926 3383 omni
2989 3328 3200 3399 impetu
3248 3331 3557 3384 constantia

1977 3417 2259 3484 regnabat,
2290 3427 2347 3472 et
2384 3418 2440 3473 in
2487 3420 2638 3474 omni
2671 3431 2794 3476 acto
2820 3430 2876 3475 et
2906 3437 3073 3491 opera
3104 3421 3395 3491 praestabat
3422 3438 3557 3492 pru-

1978 3508 2187 3576 dentia,
2216 3526 2341 3565 cum
2371 3510 2530 3566 dotes
2571 3513 2770 3568 animae
2809 3524 3026 3569 aetatem
3069 3516 3554 3585 praegredirentur.

1979 3599 2194 3656 Idcirco
2223 3618 2323 3658 nec
2357 3605 2455 3658 tibi
2489 3603 2734 3660 Chirone
2768 3607 3032 3676 magistro
3082 3607 3148 3660 ad
3188 3607 3443 3661 bellicam
3469 3624 3556 3661 ar-

1980 3705 2086 3749 tem
2132 3696 2488 3752 edisccndam
2541 3715 2682 3766 opus
2724 3709 2863 3764 erat,
2917 3716 3018 3755 nec
3061 3702 3166 3755 alio
3209 3717 3342 3755 sene
3396 3702 3460 3755 ad
3501 3711 3554 3756 te

1977 3789 2376 3854 comitandum,
2429 3791 2661 3846 ductore
2714 3793 2768 3846 in
2803 3794 3076 3860 dicendo,
3125 3794 3356 3849 ductore
3400 3807 3454 3849 et
3497 3797 3552 3850 in

1978 3882 2213 3949 agendo,
2275 3882 2494 3951 qualem
2553 3884 2824 3939 Homerus
2872 3900 2940 3940 ex
2997 3885 3204 3941 Graecia
3267 3903 3372 3940 una
3425 3905 3553 3943 cum

1975 3971 2187 4026 Achille
2217 3973 2296 4025 ait
2326 3976 2614 4042 navigasse
2657 3975 2979 4032 Phoenicem
3031 3994 3044 4029 :
3079 3989 3201 4032 erat
3247 3983 3392 4034 enim
3451 3980 3550 4036 tibi

1975 4073 2282 4133 praeceptor
2321 4075 2374 4120 et
2418 4067 2679 4136 magister
2709 4068 2970 4136 idoneus,
3005 4070 3123 4140 ipsa
3162 4070 3395 4142 ingenua
3449 4090 3551 4128 na-

1975 4166 2119 4210 tura.
2149 4157 2279 4223 Quae
2309 4168 2359 4214 te
2390 4160 2595 4214 acriter
2629 4162 2695 4216 ad
2742 4163 3131 4234 indagationcs
3180 4167 3313 4237 justi
3349 4169 3552 4224 couszi-

1971 4248 2185 4308 tuebat.
2215 4253 2418 4306 acriter
2451 4263 2506 4306 et
2529 4268 2720 4308 rursus
2753 4254 2855 4310 hoc
2879 4258 3133 4312 omittere
3157 4270 3251 4312 aut
3283 4261 3548 4328 perficere

1973 4342 2314 4412 impellebat.
2357 4345 2414 4399 Si
2451 4355 2634 4400 autem
2671 4347 2967 4418 aliquando
3011 4351 3270 4420 magistro
3302 4354 3549 4425 indigue-

1973 4433 2068 4500 ris,
2103 4435 2226 4504 quis
2256 4435 2394 4490 alius
2429 4437 2521 4492 ille
2548 4448 2690 4506 erat,
2719 4441 2827 4494 nisi
2862 4457 3092 4513 magnus
3121 4459 3222 4498 rex
3265 4455 3321 4499 et
3364 4459 3546 4517 pater,

285 4533 734 4603 παρασκευάζον.
809 4535 876 4590 ΕΞ
931 4535 978 4588 δ’
1039 4537 1150 4606 ἄρα
1207 4538 1338 4590 ποτὲ
1392 4539 1488 4592 καὶ
1535 4540 1858 4596 δ.δασκάλου

1979 4539 2137 4593 quem
2168 4526 2432 4593 dicerem,
2463 4539 2520 4582 et
2560 4531 2756 4585 merito
2794 4531 3057 4599 dicerem,
3088 4551 3280 4592 onincs
3331 4554 3548 4596 eoa-vos

283 4625 500 4696 ἐδέησε,
529 4625 614 4688 τίς
643 4625 802 4689 ἄλλος
828 4620 985 4691 οὗτος
1019 4624 1106 4698 ἦν,
1142 4631 1191 4681 εἰ
1217 4631 1294 4700 μὴ
1323 4633 1352 4682 ό
1385 4631 1560 4699 μέγας
1604 4631 1865 4700 βασιλεὺς

280 4718 381 4770 καὶ
415 4716 624 4787 πατὴρ,
650 4717 708 4770 ὃν
732 4717 871 4788 ἔφην
889 4719 954 4772 ἂν
987 4719 1099 4788 ἐγὼ
1133 4723 1224 4773 καὶ
1244 4722 1509 4788 ἀσφαλῶς
1547 4719 1701 4776 εἷπον
1727 4725 1864 4778 πάν-

278 4827 378 4872 τας
413 4811 736 4879 ὑπεραίρειν
771 4813 1106 4886 μεγαλονοίᾳ
1137 4814 1230 4867 καὶ⁹
1267 4815 1524 4884 ἀγχινοίᾳ
1572 4817 1702 4880 τοὺς
1733 4817 1862 4870 κατ’

1971 4623 2417 4690 magnanimitate
2447 4633 2503 4679 et
2556 4626 2781 4681 solertia
2816 4645 3102 4700 superare,
3144 4633 3247 4686 nisi
3283 4643 3337 4686 ιιι
3373 4636 3545 4688 menti

1958 4701 2302 4780 'occurreris,
2328 4716 2427 4786 ~qui
2463 4726 2674 4772 tantum
2710 4735 2819 4774 non
2860 4725 3239 4790 antecessisti,
3273 4729 3416 4795 quod
3453 4727 3545 4781 ille

1966 4803 2268 4873 (quomodo
2306 4807 2539 4864 dixerim
2588 4825 2743 4882 aque
2775 4812 2942 4867 simul
2982 4831 3045 4870 ac
3094 4830 3466 4886 congruenter
3499 4822 3542 4888 ?)

274 4903 465 4967 αὐτὸν,
517 4905 566 4956 εί
620 4903 788 4974 μὴτὸ
822 4906 915 4958 σὸν
976 4905 1330 4976 προσίστατο,
1399 4908 1552 4978 παρά
1602 4908 1860 4964 τοσοῦτον

1979 4908 2257 4965 provectus
2289 4911 2408 4958 erat
2451 4911 2610 4958 aetate
2644 4914 2700 4958 et
2748 4905 2804 4960 in
2840 4905 2948 4960 vita
2982 4908 3326 4978 longioribus
3360 4927 3390 4966 a
3424 4911 3545 4968 die-

276 4994 603 5064 ἐκνικῆσαν,
652 4994 781 5066 παρ’
811 4997 938 5050 ὅσον
981 4999 1187 5061 ἐκεῖνος
1238 4998 1387 5070 (πῶς
1419 4999 1485 5052 ἂν
1515 5000 1730 5070 εἴποιμι
1763 5020 1859 5072 με·

1979 5003 2067 5046 HIS
2092 5005 2372 5061 versatus;
2416 4997 2488 5050 ita
2540 5007 2620 5062 ut,
2650 4998 2773 5054 aliis
2798 4999 2947 5054 aliud
2972 5001 3102 5070 quid
3154 5001 3208 5058 in
3249 5004 3540 5074 iuventute

273 5087 446 5155 τρίως
475 5085 593 5156 ἅμα
619 5089 713 5141 καὶ
742 5089 1036 5158 εὐπρεπῶς
1058 5093 1100 5159 ;)
1136 5093 1395 5161 προήκων
1422 5086 1490 5162 ἦν
1527 5091 1706 5162 χρόνῳ
1761 5094 1857 5148 καὶ

1979 5100 2054 5139 ,υα
2088 5087 2441 5154 mirantibus,
2481 5090 2567 5146 his
2598 5093 2860 5161 equidem
2897 5093 3235 5164 singularem
3272 5105 3328 5152 et
3361 5100 3537 5168 gratia

272 5177 354 5248 τῷ
388 5178 489 5248 βίῳ
520 5181 766 5235 πλείοσιν
815 5181 1055 5251 ἡμέραις
1108 5181 1428 5254 ὡμιληκὼς,
1463 5181 1622 5248 ὥστ’,
1676 5185 1854 5239 ἄλλων

269 5271 406 5324 ἄλλο
449 5289 508 5325 τι
564 5272 672 5325 τῶν
701 5274 802 5343 τῆς
860 5275 961 5344 σῆς
992 5274 1242 5343 νεότητος
1282 5273 1698 5345 Θαυμαζόντων,
1741 5277 1852 5330 τῶν

272 5364 376 5432 μὲν
425 5363 527 5432 τὴν
559 5363 722 5434 ξένην
778 5365 875 5418 καὶ
932 5365 1155 5434 χάριτος
1185 5365 1466 5434 γέμουσαν
1504 5365 1602 5434 τῆς
1631 5366 1854 5436 ἡλικίας

266 5456 535 5522 διάθεσιν,
587 5458 998 5528 ἀνατρέχουσαν
1039 5460 1099 5511 οὐ
1134 5457 1293 5528 μόνον
1341 5458 1478 5530 πρὸς
1518 5457 1650 5529 ὕψος
1677 5459 1848 5531 ἔρνεϊ,

257 5548 397 5607 ,καθ’
422 5550 679 5622 Ὅμηρον
713 5551 822 5623 (8),
872 5553 1018 5625 ίσήν,
1068 5552 1204 5606 ἀλλά
1235 5551 1499 5617 καὶπρὸς
1551 5553 1710 5620 λόγον
1753 5552 1849 5617 τοῦ

345 5664 420 5734 (⁷)
454 5662 1022 5749 “famicem-{femus
1083 5663 1232 5749 ﬁlio_
1252 5665 1514 5749 comitem
1577 5673 1634 5721 et
1669 5663 1847 5749 magi:

265 5743 445 5808 atrum
493 5735 746 5799 dederat,
770 5736 974 5808 Μύσων
1001 5753 1061 5790 τε
1094 5735 1295 5808 ῥητῆρ’
1321 5735 1515 5808 ἔμεναι
1545 5735 1845 5808 πρηκτῆρά

268 5819 325 5854 τι
357 5787 564 5875 ἔργων,
1090 5787 1134 5861 ί.

1957 5177 2182 5246 plenum
2216 5183 2395 5236 artatis
2435 5184 2706 5247 habitum,
2741 5186 2834 5256 qui
2870 5202 2980 5242 non
3019 5195 3232 5243 tantum
3259 5191 3316 5245 in
3346 5192 3537 5246 altitu-

1955 5272 2142 5327 dinem
2173 5278 2494 5346 assurgebat
2520 5279 2738 5348 plantas,
2773 5289 2835 5336 ut
2871 5283 2946 5335 ait
2977 5283 3276 5350 Homerus,
3309 5287 3533 5353 similis,

1955 5365 2052 5420 sed
2085 5367 2251 5421 etiam
2275 5383 2376 5438 pro
2402 5370 2616 5426 ratione
2639 5373 2958 5430 altitudines
2990 5375 3128 5430 alias
3154 5376 3378 5432 subibat
3399 5394 3532 5434 cono

1954 5459 2261 5524 versiones,
2287 5477 2411 5516 cum
2442 5473 2662 5532 natura,
2699 5480 2866 5538 prout
2891 5485 3014 5539 quae
3044 5470 3297 5526 videmus
3325 5481 3530 5527 testan-

1953 5559 2065 5610 tur.
2097 5567 2298 5622 magno
2361 5556 2546 5610 studio
2589 5567 2640 5614 te
2671 5560 2873 5616 educat
2920 5571 2977 5617 et
3020 5578 3184 5620 omne
3231 5563 3528 5621 artiﬁcium

2024 5665 2100 5735 (8)
2137 5641 2407 5744 Homerus
2430 5671 2596 5730 Iliad.
2623 5674 2682 5744 Σ,
2712 5674 2799 5743 56,
2833 5675 2900 5733 de
2932 5673 3143 5735 Achille
3177 5695 3193 5736 :
3236 5678 3300 5736 '0
3329 5678 3376 5734 δ’
3405 5679 3527 5733 ἀνι.

1954 5735 2053 5805 δρα
2050 5754 2160 5807 μεν
2188 5737 2331 5811 ἔρνεϊ
2346 5740 2490 5808 ἶσος.
