3894 6366
335 451 444 522 103

1300 453 1630 517 GEORGII
1670 458 1927 519 CYPRII
1975 460 2090 521 Ci’.
2133 457 2666 521 PATRIARCILE

3484 458 3590 524 ιοι

337 565 603 639 iniustitia
629 574 716 621 est
741 573 798 621 et
822 580 1019 639 magna
1042 573 1173 621 sunt
1197 565 1346 624 illius
1370 571 1566 640 poena)
1591 583 1905 626 sermonem

2027 569 2191 625 κακὸν
2248 571 2347 625 καὶ
2400 572 2614 640 μεγάλα
2671 573 2874 644 ταύτης
2919 572 3213 641 τάπιτίμια
3230 572 3274 642 ),
3302 572 3397 628 τοῦ
3427 574 3588 642 λόγου

334 659 532 713 faciam
568 677 584 715 :
619 658 846 713 omnino
894 668 1078 715 autem
1118 658 1407 730 ignoscar,
1457 662 1530 729 si,
1585 678 1750 718 omne
1777 677 1912 718 con-

331 750 564 807 ferendo
595 752 840 808 studium
870 761 933 807 ut
962 750 1130 807 verba
1173 753 1337 808 factis
1381 755 1735 825 estequandae
1781 769 1910 826 pro-

328 846 530 906 feram,
565 845 775 899 invitus
805 844 861 901 in
898 845 1249 915 propositum
1280 845 1619 917 delinquam.

396 937 516 994 1am
574 953 706 1009 ergo
753 952 841 993 res
872 937 1140 997 Asiaticas
1173 953 1329 993 meus
1363 954 1456 994 rex
1488 950 1641 997 recte
1675 956 1904 1011 compo-

326 1030 515 1094 nebat,
536 1038 722 1100 atque,
758 1042 952 1099 parum
975 1030 1150 1092 abest,
1180 1037 1332 1085 recte
1359 1041 1744 1101 composuerat
1768 1047 1897 1089 cum

324 1130 481 1192 pater
496 1130 551 1176 et
571 1137 667 1176 rex
683 1120 750 1175 ad
769 1120 1010 1190 seipsum
1028 1132 1084 1177 et
1100 1120 1544 1191 Europamzillum
1563 1126 1907 1189 convocavit,

326 1229 416 1269 res
471 1213 708 1268 maxime
753 1213 1092 1270 necessarias
1147 1212 1535 1283 deliberandas
1564 1225 1618 1271 et
1644 1216 1905 1287 agendas,

322 1304 513 1373 quales
532 1319 673 1375 saepe
692 1303 899 1374 regium
925 1304 1217 1374 imperium
1234 1305 1908 1367 circumveniuntcausam

321 1397 733 1467 praetendentes
758 1397 1194 1454 convocatlonis.
1226 1397 1576 1455 Convocatus
1601 1411 1687 1456 est
1717 1402 1907 1473 igitur,

323 1498 379 1544 et
404 1490 569 1545 etiam
598 1489 688 1543 illa
710 1489 862 1545 orbis
895 1490 1109 1546 excelsa
1148 1500 1205 1546 et
1249 1506 1446 1562 magna
1470 1493 1666 1549 civitas
1695 1494 1909 1552 habuit.

322 1580 392 1635 Et
422 1591 550 1638 tunc
578 1598 676 1653 per
703 1581 990 1639 decessum
1022 1582 1187 1651 regis.
1228 1582 1459 1650 erigitur
1486 1584 1775 1639 Persarum
1817 1603 1909 1655 ge-

323 1690 451 1739 nus,
480 1675 538 1730 in
568 1685 754 1749 nostra
778 1675 908 1731 Asia
940 1673 1358 1740 circumfusum,
1395 1675 1504 1730 Deo
1534 1675 1908 1748 foedifragum,

324 1765 672 1838 fmdifragum
705 1776 762 1821 et
812 1764 867 1819 in
909 1764 1159 1827 homines
1191 1764 1436 1833 legitime
1480 1766 1591 1821 Deo
1623 1768 1910 1840 confiden-

2017 665 2324 737 γενήσομαι
2350 681 2366 697 ·
2402 665 2624 730 πάντως
2643 666 2704 721 δὶ
2747 667 3273 739 συγγνωσθήσομαι,
3304 669 3376 735 εί,
3410 670 3593 723 πᾶσαν

2016 758 2290 830 είσφέρων
2318 759 2561 830 σπουδὴν
2587 760 2917 831 ἑφαμίλλους
2952 761 3080 823 τοὺς
3132 759 3325 828 λόγους
3358 764 3471 827 τοῖς
3504 762 3597 833 ἔρ-

2015 863 2133 921 γοις
2164 850 2529 919 ἐνδείξασθαι,
2573 852 2724 907 ἄκων
2752 851 3108 924 διαμαρτάνω
3136 852 3365 908 σκοποῦ.

2090 943 2230 1015 Ἤδη
2288 944 2390 1014 μὲν
2435 944 2531 1000 οὖν
2573 945 2667 998 τὸν
2718 944 2855 1014 ἒμδν
2906 944 3134 1017 βασιλέα
3183 945 3252 998 τὰ
3302 947 3442 999 κατὰ
3494 946 3598 1018 τὴν

2025 1035 2217 1091 Ἀσίαν
2247 1033 2308 1091 εὖ
2334 1037 2712 1108 διατιθέμενον
2759 1038 2881 1104 καὶ,
2919 1037 3120 1110 μικροῦ
3161 1039 3295 1104 δεῖν,
3334 1037 3393 1093 εὖ
3417 1038 3597 1092 διαθέ-

2019 1147 2203 1200 μενον,
2230 1132 2260 1184 ό
2288 1130 2475 1202 πατὴρ
2508 1130 2607 1187 καὶ
2656 1130 2911 1202 βασιλεὺς
2958 1132 3099 1199 πρὸς
3131 1131 3324 1186 ἑαυτὸν
3366 1135 3462 1185 καὶ
3495 1133 3596 1202 τὴν

2017 1223 2294 1295 Εὐρώπην
2331 1223 2688 1293 μετεκαλεῖτο
2709 1263 2726 1289 ,
2783 1224 3084 1292 σκέμματά
3116 1240 3241 1278 τινα
3289 1223 3399 1276 τῶν
3427 1226 3597 1294 ἀναγ-

2015 1316 2321 1371 καιοτάτων
2352 1316 2447 1370 καὶ
2482 1314 2735 1387 πράξεις.
2764 1310 2854 1369 οἷα
2881 1315 3053 1369 πολλὰ
3085 1316 3179 1371 καὶ
3211 1314 3471 1380 πολλάκις
3496 1316 3596 1388 τὴν
3648 1378 3653 1382 θ

2020 1410 2295 1481 βασίλειον
2354 1409 2532 1480 ἀρχὴν
2592 1409 2964 1478 περιίσταται,
3015 1407 3296 1479 πρόφασιν
3326 1406 3468 1478 ἔχων
3496 1408 3598 1475 τῆς

2018 1504 2429 1575 μετακλήσεως.
2478 1501 2847 1556 Μετεκαλεῖτο
2898 1500 3052 1570 γοῦν,
3111 1501 3205 1554 καὶ
3244 1501 3466 1571 αύτδνὴ
3499 1504 3598 1568 τῆς

2013 1596 2345 1666 οἰκουμένης
2364 1595 2663 1667 ἀκρόπολις
2685 1594 2780 1663 ἣδε
2804 1594 2901 1647 καὶ
2927 1590 3290 1663 μεγαλόπολις
3323 1586 3451 1660 εἶχε,
3488 1589 3597 1643 Καὶ

2014 1690 2138 1743 τότε
2164 1690 2302 1759 πρὸς
2329 1688 2429 1758 τὴν
2457 1687 2552 1742 τοῦ
2587 1688 2852 1758 βασιλέως
2902 1686 3155 1740 διάϐασιν
3205 1687 3496 1753 ἐπαίρεται
3535 1682 3596 1735 τὸ

2013 1784 2113 1853 τὴν
2139 1781 2422 1853 ἡμετέραν
2447 1781 2636 1838 Ἀσίαν
2657 1780 2929 1850 περικαθή
2939 1796 3102 1846 μενον
3127 1777 3395 1849 Περσικὸν
3417 1776 3596 1844 γένος,

328 1867 502 1920 εοειθί
524 1866 775 1912 "eam"
802 1864 1189 1928 εοηετεετιιιινο
1214 1866 1271 1913 ει
1292 1870 1682 1929 ευηετεεοιυηι
1705 1861 1913 1931 recepit
1944 1935 1984 1943 ,ι
2016 1875 2312 1929 ἔκσπονδον
2342 1874 2500 1929 τοῦτο
2533 1874 2677 1943 Θεῷ,
2722 1874 3021 1928 ἔκσπονδον
3066 1871 3121 1926 δὲ
3169 1870 3269 1926 καὶ
3293 1868 3599 1941 ἀνθρώπων

326 1950 593 2016 animum,
627 1958 681 2004 et
733 1965 885 2005 arma
931 1951 1076 2020 capit
1102 1966 1249 2006 nunc
1300 1951 1611 2017 latrocinia,
1650 1954 1913 2009 nuncin-

2027 1969 2130 2031 τοῖς
2181 1968 2421 2037 γνησίως
2475 1966 2594 2035 Θεῷ
2624 1935 3063 2036 προσανέχουσι,
3112 1964 3210 2015 καὶ
3277 1935 3595 2031 ἐπηρμένον

325 2044 617 2099 cursiones
671 2042 882 2098 faciens
941 2059 1178 2113 cumque
1239 2059 1474 2102 numero
1528 2046 1720 2117 ingens
1764 2057 1911 2103 esset

328 2141 383 2188 rt
431 2133 674 2204 undique
728 2134 1144 2205 aggrederetur,
1174 2135 1553 2192 turbulentum
1587 2140 1633 2194 si
1664 2155 1907 2210 unquam

324 2225 493 2280 fuerit
531 2237 589 2282 et
626 2226 898 2281 nefarium
951 2227 1003 2281 in
1043 2227 1169 2282 Asia
1202 2242 1260 2283 se
1291 2230 1606 2286 constituit.
1639 2232 1909 2289 Sedocon-

326 2326 408 2374 tra
441 2318 566 2374 illos
592 2318 844 2389 procedis
873 2327 930 2374 et
956 2334 1168 2386 rursus,
1195 2335 1228 2374 ο
1254 2336 1372 2387 rex,
1412 2322 1794 2379 vehementior
1815 2342 1908 2379 su-

327 2416 463 2480 liito,
511 2416 657 2470 sicut
689 2415 811 2471 coeli
859 2414 1110 2478 fulmina,
1154 2416 1301 2487 justa
1334 2417 1414 2471 ira
1456 2418 1799 2488 impellente,
1849 2421 1904 2476 in

327 2507 454 2563 illos
512 2509 724 2563 irritis:
766 2519 879 2564 tum
916 2509 1196 2579 propriam,
1236 2511 1533 2579 perniciem
1575 2523 1901 2582 agnoscunt,

326 2608 463 2655 tunc
497 2599 598 2671 (l),
631 2601 776 2670 quod
814 2603 868 2656 in
900 2617 1092 2674 eorum
1125 2603 1320 2673 capitis
1361 2603 1592 2659 exitium
1633 2620 1783 2661 arma
1817 2613 1908 2660 tua

328 2706 545 2751 tentare
578 2696 699 2752 ausi
735 2698 965 2753 fuerint.

2019 2058 2360 2123 συνίσταται,
2393 2058 2489 2110 καὶ
2512 2054 2816 2126 ἀναθαρσεῖ
2840 2054 3069 2117 συστὰν,
3097 2053 3194 2107 καὶ
3222 2050 3402 2105 ὅπλων
3429 2050 3601 2103 ἄπτε-

2016 2166 2129 2211 ται,
2160 2150 2256 2206 καὶ
2290 2147 2454 2201 τοῦτο
2485 2147 2585 2218 μὲν
2618 2145 2923 2218 λῃστείαις,
2979 2144 3143 2215 τοῦτο
3173 2143 3231 2197 δὲ
3283 2143 3374 2197 καὶ
3407 2143 3600 2210 ἐκδρο-

2022 2243 2149 2311 μαῖς
2176 2238 2482 2310 χρώμενον,
2513 2238 2686 2300 πολύς
2717 2254 2777 2291 τε
2808 2236 2869 2290 δν
2918 2234 3176 2307 ἀριθμὸς,
3204 2233 3299 2288 καὶ
3338 2232 3603 2302 πολλαχό-

2019 2330 2112 2384 θεν
2138 2328 2503 2401 προσϐάλλον,
2558 2328 2794 2399 ὀχληρὸν
2848 2327 3009 2397 εἴπερ
3038 2327 3168 2380 ποτὲ
3221 2326 3318 2379 καὶ
3355 2320 3601 2393 λυπηρὸν

2017 2428 2130 2488 τοῖς
2157 2426 2216 2477 ὲν
2260 2425 2420 2495 ’Δσίᾳ
2477 2424 2828 2477 καθίσταται.
2872 2420 3038 2474 Ἀλλὰ
3096 2420 3401 2481 διαϐαίνεις
3463 2415 3601 2487 πρὸς

2017 2516 2265 2582 τούτους,
2321 2517 2419 2571 καὶ
2476 2516 2667 2578 πάλιν,
2696 2508 2743 2569 ὦ
2796 2512 3041 2583 βασιλεῦ,
3100 2512 3459 2581 σφοδρότερος
3503 2508 3601 2563 τοῦ

2019 2610 2289 2678 συνήθους
2314 2610 2411 2663 καὶ
2441 2605 2554 2662 οἷόν
2580 2625 2635 2661 τι
2654 2606 2788 2660 ιτῶν
2819 2605 2880 2670 ἐξ
2918 2603 3151 2677 ούρανοῦ
3197 2603 3393 2673 βελῶν,
3426 2602 3600 2671 θυμοῦ

2017 2703 2230 2756 δικαίου
2261 2702 2559 2767 κινοῦντος,
2598 2701 2895 2770 ἐμπίπτεις
2943 2699 3169 2759 αὐτοῖς’
3226 2697 3321 2750 καὶ
3346 2696 3469 2749 τότε
3509 2694 3601 2749 τδν

327 2791 529 2845 οἰκεῖον
560 2794 1017 2871 ἐπιγινώσκουσιν
1069 2795 1313 2866 ὄλεθρον,
1366 2797 1460 2850 καὶ
1520 2800 1642 2848 τότε
1691 2794 1765 2861 ὡς
1808 2798 1901 2853 ἐπὶ
1939 2799 2096 2863 κακῷ
2128 2800 2237 2853 τῶν
2301 2798 2581 2869 σφετέρων
2611 2796 2867 2866 κεφαλῶν
2924 2797 3025 2865 τὴν
3056 2797 3255 2866 πεῖραν
3278 2792 3388 2847 τῶν
3415 2792 3601 2848 ὃπλων

329 2885 666 2957 ιτόλμησαν,

400 2983 566 3039 Multa
592 3000 721 3040 vero
746 3000 817 3041 ex
838 2986 924 3041 bis
954 3002 1078 3053 qua:
1109 2986 1165 3040 in
1196 2986 1487 3043 intervallo
1507 2990 1666 3059 egisti
1686 2991 1914 3049 silentio

329 3078 770 3144 praetermittam,
818 3078 1073 3143 consilia,
1105 3079 1367 3149 cogitata,
1415 3082 1695 3151 proposita
1729 3100 1912 3151 neque

331 3169 422 3222 die
464 3183 645 3247 neque
668 3180 829 3226 nocte
850 3170 1100 3237 remissa,
1130 3186 1413 3228 armorum
1440 3178 1907 3243 comparationes,

2107 2990 2272 3047 Ἀλλὰ
2301 2989 2411 3058 γὰρ
2463 2988 2637 3043 πολλά
2669 2980 2767 3041 σου
2798 2985 2907 3040 τῶν
2939 2987 2998 3040 ὲν
3029 2984 3180 3057 μέσῳ
3220 2983 3402 3053 σιωπῇ
3459 2949 3618 3053 παρα.

2019 3085 2336 3154 ελεύσομαι,
2369 3081 2588 3155 βουλὰς,
2618 3079 2888 3144 ἐπινοίας,
2920 3079 3231 3158 φροντίδας,
3256 3076 3474 3145 νύκτωρ
3502 3074 3601 3127 καὶ

2021 3178 2367 3249 μεθ’ήμέραν
2391 3174 2451 3229 οὗ
2482 3171 2892 3237 διαλειπούσας,
2916 3169 3191 3231 ὁπλίσεις,Δ
3215 3164 3597 3237 παρασκευὰς,

276 3252 281 3257 ’
334 3273 631 3332 apparatus
658 3264 810 3327 belli,
843 3265 1297 3320 concursationes
1322 3265 1391 3320 ad
1418 3267 1622 3322 auxilia
1648 3270 1911 3337 petenda,

2027 3270 2352 3338 μεταϐάσεις
2382 3267 2521 3338 πρὸς
2558 3264 2621 3318 τὸ
2675 3263 2880 3335 χρῇζον
2912 3260 3001 3315 ἀεὶ
3035 3260 3312 3331 βοηθείας,
3349 3256 3599 3369 ἐνέδρας,

334 3355 797 3422 machinationes,
823 3356 1074 3422 insidias,
1101 3358 1467 3422 incursiones,
1495 3375 1645 3415 nunc
1669 3370 1911 3428 apertas,

333 3462 485 3502 nunc
537 3448 823 3516 occultas,
885 3458 1051 3519 prout
1114 3450 1562 3520 aggredientibus
1622 3452 1916 3507 videbatur

332 3539 612 3603 conferre,
645 3541 932 3596 suasiones
970 3541 1038 3598 de
1098 3542 1242 3598 bello
1276 3544 1678 3612 componendo,
1709 3554 1763 3597 et
1796 3560 1918 3598 rur-

342 3648 440 3691 sus
466 3634 881 3692 adhortationes
902 3635 969 3691 ad
1000 3637 1205 3692 bellum
1232 3644 1292 3691 et
1336 3648 1535 3692 caetera
1582 3653 1916 3709 quaecunque

339 3738 613 3784 testantur
646 3738 697 3783 te
723 3729 919 3784 ducem
950 3730 1223 3799 optimum
1264 3739 1430 3800 atque
1457 3730 1917 3799 perfectissimum

336 3820 640 3875 exstitisse.
663 3819 804 3879 illud
825 3830 1010 3875 autem
1030 3836 1286 3892 magnum
1306 3821 1589 3890 specimen
1604 3822 1809 3877 amoris
1824 3837 1922 3876 er-

337 3927 408 3981 ga
440 3926 565 3978 nos,
598 3911 814 3967 ﬁduciae
842 3912 895 3967 in
929 3912 1122 3980 Deum,
1153 3922 1211 3968 et
1240 3912 1407 3968 etiam
1431 3913 1918 3986 magnanimitatis,

340 4002 708 4069 strenuitatis,
745 4012 802 4058 et
847 4002 1192 4059 incitamenti
1234 4003 1420 4059 dicere
1447 4020 1559 4059 non
1598 4005 1917 4070 aversabor,
1968 4069 1970 4071 ς

339 4103 396 4149 te
445 4095 657 4151 scilicet
704 4111 986 4166 nunquam
1008 4096 1324 4152 deseruisse
1354 4096 1583 4162 milites,
1616 4097 1712 4153 sed
1739 4098 1920 4167 ipsum

341 4186 571 4242 duxisse
598 4202 694 4242 eos
728 4203 880 4245 more
908 4188 1090 4255 ducis,
1113 4199 1191 4255 et,
1216 4187 1363 4244 sicut
1393 4189 1625 4243 militem
1664 4188 1720 4243 in
1739 4204 1921 4259 pugna

340 4290 403 4334 et
462 4278 518 4335 in
550 4279 670 4335 acie
719 4279 1075 4348 interfuisse,
1119 4287 1177 4337 et
1223 4281 1396 4352 praelii
1444 4280 1625 4337 locum
1654 4283 1922 4352 sanguine

341 4375 634 4431 Persarum
665 4374 948 4429 imbuisse.
984 4370 1100 4429 Hoc
1149 4382 1303 4428 tuum
1342 4373 1559 4428 facinus
1588 4372 1740 4442 regio
1776 4373 1921 4427 inter

341 4466 570 4539 Lydiam
593 4476 651 4523 et
673 4465 879 4520 Ioniam
898 4464 1000 4520 sita
1030 4464 1322 4534 cognovit;
1352 4462 1500 4517 aliud
1526 4477 1659 4517 vero
1684 4460 1927 4516 clarissi-

339 4575 516 4626 mum,
533 4571 589 4615 et
606 4559 738 4616 illud
765 4573 873 4612 non
893 4556 1066 4611 multo
1085 4558 1233 4611 hisce
1249 4555 1444 4610 diebus
1460 4553 1756 4623 posterius,
1778 4553 1923 4607 circa

2017 3364 2231 3431 λέχους,
2272 3357 2570 3421 ἐπιθέσεις,
2601 3357 2702 3422 τὰς
2742 3356 2840 3424 μὲν
2893 3356 2957 3408 ὲκ
2982 3352 3078 3406 τοῦ
3108 3351 3377 3422 ἀφανοῦς,
3410 3350 3510 3413 τὰς
3548 3348 3601 3403 δ’

2017 3458 2084 3511 ὲκ
2114 3455 2210 3509 τοῦ
2239 3451 2575 3522 προφανοῦς,
2603 3451 2679 3515 ὡς
2704 3449 2771 3503 ἂν
2793 3448 2970 3502 ἐδόκει
2998 3448 3346 3513 συνενεγκεῖν
3377 3442 3599 3513 μετιοῦ-

2021 3565 2129 3615 σιν,
2165 3546 2482 3615 είσηγήσεις
2513 3542 2609 3597 τοῦ
2644 3541 2765 3604 πῶς
2797 3539 3046 3612 μετιτέον
3074 3538 3168 3593 τόν
3205 3538 3466 3608 πόλεμον,
3505 3536 3600 3590 καλ⁸

2018 3637 2088 3692 αὖ
2121 3637 2500 3708 παρακλήσεις
2531 3635 2669 3706 πρὸς
2711 3634 2972 3704 πόλεμον,
3016 3631 3188 3687 τᾶλλα
3218 3633 3318 3683 ὅσα
3349 3646 3406 3682 σε
3436 3644 3601 3698 στρα-

2019 3730 2204 3800 τηγῶν
2233 3730 2326 3783 τὸν
2346 3728 2571 3799 ἄριστον
2592 3727 2954 3796 παριστάνειν
2979 3720 3095 3795 εἶχε
3118 3725 3211 3777 καὶ
3241 3722 3598 3777 τελεώτατον.

2033 3823 2246 3876 Ἐκεῖνο
2270 3820 2326 3873 δὲ
2361 3819 2503 3890 μέγα
2528 3817 2797 3890 σύμϐολον
2818 3817 2879 3870 δν
2899 3816 3125 3888 ἀγάπης
3147 3812 3249 3882 τῆξ
3273 3814 3409 3878 πρὸς
3432 3812 3602 3881 ἡμᾶς’

2022 3916 2239 3979 ιλπίδος
2266 3915 2366 3986 τῆς
2401 3916 2539 3982 πρὸς
2569 3912 2726 3977 Θεὸν,
2785 3910 2879 3964 καὶ
2929 3908 3010 3961 ἔτι
3067 3906 3466 3975 γενναιότητος,
3504 3908 3600 3959 ἀν-

2021 4008 2197 4079 δρίας,
2241 4006 2670 4077 παρακλήσεως,
2726 4001 2990 4057 ἁπάντων
3018 4000 3130 4053 τῶν
3155 3998 3481 4061 καλλίστων,
3519 3996 3606 4049 λέ-

2022 4116 2144 4171 γειν
2200 4101 2260 4154 οὑ
2315 4096 2761 4168 παραιτήσομαι,
2795 4093 2878 4147 ὅτι
2931 4093 3027 4146 καὶ
3060 4090 3157 4163 τὴν
3199 4090 3461 4161 στρατιὰν
3499 4090 3603 4142 οὐκ

2024 4197 2364 4265 ἐξέπεμπες,
2400 4187 2518 4243 ἀλλ’
2558 4188 2723 4251 αὐτὸς
2757 4182 2891 4257 ἦγες
2928 4182 3242 4256 στρατηγοῦ
3294 4184 3470 4254 νόμῳ.
3504 4184 3604 4236 καὶ

2023 4290 2128 4358 τῆς
2153 4284 2515 4359 παρατάξεως
2565 4278 2978 4352 στρατιωτικῶς
3011 4276 3108 4330 καὶ
3134 4279 3233 4345 τῆς
3266 4276 3446 4345 μάχης
3473 4292 3604 4345 μετ-

2026 4381 2275 4451 είληφας,
2310 4377 2520 4431 καὶτὸν
2546 4375 2644 4443 τῆς
2678 4369 3002 4442 συμπλοκῆς
3046 4369 3214 4422 τόπον
3258 4368 3367 4421 ἀπὸ
3400 4369 3604 4434 Περσι-

2027 4476 2142 4530 κῶν
2173 4475 2426 4541 αίμάτων
2458 4467 2752 4536 ἐμέθυσας.
2785 4464 2958 4517 Τοῦτο
2982 4462 3081 4532 μὶν
3114 4457 3208 4515 οῦν
3232 4461 3325 4514 σοῦ
3352 4461 3411 4513 τὸ
3441 4454 3604 4528 ἔργον

2028 4571 2057 4623 ὁ
2090 4566 2294 4637 μεταξὺ
2353 4561 2553 4623 Λυδίας
2612 4559 2706 4612 καὶ
2749 4556 2954 4618 Ἰωνίας
2981 4555 3189 4623 ἔγνωκε
3229 4554 3393 4616 τόπος
3421 4569 3437 4586 ο
3473 4552 3606 4607 ἄλλο

341 4654 684 4712 Laodictnam
719 4662 992 4722 patratum
1015 4663 1129 4715 est;
1155 4659 1211 4704 et
1240 4661 1369 4704 ante
1404 4649 1507 4705 ista
1543 4665 1654 4703 non
1687 4648 1915 4703 inferius

2029 4656 2087 4709 δὲ
2117 4652 2588 4723 περιφανέστατον
2645 4647 2743 4701 καὶ
2789 4645 2923 4699 αὐτὸ
2978 4645 3219 4715 ἡμέραις
3266 4644 3493 4715 ὕστερον
3539 4645 3603 4696 ού

342 4749 425 4802 eis
463 4749 611 4804 aliud
660 4745 1003 4815 Philadelphi
1036 4743 1234 4798 civitas
1256 4756 1427 4813 prape
1456 4742 1693 4812 seipsam
1715 4743 1923 4796 factum

341 4857 469 4898 esse
520 4842 826 4909 conspexit.
891 4837 1169 4893 Perfruita
1213 4846 1300 4890 est
1338 4850 1560 4905 quoque
1587 4834 1791 4890 talibus
1811 4850 1922 4890 non

342 4918 558 5006 exiguis
587 4936 724 4991 citra
748 4929 1079 4987 Maeandrum
1136 4928 1297 4983 Caria
1323 4947 1337 4993 ;
1384 4937 1445 4982 et
1474 4928 1652 4983 media
1686 4927 1926 4983 maxime

340 5030 496 5085 lonia
554 5028 744 5083 multis
793 5026 1063 5096 perfruita
1113 5031 1218 5085 est.
1259 5031 1316 5077 et
1353 5020 1488 5077 vidit
1529 5016 1790 5091 magnum‘
1822 5019 1927 5074 l'lu-

339 5139 467 5177 men
523 5123 809 5193 Caystrum
858 5120 1058 5174 ﬂuctus
1115 5116 1381 5183 sanguine
1453 5114 1742 5169 Persarum
1823 5110 1929 5166 tin-

341 5225 499 5282 ctos;
532 5223 588 5270 et
628 5214 729 5268 sita
796 5228 987 5266 versus
1027 5209 1317 5281 Olympum
1376 5208 1606 5278 Phrygia
1654 5215 1715 5261 et
1755 5205 1928 5262 etiam

341 5309 510 5380 Mysia
552 5323 675 5377 quae
710 5304 957 5375 ingentes
982 5303 1291 5360 Persarum
1328 5300 1512 5370 copias
1544 5298 1779 5368 excepit,
1814 5312 1928 5351 ma-

343 5415 506 5473 gnam
572 5398 716 5467 apud
787 5396 913 5451 illos
982 5394 1117 5449 vidit
1188 5394 1331 5464 regis
1392 5391 1713 5456 victoriam;
1771 5388 1925 5444 deni—

345 5509 478 5565 que,
525 5507 594 5546 ne
657 5490 877 5557 longior
926 5490 1069 5550 sint.
1121 5486 1176 5541 in
1210 5484 1392 5540 Asiam
1425 5481 1829 5554 progrediendo
1871 5491 1927 5536 et

344 5603 467 5644 eam
533 5584 853 5639 mandando
902 5596 933 5636 a
977 5580 1391 5643 Barbaris,rex
1435 5576 1584 5630 illam
1625 5575 1732 5631 alio
1764 5574 1928 5629 modo

346 5682 774 5739 contaminatam
832 5675 1048 5740 reddit,
1116 5688 1315 5730 cruore
1381 5670 1596 5727 scilicet
1661 5669 1928 5725 Barbaro-

349 5788 497 5826 rum.

417 5958 618 6016 Bellica
669 5972 800 6030 ergo
853 5954 967 6012 hac
1025 5951 1170 6024 regis
1237 5949 1477 6007 facinora
1532 5946 1605 6020 (et
1668 5948 1932 6004 nonnulla

2032 4745 2254 4804 πολλαῖς
2287 4741 2414 4811 περί
2446 4757 2550 4792 που
2603 4737 2925 4791 Λαοδίκειαν
2979 4740 3322 4807 πέπρακται,
3367 4737 3462 4789 καὶ
3498 4734 3607 4805 πρὸ

2028 4835 2236 4889 τούτων
2293 4833 2394 4886 ούκ
2450 4832 2674 4886 ἔλαττον
2722 4829 2928 4884 τούτων
2977 4828 3167 4899 ἕτερον
3197 4831 3232 4899 η
3269 4827 3604 4897 Φιλαδέλφου

2031 4929 2187 4990 πόλις
2229 4926 2467 5005 ἄγχιστά
2518 4942 2596 4995 πη
2649 4922 2851 4992 ἑαυτῆς
2903 4922 3276 4991 γεγενημένον
3334 4919 3602 4990 ἑώρακεν.

2045 5019 2355 5087 ’Δπήλαυσε
2402 5016 2460 5070 δὲ
2510 5015 2771 5069 τοιούτων
2814 5013 2929 5066 «οῦκ
2988 5012 3185 5080 ὀλίγων
3223 5011 3379 5080 καὶὴ
3427 5010 3610 5079 πέραν

2030 5111 2348 5181 Μαιάνδρου
2411 5109 2631 5180 Καρία³
2661 5108 2758 5161 καὶ
2810 5106 3018 5168 Ἰωνίας
3071 5104 3130 5158 δὲ
3181 5104 3240 5159 τὺ
3274 5102 3609 5172 μεσαίτατον

2032 5207 2246 5261 πολλῶν
2300 5205 2481 5260 ἄλλων
2526 5202 2869 5274 ἀπήλαυσεν,
2920 5202 3055 5255 ὅπου
3085 5200 3182 5253 καὶ
3210 5198 3381 5260 πολὺς
3410 5198 3550 5267 ῥέων
3580 5201 3610 5252 ό

2032 5299 2322 5367 Κάῦστρος
2348 5297 2501 5367 ὅμως
2531 5294 2592 5349 τὸ
2617 5294 2796 5364 ῥόθιον
2825 5291 2886 5357 εξ
2919 5291 3170 5362 αἱμάτων
3204 5287 3371 5358 ἔϐαψε
3406 5288 3611 5356 Περσι-

2031 5392 2179 5445 κῶν·
2226 5392 2261 5460 ή
2293 5390 2349 5443 δέ
2381 5405 2446 5455 γε
2480 5388 2618 5454 πρὸς
2673 5384 2959 5455 Ὄλυμπον
3011 5379 3243 5451 Φρυγία,
3279 5382 3461 5433 είτουν
3492 5379 3610 5433 Μυ-

2034 5481 2151 5544 σία,
2192 5479 2334 5550 μέγα
2362 5475 2591 5549 Περσῶν
2625 5473 2946 5543 στράτευμα
2991 5468 3286 5538 δεξαμένη,
3342 5467 3485 5537 μέγα
3514 5468 3611 5519 καὶ

2030 5572 2092 5624 τὸ
2123 5570 2246 5624 κατ’
2279 5568 2458 5621 αὐτῶν
2489 5565 2582 5620 τοῦ
2629 5563 2896 5635 βασιλέως
2935 5558 3077 5615 εῐδεν
3124 5559 3427 5629 ὲκνίκημα.
3474 5557 3608 5610 Συν-

2033 5665 2226 5718 ελόντα
2252 5662 2308 5716 δὲ
2339 5661 2529 5731 φάναι,
2572 5657 2763 5721 διαϐὰς
2815 5658 2897 5719 εἰς
2955 5655 3164 5716 Ἀσίαν,
3201 5654 3294 5705 καὶ
3325 5651 3610 5722 καθαίρων

2033 5764 2096 5812 ἐκ
2124 5756 2425 5828 Βιρϐάρων
2453 5753 2674 5817 ταύτην,
2716 5753 2746 5804 ὁ
2787 5748 3043 5820 βασιλεὺς
3079 5746 3379 5818 χρανθῆναι
3408 5743 3611 5813 τρόπον

2036 5852 2195 5906 ἄλλον
2226 5852 2397 5921 αὐτὴν
2430 5847 2791 5920 βαρϐαρικοῖς
2821 5844 3039 5915 λύθροις
3071 5841 3358 5910 πεποίηκε.

2107 5945 2410 6016 Πολεμικιιὶ
2459 5942 2558 6015 μιν
2613 5940 2705 5996 οὖν
2742 5938 2969 6011 πράξεις
3016 5928 3175 5991 αὗται
3199 5934 3290 5989 τοῦ
3322 5932 3615 6006 βασιλέως,
