3894 6496
393 441 507 506 409

1358 455 1745 521 LAUDATIO
1784 464 2200 531 ANDRONICI
2255 474 2726 542 PAL/EOLOGI.

3531 501 3637 566 410

396 567 498 620 μεν
524 549 746 621 Ἰσραὴλ
797 554 827 607 ὁ
854 553 995 622 νέος,
1028 557 1435 632 ὲπαναγὼμεθα
1463 568 1602 638 πρὸς
1652 570 1807 637 Θεὸν,
1849 577 1940 626 ἐπι

396 644 755 679 κη...η,τ...ερ,.
810 646 907 679 ..αρ
946 649 1213 679 κ.-η.ς...-
1250 656 1409 679 μεμε
1452 660 1467 679 ε
1546 662 1564 679 ς
1668 663 1698 679 -
1788 664 1800 679 .
1895 668 1917 679 -

2069 577 2260 643 lsrael,
2299 584 2366 637 ad
2426 585 2594 643 Deum
2635 590 2948 662 redeamus,
3003 612 3427 670 convertamur,
3459 607 3635 679 legem

391 644 778 736 στρεφῴμεθα,
810 646 907 715 τῆς
946 649 1213 723 διαθήκης
1245 656 1410 711 αὐτοῦ
1449 660 1960 736 ἑπιλαμϐανὼμεθα

390 735 485 826 καὶ
514 735 650 803 πρὸς
669 737 771 807 τὴν
797 736 1009 811 λάμψιν
1025 742 1118 796 τοῦ
1142 747 1318 813 φωτὸς
1342 750 1513 822 αὐτῆς
1535 735 1916 826 πορευώμεθα.
1934 778 1952 810 ι

388 825 501 897 Οὐχ
535 827 681 921 οῦτω
712 833 843 921 ¹ποτὲ
891 838 1119 907 σφοδρὸν
1178 839 1370 908 ὓδατος
1404 825 1615 918 ῥεῦμα,
1657 851 1782 921 ῥέον
1818 855 1961 908 κατά

389 919 654 989 πρανοῦς,
689 918 808 977 εῐτά
842 942 954 980 τισι
984 935 1254 1001 μηχαναῖς
1280 918 1669 1007 ἀνισχόμενον,
1694 941 1862 1007 ὀξέως
1891 944 1958 998 ἂν

386 1011 627 1079 φέροιτο,
664 1015 757 1067 τοῦ
786 1017 1088 1083 κωλύοντος
1140 1022 1583 1094 ύποσπασθέντος
1615 1034 1711 1085 καὶ
1756 1034 1959 1088 ἀνακο-

384 1102 597 1196 πέντες,
629 1105 704 1168 ὡς
751 1108 781 1159 ὁ
814 1108 1088 1179 βασιλεὺς,
1120 1113 1459 1187 δραξάμενος
1490 1122 1693 1182 αὐτίκα
1733 1126 1952 1196 καιροῦ,

380 1192 508 1258 ὀξὺς
624 1196 865 1264 ἐπείγων
894 1201 1068 1257 ταῦτα
1096 1207 1192 1259 καὶ
1217 1207 1393 1278 λέγων
1418 1213 1513 1265 καὶ
1541 1190 1954 1288 διαπραττάμεέ

380 1301 490 1350 νος.
521 1283 599 1340 Εὖ
618 1289 729 1360 γὰρ
755 1291 914 1354 εἰδὼς
943 1294 1017 1358 ὡς
1055 1296 1152 1367 ἥδε
1182 1299 1336 1367 τάξις
1379 1300 1579 1373 ἀρίστη
1612 1283 1707 1360 καλ.
1740 1283 1954 1363 λυσιτε-

378 1376 633 1452 λεστάτη,
670 1384 870 1447 παντὸς
891 1386 1220 1457 ἀρχομένοις
1250 1392 1346 1445 καὶ
1375 1395 1538 1463 λόγου
1572 1399 1666 1451 καὶ
1689 1401 1954 1470 πράγμα-

376 1484 494 1533 τος,
529 1471 591 1521 ἐκ
615 1471 750 1525 Θεοῦ
772 1490 833 1527 τε
864 1476 1128 1547 ἄρχεσθαι
1153 1484 1246 1535 καὶ
1270 1486 1349 1547 εἰς
1378 1485 1512 1539 Θεὸν
1540 1488 1946 1558 ἀναπαύεσθαι,

376 1563 471 1614 καὶ
503 1564 663 1626 αὐτὸς
687 1566 791 1634 τῆς
824 1568 1086 1636 εὐσεϐοῦς
1118 1575 1552 1649 αὐτοκρατορίας
1574 1583 1776 1652 εὐσεϐῆ
1809 1602 1948 1654 xm—

371 1651 503 1706 πῖδα
534 1656 899 1726 πηγνύμενος,
938 1661 1085 1731 αἴρει
1112 1666 1213 1733 μὲν
1244 1667 1392 1722 ἅπαν
1421 1672 1630 1725 σκῶλον
1656 1676 1751 1728 καὶ
1776 1677 1950 1743 πρόσ-

308 1788 313 1793 .
373 1759 565 1815 κομμα
592 1749 691 1816 τῆς
714 1750 864 1816 θείας
885 1753 1077 1825 αὖλῆς,
1106 1759 1203 1812 καὶ
1221 1761 1349 1824 τοὺς
1378 1763 1563 1828 λίθους
1598 1766 1696 1836 τῆς
1729 1767 1948 1832 εὐθείας

372 1837 467 1888 καὶ
507 1838 791 1912 βασιλικῆς
845 1846 940 1899 καὶ
1003 1848 1172 1920 μόνης
1224 1852 1361 1922 πρὸς
1409 1856 1639 1926 οὐρανὸν
1667 1859 1942 1930 φερούσης

2063 669 2213 726 illius
2256 678 2763 748 apprehendamus,
2817 696 2874 740 et
2925 691 2993 743 ad
3018 693 3367 760 splendorem
3404 669 3636 757 luminis

2059 761 2178 830 eius
2235 765 2600 824 ambulemus.
2652 789 2673 823 ι
2715 772 2836 829 Non
2899 777 3083 850 itaque
3119 785 3419 842 vehemens
3471 790 3632 846 undae

2059 866 2258 908 cursus
2291 870 2537 926 praeceps
2568 858 2770 941 ﬂuens,
2812 879 3103 938 postquam
3150 875 3472 945 aliquandiu
3510 881 3632 948 qui-

2059 943 2292 1035 busdam
2339 951 2615 1009 machinis
2653 955 2822 1014 fuerit
2852 959 3149 1028 inhibitus,
3175 943 3345 1023 citius
3366 943 3628 1035 ferretur,

2057 1034 2217 1092 obice
2270 1053 2486 1115 remoto
2531 1054 2588 1100 et
2635 1050 2864 1116 avulso,
2917 1069 3045 1109 cum
3096 1073 3212 1124 rex,
3265 1062 3359 1130 qui
3402 1073 3628 1131 accepta

2057 1130 2242 1222 statim
2289 1136 2591 1192 occasione.
2635 1139 2750 1198 haec
2791 1146 3043 1214 urgebat,
3080 1149 3301 1205 dicebat
3327 1159 3383 1206 et
3405 1130 3625 1222 agebat.

2054 1220 2189 1277 Cum
2214 1226 2359 1280 enim
2388 1230 2555 1287 sciret
2589 1232 2721 1288 illud
2762 1238 3014 1294 ordinem
3051 1243 3321 1310 optimum
3347 1260 3413 1299 ac
3443 1220 3623 1300 utilis-

2055 1318 2256 1374 simum
2289 1336 2433 1388 esse,
2468 1326 2647 1395 utqui
2678 1328 2867 1386 dicere
2887 1340 2945 1387 et
2972 1350 3135 1404 agere
3161 1336 3436 1406 incipiunt
3459 1354 3487 1390 a
3518 1339 3629 1393 Deo

2054 1407 2343 1480 incipiant’
2380 1426 2436 1470 et
2473 1416 2749 1484 desinant,
2796 1422 2915 1492 ipse
2957 1427 3059 1494 pia:
3086 1429 3439 1483 auctoritatis
3478 1430 3626 1497 pium

2053 1509 2276 1557 struens
2317 1505 2764 1577 fundamentum,
2819 1515 3000 1570 aufert
3041 1534 3203 1572 omne
3231 1519 3625 1575 olfendiuulum

2051 1599 2109 1643 et
2158 1594 2475 1649 scandalum
2504 1599 2573 1652 ab
2615 1602 2741 1655 aula
2778 1602 2990 1669 divina,
3028 1618 3084 1660 et
3116 1618 3303 1678 petras
3335 1625 3364 1663 a
3392 1619 3537 1664 recta
3569 1621 3627 1664 et

2050 1682 2198 1752 regia
2256 1695 2312 1739 et
2368 1689 2481 1743 sola
2530 1707 2653 1761 quas
2681 1693 2833 1750 ducit
2870 1697 2938 1750 ad
2995 1701 3195 1755 caelum
3232 1702 3318 1755 via
3364 1703 3525 1769 ejecit
3567 1713 3629 1758 et

2049 1772 2323 1829 sincerum
2352 1787 2516 1848 atque
2538 1798 2737 1850 purum
2792 1788 3000 1842 cultum
3062 1792 3173 1846 Deo
3201 1793 3473 1860 adhibuit,
3492 1808 3619 1847 cum

2049 1863 2421 1925 adulterantes
2448 1886 2571 1927 eum
2602 1885 2656 1929 et
2683 1892 3104 1949 corrunipentes
3127 1883 3419 1941 amoverit.

528 1935 861 2048 διαρρίπτει,
891 1944 1182 2001 ἀνόθευτον
1212 1950 1266 2001 δε
1290 1953 1384 2004 καὶ
1409 1953 1651 2024 καθαρὸν
1681 1957 1743 2008 τὸ
1772 1957 1936 2019 σέϐας
1967 1959 2260 2031 ἀνατίθησι
2329 1966 2408 2038 τῷ
2457 1969 2598 2039 Θεῷ,
2666 1973 2794 2038 τοὺς
2829 1931 3499 2048 ἠπατρᾉξᾷέοιέὲξνέξξξεαι
3535 1980 3625 2033 κί-

375 2028 569 2100 ϐδηλον
598 2035 732 2089 αὐτὸ
762 2039 1055 2105 ποιοῦντας
1091 2047 1313 2116 μακρὰν
1342 2051 1720 2119 ποιησάμενος
1754 2053 1891 2124 (22).

449 2129 556 2224 καί
593 2145 657 2197 γε
689 2132 826 2202 πρὸς
854 2133 1011 2211 τοῦτύ
1041 2152 1135 2192 σου
1167 2140 1227 2191 τὸ
1251 2140 1434 2211 ἔργον,
1456 2137 1500 2197 ὧ
1526 2145 1945 2214 βασιλεῦ,ούδὶν

2117 2150 2185 2205 Et
2247 2166 2381 2207 vero
2425 2169 2539 2223 prae
2566 2152 2672 2210 isto
2697 2167 2790 2212 tuo
2824 2156 3083 2224 facinore,
3114 2174 3146 2214 ο
3178 2175 3294 2223 rex,
3328 2158 3464 2214 nihil
3493 2169 3624 2216 sunt

379 2218 864 2292 βαρϐαροκτονίαι,
895 2228 991 2281 καὶ
1018 2229 1452 2306 ἀνδραποδισμοί
1474 2238 1570 2292 καὶ
1592 2239 1948 2304 ὲκδουλώσεις

374 2313 567 2376 ἐθνῶν,
622 2320 717 2370 καὶ
770 2321 919 2373 νῖκαι
968 2324 1112 2378 κατὰ
1145 2312 1329 2398 πάσης
1377 2331 1947 2403 ἀντιστρατευομένης

346 2412 351 2419 ’
380 2405 691 2478 δυνάμεως,
720 2412 877 2467 οὐδὲν
911 2414 1281 2490 ἑκπορθήσεις
1319 2422 1530 2477 πόλεων
1583 2424 1678 2479 καὶ
1710 2425 1948 2488 ἁλώσεις

380 2500 474 2550 καὶ
504 2504 883 2574 κατασκαφαὶ,
913 2507 1023 2561 οὐδ’
1055 2503 1123 2562 αὖ
1152 2511 1473 2580 ἀνεγέρσεις
1520 2516 1616 2568 καὶ
1667 2516 1947 2587 τειχισμοὶ

350 2674 353 2675 ν
378 2591 473 2644 καὶ
509 2597 874 2665 συνοικισμοὶ,
908 2603 1003 2653 καὶ
1030 2601 1058 2654 δ
1089 2619 1142 2655 τι
1168 2602 1234 2657 ἂν
1255 2604 1502 2671 εἴποιτις
1523 2607 1630 2660 τῶν
1661 2608 1938 2677 μεγάλων·

378 2687 598 2741 πάντων
621 2689 730 2761 γάρ
758 2692 1084 2765 ὑπέρκειται
1117 2698 1226 2752 τῶν
1260 2701 1542 2758 τοιούτων.
1574 2703 1746 2757 Τοῦτο
1771 2705 1842 2775 δή
1862 2722 1946 2758 σοι

372 2782 469 2833 καὶ
500 2783 887 2856 οὐρανομήκης
913 2790 1108 2859 στήλη,
1146 2791 1306 2847 τοῦτό
1339 2812 1400 2847 σε
1439 2797 1532 2849 καὶ
1559 2796 1946 2865 βασιλεύτατον

371 2870 669 2940 δείκνυσιν,
697 2875 779 2930 ὃτι
809 2880 904 2931 καὶ
930 2881 1103 2936 ὁπόσα
1122 2884 1186 2952 δὴ
1218 2884 1482 2954 βασιλέων
1505 2888 1644 2960 ἔργα
1677 2890 1951 2962 βασιλικῷ

370 2964 452 3035 τῷ
485 2970 650 3038 πήχει
711 2969 874 3024 τοῦτο
906 2977 1053 3046 νικᾷ.
1116 2976 1326 3032 Ἐκεῖνο
1355 2981 1418 3051 δή
1455 2983 1618 3048 μόνον
1652 3000 1947 3056 συμπαρα-

378 3062 663 3130 μετρεῖται
715 3065 915 3136 τούτῳ,
980 3069 1173 3141 ἐπειδὴ
1208 3071 1308 3125 καὶ
1355 3073 1493 3143 πρὸς
1532 3075 1712 3128 ἐκεῖνο
1745 3077 1945 3146 βλέπον

374 3152 537 3207 τοῦτο
591 3157 980 3229 κατώρθωται,
1041 3164 1140 3219 καὶ
1202 3167 1448 3238 ἀκριϐῶς
1510 3168 1786 3236 ὲξίσωται,
1821 3174 1945 3240 ὅγε

377 3251 784 3316 Κωνσταντῖνος
813 3256 841 3308 ό
871 3255 1084 3324 Μέγας,
1120 3260 1147 3312 ὁ
1178 3259 1288 3313 τῶν
1335 3260 1633 3331 ὀρθοδόξων
1663 3265 1813 3335 ὑμῶν
1845 3265 1947 3336 βα-

380 3343 574 3396 σιλέων
604 3347 806 3415 πατὴρ,
844 3347 1328 3420 διαπεπραγμένος
1379 3354 1578 3424 ἐφάνη,
1630 3356 1731 3426 τὴν
1792 3355 1950 3427 βασι-

370 3435 522 3489 λείαν
554 3438 824 3508 ἀναμίξας
855 3444 925 3513 τῇ
955 3441 1231 3515 εὐσεϐείᾳ,
1280 3446 1520 3514 μάλιστα
1548 3447 1606 3501 δὲ
1631 3448 1939 3515 ὑποτάξας,

373 3532 467 3583 καὶ
498 3531 674 3601 μέγας
697 3534 796 3586 οὐκ
821 3535 884 3587 ἐκ
911 3537 1007 3605 τῆς
1039 3537 1333 3610 πορφύρας
1368 3542 1461 3596 καὶ
1490 3542 1583 3596 τοῦ
1606 3543 1941 3615 διαδήματος

373 3625 468 3676 καὶ
502 3623 597 3675 τοῦ
628 3627 725 3694 τῆς
748 3626 1076 3698 οἰκουμένης
1106 3630 1345 3697 κράτους
1394 3634 1758 3703 ἀναδειχθεὶς,
1793 3637 1857 3688 ἐκ
1884 3635 1942 3688 δὲ

371 3713 467 3768 τοῦ
496 3718 599 3784 τὴν
625 3717 888 3787 ἀλήθειαν
920 3721 1330 3791 κατειληφέναι,
1364 3724 1460 3777 καλ⁵
1515 3726 1653 3793 πρὸς
1706 3727 1943 3797 Χριστὸν

377 3809 717 3876 μετακλῖναι.
760 3809 853 3862 καὶ
909 3811 1011 3881 τὴν
1072 3814 1173 3884 τῆς
1217 3814 1449 3887 Τριάδος
1483 3817 1616 3887 μίαν
1642 3820 1943 3888 ἐπιγνῶναι

373 3899 625 3969 θεότηταο
663 3892 722 3954 οὗ
746 3902 838 3955 καὶ
865 3900 954 3967 σὺ,
986 3901 1231 3974 βασιλεῦ,
1267 3907 1385 3970 υίὸς
1417 3909 1512 3963 καὶ
1542 3907 1786 3980 διάδοχος
1807 3910 1944 3981 άλη-

374 3993 496 4060 θης,
552 3991 672 4044 κατ’
712 3993 857 4062 ἴχνος
905 3995 1007 4064 τῆς
1036 3996 1205 4050 αὐτοῦ
1258 3999 1509 4070 βεϐηκὼς
1539 4002 1943 4072 προαιρέσεως,

370 4083 432 4134 τὸ
473 4082 609 4150 μετά
665 4080 904 4152 Χριστοῦ
970 4083 1093 4155 ζῇν,
1148 4086 1223 4149 ὡς
1250 4089 1483 4156 ἐκεῖνος,
1535 4090 1610 4152 ὡς
1646 4090 1944 4160 κεφάλαιον

370 4171 479 4226 τῶν
502 4173 723 4241 ἀγαθὼν
747 4176 1037 4248 ἀγαπήσας
1065 4177 1159 4230 καὶ
1191 4178 1410 4233 πάντων
1456 4181 1801 4253 προτιμήσας
1834 4180 1944 4235 τῶν

371 4263 566 4318 ἄλλων.
621 4265 702 4318 Τὰ
757 4267 964 4320 ἐκείνου
994 4267 1062 4339 δὴ
1107 4268 1243 4338 μόνα
1267 4270 1363 4323 καὶ
1410 4271 1480 4323 τὰ
1517 4271 1588 4324 σα
1620 4271 1944 4342 συνέρχεται

373 4358 468 4410 καὶ
505 4357 820 4427 συμϐαίνει,
852 4360 948 4412 καὶ
1006 4362 1088 4424 εἰς
1138 4359 1197 4415 ἓν
1237 4361 1482 4433 ἀκριϐῶς
1516 4365 1943 4435 συναρμόζεται,

373 4449 448 4513 ὡς
479 4449 599 4504 νέον
631 4452 837 4504 ἐκεῖνον
881 4452 993 4524 (25)
1028 4452 1104 4524 μὴ
1133 4452 1359 4524 χρῆναι,
1412 4457 1535 4509 κατ’
1568 4457 1709 4527 ἐμὴν
1738 4459 1942 4528 κρίσιν,

372 4542 562 4611 ἓτερον
591 4543 624 4613 ἢ
654 4544 746 4596 τὸν
796 4543 1008 4598 ἑκείνου
1055 4548 1347 4620 σύμφρονα
1397 4549 1458 4601 σὲ
1510 4550 1608 4604 καὶ
1637 4550 1944 4620 ὸμότροπον

371 4632 680 4698 ὀνομάζειν.

451 4728 559 4779 Καὶ
606 4727 715 4798 μὴν
744 4726 890 4781 οὕτω
925 4729 1196 4802 λαμπρῶς
1251 4730 1486 4803 ἐχούσης
1510 4732 1610 4804 τῆς
1659 4734 1945 4798 εὐσεϐείας

1971 3513 2020 3567 Β

2056 2243 2421 2301 Barbarorum
2481 2248 2681 2313 caedes,
2717 2249 3011 2306 servitutes
3070 2261 3124 2305 et
3157 2250 3453 2306 famulatus
3489 2269 3627 2323 geu-

2055 2341 2214 2402 tium.
2276 2355 2335 2395 et
2391 2343 2638 2397 victoria
2706 2345 2973 2401 adversus
3016 2347 3263 2416 singulas
3324 2355 3628 2415 potestates

2055 2444 2456 2503 oppugnantes,
2478 2435 2614 2491 nihil
2646 2437 2864 2493 urbium
2889 2439 3224 2510 direptiones
3250 2448 3308 2496 et
3326 2440 3537 2495 excidia
3558 2453 3627 2495 ac

2055 2527 2398 2595 eversiones,
2444 2537 2540 2584 aut
2587 2516 2801 2585 εισι-ιλιι(
2820 2534 3226 2589 exstructiones
3259 2544 3625 2590 etmurorum

2055 2630 2112 2672 et
2140 2620 2425 2677 domorum
2463 2624 2943 2691 constructiones,
2970 2635 3025 2681 et
3047 2626 3314 2696 quidquid
3350 2642 3413 2682 ex
3454 2626 3622 2683 rebus

2056 2712 2165 2765 tuis
2201 2715 2476 2783 praeclaris
2513 2715 2713 2785 aliquis
2742 2716 2944 2773 dixerit
2983 2735 2998 2774 :
3031 2720 3217 2773 omnia
3247 2720 3393 2775 enim
3425 2720 3616 2789 hujus-

2055 2806 2203 2859 modi
2226 2817 2534 2877 exsuperat.
2563 2807 2676 2865 Hoc
2705 2826 2836 2865 sane
2892 2811 2989 2869 tibi
3023 2812 3279 2868 columna
3310 2812 3377 2891 ad
3409 2811 3611 2867 coelum

2052 2910 2255 2963 erecta,
2306 2900 2411 2955 hoc
2470 2909 2527 2957 et
2577 2910 2630 2957 te
2686 2910 2870 2972 regem
2918 2903 3264 2974 potissimum
3314 2905 3537 2960 exhibet
3563 2912 3621 2958 et

2053 2991 2237 3046 omnia
2274 3008 2462 3062 regum
2521 2992 2764 3049 facinora
2814 2996 2920 3055 hoc
2973 2996 3277 3052 antecellit.
3306 2996 3407 3052 Cui
3434 2994 3618 3050 solum

2054 3083 2189 3137 illud
2253 3085 2541 3139 confertur
2598 3086 2888 3155 (siquidem
2947 3087 3051 3143 hoc
3080 3089 3146 3142 ad
3191 3088 3322 3142 illud
3351 3098 3619 3156 Spectans

2054 3172 2289 3228 feliciter
2351 3176 2683 3231 successerit
2760 3186 2818 3231 et
2895 3187 3155 3233 accurate
3219 3177 3621 3248 aequiparatum

2051 3265 2239 3337 fuerit)
2259 3268 2403 3336 quod
2425 3263 2815 3324 Constantinus
2829 3269 3080 3339 Magnus,
3096 3283 3410 3324 nostrorum
3431 3283 3622 3338 regum

2053 3359 2488 3415 orthodoxorum
2540 3369 2697 3429 pater
2723 3399 2742 3425 ,
2779 3371 3079 3417 exsecutus
3113 3362 3346 3425 exstitit,
3388 3375 3621 3431 regnum

2054 3452 2257 3523 pietate
2279 3451 2682 3522 coniungendo,
2733 3454 2842 3508 imo
2872 3454 3220 3526 subiiciendo
3239 3471 3256 3520 ;
3278 3464 3335 3509 et
3363 3467 3620 3521 magnus,

2047 3560 2159 3599 non
2215 3552 2448 3614 propter
2491 3559 2817 3614 purpuram,
2880 3557 2978 3601 aut
3030 3545 3308 3611 diadema,
3336 3553 3430 3598 aut
3468 3543 3622 3599 orbis

2047 3636 2338 3707 imperium
2387 3635 2647 3699 evaserit.
2697 3635 2795 3692 sed
2847 3645 3070 3707 propter
3130 3638 3274 3705 quod
3324 3636 3614 3690 veritatem

2046 3730 2330 3799 amplexus
2387 3728 2481 3794 sit,
2538 3737 2594 3785 et
2622 3729 2690 3784 ad
2729 3727 3013 3785 Christum
3042 3730 3415 3792 inclinaverit,
3447 3737 3619 3796 atque

2047 3826 2334 3881 Trinitatis
2382 3840 2548 3880 unam
2607 3826 2895 3896 agnoverit
2956 3825 3342 3891 divinitatem;
3375 3824 3532 3894 cujus
3559 3831 3621 3877 et

2047 3927 2129 3985 tu,
2182 3934 2299 3981 rex,
2359 3917 2502 3972 filius
2557 3927 2614 3971 et
2673 3917 2849 3972 haeres
2874 3917 3146 3979 veritatis.
3182 3917 3304 3985 ejus
3343 3914 3617 3984 ιιι-οι»οείιὶ

2044 4012 2295 4079 vestigiis
2346 4011 2628 4073 insistens,
2671 4025 2793 4064 cum
2847 4009 3066 4065 Christo
3119 4010 3333 4074 vivere,
3387 4018 3445 4061 ut
3496 4007 3610 4070 ille,

2046 4107 2202 4177 quasi
2233 4116 2394 4173 caput
2420 4104 2688 4158 honorum
2716 4104 2887 4159 satius
2908 4105 3176 4168 duxisses,
3211 4102 3378 4157 rebus
3400 4111 3620 4156 canens

2045 4196 2428 4268 anteposuisti.
2473 4196 2599 4251 Sola
2654 4196 2800 4255 illius
2844 4195 3087 4251 facinora
3135 4204 3300 4265 atque
3349 4204 3438 4248 tua
3474 4198 3619 4248 inter

2047 4305 2108 4345 se
2141 4287 2478 4344 conveniunt
2506 4297 2670 4358 atque
2717 4296 3082 4351 concurrunt,
3123 4295 3180 4341 et
3204 4285 3257 4340 in
3291 4301 3459 4341 unum
3488 4293 3622 4354 apte

2046 4383 2408 4446 concinnant,
2453 4380 2528 4435 ita
2598 4390 2657 4434 ut
2724 4396 2930 4437 novum
3009 4378 3429 4434 Constantinum
3504 4393 3615 4431 non

2047 4484 2301 4547 oporteat
2365 4488 2708 4544 nuncupare,
2769 4486 2829 4527 ut
2888 4472 3134 4542 Opinior,
3167 4472 3338 4526 alium
3376 4487 3406 4526 a
3439 4480 3491 4525 te
3518 4487 3617 4526 cu-

2039 4573 2133 4640 ius
2181 4583 2337 4623 mens
2360 4574 2419 4622 et
2449 4565 2662 4621 indoles
2691 4579 2981 4634 compares
3005 4565 3308 4648 exsistunt.

2119 4747 2189 4804 Et
2221 4745 2499 4818 equidem,
2530 4714 2665 4800 dum
2698 4744 2772 4799 ita
2800 4741 3023 4813 effulget
3070 4741 3127 4797 in
3179 4756 3312 4796 meo
3341 4756 3469 4810 rege
3501 4740 3625 4811 pie-

374 4821 452 4890 τῷ
486 4819 716 4890 βασιλεῖ,
776 4819 858 4874 ἔτι
893 4812 1116 4875 κάκεῖνδ
1170 4840 1271 4876 που
1309 4824 1616 4896 θαυμάσιον
1665 4829 1942 4899 ἐννοῆσαι,

2055 4853 2154 4908 tas,
2213 4812 2350 4895 illud
2392 4838 2641 4894 mirabile
2688 4838 2854 4893 etiam
2921 4812 3487 4892 animadvertendum
3527 4845 3620 4891 est

372 4915 455 4969 ὅτι
484 4916 578 4967 καὶ
625 4915 747 4968 ὅσαι
800 4915 911 4967 τῶν
940 4915 1151 4987 ἀρετῶν
1180 4915 1577 4972 ἀκολουθοῦσαι
1607 4920 1782 4994 ταύτῃ
1812 4938 1945 4990 τυγ-

372 5010 622 5081 χάνουσι,
649 5008 831 5073 ζῶσαν
858 5008 1064 5063 ὡσανεὶ
1093 5011 1189 5063 καὶ
1215 5011 1438 5081 ἐνεργὸν
1461 5014 1816 5083 καθιστᾶσαι,
1849 5017 1948 5069 καὶ

373 5104 579 5165 ταύτας
603 5104 632 5154 ὁ
654 5104 786 5174 ὲμδς
834 5102 1091 5173 βασιλεὺς
1144 5108 1641 5176 προσκτησάμενος
1668 5109 1947 5177 φαίνεται.

372 5196 481 5251 Καί
513 5213 606 5265 μοι
631 5197 695 5250 σὺ
723 5194 1069 5266 συμπαθείας
1095 5198 1189 5250 καὶ
1210 5198 1624 5269 φιλανθρωπίας
1644 5204 1734 5255 καὶ
1757 5202 1947 5257 οῐκτου

371 5288 554 5361 ζητῶν
586 5287 914 5353 ἀποδείξεις,
946 5288 1022 5360 μὴ
1044 5289 1251 5355 ταύτας
1283 5291 1371 5345 διὰ
1398 5292 1558 5359 λόγου
1590 5293 1779 5348 λαϐεῖν
1814 5298 1946 5350 ἀνα-

374 5382 587 5454 μείνῃς.
625 5381 818 5447 Βάδιζε
860 5383 916 5437 δὲ
944 5384 1082 5454 πρὸς
1113 5383 1185 5437 τά
1223 5382 1597 5457 δεσμωτήρια,
1626 5388 1790 5441 κάκεῖ
1828 5390 1941 5452 τοῖς

369 5475 670 5545 ὀφθαλμοῖς
695 5474 757 5529 τὸ
776 5474 1112 5547 ζητούμενον
1130 5477 1518 5548 καταμάνθανε
1545 5495 1559 5508 ⁸
1586 5478 1663 5533 ἴδε
1682 5479 1951 5550 δεσμίους

439 5615 555 5685 (2‘2)
585 5612 870 5685 Glossator
929 5614 1271 5670 orthodoxus
1324 5615 1379 5669 in
1436 5615 1632 5671 eodem
1685 5616 1940 5672 codice:

369 5678 588 5753 Μάτην,
623 5678 668 5738 ὦ
700 5683 907 5754 Πάτερ,
945 5689 1088 5739 κατά
1134 5687 1236 5754 τῆς
1283 5686 1573 5753 Ῥωμαίων
1616 5688 1945 5752 Ἐκκλησίας

370 5758 467 5827 καὶ
497 5754 801 5827 ἀλογίστων
830 5756 1061 5826 εἴρηκας
1081 5772 1095 5786 ο
1126 5757 1378 5827 εὐσεϐείᾳ
1401 5761 1511 5825 γὰρ
1529 5755 1664 5820 ζῶσι
1688 5759 1779 5809 καὶ
1806 5763 1947 5811 κατά

370 5825 503 5952 ξὺν
538 5825 939 5893 πολιτεύονται,
965 5827 1027 5881 τὸ
1053 5828 1183 5899 περὶ
1220 5825 1503 5897 θεολογιας
1546 5827 1723 5899 μηδὲν.
1762 5832 1941 5899 λυμη-

371 5914 399 5947 ν
442 5912 616 5952 μενοι.

371 5912 616 5969 ναμενοι.

2049 4930 2198 5002 quod
2237 4929 2524 4999 contingat
2581 4943 2775 4984 omnes
2807 4929 3041 4983 virtutes
3094 4927 3196 4990 illi,
3250 4926 3525 4990 comitari,
3565 4934 3624 4980 et

2046 5039 2167 5078 eam
2195 5021 2352 5094 quasi
2387 5021 2625 5076 vivldam
2672 5029 2836 5090 atque
2877 5017 3150 5074 efﬁcacem
3178 5016 3435 5084 reddere,
3474 5027 3532 5073 et
3555 5019 3627 5072 il-

2046 5115 2117 5170 lis
2151 5129 2306 5168 meus
2335 5129 2431 5168 rex
2470 5119 2701 5167 ornatus
2750 5125 2870 5167 esse
2905 5110 3176 5164 videatur.
3239 5109 3307 5165 Et
3349 5119 3407 5164 tu
3451 5109 3619 5164 boni-

2053 5204 2201 5265 tatis,
2239 5202 2597 5257 humanitatis
2634 5212 2688 5256 et
2739 5202 3129 5257 misericordiae
3159 5216 3412 5271 quarens
3443 5204 3625 5271 speci-

2055 5298 2226 5361 mina,
2260 5312 2331 5351 ne
2362 5295 2484 5351 illas
2513 5309 2775 5351 sermone
2829 5295 3299 5363 comprehendere
3368 5309 3630 5365 perseve-

2053 5404 2162 5443 res.
2206 5388 2311 5444 Sed
2344 5388 2482 5442 vade
2545 5387 2613 5443 ad
2649 5401 2922 5453 carceres,
2948 5397 3004 5442 et
3069 5388 3142 5443 lbi
3172 5403 3238 5441 ex
3270 5387 3447 5443 oculis
3473 5387 3622 5459 quod

2053 5481 2258 5552 quaeris
2292 5481 2476 5537 edisce
2510 5498 2527 5538 :
2565 5482 2687 5536 vide
2722 5481 2940 5538 vinctos
2991 5498 3021 5536 a
3061 5480 3302 5538 vinculis
3330 5482 3619 5548 liberatos,

2126 5620 2249 5694 (25)Δ
2283 5618 2847 5694 Tangit_hlicliaeletit
2908 5620 3269 5694 Palaeologum
3314 5622 3410 5694 qui
3473 5623 3627 5675 Κων-

2061 5689 2340 5750 σταντίνος
2468 5689 2606 5762 Ngo;
2646 5689 2824 5745 fuerat
2867 5689 3627 5762 cognominatus,'quemqne

2050 5762 2144 5815 illo
2171 5761 2496 5827 cognomine
2516 5760 2634 5829 ipse
2654 5762 2969 5829 appellavit.
3003 5761 3193 5817 Glossa
3218 5763 3269 5816 in
3299 5760 3401 5819 cod
3447 5764 3623 5818 1510·

2051 5834 2221 5902 Ὅρα·
2256 5832 2587 5895 κολακείαςὶ
2629 5834 2719 5885 τὸν
2760 5833 2892 5886 Νέον
2927 5832 3368 5889 Κωνσταντίνονι
