3894 6460
316 442 423 508 411

1276 445 1604 509 GEORGII
1638 447 1896 511 CYPRII
1928 451 2035 514 cr.
2077 451 2593 549 mmmam/tt

3478 454 3583 523 412

315 561 441 618 vide
466 561 519 615 in
552 558 683 616 leno
720 569 778 616 et
808 558 862 615 in
894 559 1251 616 mendicitate
1290 562 1534 626 iacentes
1588 572 1644 616 et
1697 565 1891 615 vulne-

1998 568 2090 620 καὶ
2153 567 2370 636 δεσμῶν
2429 569 2778 636 ἀνειμένους,
2847 568 2923 622 ῖδε
2960 569 3086 635 τοὺς
3124 571 3182 623 ἐν
3217 570 3422 643 σιδήρῳ
3481 576 3576 631 καὶ

315 665 485 714 ratos,
521 651 777 706 dimissos
799 666 923 705 esse
965 652 1019 705 in
1083 651 1403 706 libertatem
1455 662 1511 706 et
1559 653 1894 708 consolatus.

315 743 471 800 Tunc
503 753 768 815 praeterea
800 744 1020 798 exsules
1056 753 1365 807 revocatos,
1400 752 1456 799 et
1505 745 1631 799 illos
1661 745 1900 798 redeun-

318 845 402 891 tes
430 836 524 907 qui
571 837 911 907 praetimere
975 835 1032 889 in
1073 836 1286 890 deserta
1340 835 1488 891 invia
1541 836 1755 907 depulsi
1790 837 1902 891 fue-

318 941 462 983 rant.
489 928 599 984 Nec
625 932 735 997 jam
768 929 1114 998 angustiores
1146 931 1221 1000 (α)
1258 938 1388 984 sunt
1418 932 1683 986 custodiae
1726 932 1896 993 aedes.

314 1033 420 1072 nec
445 1020 761 1075 cohabitant
784 1034 907 1074 cum
940 1021 1074 1076 ieris
1101 1021 1194 1091 qui
1237 1022 1491 1093 patriam:
1520 1024 1756 1094 fugiunt,
1795 1039 1901 1079 nec

317 1126 499 1181 parvae
527 1111 697 1182 {Egerii
727 1114 920 1169 iusulm
952 1130 1088 1184 quas
1115 1115 1300 1170 nullus
1340 1116 1507 1171 homo
1560 1130 1786 1188 propter
1817 1121 1901 1174 in-

317 1205 764 1261 commoditatem
842 1208 1109 1272 incoluit,
1176 1210 1245 1263 ab
1316 1208 1638 1266 hominibus
1695 1214 1901 1281 qualis-

318 1312 540 1367 cunque
576 1298 947 1354 damnationis
1003 1315 1172 1355 causa
1224 1301 1487 1357 demissis
1528 1316 1897 1373 crcupantur.

318 1388 519 1459 Aspice
547 1407 763 1446 mecum
792 1404 848 1448 et
882 1392 1204 1449 facultatum
1233 1395 1554 1465 largitiones
1569 1407 1624 1451 et
1644 1398 1901 1453 liberales

317 1482 781 1551 cendonationes;
813 1502 923 1540 non
965 1488 1221 1555 equidem
1268 1487 1626 1544 adulantibus
1655 1502 1750 1544 aut
1788 1492 1900 1547 alio

319 1576 482 1630 modo
511 1579 788 1648 corruptis
813 1579 1134 1636 hominibus
1160 1581 1356 1647 factas,
1390 1583 1485 1638 sed
1517 1583 1901 1655 indigentibus

286 1682 290 1685 ‘
316 1679 374 1724 et
402 1670 583 1742 dignis
616 1673 709 1742 qui
740 1690 833 1729 eas
864 1675 1158 1744 accipiant.
1198 1678 1402 1747 Aspice
1454 1691 1691 1741 mecum,
1722 1683 1767 1735 si
1792 1683 1899 1751 jn-

317 1762 525 1817 stitiam
579 1765 723 1821 illius
755 1766 1090 1835 exploratam
1138 1770 1344 1826 habere
1370 1772 1532 1830 velis.
1575 1771 1901 1840 publicano-

317 1871 442 1910 rum
496 1857 982 1925 inhumanitatem,
1060 1872 1119 1917 et
1173 1874 1495 1919 exacturum
1539 1870 1894 1937 asperitatem

316 1948 488 2007 fuisse
515 1954 801 2009 abolitam.
858 1956 1064 2027 Aspice
1098 1959 1290 2023 etiam,
1328 1959 1375 2014 si
1405 1960 1508 2027 vis,
1546 1962 1751 2032 scripta
1808 1964 1894 2017 in-

311 2041 458 2111 justa
488 2053 544 2098 et
572 2044 789 2101 libellos
820 2046 1122 2106 dilacerata
1155 2067 1169 2103 :
1206 2051 1392 2106 nullus
1436 2068 1502 2108 ex
1541 2053 1627 2108 his
1663 2054 1759 2123 qui
1787 2054 1898 2109 ini-

315 2147 421 2202 qua
458 2135 704 2190 scribunt
732 2136 906 2193 libere
945 2140 1224 2209 loquitur;
1254 2143 1437 2198 nullus
1486 2146 1671 2214 prodit
1720 2150 1897 2217 hypo-

316 2228 477 2290 crita,
504 2235 581 2295 et,
612 2229 656 2284 si
693 2229 875 2286 forsan
905 2233 1130 2299 audeat,
1189 2251 1298 2290 non
1337 2237 1638 2294 laetabitur.
1697 2240 1894 2296 Nullus

313 2319 587 2377 exitiosus
631 2322 798 2377 homo
840 2325 909 2379 ad
951 2341 1178 2382 munera
1211 2328 1431 2399 publica
1493 2332 1734 2402 abrepit,
1789 2350 1895 2390 nec

315 2415 452 2469 emit
485 2416 695 2472 divitiis
754 2418 1083 2490 sibimetipsi
1112 2421 1204 2492 jus
1256 2424 1569 2493 peculatum
1622 2426 1884 2494 faciendi,

316 2517 400 2573 ut,
432 2511 901 2579 quemadmodum
964 2514 1043 2568 ait
1098 2513 1413 2583 Scriptura,
1460 2517 1619 2586 plebe
1656 2519 1889 2588 spoliata

314 2616 381 2655 ex
419 2601 654 2671 publicis
685 2603 1094 2661 calamitatibus
1128 2607 1414 2678 preprium
1446 2608 1659 2664 lucrum
1692 2610 1891 2677 faciat;

315 2693 577 2763 quoniam
610 2694 701 2751 ille
741 2698 894 2754 solus
917 2699 1085 2754 audet
1122 2700 1187 2753 ad
1231 2717 1412 2770 regem
1448 2704 1894 2773 apprOpinquare

315 2787 443 2842 etei
480 2791 817 2852 ministrare.
849 2791 967 2860 qui,
996 2802 1057 2845 ut
1092 2793 1287 2862 psalmi
1318 2794 1503 2848 verbis
1529 2804 1672 2856 utar.
1711 2794 1767 2849 in
1803 2798 1895 2851 via

315 2879 663 2937 immaculata
702 2883 968 2947 ambulat,
993 2885 1087 2953 qui
1107 2886 1392 2942 veritatem
1424 2887 1478 2942 in
1510 2888 1679 2945 corde
1710 2889 1897 2961 loqui-

315 2982 428 3039 tur,
465 2983 521 3031 et
556 2992 665 3030 non
713 2976 906 3031 habuit
934 2977 1120 3033 dolum
1182 2977 1238 3033 in
1298 2979 1482 3048 lingua
1544 2996 1667 3049 sua,
1726 2994 1895 3053 atque

314 3067 627 3137 proximum
689 3085 799 3124 non
833 3070 1116 3136 detraxit;
1170 3070 1264 3141 qui
1324 3080 1508 3127 autem
1541 3075 1594 3128 in
1635 3074 1741 3129 viis
1773 3077 1893 3147 ejus

313 3175 607 3230 perversos
634 3171 718 3217 est
761 3162 1031 3234 etiniqna
1066 3161 1229 3217 simul
1259 3165 1372 3234 agit
1414 3174 1582 3233 atque
1617 3166 1887 3236 loquitur,

2004 658 2250 729 πτωχείᾳ
2285 659 2632 728 καθημένους
2667 660 2764 713 καὶ
2808 661 3275 731 τεθραυσμένους,
3307 665 3585 718 ἀπεσταλ-

2005 750 2199 816 μένους
2232 750 2290 803 iv
2328 750 2521 820 ἀφέσει
2562 753 2657 805 καὶ
2693 752 3245 825 παρακεκλημένους.
3271 754 3416 826 Ὅρα
3443 756 3583 826 πρὸς

2000 835 2214 904 τούτοις
2245 844 2339 897 καὶ
2360 844 2695 917 ἀνακλήσεις
2725 847 2837 900 τῶν
2880 849 2940 900 έν
2977 847 3275 919 ὑπερορίᾳ,
3307 851 3407 903 καὶ
3443 851 3584 905 καθ-

2001 930 2153 992 όδους
2174 931 2284 984 τῶν
2315 932 2451 1006 πρὸς
2477 934 2716 1005 ἐρήμους
2740 935 2829 989 διά
2861 935 3028 1004 φόϐον
3056 937 3412 1001 ὲξωσθὲντων
3440 939 3581 994 ἀδά-

2001 1040 2147 1084 τους.
2180 1025 2295 1077 Οὐκ
2346 1025 2424 1079 ἔτι
2459 1028 2923 1098 στενοχωροῦνται
2958 1029 3212 1099 φυλακῆς
3243 1025 3409 1098 οἴκοι,
3456 1032 3580 1086 οὐδὲ
3622 1016 3627 1021 ’

2005 1115 2418 1170 συνδιαιτῶνταί
2437 1135 2578 1181 τινες
2601 1119 2811 1190 θηρίοις
2838 1122 3136 1190 φεύγοντες
3162 1124 3259 1186 τὰς
3285 1125 3581 1193 πατρίδας,

2002 1201 2143 1265 οὐδὲ,
2171 1202 2207 1257 θ.
2245 1204 2434 1274 μηδεὶς
2464 1204 2655 1277 ᾤκησε
2711 1207 2782 1261 δι’
2824 1211 3157 1281 ἀχρηστίαν,
3209 1212 3305 1267 τοῦ
3348 1215 3580 1284 Δίγαίου

2001 1291 2215 1361 νησίδια
2237 1295 2346 1356 τοῖς
2385 1295 2447 1348 ὲκ
2502 1298 2884 1368 κατακρίσεως
2917 1301 3251 1372 οίασδήποτε
3308 1306 3585 1376 πεμφθεῖ-

2003 1402 2088 1437 σιν
2115 1384 2429 1456 ἀνθρὼποις
2452 1390 2790 1453 πολίζονται.
2820 1392 2995 1447 Βλέπε
3027 1394 3091 1465 δή
3120 1414 3214 1465 μοι
3240 1398 3339 1453 καὶ
3366 1403 3587 1470 χρημά-

2000 1494 2110 1530 των
2143 1477 2409 1549 διανομὰς
2435 1482 2529 1535 καὶ
2561 1484 2827 1554 χορηγίας
2862 1486 3134 1554 ἀφθόνους
3165 1489 3226 1542 οὐ
3266 1490 3455 1557 κόλαξι
3486 1493 3586 1546 καὶ

2000 1570 2178 1635 ἄλλως
2228 1572 2655 1644 διεφθαρμένοις
2692 1574 3029 1645 ἀνθρώποις,
3062 1580 3176 1643 τοῖς
3203 1580 3261 1633 δέ
3290 1597 3394 1634 που
3450 1582 3586 1654 χρῄο

2001 1664 2153 1729 ζουσι
2181 1665 2469 1737 διδομένας
2510 1666 2606 1720 καὶ
2644 1668 2819 1731 ἀξίοις
2864 1668 3071 1721 λαϐεῖν.
3117 1669 3294 1724 Βλέπε
3346 1689 3458 1739 μοι,
3486 1675 3581 1725 ὲάν

2000 1775 2063 1824 γε
2099 1759 2191 1811 καὶ
2214 1758 2567 1830 δικαιοσύνης
2619 1759 2804 1814 πίστιν
2854 1760 3043 1832 ἐθέλῃς
3092 1762 3303 1829 λαϐεῖν,
3334 1764 3584 1818 τελωνῶν

2000 1850 2401 1921 ἀπανθρωπέαν
2431 1854 2527 1905 καὶ
2584 1853 2898 1924 φορολόγων
2947 1856 3398 1925 καταργηθεῐσαν
3427 1858 3580 1928 ὠμό-

1999 1959 2156 2013 τητα.
2182 1944 2356 1997 Βλέπε
2391 1945 2485 1998 καὶ
2526 1945 2854 2016 συγγραφὴν
2890 1947 3103 2009 ἄδικον,
3161 1950 3211 2001 εί
3272 1951 3328 2001 δὲ
3365 1943 3575 2020 βούλει,

2000 2036 2091 2089 καὶ
2112 2037 2439 2108 ἀναγραφὴν
2483 2038 2934 2092 διασπασθεῖσαιν
2961 2041 3133 2103 οὐδεὶς
3152 2042 3381 2113 γράφων
3402 2044 3580 2113 ἀνομα

2000 2129 2479 2200 παρρησιάζεται·
2536 2132 2714 2195 οὐδεὶς
2773 2136 3143 2203 προσέρχεται
3199 2139 3570 2207 συκοφάντης,

2000 2222 2105 2274 κᾶν
2136 2222 2386 2293 τολμήσῃ
2437 2223 2592 2286 ποτὲ,
2638 2224 2718 2276 .ού
2774 2225 3052 2293 χαιρήσει.
3106 2225 3295 2290 Οὐδεὶς
3356 2227 3577 2297 λυμεὼν

1999 2312 2286 2386 ἄνθρωπος
2343 2318 2422 2379 είς
2479 2315 2826 2385 λειτουργίαν
2881 2314 3149 2386 δημῶσιον
3203 2320 3571 2388 παραδύεται,

1998 2406 2110 2461 οὐδ’
2134 2408 2316 2479 ἐαυτῷ
2349 2410 2650 2479 χρημάτων
2680 2411 3007 2480 εἰσπράξεις
3036 2409 3285 2476 ὠνεῖται,
3313 2412 3381 2466 ἵν’
3411 2413 3439 2466 ὅ
3467 2430 3574 2483 φηο

2001 2517 2089 2555 σιν
2139 2504 2172 2573 ἡ
2210 2502 2427 2573 Γραφὴ,
2459 2502 2551 2556 τὸν
2588 2502 2719 2556 λαὸν
2753 2502 3177 2574 καλαμὼμενος,
3209 2506 3399 2575 κέρδος
3447 2506 3580 2560 ἴδιον

1997 2594 2219 2664 ποιῆται
2280 2595 2379 2658 τὰς
2435 2596 2623 2658 κοινὰς
2673 2597 2985 2665 συμφορὰς,
3038 2596 3160 2648 ἐπεὶ
3193 2597 3351 2667 μόνος
3389 2598 3567 2669 τολμᾷ

1996 2690 2075 2759 τῷ
2105 2689 2317 2759 βασιλεῖ
2350 2690 2634 2760 προσιέναι
2675 2691 2771 2742 καὶ
2817 2692 3173 2761 λειτουργεῖν,
3202 2691 3371 2756 ὅστις,
3429 2693 3575 2747 κατὰ

1996 2784 2088 2836 τὸν
2118 2783 2350 2852 ψαλμὸν,
2388 2786 2446 2836 έν
2495 2783 2598 2852 ὁδῷ
2629 2782 2849 2853 ἀμώμῳ
2887 2784 3209 2854 πορεύεται,
3270 2786 3418 2849 ὅστις
3446 2786 3579 2856 ἀλή-

1997 2875 2152 2929 θειαν
2182 2876 2240 2927 ἐν
2260 2876 2457 2947 καρδίᾳ
2489 2876 2663 2939 λαλεῖ,
2697 2877 2790 2929 καὶ
2823 2879 2925 2929 οὒκ
2958 2876 3221 2930 ὲδόλωσεν
3274 2878 3331 2930 ὲν
3356 2878 3580 2951 γλώσσῃ

1997 2966 2164 3020 αὐτοῦ
2191 2968 2401 3021 καὶτοῦ
2427 2967 2657 3037 πλησίον
2685 2968 2746 3021 οὐ
2774 2967 3113 3038 κατελάλησε
3135 2984 3149 2999 ’
3181 2970 3209 3022 δ
3240 2968 3294 3021 δὲ
3323 2969 3580 3039 διαστρέ-

1997 3077 2114 3128 φων
2172 3062 2231 3114 ὲν
2288 3063 2404 3124 ταῖς
2460 3061 2603 3123 ὁδοῖς
2660 3059 2852 3124 αὑτοῦ,
2884 3061 2981 3115 καὶ
3018 3059 3135 3129 ἅμα
3187 3062 3576 3130 πράττωνκαὶ

1996 3151 2375 3222 φθεγγόμενος
2430 3155 2614 3217 ἄδικα,
2650 3152 2774 3207 οὔτε
2830 3155 3166 3206 κατεύθυνεν
3197 3154 3428 3208 ἐνώπιον
3463 3156 3574 3209 τῶν

312 3267 425 3306 non
454 3253 654 3308 direxit
695 3255 749 3308 in
803 3262 1105 3324 conspectu
1136 3254 1423 3310 oculorum
1452 3258 1594 3327 ejus,
1645 3273 1747 3311 nec
1779 3274 1882 3310 un-

1998 3245 2294 3316 ὀφθαλμῶν
2319 3248 2507 3313 αὑτοῦ,
2546 3246 2664 3302 οὔτ’
2686 3249 2748 3301 οὐ
2782 3248 2996 3318 μήποτε
3029 3249 3357 3320 κατευθύνῃ.
3382 3249 3574 3313 Οὕτως

312 3358 478 3413 quam
512 3344 733 3414 diriget.
766 3344 845 3401 Ita
900 3361 991 3399 rex
1052 3361 1149 3414 per
1200 3347 1635 3401 misericordiam
1669 3357 1724 3403 et
1747 3349 1896 3418 judi-

308 3438 458 3492 cium
492 3438 779 3508 proprium
811 3437 1070 3493 thronum
1107 3441 1321 3508 paravit
1357 3450 1414 3494 ct
1447 3440 1598 3494 dedit
1632 3441 1725 3496 ille
1768 3457 1896 3512 pro-

312 3532 637 3602 speritatem
666 3551 679 3586 :
715 3533 905 3603 itaque
943 3543 1000 3587 et
1034 3534 1274 3603 populus
1305 3537 1476 3588 miser
1507 3533 1587 3588 illi
1612 3534 1894 3591 benedicit

309 3636 365 3680 et
396 3626 560 3682 urbes
580 3627 892 3695 iniquorum
927 3625 1213 3680 hominum
1265 3626 1577 3681 celebrant.

382 3719 586 3791 Regem
650 3728 1093 3791 autem.pra:ter
1127 3720 1266 3774 alias
1333 3719 1517 3783 dotes.
1572 3720 1895 3792 disciplinas

308 3814 476 3868 etiam
505 3814 708 3871 colere.
735 3816 861 3884 quis
883 3814 1138 3883 ignorat?
1161 3813 1455 3884 Sapientia:
1472 3812 1622 3868 enim
1647 3814 1893 3869 fervidus

306 3916 395 3961 est
422 3917 636 3960 amator
660 3917 714 3960 et
744 3915 1036 3976 propterea
1067 3905 1453 3976 philosophus.
1482 3907 1601 3963 Non
1634 3906 1890 3977 equidem

305 4015 405 4069 per
433 4015 497 4055 ea
526 4016 648 4070 qua:
678 4000 812 4055 dicit
838 4000 917 4069 (et
970 3999 1216 4069 profecto
1279 3999 1533 4055 mirando
1566 4001 1722 4067 dicit,
1762 4016 1890 4056 cum

305 4092 473 4149 altam
507 4094 561 4147 in
593 4109 706 4148 sua:
731 4095 1014 4149 senectutis
1046 4092 1396 4162 prudentiam
1430 4094 1657 4149 volubili
1712 4104 1768 4151 et
1798 4111 1891 4150 ex-

308 4187 493 4257 pedita
518 4186 702 4254 lingua
742 4196 867 4255 apte
897 4185 1061 4240 simul
1083 4202 1146 4240 ac
1164 4186 1311 4240 clare
1330 4186 1631 4252 exhibeat),
1661 4188 1755 4241 sed
1784 4202 1888 4257 per

306 4279 425 4334 haec
454 4280 657 4347 quibus
679 4288 845 4333 navat
880 4292 1105 4348 operam
1134 4292 1255 4333 sese
1276 4278 1665 4348 philosophum
1686 4279 1885 4349 aperit,

305 4376 363 4428 in
391 4372 662 4441 sapientia
716 4370 975 4437 vivendo,
1010 4372 1106 4426 ira:
1163 4369 1507 4441 imperando,
1567 4370 1620 4424 in
1653 4386 1885 4440 prospe-

304 4469 470 4521 ritate
521 4464 627 4520 sibi
685 4464 1067 4534 tcmperando,
1117 4463 1171 4518 in
1235 4464 1483 4519 adversis
1530 4466 1881 4530 confidendo,

301 4558 707 4630 magnanimem
741 4557 794 4611 in
820 4557 1247 4619 calamitatibus.
1278 4573 1335 4613 se.
1359 4558 1692 4627 praestando,
1714 4559 1886 4612 multo

1994 3341 2025 3393 δ
2049 3341 2299 3411 βασιλεὺς
2322 3342 2391 3395 δι’
2424 3342 2576 3395 ἐλέου
2599 3342 2695 3394 καὶ⁸
2723 3341 2961 3412 κρίσεως
2988 3343 3086 3412 τὴν
3113 3342 3434 3403 έτοιμασίαν
3464 3343 3573 3397 ιτοῦ

1994 3433 2199 3486 οἰκείου
2256 3435 2491 3487 ποιεῖται
2549 3432 2742 3503 θρόνου
2803 3433 2897 3487 καὶ
2922 3435 3024 3506 τὴν
3073 3435 3575 3507 κατόρθωσινοδιά

1994 3523 2154 3578 τοῦτο
2189 3526 2283 3577 καλ⁵
2308 3526 2339 3578 ὁ
2360 3525 2488 3588 λαὸς
2512 3525 2677 3579 αὑτὸν
2709 3527 2737 3579 ὁ
2772 3526 2992 3595 πτωχὸς
3028 3525 3366 3595 εὐλογεῖκαὶ
3392 3526 3578 3590 πόλεις

1994 3614 2300 3688 ἀνθρώπων
2325 3617 2701 3686 ἀδικουμένων
2731 3617 2997 3673 αίνοῦσιν.

2066 3712 2267 3766 "One:
2302 3711 2397 3765 καὶ
2434 3715 2569 3782 πρὸς
2606 3716 2720 3777 τοῖς
2757 3712 2939 3775 ἄλλοις
2968 3713 3159 3774 καλοῖς
3195 3716 3288 3768 καὶ
3314 3717 3453 3787 τιμᾷ
3484 3716 3574 3769 M-

1993 3822 2119 3873 γους
2146 3804 2513 3873 διαφερόντως
2549 3807 2577 3858 δ
2634 3804 2911 3874 βασιλεὺς,
2968 3807 3055 3867 τίς
3101 3807 3330 3873 ἀγνοεῖς
3381 3809 3572 3877 σοφίας

1991 3898 2102 3967 γὰρ
2127 3897 2390 3968 διάπυρος
2414 3898 2654 3968 ἐραστής
2691 3899 2830 3963 ἐστι,
2856 3898 2951 3950 καὶ
2970 3898 3060 3952 διὰ.
3083 3900 3239 3954 τοῦτο
3263 3902 3574 3968 φιλόσοφος.

1991 3996 2107 4049 Ούκ
2129 3995 2186 4059 ἐξ
2237 3991 2312 4048 ῶν
2338 3993 2401 4057 δὴ
2438 3993 2586 4062 λέγει
2635 3992 2837 4062 (καίτοι
2892 4009 2954 4060 γε
3007 3993 3339 4063 θαυμαστῶς
3400 3994 3569 4063 λέγει,

1988 4088 2050 4141 τὸ
2075 4086 2211 4158 βαθὺ
2239 4087 2339 4155 τῆς
2366 4087 2556 4148 πολιᾶς
2584 4084 2747 4138 αὐτοῦ
2777 4083 2916 4155 (23')
2955 4084 3138 4156 νόημα
3179 4086 3422 4156 εὑτρόχῳ
3478 4088 3575 4141 καὶ⁸

1990 4182 2378 4250 ἀνεμποδίστῳ
2428 4180 2647 4250 γλώττῃ
2695 4177 2935 4249 διαρκῶς
2991 4176 3109 4248 ἅμα
3167 4182 3265 4232 καὶ
3312 4181 3575 4251 καθαρῶς

1989 4253 2356 4343 ἑρμηνεύων),
2386 4269 2502 4324 ἀλλ’
2526 4263 2608 4332 οἷς
2658 4268 2968 4338 ἐπιτηδεύει
2999 4267 3078 4327 ,τὸ
3138 4268 3431 4338 φιλόσοφον
3484 4272 3573 4323 ὲν-

1989 4365 2379 4432 δεικνύμενος,
2427 4365 2751 4434 σωφροσύνη
2805 4362 3007 4428 συζῶν,
3075 4363 3295 4434 κρατῶν
3351 4355 3580 4434 θυμοῦ,

1991 4458 2305 4530 μετριάζων
2328 4461 2384 4511 ὲν
2415 4457 2765 4527 εὐπραγίαις,
2798 4457 3083 4527 εὐθαρσῶν
3121 4458 3178 4509 ὲν
3238 4459 3350 4520 τοῖς
3406 4460 3564 4511 ὲναν·

1988 4550 2567 4622 τίοις,μεγα)οψυχῶν
2595 4549 2687 4601 ἐπὶ
2743 4550 2855 4611 τοῖς
2911 4549 3225 4618 δνσφὸροις,
3288 4548 3391 4602 κάν
3447 4552 3569 4613 ταῖς

302 4655 491 4724 potius
523 4652 593 4707 de
640 4651 842 4706 talibus
874 4651 1173 4706 virtutibus
1214 4663 1473 4720 oportere
1506 4652 1731 4723 gloriari
1797 4669 1884 4706 ra-

1998 4645 2272 4705 τοιαύταις
2301 4643 2409 4697 τῶν
2436 4642 2649 4712 ἀρετῶν
2702 4641 2840 4694 πολὺ
2911 4641 3115 4711 μᾶλλον
3169 4640 3414 4707 οἰόμενος
3456 4641 3568 4692 δεῖν

300 4760 417 4810 tus.
441 4764 606 4820 quam
642 4746 710 4802 de
753 4747 901 4817 regia
934 4755 1200 4816 potestate
1230 4754 1285 4799 et
1315 4746 1467 4799 orbis
1497 4744 1730 4812 imperio
1760 4760 1882 4799 sese

292 4845 534 4915 jactare.
577 4840 859 4899 Meliorem
905 4837 1246 4894 reddendum
1290 4852 1411 4891 esse
1443 4835 1882 4903 delinquentem,

300 4954 417 4992 non
475 4946 660 4990 autem
712 4931 1101 5002 perimendum
1158 4938 1278 4983 erat
1333 4927 1558 4997 quidem
1625 4925 1881 4995 Spartani

300 5030 542 5100 Agesilai
600 5026 834 5092 dictum,
897 5036 1051 5077 tuum
1125 5036 1256 5074 vero
1312 5036 1473 5090 opus.
1560 5018 1679 5072 Non
1732 5018 1881 5097 enim

298 5139 457 5180 amas
492 5114 684 5192 pinnas
710 5128 769 5176 et
801 5119 1061 5173 damnum
1112 5114 1325 5180 inferri,
1359 5114 1403 5168 si
1437 5114 1562 5183 quis
1589 5112 1887 5182 deliquerit

297 5228 361 5273 et
398 5218 585 5285 lapsus
617 5213 804 5277 fuerit,
837 5211 935 5266 sed
970 5208 1365 5271 benefaciendo
1399 5206 1576 5261 vincis
1634 5209 1885 5275 pravita-

305 5322 438 5373 tem,
464 5319 522 5363 et
553 5316 792 5362 mentem
818 5303 1098 5357 licneticiis
1115 5300 1530 5364 convertis,scd
1558 5300 1882 5355 violentiam

304 5416 555 5458 rcmuvcs
583 5409 638 5455 et
673 5413 783 5452 non
816 5411 1105 5466 pinnarum
1135 5396 1331 5448 timore
1347 5406 1591 5446 coerces.
1616 5392 1883 5448 Juvenem

299 5510 486 5564 regem
537 5507 635 5562 sap
660 5500 866 5553 entent,
934 5488 1364 5557 magnanimum,
1395 5494 1629 5556 gratum,
1674 5486 1885 5552 mitem,

304 5587 601 5644 docibilem
654 5598 712 5638 et
766 5595 1080 5645 strenuum,
1141 5590 1370 5634 caeteros
1429 5580 1633 5649 eligere
1692 5593 1757 5632 ac
1805 5578 1883 5631 illi

300 5685 433 5739 dare
486 5678 680 5750 poscit,
726 5677 877 5731 ﬁlius
921 5674 1197 5731 Aristonis
1247 5672 1425 5738 Plato,
1480 5688 1602 5742 quae
1640 5670 1886 5726 invenire

374 5830 449 5875 (ai
495 5816 662 5875 Vide.
706 5815 750 5868 si
802 5815 973 5872 libet.
1029 5811 1320 5885 Synesinzn
1390 5813 1441 5861 in
1502 5808 1752 5885 oratione
1816 5808 1888 5861 lle

302 5893 503 5963 Ilrgno,
537 5891 625 5943 ubi
672 5881 1086 5956 tlti'osopltiatu
1146 5883 1255 5954 regi
1292 5896 1414 5937 esse
1446 5881 1737 5951 perutilctn
1777 5889 1887 5933 sta-

299 5978 458 6020 tuctc
506 5971 759 6017 conatur.

1990 4740 2233 4809 φρονεῖν.
2272 4738 2305 4809 ἢ
2348 4737 2440 4790 ἐπὶ
2458 4740 2522 4805 τῇ
2552 4733 2805 4806 βασιλείᾳ
2852 4736 2942 4787 καὶ
2968 4732 3048 4802 τῷ
3074 4732 3181 4784 τῶν
3207 4732 3344 4784 ὅλων
3375 4731 3573 4803 κράτει-

1991 4832 2378 4900 σεμνύνεσθαι.
2446 4829 2734 4893 ’Ᾱμείνονα
2793 4826 2884 4879 τὸν
2932 4823 3319 4895 ἁμαρτάνοντα
3370 4823 3571 4892 χρῆναι

1990 4928 2183 4988 ποιεῖν,
2215 4922 2330 4978 ἀλλ’
2365 4922 2463 4973 οὐκ
2496 4921 2806 4989 ἀφανίζειν,
2879 4917 3210 4988 Ἀγησιλάου
3260 4917 3361 4985 μὲν
3416 4916 3573 4982 λόγος

1988 5019 2079 5070 τοῦ
2120 5016 2489 5086 Σπαρτιάτου,
2546 5012 2640 5065 σού
2686 5013 2763 5077 δὲ,
2819 5008 3064 5082 βασιλεῦ,
3113 5003 3306 5078 ἔργον·
3352 5007 3411 5060 ού
3463 5008 3574 5076 γὰρ

1990 5111 2166 5180 φιλεῖς
2192 5111 2258 5179 γέ
2287 5129 2400 5171 πως
2432 5108 2741 5177 ἀμύνεσθαι
2781 5105 2872 5158 καὶ
2909 5103 3194 5173 βλάπτειν,
3224 5102 3289 5156 ἄν
3337 5120 3421 5164 τις
3454 5099 3574 5169 ἡδί-

1989 5202 2215 5273 κηκενῆ
2246 5205 2710 5271 προσκέκρουκεν,
2741 5197 2856 5251 ἀλλ’
2890 5192 2949 5248 εὖ
2980 5196 3150 5248 ποιῶν
3177 5195 3431 5266 περιγίνῃ
3469 5196 3571 5259 τῆς

1990 5295 2275 5365 πονηρίας,
2301 5299 2391 5347 καὶ
2421 5296 2734 5364 μεταπνμιεῖς
2772 5292 3116 5363 εὐεργεσίαις
3162 5288 3261 5360 τὴν
3316 5289 3566 5356 γνώμην,

1988 5389 2050 5443 τδ
2107 5389 2372 5457 δυσμενὲς
2432 5386 2827 5456 μεταϐάλλων,
2881 5387 3003 5456 οὐχὶ
3059 5382 3361 5438 συστέλλων
3417 5380 3568 5451 ipsi?

1989 5484 2287 5539 κολάσεων.
2316 5482 2453 5537 Νέον
2468 5483 2559 5535 τὸν
2587 5481 2815 5551 βασιλέα
2839 5479 3113 5549 σώφρονα,
3145 5472 3565 5545 μεγαλοπρεπῆ,

1993 5578 2269 5647 μνήμονα,
2306 5577 2504 5647 πρᾶον,
2554 5573 2767 5644 εὐμαθῆ
2821 5575 2916 5626 καὶ
2957 5572 3225 5640 ἀνδρεῖον,
3258 5568 3482 5620 Πλάτων
3538 5566 3567 5618 ὁ

2004 5669 2326 5739 Ἀρίστωνος
2351 5671 2477 5731 τοὺς
2500 5669 2695 5729 ἄλλους
2734 5664 3060 5732 ἐκλέξασθαι
3083 5664 3178 5716 καὶ
3231 5659 3378 5729 αὐτῷ
3435 5657 3573 5709 διδὶ-

2065 5808 2199 5874 (23⁸)
2234 5804 2398 5875 11ολιά
2456 5803 2665 5855 dictum
2717 5811 2801 5854 est
2832 5808 3090 5875 reaper-tu
3136 5796 3459 5875 Διιιοιιιίιιηιὶίιε
3501 5808 3568 5875 ac

1993 5867 2294 5944 sapzcn'tize.
2348 5873 2476 5927 Erat
2512 5876 2659 5926 enim
2724 5873 3074 5944 Andronicus
3132 5867 3565 5944 juventszconl'.

1996 5938 2271 6016 quw'mux
2300 5945 2447 6002 dicet
2478 5956 2684 6009 orator,
2716 5950 2831 6006 vso;
2867 5941 2966 6011 μὲν
3002 5941 3107 6010 γὰρ
3134 5938 3360 6001 οὶτος...
