3894 6366
258 363 367 428 415

1227 371 1557 433 GEORGII
1594 371 1846 433 CYPRII
1893 372 2002 432 (ΣΡ.
2051 371 2575 433 ΡΑΤΒΙΑΒΟΗΑΕ

3436 370 3544 436 416

261 482 405 539 tnit:
453 493 645 548 magna
681 479 827 535 unde
863 479 940 535 illi
977 496 1100 536 cum
1131 480 1355 540 Christo
1384 494 1587 553 tropaea
1624 501 1840 541 necnon
1874 506 1893 543 ι

1996 485 2094 550 έγα
2152 485 2296 538 κατά
2354 485 2594 539 θανάτου
2652 484 2916 554 τρόπαιον
2970 485 3189 553 ἔστησε,
3243 485 3350 538 τῶν
3406 488 3546 552 μετά

263 572 503 629 hostium
536 574 752 629 eversio
801 575 949 630 clare
976 578 1453 647 praenuntiantur;
1492 582 1653 649 cuius
1682 582 1851 637 etiam

1996 575 2131 628 αὕτα
2160 575 2259 627 σὺν
2288 574 2510 647 Χριστῷ
2538 575 2792 643 μεγάλων
2815 575 2982 629 αὑτοῦ
3016 576 3296 644 τροπαίων
3324 579 3419 626 καὶ
3444 573 3549 643 τῆς

268 663 517 718 miranda
546 673 633 719 est
662 666 842 722 aetatis
896 667 1211 738 progressio
1244 669 1564 741 singularis,
1599 683 1851 742 prompta

265 770 331 810 ac
361 771 625 826 propera.
666 757 1040 830 idoneamque
1073 775 1370 832 praegressa
1410 771 1651 818 aetatem.
1688 764 1857 820 Mira-

268 849 422 904 tione
463 863 684 921 quoque
736 851 902 922 digna
938 862 1047 916 est.
1111 862 1226 908 tum
1285 865 1547 912 constans
1608 869 1665 914 et
1715 860 1857 918 bene

264 948 553 1007 compacta
590 950 650 997 ut
681 943 894 997 stabilis
929 944 1179 1013 corporis
1213 944 1306 999 illa
1356 949 1697 1015 consensio;
1732 952 1858 1007 talis

266 1031 507 1102 denique
553 1042 612 1089 ut
644 1036 996 1104 praisentires
1052 1036 1107 1091 in
1144 1037 1241 1092 illo
1291 1038 1712 1111 intelligentiam
1756 1044 1859 1098 im-

268 1124 412 1195 perii
452 1123 528 1180 illi
559 1126 891 1195 pertinentis
930 1137 1125 1184 natura
1162 1129 1473 1198 inductam,
1499 1148 1624 1203 qua:
1652 1150 1798 1191 nunc
1825 1151 1858 1191 a

271 1218 630 1286 excellenter,
663 1220 902 1287 fortiter,
934 1222 1192 1294 regaliter
1213 1223 1507 1295 disponere
1552 1227 1857 1296 compellit,

271 1317 331 1364 et
362 1309 418 1364 in
444 1310 625 1367 lucem
680 1314 950 1384 quidquid
992 1316 1163 1387 regali
1216 1326 1305 1372 est
1344 1317 1609 1387 proferat.
1665 1334 1860 1387 quem-

271 1400 570 1455 admodum
599 1410 655 1458 et
682 1404 933 1461 videmus
959 1405 1180 1464 leonum
1211 1409 1425 1463 catulos
1458 1408 1684 1463 omnino
1715 1409 1862 1466 leOni

271 1508 341 1547 ex
372 1493 611 1562 ingenita
650 1496 897 1567 ipsorum
928 1508 1125 1554 natura
1158 1499 1449 1562 exsistere,
1482 1509 1596 1554 tum
1627 1501 1722 1557 ille
1744 1502 1864 1557 ani-

275 1599 383 1639 mae
419 1585 663 1653 habitus,
702 1603 867 1658 quem
904 1601 1122 1660 gratum
1179 1602 1238 1646 et
1276 1605 1534 1646 serenum
1562 1592 1686 1645 visu
1724 1607 1864 1661 prae-

276 1676 392 1742 bet,
423 1679 551 1749 quia
582 1680 660 1735 illi
692 1690 1029 1739 commescet
1074 1682 1461 1754 prudentiam,
1517 1683 1677 1753 quasi
1707 1682 1867 1739 virile

277 1777 336 1823 et
367 1771 548 1826 nobile
584 1780 642 1826 et
668 1788 780 1827 non
810 1773 975 1829 fallax
1003 1774 1284 1831 ﬁrmitatis
1344 1775 1543 1831 anima:
1605 1776 1865 1831 testimo-

1958 668 2067 720 τῶν
2118 667 2330 739 ἐχθρῶν
2359 668 2717 732 καταλύσεως
2745 669 2935 737 σαφῶς
2967 667 3241 740 προδηλου
3252 667 3434 737 μένων
3467 667 3552 719 έν-

1957 757 2194 812 τεῦθενο
2226 759 2512 830 θαυμασία
2568 761 2680 831 δὲή
2735 760 2837 831 τῆς
2896 759 3115 831 ἡλικίας
3174 757 3405 829 πρόοδος
3460 756 3553 810 καὶ

1961 851 2275 923 ὑπερφυὴς,
2307 851 2561 923 ίθυτενὴς
2595 850 2729 905 οὖσα
2756 852 2848 904 καὶ
2879 851 3231 921 προήκουσα.
3274 847 3370 901 καὶ
3427 847 3555 916 χρό·

1962 963 2052 998 νον
2085 945 2366 1015 φθάνουσα
2421 947 2518 1001 τὸν
2570 944 2944 1017 προσήκοντα.
2992 944 3115 996 Ἐτι
3164 940 3222 995 δὲ
3274 939 3555 1009 θαύματος

1967 1037 2120 1104 ἄξιον
2148 1037 2209 1092 τὸ
2232 1038 2555 1109 ἐναρμόνιον
2609 1037 2702 1091 καὶ
2751 1036 2987 1108 βεϐηκὸς
3032 1035 3127 1088 καὶ
3165 1032 3408 1099 εὐπαγὲς
3462 1032 3556 1084 καί⁵

1965 1133 2254 1200 στάσιμον,
2281 1131 2442 1184 τοῦτο
2466 1131 2567 1201 μιν
2607 1127 2704 1183 τοῦ
2756 1131 3034 1200 σώματος,
3068 1127 3143 1191 ὡς
3170 1125 3414 1190 είκάζειν
3473 1124 3557 1176 αῐ-

1965 1223 2160 1289 σθησιν
2182 1223 2283 1293 τὴν
2312 1221 2479 1289 φύσιν
2527 1221 2626 1291 τῆς
2656 1217 3050 1291 προσηκούσης
3090 1217 3239 1286 αύτῴ
3279 1214 3559 1286 βασιλείας

1965 1313 2244 1368 λαϐοῦσαν
2269 1313 2449 1369 πάντα
2473 1313 2613 1383 πρὸς
2639 1314 2703 1367 τὸ
2755 1312 2985 1384 ὑψηλὸν,
3033 1310 3131 1363 καὶ
3185 1308 3414 1378 ἀρχικὸν
3466 1308 3560 1359 καὶ

1966 1404 2310 1476 ἀρρενωπὸν,
2351 1403 2787 1474 συναρμόζεσθαι
2809 1402 3270 1465 διαπλάττουσαν,
3299 1398 3396 1451 καὶ
3424 1413 3561 1465 προ-

1968 1497 2204 1565 αγαγεῖν
2230 1497 2313 1560 εῑς
2341 1495 2459 1566 φῶς
2488 1497 2610 1549 ὅλον
2640 1493 2940 1565 βασιλικὸν,
2964 1492 3189 1554 ὁποίους
3217 1492 3281 1559 δὴ
3310 1489 3407 1543 καὶ
3428 1489 3559 1549 τοὺς

1968 1588 2081 1641 τῶν
2123 1587 2356 1640 λεόντων
2390 1588 2610 1656 ὁρῶμεν
2631 1586 2907 1656 σκύμνους
2947 1583 3103 1645 ὅλους
3143 1577 3454 1641 λεοντώδεις
3505 1578 3566 1643 ὲξ

1970 1679 2141 1749 αὐτῆς
2173 1679 2464 1750 προϊόντας
2486 1680 2780 1746 γενέσεως,
2815 1676 2976 1731 τοῦτο
3017 1677 3076 1729 δὲ
3105 1674 3201 1729 τοῦ
3231 1675 3335 1744 τῆς
3381 1670 3566 1744 ψυχῆς

1973 1773 2426 1843 καταστήματος,
2452 1772 2481 1826 ὅ
2516 1771 2571 1840 γ’
2590 1773 2815 1842 ἐπίχαρι
2838 1773 2932 1825 καὶ
2955 1768 3184 1839 φαιδρὸν
3226 1768 3360 1837 δρᾷν
3391 1782 3566 1834 παρε-

280 1861 468 1929 nium;
502 1862 688 1935 itaque
722 1881 900 1938 neque
930 1868 1192 1925 omnibus
1216 1878 1380 1923 navat
1410 1883 1659 1938 operam.
1684 1883 1867 1937 neque

1996 1840 2403 1936 {dpsvoﬁvécrtv
2436 1863 2512 1927 ὡς
2546 1864 2643 1917 καὶ
2675 1840 2925 1925 συννοίας
2955 1861 3104 1931 αὐτῷ
3129 1858 3565 1930 παραμίγνυσιν,

282 1956 586 2026 impellitur
644 1958 711 2013 ad
771 1959 956 2015 omnia
1006 1976 1132 2030 qua:
1186 1961 1494 2016 infantibus
1545 1959 1865 2028 conferunt,

285 2049 380 2102 sed
420 2048 666 2118 seipsum
728 2052 981 2108 continet
1018 2052 1191 2108 veluti
1227 2053 1476 2110 infantiae
1540 2055 1869 2125 impatiens;

283 2148 342 2193 et
368 2142 627 2210 quoniam
661 2144 1073 2214 quodammodo
1106 2147 1345 2218 propriae
1374 2148 1563 2219 gloria:
1596 2148 1872 2220 magnitu-

278 2233 475 2288 dinem
531 2238 802 2306 agnoscit,
832 2237 1120 2309 indignum
1175 2243 1359 2311 seipso
1399 2242 1681 2298 existimat
1732 2244 1878 2299 inter

286 2338 494 2393 pueros
537 2330 841 2395 numerari,
867 2332 1122 2400 quamvis
1152 2332 1244 2387 illa
1287 2342 1423 2389 aetas
1469 2344 1698 2405 propter
1719 2350 1877 2392 suam

292 2419 665 2476 temeritatem
700 2436 835 2478 cura
875 2432 932 2480 et
966 2424 1397 2494 reprehensione
1457 2437 1662 2483 careat.

1972 1954 2050 2017 ὡς
2073 1954 2333 2026 ἀνδρικὸν
2365 1953 2526 2008 τοῦτο
2561 1956 2656 2007 καὶ
2688 1954 2946 2020 γενναῖον
2998 1945 3142 2002 εἶναι
3203 1949 3299 2001 καὶ
3342 1946 3569 2016 ἀψευδὲς

1972 2051 2075 2122 τῆς
2106 2050 2657 2123 ίσχυρογνωμοσύνης
2679 2047 2980 2118 τεκμήριον
3000 2063 3014 2076 ο
3042 2045 3167 2099 ὅθεν
3204 2043 3325 2097 οὐδὲ
3350 2043 3571 2095 πάντων

1979 2148 2233 2211 ἅπτεται,
2271 2145 2392 2200 οὐδὲ
2422 2145 2559 2216 πρὸς
2589 2145 2766 2198 πάντα
2794 2145 3028 2197 κινεῖται
3054 2134 3155 2196 ὅσα
3183 2139 3248 2212 δὴ
3297 2141 3392 2194 καὶ
3443 2155 3571 2192 παι-

1980 2239 2120 2305 δίοις
2140 2236 2263 2295 οὖσι
2316 2239 2614 2309 προσήκει,
2648 2235 2766 2292 ἀλλ’
2794 2237 2988 2290 ἑαυτὸν
3011 2236 3259 2305 κατέχει,
3282 2233 3573 2304 ἐμϐριμώ-

1986 2349 2151 2402 μενος
2189 2330 2385 2402 ὥσπερ
2408 2333 2475 2403 τῇ
2511 2330 2827 2402 νηπιότητι,
2849 2330 2947 2383 καὶ
2974 2328 3051 2398 τῷ
3086 2327 3474 2397 ἐπιγινώσκειν
3494 2326 3576 2380 oi-

1983 2424 2106 2478 ονεὶ
2140 2423 2202 2477 τὺ
2231 2424 2335 2496 τῆς
2360 2423 2772 2495 ὑπερκειμένης
2801 2422 2972 2492 τιμῆς
3011 2420 3303 2492 ὑπερέχον,
3357 2419 3577 2486 ἀνάξιον

1987 2519 2182 2573 ἑαυτοῦ
2224 2520 2369 2573 κατά
2415 2517 2610 2579 παῖδας
2637 2517 2903 2590 φέρεσθαι
2936 2518 3156 2587 κρίνων,
3188 2517 3237 2569 εί
3272 2517 3368 2570 καὶ
3402 2515 3578 2581 ἄλλως

1987 2616 2056 2668 δι’
2091 2613 2409 2682 ἁπαλότητα
2440 2610 2733 2665 ἀνεύθυνον
2758 2608 2920 2663 τοῦτο
2945 2609 3041 2664 καὶ
3093 2609 3489 2679 ἀνεπίληπτον.

367 2685 475 2742 Sed
514 2686 673 2757 plura
721 2687 917 2745 volens
950 2688 1137 2746 dicere
1167 2689 1223 2745 in
1259 2688 1608 2748 iterationem
1627 2692 1885 2764 devenio,

2074 2707 2237 2762 Ἀλλά
2266 2709 2378 2777 γὰρ
2407 2706 2581 2760 πλείω
2608 2703 2934 2776 βουλόμενος
2969 2703 3098 2775 περὶ
3125 2701 3320 2757 τούτου
3374 2702 3605 2771 λέγειν,-

297 2792 423 2848 (μιαι
474 2778 703 2835 minime
756 2779 1143 2839 laudatoribus
1197 2784 1471 2855 congruit.
1512 2785 1731 2842 Etenim
1796 2788 1889 2844 illa

1996 2800 2077 2863 είς
2102 2799 2518 2868 δευτερολογίαν
2538 2799 2803 2869 ἀφίξομαι
2830 2802 2943 2861 τοῖς
2966 2799 3432 2867 έγκωμιαστικοῖς
3455 2797 3583 2869 ﬁxu-

298 2887 421 2941 quae
466 2871 536 2927 de
576 2880 628 2929 te
664 2888 862 2944 puero,
891 2876 1125 2932 maxime
1162 2892 1280 2942 rex,
1316 2877 1505 2934 dicere
1548 2895 1634 2935 me
1670 2879 1893 2937 induce-

1998 2909 2100 2946 στα
2133 2891 2475 2963 πρέπουσαν.
2522 2893 2591 2945 Ἀ
2615 2892 2727 2963 γὰρ
2771 2893 2837 2947 σὺ
2871 2890 3003 2961 περὶ
3032 2889 3148 2952 σοῦ,
3177 2892 3402 2960 μέγιστε
3429 2890 3618 2962 βασι-..

298 2961 421 3029 bas,
446 2964 637 3020 eadem
667 2966 735 3022 de
766 2966 973 3038 seipso,
1006 2979 1133 3025 tuus
1155 2968 1427 3034 delectus,
1454 2986 1611 3027 meus
1639 2988 1771 3028 vero
1800 2989 1893 3030 rex

1999 2985 2116 3050 λεῦ,
2149 2961 2339 3049 παιδὸς
2367 2985 2520 3049 ὄντος
2549 2961 2812 3056 παρεῖχες
2866 2985 3066 3048 εἰπεῖν,
3094 2984 3235 3039 αὐτὰ
3287 2983 3352 3055 δὴ
3409 2961 3587 3037 ταῦτα
3642 2976 3647 2981 ’

300 3069 391 3110 me
421 3055 609 3113 dicere
637 3058 870 3116 inducit.
886 3060 1024 3118 Cum
1042 3060 1190 3116 enim
1219 3062 1293 3119 sit
1322 3078 1580 3132 expressa
1607 3072 1695 3120 tua
1720 3066 1893 3136 imago

2004 3080 2133 3150 περὶ
2173 3077 2367 3132 ἑαυτοῦ
2399 3076 2582 3147 λέγειν
2615 3055 2712 3131 καὶ
2740 3080 2768 3131 ὁ
2798 3077 2891 3140 σὸς
2926 3076 3026 3147 μὲν
3056 3077 3335 3143 φίλτατος,
3369 3075 3501 3148 ὲμδς
3527 3075 3610 3129 δἐ-
3680 3106 3687 3107 ί

300 3164 536 3206 movens
593 3161 647 3207 et
680 3153 883 3219 vivida,
941 3164 1266 3226 naturaeque
1317 3154 1547 3214 dotibus
1604 3161 1885 3232 particeps

1996 3170 2354 3244 προϐάλλεται
2391 3168 2648 3241 βασιλεύς
2673 3185 2691 3203 ·
2735 3168 2975 3240 ἀκριϐὴς
3006 3169 3116 3239 γάρ
3154 3184 3248 3221 σου
3301 3169 3587 3238 τυγχάνων

302 3244 562 3314 egregiis,
590 3247 780 3301 nescio
804 3247 1088 3317 quomodo
1130 3264 1376 3320 peccem.
1413 3252 1460 3307 si
1497 3252 1692 3311 laudes
1726 3259 1796 3312 de
1842 3267 1893 3314 te

2004 3261 2171 3317 εἰκὼν
2201 3260 2501 3330 κινουμένη
2538 3259 2633 3314 καὶ
2658 3256 2811 3325 ζῶσα
2845 3258 2943 3311 καὶ
2974 3255 3087 3311 τῶν
3126 3253 3374 3325 φυσικῶν
3419 3254 3587 3323 αὐχη-

307 3336 365 3389 in
425 3336 544 3407 pari
577 3337 823 3394 infantia:
854 3341 1028 3411 gradu
1067 3343 1375 3400 constituto
1421 3344 1489 3401 ad
1525 3346 1689 3403 istum
1724 3349 1893 3407 filium

2010 3357 2198 3428 μάτων
2235 3353 2564 3424 μετέχουσα,
2594 3350 2696 3404 οὐκ
2732 3346 2850 3403 οἴδα
2879 3348 2999 3412 πῶς
3052 3348 3154 3402 οὐκ
3206 3349 3435 3409 εἰκότως
3491 3345 3591 3399 καὶ

310 3427 566 3482 referam.
598 3429 801 3484 Verum
834 3431 1122 3488 enimvero
1160 3448 1231 3488 ne
1261 3449 1458 3491 rursus
1487 3435 1544 3491 in
1596 3440 1893 3496 necessita-

2005 3427 2135 3508 τοὺς
2166 3444 2240 3506 ὡς
2274 3445 2332 3496 ὲν
2354 3440 2572 3511 ἡλικίας
2597 3440 2788 3510 μέτρῳ
2825 3439 3068 3508 τοσούτῳ
3110 3438 3240 3507 περὶ
3293 3436 3390 3490 σοῦ
3454 3435 3592 3505 πρδς

315 3533 424 3575 tem
449 3523 562 3592 jam
596 3523 741 3579 dicta
776 3525 1050 3581 referendi
1091 3526 1476 3598 deveniamus,
1500 3530 1638 3588 tales
1667 3530 1764 3587 tibi
1798 3548 1901 3589 na-

316 3625 426 3679 tus,
487 3632 516 3669 a
554 3617 665 3672 Deo
714 3618 974 3684 donatus,
1015 3620 1237 3690 qualem
1297 3621 1398 3677 tibi
1466 3622 1585 3677 dari
1646 3636 1903 3695 precatus

312 3724 397 3773 es,
435 3708 548 3764 imo
574 3718 699 3765 vota
739 3718 831 3765 tua
891 3718 1137 3781 superat,
1167 3712 1298 3768 dum
1351 3722 1512 3770 aetate
1540 3714 1779 3785 proficit,
1818 3724 1903 3773 te-

314 3817 440 3856 cum
482 3803 635 3873 regio
666 3818 898 3859 munere
930 3803 1187 3877 fungens,
1219 3804 1275 3861 in
1328 3807 1480 3863 curis
1513 3810 1905 3867 communibus

318 3897 417 3951 tibi
449 3897 657 3962 socius.
695 3898 751 3954 in
785 3898 1033 3955 consiliis
1063 3901 1286 3973 adiutor
1320 3901 1601 3972 egregius,
1666 3902 1722 3957 in
1754 3903 1906 3959 bello

319 3997 675 4059 praepotens,
727 3990 1035 4047 virtutibus
1084 3993 1381 4063 praeclarus
1429 4003 1485 4048 et
1544 3995 1601 4050 in
1648 3996 1908 4062 omnibus

322 4080 558 4152 negotiis
606 4082 860 4150 miratus,
894 4083 1140 4141 laetitiam
1167 4084 1390 4153 quidem
1421 4101 1489 4141 ex
1521 4085 1607 4142 his
1635 4087 1730 4140 tibi
1765 4087 1908 4156 patri

325 4174 590 4239 aﬂ‘erens,
629 4176 876 4231 laetitiam
911 4176 1128 4232 caeteris
1180 4176 1521 4243 hominibus,
1572 4177 1818 4233 lmtitiam
1853 4187 1911 4235 et

326 4267 460 4322 mihi
496 4269 728 4330 oratori.
760 4268 879 4340 qui,
919 4270 965 4325 si
998 4278 1210 4323 tantum
1249 4268 1329 4324 fas
1359 4279 1446 4324 est
1479 4270 1615 4326 satis
1644 4270 1757 4325 vita
1779 4270 1909 4337 frui,

324 4362 581 4430 quamvis
611 4361 714 4416 sim
741 4362 852 4432 jam
887 4369 1051 4417 aetate
1090 4371 1414 4431 provectus,
1441 4360 1758 4429 permittam
1794 4364 1916 4418 nul-

325 4456 440 4510 lum
476 4455 640 4511 exiis
670 4455 934 4526 praeclare
990 4455 1162 4527 gestis
1223 4453 1518 4525 praeteriri,
1555 4468 1718 4525 quem
1777 4456 1912 4512 illud

2008 3538 2201 3592 ἑαυτὸν
2228 3532 2588 3604 ὲςελκύσεται
2619 3533 2836 3601 λόγους.
2864 3530 2964 3585 Ἰν*
2988 3527 3083 3585 οὖν
3142 3531 3218 3601 μὴ
3277 3529 3374 3581 καὶ
3434 3524 3590 3592 αὖθις

2008 3634 2091 3693 είς
2118 3632 2366 3699 ἀνάγκην
2396 3626 2493 3681 τοῦ
2541 3626 2720 3679 ταυτά
2750 3624 2938 3692 λέγειν
2956 3622 3230 3693 ἔλθοιμεν,
3261 3623 3290 3675 δ
3346 3621 3447 3689 μὲν
3501 3616 3595 3674 οὖν

2008 3722 2125 3785 υίὸς
2149 3718 2391 3781 τοιοῦτός
2423 3733 2504 3771 σοι
2568 3714 2725 3784 παρά
2766 3715 2902 3771 Θεοῦ
2969 3711 3294 3784 δεδώρηται,
3345 3708 3593 3781 βασιλεῦ,

2009 3816 2196 3870 ὁποῖον
2223 3812 2375 3884 ηὔξω
2426 3809 2676 3864 δεδόσθαι
2720 3825 2825 3873 σοι,
2882 3806 2978 3860 καὶ
3035 3805 3208 3877 νικῴη
3269 3804 3368 3867 τὰς
3432 3803 3597 3873 εὐχὰς

2015 3906 2329 3979 προϐαίνων
2356 3903 2437 3973 τῷ
2467 3904 2665 3974 χρόνῳ,
2703 3900 2802 3973 τὴν
2830 3898 3104 3970 βασίλειόν
3153 3914 3236 3951 σοι
3298 3895 3599 3950 συνδιέπων

2015 4001 2192 4071 ἀρχὴν
2252 3999 2351 4052 καὶ
2417 3996 2517 4059 τὰς
2582 3994 2773 4056 κοινὰς
2835 3993 3214 4062 συνδιαφέρων
3269 3988 3598 4061 φροντίδας,

2014 4090 2342 4162 διαπρέπων
2368 4091 2427 4141 ὲν
2455 4088 2699 4160 βουλαῖς,
2736 4086 3047 4159 ἀριστεύων
3076 4088 3135 4139 ὲν
3179 4084 3458 4153 πολέμοις,
3510 4082 3601 4135 δο-
3642 4152 3645 4153 ν

2019 4183 2318 4252 ξαξόμενος
2349 4183 2407 4236 έν
2437 4183 2680 4253 ἀρεταῖς,
2715 4182 2810 4234 καὶ
2841 4179 2935 4233 ἐπὶ
2961 4180 3096 4233 πᾶσι
3126 4179 3419 4248 πράγμασι
3462 4175 3603 4230 θαυ-

2022 4277 2355 4350 μαζόμενος.
2407 4273 2759 4346 εὐφροσύνην
2806 4274 2910 4343 μὲν
2969 4272 3060 4326 διὰ
3112 4270 3320 4325 τούτων
3382 4287 3464 4323 σοι
3524 4268 3602 4337 τῷ

2020 4370 2212 4439 πατρὶ,
2240 4365 2581 4437 εὐφροσύνην
2609 4366 2667 4420 δὲ
2717 4365 2816 4418 καὶ
2861 4362 2942 4434 τῷ
2984 4361 3160 4432 λοιπῷ
3204 4362 3351 4430 γένει
3402 4359 3602 4423 διδοὺς,

2020 4466 2098 4535 τῷ
2132 4465 2188 4519 δὲ
2217 4463 2545 4534 λογογράφῳ
2575 4461 2712 4531 τῷδε
2746 4462 2819 4529 (εί
2861 4459 2972 4529 ἄρα
3002 4456 3287 4510 ’τοσοῦτον
3321 4470 3607 4524 συγχωρη-

327 4549 588 4605 laudibus
618 4550 871 4607 efferam.
907 4550 987 4604 Tn
1019 4564 1173 4616 vero,
1213 4549 1304 4604 cui
1345 4563 1513 4604 nemo
1541 4549 1782 4604 conferri
1816 4565 1893 4621 po

2020 4558 2247 4629 θείημεν
2304 4555 2604 4610 ἀπολαύειν
2653 4552 2750 4607 τοῦ
2797 4550 2961 4623 βίου)
3012 4548 3274 4620 γλυκείας
3325 4545 3625 4629 φροντίδοὲ

329 4653 436 4699 ιιιει
471 4642 605 4713 (non
639 4644 817 4699 habeo
850 4643 1001 4698 enim
1052 4642 1211 4712 cujus
1242 4649 1392 4712 gesta
1424 4641 1585 4696 facile
1619 4642 1728 4697 tuis
1758 4657 1911 4697 com-

329 4740 576 4808 ponam),
612 4750 793 4793 tamen
835 4736 992 4792 vince
1031 4735 1297 4804 teipsum,
1332 4734 1570 4789 virtutes
1600 4734 1915 4791 virtutibus

330 4846 551 4900 anuper
611 4831 915 4886 astruendo
949 4829 1015 4896 (si
1050 4826 1184 4898 quid
1217 4835 1490 4897 superest,
1529 4825 1677 4897 quod
1734 4827 1919 4883 adhuc

333 4926 585 4995 pristinis
630 4926 906 4995 adjicias),
972 4922 1347 4993 praeclaraque
1383 4920 1683 4991 prasclaris.
1747 4921 1920 4977 Vince

331 5019 501 5076 etiam
545 5026 830 5073 oratorum
895 5015 1174 5080 ardorem,
1238 5028 1378 5085 quos
1436 5012 1583 5083 apud
1620 5024 1673 5069 te
1702 5021 1922 5082 tempus

335 5111 667 5168 convocabit
713 5120 771 5166 et
804 5123 935 5165 sane
954 5107 1146 5163 multis
1177 5107 1449 5173 conferet,
1482 5106 1778 5176 adiuvante
1809 5105 1920 5162 Deo

334 5207 523 5268 simul.
552 5216 610 5261 et
644 5205 737 5260 illo
771 5212 860 5257 tua
903 5201 1115 5273 optima
1144 5201 1406 5258 facultate
1454 5199 1765 5273 deligendi,
1797 5214 1922 5271 quae

336 5301 432 5355 tibi
465 5300 740 5355 bonorum
777 5305 1084 5359 oratorum,
1108 5309 1325 5349 necnon
1350 5305 1405 5348 et
1431 5292 1666 5351 aliorum
1695 5301 1922 5349 sancto-

336 5411 459 5450 rum
501 5392 793 5447 hominum
814 5390 1028 5457 copiam
1067 5389 1406 5459 suppeditat.
1435 5388 1525 5443 Est
1549 5388 1698 5443 enim
1728 5387 1920 5441 talium

338 5487 686 5544 abundantia
727 5485 876 5540 sicut
924 5492 980 5537 ct
1014 5482 1348 5552 disparium,
1383 5481 1779 5537 sceleratorum
1813 5479 1925 5534 duo

338 5593 395 5637 et
417 5582 801 5637 adulterorum
834 5586 889 5632 et
923 5578 1294 5649 perditorum,
1359 5591 1479 5647 quae
1508 5584 1743 5644 utroque
1774 5572 1929 5641 prin-

342 5673 483 5743 cipis
504 5687 694 5727 secum
725 5671 907 5726 facerc
932 5671 1200 5730 celebrat.
1221 5670 1378 5739 cupia
1412 5668 1684 5723 bonorum
1718 5666 1924 5720 bonum

345 5768 499 5825 illum
532 5781 678 5832 csse,
715 5765 931 5834 copiam
963 5765 1231 5819 malorum
1266 5763 1462 5821 malam
1502 5778 1515 5816 :
1551 5760 1724 5815 altare
1752 5760 1925 5826 enim,

346 5859 523 5926 aiunt,
562 5859 763 5930 templo
789 5857 1091 5914 convenire
1130 5863 1186 5912 ct
1219 5853 1528 5925 subjectum
1566 5853 1799 5923 regenti.
1836 5850 1923 5905 ln-

2020 4620 2374 4723 πειρωμένῳ,
2432 4650 2638 4717 καίπερ
2687 4620 2807 4701 ὄντι
2828 4664 2891 4714 γε
2947 4642 3257 4717 τηνικαῦτα
3301 4620 3621 4713 πρεσϐύτης-ιλ
3662 4676 3665 4677 ν

2022 4748 2296 4820 μηδεμίαν
2339 4743 2451 4799 τῶν
2506 4742 2762 4814 μεγάλων
2810 4740 2980 4795 αὐτοῦ
3033 4737 3288 4808 πράξεων
3350 4732 3606 4802 παριέναι

2016 4838 2199 4908 λόγοις
2223 4836 2553 4906 ἀγέραστον.
2585 4834 2658 4887 Σὺ
2684 4833 2765 4895 δὲ,
2794 4832 3130 4900 ἀσύγκριτος
3154 4826 3232 4881 ὢν
3289 4825 3427 4897 πρὸς
3478 4824 3607 4886 τοὺς

2018 4932 2214 4994 ἄλλους
2250 4930 2330 5001 (οὐ
2367 4929 2476 4998 γὰρ
2509 4927 2707 4998 ἔχομεν
2739 4926 2865 4979 ὅτου
2920 4922 3119 4996 ῥᾳδίως
3167 4919 3395 4990 πράξεις
3432 4933 3609 4985 παρα-

2021 5023 2238 5078 ϐάλλειν
2261 5023 2379 5084 ταῖς
2413 5018 2585 5091 σαῖς),
2609 5019 2760 5089 ὅμως
2782 5016 2908 5071 νίκα
2950 5013 3169 5079 σαυτὸν,
3233 5011 3436 5079 ἀρετὰς
3486 5010 3608 5072 ταῖς

2021 5116 2271 5180 ἐνούσαις
2326 5115 2415 5168 ἀεὶ
2473 5111 2812 5181 προστιθεὶς,
2869 5108 2923 5161 εῐ
2966 5124 3031 5177 γε
3067 5109 3095 5162 ὃ
3161 5123 3215 5158 τι
3272 5102 3609 5176 προσθήσεις

2022 5209 2337 5273 κατέλιπες,
2359 5206 2457 5260 καὶ
2488 5202 2771 5277 ἀριστείας
2808 5202 2930 5263 ταῖς
2962 5198 3290 5271 ἀριστείαις.
3332 5195 3479 5250 Νίκα
3510 5191 3610 5247 καὶ

2026 5303 2129 5375 τὴν
2162 5302 2276 5354 τῶν
2302 5300 2555 5371 ρητόρων
2585 5295 2848 5366 σπουδὴν,
2892 5291 2988 5355 οὓς
3019 5293 3087 5346 ἂν
3116 5294 3145 5345 ὁ
3165 5289 3305 5344 κατὰ
3336 5289 3394 5342 σὲ
3420 5286 3610 5357 χρόνος

2024 5396 2264 5461 ἐνέγκοι,
2302 5390 2538 5453 πολλοὺς
2566 5388 2625 5440 δὲ
2660 5388 2881 5449 πάντως
2912 5385 3134 5448 ένοίσει,
3184 5380 3322 5435 Θεοῦ
3376 5397 3460 5434 σοι
3515 5378 3612 5433 καὶ

2024 5481 2124 5551 τῆς
2160 5480 2376 5549 ἀγαθῆς
2404 5477 2789 5549 προαιρέσεως
2850 5475 2950 5527 καὶ
2995 5473 3096 5543 τὴν
3145 5472 3354 5527 τούτων
3413 5472 3608 5541 φορὰν,

2026 5572 2169 5627 καθά
2204 5571 2269 5641 δὴ
2295 5571 2392 5626 καὶ
2420 5570 2529 5624 τῶν
2563 5568 2740 5623 ἄλλων
2767 5565 2991 5635 ἀγαθῶν
3019 5563 3249 5635 ἀνδρῶν,
3287 5563 3613 5633 ἑνεργήσον-

2025 5684 2139 5729 τος.
2173 5666 2329 5718 Ἐστι
2383 5663 2494 5733 γὰρ
2539 5664 2635 5715 καὶ
2678 5660 2792 5713 τῶν
2845 5657 3102 5712 τοιούτων
3153 5656 3317 5729 φορὰ,
3371 5656 3610 5726 βασιλεῦ,

2030 5758 2219 5827 ὥσπερ
2248 5757 2313 5825 δὴ
2355 5756 2453 5808 καὶ
2493 5752 2602 5807 τῶν
2650 5750 2932 5813 ἐναντίων,
2982 5750 3091 5803 τῶν
3130 5748 3426 5816 λυμεώνων
3472 5749 3616 5814 λέγω

2034 5855 2113 5904 κα·
2160 5848 2419 5920 ὀλέθρων,
2457 5844 2637 5900 αἰτίαν
2690 5842 2930 5913 ἑκατέρα
2989 5842 3087 5911 τὴν
3144 5841 3237 5898 τοῦ
3284 5839 3615 5913 κρ;.τιῦντος
