3894 6366
387 331 494 398 419

1349 335 1675 401 GEORGII
1719 340 1979 402 CYPRlI
2018 341 2134 402 CP.
2170 340 2681 403 ΡΑΤΕΙᾹΗΟΗᾸΞ

3551 346 3648 409 120

461 452 528 507 Et
565 438 697 506 sane
732 447 980 507 Socratis
1016 450 1178 509 istius
1208 464 1328 509 aeta
1355 468 1409 511 et
1430 472 1742 522 sermones,
1771 456 1962 528 quibus

2151 459 2259 513 Καὶ
2292 458 2474 511 τοίνυν
2507 456 2833 520 Σωκράτους
2880 458 2979 525 μιν
3005 454 3161 512 τοῦδε
3192 458 3420 527 πράξεις
3466 477 3527 513 τι
3559 461 3650 514 καὶ

386 544 824 615 pulcherrimum
876 528 1001 599 vita:
1053 545 1516 618 philosophorum
1553 551 1833 620 exemplar
1870 566 1971 606 er-

386 638 549 697 stitit.
577 648 633 691 et
665 653 762 691 eos
791 640 884 706 qui
934 637 1014 692 illi
1061 639 1417 695 adhaeserunt
1457 641 1718 697 meliores
1763 640 1970 710 duplici

386 730 554 784 modo
606 731 902 799 produxit.
945 740 1061 785 tum
1112 747 1274 802 quam
1321 733 1529 802 Optime
1593 749 1652 789 se
1702 733 1971 805 gerendo,

385 832 503 877 tum
562 826 625 877 de
679 823 847 879 rebus
896 825 1100 880 divinis
1148 836 1205 881 et
1255 827 1538 893 humanis,
1572 834 1633 881 ut
1667 843 1777 881 non
1815 831 1972 897 quis-

383 914 569 986 piam,
626 915 1009 986 philoSOphice
1094 917 1500 983 edisserendo,
1554 918 1811 974 evolvere
1883 921 1969 973 nia

383 1009 491 1061 mis
556 1009 775 1080 longum
850 1020 998 1065 esset
1065 1019 1160 1065 aut
1206 1018 1361 1065 extra
1428 1018 1674 1066 nostrum
1730 1025 1971 1081 praesens

384 1103 727 1171 propositum
784 1118 991 1157 :nunc
1054 1096 1252 1158 autem
1322 1104 1481 1159 nobis
1555 1104 1671 1160 haec
1743 1115 1970 1174 praeter-

381 1195 641 1249 euntibus
682 1195 805 1261 (nec
860 1196 1008 1250 enim
1062 1197 1223 1251 aliter
1283 1196 1398 1250 ﬁeri
1444 1201 1647 1266 potest)
1681 1213 1842 1251 unam
1899 1212 1969 1252 ex

384 1289 648 1342 omnibus
691 1292 742 1341 in
780 1288 969 1363 animo
1004 1298 1090 1343 est
1120 1290 1439 1358 przeclaram
1473 1289 1723 1359 proferre
1745 1299 1969 1346 senten-

381 1378 540 1445 tiam,
584 1397 705 1449 quae
746 1387 834 1435 est
875 1380 1160 1450 sapientiae
1204 1380 1503 1435 Socraticae
1531 1396 1640 1435 non
1688 1381 1965 1436 incertum

376 1475 663 1541 specimen
707 1490 722 1527 :
782 1488 846 1528 ea
909 1482 995 1527 est
1058 1489 1181 1543 quae
1234 1473 1302 1527 de
1358 1473 1595 1538 ratione,
1647 1474 1863 1543 qualem
1913 1481 1970 1529 et

378 1578 647 1636 quantam
679 1567 830 1622 illius
857 1582 970 1620 rem
1008 1567 1067 1621 in
1106 1567 1372 1632 animam,
1414 1567 1661 1638 qnandiu
1719 1567 1842 1640 ejus
1879 1581 1966 1623 re-

375 1662 562 1732 gimen
594 1661 780 1724 habet,
819 1659 1206 1730 philosophice
1248 1660 1536 1714 disseruit.

454 1754 524 1809 Et
569 1754 703 1823 quid
750 1753 930 1808 dicit?
969 1771 988 1803 ι
1025 1753 1165 1807 Aliis
1195 1750 1454 1823 equidem
1487 1752 1594 1808 alia
1642 1760 1771 1808 sunt
1803 1768 1967 1809 orna-

378 1853 606 1899 menta:
642 1844 840 1898 animae
889 1858 1026 1897 vero
1080 1844 1364 1913 proprium
1418 1856 1807 1899 ornamentum
1842 1846 1960 1901 sola

376 1937 544 2000 ratio,
594 1952 695 2007 per
739 1952 904 2006 quam
952 1936 1055 1991 ista
1090 1952 1223 1993 sane
1255 1938 1438 2007 seipsa
1471 1937 1847 2007 pulcherrima
1881 1939 1961 1995 ef-

375 2028 588 2098 lulget;
640 2029 715 2083 ita
751 2038 833 2092 ut,
869 2027 976 2081 nisi
1028 2026 1120 2081 illa
1161 2027 1266 2082 hoc
1306 2038 1699 2082 ornamentum
1759 2028 1962 2084 admit-

377 2130 493 2187 tat,
531 2121 842 2192 periculum
887 2132 978 2177 est
1015 2137 1084 2177 ne
1120 2137 1456 2193 quocunque
1501 2123 1576 2178 sit
1615 2124 1799 2179 anima
1841 2134 1960 2179 tur-

372 2218 519 2286 pior.
562 2233 581 2268 ι

448 2307 575 2364 Haec
609 2317 740 2364 sunt
779 2324 899 2379 quae
938 2310 1008 2364 de
1045 2308 1263 2365 ratione
1300 2309 1558 2367 Socrates
1586 2309 1756 2367 habet
1798 2309 1960 2366 :viro

378 2410 564 2456 autem
596 2412 653 2456 et
688 2402 838 2456 illius
873 2402 1144 2472 sapientia
1173 2402 1338 2473 digna
1371 2418 1497 2459 esse
1526 2404 1762 2475 quisque
1795 2419 1959 2460 accu-

377 2503 505 2550 rate
537 2495 861 2573 perspiciet,
892 2497 937 2550 si
958 2497 1044 2551 bis
1071 2497 1434 2565 sequentibus
1463 2496 1737 2553 intendat.

450 2586 615 2642 Ratio
645 2588 840 2642 anima:
870 2598 1089 2644 coercet
1123 2589 1412 2659 impetum,
1442 2598 1499 2645 et
1531 2589 1805 2645 malorum
1828 2605 1961 2646 con-

381 2681 726 2750 cupiscentia
762 2681 979 2735 ratione
1007 2680 1269 2751 fugatur:
1307 2681 1659 2751 potissimum
1693 2697 1826 2738 vero
1854 2683 1959 2739 ista

380 2787 482 2842 per
513 2774 786 2828 rationem
822 2774 877 2827 in
908 2774 1175 2827 virtutum
1200 2783 1458 2828 naturam
1487 2775 1712 2830 abeunt.
1739 2775 1958 2832 Scimus

373 2864 531 2919 enim
561 2864 752 2919 enasci
803 2864 1148 2929 virilitatem,
1191 2881 1315 2920 cum
1349 2868 1494 2921 ratio
1530 2868 1798 2937 impetum
1833 2869 1958 2922 ani-

371 2972 476 3012 mae
511 2956 847 3025 comitatur;
901 2965 958 3013 et
1009 2958 1254 3028 aliquam
1285 2974 1403 3013 rem
1437 2960 1655 3015 ratione
1694 2963 1958 3030 concupi-

370 3063 619 3110 scentem
652 3071 817 3111 nemo
847 3065 904 3110 ut
935 3056 1141 3111 malum
1166 3055 1525 3127 obiurgaret;
1552 3059 1693 3128 justi
1742 3058 1959 3113 haben-

374 3160 469 3206 tur
502 3151 782 3217 homines,
808 3152 910 3206 sed
942 3166 1096 3214 cum.
1135 3151 1226 3207 his
1257 3168 1381 3222 quae
1418 3152 1653 3220 faciunt,
1685 3155 1957 3209 rationem
1986 3182 2032 3243 α

373 3246 678 3312 adhibent;
714 3254 772 3301 et
824 3247 1101 3317 sapientes
1151 3262 1263 3302 non
1318 3246 1443 3317 quis
1494 3248 1825 3312 nominabit,
1861 3245 1959 3302 sed

366 3353 515 3411 quos
548 3342 703 3393 novit
743 3340 1019 3394 rationem
1056 3343 1297 3395 maxime
1328 3348 1691 3411 prosecutos;
1728 3342 1961 3396 scientia

362 3445 477 3503 per
508 3431 784 3485 rationem
819 3430 1011 3485 anima
1042 3431 1364 3497 instruitur,
1393 3441 1449 3486 et
1483 3431 1735 3486 notitiam
1775 3446 1960 3485 rerum

358 3540 500 3596 qua:
531 3537 699 3579 sensu
728 3523 1006 3593 eﬂugiunt
1054 3539 1122 3579 ex
1173 3525 1389 3580 ratione
1425 3525 1684 3579 homines
1708 3525 1962 3594 assequi-

362 3629 537 3679 ..mur;
574 3615 931 3669 mirationem
961 3614 1129 3669 habet
1159 3616 1310 3670 solus
1342 3615 1507 3671 homo
1529 3631 1698 3686 super
1734 3629 1958 3681 terram,

374 3704 475 3762 sed
518 3703 779 3760 nimirum
825 3714 1055 3776 prepter
1096 3705 1395 3773 rationem,
1444 3715 1503 3762 et
1543 3723 1709 3777 supra
1742 3719 1961 3763 terrena

355 3808 482 3854 ’διαί
526 3798 660 3853 illud
691 3798 895 3852 animal
934 3798 1165 3853 rationis
1195 3814 1361 3853 manu
1415 3798 1675 3868 ductum;
1711 3802 1956 3869 inventa,

360 3900 529 3947 .artes
551 3900 607 3946 et
629 3892 865 3947 artiﬁcia
888 3892 1098 3957 omnia,
1130 3893 1344 3948 ratione
1371 3894 1708 3964 gignuntur;
1740 3893 1973 3964 sapien-i

356 3984 467 4038 .tiae
508 3993 685 4037 mater
725 3982 892 4048 ratio,
940 3992 998 4038 et
1043 3985 1226 4039 omnis
1271 3985 1448 4040 virtus
1479 3986 1748 4042 rationem
1794 4000 1961 4056 gene—

361 4076 571 4132 tricem
603 4075 871 4131 obtinuit.
898 4074 1021 4130 Non
1052 4076 1239 4131 locum
1276 4077 1445 4133 habet
1476 4077 1701 4141 malum,
1735 4077 1829 4134 ubi
1864 4078 1958 4134 illa

358 4177 524 4223 tenet
545 4169 864 4238 imperium,
889 4177 947 4224 et
975 4169 1159 4226 omnis
1201 4170 1382 4226 virtus
1416 4169 1714 4227 adducitur
1743 4186 1845 4243 per
1872 4186 1961 4227 ra-

373 4260 545 4317 tionis
572 4260 918 4318 libertatem.

436 4443 574 4501 llaec
605 4453 664 4501 et
691 4436 854 4517 plura
886 4443 1054 4500 etiam
1090 4442 1148 4500 in
1193 4443 1375 4500 anima
1405 4459 1503 4517 per
1534 4444 1809 4503 rationem
1838 4446 1957 4503 eni-

2074 551 2270 620 λόγους
2318 551 2446 614 τοὺς
2486 551 2704 615 ἄλλους,
2763 550 2834 602 δι’
2881 543 2956 603 ὧν
3006 552 3294 605 κάλλιστον
3341 554 3648 625 ἀρχέτυπον

2074 639 2166 698 τοῦ
2200 645 2515 713 φιλοσόφων
2568 644 2787 710 ἐγένετο
2832 642 2974 713 βίου,
3027 646 3122 696 καὶ
3164 643 3412 712 βελτίους
3440 647 3567 709 τούς
3598 647 3646 713 γ’

2073 737 2273 808 ἐκείνῳ
2321 737 2775 808 προσεσχηκότας
2826 736 3171 807 ἑκατέρωθεν
3204 738 3426 804 ἔδειξεν,
3474 740 3534 805 εξ
3576 735 3646 796 ὧν

2072 849 2132 885 τε
2200 831 2273 895 ὡς
2311 832 2514 900 ἄριστα
2545 828 2954 890 ιπολιτεύσατο.
2991 830 3088 883 καὶ
3117 823 3193 884 ὧν
3233 830 3364 899 περί
3400 848 3461 884 τε
3490 832 3645 886 θείων

2073 924 2203 991 περί
2237 923 2291 976 τ’
2322 921 2682 995 ἀνθρωπίνων
2720 922 3069 990 πραγμάτων
3120 923 3198 986 ὡς
3238 924 3360 977 οὐδέ
3405 943 3490 989 τις
3531 928 3645 994 ἐφιο

2071 1016 2371 1083 λοσόφτβε,
2399 1013 2661 1078 διεξιέναι
2693 1017 3040 1085 μακρότερον
3089 1015 3155 1068 ἂν
3197 1014 3285 1085 εἴη
3317 1016 3349 1087 ἢ
3384 1017 3532 1071 κατὰ
3559 1016 3645 1073 τὸν

2075 1107 2324 1180 παρόντα
2365 1109 2461 1164 τοῦ
2503 1109 2665 1178 λόγου
2696 1108 2923 1164 σκοπόν
2968 1108 3085 1164 νυνὶ
3113 1108 3158 1164 δ’
3188 1109 3430 1180 ἀφέντας
3464 1112 3645 1165 ἐκεῖνα

2074 1198 2216 1261 (οὐδὲ
2256 1204 2367 1270 γὰρ
2416 1201 2597 1265 ἄλλως
2641 1197 2752 1255 οἷόν
2779 1210 2886 1271 τε),
2923 1200 2983 1256 ἓν
3023 1202 3082 1270 ἐξ
3117 1203 3373 1257 ἁπάντων
3405 1204 3643 1274 ἡγοῦμαι

2072 1297 2357 1365 προθεῖναι
2391 1293 2579 1357 καλὸν,
2609 1293 2670 1346 ὃν
2701 1310 2764 1362 γε
2801 1294 2894 1347 acati.
2940 1292 3106 1348 τοῦτο
3132 1295 3233 1349 οὐκ
3275 1296 3515 1366 ἀμυδρὸν
3546 1297 3642 1367 τῆς

2069 1389 2401 1461 Σωκράτους
2458 1388 2653 1458 σοφίας
2707 1387 3056 1458 τεκμήριονο
3106 1387 3170 1442 τὸ
3222 1387 3280 1442 δέ
3331 1390 3513 1457 ἐστιν,
3551 1389 3643 1457 ὅγε

2070 1483 2203 1553 περὶ
2252 1481 2346 1535 τοῦ
2397 1480 2557 1550 λόγου
2584 1519 2601 1545 ,
2648 1474 2764 1534 οἷόν
2805 1497 2858 1534 τι
2897 1484 2996 1534 καὶ
3049 1481 3178 1537 ὅσον
3224 1476 3644 1546 οὖτοςδύναται

2068 1574 2150 1637 εἰς
2194 1572 2378 1643 ψυχὴν
2404 1612 2419 1638 ,
2454 1572 2698 1643 ὁπηνίκα
2755 1571 2857 1645 τὴν
2891 1573 3101 1645 ταύτης
3139 1573 3475 1644 κυϐέρνησιν
3507 1573 3641 1646 ἔχοι,

2068 1666 2456 1736 ἐφιλοσόφησε.

2145 1757 2259 1812 Καὶ
2315 1757 2369 1811 τί
2418 1773 2596 1829 φησι;
2649 1775 2668 1809 t
2702 1758 2923 1825 Ἀλλοις
2977 1758 3077 1832 μὲν
3124 1757 3262 1814 ἄλλα
3311 1760 3641 1830 κοσμεῖται*

2070 1849 2252 1922 ψυχῆς
2301 1851 2359 1906 δὲ
2416 1851 2715 1925 κοσμήτωρ
2764 1853 2966 1917 οἰκεῖος
3000 1852 3167 1923 μόνος
3198 1853 3228 1906 ό
3274 1852 3455 1922 λόγος,
3485 1850 3554 1907 δι’
3582 1842 3643 1906 οὗ

2069 1944 2138 2017 δὴ
2168 1947 2265 2000 καὶ
2297 1944 2565 2015 καλλίστη
2601 1945 2743 2017 αὐτὴ
2774 1945 2978 2014 ἑαυτῆς
3012 1949 3429 2014 καταφαίνεται·
3460 1945 3561 2011 ὡς,
3593 1946 3642 1997 εί

2075 2037 2153 2107 μὴ
2201 2031 2358 2099 οὗτός
2388 2054 2452 2106 γε
2494 2039 2768 2110 κοσμήσει
2814 2037 3173 2109 παραλαϐὼν,
3217 2038 3519 2093 κινδυνεύει
3545 2035 3641 2091 τοῦ

2068 2130 2269 2194 παντὸς
2307 2132 2508 2203 αἰσχίω
2556 2128 2696 2185 εἶναι
2729 2132 2930 2204 ψυχήν.
2965 2150 2984 2184 ο

2144 2313 2258 2368 Καὶ
2284 2313 2320 2368 ἃ.
2351 2313 2451 2383 μὲν
2483 2312 2613 2381 περὶ
2643 2311 2738 2365 τοῦ
2776 2311 2940 2381 λόγου
2983 2312 3306 2384 Σωκράτης,
3336 2315 3531 2370 ταῦτα·
3569 2317 3645 2382 ὡς

2067 2404 2124 2458 δὲ
2153 2402 2250 2458 τοῦ
2289 2403 2486 2474 ἀνδρὸς
2515 2402 2645 2468 ἄξια
2678 2403 2774 2456 καὶ
2808 2405 2906 2471 τῆς
2933 2405 3143 2457 ἐκείνου
3181 2407 3376 2474 σοφίας
3405 2408 3647 2479 ἀκριόὡο

2071 2493 2216 2550 σαιτ’
2253 2494 2319 2550 ἄν
2350 2510 2434 2558 τις
2462 2493 2668 2557 καλῶς,
2703 2494 2993 2566 προσέχων
3031 2497 3144 2558 τοῖς
3196 2496 3340 2564 μετὰ
3376 2498 3571 2554 ταῦτα.

2139 2586 2316 2655 Λόγος
2367 2582 2485 2655 τῆς
2516 2584 2697 2655 ψυχῆς
2749 2585 2984 2655 ἐξορίζει
3034 2587 3252 2657 Θυμδν,
3307 2591 3405 2646 καὶ
3458 2590 3647 2647 κακῶν

2069 2677 2343 2748 ἐπιθυμία
2374 2676 2745 2746 φυγαδεύεται
2799 2676 2963 2747 λόγῳο
3001 2679 3241 2749 μάλιστα
3279 2681 3335 2734 δὲ
3384 2683 3526 2751 μετὰ
3557 2684 3647 2739 λό-
3690 2676 3697 2684 ’

2068 2789 2169 2842 γου
2206 2771 2305 2826 καὶ
2347 2771 2523 2824 ταῦτα
2577 2772 2653 2834 είς
2710 2771 2810 2833 τὰς
2848 2770 2960 2824 τῶν
3006 2773 3221 2843 ἀρετῶν
3256 2775 3647 2843 μεταϐαίνουσι

2069 2863 2288 2932 φύσεις.
2348 2860 2648 2931 Γίγνεσθαι
2702 2860 2811 2931 γὰρ
2853 2859 3015 2931 ῐσμεν
3070 2862 3312 2933 ἀνδρίαν,
3382 2867 3518 2934 μετὰ
3548 2865 3645 2921 τοῦ

2068 2958 2232 3026 λόγου
2262 2955 2358 3010 τοῦ
2402 2955 2582 3026 θυμοῦ
2613 2954 2972 3024 γιγνομένου*
3001 2956 3097 3009 καὶ
3138 2957 3283 3011 κατὰ
3327 2957 3487 3026 λόγον
3523 2959 3648 3013 ἑπι-

2070 3051 2330 3118 θυμήσας
2357 3064 2441 3111 τις
2466 3046 2569 3100 οὐκ
2609 3045 2676 3099 ἂν
2721 3046 2799 3109 ὡς
2821 3045 2994 3109 κακὸς
3019 3046 3374 3101 διαδάλλοιτο
3393 3065 3408 3080 ·
3445 3048 3648 3104 δίκαιοι

2068 3140 2387 3209 νομίζονται
2421 3138 2729 3209 ἄνθρωποι,
2763 3137 2878 3192 ἀλλ’
2908 3140 3060 3207 ὅταν,
3092 3139 3180 3210 ἐφ’
3211 3131 3288 3194 ὧν
3319 3141 3646 3213 πράττουσι,

2065 3233 2159 3287 τὸν
2189 3234 2352 3301 λόγον
2383 3232 2829 3304 προδάλλωνται·
2872 3232 2972 3286 καὶ
3026 3233 3331 3304 φρονίμους
3377 3234 3478 3288 οὐκ
3524 3235 3648 3290 dvo-

2069 3324 2235 3395 μάσει
2284 3338 2390 3385 τις,
2426 3321 2543 3374 ἀλλ’
2584 3320 2681 3384 οὓς
2709 3316 2820 3376 οἶδε
2856 3322 3097 3392 μάλιστα
3125 3325 3514 3397 κεχρημένους
3565 3326 3647 3397 τῷ

2064 3414 2209 3486 λόγῳ
2237 3428 2252 3445 ο
2306 3412 2593 3482 ἐπιστήμη
2653 3412 2744 3466 διὰ
2793 3411 2956 3480 λόγου
2990 3416 3347 3485 προσγίνεται
3373 3420 3440 3488 τῇ
3473 3417 3645 3490 ψυχῇ,

2064 3508 2161 3562 καὶ
2210 3507 2414 3576 γνῶσιν
2445 3505 2547 3575 τὴν
2588 3504 2731 3575 ὑπὲρ
2766 3503 3026 3577 αἴσθησιν
3065 3507 3213 3578 μόνῳ
3246 3507 3324 3579 τῷ
3371 3507 3516 3580 λόγῳ
3550 3511 3649 3581 θη-

2069 3581 2302 3671 ρεύομεν
2336 3599 2637 3667 ἄνθρωποι·
2672 3598 3022 3667 θαυμάζεται
3057 3599 3217 3669 μόνος
3242 3601 3527 3673 ἄνθρωπος
3554 3605 3651 3662 ἐπὶ

2062 3695 2190 3765 γῆς,
2218 3692 2337 3748 ἀλλ’
2384 3690 2552 3745 ἓνεκα
2592 3708 2658 3760 γε
2705 3689 2801 3744 τοῦ
2836 3690 3028 3760 λόγου,
3063 3693 3160 3746 καὶ
3207 3693 3349 3764 ὑπὲρ
3386 3697 3452 3749 τὰ
3494 3698 3648 3751 κάτω

2060 3789 2275 3858 γίνεται
2302 3788 2463 3844 τοῦτο
2497 3789 2560 3842 τδ
2608 3788 2750 3855 ζῶον
2795 3790 2873 3861 τῷ
2920 3790 3066 3863 λόγῳ
3098 3794 3645 3866 χειραγωγούμενον·

2061 3881 2326 3948 ἐπίνοιαι,
2356 3884 2549 3954 τέχναι
2593 3899 2656 3936 τε
2692 3884 2870 3938 πᾶσαι
2908 3886 3005 3937 καὶ
3036 3889 3305 3956 μηχαναὶ,
3349 3888 3442 3941 τοῦ
3480 3888 3648 3957 λόγου

2060 3975 2413 4046 γεννήματαο
2447 3975 2646 4045 σοφίας
2678 3975 2865 4046 πατὴρ
2897 3978 2925 4030 ὁ
2953 3975 3133 4047 λόγος,
3159 3979 3255 4032 καλ⁹
3285 3979 3459 4053 ἀρετὴ
3492 3982 3650 4037 πᾶσα

2059 4059 2369 4140 γεννήτορα
2405 4068 2499 4124 τὸν
2540 4068 2701 4134 λόγον
2747 4067 3155 4141 πεπλούτηκεν.
3207 4072 3324 4126 Οὐκ
3369 4072 3481 4144 ἔχει
3532 4073 3647 4146 χώ-

2061 4181 2165 4235 ραν
2193 4162 2390 4228 κακία,
2415 4161 2555 4215 ὂπου
2604 4162 2667 4215 τὺ
2702 4161 2907 4234 κράτος
2946 4161 3087 4233 ἔχων
3133 4164 3287 4218 ἐστὶν
3334 4164 3510 4232 οὗτος,
3544 4168 3648 4223 καὶ

2059 4254 2233 4327 ἀρετὴ
2286 4252 2344 4308 δὲ
2381 4254 2535 4309 πᾶσα
2585 4256 2654 4325 τῇ
2711 4256 2809 4310 τοῦ
2863 4255 3029 4327 λόγου
3086 4258 3373 4332 παρρησίᾳ
3427 4261 3649 4332 εἰσάγε-

2057 4367 2170 4406 ται.
2750 4391 2765 4406 ο

2129 4441 2318 4497 Ταῦτα
2352 4444 2451 4515 μὲν
2475 4443 2540 4514 δὴ
2564 4443 2661 4497 καὶ
2692 4441 2763 4497 τὰ
2793 4443 3003 4498 τούτων
3032 4443 3115 4497 ἔτι
3157 4444 3331 4499 πλείω
3355 4445 3445 4500 διὰ
3474 4447 3644 4516 λόγου

359 4539 624 4606 σείυιιιυτ,
672 4553 800 4594 cum
847 4538 1000 4593 illius
1042 4537 1507 4610 gubernationem
1555 4540 1794 4610 arripuit
1842 4556 1858 4596 :
1908 4540 1956 4596 si

2073 4536 2271 4606 γίνεται
2306 4540 2376 4610 τῇ
2404 4537 2574 4610 ψυχῇ,
2609 4539 2741 4592 ὅταν
2772 4537 2873 4609 ἔχῃ
2898 4539 3266 4610 ἐγχειρισθεὶς
3294 4538 3395 4611 τὴν
3429 4540 3649 4609 ταύτης

342 4641 563 4690 autem
592 4632 743 4688 aliud
790 4646 892 4703 pro
926 4631 1020 4686 illa
1051 4631 1294 4685 animam
1326 4628 1669 4700 dominatur,
1717 4643 1855 4705 quot
1900 4642 1961 4690 et

354 4740 579 4801 quanta
613 4729 792 4784 mala!
825 4728 1026 4786 Statim
1079 4729 1133 4783 in
1180 4743 1244 4782 ea
1287 4728 1662 4798 perturbatio,
1690 4742 1757 4783 ac
1791 4729 1962 4785 malo-

358 4841 497 4882 rum
534 4822 893 4887 resurrectio,
926 4834 984 4879 et
1033 4816 1373 4879 caetei-orum
1403 4823 1686 4894 appetitus
1716 4832 1775 4878 et
1824 4837 1960 4879 con-

362 4918 762 4990 cupiscentia,
798 4915 1024 4986 quibus
1073 4914 1373 4986 illaqueata
1421 4915 1474 4970 in
1528 4914 1806 4985 sapientia
1844 4929 1959 4970 non

363 5012 736 5077 consisteret,
778 5019 965 5066 motus
996 5008 1200 5064 rationi
1232 5006 1497 5063 contrarii
1546 5016 1603 5063 et
1636 5006 1958 5076 inordinati,

363 5116 543 5177 atque
582 5106 721 5161 nihil
757 5103 989 5174 dignum
1039 5116 1107 5157 ac
1150 5101 1439 5157 decorum.
1493 5101 1655 5170 Nam,
1699 5101 1960 5172 quoniam

364 5214 722 5272 qumcunque
753 5198 920 5265 mala,
970 5204 1247 5267 praesente
1279 5195 1516 5262 ratione,
1569 5194 1793 5262 absunt,
1819 5195 1959 5261 haec,

362 5294 418 5351 si
450 5310 559 5349 non
592 5301 914 5365 permaneat
942 5291 1105 5359 ratio,
1129 5290 1325 5346 adesse
1352 5304 1582 5345 necesse
1611 5299 1730 5346 est:
1765 5290 1961 5346 eodem

372 5389 495 5444 {ere
532 5386 699 5442 modo
729 5400 794 5440 ac
821 5396 933 5440 nos
981 5391 1068 5440 est
1106 5382 1358 5439 defectus
1409 5382 1660 5450 luminis,
1691 5398 1801 5454 quo
1844 5381 1963 5438 dies

364 5478 633 5544 emcitnr,
655 5484 711 5533 et
739 5476 969 5531 morbus
998 5474 1243 5542 advolat,
1277 5489 1405 5529 cum
1431 5471 1648 5530 recedit
1671 5488 1702 5527 a
1725 5487 1960 5545 corpore

367 5573 607 5630 sanitas.

453 5751 585 5819 Quae
636 5749 824 5821 omnia
875 5750 1130 5820 profecto
1165 5746 1540 5818 conspiciens.
1588 5745 1956 5817 Sophronisci

373 5848 526 5905 (thus
548 5846 815 5911 Socrates
846 5847 1118 5903 rationem
1168 5844 1438 5900 bonarum
1490 5842 1799 5897 animarum
1828 5856 1960 5912 pro-

2059 4629 2432 4702 κυϐέρνησιν·
2481 4632 2547 4685 ἂν
2603 4631 2650 4687 δ’
2709 4629 2904 4701 ἕτερον
2952 4631 3074 4684 ἀντὶ
3108 4631 3303 4684 τούτου
3333 4635 3510 4703 κρατῇ
3541 4634 3649 4704 τῆς

2057 4719 2261 4790 ψυχῆς,
2293 4715 2381 4774 οἷα
2430 4722 2524 4774 καὶ
2569 4722 2669 4776 ὅσα
2700 4723 2767 4776 τὰ
2810 4718 3065 4792 χαλεπαί
3104 4718 3252 4790 Ζαλη
3288 4721 3421 4790 περὶ
3466 4720 3648 4788 αὐτὴν

2060 4812 2283 4876 αὐτίκα,
2339 4814 2436 4868 καὶ
2490 4812 2679 4866 κακῶν
2735 4813 3133 4877 ἐπανάστασις,
3187 4813 3297 4865 τῶν
3346 4829 3409 4865 τε
3460 4811 3652 4865 ἄλλων

2062 4907 2160 4960 καὶ
2191 4904 2258 4975 δὴ
2313 4904 2409 4958 καὶ
2445 4905 2622 4977 θυμοῦ
2652 4907 2747 4958 καὶ
2784 4905 3115 4976 ἐπιθυμίας,
3156 4903 3249 4974 ὑφ’
3293 4898 3368 4959 ὧν
3414 4922 3652 4975 κατεχο-

2064 5001 2200 5070 μένη
2252 4998 2363 5052 οὐδ’
2415 4999 2481 5052 ἂν
2518 4998 2599 5051 ἔτι
2652 4997 2843 5066 σαφῶς
2907 5000 3065 5069 μένοι
3114 5000 3287 5071 ψυχὴ,
3330 4999 3390 5054 τδ
3435 5001 3649 5054 οίκετον

2062 5090 2385 5144 ἀπολέσασα
2418 5084 2580 5157 εἶδος,
2613 5088 2829 5158 κίνησις
2863 5089 3020 5159 παρὰ
3050 5089 3212 5159 λόγον
3238 5091 3335 5145 καὶ
3375 5093 3647 5156 ἄτακτος,

2059 5184 2160 5239 καὶ
2187 5183 2344 5237 οὐδὲν
2378 5182 2517 5253 μετὰ
2538 5182 2749 5253 κόσμου
2775 5181 2987 5236 καὶτοῦ
3021 5186 3419 5255 προσήκοντος.
3454 5183 3651 5236 Ἐπει-

2059 5277 2239 5349 δήπερ
2270 5279 2366 5331 καὶ
2413 5277 2578 5331 πάνυ⁹
2608 5277 2732 5345 ὅσα,
2782 5276 2878 5331 τοῦ
2927 5276 3093 5344 λόγου
3145 5276 3455 5346 παρόντος,
3490 5277 3649 5346 ἀπῆν

2058 5374 2169 5429 τῶν
2197 5371 2389 5428 δεινῶν
2408 5410 2425 5437 ,
2461 5369 2638 5425 ταῦτα
2662 5372 2921 5441 παρεῖναι
2947 5370 3188 5439 ἀνάγκη,
3240 5369 3335 5423 τοῦ
3373 5368 3533 5439 λόγου
3565 5368 3651 5441 μὴ

2062 5463 2498 5534 παραμένοντος
2527 5460 2719 5531 ῶσπερ
2764 5462 2904 5532 δῆτα
2954 5463 3050 5517 καὶ
3086 5461 3186 5526 νύξ
3218 5462 3369 5516 ἐστιν
3400 5462 3652 5516 ἀπουσία

2062 5555 2157 5608 τοῦ
2183 5556 2283 5626 τὴν
2309 5553 2523 5625 ἡμέραν
2556 5552 2836 5617 ποιοῦντος
2861 5552 3065 5622 φωτὸς,
3096 5552 3193 5605 καὶ
3223 5553 3377 5615 νόσος
3416 5552 3650 5625 ἐπιτρέ-

2062 5666 2167 5721 χει,
2197 5650 2297 5718 τῆς
2331 5647 2520 5716 ὑγείας
2544 5644 2943 5718 ἀποδημούσης
2975 5646 3071 5699 τοῦ
3111 5645 3388 5717 σώματος.

2138 5744 2207 5796 ’Δ
2235 5742 2302 5812 δὴ
2334 5742 2513 5795 πάντα
2544 5740 2791 5809 συνορῶν
2844 5740 2873 5791 ό
2917 5738 3310 5811 Σωφρονίσκου
3340 5739 3645 5809 Σωκράτης

2064 5838 2313 5908 πλάστην
2361 5836 2584 5906 ἀγαυῶν
2639 5834 2751 5891 τῶν
2810 5833 3000 5906 ψυχῶν
3045 5833 3138 5888 τὸν
3190 5834 3349 5904 λόγον
3405 5832 3641 5900 ὲδίδαξε.
