3894 6496
326 382 432 444 1.93
1263 382 1586 443 GEORGII
1633 382 1887 443 CYPlill
1935 383 2040 447 GP.
2085 384 2596 446 PATRIARCILE
3471 389 3568 452 434

326 495 512 548 varias
549 493 912 548 adversitates
965 503 1160 563 sponte
1209 510 1307 548 sua
1345 495 1619 549 abdicavit
1669 496 1874 564 quique
1924 495 2170 564 proxime
2214 500 2463 566 sequenti
2505 513 2648 553 anno
2697 496 2834 551 1290
2883 499 3018 554 obiit
3057 500 3302 567 epistolae
3348 513 3566 555 centum

327 585 631 655 nonaginta
662 594 716 638 et
745 601 878 651 una,
907 600 1032 638 cum
1068 587 1263 640 incerti
1299 586 1584 657 cujusdam
1631 585 1838 640 actoris
1867 589 2186 658 synchroni,
2221 591 2382 656 cujus
2425 606 2622 645 nomen
2657 592 2728 646 ob
2776 609 2942 663 supra
2971 601 3334 649 memoratum
3363 596 3568 665 aliquot

325 674 584 727 foliorum
612 673 890 727 delectum
922 675 1234 744 ignoratur,
1261 674 1610 737 Praefatione,
1657 674 1836 728 Vitam
1889 689 1986 730 seu
2035 678 2220 745 potius
2251 678 2653 734 Laudationem
2682 681 2804 750 ejus
2833 682 3152 736 continente
3181 701 3194 748 ;
3227 698 3349 749 quae
3381 686 3567 739 mutila

326 761 521 829 incipit
550 761 654 813 hoc
683 762 845 814 modo
879 778 897 815 :
933 803 946 817 .
973 800 988 815 .
1015 798 1030 816 .
1055 800 1069 816 .
1091 799 1107 815 .
1135 801 1149 815 .
1185 762 1359 827 λόγων
1411 761 1467 813 δὲ
1504 761 1770 830 ἐπεθύμει
1806 762 1864 831 μί

2031 765 2341 832 λεπρέφετο
2369 767 2428 820 δὲ
2502 768 2578 827 ὡς
2611 767 2834 837 ἥκιστα,
2870 779 2980 826 etc.
3019 770 3231 824 Desinit
3272 780 3456 824 autem
3489 773 3569 828 his

323 850 508 904 verbis
535 866 552 903 :
582 850 701 902 Κᾶν
719 866 801 912 τις
835 849 942 919 ἄρα
995 853 1125 920 περὶ
1153 852 1262 903 τῶν
1288 851 1501 905 ἐκείνου
1533 852 1769 920 χρηστόν
1800 868 1850 902 τι
1890 851 1924 922 ἢ
1963 852 2057 904 καὶ
2087 853 2316 922 θάτερον
2343 859 2603 925 μαρτυρῇ
2639 857 2721 918 είς
2753 855 3040 926 τάμαυτοῦ
3071 857 3168 909 καὶ
3202 857 3264 909 τὸ
3300 858 3568 927 σκῶμμα,

323 940 403 1000 εἰς
433 938 722 1006 τάμαυτοῦ
781 938 875 991 καὶ
917 939 1008 991 τὸν
1057 940 1280 992 ἔπαινον
1330 940 1520 1009 φέρειν
1567 942 1732 1007 φημὶ,
1787 938 1928 992 ὥστε
1968 939 2058 1008 μοί
2098 941 2150 1008 γ’
2185 939 2330 993 οὕτω
2365 941 2434 994 τὰ
2489 943 2628 1012 πρὸς
2682 946 2892 998 ἐκεῖνον
2927 943 3108 1012 ἔχοντι
3146 942 3355 1011 πρέπον
3390 945 3455 995 ἂν
3483 943 3569 1014 είη

325 1028 510 1096 σιγᾷν.
557 1027 621 1078 Ἢ
652 1027 712 1080 δέ
759 1045 863 1079 που
921 1029 1140 1090 πυκτὶς.
1191 1029 1328 1096 ὅπερ
1362 1029 1459 1080 καὶ
1493 1028 1703 1081 ἄνωθεν
1745 1027 1904 1096 ἔφην,
1937 1014 2120 1091 καλῶς
2150 1028 2246 1082 τὸν
2291 1031 2508 1100 πατέρα
2549 1034 2666 1094 τοῖς
2697 1031 3135 1100 ἀναγινώσκουσι
3185 1030 3350 1095 δείξει
3379 1047 3396 1062 ·
3429 1030 3567 1084 ὥστε

327 1115 662 1181 προσεκτέον
693 1115 831 1183 αὒτῇ
872 1115 967 1167 τοῦ
1014 1115 1231 1180 λοιποῦ,
1286 1115 1381 1166 καὶ
1411 1115 1487 1177 ὼς
1519 1115 1584 1167 ἂν
1615 1115 1755 1185 αὐτῇ
1785 1115 1947 1170 δώσει
2003 1117 2234 1185 κρίνειν,
2279 1117 2424 1172 οὕτω
2481 1119 2578 1172 καὶ
2614 1121 2744 1190 περὶ
2775 1121 2886 1175 τῶν
2919 1119 3228 1190 εἰρημένων
3259 1120 3359 1190 τὴν
3385 1119 3567 1190 ψῆφον

326 1201 660 1265 ὲξενεκτέον.
697 1203 1019 1271 Sequuntur
1054 1202 1260 1256 deinde
1294 1203 1426 1271 ipsae
1453 1202 1734 1271 epistolae;
1781 1217 2016 1271 quarum
2064 1205 2240 1274 prima
2289 1205 2357 1260 ad
2405 1205 2944 1262 Protosecretarium
2991 1208 3300 1261 Manuelem
3351 1206 3573 1261 Neocae.

324 1308 636 1347 sareeusem
673 1292 994 1346 inscribitur
1044 1302 1207 1360 atque
1241 1290 1436 1360 incipit
1485 1291 1590 1346 hoc
1637 1292 1798 1346 modo
1836 1305 1851 1345 :

2033 1291 2220 1344 στολαὶ
2253 1292 2348 1344 τοῦ
2388 1293 2696 1360 ἁγιωτάτου
2740 1295 2836 1348 καὶ
2860 1294 3248 1364 οίκουμενικοῦ
3294 1294 3567 1363 πατριάρ-

324 1400 420 1450 χου
458 1390 650 1450 κυρίου
685 1381 1020 1451 Γρηγορίου.
1054 1383 1135 1438 A'.
1169 1381 1262 1450 Τῷ
1289 1382 1751 1453 Νεοκαισαρείτῃ.
1781 1380 1920 1434 Φασί
1944 1397 2088 1443 τινες
2121 1380 2279 1449 λόγον
2327 1381 2390 1432 ὲκ
2448 1380 2550 1451 τῆς
2608 1384 2783 1451 πέραν
2823 1383 3058 1452 ἠπείρου
3099 1383 3352 1452 ἀφῖχθαι,
3378 1383 3568 1453 ἀνδρὸς

322 1473 545 1541 πόνημα
567 1473 628 1525 οὐ
664 1472 800 1526 πολὺ
833 1471 990 1534 κλέος
1040 1471 1281 1542 ἀρχῆθεν
1321 1473 1378 1524 ἐν
1408 1471 1611 1537 λόγοις·
1646 1471 1782 1540 φασὶ
1838 1469 1935 1524 καὶ
1973 1470 2066 1522 τὸν
2102 1469 2262 1536 λόγον
2301 1463 2443 1522 εῖναι
2492 1463 2607 1522 οἷον
2638 1470 2950 1524 ἀνανεῶσαι
2985 1469 3080 1523 καὶ
3114 1471 3352 1542 αὐξῆσαι
3384 1471 3445 1524 τὸ
3474 1471 3568 1524 τοῦ

321 1561 532 1630 πατρὸς
567 1561 726 1623 κλέος
771 1560 1067 1613 παλαιόθεν
1112 1560 1236 1631 ήδη,
1289 1561 1389 1612 οὐκ
1448 1561 1776 1614 ἐλαττῶσαι.
1813 1558 2024 1612 Οὔκουν
2065 1553 2177 1623 ἐγὼ
2235 1554 2365 1625 περὶ
2402 1554 2495 1607 τοῦ
2532 1556 2800 1626 προτέρου
2832 1557 3202 1626 πυνθάνομαι,
3255 1559 3304 1611 εί
3335 1557 3570 1628 βεϐαίως

321 1649 550 1714 ἀφίκετο
579 1664 593 1676 ·
644 1648 874 1716 ἀφίκετο
919 1649 1050 1718 γὰρ.
1092 1657 1201 1702 etc.
1242 1647 1553 1702 Centesima
1585 1657 1768 1701 autem
1818 1662 1859 1700 nt

2027 1646 2172 1699 :sima
2202 1643 2376 1715 prima
2425 1643 2762 1707 inscribitur.
2780 1658 2945 1716 atque
2994 1647 3187 1717 incipit
3216 1647 3322 1702 hoc
3355 1647 3516 1702 modo
3551 1662 3565 1700 :

319 1738 442 1790 Τινὶ
470 1736 580 1788 τῶν
616 1735 920 1806 ἀρχιερέων
951 1734 1085 1804 ρλα’.
1135 1736 1223 1796 Ὡς
1270 1735 1590 1804 διετέθησαν
1629 1737 1678 1788 oi
1733 1735 1995 1803 πολεμεῖν
2057 1735 2146 1787 ἀεὶ
2196 1735 2264 1805 τῇ
2289 1732 2596 1805 Ἐκκλησία
2645 1734 2743 1788 καὶ
2773 1737 2838 1805 τῇ
2869 1737 3206 1790 καταστάσει
3235 1736 3344 1789 τῶν
3383 1751 3567 1805 πραγ-

330 1825 518 1895 μάτων
579 1823 917 1894 βουλόμενοι,
943 1825 1039 1877 καὶ
1073 1823 1148 1888 ὡς
1196 1821 1352 1888 αὔξει
1386 1823 1509 1876 καθ’
1537 1823 1778 1891 ἑκάστην
1807 1824 1871 1876 ὲκ
1900 1823 1999 1892 τῆς
2033 1821 2238 1875 τούτων
2271 1821 2539 1892 ἐπηρείας
2589 1825 2656 1876 τὰ
2710 1822 3002 1892 σφάλματα
3050 1823 3308 1894 περιττὸν
3349 1825 3480 1886 ίσως
3510 1825 3569 1878 ιν

323 1917 436 1977 τοῖς
471 1913 566 1966 νῦν
606 1913 942 1982 διηγεῖσθαι,
979 1913 1126 1977 ἐπεὶ,
1166 1922 1274 1967 etc.
1311 1911 1651 1982 Dignissimaa
1679 1909 1861 1981 profec

2034 1918 2094 1963 nt
2120 1923 2315 1963 omnes
2348 1909 2453 1963 illa:
2480 1910 2748 1979 epistolae,
2774 1919 2833 1964 ut
2866 1921 3123 1980 tanquam
3153 1912 3414 1966 eximium
3438 1911 3569 1966 Cor-

323 2004 474 2070 poris
507 2003 762 2058 Historia‘:
792 2002 1110 2071 Byzantina:
1142 2003 1587 2072 supplementum
1617 1999 1803 2056 Graec
1832 2011 1889 2054 et
1923 1997 2117 2052 Latine
2155 1997 2210 2051 in
2242 1997 2421 2051 lucem
2453 1996 2808 2066 proferantur
2839 2008 2895 2053 et
2941 2000 3166 2068 quidem
3192 2000 3466 2070 praecipue
3497 2000 3568 2054 ob
3610 2039 3614 2041 »

325 2091 547 2160 Georgii
601 2091 961 2161 Pachymeris
1017 2089 1312 2144 Historiam
1368 2088 1599 2144 Jusserii
1637 2086 1940 2142 Andronici
1978 2087 2285 2158 Palasologi
2334 2088 2593 2152 senioris.
2642 2090 2846 2160 quippe
2875 2107 2996 2162 qua:
3031 2091 3317 2146 beneﬁciis
3371 2091 3567 2145 harum

322 2180 681 2248 cpistolarum
737 2178 1069 2232 immuneris
1114 2179 1232 2232 fere
1281 2176 1422 2232 locis
1453 2185 1633 2247 potest
1666 2174 1954 2231 illustrari.
1987 2173 2129 2230 Sunt
2174 2175 2322 2229 enim
2357 2176 2500 2230 inter
2528 2191 2626 2230 eas
2658 2177 2843 2230 multae
2886 2176 2954 2230 ad
2991 2178 3170 2248 ipsum
3199 2177 3352 2232 illum
3393 2179 3568 2248 impe-

319 2279 559 2321 ratorem
603 2267 1011 2331 Andronicum;
1061 2267 1190 2319 item
1220 2265 1288 2320 ad
1329 2264 1623 2335 Georgium
1657 2263 2029 2334 Acropolitam
2063 2279 2226 2334 quem
2261 2280 2422 2320 suum
2459 2268 2697 2337 appellat
2721 2267 3040 2323 διδάσκαλον
3065 2269 3180 2323 sive
3218 2270 3567 2338 magistrum,

320 2355 386 2409 ad
429 2355 828 2409 Melidenistam
880 2352 1340 2407 archidiaconum
1392 2352 1486 2421 qui
1529 2351 1714 2406 socius
1747 2350 1853 2405 fuit
1879 2353 2276 2420 expatriarchae
2305 2354 2533 2410 Joannis
2589 2356 2749 2412 Becci
2781 2358 2836 2411 in
2882 2371 3109 2413 carcere
3142 2358 3210 2412 ad
3238 2357 3566 2412 Holobolum

321 2442 600 2495 rhetorem
659 2441 751 2508 qui
783 2439 995 2510 synodo
1023 2448 1214 2492 cootra
1248 2439 1481 2492 Beccum
1517 2437 1765 2493 interfuit
1794 2439 1862 2492 ad
1918 2439 2271 2497 Theodorum
2309 2443 2650 2500 Muzalonem
2688 2461 2944 2515 magnum
2981 2445 3310 2511 logothetam
3348 2455 3404 2499 et
3437 2460 3567 2514 pro-

318 2529 698 2585 tovcstiarium
725 2527 791 2581 ad
857 2527 1232 2597 Nicephorum
1262 2525 1578 2580 Chumnum
1653 2525 1956 2583 Muzaionis
2008 2545 2390 2586 successorem
2427 2534 2801 2589 Theodosium
2858 2536 3270 2605 Saponopulum
3319 2533 3385 2588 ad
3421 2533 3570 2587 [lau-

320 2619 516 2673 laenam
551 2616 1095 2686 protovesrarissam.
1148 2630 1270 2684 qua:
1321 2615 1500 2684 ipsum
1551 2615 1660 2685 jam
1711 2617 2152 2684 expatriarcham
2188 2619 2242 2674 in
2279 2622 2620 2677 monasterio
2664 2623 2974 2678 liberaliter
3032 2624 3364 2679 sustentavit
3413 2633 3470 2676 et
3498 2621 3567 2676 ad

319 2709 638 2778 complures
676 2707 838 2770 alios,
892 2720 1130 2775 quorum
1167 2719 1332 2773 supra
1385 2713 1723 2759 memoratus
1764 2705 2132 2778 Pachymeres
2163 2707 2218 2762 in
2275 2706 2518 2764 Historia
2561 2725 2660 2764 sua
2696 2709 3012 2781 frequenter
3069 2709 3338 2764 meminit.
3370 2708 3567 2775 Repeti

319 2811 542 2869 quoque
567 2797 642 2850 ibi
674 2810 863 2860 unam,
922 2807 1120 2863 nempe
1176 2793 1572 2863 scxagesimam
1620 2808 1816 2848 novam
1873 2797 1941 2850 ad
1970 2797 2148 2866 ipsum
2196 2797 2350 2851 illum
2383 2798 2712 2870 Gregorium
2769 2799 3160 2870 Pachymerem
3191 2800 3349 2868 cujus
3377 2797 3571 2852 titulus
3648 2862 3654 2868 ,

317 2897 373 2942 et
407 2887 742 2956 principium
781 2900 794 2936 :
834 2883 927 2952 Τῷ
960 2882 1288 2954 Παχυμέρη.
1345 2881 1593 2935 Δέσποτὰ
1645 2899 1748 2950 μου
1811 2883 2114 2952 σοφώτατε,
2145 2885 2388 2954 ἀνέγνων
2424 2887 2517 2942 τὸν
2563 2887 2724 2955 λόγον
2770 2888 2926 2942 πλεῖν
2966 2889 3000 2959 ἢ
3032 2889 3313 2956 τετράκις·
3343 2887 3484 2955 ἑγνω
3512 2885 3568 2938 δὲ

321 2976 431 3028 οὐδ’
460 2978 540 3038 είς
571 2973 744 3037 ἅπαξ,
776 2983 888 3027 etc.
935 2971 1126 3026 Varias
1172 2976 1340 3025 etiam
1379 2971 1450 3025 ob
1498 2985 1697 3027 causas
1755 2987 1937 3042 operas
1983 2973 2222 3041 pretium
2262 2972 2429 3028 fuerit
2461 2989 2655 3030 omnes
2686 2975 2906 3029 illarum
2952 2975 3314 3044 epistolarum
3366 2972 3568 3028 inscri-

321 3067 542 3136 ptioncs
574 3063 794 3119 Graecas
841 3061 932 3117 hic
979 3061 1301 3132 singulatim
1359 3060 1618 3117 exhibere
1672 3077 1780 3116 una
1826 3078 1953 3118 cum
2005 3063 2322 3118 earumdem
2365 3063 2574 3130 initiis;
2602 3079 2705 3118 nec
2752 3080 2839 3119 me
2889 3063 3097 3134 pigebit
3133 3065 3294 3118 istius
3336 3063 3567 3127 laboris,

319 3165 510 3225 utpote
533 3169 658 3210 cum
695 3155 742 3208 is
771 3169 992 3222 quoque
1026 3152 1161 3207 mihi
1193 3170 1258 3210 ea
1290 3163 1346 3209 et
1381 3152 1486 3222 ipsi
1539 3151 1597 3206 in
1652 3167 1811 3206 sacra
1848 3161 1905 3206 et
1943 3152 2171 3221 profana
2203 3167 2396 3206 eorum
2425 3161 2740 3223 temporum
2772 3153 3012 3208 Historia
3046 3153 3488 3221 recognoscenda
3515 3159 3572 3205 et

323 3246 651 3300 illustranda
690 3243 921 3315 posthac
964 3243 1140 3314 possit
1175 3259 1299 3299 esse
1335 3241 1483 3298 usui.
1523 3241 1725 3295 Earum
1759 3241 1924 3310 igitur
1961 3240 2100 3295 ordo
2141 3249 2230 3295 est
2257 3241 2382 3296 talis
2414 3257 2428 3294 :
2465 3241 2712 3311 Epistola
2746 3242 2920 3311 prima
2951 3257 2968 3296 :
2997 3241 3075 3312 τῷ
3105 3241 3565 3313 Νεοκαισαρείτῃ.

318 3336 458 3389 Φασί
521 3351 669 3397 τινες
721 3333 906 3401 λόγον,
960 3343 1100 3398 etc.;
1159 3332 1450 3387 secunda:
1492 3329 1572 3400 τῷ
1616 3329 1856 3399 λογοθέτγ

2030 3347 2046 3383 ν
2089 3329 2322 3396 γενικῶν
2373 3329 2454 3399 τῷ
2507 3329 2890 3402 Ἀκροπολίτῃ.
2926 3329 2985 3382 '0
3037 3331 3136 3400 μὲν
3167 3327 3349 3382 κανὼν
3372 3369 3386 3393 ,
3422 3338 3568 3396 etc.;

319 3428 516 3480 tertia:
554 3425 633 3493 τῷ
666 3422 888 3493 μοναχῷ
925 3422 1150 3492 ἰασίτῃ.
1205 3421 1264 3474 '0
1289 3421 1416 3490 ἐμὸς
1470 3419 1568 3472 καὶ
1620 3420 1711 3482 σὸς
1756 3418 1857 3470 KH

2058 3425 2166 3471 etc.
2215 3428 2457 3486 ;quarta
2491 3433 2506 3470 :
2538 3417 2617 3486 τῷ
2645 3417 2817 3487 αὐτῷ.
2861 3417 3063 3481 Ἡδέως
3107 3417 3204 3488 μὲν
3254 3417 3382 3481 τοὺς
3419 3416 3573 3487 ἰχθῦς

319 3515 560 3581 εἴδομεν,
593 3523 742 3577 etc.;
779 3511 998 3580 quinta.
1041 3510 1119 3580 τῷ
1151 3508 1550 3578 Μελιτηνιώτῃ.
1597 3506 1761 3575 Ἐμὸν
1792 3505 1857 3558 πά

2032 3511 2117 3557 :tc.
2143 3522 2160 3568 ;
2187 3514 2363 3566 sexta,
2394 3503 2471 3572 τῷ
2500 3503 2959 3576 Νεοκαισαρείτῃ.
3001 3505 3303 3573 Ὑγιαίνειν
3336 3521 3396 3558 σε
3415 3544 3430 3569 ,
3459 3515 3570 3559 etc.

321 3601 557 3670 septima
603 3618 617 3653 :
650 3599 728 3668 τῷ
761 3598 1220 3659 Θεσσαλονικείας
1250 3597 1548 3666 Δημητρίῳ
1574 3594 1652 3664 τῷ
1690 3595 1859 3647 Beda:

2034 3591 2298 3660 Ζνέτυχον,
2331 3591 2552 3660 ἀδελφὲ,
2585 3601 2693 3647 etc.
2721 3611 2737 3657 ;
2767 3605 2956 3649 octava
2986 3611 3001 3648 :
3029 3594 3106 3663 τῷ
3139 3593 3392 3663 μυστικῷ
3413 3593 3572 3663 κυφῷ

333 3692 583 3762 Ἰωάννῃ.
636 3687 862 3757 Ἀδελφὲ
915 3686 1287 3750 ποθεινότατε,
1321 3683 1813 3752 παροιμιάζεσθαι,
1851 3692 1996 3747 etc.;
2029 3695 2213 3735 nona:
2246 3679 2323 3748 τῷ
2363 3681 2615 3752 προέδρῳ
2660 3681 2890 3751 Ἐφέσου
2924 3683 3080 3754 κυρῷ
3129 3683 3337 3738 Ἰσαάκ.
3380 3685 3576 3738 Ἡνίκα

324 3781 405 3842 είς
447 3778 672 3848 μνήμην
710 3775 872 3840 ἔλθω,
894 3782 1003 3829 etc.
1028 3793 1041 3840 ;
1079 3774 1295 3828 decima
1332 3789 1349 3827 :
1376 3772 1454 3842 τῷ
1481 3769 1761 3841 Emmqu
1791 3771 1862 3825 Mt

2037 3788 2048 3823 ε
2082 3772 2175 3824 τὸν
2208 3772 2500 3841 ἡμέτερον,
2527 3781 2634 3826 etc.
2666 3789 2682 3836 ;
2708 3773 2997 3827 undecima
3029 3792 3046 3830 :
3078 3774 3154 3844 τῷ
3182 3775 3575 3845 Νεοκαισαρεί-

321 3884 412 3938 τῃ.
451 3865 798 3934 Ὠρμημένον
829 3879 888 3914 τε
931 3862 1031 3932 τὴν
1063 3861 1215 3930 χθὲς,
1259 3874 1403 3925 etc.;
1437 3858 1764 3914 duodecima
1797 3858 1912 3929 ετῷ
1938 3857 2271 3928 Θεογνὼστῳ
2303 3859 2456 3928 κυρῷ
2498 3857 2726 3933 Ἰωάννῃ
2751 3860 2831 3930 τῷ
2868 3860 3060 3930 ἰατρῷ.
3089 3861 3370 3932 Στομάχου
3409 3863 3575 3916 κατά-

325 3956 510 4024 ψυξις,
550 3961 659 4006 etc.
687 3969 700 4017 ;
737 3950 948 4005 decima
985 3948 1145 4003 tertia
1176 3965 1190 4001 :
1223 3946 1304 4018 τῷ
1335 3949 1506 4018 αὐτῷ.
1535 3945 1617 4000 Τά
1645 3964 1703 3999 τε
1740 3963 1862 4017 χρει

2042 3963 2166 4014 ara,
2213 3957 2362 4012 etc.;
2415 3946 2626 4002 decima
2662 3957 2894 4016 quarta:
2924 3948 3006 4020 τῷ
3035 3949 3414 4021 χαρτοφύλακι
3437 3950 3575 4003 Θεσ-

325 4041 621 4109 σαλονίκης
685 4039 763 4107 τῷ
797 4036 1148 4107 Σταυρακίῳ.
1203 4036 1450 4107 Εὓχομαι
1503 4035 1775 4105 ὑγιαίνειν
1817 4052 1863 4087 σε

2039 4053 2064 4090 :.
2093 4053 2108 4102 ;
2154 4036 2369 4091 decima
2421 4035 2616 4106 quinta
2642 4053 2656 4090 :
2688 4037 2764 4107 τῷ
2799 4037 3150 4108 Θεογνιὶδστῳ.
3183 4041 3391 4102 Λευκὸς
3421 4041 3521 4108 μὲν
3547 4041 3577 4092 ὁ

325 4137 415 4192 σὸς
451 4126 618 4192 οἶνος,
649 4135 796 4192 etc.;
823 4125 1035 4180 decima
1067 4134 1217 4180 sexta
1252 4143 1267 4178 :
1294 4124 1370 4192 τῷ
1397 4123 1854 4197 Νεοκαισαρείτῃ.

2061 4123 2220 4178 ἄλλον
2254 4123 2375 4193 μὲν,
2407 4126 2502 4177 καὶ
2536 4135 2642 4179 etc.
2671 4140 2688 4190 ;
2737 4125 2952 4181 decima
2996 4127 3226 4197 septima
3257 4128 3372 4198 ιτῷ
3400 4128 3575 4198 αὐτῷ.

324 4222 403 4276 Δι’
441 4221 591 4291 ἡμᾶς
641 4217 741 4287 οὐχ
779 4216 964 4286 ἥκεις,
987 4226 1141 4280 etc.;
1188 4215 1402 4270 decima
1440 4223 1672 4270 octava:
1705 4212 1794 4281 Τῷ
1828 4231 1862 4267 α

2033 4212 2245 4266 Βιϐλίον
2275 4213 2376 4266 οὐκ
2419 4211 2535 4267 ἐστι
2571 4213 2704 4286 παρ’
2737 4216 2893 4285 ἡμῖν,
2931 4226 3041 4272 etc.
3068 4234 3082 4282 ;
3114 4218 3326 4274 decima
3369 4234 3510 4274 nona
3551 4233 3571 4274 :

326 4311 420 4378 Τῷ
458 4306 630 4377 αὐτῷ.
665 4305 728 4358 Ει
775 4307 890 4367 τοῖς
947 4303 1098 4374 πόθῳ
1147 4303 1456 4371 κάμνουσιν
1485 4303 1671 4372 ἡμέρα
1725 4302 1823 4372 μία

2035 4302 2174 4366 ὅλος,
2226 4312 2378 4372 etc.;
2417 4303 2724 4359 vicesima:
2755 4304 2848 4377 Τῷ
2895 4306 3166 4377 Σταυρίῳ.
3209 4307 3371 4387 nam
3397 4309 3450 4361 τί
3484 4325 3573 4362 σι·-

327 4399 456 4467 γᾷς,
495 4405 645 4459 etc.;
677 4394 942 4448 vicesima
993 4392 1172 4453 prima
1210 4408 1224 4446 :
1254 4391 1331 4462 τῷ
1359 4389 1532 4461 αὐτῷ.
1575 4391 1684 4443 Καὶ
1719 4388 1865 4461 πρὼι

2035 4391 2109 4443 id
2146 4390 2442 4462 Γεώργιος,
2488 4401 2596 4457 etc,
2631 4392 2894 4450 vicesima
2941 4396 3228 4451 secunda:
3278 4396 3369 4467 Τῷ
3397 4396 3573 4468 αὐτῷ.

329 4487 615 4550 Μάνοανε,
662 4484 738 4546 ὼς
777 4485 804 4536 ὁ
829 4479 1118 4544 νεανίσκος
1151 4478 1335 4546 οὗτος,
1362 4481 1656 4550 ἡμέτερος,
1685 4489 1810 4545 etc;
1840 4497 1867 4533 ν

2043 4496 2097 4534 ta
2141 4483 2299 4536 tertia
2335 4497 2351 4536 :
2403 4480 2492 4551 Τῷ
2535 4482 2706 4551 αὐτῷ.
2751 4483 2919 4553 Ἑμὸς
2961 4484 2988 4536 ὀ
3022 4485 3311 4551 παρεστώς
3345 4502 3451 4550 σοι,
3479 4487 3581 4541 καὶ

324 4577 452 4645 ἥκει
488 4573 621 4646 πρός
653 4591 738 4638 σε,
767 4581 916 4636 etc.;
957 4571 1217 4624 vicesima
1259 4582 1456 4640 quarta
1492 4587 1506 4623 :
1539 4570 1630 4642 Τῷ
1666 4569 1862 4623 Νεοκαι

2039 4585 2126 4645 τῃ.
2155 4570 2514 4642 Τετράμηνον
2543 4573 2668 4643 (sic)
2689 4573 2833 4641 ὅλον,
2863 4582 2970 4629 etc.
2997 4590 3012 4638 ;
3041 4576 3299 4629 vicesima
3339 4576 3532 4645 quinta
3559 4593 3577 4632 :

326 4665 418 4737 Τῷ
459 4664 630 4735 αὐτῷ.
672 4661 894 4733 Ὶδίωμά
921 4680 1038 4728 σου,
1081 4669 1227 4723 etc.;
1269 4659 1535 4715 vicesima
1566 4668 1718 4714 sexta
1761 4677 1776 4714 :
1821 4658 1863 4712 Τ

2040 4659 2127 4730 τῷ.
2161 4658 2288 4712 Εἴθε
2339 4661 2478 4730 μηδὲ
2527 4659 2630 4731 τὴν
2680 4662 2858 4734 ἀρχὴν
2904 4662 3125 4730 βισλίων
3171 4663 3414 4734 ὑπῆρξεν
3439 4667 3578 4735 ἡμῖν

337 4754 698 4824 Ἀριστείδου,
730 4765 840 4808 etc.
876 4771 889 4820 ;
921 4752 1193 4808 vicesima
1229 4749 1463 4820 septima
1500 4766 1514 4802 :
1551 4747 1640 4822 Τῷ
1671 4750 1875 4823 Μελιτη

2035 4766 2073 4821 τι.
2114 4748 2294 4804 Πολλὰ
2334 4751 2436 4820 μὲν
2477 4751 2525 4804 εί
2577 4754 2784 4823 καυχᾷ,
2830 4762 2981 4820 etc.;
3025 4754 3290 4809 vicesima
3324 4764 3516 4810 octava
3557 4773 3573 4811 :

325 4845 420 4914 Τῷ
445 4841 797 4914 Σταυρακίῳ.
847 4841 994 4895 Ἀντ’
1040 4839 1256 4901 οὐδενὸς
1306 4837 1490 4900 ἄλλοι).
1525 4848 1672 4904 etc.;
1716 4840 1863 4894 vices

2042 4854 2158 4893 mna
2194 4856 2209 4893 :
2249 4838 2557 4910 Ἀθανασίῳ
2611 4839 2691 4910 τῷ
2739 4841 3026 4912 Χατζύκῃ.
3057 4840 3391 4913 Τιμιὼτατε,
3444 4844 3580 4898 πολ-

327 4936 487 4997 λάκις
521 4933 754 5005 ᾔτησας,
792 4933 931 5000 ὅπερ
969 4931 1200 5002 ᾔτησας,
1235 4938 1346 4984 etc.
1379 4945 1393 4994 ;
1455 4930 1732 4984 tricesima
1764 4945 1779 4981 :
1817 4929 1909 4999 Τῷ
1953 4927 2369 5000 Σκουταριὼτῃ.
2412 4929 2526 5000 ’[ην
2572 4926 2756 5000 βίϐλον
2805 4930 2916 4984 τῶν
2966 4932 3275 5002 ιΙροφητῶν
3309 4933 3582 4987 ἀπαιτῶν

328 5023 426 5078 νῦν
459 5023 582 5095 ἢδη,
629 5031 736 5078 etc.
765 5037 782 5088 ;
811 5021 1094 5076 tricesima
1126 5021 1302 5089 prima
1332 5035 1348 5072 :
1385 5018 1476 5088 Τῷ
1518 5018 1862 5087 Νεοκαισαρε

2039 5017 2144 5088 ›ρῷ
2172 5016 2433 5088 Μανουὴλ
2473 5017 2553 5090 τῷ
2581 5019 3054 5093 πρωτασηκρήτῃ.
3100 5022 3307 5085 Πάντες
3340 5039 3398 5076 σε
3433 5023 3577 5094 πλὴν

327 5113 532 5182 ὀλίγων
563 5113 770 5166 οἷονται
823 5110 1116 5182 ἀληθεύειν
1173 5111 1232 5162 ἑν
1281 5109 1485 5176 λόγοις,
1523 5117 1679 5174 etc.;
1728 5108 1864 5163 trice

2051 5105 2296 5162 secunda
2329 5122 2345 5162 :
2379 5106 2470 5178 Τῷ
2495 5107 2669 5177 αὐτῷ.
2701 5103 2811 5162 Ἦν
2837 5109 2928 5163 ὅτε
2982 5109 3186 5180 λέγων,
3215 5120 3329 5167 etc.
3363 5128 3378 5178 ;
3412 5114 3582 5168 trice-

330 5203 471 5258 sima
511 5203 676 5258 tertia
713 5217 728 5255 :
769 5201 830 5254 '0
866 5198 1217 5270 πατριάρχης
1249 5196 1326 5268 τῷ
1379 5197 1547 5253 αὑτοῦ
1583 5199 1816 5269 φοιτητῇ
1852 5196 2305 5268 πρωτασηκρήτῃ
2336 5195 2492 5268 κυρῷ
2540 5196 2804 5269 Μανουὴλ
2835 5198 2916 5268 τῷ
2938 5199 3410 5272 Νεοκαισαρείτη,
3445 5202 3583 5255 νέαν

329 5296 479 5362 ἄγων
507 5293 607 5362 τὴν
642 5289 866 5360 ἡλικίαν
897 5327 913 5356 ,
945 5291 1053 5360 πρὸ
1078 5287 1174 5341 τοῦ
1228 5288 1322 5341 τὸν
1367 5288 1577 5359 μονήρη
1631 5286 1750 5357 βίον
1799 5287 1867 5340 ὑτι

2039 5305 2080 5341 ν.
2134 5288 2199 5342 Et
2253 5287 2354 5356 μὲν
2402 5287 2546 5340 κατὰ
2597 5287 2697 5357 τὴν
2752 5289 3071 5360 ὑπόσχεσιν,
3103 5300 3210 5346 etc.
3243 5308 3257 5356 ;
3293 5291 3577 5346 tricesima

329 5389 528 5449 quarta
564 5397 579 5435 :
625 5381 688 5432 Ὀ
725 5379 1075 5450 πατριάρχης
1111 5378 1189 5449 τῷ
1217 5376 1389 5448 αὐτῷ.
1425 5377 1508 5430 ἔτι
1537 5379 1665 5431 νέαν
1696 5379 1848 5446 ἄγων
1898 5377 2001 5450 τὴν
2058 5377 2300 5444 ἠλικίαν,
2336 5378 2432 5432 καὶ
2484 5379 2590 5448 πρὸ
2639 5377 2736 5432 τοῦ
2778 5380 3067 5450 μοναδικὸν
3117 5381 3584 5452 ὲπαμφιάσασθαι

333 5468 544 5539 σχῆμα.
586 5469 675 5532 Ὡς
699 5467 831 5538 ἡδὺς
860 5463 929 5531 εί,
961 5459 1007 5518 ὧ
1046 5465 1243 5536 λῷστε,
1277 5467 1358 5529 είς
1399 5466 1461 5518 τὸ
1509 5466 1662 5519 ἐπιὸν
1693 5467 1870 5539 θέρος,

2044 5487 2052 5524 :
2083 5468 2363 5524 tricesima
2395 5469 2587 5538 quinta
2627 5487 2642 5523 :
2683 5469 2774 5542 Τῷ
2805 5470 3124 5543 Πεδιασίμῳ
3145 5513 3160 5537 ,
3197 5472 3582 5544 χαρτοφύλακι

344 5554 656 5625 Ἀχρείδων.
693 5554 804 5607 Καὶ
828 5553 1014 5622 φιλίαν
1048 5551 1165 5608 οἶδα
1183 5555 1351 5624 τιμᾷν
1372 5550 1504 5621 ἐγὼ,
1524 5561 1660 5619 etc.;
1689 5555 1877 5610 tricesi

2051 5566 2142 5612 xta
2169 5556 2296 5627 εΤῷ
2314 5557 2777 5631 Νεοκαισαρείτη.
2797 5562 2971 5630 Λόγος
2992 5562 3130 5632 πρὸς
3145 5565 3237 5615 τὸν
3262 5561 3585 5630 σοφώτατον

328 5644 643 5714 λογοθὲτην,
673 5653 782 5698 etc.
810 5659 826 5708 ;
861 5641 1137 5698 tricesima
1163 5643 1397 5712 septima
1434 5659 1446 5696 :
1483 5639 1575 5710 Τῷ
1605 5643 1866 5715 ὲπισκόπς

2048 5650 2201 5717 ήνης.
2242 5647 2439 5702 Ὀποτὲ
2474 5649 2574 5720 μὲν
2624 5652 2894 5724 δεσπότης
2937 5653 3059 5725 ἦτοι
3099 5656 3351 5720 παππᾶς,
3390 5654 3484 5709 νῦν
3518 5657 3585 5710 δὲ

331 5736 518 5805 ἰατρὸς
553 5734 646 5787 καὶ
685 5731 882 5804 μικρὸν
919 5731 1057 5802 μετὰ
1097 5729 1204 5784 τῶν
1246 5731 1344 5785 νῦν
1391 5730 1712 5800 ἁρχιατρδς,
1760 5742 1866 5788 etc.

2047 5736 2228 5790 :eslma
2280 5747 2474 5792 octava
2504 5755 2528 5792 τ
2562 5739 2842 5814 Λογοθέτῃ
2875 5740 2972 5794 τοῦ
3013 5743 3232 5810 γενικοῦ
3269 5743 3344 5814 τῷ
3385 5745 3585 5814 Ἀκρο-

328 5826 546 5897 ποὶίτη.
579 5823 756 5877 Πολλὰ
793 5823 894 5893 μὲν
932 5820 1110 5892 ἔσχον,
1141 5831 1281 5890 etc.;
1311 5820 1590 5875 tricesima
1630 5837 1773 5876 nona
1806 5839 1820 5877 :
1854 5822 1866 5838 '

2049 5825 2431 5897 ιοκαισαρείτῃ.
2462 5826 2684 5898 Χάρτης
2724 5831 2822 5882 οὐκ
2861 5830 2977 5883 ἔστι
3017 5849 3132 5903 μοι,
3173 5842 3315 5897 etc.;
3345 5841 3587 5906 quadra-
