3894 6366
392 388 399 399 .
425 331 541 405 485

1386 345 1711 430 GEORG_ll
1750 351 2016 429 CYPRil
2059 352 2167 417 ΕΡ.
2211 357 2724 421 ΡΑΤΒΙΑΗΟΗΕ

3525 364 3655 439 ιδῖδ

426 470 661 521 sernmm
682 470 708 509 s
729 470 948 529 quoque
977 458 1407 536 reh‘tts'iin'parcus
1434 466 1690 541 evadere.
1719 467 1987 534 Quoniam

2097 471 2241 526 τοῦθ’
2274 474 2417 527 οὕτω
2466 478 2559 528 ναὶ
2605 477 2882 548 θαλάσσης
2922 477 3054 548 περὶ
3104 475 3194 529 τὸν
3231 475 3476 548 λέγοντα.
3510 480 3656 534 οὐδὲν

419 556 602 599 autem
651 547 760 602 hoc
810 548 882 602 ita
917 565 977 604 se
1013 551 1199 615 habet,
1249 554 1375 608 hinc
1407 571 1533 608 eum
1584 557 1749 611 etiam
1785 548 1878 626 qui
1916 556 1983 610 de

419 639 555 694 mari
597 640 751 703 dicit.
791 644 930 698 nihil
960 645 1092 702 satis
1122 656 1308 715 aptum
1335 647 1610 705 dicturum
1641 665 1762 720 esse
1791 649 1985 719 existi-

424 749 537 787 mo.
567 732 623 789 Si
660 734 791 803 quid
831 737 979 791 enim
1000 736 1161 800 inter
1190 748 1414 797 caeteras
1450 755 1541 806 res
1568 741 2005 805 admirationem

423 836 687 893 meretur,
718 844 869 883 mare
891 838 1010 895 est;
1041 830 1166 898 quia
1196 829 1339 884 inter
1358 834 1533 901 prima
1572 831 1843 887 elementa
1876 841 1983 886 est.

419 918 488 973 Et
516 919 559 972 si
600 920 724 988 quis
756 920 972 973 veniam
1000 921 1266 975 concedat
1300 922 1370 976 iis
1396 922 1489 990 qui
1517 938 1576 977 se
1613 924 1666 975 in
1700 937 1985 976 sermones
2026 926 2033 933 '

420 1008 489 1061 de
519 1007 613 1062 illo
641 1008 959 1070 demittunt,
1000 1010 1171 1079 magis
1202 1010 1541 1081 diligentiam
1576 1026 1790 1073 amans,
1819 1025 1986 1079 quam

419 1099 703 1154 audaciam
764 1100 1120 1169 improbans;
1169 1116 1304 1157 sane
1360 1111 1415 1156 et
1461 1103 1711 1171 gloriam.
1767 1101 1982 1155 etiamsi

420 1193 554 1246 satis
589 1194 760 1260 proba
793 1208 903 1247 non
934 1192 1275 1262 praestiterit,
1313 1202 1696 1263 reportaturus
1737 1201 1842 1248 est.
1876 1193 1983 1247 Sed

419 1284 600 1350 qualis
628 1294 684 1338 et
721 1295 924 1354 quanta
955 1285 1027 1341 sit
1074 1285 1284 1340 utilitas
1318 1287 1509 1349 maris.
1542 1297 1601 1341 et
1632 1302 1738 1355 qua
1771 1287 1985 1341 ratione

420 1375 493 1428 sit
541 1390 653 1445 pra:
682 1370 895 1432 caeteris
937 1376 1180 1431 universi
1226 1377 1393 1432 rebus
1428 1376 1982 1446 praestantissimum.

423 1466 514 1520 hic
559 1465 706 1537 quis,
745 1467 790 1520 si
836 1467 1109 1529 attendat,
1180 1465 1682 1535 clareperspiciet.
1712 1464 1987 1521 Caeterum

420 1559 683 1612 convenit
712 1559 803 1614 hic
825 1558 1012 1628 parvis
1032 1573 1225 1628 magna
1253 1572 1585 1629 componere
1609 1567 1666 1613 et
1693 1558 1983 1637 veritatem

420 1666 487 1705 ex
521 1650 729 1706 umbris
755 1651 954 1706 sectari
985 1652 1281 1705 rationum.

491 1742 649 1797 Nunc
684 1742 868 1812 itaque
914 1750 1078 1822 omne
1119 1743 1386 1813 quodest
1438 1753 1495 1800 et
1545 1745 1690 1815 quod
1736 1757 1841 1800 non
1877 1752 1983 1803 est.
2022 1772 2045 1822 ,;

422 1836 575 1890 nullo
608 1836 774 1889 modo
808 1837 962 1899 prius
1010 1836 1225 1907 initium
1262 1841 1409 1906 cepit
1444 1846 1507 1889 ut
1544 1847 1713 1907 esset,
1758 1838 1897 1909 quin
1931 1844 1987 1891 et

424 1942 572 1980 mare
621 1926 912 1981 confestim
957 1926 1232 1980 exstiterit
1278 1942 1402 1981 cum
1440 1924 1576 1997 ipsis
1607 1926 1820 1997 primis,
1864 1939 1987 1994 quae

421 2030 577 2084 sunt,
609 2020 775 2097 rebus
822 2018 1151 2088 productum
1184 2028 1241 2074 et
1270 2020 1507 2109 primam
1539 2033 1604 2073 ac
1650 2018 1986 2093 praecipuam

422 2116 531 2166 vim
561 2114 838 2183 adeptum.
875 2112 1009 2167 Nam
1042 2111 1208 2168 veluti
1236 2111 1304 2166 ad
1354 2126 1572 2166 omnem
1623 2126 1738 2166 rem
1777 2126 1899 2180 quae
1928 2108 1989 2164 lit

422 2190 707 2261 materiam
738 2205 975 2275 aliquam
1023 2213 1222 2274 praisto
1265 2219 1389 2260 esse
1418 2212 1634 2273 oportet
1677 2213 1734 2258 et
1786 2201 1986 2258 deinde

421 2313 488 2352 ex
517 2297 606 2351 illa
634 2297 1048 2368 generationem
1079 2296 1259 2363 eﬂici;
1285 2298 1368 2353 sic
1392 2307 1447 2351 et
1476 2311 1628 2351 mare
1666 2296 1831 2351 simul
1858 2312 1985 2353 cum

423 2389 616 2460 primis
648 2389 1061 2445 subsistentiam
1095 2390 1377 2459 accepisse
1417 2388 1588 2443 rebus
1616 2386 1891 2455 videmus,
1927 2398 1990 2445 ut

423 2491 572 2536 esset
626 2480 961 2535 elementqu
1023 2494 1207 2533 rerum
1271 2490 1466 2549 postea
1524 2480 1901 2548 futurarum,
1932 2491 1991 2536 et

424 2554 830 2644 quodammodo
853 2572 1180 2642 principium
1205 2571 1526 2639 mixtionis;
1549 2573 1686 2628 adeo
1712 2582 1773 2627 ut
1794 2573 1842 2629 si
1863 2575 1991 2644 quis

423 2669 852 2739 contemplanda
895 2668 1201 2724 admiretur
1240 2668 1663 2738 dispositionem
1717 2667 1986 2733 universi,

425 2763 810 2822 admirationis
844 2763 1064 2819 initium
1106 2777 1175 2816 ex
1222 2777 1380 2832 aquae
1414 2770 1612 2827 natura
1643 2763 1748 2832 ipsi
1779 2762 1990 2818 facien-

423 2855 554 2909 dum
580 2862 666 2909 est
698 2869 715 2907 :
754 2863 811 2908 et
850 2852 1100 2923 profecto
1135 2867 1260 2911 cum
1286 2853 1543 2907 conditor
1570 2867 1720 2908 mare
1756 2853 1991 2908 voluerit

423 2961 548 3003 esse
573 2946 1051 3015 antiquissimum,
1080 2961 1188 3000 non
1226 2946 1495 3017 dissimile
1530 2961 1662 3004 vero
1698 2956 1756 3005 et
1783 2948 1990 3021 primas

423 3040 528 3110 ipsi
579 3041 633 3094 in
673 3038 1055 3110 magnitudine
1106 3039 1450 3095 attribuisse.
1493 3040 1644 3095 Adeo
1682 3040 1831 3094 enim
1877 3056 1991 3094 ma-

2089 568 2144 629 ἐς
2176 568 2359 620 ἱκανὸν
2388 572 2535 637 ἐρεῖν
2570 568 2764 638 οἶμαι·
2806 570 2898 623 καὶ
2955 569 3063 638 γὰρ
3116 568 3394 640 θαύματος
3445 573 3502 624 ἐν
3550 579 3655 637 τοῖς

2090 655 2267 721 οὖσιν,
2295 660 2452 732 εῖπερ
2477 662 2571 719 ναὶ
2615 662 2847 727 ἄλλοιτι,
2885 661 3189 732 μετέχουσά
3235 665 3350 716 ἑστι
3385 663 3654 718 θάλαττα·

2086 752 2185 808 ὅτι,
2204 756 2594 825 καὶκστοιχεῐόν
2627 760 2744 812 ἐστι
2775 746 2884 811 τῶν
2910 760 3167 826 πρώτων,
3197 756 3302 812 κάν
3333 760 3385 813 εῖ
3408 776 3493 821 τις
3532 778 3659 830 συγ-

2087 844 2349 910 γινώσκοι
2377 848 2488 908 τοῖς
2521 849 2603 909 είς
2630 848 2759 910 τοὺς
2800 847 2929 915 περὶ
2977 846 3185 918 ταύτης
3213 848 3408 913 λόγους
3434 851 3657 914 ἑαυτοὺς

2089 938 2344 1001 καθιεῖσι,
2377 940 2578 1008 μᾶλλον
2621 940 2720 1008 τῆς
2766 939 3081 1009 προθυμίας
3128 943 3444 1012 ἀγαπήσας,
3481 944 3514 1011 ἢ
3563 962 3657 998 κα-

2020 1062 2026 1069 -
2087 1030 2321 1098 διαγνοὺς
2358 1032 2456 1100 τῆς
2488 1032 2851 1101 θρασύτητος,
2883 1031 3083 1109 οὺκοῇν
3108 1031 3185 1101 (Ι)
3216 1033 3315 1101 τὴν
3362 1035 3456 1087 τοῦ
3491 1037 3564 1103 μὴ
3595 1038 3660 1090 τὰ

2087 1122 2269 1176 δίκαια
2298 1123 2661 1197 πεποιηκέναι
2690 1124 2848 1188 δόξαν
2874 1123 3187 1178 ἀποίσεται.
3227 1124 3368 1178 Ἀλλ’
3393 1126 3580 1179 ὁποῖόν
3601 1146 3658 1180 τε

2089 1217 2182 1268 καὶ
2207 1206 2328 1270 ὅσον
2368 1215 2429 1269 τδ
2472 1215 2662 1286 χρῆμα
2706 1216 3004 1287 θαλάττης,
3041 1217 3139 1271 καὶ
3169 1216 3244 1279 ὡς
3274 1215 3416 1286 αὔτη
3439 1218 3499 1275 τὸ
3532 1221 3663 1289 κρά-

2087 1325 2272 1362 τιστον
2320 1308 2416 1361 τοῦ
2465 1309 2686 1373 παντὸς,
2745 1305 2850 1364 ὧδέ
2903 1326 2991 1373 τις
3037 1312 3414 1383 σκοπούμενος
3475 1311 3663 1381 σαφῶς

2088 1400 2317 1458 εἴσεται.
2338 1400 2484 1471 Πλὴν
2522 1402 2763 1476 εἰκάζειν
2789 1402 3022 1457 ἐνταῦθα
3046 1405 3315 1474 προσήκει
3350 1408 3565 1476 μικροῖς
3594 1403 3663 1456 τὰ

2093 1478 2305 1561 μεγάλα
2333 1493 2429 1544 καὶ
2449 1492 2548 1565 τὴν
2569 1474 2831 1566 ἀλήθειαν
2868 1497 2992 1559 ταῖς
3022 1496 3088 1550 ἔκ
3121 1496 3231 1550 τῶν
3264 1474 3462 1567 λόγων
3481 1497 3659 1568 θηρᾶ-

2090 1578 2217 1641 σθαι
2245 1583 2449 1645 σκιαῖς.

2162 1765 2299 1838 Ἤδη
2345 1765 2446 1837 μὲν
2496 1760 2590 1820 οὖν
2635 1763 2697 1817 τδ
2746 1764 2856 1818 πᾶν
2896 1764 3015 1819 τόδε
3063 1764 3137 1836 μὴ
3187 1764 3248 1818 ὃν
3284 1767 3548 1835 πρότερον
3577 1766 3667 1819 ού-

2087 1858 2274 1928 δαμῶς
2320 1857 2496 1928 ἀρχὴν
2558 1856 2862 1925 ἐλάμϐανεν
2924 1851 3065 1910 εἶναι
3125 1857 3221 1911 καὶ
3291 1859 3411 1911 τότε
3465 1860 3664 1913 αὐτίκα

2090 1948 2301 2022 ὑπῆρχε
2347 1950 2441 2005 καὶ
2471 1950 2734 2013 θάλαττα,
2762 1950 2863 2004 σὺν
2903 1952 3016 2014 τοῖς
3060 1950 3299 2019 πρώτοις
3348 1951 3460 2004 τῶν
3487 1953 3659 2007 ὄντων

2064 2047 2340 2115 ιφανεῖσα,
2400 2045 2493 2097 καὶ
2542 2043 2771 2111 δύναμιν
2818 2041 3035 2114 ¹σχοῦσα
3087 2045 3188 2115 τὴν
3234 2044 3489 2114 πρώτην.
3564 2045 3657 2107 Ὠς

2086 2138 2197 2210 γὰρ
2231 2139 2323 2191 ἐπὶ
2370 2137 2573 2199 παντὸς
2629 2138 2914 2207 χρήματος
2968 2136 3304 2206 γιγνομένου
3346 2136 3479 2207 ὕλην
3521 2132 3665 2190 εἷναί

2087 2248 2211 2285 τινα
2261 2230 2362 2294 δεῖ,
2407 2225 2505 2283 εἶτ’
2542 2229 2601 2295 ἐξ
2649 2228 2820 2298 αὐτῆς
2875 2229 2975 2297 τὴν
3025 2228 3241 2296 γένεσιν
3291 2229 3657 2298 ἐνεργεῖσθαι,

2088 2323 2233 2376 οὓτω
2273 2322 2445 2392 δήπου
2477 2320 2572 2374 καὶ
2600 2320 2882 2374 θάλασσαν
2924 2320 3061 2388 ὁμοῦ
3106 2322 3221 2383 τοῖς
3252 2319 3493 2389 πρώτοις
3526 2320 3665 2373 ὑπο·

2091 2394 2296 2468 στᾶσαν
2329 2411 2567 2482 ὁρῶμεν,
2599 2411 2676 2476 ὡς
2719 2406 2861 2464 εἶναι
2910 2413 3171 2479 στοιχεῖον
3206 2410 3314 2463 τῶν
3349 2413 3486 2478 μετά
3517 2409 3666 2463 τοῦτ’

2088 2506 2385 2576 ἐσομένων,
2445 2504 2541 2558 καὶ
2595 2504 2771 2573 ἀρχὴν
2840 2502 2939 2557 τοῦ
3017 2501 3404 2572 συγκρίματος
3462 2503 3668 2570 τρόπον

2089 2586 2426 2651 τινάζὭστ⁹
2471 2597 2526 2664 el’
2551 2595 2943 2669 τιςθεὼμενος
2981 2596 3257 2665 θαυμάζοι
3291 2595 3351 2648 τὸ
3395 2593 3489 2646 τοῦ
3522 2610 3664 2647 παν-

2022 2738 2027 2742 .
2090 2692 2182 2754 τὸς
2237 2691 2424 2761 σχῆμα
2457 2690 2522 2743 ὲκ
2581 2688 2682 2755 τῆς
2734 2687 2830 2742 τοῦ
2890 2687 3082 2750 ὓδατος
3138 2686 3373 2754 φύσεως,
3428 2687 3545 2740 δέον
3594 2684 3668 2737 τὰ

2092 2784 2286 2855 πρῶτα
2310 2783 2405 2837 τοῦ
2437 2781 2719 2852 θαύματος
2762 2781 3032 2851 ἄρχεσθαι
3058 2796 3075 2812 ο
3132 2780 3224 2834 καὶ
3253 2780 3317 2849 δὴ
3350 2778 3668 2847 πρεσόυτάο

2089 2892 2190 2943 την
2239 2874 2412 2944 αὐτὴν
2462 2873 2644 2939 δείξας
2693 2874 2722 2926 ὁ
2786 2872 3145 2942 δημιουργὸς,
3208 2872 3310 2924 οὐκ
3360 2871 3671 2933 ἀπεικότως

2091 2968 2186 3021 καὶ
2237 2966 2307 3018 τά
2359 2965 2553 3036 πρῶτα
2603 2964 2868 3034 μεγέθους
2923 2964 3209 3033 ἀπένειμε.
3259 2963 3488 3033 Μεγάλη
3553 2963 3671 3033 γὰρ

2092 3056 2347 3112 τοσοῦτόν
2389 3059 2509 3110 ἐστι
2553 3057 2821 3121 θάλασσα,
2857 3056 2934 3119 ὡς
2962 3057 3099 3126 μηδὲ
3145 3056 3212 3126 ἢν
3245 3056 3404 3125 ῖσμεν
3435 3056 3673 3125 ἠπειρον

423 3148 591 3206 gnum
645 3143 734 3188 est
778 3147 953 3197 mare,
989 3140 1050 3194 ut
1093 3132 1298 3195 nullam
1336 3134 1579 3189 sciamus
1613 3133 1988 3194 continentem

2097 3152 2398 3220 ἀποχρῆναι
2441 3149 2522 3210 είς
2562 3147 2748 3219 χώραν
2777 3149 2915 3218 αὐτῇ
2944 3165 2959 3180 ·
2994 3146 3110 3201 ἀλλ’
3140 3143 3282 3201 εῖναι
3331 3147 3435 3216 μὲν
3462 3146 3678 3218 πολλὴν

425 3224 529 3294 ipsi
569 3226 625 3279 in
663 3225 1121 3294 conceptaculum
1156 3225 1442 3289 euincere:
1482 3226 1585 3281 sed
1610 3241 1734 3281 esse
1764 3226 1993 3296 quidem

428 3328 640 3374 tantum
688 3317 823 3374 illud
877 3331 1030 3372 mare
1066 3318 1394 3388 quod‘intra
1442 3319 1625 3376 Gades
1654 3328 1764 3386 est,
1798 3330 1858 3373 ut
1895 3319 1993 3374 ho-

427 3411 611 3465 mines
639 3409 800 3480 quasi
844 3409 1113 3478 vertigine
1139 3409 1456 3465 laborantes
1498 3410 1566 3464 de
1605 3409 1864 3464 universo
1898 3408 1995 3462 illo

427 3505 616 3560 dicere
641 3518 701 3558 se
725 3501 860 3573 quid
887 3515 1049 3572 posse
1085 3510 1283 3571 negent
1310 3509 1367 3556 et
1395 3501 1510 3557 fere
1541 3501 1792 3556 immensi
1827 3486 1994 3555 ratio-

426 3613 555 3652 nem
611 3595 663 3652 ei
701 3594 1002 3666 applicent.
1046 3592 1318 3648 Caeterum
1360 3593 1465 3647 hoc
1509 3592 1992 3661 circumscriptum

428 3705 554 3747 esse
588 3697 646 3744 et
678 3684 1078 3757 comprehendi
1108 3701 1139 3740 a
1175 3695 1322 3741 terra
1350 3684 1564 3754 liquido
1591 3685 1874 3750 novimus;
1901 3684 1995 3740 sed

428 3784 610 3854 majus
653 3795 777 3837 esse
815 3778 976 3844 illud,
1023 3776 1174 3849 quod
1217 3786 1376 3833 extra
1407 3777 1589 3833 Gades
1612 3786 1719 3841 est,
1746 3787 1801 3832 et
1844 3778 1996 3833 nulla

428 3875 644 3933 ratione
685 3869 999 3941 comparari
1034 3884 1195 3940 posse
1238 3884 1362 3923 cum
1418 3883 1486 3923 eo
1531 3868 1680 3937 quod
1718 3867 1862 3938 apud
1899 3882 1999 3922 nos

428 3975 550 4030 est;
584 3970 924 4034 quapropter
951 3970 1008 4016 et
1044 3960 1191 4015 nulla
1225 3959 1280 4013 in
1314 3974 1381 4014 eo
1416 3958 1730 4013 instituitur
1768 3958 1998 4027 naviga-

430 4062 540 4126 tio;
572 4058 918 4129 immensitas
942 4055 1089 4114 enim
1119 4069 1273 4124 aqua
1296 4052 1558 4123 prohibet
1589 4054 1736 4107 scire
1770 4052 1998 4106 ubinam

430 4152 557 4221 quis
593 4157 779 4220 posset
808 4147 1102 4219 trajicere;
1125 4156 1181 4200 et
1205 4145 1472 4201 terminos
1500 4141 1675 4214 ipsius
1704 4144 1750 4198 si
1774 4143 2001 4198 omnino

430 4245 603 4317 aliqui
630 4242 768 4303 sint,
804 4255 968 4299 nemo
1002 4240 1150 4298 valet
1181 4237 1487 4309 assignare.
1524 4235 1592 4291 Et
1621 4252 1731 4291 non
1761 4236 1882 4295 sine
1917 4251 2004 4293 ra-

354 4385 361 4393 .
432 4336 585 4395 tione
616 4348 683 4390 ac
712 4333 953 4390 utilitate
979 4338 1185 4387 tantam
1215 4328 1459 4387 obtinuit
1481 4342 1632 4383 mare
1662 4327 2001 4397 magnitudi-

354 4486 367 4497 ν
432 4443 558 4487 nem
580 4445 594 4492 ;
620 4428 727 4499 sed
754 4425 1019 4496 quoniam
1060 4431 1258 4483 natura
1284 4435 1441 4491 aquae
1475 4436 1587 4476 non
1618 4419 1781 4474 modo
1829 4428 2005 4479 mater

433 4519 561 4578 aliis
585 4517 773 4584 rebus,
800 4515 897 4574 sed
932 4521 990 4574 et
1018 4513 1205 4568 nutrix
1233 4511 1419 4571 futura
1437 4519 1605 4575 esset,
1626 4521 1685 4567 et
1713 4510 1780 4565 ad
1804 4511 2004 4569 factam

323 4600 341 4615 ⁸
433 4615 491 4670 in
546 4611 706 4669 initio
765 4623 952 4669 rerum
1002 4605 1424 4679 productionem
1485 4619 1652 4675 quam
1702 4604 2004 4675 plurimum

432 4705 714 4764 conferret
741 4715 794 4757 et
814 4702 883 4760 ad
915 4697 1357 4768 permanentiam
1388 4695 1689 4770 unicuique
1726 4696 1807 4754 rei
1845 4706 2006 4755 natu-

437 4815 511 4855 ne
542 4797 966 4855 convenientem
1005 4790 1371 4848 conduceret.

504 4895 687 4964 Atque
716 4892 787 4947 ita
823 4905 947 4944 cum
975 4888 1049 4943 oh
1086 4885 1525 4957 magnitudinem
1570 4901 1729 4941 suam
1759 4884 2005 4945 admirao

435 4988 572 5041 tEoui
608 4987 702 5053 sit,
738 4999 849 5038 non
880 4982 1067 5038 minus
1094 4980 1263 5039 etiam
1298 4979 1371 5035 ob
1398 4979 1874 5049 pulchritudinem
1909 4979 2008 5034 ad-
2038 5010 2045 5019 ο

437 5080 625 5137 mirari
648 5077 783 5134 illud
805 5085 1047 5146 oportet,
1068 5082 1257 5145 utpote
1280 5089 1445 5144 quam
1475 5073 1768 5128 maximam
1786 5087 2005 5142 semper

428 5186 490 5230 et
518 5170 978 5241 perfectissimam
1001 5166 1228 5225 exhibet
1249 5164 1776 5237 contemplantibus.
1805 5163 2003 5233 Figura

429 5266 581 5321 enim
635 5262 805 5318 maris
850 5250 1096 5331 profecto
1155 5269 1242 5315 est
1294 5257 1692 5329 pulcherrima,
1748 5257 1900 5326 quali
1949 5266 2006 5311 et

434 5358 637 5413 omium
671 5370 795 5411 cum
835 5356 989 5417 ﬁeret
1014 5364 1271 5408 ornatum
1299 5366 1423 5406 esse
1452 5351 1727 5405 novimus.
1754 5348 2006 5405 Oceanus

432 5448 583 5503 enim
620 5446 934 5503 universam
966 5444 1021 5498 in
1045 5444 1283 5501 circuitu
1313 5440 1488 5500 ambit
1527 5434 1769 5507 terram;
1802 5452 1857 5496 ct
1885 5456 2007 5494 rur-

342 5580 355 5595 .
429 5556 533 5599 sus
561 5539 700 5595 illud
753 5537 900 5608 quod
936 5552 1076 5606 aqua
1112 5536 1332 5604 plenum
1367 5543 1451 5588 est
1488 5550 1518 5589 a
1556 5544 1699 5588 terra
1739 5542 2004 5602 tanquam

434 5636 492 5689 in
525 5631 736 5688 circulo
785 5630 1208 5700 constringitur.
1257 5627 1325 5691 Et
1364 5626 1504 5681 situs
1555 5624 1776 5701 quidem
1809 5624 2004 5692 ipsius,

2094 3243 2195 3310 τὴν
2234 3241 2385 3304 ἐντὸς
2409 3241 2705 3312 Γαδείρων,
2737 3240 2816 3305 ὡς
2859 3239 2956 3294 καὶ
3008 3241 3134 3302 τοὺς
3176 3240 3506 3310 ἀνθρώπους
3535 3240 3684 3308 ίλιγ-

2095 3337 2332 3404 γιῶντας
2360 3334 2732 3405 ἀπαγορεύειν
2770 3333 2908 3404 πρὸς
2938 3334 3147 3399 πᾶσαν,
3177 3334 3270 3386 καὶ
3306 3331 3507 3403 μικροῦ
3542 3333 3683 3394 τοὺς

2095 3428 2191 3481 τοῦ
2225 3428 2453 3498 ἀπείρου
2481 3425 2673 3493 λόγους
2719 3424 2984 3497 ἁρμόζειν
3033 3423 3198 3492 αὐτῇ,
3235 3422 3331 3477 καὶ
3353 3422 3511 3476 ταῦθ’
3554 3423 3689 3494 ὀρι-

2097 3520 2332 3590 ζομὲνην
2375 3517 2564 3586 σαφῶς
2603 3518 2701 3571 καὶ
2756 3516 2945 3586 κύκλῳ
2997 3513 3558 3584 περιλαμϐανομένην
3605 3514 3685 3585 τῇ

2097 3615 2191 3680 γῇ,
2225 3610 2444 3664 πλείονα
2474 3611 2534 3663 δὲ
2569 3608 2668 3680 τὴν
2712 3608 2890 3670 ἐκτός.
2922 3607 3030 3661 Καὶ
3085 3604 3208 3676 μηδ’
3244 3602 3389 3658 εἶναι
3436 3604 3692 3675 παρεξε-

2097 3704 2280 3768 τάζειν
2329 3703 2496 3772 αὐτὴν
2531 3702 2668 3770 πρὸς
2711 3701 2810 3769 τὴν
2859 3699 2983 3752 καθ’
3018 3700 3166 3769 ἡμᾶς
3203 3699 3326 3751 κατ’
3362 3697 3554 3751 οὐδένα
3585 3696 3691 3750 λό-

2099 3813 2216 3865 γον,
2262 3788 2324 3848 05
2359 3811 2423 3863 γε
2472 3794 2636 3866 χάριν
2687 3791 2814 3845 οὗτε
2871 3790 3039 3854 πλοῦς
3093 3791 3150 3843 ὲν
3201 3791 3337 3861 αὐτῇ
3401 3789 3694 3865 γίγνεται,

2101 3887 2328 3957 ἀπειρία
2356 3886 2465 3956 γὰρ
2514 3885 2705 3946 ὓδατος
2739 3884 2938 3953 εἴργει,
2971 3882 3156 3936 καὶτὸ
3193 3884 3268 3952 μὴ
3315 3883 3515 3937 εἰδέναι
3550 3883 3697 3938 ὅποι

2101 3996 2183 4041 τις
2218 3980 2280 4031 ἂν
2313 3977 2424 4046 ἔχοι
2449 3976 2685 4045 κατᾶραι
2708 3992 2720 4005 ’
2750 3975 2819 4026 τά
2846 3989 2905 4026 τε
2932 3973 3058 4041 ὅρια
3095 3973 3288 4041 αὐτῆς,
3320 3973 3369 4025 εἰ
3406 3973 3500 4026 καὶ
3532 3973 3696 4036 ὅλως

2102 4072 2260 4135 εἰσὶν,
2293 4071 2394 4123 οὐκ
2441 4063 2579 4120 εἶναι
2617 4068 2797 4119 εἰπεῖν
2851 4065 3086 4127 οὐδενός.
3123 4065 3233 4118 Καὶ
3274 4063 3422 4117 τοῦτ’
3460 4064 3704 4135 εἰλήφει

2103 4162 2165 4213 τὸ
2197 4160 2423 4231 μέγεθος
2469 4159 2571 4212 οὐκ
2603 4157 2707 4223 ἔξω
2751 4157 2934 4224 λόγου,
2962 4155 3083 4208 οὐδὲ
3131 4155 3227 4208 τοῦ
3268 4154 3544 4225 χρησίμου
3577 4173 3705 4225 χω-

2107 4253 2190 4324 ρίς
2216 4270 2231 4284 ·
2264 4251 2380 4306 ἀλλ’
2413 4251 2648 4320 ἐπείπερ
2678 4248 2904 4318 ἔμελλεν
2944 4248 2979 4319 ἡ
3016 4232 3109 4303 τοῦ
3162 4246 3359 4311 ὕδατος
3404 4247 3569 4314 φύσις
3623 4248 3707 4301 οὗ

2108 4324 2367 4413 μόνον
2414 4343 2600 4414 μήτηρ
2626 4343 2738 4404 τοῖς
2767 4340 2975 4403 ἄλλοις,
3005 4337 3140 4391 ἀλλά
3191 4337 3290 4390 καὶ
3336 4336 3531 4406 τιθήνη
3581 4353 3711 4405 φα·-

2108 4438 2269 4506 νῆναι
2310 4436 2390 4499 είς
2430 4451 2490 4487 τε
2540 4435 2640 4505 τὴν
2677 4433 2735 4500 ἐξ
2787 4432 2963 4502 ἀρχῆς
3025 4429 3242 4498 γένεσιν
3283 4430 3367 4487 ὅτι
3426 4428 3716 4482 πλεῖστον

2107 4528 2361 4591 τελοῦσα,
2413 4529 2493 4590 εις
2538 4544 2598 4580 τε
2649 4527 2713 4585 τὸ
2771 4525 3051 4596 διαμένειν
3104 4524 3161 4587 ἐς
3212 4523 3338 4578 ὅσον
3381 4520 3604 4592 ἑκάστῳ
3669 4525 3724 4592 ἡ

2109 4622 2272 4697 φύσις
2305 4622 2509 4694 ἐξήκοι.

2182 4881 2337 4936 Οὕτω
2360 4881 2404 4935 δ’
2435 4882 2500 4939 ἐκ
2543 4878 2637 4933 τοῦ
2682 4879 2950 4953 μεγέθους
2980 4878 3394 4951 θαυμαζομένη.
3428 4881 3527 4951 οὑχ
3554 4880 3722 4953 ἤκι-

2113 4992 2217 5033 στα
2259 4977 2356 5027 καὶ
2402 4972 2492 5026 διὰ
2523 4971 2622 5046 τὴν
2667 4970 2818 5042 ὥραν
2846 4971 3168 5042 θαυμάζοιτ’
3197 4973 3285 5038 ἂν,
3321 4972 3387 5042 ἦν
3421 4970 3497 5033 ὡς
3531 4973 3728 5025 πλεί-

2115 5085 2248 5138 στην
2290 5067 2380 5123 ἀεὶ
2435 5068 2531 5122 καὶ
2586 5064 2929 5134 τελεωτάτην
2973 5063 3276 5135 παρέχεται
3321 5067 3433 5128 τοῖς
3483 5066 3728 5131 ὁρῶσι.

2113 5161 2307 5231 Σχῆμα
2343 5160 2454 5229 γὰρ
2491 5158 2692 5211 αὐτίκα
2747 5156 3027 5227 θαλάσσης
3075 5157 3135 5211 τὸ
3165 5156 3478 5220 κάλλιστον,
3511 5158 3733 5230 ὁποίῳ

2115 5254 2383 5326 δήπουθεν
2435 5252 2531 5311 καὶ
2586 5252 2677 5303 τδν
2727 5250 2955 5319 ούρανδν
3006 5251 3167 5318 ἴσμεν
3218 5248 3541 5318 γιγνόμενον
3609 5268 3733 5304 κε-

2115 5342 2448 5414 κοσμῆσθαι.
2500 5343 2608 5411 Γῆν
2658 5358 2719 5395 τε
2760 5341 2870 5412 γὰρ
2920 5341 3141 5396 ἃπασαν
3181 5339 3420 5402 ὠκεανὸς
3471 5343 3740 5407 περιδέ-

2112 5438 2282 5506 δρομε
2316 5434 2522 5503 κύκλῳ,
2564 5434 2658 5486 καὶ
2704 5432 2861 5496 αὖθις
2892 5433 2963 5495 ὼς
2994 5434 3051 5484 ἐν
3084 5430 3271 5501 κύκλῳ
3303 5434 3371 5503 τῇ
3412 5433 3505 5501 γῇ,
3541 5430 3576 5483 δ
3642 5434 3738 5505 δὴ

2115 5528 2304 5590 ὓδατος
2345 5526 2639 5594 πλεόμενόν
2684 5526 2825 5587 ἐστι,
2873 5524 3321 5595 περισφίγγεται,
3373 5524 3482 5576 Καὶ
3530 5521 3743 5592 θέσις

2114 5621 2169 5673 δὲ
2194 5619 2357 5688 αὐτῇ,
2392 5617 2465 5682 ὼς
2518 5618 2579 5668 ἐκ
2613 5615 2720 5667 τῶν
2761 5616 3068 5686 εἰρημένων
3112 5617 3354 5679 εἰκάσαι,
3384 5615 3447 5669 τὸ
3487 5620 3745 5684 μεσαι-

505 5753 584 5817 (li
624 5751 941 5824 Legendum
973 5749 1173 5805 οὔκουν
1202 5760 1389 5805 monet
1420 5747 1818 5805 Boissonadius
1871 5746 2065 5801 Anecd.
2116 5745 2208 5805 Gr.
2239 5751 2277 5798 ι.
2318 5743 2357 5808 i,
2409 5760 2461 5810 p.
2496 5741 2623 5805 5H,
2678 5739 2825 5810 quod
2870 5748 3056 5793 tenent
3086 5735 3249 5792 codd.
3286 5733 3417 5806 Reg.
3450 5730 3617 5792 2629
3662 5750 3748 5799 ει

432 5825 591 5888 amo.
