3894 6366
251 381 379 446 ,437

1539 385 1951 448 ENCOMlUM
1995 389 2264 450 MARlS.

3421 382 3537 445 438

262 516 422 553 τατον
479 498 572 553 τοῦ
625 503 861 566 παντὸς,
898 506 1055 573 εἰπερ
1109 507 1200 560 καὶ
1249 506 1347 573 τῆς
1408 503 1510 573 γῆς
1565 505 1625 557 τὸ
1682 505 1845 574 μέσον

1967 518 2012 562 ιι
2038 525 2067 562 e
2098 505 2263 564 dictis
2286 505 2728 575 eonjicerclicet,
2755 515 2838 560 est
2871 506 3110 562 medium
3143 504 3408 569 universi,
3441 505 3520 556 si-

262 591 665 662 ἁπονενέμηται
699 598 763 663 τῇ
801 596 1066 666 θαλάττῃ.
1111 597 1222 648 Καὶ
1256 595 1556 649 κινδυνεύει
1592 596 1670 661 τῷ
1698 596 1843 668 λόγῳ

257 679 340 750 μὴ
365 679 597 750 κέντρον
625 681 725 752 τήν
749 683 875 752 γῆν,
908 686 1008 752 τὴν
1039 685 1095 737 δὲ
1133 685 1412 738 θάλασσαν
1443 683 1608 740 εἶναι.
1639 688 1750 756 Τήν
1780 705 1842 754 γε

259 771 373 841 μὴν
397 770 550 840 ὥραν
577 774 670 826 καὶ
696 775 858 844 χάριν
888 776 955 844 ἢν
984 778 1042 829 ἐν
1069 778 1206 846 αὐτῇ
1232 782 1296 847 τῇ
1335 778 1842 849 θέσει,παρέχεται.

263 865 362 918 καὶ
410 865 486 928 ὡς
524 864 724 927 κύκλος
779 867 837 919 τέ
893 870 1044 921 ἐστιν
1077 871 1108 939 ή
1140 869 1280 940 αὑτὴ
1329 871 1406 939 τῷ
1453 888 1516 933 γε
1568 873 1668 942 τὴν
1719 873 1846 939 ὅλην

265 959 648 1025 κατανοοῦντι,
679 963 776 1013 καὶ
825 962 1004 1015 πάντα
1055 964 1310 1033 σχήματα
1343 964 1621 1018 δείκνυσιν
1677 969 1732 1018 ὲν
1777 969 1843 1037 τῇ

265 1052 403 1118 πρὸς
431 1052 535 1120 γῆν
576 1051 886 1106 συνελεύσει
913 1053 1010 1106 καὶ
1040 1053 1209 1122 μίξει,
1234 1057 1471 1120 κόλπους
1502 1057 1603 1126 μὲν
1631 1057 1846 1108 πολυει-

266 1146 373 1208 δεῖς
423 1147 808 1209 ἀνελίσσουσα,
846 1149 1046 1219 νήσους
1091 1149 1147 1202 δὲ
1190 1148 1259 1204 αὖ
1295 1152 1358 1202 ἐκ
1415 1149 1588 1220 μέσης
1637 1151 1844 1218 μικρὰς

267 1237 359 1287 καὶ
392 1234 617 1304 μείζους
662 1237 1008 1300 ἀναδιδοῦσα.
1043 1243 1136 1291 καὶ
1171 1240 1456 1310 πορθμοὺς
1484 1241 1542 1292 ὲν
1577 1240 1752 1308 στενῷ
1783 1242 1842 1301 ὲς

267 1327 538 1395 μήκιστον
579 1329 871 1397 διήκοντας
919 1333 1370 1402 ἀπεργαζομένη,
1431 1331 1515 1394 τίς
1559 1331 1627 1386 ἂν
1685 1331 1846 1399 λόγος

269 1421 514 1488 μετρίως
563 1425 740 1475 εἰπεῖν
791 1423 1137 1493 ἀποχρήσεις
1194 1424 1356 1478 Ἀλλά
1401 1424 1573 1477 ταῦτα
1625 1423 1724 1493 μιν
1770 1423 1847 1487 ὡς

267 1516 332 1566 ἐκ
358 1515 457 1582 τῆς
510 1518 862 1586 περιγραφῆς
894 1517 990 1569 καὶ
1038 1517 1139 1585 τῆς
1194 1516 1395 1578 θέσεως
1441 1520 1536 1570 καὶ
1597 1519 1724 1570 ὅσον
1779 1521 1846 1586 τῇ

268 1607 318 1672 γ’
353 1606 606 1676 αἰσθήσει
652 1609 980 1662 καταλαϐεῖν
1011 1624 1026 1641 ·
1077 1609 1324 1679 λογισμῷ
1357 1610 1414 1664 δέ
1463 1627 1545 1672 τις
1590 1610 1845 1662 τοσοῦτον

269 1695 674 1766 διισχυρίσαιτο
727 1698 827 1769 τὴν
865 1699 960 1752 τοῦ
1021 1697 1212 1763 ὓδατος
1262 1700 1426 1768 φύσιν
1480 1697 1623 1752 εἶναι
1653 1699 1848 1770 καλὴν,

269 1789 471 1843 ὁπόσον
503 1793 599 1844 καὶ
632 1792 776 1866 ἀρχὴ
811 1795 928 1858 τοῖς
953 1793 1134 1858 ἄλλοις
1185 1794 1221 1848 ἃ
1274 1795 1368 1849 τοῦ
1399 1795 1568 1848 καλοῦ
1613 1795 1848 1866 μετέσχε

1951 600 2170 670 quidem
2204 609 2259 655 et
2295 599 2540 654 medium
2579 609 2738 654 terra;-
2783 600 2920 654 mari
2957 598 3283 652 attributum
3316 603 3425 652 est.
3462 595 3528 650 Et

1951 709 2017 746 cx
2052 693 2268 747 ratione
2300 693 2565 762 consequi
2590 693 2815 746 videtur
2843 700 3047 746 terram
3083 707 3189 746 non
3225 704 3349 744 esse
3393 703 3529 744 cen-

1955 794 2125 847 trum,
2188 784 2285 838 sed
2347 800 2518 841 mare.
2570 785 2705 840 Nam
2760 785 3008 853 profecto
3056 782 3411 852 pulchritudo
3475 789 3529 836 et

1953 877 2128 946 gratia
2165 892 2330 945 quam
2365 877 2420 932 in
2462 877 2582 945 ipsa
2611 893 2709 932 sua
2746 878 2998 945 positura
3032 876 3280 937 exhibet,
3310 876 3424 943 ipsa
3447 884 3532 928 est

1954 968 2134 1022 instar
2162 969 2382 1032 circuli,
2434 969 2612 1038 siquis
2644 969 2779 1024 illud
2830 970 3152 1023 universum
3193 967 3529 1028 consideret,

1955 1075 2260 1129 omnesque
2309 1061 2512 1131 figuras
2559 1061 2805 1115 ostendit
2854 1061 2910 1115 in
2947 1075 3048 1115 suo
3079 1059 3145 1114 ad
3186 1068 3388 1113 terram
3426 1071 3530 1109 ac-

1955 1167 2116 1207 cessu
2150 1162 2206 1207 et
2243 1168 2464 1211 cumca
2493 1153 2916 1209 commixtione.
2961 1153 3130 1208 Sinus
3176 1151 3322 1205 enim
3365 1150 3533 1203 varim

1957 1244 2149 1300 turma)
2180 1261 2322 1313 quas
2351 1241 2623 1300 volvendo
2658 1247 2856 1314 aperit.
2889 1259 3193 1312 rursusque
3229 1231 3437 1296 insulas
3465 1257 3532 1294 ex

1957 1336 2142 1390 medio
2169 1336 2254 1390 sui
2287 1352 2486 1406 parvas
2512 1345 2569 1391 et
2596 1352 2819 1407 magnas
2842 1351 2982 1405 quas
3006 1333 3281 1404 producit,
3309 1341 3364 1387 et
3395 1331 3532 1385 freta

1955 1432 2106 1486 inter
2135 1430 2419 1498 angustias
2470 1429 2792 1499 longissime
2825 1427 3166 1482 transeuntis
3197 1441 3320 1494 quae
3344 1423 3531 1485 cilicii,

1955 1538 2205 1591 quaenam
2235 1523 2436 1586 oratio,
2472 1530 2533 1575 ut
2564 1536 2664 1590 par
2691 1530 2796 1587 est,
2829 1520 3019 1574 dicere
3047 1518 3289 1572 suiﬁciat
3310 1517 3332 1570 ?
3356 1516 3534 1584 Atque

1957 1613 2073 1668 haec
2110 1613 2334 1684 quidem
2383 1629 2452 1668 ex
2502 1613 3028 1682 circumscriptione
3073 1620 3129 1665 et
3175 1610 3423 1680 positura
3479 1617 3534 1660 et

1955 1705 2113 1777 quasi
2140 1707 2262 1776 ipso
2286 1721 2450 1762 sensu
2473 1705 2893 1774 deprehendere
2916 1705 3069 1760 licet.
3096 1702 3533 1757 Ratiocinatione

1957 1809 2143 1854 autem
2167 1799 2296 1870 quis
2330 1797 2660 1854 conﬁrmare
2698 1798 2903 1868 poterit
2930 1797 3069 1851 adeo
3093 1795 3380 1866 pulchram
3414 1808 3535 1846 esse

270 1883 624 1952 γνωρίζεται.
655 1885 730 1938 Οὐ
768 1887 879 1955 γὰρ
929 1887 996 1942 ἂν
1039 1883 1116 1957 ,ἧν
1159 1888 1310 1952 εἰκὸς
1351 1889 1418 1943 τά
1467 1889 1567 1962 τήν
1617 1889 1852 1960 ὕπαρξιν

1967 1909 2108 1963 aqua:
2143 1902 2419 1956 naturam,
2466 1902 2526 1948 ut
2563 1891 2796 1960 reliquis
2846 1891 3016 1945 rebus
3063 1904 3187 1959 qua:
3230 1887 3538 1955 pulchritu-

270 1977 502 2047 δεύτερα
547 1979 791 2033 τοιούτου
841 1982 1092 2050 μετέχειν
1145 1983 1292 2045 τινὸς
1340 1984 1417 2055 μὴ
1458 1985 1566 2037 τῶν
1615 1983 1850 2056 πρώτων

276 2070 720 2140 μετεσχηκότων,
745 2073 840 2140 ἀφ’
885 2069 961 2127 ὢν
994 2073 1059 2143 δὴ
1106 2078 1201 2130 καὶ
1245 2075 1419 2128 ταῦτα
1449 2076 1708 2143 συνέστη.
1746 2077 1851 2128 Ποε-

271 2164 436 2232 ταμοὶ
493 2163 550 2216 δὶ
606 2165 809 2229 πάντες
867 2167 967 2238 ,καὶ
1028 2169 1227 2237 πηγαὶ,
1275 2167 1462 2237 λίμναι
1519 2185 1576 2220 τε
1631 2164 1698 2221 αὖ
1757 2167 1851 2220 καὶ

271 2253 503 2323 νυμφῶν
548 2254 768 2323 νάματα
817 2260 911 2310 καὶ
958 2259 1060 2312 ὅσα
1107 2259 1206 2328 τὴν
1265 2260 1369 2328 γῆν
1422 2259 1744 2330 ὑποτρέχει,
1784 2261 1851 2312 ἐκ

273 2345 551 2417 Θαλάσσης
581 2351 651 2400 τὰ
683 2349 860 2403 πάντα
898 2351 992 2404 καὶ
1023 2347 1178 2414 αὖθις
1220 2354 1296 2413 είς
1329 2352 1614 2406 θάλασσαν
1641 2354 1854 2423 καταρο

276 2443 382 2514 ῥεῖ,
404 2443 564 2495 τοῦτο
597 2443 719 2512 μὶν,
747 2443 824 2505 ὡς
875 2445 939 2496 εκ
990 2446 1224 2515 μητρὸς,
1252 2445 1414 2498 τοῦτο
1443 2444 1488 2498 δ’
1538 2443 1628 2508 αὖ,
1661 2443 1737 2508 ὡς
1772 2445 1852 2506 είς

273 2538 463 2608 κοινήν
496 2554 619 2590 τινα
649 2537 744 2591 τοῦ
802 2538 1005 2602 παντος
1059 2537 1230 2607 ὑγροῦ
1274 2539 1483 2608 χώραν.
1521 2537 1620 2607 Είη
1654 2537 1711 2590 δὲ
1755 2539 1851 2591 καὶ

273 2629 436 2683 τοῦτο
488 2631 589 2701 τὴν
641 2633 772 2700 μίαν
817 2628 960 2684 εἶναι
1012 2631 1224 2700 ταύτην
1272 2631 1448 2700 ἀρχὴν
1502 2629 1596 2685 τοῦ
1648 2631 1854 2694 παντὸς

275 2721 474 2786 ὓδατος
546 2727 775 2793 σημεῖον
832 2724 936 2776 οὐκ
995 2725 1258 2794 ἀμυδρόν.
1319 2723 1489 2776 Ἔνθα
1541 2724 1650 2793 γὰρ
1704 2723 1852 2777 ἅπαν

276 2819 643 2889 ἀνακάμπτον
673 2818 890 2887 ὁρῶμεν
929 2819 1024 2870 καὶ
1067 2815 1607 2883 ἁποκαθιστάμενον,
1641 2816 1854 2868 ἐκεῖθεν

277 2911 374 2964 xui.
425 2912 526 2980 τὴν
583 2910 810 2979 πρώτην
861 2909 1041 2962 αἰτίαν
1105 2909 1200 2961 τοῦ
1251 2905 1706 2978 εῖναιείληφέναι
1765 2927 1856 2960 πι-

277 3001 574 3069 στούμεθα.
608 3000 766 3054 Οὖτω
795 3001 903 3070 γὰρ
935 3001 1028 3053 καὶ
1060 3001 1127 3053 τὰ
1171 3003 1235 3055 ὲκ
1263 3003 1367 3071 γῆς
1398 3003 1613 3055 ἅπαντα
1642 3001 1722 3064 είς
1750 3001 1856 3068 γῆν

277 3093 578 3145 ἀναλύοντα
628 3094 729 3162 τὴν
771 3093 874 3162 γῆν
944 3093 1174 3163 πρώτην
1227 3094 1380 3164 σφίσι
1439 3093 1658 3164 μητέρα
1713 3090 1856 3146 εἶναι

277 3186 454 3252 δηλοῖ.
498 3186 565 3239 Ἦ
613 3186 691 3250 δὲ,
726 3188 984 3240 ἁπάντων
1031 3187 1238 3239 ὑδάτων
1291 3187 1371 3251 είς
1416 3187 1588 3256 αὐτὴν
1619 3186 1858 3255 εἰσρεόν-

277 3297 410 3339 των.
437 3281 534 3335 καὶ
584 3279 739 3333 πάνθ’
775 3279 1153 3350 ὑποδεχομένη
1189 3278 1280 3332 διὰ
1319 3278 1584 3348 μεγέθους
1636 3296 1862 3348 περιου-

281 3371 430 3432 σίαν,
479 3367 601 3420 οὔτι
640 3368 844 3422 πλείων
877 3368 976 3436 τῆς
998 3365 1164 3436 οΰσης
1213 3361 1429 3437 ὁρᾶται,
1462 3365 1574 3419 οὔτ’
1621 3366 1860 3420 ἐλάττων

279 3481 366 3525 τις
397 3464 651 3530 φαίνεται
707 3461 860 3514 οὖσα.
891 3462 966 3514 Οὐ
1025 3459 1134 3529 γάρ
1179 3476 1283 3512 που
1341 3459 1504 3512 πλέον
1551 3452 1612 3513 οὗ
1662 3459 1860 3512 δέδωκε

280 3554 451 3622 γῆθεν
509 3553 806 3623 λαμϐάνειο
859 3553 956 3604 καὶ
1019 3549 1178 3612 αὖθις
1223 3549 1411 3607 δίδωσέ
1467 3565 1532 3618 γε
1583 3549 1859 3614 τοσοῦτον,

279 3645 481 3697 ὁπόσον
512 3645 608 3696 καὶ
639 3643 948 3710 εἰσεδέξατο
971 3657 984 3673 ο
1020 3643 1114 3694 καὶ⁵
1148 3641 1267 3710 ἅμα
1294 3642 1396 3694 οὐκ
1434 3640 1716 3694 ἐπιδίδωσι
1747 3640 1858 3694 τῶν

282 3740 352 3791 ἐκ
379 3739 483 3805 γῆς
516 3735 1002 3805 συμϐαλλομένων,
1047 3735 1170 3786 ἐπεὶ
1208 3733 1331 3803 μηδ’
1380 3733 1576 3802 ἀτελὴς
1617 3733 1859 3800 ἐγένετο,

280 3831 406 3884 οὐδὲ
435 3828 757 3898 προσθήκης
805 3827 1038 3896 δεομένη
1074 3825 1220 3888 τινὸς
1273 3826 1332 3893 ἐξ
1383 3825 1583 3895 ἀρχῆς.
1613 3826 1704 3894 Τῷ
1747 3827 1861 3879 ὄντι

281 3927 339 3979 δὲ
393 3925 581 3978 τελεία
635 3922 730 3975 καὶ
778 3922 1016 3990 πῖήρης,
1069 3923 1271 3982 παντὸς
1319 3919 1519 3990 μᾶλλον
1568 3919 1850 3988 ἀνενδεὴς.

284 4017 532 4085 Ὄμδροι
577 4014 637 4068 δὲ
681 4013 826 4084 ,πρὸς
863 4015 976 4075 τοῖς
1030 4013 1350 4082 εἰρημένοις
1393 4013 1490 4065 καὶ
1543 4011 1729 4082 δρόσοι
1766 4013 1860 4064 καὶ

281 4109 517 4176 mustei,
554 4105 776 4172 νεφέλαι
825 4120 885 4156 τε
933 4099 1001 4156 αὖ
1052 4104 1111 4156 αἱ
1166 4104 1391 4165 τούτους
1440 4102 1734 4170 γεννῶσαι,
1769 4103 1866 4155 καὶ

283 4205 389 4256 ὅσα
429 4200 650 4270 πρῶτον
696 4199 776 4260 είς
809 4198 902 4250 τὸν
953 4196 1068 4249 ἄνω
1120 4199 1493 4265 συνιστάμενα
1542 4197 1731 4257 τόπον,
1768 4192 1867 4248 εἶτ’

281 4295 498 4348 ἐκεῖθεν
529 4295 606 4354 είς
639 4291 744 4360 γῆν
773 4290 1042 4352 κάτεισιν,
1072 4289 1154 4341 ἔτι
1179 4306 1243 4356 γε
1275 4289 1382 4358 μὴν
1414 4287 1633 4356 ἀνέμων
1669 4288 1866 4356 φύσεις

283 4389 384 4441 καὶ
413 4387 669 4440 παντοῖαι
699 4385 881 4447 πνοαὶ,
914 4383 1016 4453 τὴν
1039 4381 1214 4452 ἀρχὴν
1264 4383 1329 4433 ἐκ
1365 4379 1459 4433 τοῦ
1490 4378 1682 4442 ὓδατος
1709 4379 1868 4448 ἔχου-

282 4496 395 4533 σιν.
436 4480 496 4530 El
536 4477 593 4530 δὲ
628 4477 853 4547 βλάστας.
888 4475 1096 4544 φυτῶν,
1147 4473 1410 4542 ἐκφύσεις
1463 4489 1524 4525 τε
1565 4473 1662 4525 καὶ
1697 4471 1868 4542 αὐξή-

1882 3239 1930 3302 C

1958 1981 2105 2038 dinis
2150 1981 2452 2053 participes
2492 1991 2646 2043 sunt,
2679 1979 3019 2049 principium
3063 1992 3209 2042 esse,
3241 1985 3394 2032 certo
3436 1991 3532 2030 co.

1958 2086 2274 2145 gnoscatur.
2307 2073 2425 2127 Non
2457 2074 2606 2127 enim
2645 2071 2960 2126 verosimilc
2993 2080 3080 2125 cst
3103 2085 3164 2124 ea
3195 2085 3316 2139 qua:
3353 2071 3533 2139 quoad

1957 2168 2340 2223 exslstentiam
2367 2167 2676 2237 posteriora
2701 2175 2852 2228 sunt.
2891 2165 3014 2219 talis
3047 2164 3282 2234 alicujus
3307 2162 3388 2216 rei
3413 2177 3538 2226 par-

1961 2258 2217 2328 ticipare,
2248 2257 2318 2312 de
2362 2273 2470 2326 qua
2505 2256 2704 2326 prima,
2758 2271 2858 2325 per
2905 2271 3028 2324 qua:
3061 2255 3182 2326 ipsa
3229 2253 3538 2323 posteriora

1957 2352 2297 2413 consistunt,
2326 2365 2439 2404 non
2474 2349 2830 2420 participant.
2865 2347 3044 2403 Fluvii
3077 2347 3225 2401 enim
3257 2361 3452 2400 omnes
3483 2358 3539 2400 et

1958 2447 2164 2507 fontes,
2195 2438 2364 2513 'porro
2401 2454 2459 2496 et
2505 2441 2659 2496 lacus
2694 2448 2752 2494 et
2788 2454 3056 2508 aquarum
3093 2438 3274 2493 ﬂuxus
3308 2447 3364 2492 et
3401 2437 3538 2509 lynv

1959 2540 2190 2610 pharum
2223 2535 2438 2600 latices,
2481 2543 2540 2588 et
2587 2547 2930 2604 quaecunque
2977 2547 3142 2586 cursu
3191 2545 3293 2587 suo
3325 2541 3538 2600 .terrazu

1960 2630 2226 2692 subeunt,
2259 2627 2446 2680 omnia
2495 2641 2563 2680 ex
2613 2624 2752 2678 mari
2801 2631 2932 2678 sunt
2971 2634 3026 2678 ct
3066 2638 3260 2678 rursus
3294 2624 3350 2678 in
3387 2638 3540 2678 mare

1959 2724 2240 2788 reﬂuunt;
2271 2732 2327 2777 et
2356 2721 2488 2776 illud
2517 2721 2744 2790 quidem
2792 2729 3054 2790 tanquam
3091 2736 3156 2774 ex
3192 2729 3387 2783 matre,
3435 2719 3541 2774 hoc

1961 2829 2146 2873 autem
2189 2826 2450 2884 tanquam
2488 2814 2542 2867 in
2578 2828 2870 2867 commune
2903 2812 3180 2883 quoddam
3221 2813 3406 2876 omnis,
3437 2812 3542 2867 hu-

1963 2909 2098 2963 midi
2137 2907 2568 2976 receptaculum.
2620 2905 2772 2960 Adeo
2817 2913 2877 2960 ut
2913 2906 3018 2960 hoc
3065 2905 3138 2960 sit
3171 2905 3386 2976 signum
3430 2920 3538 2959 non

1963 3003 2292 3061 obscurum,
2325 3014 2474 3053 mare
2502 3014 2626 3053 esse
2661 3000 2882 3053 unicum
2923 2998 3105 3054 omnis
3134 3013 3292 3068 aqua;
3331 2999 3540 3069 princi-

1963 3096 2112 3165 pium
2142 3113 2154 3160 ;
2198 3109 2265 3147 eo
2299 3093 2446 3146 enim
2483 3107 2706 3146 omnem
2737 3092 2939 3146 reverti
2965 3107 3164 3161 aquam
3192 3101 3248 3146 et
3279 3102 3538 3162 tanquam

1966 3188 2020 3241 in
2069 3186 2364 3257 pristinum
2397 3185 2576 3238 locum
2614 3184 2795 3238 redire
2840 3183 3110 3246 videmus,
3153 3191 3212 3237 et
3241 3182 3395 3236 illinc
3430 3181 3547 3253 pri-

1964 3298 2105 3336 mam
2159 3275 2282 3335 sua:
2327 3280 2580 3336 essentia;
2623 3294 2843 3335 causam
2884 3279 3195 3350 suscepisse
3239 3280 3541 3335 credimus.

1968 3374 2104 3430 Nam
2139 3373 2214 3427 ita
2245 3381 2302 3428 et
2331 3386 2676 3441 quacunque
2709 3386 2774 3426 ex
2807 3379 2954 3426 terra
2986 3382 3117 3426 sunt
3142 3371 3197 3426 in
3225 3381 3430 3427 terram
3459 3386 3545 3426 re-

1969 3463 2284 3528 solvuntur,
2313 3472 2370 3516 et
2394 3470 2595 3516 terram
2618 3461 2729 3517 illis
2761 3461 2996 3532 primam
3029 3471 3259 3516 matrem
3280 3477 3401 3516 esse
3433 3477 3547 3515 ma-

1966 3555 2228 3610 nifestum
2267 3564 2373 3611 est.
2412 3554 2559 3609 Mare
2593 3564 2810 3620 autem,
2869 3569 2995 3610 cum
3059 3569 3253 3610 omnes
3299 3554 3354 3608 in
3409 3555 3544 3608 illud

1965 3647 2252 3702 conﬂuunt
2285 3663 2441 3712 aqua:
2464 3662 2669 3717 easque
2696 3661 2891 3702 omnes
2931 3646 3158 3716 excipit,
3197 3655 3426 3715 propter
3457 3647 3546 3700 in-

1968 3748 2188 3810 gentem
2223 3739 2660 3809 magnitudinem
2695 3754 2797 3794 nec
2832 3741 3011 3808 majus
3045 3739 3386 3809 conspicitur
3442 3753 3546 3795 nec

1970 3833 2156 3887 minus
2189 3839 2416 3902 apparet
2448 3845 2614 3902 quam
2643 3844 2773 3887 ante
2806 3841 2928 3888 erat
2961 3851 2976 3888 :
3006 3832 3184 3887 nihilo
3227 3833 3378 3886 enim
3421 3832 3548 3903 plus

1968 3942 2132 3995 quam
2173 3925 2324 3980 dedit
2357 3924 2556 3994 recipit
2585 3941 2615 3978 a
2648 3933 2831 3989 terra;
2875 3934 2932 3980 et
2965 3925 3149 3979 denuo
3183 3932 3395 3979 tantum
3424 3924 3550 3978 red-

1969 4021 2072 4084 dit,
2109 4027 2377 4088 quantum
2415 4018 2469 4070 in
2515 4031 2576 4072 se
2611 4025 2930 4088 receperat;
2983 4027 3041 4073 et
3089 4017 3238 4073 inter
3279 4034 3344 4072 ea
3382 4018 3547 4072 simul

1973 4128 2082 4166 non
2120 4119 2370 4179 augetur,
2407 4109 2536 4163 dum
2585 4123 2613 4162 a
2667 4117 2812 4164 terra
2843 4110 3083 4180 quadam
3113 4111 3221 4180 ipsi
3251 4109 3550 4165 conferun-

1974 4212 2103 4266 tur;
2135 4201 2395 4272 quoniam
2439 4216 2542 4256 nec
2585 4200 2973 4271 imperfectum
3007 4201 3210 4255 factum
3248 4210 3333 4255 est
3372 4217 3550 4270 neque

1970 4293 2329 4348 additamenti
2349 4293 2416 4347 ab
2437 4293 2546 4347 alio
2565 4293 2805 4363 quodam
2837 4292 3116 4363 principio
3141 4291 3386 4362 indiget;
3416 4308 3552 4362 quo-

1977 4386 2127 4440 niam
2186 4401 2380 4440 revera
2450 4394 2898 4440 consummatum
2956 4396 3011 4441 et
3082 4375 3390 4455 perfectum
3450 4399 3552 4438 nec

1972 4479 2143 4534 ullius
2180 4479 2352 4550 magis
2403 4478 2654 4548 indigum
2701 4486 2806 4533 est.
2856 4477 3064 4534 Praeter
3098 4477 3258 4537 dicta
3312 4491 3444 4531 vero
3497 4486 3553 4531 ct

285 4562 427 4635 σεις,
466 4571 837 4641 ἀναθηλήσεις
884 4585 945 4621 τε
990 4569 1086 4620 καὶ
1144 4563 1519 4636 καρποφορίαι
1565 4563 1626 4629 ἐξ
1659 4564 1857 4616 “dum

1975 4570 2182 4625 imbres
2211 4579 2267 4625 et
2297 4586 2388 4625 ros
2419 4581 2475 4626 et
2505 4571 2600 4625 nix
2625 4578 2682 4626 et
2711 4572 2887 4627 nubes
2915 4571 3144 4641 insuper
3173 4585 3296 4640 qua
3331 4569 3422 4624 illa
3454 4583 3551 4637 ge-

285 4667 367 4728 ὡς
398 4669 456 4731 ἐξ
489 4665 642 4734 ὕλης,
680 4663 741 4716 οὗ
790 4662 902 4733 γὰρ
932 4661 1108 4724 ἄλλως
1147 4653 1260 4712 οἷόν
1294 4675 1354 4711 τε
1401 4655 1739 4726 προκύπτειν
1770 4659 1871 4726 τῆς
1919 4693 1922 4697 -

286 4761 422 4829 γῆς,
451 4759 633 4828 μήτηρ
679 4757 736 4809 δὲ
787 4755 882 4809 τοῦ
926 4755 1129 4818 παντὸς
1178 4752 1392 4818 ὓδατος,
1431 4751 1783 4822 προσκείσθω
1815 4751 1873 4804 δὲ

288 4855 390 4906 καὶ
443 4854 642 4912 παντῦς
681 4849 874 4920 ὑγροῦ,
908 4849 1180 4912 θάλασσα,
1211 4846 1438 4917 εὔδηλον
1483 4847 1561 4908 ὡς
1605 4845 1700 4898 καὶ
1747 4844 1876 4896 τού-

290 4965 406 4999 των
462 4945 560 4998 οὐκ
619 4945 754 5015 άλλη
804 4961 890 5006 τις
949 4943 1100 4997 αἰτία
1150 4942 1209 4994 τὸ
1261 4941 1430 5012 μέρος
1476 4939 1632 4992 τοῦτο
1678 4939 1759 4991 ὅτι
1799 4937 1876 5008 μὴ

291 5040 564 5092 θάλασσα.
889 5036 908 5053 ⁴

1973 4675 2175 4721 nerant
2201 4674 2259 4721 et
2291 4680 2632 4736 quaecunque
2679 4665 2861 4736 primo
2888 4664 2944 4719 in
2972 4663 3198 4719 sublimi
3242 4662 3554 4718 consistunt

1978 4759 2102 4813 loco
2133 4767 2190 4812 et
2229 4756 2434 4812 deinde
2467 4757 2621 4812 illinc
2653 4758 2709 4810 in
2752 4765 2954 4812 terram
2999 4753 3368 4817 descendunt,
3396 4752 3551 4807 insn-

1978 4863 2078 4917 per
2107 4862 2238 4901 sane
2267 4855 2557 4902 ventorum
2592 4845 2891 4915 qualitates
2920 4853 2972 4899 et
3001 4844 3182 4898 omnis
3206 4842 3422 4913 generis
3453 4841 3555 4895 ﬂa-

1982 4947 2070 4992 tus
2109 4953 2176 4993 ει
2203 4954 2342 5007 aqua
2379 4936 2713 5008 principium
2747 4936 3023 4991 obtinent.
3058 4936 3380 4991 Plantarum
3416 4949 3556 5004 quo-

1980 5045 2090 5102 que
2131 5031 2463 5101 propagines
2516 5039 2570 5085 et
2617 5029 3059 5100 germinationes
3110 5035 3165 5081 et
3213 5028 3556 5082 incrementa

291 5137 610 5202 ﬂorumque
654 5129 1050 5199 productiones
1101 5135 1159 5181 et
1226 5126 1508 5182 fructuum
1557 5135 1860 5194 proventus
1925 5139 1988 5180 ex
2031 5141 2171 5194 aqua
2231 5125 2382 5179 velut
2432 5139 2500 5177 ex
2550 5123 2780 5177 materia
2833 5123 3200 5191 proveniunt;
3248 5135 3357 5174 non
3404 5122 3555 5176 enim

292 5226 460 5278 aliter
497 5223 654 5278 ﬁeret
701 5231 758 5274 ut
794 5220 848 5274 in
901 5229 1106 5273 terram
1159 5217 1448 5272 inclinent.
1500 5215 1674 5270 Mater
1716 5213 1865 5269 enim
1903 5216 2085 5269 omnis
2131 5229 2309 5284 aquae,
2357 5212 2594 5266 addatur
2659 5223 2712 5265 ct
2749 5211 2932 5266 omnis
2977 5209 3213 5274 humidi,
3248 5225 3400 5265 mare
3439 5221 3548 5264 esl.

293 5323 447 5378 Satis
477 5319 623 5373 «lare
657 5318 804 5370 enim
837 5322 987 5386 patet
1009 5313 1158 5384 quod
1187 5323 1242 5367 et
1268 5315 1462 5368 horum
1491 5312 1637 5366 nulla
1669 5311 1773 5366 alia
1806 5310 1875 5364 sit
1911 5327 2071 5365 causa
2109 5326 2271 5380 quam
2304 5325 2429 5376 pars
2454 5308 2564 5372 illa,
2597 5323 2719 5378 qua:
2750 5316 2835 5362 est
2872 5321 3043 5360 mare.

368 5414 442 5464 υ)
475 5412 540 5481 δὴ
591 5409 728 5478 μόνα
774 5409 950 5460 ταῦτα
981 5410 1081 5477 τὴν
1134 5407 1309 5475 ὑγρᾶν
1345 5405 1421 5468 ὡς
1467 5405 1684 5475 μητέρα
1735 5405 1878 5458 κατὰ

295 5506 391 5559 τδν
422 5504 713 5574 εἰρημέιρν
759 5502 1022 5569 κέκτηται
1056 5499 1280 5567 τρόπον,
1319 5497 1454 5551 ἀλλὰ
1508 5501 1599 5549 καὶ
1653 5501 1879 5551 παντοία

294 5615 432 5666 γένη
483 5595 594 5646 τῶν
637 5593 822 5656 ζώων,
877 5594 998 5645 ἐπεὶ
1035 5591 1135 5643 οὐκ
1175 5590 1320 5643 ἔστιν
1369 5590 1522 5642 οὐδὲν
1554 5591 1664 5642 τῶν
1703 5590 1883 5644 ἁπάν-

295 5709 406 5746 των
443 5689 470 5738 ὂ
511 5687 589 5760 μὴ
641 5690 707 5758 τῇ
757 5687 851 5740 το)
912 5684 1081 5754 ὑγροῦ
1146 5685 1344 5756 μετοχῇ
1407 5687 1505 5752 τῆς
1563 5683 1882 5752 ἐπωνυμίας

298 5784 504 5852 ταύτης
555 5781 838 5852 μετάσχοι.
905 5779 1112 5830 Τούτου
1166 5776 1210 5830 δ’
1266 5778 1490 5847 ἐναργὲς
1551 5776 1877 5846 γνώρισμαν

302 5874 600 5941 ἐπειδήπερ
668 5870 1065 5927 συναποῶλὶει
1131 5868 1223 5924 καὶ
1277 5870 1334 5922 τὸ
1386 5869 1503 5933 ζῶα
1561 5865 1721 5934 εἶναι,
1792 5871 1882 5922 καὶ

2063 5402 2176 5458 Nec
2209 5401 2460 5472 profectu
2508 5400 2622 5455 haec
2654 5399 2770 5454 sola
2813 5398 3392 5466 humidutntanquam
3444 5415 3559 5451 ma.

1989 5505 2149 5558 lrcm,
2182 5512 2249 5551 eo
2298 5512 2408 5566 quo
2453 5494 2662 5547 dictum
2691 5502 2777 5547 est
2825 5493 3010 5550 modo.
3045 5492 3243 5544 sortita
3279 5502 3428 5555 sum,
3463 5491 3562 5549 sed

1987 5599 2041 5647 et
2067 5591 2448 5660 cujuscunque
2478 5588 2700 5657 generis
2729 5585 2987 5646 animalia
3012 5599 3028 5648 ;
3066 5582 3195 5651 quia
3223 5584 3434 5636 nullum
3464 5584 3566 5634 da-

1993 5695 2077 5738 tur
2111 5697 2173 5738 ex
2210 5681 2466 5736 omnibus
2493 5679 2640 5749 quod
2686 5693 2796 5733 non
2828 5677 2901 5730 ob
2933 5675 3144 5728 humidi
3178 5673 3565 5748 participatiuo

1993 5790 2118 5829 nem
2170 5773 2416 5843 ejusdem
2453 5769 2690 5838 originis
2738 5779 2796 5823 et
2849 5765 3096 5820 nominis
3145 5765 3422 5834 particeps
3469 5765 3564 5820 sit.

1994 5867 2057 5921 Et
2115 5867 2280 5935 hujus
2333 5865 2410 5921 rei
2459 5864 2689 5921 evidens
2737 5871 2822 5918 est
2873 5858 3163 5925 indicium,
3196 5859 3342 5928 quod
3399 5858 3562 5912 simul
