3894 6366
352 343 460 410 “3

1274 338 1608 403 GEORGII
1657 339 1915 401 CYPRH
1962 337 2072 400 ΟΡ.
2110 337 2631 400 PATBIARCH/li

3526 337 3632 403 Mi

357 473 488 516 nam
512 454 628 512 aeri
657 453 750 510 dat
782 451 852 510 de
897 468 998 508 sna
1027 452 1396 516 humiditate:
1432 471 1533 511 nec
1562 453 1786 509 aliunde
1818 451 1942 507 talis

2070 451 2287 513 τοιοῦτος
2327 451 2438 522 ἀὴρ
2487 455 2520 520 ἢ
2575 456 2641 524 τῇ
2693 452 2959 527 μετουσίᾳ
2995 452 3091 508 τοῦ
3146 453 3360 516 ὓδατος.
3395 453 3538 524 napi.
3577 456 3631 509 δὲ

355 564 455 606 aer
485 545 597 604 nisi
627 560 694 602 ex
719 543 1108 600 communione
1141 561 1318 615 aquae.
1348 548 1463 616 igni
1495 556 1679 602 autem
1709 546 1941 600 alimen-

358 651 476 698 tum
515 649 602 696 est
633 638 924 694 humidum
961 649 1019 695 et
1048 639 1155 694 hoc
1195 650 1454 694 manente
1492 648 1675 694 manet
1703 637 1758 694 et
1788 640 1940 708 ipse;

359 741 418 787 et
461 731 568 786 hoc
608 730 743 785 dum
777 731 1152 792 consumitur.
1191 733 1306 800 ipse
1363 733 1526 786 simul
1572 736 1942 799 consumitur,

359 835 418 878 et
468 823 563 877 ubi
612 823 772 889 plane
821 823 1114 889 deiecerit,
1147 825 1263 888 ipse
1291 824 1495 880 delicit.
1533 826 1744 879 Dantur
1771 825 1944 878 etiam

360 915 456 986 qui
495 916 670 970 stellis
709 931 776 970 ex
807 931 948 984 aqua
985 917 1311 972 alimentum
1339 917 1734 987 suppeditant;
1789 917 1947 987 cujus

361 1023 532 1064 causa
569 1017 625 1063 et
661 1009 805 1078 ignis
837 1019 893 1062 et
937 1009 1220 1063 stellarum
1266 1010 1628 1076 subsistentia
1664 1009 1948 1078 quodam-

363 1100 534 1154 modo
583 1115 650 1154 ex
700 1116 841 1170 aqua
885 1109 1003 1168 est;
1038 1099 1186 1155 unde
1227 1101 1376 1155 enim
1423 1101 1630 1170 aliquid
1671 1085 1946 1166 nutritur,

366 1189 500 1244 inde
532 1199 590 1244 et
621 1191 676 1244 iu
716 1191 1076 1246 subsistendo
1115 1193 1552 1260 permanentiam
1590 1193 1792 1248 habere
1825 1209 1948 1250 crc-

367 1281 544 1336 ditur.
575 1281 747 1337 Terra
778 1290 961 1336 autem
990 1293 1044 1337 et
1069 1285 1280 1354 reliqua
1301 1301 1422 1355 qua:
1446 1300 1511 1339 ex
1540 1301 1603 1340 ea
1632 1286 1774 1340 facta
1798 1295 1946 1351 sunt,

368 1374 670 1430 manifesto
711 1391 779 1430 ex
819 1391 1004 1445 aqua;
1040 1392 1146 1430 non
1197 1377 1345 1430 enim
1383 1377 1546 1432 aliter
1576 1394 1740 1444 quam
1784 1377 1949 1450 hujus

366 1469 767 1533 communione
813 1469 1017 1540 frigida
1071 1479 1179 1526 est.
1215 1471 1433 1524 Etenim
1455 1472 1504 1526 si
1544 1488 1738 1527 rursus
1763 1473 1953 1528 abstu-

367 1559 507 1616 leris
535 1576 572 1615 a
603 1569 750 1617 terra
787 1577 1012 1616 omnem
1039 1561 1457 1626 humiditatem,
1501 1563 1726 1619 videbis
1773 1567 1953 1635 ipsam

372 1651 651 1709 inﬁrmam
701 1663 758 1708 et
805 1670 918 1709 non
950 1655 1371 1722 subsistentem,
1428 1657 1648 1726 aliaque
1681 1660 1958 1714 sustinuere

2045 545 2222 616 τροφὴ
2277 544 2528 613 γίγνεται
2583 546 2643 599 τὸ
2716 546 2903 617 ύγρδν,
2949 548 3045 602 καὶ
3101 549 3356 618 μένοντος
3415 547 3631 609 τούτου,

2052 637 2204 707 μένει
2265 639 2524 703 κάκεῖνο,
2583 638 2680 692 καὶ
2731 639 3136 706 δαπανωμένου
3203 639 3632 706 συνδαπανᾶται,

2047 730 2143 782 καλ⁸
2194 728 2395 792 τελέως
2439 728 2818 794 ἐκλελοιπότος
2871 731 3347 800 ἀπομαραίνεται.
3396 731 3517 784 Εἰσὶ
3578 731 3635 784 δὲ

2049 821 2101 876 οῖ
2140 822 2377 885 καὶτοῖς
2426 822 2660 894 ἀστρασι
2712 825 2922 894 τροφὴν
2963 825 3025 877 ὲκ
3083 823 3178 876 τοῦ
3228 823 3422 884 ὕδατος
3457 841 3636 892 παρε-

2049 916 2344 975 σκεύασαν.
2373 916 2435 971 οὗ
2480 935 2542 986 γε
2599 918 2760 987 χάριν
2800 917 2900 970 καὶ
2957 919 3133 985 πυρὸς
3178 917 3272 970 καὶ.
3312 917 3562 984 ἀστέρων
3597 919 3632 983 ἡ

2051 1005 2311 1067 σύστασις
2347 1008 2410 1061 ὲκ
2461 1006 2554 1061 τοῦ
2597 1005 2790 1070 ὕδατος
2837 1006 3042 1077 τρόπον
3085 1007 3231 1061 τινά.
3271 1009 3504 1062 Ὀπόθιν
3538 1009 3634 1062 καὶ

2051 1099 2158 1168 γὰρ
2190 1098 2424 1151 ἕκαστον
2458 1098 2744 1171 τρέφεται,
2781 1099 2989 1152 ἐκεῖθεν
3021 1099 3115 1152 καὶ
3163 1098 3263 1166 τὴν
3299 1101 3382 1162 εις
3407 1101 3467 1152 τδ
3491 1094 3636 1153 εἶναι

2050 1192 2313 1262 διαμονὴν
2349 1192 2492 1261 ἔχειν
2523 1192 2862 1248 πιστεύεται.
2897 1193 3004 1258 Γῆς
3039 1193 3096 1246 δὲ
3132 1193 3226 1247 καὶ
3256 1193 3432 1264 αὐτῆς
3465 1194 3630 1262 ἔτερα

2055 1284 2165 1336 τῶν
2202 1287 2508 1352 ποιοτήτων
2550 1284 2870 1354 περιφανῶς
2918 1285 2984 1338 ἐκ
3019 1284 3118 1338 τοῦ
3155 1284 3352 1350 ὕδατος
3377 1302 3394 1317 ο
3426 1287 3487 1338 ού
3531 1289 3627 1354 τὰ..

2055 1377 2257 1447 ἑτέρως
2291 1377 2418 1450 γεῆ
2461 1380 2526 1448 τῇ
2577 1378 2848 1448 μετουσίᾳ
2895 1378 3050 1433 τοῦδε
3097 1379 3242 1448 αὕτη
3292 1379 3503 1450 ψυχρὰ,
3538 1381 3605 1432 xi

2053 1467 2211 1534 αὖθις
2233 1471 2446 1543 ἀφέλῃς
2489 1472 2596 1539 τῆς
2634 1473 2742 1540 γῆς
2770 1471 2868 1543 τὴν
2899 1474 3080 1526 πᾶσαν
3107 1473 3404 1544 ὑγρότητα,
3434 1472 3633 1527 ἀσθενῖ

2051 1582 2115 1617 τε
2143 1564 2278 1628 ἴδοις
2303 1565 2392 1618 καὶ
2424 1549 2915 1627 ἀνυπόστατονίτά
2939 1582 3000 1619 τε
3034 1564 3171 1618 ἄλλα
3211 1563 3288 1635 μὴ
3341 1566 3636 1630 στέγουσαι

2059 1658 2155 1711 καὶ
2213 1657 2493 1721 παντοίοις
2529 1656 2754 1727 βάρεσιν
2805 1655 3205 1727 ύποχωροῦσαν
3250 1656 3358 1712 ἀεί.
3403 1656 3644 1724 Πάρεστι

373 1762 486 1802 non
511 1762 696 1818 posse,
715 1747 811 1804 sed
831 1748 1122 1819 quibusvis
1140 1750 1482 1819 ponderibus
1511 1766 1689 1820 usque
1708 1759 1764 1805 et
1783 1765 1958 1822 usque

2070 1749 2220 1803 τοῦτο
2264 1749 2360 1803 καὶ
2391 1748 2492 1820 τὴν
2533 1749 2764 1824 ψάμμον
2805 1750 3024 1822 ὁρῶντα
3074 1752 3387 1812 κατανοεῖν,
3415 1751 3539 1820 ἥτις
3571 1753 3640 1816 γῆς,

373 1840 594 1896 cedere.
631 1840 690 1896 In
741 1851 1004 1913 promptu
1041 1856 1228 1896 autem
1285 1851 1372 1896 est
1430 1855 1486 1897 ct
1541 1843 1679 1897 illud
1734 1853 1956 1898 arenam

377 1931 663 1986 contuenti
717 1947 1091 2004 cognoscere;
1141 1949 1264 2005 quae
1317 1934 1506 2004 utique
1560 1945 1705 1990 terra
1759 1944 1864 1996 est.
1913 1935 1960 1990 si

375 2022 559 2076 ablata
594 2023 667 2078 sit
706 2039 829 2094 quas
858 2041 980 2080 eam
1039 2026 1189 2098 cogit
1241 2037 1296 2082 et
1342 2029 1590 2083 continet
1636 2028 1960 2084 humiditas.

378 2115 447 2170 Et
475 2115 697 2187 quidem
753 2117 898 2183 illos,
929 2120 1024 2189 qui
1064 2135 1264 2188 aquam
1305 2123 1528 2176 unicum
1562 2129 1619 2176 et
1654 2122 1960 2177 solitarium

377 2209 626 2264 omnium
683 2226 868 2265 rerum
938 2213 1279 2284 principium
1335 2231 1456 2270 esse
1505 2215 1804 2280 dixerunt,
1851 2232 1963 2270 non

378 2311 517 2371 puto
560 2302 632 2357 ob
664 2303 816 2358 aliud
849 2304 982 2374 quid
1017 2323 1182 2378 quam
1231 2308 1346 2362 lucc
1378 2307 1642 2365 inductos
1688 2309 1858 2365 fuisse
1905 2318 1966 2363 ut

382 2394 488 2449 hoc
521 2395 800 2463 dicerent,
835 2415 946 2454 non
995 2401 1116 2456 sine
1168 2403 1382 2458 ratione
1428 2402 1532 2459 hac
1583 2404 1848 2473 Opinione
1899 2405 1966 2458 de

382 2504 528 2558 aqua
560 2501 838 2562 suscepta.
877 2493 1179 2564 Propterea
1225 2495 1364 2549 nihil
1412 2504 1521 2558 est.
1553 2511 1656 2550 cur
1689 2497 1816 2565 quis
1847 2510 1968 2548 ma-

378 2579 521 2649 joris
556 2583 819 2637 momenti
855 2599 943 2639 res
978 2587 1112 2640 velit
1145 2585 1378 2640 minoris
1411 2585 1566 2655 paria
1600 2587 1878 2641 :estimare
1912 2595 1970 2639 et

387 2673 569 2742 prima
619 2674 674 2728 in
712 2677 778 2730 iis
828 2693 951 2744 qua!
1003 2679 1314 2748 posteriora
1359 2691 1520 2745 sunt;
1559 2680 1790 2749 reliquis
1819 2678 1968 2733 enim

383 2765 700 2833 elementis,
735 2785 858 2838 quae
906 2781 963 2826 et
1021 2772 1138 2841 ipsa
1194 2774 1370 2843 prima
1417 2790 1602 2828 rerum
1635 2773 1793 2827 aiunt
1824 2786 1968 2838 esse,

389 2868 606 2915 tantum
647 2863 907 2930 pr.rcellit
954 2881 1120 2934 aqua,
1153 2875 1214 2920 ut
1260 2867 1328 2922 de
1368 2867 1480 2920 illis
1527 2880 1650 2936 qua:
1684 2880 1784 2919 sua
1817 2874 1984 2929 sunt;

390 2953 514 3008 aliis
543 2958 956 3024 communicet,
993 2960 1108 3030 ipsa
1155 2977 1288 3015 vero
1327 2961 1641 3015 nullatenus
1684 2959 1796 3014 illis
1824 2957 1972 3012 indi-

389 3057 535 3116 geat.
593 3049 728 3104 Nam
787 3063 947 3106 terra:
1002 3054 1260 3122 equidem
1299 3056 1382 3124 (ut
1423 3055 1613 3109 iisdem
1665 3052 1974 3108 rationibus

2068 1844 2166 1914 μὲν
2197 1845 2333 1907 ἐστι,
2366 1843 2506 1908 πλὴν
2537 1843 2874 1916 ἀφῃρημένη
2899 1844 3002 1914 τῆς
3037 1845 3119 1908 εις
3145 1844 3344 1898 ταυτὸν
3378 1843 3640 1910 συναγού»

2065 1957 2164 2006 σης
2213 1937 2308 1992 καὶ
2356 1935 2690 2008 συνεχούσης
2731 1935 3052 2008 ὑγρότητος.
3078 1936 3186 1990 Καί
3237 1953 3302 2004 γε
3348 1934 3476 1996 τοὺς
3513 1935 3632 2003 μίαει

2065 2029 2240 2100 ἀρχὴν
2287 2029 2386 2083 καὶ
2434 2028 2604 2098 μόνην
2643 2027 2753 2080 τῶν
2808 2027 2983 2080 όντων
3032 2025 3331 2098 εἰρηκότας
3395 2019 3539 2077 εἶναι
3587 2025 3638 2074 τὶ

2067 2121 2210 2192 ὕδωρ
2248 2122 2348 2176 ούκ
2390 2118 2546 2191 οἶμαι
2585 2119 2652 2174 δι’
2686 2119 2814 2174 ἄλλο
2847 2119 2880 2191 ἢ
2927 2119 3104 2174 ταῦτα
3161 2117 3538 2188 προαχθέντας
3571 2118 3642 2170 εῖ-

2068 2217 2188 2269 πεῖν
2226 2214 2328 2268 οὐκ
2379 2213 2481 2279 ἔξω
2525 2212 2686 2281 λόγου
2737 2211 2970 2280 ταυτηνὶ
3032 2210 3134 2282 τὴν
3183 2209 3346 2274 δόξαν
3382 2210 3514 2278 περὶ
3555 2211 3648 2260 τοι⁴

2069 2308 2263 2368 ὓδατος
2289 2305 2598 2377 εἰληφότας.
2629 2304 2720 2357 Διὸ
2752 2303 2861 2357 οὐδ’
2895 2303 3047 2357 ἔστιν
3101 2303 3214 2370 ὅτῳ
3262 2319 3346 2365 τις
3400 2302 3460 2354 τδ
3507 2318 3657 2353 στοι-

2069 2402 2218 2471 χεῖον
2249 2397 2410 2452 τοῦτο
2443 2395 2778 2466 παραϐαλεῖ,
2811 2395 2860 2447 εἰ
2897 2394 2973 2464 μὴ
3003 2392 3256 2465 βούλεται
3283 2393 3397 2454 τοῖς
3432 2391 3653 2445 ἐλάττο-

2072 2511 2158 2547 σιν
2188 2490 2568 2558 ἀντεξετάζειν
2593 2490 2660 2542 τά
2687 2487 2882 2557 μείζω,
2915 2488 3010 2540 καὶ
3039 2487 3108 2538 τὰ
3139 2484 3337 2552 πρῶτα
3369 2486 3484 2547 τοῖς
3516 2485 3659 2553 μετά

2069 2588 2266 2642 ταῦτα.
2300 2585 2594 2654 Στοιχείων
2650 2583 2751 2653 μὲν
2803 2581 2912 2651 γὰρ
2963 2578 3076 2634 τῶν
3121 2579 3325 2644 ἄλλων,
3371 2577 3407 2632 ὅ.
3452 2594 3515 2645 γε
3565 2577 3662 2629 καὶ

2072 2682 2213 2736 αύτά
2279 2679 2475 2749 πρῶτα
2529 2676 2639 2730 τῶν
2705 2675 2877 2729 ὄντων
2953 2673 3119 2744 φασιν
3174 2666 3338 2738 εἶναι,
3407 2670 3664 2724 τοσοῦτον

2074 2765 2363 2839 ὑπεραίρει
2413 2765 2475 2819 τὸ
2531 2763 2717 2834 ὕδωρ,
2770 2764 2847 2828 ὡς
2897 2763 3008 2818 τῶν
3061 2761 3259 2816 ἑαυτοῦ
3323 2760 3664 2831 μεταδιδόναι

2075 2857 2372 2922 κάκείνοις,
2408 2856 2542 2910 αύτό
2593 2855 2650 2908 δὲ
2695 2856 2808 2908 τῶν
2849 2855 3078 2909 ἐκείνων
3117 2852 3329 2907 δεῖσθαι
3364 2853 3662 2925 μηδέποτε.

2075 2953 2155 3022 Γῆ
2187 2951 2286 3022 μὲν
2336 2951 2470 3022 γάρ,
2505 2950 2598 3002 ἵνα
2624 2949 2717 3003 καὶ
2770 2947 2929 3011 αὖθις
2975 2948 3271 3018 χρήσωμαι
3299 2948 3412 3006 τοῖς
3453 2947 3667 3008 αὐτοῖς,

2081 3043 2405 3114 μεταδίδωσι
2451 3043 2553 3111 τῆς
2601 3041 2964 3112 ψυχρότητος.
2993 3039 3149 3093 οὐδὲν
3195 3038 3240 3093 δ’
3285 3039 3492 3092 ἐκεῖθεν
3524 3039 3670 3106 λαμ·

391 3141 578 3196 dentto
609 3147 756 3214 utar)
793 3145 862 3200 de
895 3120 1200 3216 [rigid—itale
1241 3120 1641 3208 communicat.
1681 3148 1777 3202 sed
1836 3146 1967 3200 nihil

2083 3138 2234 3192 ϐἀνει
2261 3153 2276 3169 ο
2314 3139 2438 3208 ἀέρι
2477 3136 2533 3190 δὲ
2582 3135 2680 3202 τῆς
2734 3134 3036 3204 ὑγρότητος
3076 3133 3174 3187 καὶ
3218 3131 3328 3184 τῶν
3375 3132 3526 3202 παρᾶ
3567 3131 3667 3186 τοῦ

392 3231 464 3285 ab
517 3233 609 3288 illa
661 3236 911 3307 recipit:
957 3240 1072 3295 aeri
1109 3250 1292 3296 autem
1328 3240 1396 3296 de
1450 3240 1802 3304 humiditate,
1860 3238 1979 3307 ipsa

395 3342 584 3388 autent
630 3347 826 3386 eorum
884 3345 1008 3399 qum
1069 3333 1214 3387 aeris
1260 3341 1391 3388 sunt
1443 3348 1554 3386 non
1609 3342 1694 3386 est
1734 3331 1918 3401 indiga
1963 3350 1978 3387 :

401 3428 515 3498 igni
572 3443 702 3481 vero
746 3426 1101 3496 aliquatenus
1156 3427 1211 3480 in
1263 3425 1664 3481 nutrimentum
1696 3435 1802 3480 est.
1845 3426 1979 3480 Cum

400 3531 584 3576 autem
639 3528 864 3585 oportet
899 3529 956 3572 ut
985 3520 1138 3588 quasi
1176 3519 1242 3572 ad
1281 3535 1520 3588 pugnam
1563 3518 1785 3573 veniant
1837 3534 1982 3588 aqua

399 3623 458 3667 et
484 3611 650 3681 ignis,
690 3612 919 3665 omnino
973 3626 1202 3666 necesse
1233 3619 1339 3674 est,
1382 3621 1440 3665 ut
1475 3620 1572 3664 aut
1606 3627 1746 3678 aqua
1783 3611 1984 3665 robore

402 3705 632 3760 inferior
663 3705 734 3760 sit
756 3714 810 3760 et
838 3705 1020 3773 cedat,
1046 3715 1139 3759 aut
1165 3721 1304 3774 aqua
1341 3704 1487 3758 illius
1510 3705 1750 3773 potentia
1779 3713 1985 3758 tentata

404 3799 564 3870 plane
603 3801 996 3870 exstinguatur
1033 3811 1089 3855 et
1119 3802 1268 3855 trulla
1305 3802 1517 3856 ratione
1550 3801 1696 3854 inter
1725 3816 1811 3855 res
1843 3801 1989 3854 essi-

403 3903 615 3948 stentes
645 3896 910 3962 supersit.
969 3894 1112 3948 Mare
1149 3895 1336 3963 itaque
1375 3892 1482 3946 tale
1515 3904 1620 3952 est.
1675 3892 1882 3960 ubique
1929 3891 2002 3944 in'

404 3984 667 4037 omnibus
699 3985 995 4053 imperium
1040 3985 1300 4038 obtinens
1333 3984 1506 4036 multa
1565 3999 1691 4038 cum
1727 3983 1987 4036 utilitate.

407 4075 581 4131 Nobis
613 4087 799 4131 autem
833 4093 940 4131 non
969 4088 1055 4130 est
1087 4076 1322 4130 facultas
1362 4075 1430 4130 de.
1464 4077 1557 4129 illo
1589 4091 1688 4145 pro
1718 4074 1989 4142 dignitate

408 4166 626 4221 dicendi
662 4185 842 4239 neque
881 4169 1047 4222 etiam
1081 4167 1239 4229 illud,
1278 4175 1337 4220 ut
1370 4182 1467 4235 par
1507 4176 1613 4226 est.
1653 4163 1988 4218 admirandi.

407 4261 640 4330 Oportet
675 4262 863 4332 itaque
900 4261 1340 4331 magnitudinem
1377 4261 1539 4330 hujus
1571 4259 1776 4328 negotii
1814 4255 1994 4326 perci-

411 4355 673 4424 picutem,
719 4356 1001 4411 silentium
1051 4355 1222 4424 magis
1265 4369 1431 4424 quam
1482 4352 1650 4406 verba
1708 4350 1990 4420 amplecti,

412 4463 482 4505 ne
509 4447 898 4504 admirationis
934 4447 1371 4519 magnitudinem
1413 4445 1682 4500 orationis
1731 4443 1994 4498 debilitas

413 4551 649 4599 evertat.

2085 3231 2244 3300 ἀέρος
2296 3230 2443 3281 ἐστὶν
2505 3227 2784 3296 ἀνενδεὴς.
2841 3226 2931 3295 Τῷ
2995 3224 3133 3293 πυρὶ
3188 3225 3246 3278 δὲ
3313 3225 3396 3288 είς
3455 3223 3668 3294 τροφὴν

2084 3319 2333 3387 γίγνεταί
2369 3333 2514 3382 πωςο
2549 3315 2689 3387 πλὴν
2717 3315 2919 3383 δεῆσαν
2949 3312 3231 3366 συνελθεῖν
3259 3311 3335 3374 ὡς
3367 3312 3448 3373 εἰς
3478 3309 3665 3380 μάχην

2089 3413 2234 3485 ὕδωρ
2264 3414 2359 3466 καὶ
2387 3411 2518 3483 πῦρ,
2556 3413 2774 3478 ἀνάγκη
2814 3409 2967 3461 πᾶσα
3011 3407 3044 3478 ἢ
3088 3405 3164 3477 τῷ
3199 3405 3380 3466 ύδοιτι,
3410 3419 3673 3472 παραχω-

2087 3509 2252 3580 ρῆσαι
2280 3505 2374 3560 τού
2413 3503 2646 3575 κράτους
2678 3503 2774 3555 καὶ
2815 3499 3157 3568 ὑπεκστῆναι
3188 3497 3220 3569 ἢ
3271 3497 3534 3570 πειραθὲν
3570 3496 3674 3565 τῆς

2087 3599 2296 3654 ἐκείνου
2348 3597 2658 3666 δυνάμεως,
2691 3593 2889 3656 τελέως
2940 3609 3000 3645 τε
3037 3590 3352 3659 ἀποσϐῆναι
3399 3589 3494 3642 καὶ
3528 3581 3674 3641 εἶναι

2092 3693 2356 3765 μηδαμῶς
2383 3693 2440 3744 ὲν
2465 3692 2580 3753 τοῖς
2603 3688 2744 3743 οὖσι.
2766 3689 2876 3742 Καὶ
2897 3686 3148 3741 θάλασσα
3177 3686 3276 3754 μὲν
3299 3679 3392 3739 οὖν
3417 3683 3674 3750 τοιαύτη,

2090 3772 2404 3853 ἁπανταχοῦ
2459 3783 2516 3835 ὲν
2577 3782 2714 3835 πᾶσι
2777 3777 3063 3850 κρατοῦσα
3120 3778 3260 3846 μετά
3315 3773 3514 3829 πολλοῦ
3578 3775 3693 3830 τοῦ.

2089 3879 2386 3951 χρησίμου,
2418 3877 2550 3947 ἡμῖν
2580 3875 2636 3927 δὲ
2668 3873 2797 3943 περὶ
2832 3872 3004 3940 αὐτῆς
3034 3871 3133 3940 οὐχ
3161 3871 3313 3931 ὅπως
3345 3870 3492 3939 ἐρεῖν
3539 3868 3675 3937 πρὸς

2090 3973 2284 4036 ἀξίαν,
2343 3969 2461 4022 ἀλλ’
2530 3966 2653 4022 οὐδὲ
2706 3965 3100 4036 προσηκόντως
3159 3961 3443 4032 θαυμάσαι
3497 3959 3676 4029 ἰσχύς.

2093 4069 2221 4120 Δέον
2251 4061 2545 4134 τοιγαροῦν
2578 4061 2670 4115 τοῦ
2707 4059 2978 4128 μεγέθους
3001 4057 3095 4110 τοῦ
3132 4056 3460 4125 πράγματος
3489 4053 3672 4106 αἰσθο⁹

2097 4164 2292 4232 μένους
2323 4157 2445 4210 ἀντὶ
2478 4155 2586 4209 τῶν
2614 4153 2792 4221 λόγων
2826 4149 3180 4206 ἀσπάσασθαι
3216 4148 3315 4219 τὴν
3363 4145 3544 4215 σιγὴν,
3586 4145 3676 4196 ῖνα

2099 4251 2174 4322 μὴ
2202 4251 2260 4304 τὸ
2295 4248 2430 4302 πολὺ
2481 4245 2575 4301 τοῦ
2606 4244 2886 4317 θαύματος
2932 4243 2994 4297 τὸ
3050 4241 3280 4304 ἀσθενὲς
3334 4238 3444 4292 τῶν
3502 4236 3679 4303 λόγων

2098 4343 2389 4415 ὑφέληται.
