3894 6366
413 313 518 377 459

1324 313 1658 374 GEORGII
1700 313 1953 374 CYPRII
1987 312 2097 376 ΟΡ.
2139 313 2659 376 ΡΑΤΗΙΑΒΟΗΑΞ

3548 316 3652 378 460

412 433 558 480 terra
613 425 946 496 reliquisset,
988 426 1293 498 respondit,
1346 427 1551 492 Solem,
1587 426 1791 491 lunam,
1828 427 1971 488 ficus1

2118 427 2296 494 λιπεν,
2338 430 2677 500 ἀπεκρίνατο
2730 429 2938 490 Ἥλιον,
2974 427 3228 500 αεὶήνην,
3291 425 3454 494 σῦκα,
3492 429 3655 498 μῆλα.

402 532 561 587 poma
598 517 733 573 Hinc
774 516 1027 589 stupidus
1063 518 1304 585 habitus,
1346 518 1491 588 quod
1528 518 1633 573 ista
1681 533 1804 573 cum
1859 517 1976 571 sole

404 619 760 680 coasquasset.

476 701 724 758 Herculis
761 703 1105 774 sacri/icium.
1138 701 1214 759 De
1252 701 1318 757 iis
1348 702 1440 773 qui
1467 701 1670 758 frustra
1702 702 1974 758 sacrificia

403 791 669 849 offerunt.

476 887 662 958 Aphya
712 889 907 959 ignem.
940 889 1016 946 De
1065 890 1231 946 rebus
1261 905 1381 960 qua:
1428 887 1537 944 cito
1593 886 1885 958 perficiunt
1924 894 1978 941 et

401 991 800 1036 consumuntur
822 997 889 1037 eo
914 982 1059 1053 quod
1084 983 1258 1055 aphya
1290 983 1400 1039 cito
1422 983 1696 1052 coquitur.

471 1216 564 1271 Ira
593 1222 882 1285 prostremo
926 1211 1165 1264 senescit.
1219 1208 1301 1265 0b
1349 1223 1511 1265 senes
1561 1206 1805 1263 dicitur:
1862 1221 1973 1277 quo

405 1307 551 1360 enim
596 1304 765 1375 magis
812 1310 972 1357 aetate
1025 1298 1422 1369 proveltuntur.
1477 1313 1545 1352 eo
1596 1296 1975 1353 iracundiores

401 1397 666 1452 evadunt.

470 1487 637 1542 Maris
660 1500 1207 1557 aquamexcaverna.
1259 1482 1335 1538 De
1390 1482 1453 1537 iis
1506 1481 1597 1552 qui
1662 1482 1826 1539 rebus
1862 1497 1972 1537 ma-

402 1581 530 1651 gnis
563 1580 789 1649 exiguas
821 1586 878 1633 et
908 1577 1044 1632 viles
1076 1576 1366 1631 ambitiose
1392 1585 1736 1648 comparant.

473 1669 670 1725 Thasus
696 1671 972 1723 bonorum.
1029 1667 1106 1721 De
1138 1667 1206 1722 iis
1240 1667 1334 1738 qui
1370 1682 1429 1722 se
1475 1667 1791 1737 quempiam
1828 1667 1974 1723 divi-

402 1773 513 1818 tem
556 1762 875 1817 reddituros
910 1762 1240 1832 promittunt
1275 1758 1757 1830 splendidumque.

473 1993 640 2048 Sacra
667 1994 923 2047 anchora.
964 1991 1215 2058 Magnum
1254 1989 1516 2043 auxilium
1546 1990 1649 2059 (l).

472 2081 789 2154 Eqaalitas
822 2080 1060 2135 amicitia
1103 2078 1206 2148 (2).

473 2173 781 2247 Δὲᾳιιαιὶιασ
808 2171 1002 2227 bellum
1033 2187 1133 2226 non
1161 2171 1326 2241 parit.

472 2266 603 2322 Iiias
633 2265 898 2320 malorum
930 2263 1029 2333 (5).
1580 2325 1585 2329 _

477 2358 819 2430 Hippolytum
844 2355 1108 2412 imitabor.
1146 2355 1219 2409 De
1253 2354 1319 2409 iis
1351 2353 1443 2425 qui
1479 2362 1624 2410 caste
1660 2353 1867 2408 vivunt.

478 2537 693 2605 Equites
721 2535 779 2590 in
811 2550 1055 2605 campum
1107 2548 1378 2602 provocas.
1424 2531 1537 2588 Hoc
1574 2542 1656 2589 est
1689 2532 1874 2589 felices
1908 2531 1973 2586 ad

405 2645 472 2687 ea
497 2643 666 2700 opera
703 2627 758 2682 in
798 2626 1002 2697 quibus
1029 2633 1162 2681 sunt
1201 2625 1412 2682 felices.

478 2878 608 2933 Mali
637 2880 775 2933 corvi
814 2878 1018 2932 malum
1050 2892 1202 2931 ovum
1236 2876 1336 2947 (4).

475 2972 696 3027 Exorna
728 2981 968 3043 spartam
1001 2987 1158 3040 quam
1214 2969 1431 3024 sortitus
1463 2983 1537 3023 es.
1565 2967 1721 3035 Quod
1761 2978 1978 3041 oportet

404 3078 553 3125 sorte
582 3081 702 3136 quae
752 3063 948 3135 obtigit
978 3070 1302 3117 contentum
1329 3074 1451 3115 esse
1480 3069 1535 3116 et
1564 3061 1617 3115 iu
1653 3061 1744 3116 illa
1781 3062 1973 3133 acqui-

404 3173 617 3215 escere.

478 3251 709 3306 Cadmea
740 3250 979 3304 victoria.
1018 3248 1149 3315 Qua:
1181 3248 1236 3302 in
1266 3244 1490 3301 victoris
1514 3244 1773 3301 damnum
1807 3247 1976 3303 cedit.

477 3344 689 3414 Cygnea
717 3341 914 3403 cantio.
952 3339 1030 3392 De
1060 3337 1146 3400 iis,
1180 3337 1274 3407 qui
1302 3337 1464 3391 morti
1487 3336 1598 3407 jam
1623 3347 1751 3393 sunt
1784 3340 1975 3402 vicini.

405 3435 576 3507 Cygni
608 3435 781 3498 enim,
834 3430 1057 3501 quando
1102 3430 1215 3500 jam
1265 3443 1324 3484 se
1351 3428 1651 3483 morituros
1710 3430 1975 3497 sentiunt,

406 3543 604 3585 canere
634 3527 834 3582 solent.

477 3619 676 3675 Cantia:
705 3618 1053 3689 scorpionem.
1084 3617 1158 3670 De
1189 3615 1255 3670 iis
1286 3614 1379 3685 qui
1428 3616 1592 3671 rebus
1636 3616 1815 3672 noxiis
1847 3632 1977 3688 ope-

406 3728 521 3770 ram
553 3714 703 3766 dant.

477 3805 648 3862 Cilicii
692 3804 844 3858 hirci.
888 3801 999 3856 Hoc
1042 3808 1159 3865 rest,
1192 3800 1417 3855 villosi:
1465 3799 1610 3855 unde
1641 3802 1811 3856 etiam
1861 3801 1979 3857 cili-

405 3899 552 3954 cium
598 3910 795 3951 nomen
856 3892 1089 3964 accepit,
1129 3895 1276 3962 quod
1327 3906 1391 3946 ex
1436 3891 1648 3947 villosis
1701 3894 1973 3965 ejusmodi

406 3992 531 4062 pilis
557 3998 904 4046 contexatur.

477 4085 768 4141 Cretizare.
818 4080 933 4137 Hoc
973 4087 1076 4143 est.
1129 4077 1420 4148 decipere:
1470 4081 1794 4152 deecptores
1826 4082 1973 4138 enim

406 4176 716 4233 Cretenses.

476 4268 753 4323 Nutricum
776 4269 948 4322 instar
979 4266 1121 4321 male
1164 4265 1306 4320 cibos
1339 4264 1443 4333 (5).

2092 519 2277 585 Ἔδοξε
2308 521 2438 589 γοῦν
2472 521 2678 591 ἠλίθιος
2711 521 2886 575 ταῦτα.
2921 521 3115 588 ἐξισῶν
3148 520 3301 590 ἡλίῳ.

2167 696 2525 766 Ἡρακλέους
2571 698 2774 754 θυσία.
2812 695 2937 751 Ἐπὶ
2966 695 3076 751 τῶν
3105 695 3231 766 εἰκῆ
3275 698 3397 761 ταῖς
3446 696 3657 763 θυσίαις

2084 788 2411 859 χρωμένων.

2166 879 2237 933 Ἠ
2264 879 2426 948 ἀφύη
2455 878 2520 932 τὸ
2540 878 2679 946 πῦρ.
2716 877 2841 932 Ἐπὶ
2870 877 2980 931 τῶν
3002 877 3212 950 ταχέως
3242 876 3652 950 λαμϐανόντων·

2087 973 2330 1042 παρόσον
2362 973 2396 1043 ὴ
2426 972 2575 1043 ἀφύη
2603 971 2815 1042 ταχέως
2843 971 3079 1042 ἐφεῖται.

2156 1205 2356 1274 Θυμὸς
2413 1203 2680 1274 ἔσχατον
2731 1204 3043 1275 γηράσκει.
3099 1203 3336 1271 Λέγεται
3384 1202 3475 1256 διὰ
3527 1202 3658 1264 τοὺς

2084 1296 2510 1368 πρεσϐυτέρως.
2573 1298 2739 1351 Ὅσον
2793 1297 2902 1368 γὰρ
2960 1295 3327 1367 γηράσκουσι,
3356 1294 3445 1348 τὸν
3481 1294 3653 1363 θυμὺν

2082 1389 2560 1460 ἐρρωμενέστερον
2598 1388 2802 1460 ἔχουσι.

2156 1479 2467 1548 Θαλάττης
2522 1482 2592 1535 ἐκ
2641 1480 2948 1550 χαράδρας
2981 1479 3159 1548 ὕδωρ.
3217 1479 3343 1532 Ἐπὶ
3403 1478 3512 1532 τῶν
3541 1480 3653 1540 τοῖς

2088 1574 2348 1643 μεγάλοις
2377 1575 2445 1627 τὰ
2469 1574 2641 1644 μικρὰ
2674 1572 3314 1643 προσφιλοτιμοομένων.

2156 1666 2351 1733 Θάσος
2381 1665 2641 1736 ἀγαθῶν.
2675 1668 2804 1721 Ἐπὶ
2826 1667 2936 1719 τῶν
2956 1666 3253 1736 εὐδαίμονα.
3276 1664 3372 1718 καὶ
3396 1661 3652 1735 λαμπρὸν

2012 1800 2052 1854 Β
2084 1760 2360 1826 ἀποδεῖξαί
2376 1777 2497 1815 τινα
2519 1760 3025 1830 ἐπαγγελλομένων.

2159 1990 2313 2062 Ἱερὰ
2347 1992 2598 2064 ἄγκυρα.
2652 1992 2715 2046 Ἥ
2752 1991 2964 2064 μεγάλη
3011 1989 3259 2061 βοήθεια.

2161 2083 2389 2152 Ἰσότης
2417 2085 2691 2154 φιλότης.

2152 2177 2314 2242 ἰο-ος
2343 2180 2608 2248 πόλεμον
2634 2180 2706 2233 οὐ
2731 2178 2909 2233 ποιεῖ.

2162 2268 2346 2337 Ἰλιὰς
2373 2269 2593 2326 κακῶν.

2162 2363 2527 2419 Ἱππόλυτον
2584 2363 2943 2434 μιμήσομαι.
3008 2363 3131 2415 Ἐπὶ
3183 2361 3293 2415 τῶν
3353 2360 3648 2431 σωφρόνως

2080 2458 2364 2529 βιούντων.

2162 2550 2405 2618 Ἱππέας
2432 2552 2519 2615 εις
2542 2550 2755 2604 πεδίον
2776 2548 3088 2618 προκαλεῒ.
3118 2548 3186 2601 Ὅ
3198 2563 3297 2618 περ
3335 2546 3471 2611 ἐστὶ,
3522 2547 3650 2610 τοὺς

2077 2642 2515 2713 εὐδοκιμοῦντας,
2551 2643 2630 2706 εἰς
2657 2642 2802 2708 ἅπερ
2831 2640 3215 2711 εὒδδκιμοῦσιν
3233 2641 3393 2710 ἔργα.

2148 2884 2351 2940 Κακοῦ
2382 2886 2641 2953 κόρακος
2670 2884 2863 2939 κακὸν
2899 2885 3035 2939 ὠόν.

2148 2979 2368 3047 Κόσμει
2399 2977 2675 3047 σπάρταν
2712 2976 2795 3046 ἣν
2847 2978 3087 3047 ἔλαχες.
3116 2980 3237 3033 Ὅτι
3265 2980 3348 3034 δεῖ
3396 2982 3645 3052 στέργειν

2079 3072 2142 3139 τῇ
2176 3070 2438 3145 δεδομένῃ
2465 3069 2602 3142 τύχῃ
2639 3072 2733 3124 καὶ
2757 3069 3071 3142 ἀνέχεσθαι.

2153 3249 2418 3320 Καδμεία
2449 3253 2615 3319 νίκη.
2661 3252 2727 3304 Ἢ
2762 3252 2857 3306 ἐπὶ
2885 3253 3042 3323 κακῷ
3076 3253 3186 3307 τῶν
3206 3256 3593 3323 νενικηκότων.

2151 3342 2447 3397 Κιὲκνειον
2471 3336 2658 3413 ᾆσμα.
2691 3344 2818 3398 Ἐπὶ
2850 3346 2960 3398 τῶν
2987 3345 3157 3412 ἐγγὺς
3187 3345 3419 3399 Θανάτου
3453 3348 3650 3401 ὄντων·

2079 3432 2130 3483 ol
2155 3431 2265 3503 γὰρ
2294 3433 2489 3489 κύκνοι
2517 3435 2843 3505 Θνήσκοντες
2865 3435 3102 3508 ᾅδουσιν,

2151 3612 2392 3682 Κορώνη
2437 3613 2545 3667 τὸν
2572 3616 2888 3683 europa/or.
2925 3615 3051 3668 Ἐπὶ
3078 3616 3184 3669 τῶν
3221 3616 3503 3688 βλαϐεροῖς
3529 3622 3654 3673 ἐπι-

2078 3707 2428 3778 χειρούντων.

2148 3802 2406 3856 [Mirum
2430 3799 2654 3872 τράγοι.
2691 3803 2754 3854 Ol
2786 3801 2989 3866 δασεῖς.
3025 3801 3189 3855 Ὅθεν
3218 3803 3311 3855 καὶ
3335 3804 3404 3857 τὰ
3439 3806 3501 3857 ἐκ
3535 3822 3656 3877 τρι-

2079 3894 2192 3965 χῶν
2233 3894 2428 3965 ιμάτια
2456 3894 2663 3949 κιλίκια
2697 3894 2969 3963 λέγονται.

2149 4069 2467 4139 Κρητίζειν.
2501 4072 2648 4126 ’Λντὶ
2685 4071 2779 4125 τοῦ
2806 4072 3096 4142 ψεύδεσθαι
3125 4076 3217 4131 καὶ
3251 4078 3487 4149 ἁπατᾷν.

2151 4259 2472 4327 Καθώσπερ
2505 4262 2567 4312 al
2595 4260 2783 4314 τίτθαι
2808 4261 3050 4328 σιτίζεις
3083 4263 3303 4331 κακῶς.

479 4445 554 4517 (l)
591 4443 755 4501 Sacra
782 4443 1024 4517 anchora
1046 4444 1103 4517 in
1149 4442 1274 4517 navi
1305 4453 1553 4505 voca'ur,
1602 4454 1726 4517 quae
1746 4442 1976 4517 quando
2016 4491 2059 4517 η
2085 4442 2473 4517 ἀθωῄιοοιιςὶιιτθ
2507 4454 2765 4514 tenetur;
2798 4445 2968 4503 debet
3030 4449 3179 4503 enim
3204 4465 3218 4503 :
3248 4449 3291 4503 si
3319 4464 3425 4504 non
3454 4450 3660 4508 vicerit

408 4510 705 4585 maximum
742 4515 1055 4585 periculum
1076 4514 1347 4585 imminet,
1381 4524 1624 4585 estrema
1649 4510 1871 4585 jaeitur.

481 4587 557 4657 (2i
586 4580 922 4654 IEqualitate
953 4584 1250 4638 amicitiam
1281 4581 1605 4657 conciliari,
1629 4580 1821 4657 e_t__hoc
1869 4582 1987 4640 dic-

2014 4491 2060 4547 D
2087 4491 2777 4585 ῧὲἱ“εῑὲε’ἷιῦὸὶιῖιὲ’ἐὲῖιέῐέτὲ
2800 4491 2971 4572 ’ἆέὖέἱ
2992 4560 3008 4584 ,
3032 4491 3187 4586 HJK:
3204 4491 3217 4503 ’
3234 4491 3657 4579 ῑίοῖόζεῖἰῗᾘὶ

2087 4599 2209 4654 qua:
2231 4587 2309 4639 sic
2343 4587 2623 4654 respondit
2665 4586 2871 4644 Sitias:
2914 4588 2969 4642 Si
3025 4591 3237 4653 vicero,
3273 4590 3496 4645 reddere
3531 4607 3657 4647 non

411 4650 526 4714 tum
562 4650 853 4726 antiquum
878 4668 999 4709 esse
1023 4669 1088 4707 ac
1120 4668 1336 4720 verum,
1366 4650 1518 4706 Plato
1556 4650 1634 4705 ait
1658 4650 1799 4706 libro
1828 4664 1983 4709 sexto
2086 4650 2302 4722 debeo;
2336 4650 2447 4709 vici
2472 4658 2641 4710 enim.
2675 4656 2730 4711 Si
2761 4672 2870 4712 non
2903 4658 3107 4724 vicero,
3139 4650 3247 4711 non
3300 4669 3489 4713 teneor
3521 4664 3660 4716 red-

411 4730 489 4784 De
511 4727 730 4784 leuibus.

481 4744 777 4868 iéjgiguiis
824 4795 919 4866 qui
973 4794 1226 4849 maximis
1274 4792 1329 4847 in
1396 4791 1555 4846 malis
1585 4791 1774 4861 iactati
1829 4806 1978 4860 sunt,

414 4877 737 4938 usurpatur.

486 4931 577 5012 (ὀί
601 4936 778 4993 Corax
797 4935 1054 5012 prudens
1106 4933 1394 4989 admodum
1422 4941 1539 5012 erat
1561 4931 1746 5012 homo,
1791 4943 1844 4987 et
1884 4936 1979 5012 qui

414 5027 474 5067 se
494 5002 672 5064 rebus
696 5002 901 5078 optime
927 5015 1088 5078 norat
1133 5002 1547 5078 accommodare
1579 5017 1593 5067 ;
1646 5010 1833 5078 utpote
1852 5075 1861 5078 _
1882 5002 1975 5075 qui

416 5082 586 5153 probe
613 5075 956 5153 perspectum
1007 5075 1264 5153 habebat,
1292 5088 1352 5128 se
1375 5087 1674 5153 nonposse
1703 5075 1884 5153 simul
1923 5088 1978 5131 et

418 5142 951 5223 iyrann'oAin'servire
979 5156 1036 5202 et
1085 5147 1301 5223 placere
1344 5144 1567 5222 populo.
1604 5142 1842 5223 Peregre
1872 5145 1976 5223 ita-

413 5212 519 5293 q'ue
547 5218 843 5293 profectus,
874 5212 1182 5293 composuit
1207 5214 1275 5293 de
1305 5212 1606 5293 promtuiis,
1644 5215 1975 5293 narrationi:

414 5283 1043 5351 liusfeontenlimribus,
1074 5296 1129 5340 et
1162 5283 1413 5355 epilogis,
1442 5297 1550 5355 quo
1580 5283 1837 5350 populum
1865 5286 1970 5340 sibi

414 5359 749 5424 conciliavit,
795 5374 859 5412 ac
904 5358 1107 5412 deinde
1170 5352 1394 5425 prodiit,
1449 5352 1972 5425 inclamansatque

414 5423 743 5494 adhortans,
782 5430 826 5483 si
880 5428 1004 5498 quis
1047 5423 1223 5480 artem
1259 5423 1720 5498 disceremvellet,
1768 5423 1969 5498 indicta

414 5500 667 5558 mercede
698 5492 845 5553 mille
883 5492 1269 5553 drachmarum
1306 5512 1321 5548 :
1352 5495 1443 5548 cui
1475 5492 1641 5548 Sitias
1668 5494 1971 5564 discipulus

413 5573 667 5628 accessit.
695 5570 800 5636 Qui
841 5584 966 5623 eum
1030 5578 1203 5622 artem
1249 5565 1623 5636 addidicisset,
1663 5567 1968 5636 mercedem

410 5644 665 5713 negabat.
697 5634 1097 5713 Ejusergorei
1131 5637 1303 5713 gratia
1339 5635 1555 5713 judices
1588 5634 1966 5713 in_eone_ilium

409 5704 543 5769 sunt
571 5704 851 5767 convocati
877 5725 892 5762 :
921 5704 1761 5779 quibus'jam(convenientibus,
1793 5705 1969 5761 Corax

2084 4727 2216 4797 dere
2243 4743 2269 4797 ;γ
2289 4740 2467 4794 neque
2498 4728 2643 4780 enim
2680 4726 2876 4781 debeo.
2927 4728 3174 4797 Cumque
3217 4729 3428 4797 judices
3486 4731 3661 4786 dubii

2084 4796 2547 4860 distrahereutur,
2598 4798 2819 4851 tandem
2873 4796 3283 4851 exclamaruut:
3321 4798 3441 4852 Mali
3489 4804 3660 4856 corvi

2084 4867 2285 4919 malum
2317 4881 2499 4938 ovum.
2535 4866 2660 4921 Sive
2690 4867 2838 4938 quod
2857 4866 3030 4922 Coras
3056 4869 3300 4938 (corvus)
3326 4870 3524 4938 animal
3548 4873 3661 4934 sit,

2081 4950 2354 5005 ovumque
2382 4936 2508 5008 ejus
2561 4938 2629 4992 ad
2684 4936 3017 4992 vescendum
3054 4936 3282 4991 inutile:
3318 4936 3437 4992 sive
3493 4946 3659 5008 quod

2080 5004 2280 5076 corvus
2340 5004 2432 5060 ubi
2484 5006 2597 5076 jam
2665 5008 2732 5061 ad
2794 5018 3133 5062 senectutem
3193 5008 3461 5075 pervenit,
3512 5004 3655 5065 eum

2117 5075 2260 5148 ullos
2289 5075 2590 5148 suosal’ere
2616 5092 2726 5131 non
2754 5081 2948 5148 possit,
2982 5079 3221 5145 seipsum
3255 5077 3362 5130 illis
3392 5076 3446 5148 i_r_I
3473 5080 3670 5146 pabu-

2104 5162 2192 5198 um
2231 5146 2344 5228 det,
2367 5144 2616 5216 adeoque
2646 5148 2722 5202 illi
2754 5144 3039 5218 parentem
3070 5144 3364 5202 devorent.
3395 5144 3547 5202 Unde
3590 5164 3667 5206 et

2079 5230 2363 5285 paruemm.

2152 5286 2229 5358 (5)
2264 5287 2338 5341 De
2373 5284 2578 5341 Cleone
2618 5288 2823 5343 dictum
2850 5298 2971 5342 est:
3028 5288 3276 5358 quicum
3325 5290 3380 5341 in
3424 5288 3669 5355 paucis-

2076 5356 2234 5427 simis
2293 5358 2497 5426 populo
2557 5359 2975 5427 gratiﬁcaretur.
3048 5356 3227 5411 multa
3306 5359 3534 5427 ipsemet
3594 5361 3667 5415 in

2073 5426 2285 5480 lucrum
2312 5443 2469 5482 suum
2492 5426 2864 5481 convertebat.
2896 5429 3199 5497 Usurpatur
3219 5426 3400 5481 autem
3423 5435 3671 5496 quando

2075 5496 2202 5565 quis
2234 5496 2473 5566 alicuius
2507 5498 2586 5552 rei
2617 5508 2790 5566 gratia
2824 5496 3102 5568 acceptam
3135 5500 3439 5566 cujuspiam
3476 5512 3673 5567 pecu-

2072 5570 2225 5619 niam
2285 5569 2583 5622 consumit.
2641 5568 2774 5622 Nam
2816 5572 3062 5623 nutrices
3110 5568 3447 5622 nutrimenta
3485 5583 3673 5624 Inan-

2073 5635 2286 5708 dentes,
2316 5651 2411 5692 ore
2442 5653 2542 5692 suo
2561 5640 2879 5703 extrahunt,
2908 5650 2963 5694 et
2991 5652 3289 5708 puerorum
3319 5638 3621 5706 imponunt
3648 5661 3668 5697 :

2073 5706 2217 5760 unde
2267 5708 2555 5779 contingit,
2606 5716 2666 5763 ut
2713 5709 2816 5765 illae
2849 5706 3012 5778 pauci
3054 5708 3246 5768 ultoris
3277 5708 3428 5773 dettl,
3483 5709 3675 5779 plura

410 5785 723 5840 dilemmate
775 5773 1035 5851 usus,'sic
1082 5773 1191 5835 ait':
1227 5776 1284 5832 Si
1314 5776 1510 5832 vicerit
1548 5773 1732 5844 Sitias,
1764 5790 1970 5833 mercc-
2069 5786 2250 5831 autem
2285 5778 2414 5848 ipsae
2441 5773 2625 5834 edant.
