3894 6366
356 515 3603 581 W

1535 707 1713 754 ANNO
1757 708 1988 756 DOMINI
2037 710 2288 755 ιιςοιιι
2300 712 2363 755 ιι
2375 714 2415 755 Χ

1118 912 2864 1239 ATHANASIUS

695 1304 1898 1471 CPOLITANUS
2004 1309 3241 1475 PATRIARGHA

1658 1763 2263 1884 NOTITIA

1139 1982 1233 2048 (Ex
1268 1984 1760 2051 AnselmLBandurii
1794 1984 2018 2049 Imperio
2054 1984 2316 2046 Orientali,
2345 1992 2462 2036 tom.
2492 1986 2553 2047 ll,
2576 1989 2623 2037 in
2660 1989 2793 2050 not.)

414 2326 678 2382 Abdicato
711 2325 1085 2395 patriarchatu
1124 2327 1387 2403 Gregorio
1420 2333 1620 2406 Cyprio
1658 2338 1806 2393 circa
1844 2351 2090 2394 mensem
2129 2330 2356 2394 Junium
2382 2328 2515 2387 anni
2548 2326 2749 2385 Christi
2773 2326 2933 2396 1289,
2984 2326 3040 2384 in
3084 2326 3207 2399 ejus
3237 2329 3422 2387 locum
3453 2335 3607 2391 sum-

337 2406 482 2479 citur
502 2421 835 2478 Athanasius
866 2423 1168 2481 monachus
1195 2441 1227 2482 e
1259 2438 1447 2485 monte
1493 2430 1682 2499 Ganof;
1722 2435 1899 2505 cujus
1951 2430 2359 2506 promotionem
2399 2425 2703 2481 celebravit
2735 2423 3084 2481 Andronicus
3128 2423 3196 2479 ad
3232 2439 3486 2497 magnum
3513 2443 3610 2498 pa-

336 2518 533 2573 latium
574 2518 631 2573 in
659 2516 925 2575 Triclinio
950 2519 1297 2578 Justinianeo
1331 2539 1574 2599 congrua
1632 2529 1723 2585 tali
1773 2528 2041 2586 functioni
2092 2522 2522 2599 magniﬁcentia,
2570 2521 2667 2578 sed
2695 2535 2820 2577 cum
2848 2519 3075 2576 sinistro
3132 2522 3364 2592 augurio
3422 2532 3608 2580 terrae-

337 2622 541 2682 motus,
574 2624 636 2671 ut
675 2615 872 2673 scribit
927 2617 1315 2690 Pachymeres,
1353 2621 1455 2678 lib.
1508 2638 1568 2688 ll,
1627 2638 1754 2695 cap.
1818 2624 1905 2690 l5,
1945 2631 2001 2679 et
2054 2622 2142 2679 die
2201 2628 2396 2692 quarta
2452 2617 2666 2674 decima
2691 2614 2898 2671 mensis
2926 2613 3184 2672 Octobris
3206 2615 3453 2687 ejusdem
3476 2615 3607 2672 anni

266 2753 276 2766 .
333 2707 625 2769 ordinatur
680 2708 1038 2783 Athanasius,
1106 2720 1166 2770 ut
1203 2714 1373 2770 tradit
1406 2714 1553 2771 idem
1606 2718 1844 2788 scriptor
1879 2717 2048 2774 citato
2104 2717 2254 2772 loco.
2288 2712 2385 2773 llic
2411 2721 2596 2768 autem
2649 2724 2777 2766 cum
2812 2722 2935 2764 sese
2976 2706 3141 2764 rebus
3210 2710 3607 2780 temporalibus

334 2803 715 2863 vehementius
740 2806 1099 2876 immisceret,
1122 2822 1154 2864 a
1178 2808 1380 2879 populo
1406 2809 1647 2882 ejicitur,
1674 2821 1735 2867 ut
1766 2812 1958 2868 scribit
2000 2810 2344 2883 Nicephorus
2375 2806 2618 2875 Callisti;
2657 2806 2804 2876 quod
2848 2804 3075 2874 quidem
3124 2806 3485 2862 conﬁrmatur
3539 2818 3607 2860 ex

336 2903 693 2977 Pachymere,
719 2908 813 2978 qui
838 2908 1091 2979 pluribus
1120 2926 1210 2967 res
1238 2912 1309 2969 ab
1333 2928 1402 2970 eo
1431 2914 1488 2969 in
1528 2915 1902 2985 patriarchatu
1949 2926 2151 2987 gestas,
2191 2930 2256 2970 ac
2287 2914 2408 2985 ejus
2441 2924 2623 2967 mores
2655 2909 2942 2966 describit.
2988 2906 3226 2965 Coactus
3282 2909 3465 2957 autem
3505 2899 3611 2955 fuit

337 2999 770 3067 patriarcliatum
806 3002 1063 3061 abdicare
1085 3013 1371 3076 postquam
1403 3008 1831 3078 quadriennium
1862 3010 2119 3078 sedisset,
2155 3009 2417 3066 nimirum
2452 3006 2543 3062 die
2572 3004 2786 3062 decima
2818 3012 2969 3060 sexta
3002 3001 3208 3059 mensis
3231 2997 3514 3056 Octobris.
3543 2999 3605 3048 ut

335 3091 508 3147 tradit
548 3093 692 3148 idem
721 3095 979 3165 scriptor,
1007 3112 1125 3168 cap.
1156 3098 1268 3155 Ωιι
1311 3100 1483 3155 Τοῦτο
1507 3102 1563 3157 δέ
1597 3120 1680 3168 τις
1703 3104 1796 3158 καὶ
1829 3121 1873 3175 μη

2040 3103 2483 3176 ταρατηρήσειεν.
2517 3101 2598 3154 ὅτι
2627 3099 2918 3170 τέσσαρσιν
2937 3098 3207 3161 ἐνιαυτοῖς
3232 3092 3336 3164 τὴν
3374 3088 3578 3157 Ἐκκλη

341 3183 468 3239 σίαν
513 3187 783 3256 κατέχων,
810 3187 980 3257 αὐτὴν
1023 3189 1210 3259 σχεδὸν
1238 3192 1456 3263 ἡμέραν
1481 3191 1587 3249 εῐδε
1615 3197 1709 3265 τῆς
1741 3196 1993 3266 exeam,
2035 3195 2102 3268 ἥν
2128 3195 2191 3267 δὴ
2216 3196 2314 3251 καὶ
2344 3194 2445 3265 τῆς
2476 3193 2796 3258 ἀναϐάσεως
2832 3193 3093 3262 ἔγνωκεν,
3135 3191 3259 3261 ἥτις
3298 3187 3391 3241 καὶ
3449 3183 3606 3238 Ἐλα-

336 3277 673 3350 φηϐολιῶνος
713 3280 1076 3353 ἑκκαιδεκάτῃ
1111 3278 1202 3354 ἦν.
1234 3282 1411 3342 Unum
1442 3293 1619 3342 tamen
1655 3288 1726 3342 ad
1755 3304 1818 3344 ea
1838 3287 1874 3343 il

2069 3305 2101 3343 n
2134 3288 2199 3342 de
2242 3268 2411 3341 nihilo
2449 3288 2565 3357 quis
2611 3286 2895 3340 observans
2930 3280 3258 3354 adjunxerit,
3296 3280 3370 3334 sic
3429 3288 3607 3333 exacte

339 3373 751 3437 quadriennium
795 3378 849 3430 in
885 3379 1255 3448 patriarchatu
1282 3381 1640 3438 Athanasium
1671 3384 1976 3457 explevisse,
2024 3392 2083 3439 ut
2112 3385 2350 3439 eamdem
2390 3384 2555 3454 ferme
2578 3384 2696 3438 initi
2726 3381 3002 3452 relictique
3036 3377 3306 3449 regiminis
3351 3372 3608 3430 Ecclesia

338 3467 697 3521 numeraverit
734 3469 871 3523 diem
896 3478 1105 3525 sextam
1126 3472 1388 3528 decimum
1409 3474 1668 3533 Octobris.
1710 3477 1802 3533 Sic
1831 3478 2230 3552 Pachymeres;
2272 3493 2340 3532 ex
2377 3492 2487 3546 quo
2518 3474 2738 3546 quidem
2765 3482 2921 3544 patet
2957 3471 3317 3527 Athanasium
3366 3467 3606 3538 patriar-

335 3561 558 3616 chatum
598 3560 884 3619 abdicasse
906 3564 995 3621 die
1034 3566 1248 3624 decima
1288 3580 1443 3625 sexta
1470 3572 1676 3628 mensis
1711 3571 1968 3631 Octobris
2016 3575 2147 3631 anni
2186 3572 2396 3629 Christi
2429 3572 2588 3638 1293,
2616 3585 2742 3626 cum
2778 3570 3013 3625 sedisset
3051 3567 3214 3623 annis
3252 3576 3509 3637 quatuor,
3549 3575 3602 3620 et

336 3652 556 3710 duobus
584 3666 845 3727 praeterea
879 3658 1095 3725 diebus,
1116 3677 1238 3717 cum
1262 3662 1508 3734 ejusdem
1540 3667 1881 3722 consecratio
1903 3668 2194 3738 contigerit
2220 3665 2309 3722 die
2328 3674 2523 3737 quarta
2539 3664 2751 3720 decima
2776 3662 2982 3719 mensis
3004 3659 3260 3717 Octobris
3288 3656 3416 3723 anni
3441 3654 3604 3711 1289.

334 3745 568 3806 Fallitur
606 3751 777 3823 igitur
844 3752 1113 3825 Georgius
1166 3756 1464 3825 Phrantza,
1492 3761 1589 3830 qui
1630 3761 1937 3817 Athanasio
1977 3776 2154 3817 annos
2214 3769 2340 3818 octo
2392 3761 2640 3829 integros
2696 3759 2961 3830 assignat.
3008 3756 3184 3824 Quam
3238 3769 3374 3809 vero
3426 3752 3604 3808 luerit

338 3841 678 3899 Athanasius
737 3844 1024 3901 hominum
1056 3847 1426 3916 regendorum
1451 3852 1693 3922 ignarus,
1752 3867 1987 3924 quamve
2030 3866 2210 3908 saevus
2246 3859 2303 3907 et
2327 3852 2681 3915 inhumanus,
2740 3850 2899 3904 facile
2961 3850 3234 3920 quispiam
3271 3859 3605 3914 cognoscere

335 3934 544 4001 poterit
596 3951 708 3990 non
736 3938 915 3992 solum
944 3953 1011 3992 ex
1038 3938 1398 4014 Pachymere,
1434 3941 1527 4013 qui
1559 3944 1714 4016 plura
1766 3943 1836 4002 de
1883 3962 1951 4001 eo
2016 3945 2165 4015 (nam
2198 3943 2471 4016 Gregoras
2492 3944 2973 4001 schismaticorum
3010 3942 3301 3999 hominum
3333 3940 3590 3995 laudator

339 4027 394 4082 in
425 4027 789 4086 Athanasium
851 4034 1011 4089 valde
1036 4051 1344 4107 propensus
1406 4036 1555 4111 fuit),
1592 4040 1687 4097 sed
1717 4041 1883 4097 etiam
1909 4055 1974 4097 ex
2016 4041 2191 4111 ipsius
2241 4039 2528 4097 Athanasii
2585 4038 2857 4108 epistolis,
2899 4051 3038 4107 quas
3087 4034 3156 4090 ad
3204 4034 3599 4101 imperatorem

333 4122 707 4180 Andronicum
766 4136 822 4182 et
846 4127 914 4183 ad
954 4129 1094 4185 alios
1123 4133 1438 4201 complures
1471 4136 1901 4205 conscripserat.
1942 4134 2186 4202 Quarum
2254 4135 2480 4207 quidem
2511 4134 2877 4206 epistolarum
2928 4132 3161 4187 habetur
3198 4130 3371 4184 codex
3435 4126 3604 4181 char-

336 4231 530 4278 taceus
599 4222 653 4277 in
686 4222 1023 4282 bibliotheca
1064 4228 1235 4298 regia,
1267 4244 1431 4301 quem
1454 4230 1586 4287 huic
1614 4230 1838 4290 donavit
1904 4232 1987 4289 ill.
2034 4232 2100 4291 D.
2160 4230 2397 4288 Carolus
2458 4229 2751 4286 Mauritius
2808 4227 3106 4289 Tellerius,
3148 4222 3606 4293 archiepiscopus

337 4311 448 4368 dux
515 4314 864 4383 Rhemensis,
935 4326 996 4374 ut
1046 4321 1241 4377 scribit
1286 4322 1640 4380 doctissimus
1700 4323 1985 4380 Boivinius
2026 4324 2080 4380 in
2113 4325 2261 4383 notis
2290 4324 2356 4379 ad
2391 4322 2715 4392 Gregoram,
2748 4320 2841 4377 ubi
2878 4320 2945 4375 de
2976 4318 3085 4373 hoc
3115 4317 3307 4374 codice
3358 4331 3423 4372 ac
3477 4314 3603 4385 epi-

334 4409 494 4465 stolis
553 4422 611 4468 et
671 4411 796 4467 aliis
856 4414 1142 4483 opusculis
1210 4415 1497 4473 Athanasii
1554 4417 1886 4490 patriarchae
1949 4418 2221 4491 loquitur.
2284 4417 2448 4474 Libet
2497 4425 2683 4472 autem
2724 4415 2887 4470 nobis
2935 4411 3219 4483 (quoniam
3252 4425 3344 4495 ses
3396 4409 3601 4464 abhinc

339 4510 506 4565 annis
570 4524 763 4565 omnes
810 4509 1096 4566 Athanasii
1160 4513 1422 4583 epistolas
1479 4529 1546 4570 ac
1607 4515 1878 4589 opuscula
1916 4532 1986 4573 ex
2025 4515 2253 4571 laudato
2284 4514 2478 4571 codice
2506 4512 2673 4584 Regio
2702 4508 3097 4580 exscripsimus
3143 4517 3199 4565 ct
3235 4506 3290 4562 in
3333 4506 3593 4562 Latinum

332 4604 627 4677 vertimus)
697 4605 790 4664 hic
840 4605 1117 4675 integrum
1151 4608 1390 4666 indicem
1417 4609 1812 4680 praedictorum
1851 4626 2082 4682 operum
2118 4609 2409 4675 exhibere,
2441 4624 2606 4679 quem
2638 4622 2765 4664 cum
2799 4622 2870 4661 ex
2911 4604 3133 4660 schedis
3162 4602 3418 4669 Boivinii,
3477 4613 3595 4659 tum

332 4701 500 4758 ctiam
521 4703 745 4773 proprio
771 4700 961 4757 labore
991 4702 1400 4761 adornarimus.
1430 4702 1523 4761 Sic
1545 4703 1714 4778 igitur
1737 4720 1795 4761 se
1832 4705 2003 4761 habet
2042 4722 2060 4763 :

403 4840 458 4893 1.
493 4839 730 4909 Γράμμα
759 4840 893 4909 πρὸς
917 4840 1007 4893 τὸν
1037 4840 1417 4912 αὐτοκράτορα
1452 4843 1577 4912 περὶ
1604 4841 1714 4895 τῶν
1759 4843 1919 4914 ἀρχι-
1949 4851 1991 4905 Α
2022 4840 2479 4912 ἀναχαιτίζωνται
2500 4839 2549 4894 οἱ
2575 4840 3086 4912 κακοπραγοῦντες,
3121 4840 3218 4897 καὶ
3252 4840 3330 4913 μὴ
3358 4841 3604 4913 ἀναρτᾷν

333 4930 501 5000 ερέων
526 4931 634 4983 τῶν
668 4931 1017 5003 εὐσκομένων
1062 4926 1185 4990 ὦδε.
1228 4932 1469 5003 Epistula
1529 4933 1598 4988 ad
1630 4936 1871 5004 imperati

2067 4937 2103 4998 ις
2139 4932 2202 4986 τὸ
2225 4931 2443 5004 μέλλον,
2466 4933 2564 4987 καὶ
2605 4931 2809 5003 μᾶλλον
2842 4933 2903 4987 ὲν
2938 4932 3123 5003 κύκλῳ
3146 4934 3246 5000 τῆς
3293 4931 3482 4997 Ἀγίας
3506 4933 3605 4984 2'.-

332 5040 464 5088 rem,
495 5023 560 5079 de
589 5025 865 5096 episcopis,
896 5026 987 5094 qui
1023 5026 1107 5080 hic
1133 5026 1499 5095 reperiuntur.
2020 5026 2171 5095 φίας.
2200 5024 2442 5095 Epistola
2472 5027 2543 5079 ad
2563 5027 2977 5096 imperatorem;
3008 5024 3147 5096 quod
3176 5024 3461 5092 objiciendi
3492 5025 3604 5077 sint

406 5118 462 5170 2.
493 5118 635 5186 Πρὸς
690 5119 782 5170 τὸν
826 5118 1209 5189 αὐτοκράτορα
1268 5119 1542 5189 γράμμα,
1612 5119 1915 5191 ἁνιστορῶν

2067 5118 2107 5170 ti
2138 5116 2345 5187 nefaria
2367 5124 2551 5185 agunt,
2580 5131 2672 5170 nec
2694 5115 3039 5184 differendum
3063 5116 3117 5169 in
3144 5116 3403 5184 futurum,
3430 5115 3605 5168 maxi-

329 5208 498 5262 αὑτὸν
539 5208 806 5276 προόδονς
855 5210 1125 5265 ποιεῖσθαι
1182 5211 1504 5282 συχνότερον
1558 5212 1656 5267 καὶ
1710 5215 1867 5282 nam

1503 5232 1504 5244 π
1558 5212 1656 5267 καὶ
1710 5215 1915 5282 μᾶλλον
2018 5224 2204 5278 meque
2230 5210 2287 5262 in
2315 5210 2540 5263 circuitu
2569 5206 2782 5262 Sancta:
2812 5207 3041 5278 Sophim.

332 5303 467 5372 περὶ
497 5302 565 5354 τὰ
598 5299 757 5369 τείχη
793 5300 885 5354 καὶ
932 5301 1109 5367 πύλας
1138 5305 1237 5369 τῆς
1275 5305 1505 5368 πόλεως,
1538 5306 1631 5358 καὶ
1688 5307 1766 5376 μὴ
1798 5308 1915 5360 εἰσι
2086 5303 2143 5357 4.
2170 5302 2408 5371 Γράμμα
2445 5302 2581 5371 πρὸς
2614 5302 2706 5354 τὶν
2734 5302 3123 5373 αὐτοκράτορα
3151 5302 3400 5372 περὶτοῦ
3433 5301 3600 5371 ὀρθοὖ

334 5393 592 5461 ἔρχεσθαι
620 5392 752 5446 εἴσω
784 5393 883 5455 τῆς
924 5395 1134 5458 πόλεως
1168 5395 1285 5464 μεθ’
1338 5397 1518 5450 ὃπλων
1570 5401 1715 5452 τινα.
1781 5398 1872 5469 Ερῖ

2062 5395 2307 5463 ςγματος.
2346 5393 2592 5465 Epistola
2627 5395 2697 5449 ad
2755 5396 3154 5466 imperatorem,
3183 5397 3247 5450 de
3295 5409 3437 5451 recta
3466 5395 3600 5464 ﬁdei

332 5487 467 5540 stola
526 5488 596 5541 ad
636 5490 1037 5559 imperatorem,
1100 5506 1332 5543 narrans
1395 5494 1690 5559 [requentes
1738 5491 1927 5543 inrur-
2027 5489 2297 5542 doctrina.

330 5597 421 5633 sus
481 5584 714 5637 maxime
778 5583 920 5635 circa
980 5581 1122 5634 urbis
1191 5598 1365 5637 muros
1409 5594 1456 5637 et
1520 5598 1700 5654 portas
1759 5584 1868 5651 ﬁeri

2088 5580 2143 5635 5.
2174 5581 2415 5652 Γράμμα
2455 5580 2594 5652 πρὸς
2626 5580 2719 5634 τὸν
2756 5581 3157 5635 ἀποστείλαντα
3197 5581 3405 5652 βιϐλίᾳν
3436 5581 3600 5651 χάριν

218 5684 223 5689 ’
333 5688 498 5741 neque
528 5675 937 5743 permittendum
970 5690 1083 5727 esse
1133 5677 1436 5746 quempiam
1490 5693 1607 5729 cum
1660 5693 1756 5729 arn

2060 5674 2327 5735 ανισκίου.
2362 5674 2457 5727 καὶ
2488 5674 2796 5746 στρέᾲαντα
2830 5673 3003 5727 ταῦτα
3055 5673 3317 5736 ἐξοπίσω.
3349 5671 3598 5744 Epistola

333 5762 513 5815 urbem
540 5764 777 5816 introire.
1433 5762 1451 5773 ’
2017 5768 2087 5821 ad
2118 5783 2259 5829 eum,
2293 5768 2380 5831 qui
2411 5766 2598 5822 librum
2636 5768 2773 5821 dono
2808 5768 3061 5833 miserat;
3094 5768 3176 5820 cui
3203 5777 3383 5837 postea
3410 5765 3598 5821 remis-

410 5856 461 5910 5.
494 5857 731 5920 Γράμμα
788 5860 920 5922 πρὸς
984 5862 1071 5915 τὸν
1106 5861 1482 5926 αὐτοκράτορα
1529 5862 1655 5924 περὶ
1698 5861 1789 5916 τοῦ
1825 5861 1909 5914 ἴνα

715 5875 731 5907 ι
788 5860 920 5922 πρὸς
984 5862 1071 5915 τὸν
1106 5861 1482 5926 αὐτοκράτορα
1529 5862 1655 5924 περὶ
1698 5861 1789 5916 τοῦ
1825 5861 1909 5914 ἴνα
2014 5878 2098 5916 sus
2138 5860 2253 5920 fuit.
