3894 6366
305 406 313 417 ’
375 453 484 516 475

1438 444 1857 507 ATHANASII
1899 442 2005 507 (ΖΡ.
2048 437 2563 504 ΡΑΤΒῐΑιιαΗΑι

3526 436 3633 503 ιῖδ

376 570 570 620 tionem
599 561 693 617 illa
733 561 948 614 minima
979 562 1194 626 delicta,
1230 576 1349 638 qua'
1382 562 1708 631 referuntur.
1740 560 1854 613 sine
1879 574 1957 610 re-

2131 554 2220 610 45.
2255 554 2397 625 Πρδς
2431 555 2523 608 τὸν
2552 552 2957 625 αὐτοκράτορα,
2996 568 3129 622 περι
3151 550 3261 605 τῶν
3299 552 3628 624 ἀρχιερέων,

379 660 548 712 medio
605 665 879 719 maneant,
915 670 1014 707 neu
1064 654 1254 708 littera:
1305 652 1475 706 soluat
1528 669 1620 722 per
1666 653 1955 721 fenestram

380 748 760 819 proﬁciuntur.

452 840 541 893 55.
576 838 718 905 Πρὸς
752 838 842 890 τὶν
893 837 1275 907 αὐτοκράτορα
1323 835 1454 904 περὶ
1482 834 1589 887 τῶν
1614 834 1957 903 ὲγγιζουσῶν

384 930 678 1000 ἡνωμένιων
727 929 916 983 οίκιὼν
972 929 1110 999 μετὰ
1159 929 1269 980 τῶν
1304 927 1468 981 θείων
1497 927 1592 980 καὶ
1643 926 1958 996 σεϐασμίων

385 1022 722 1090 ἐκκλησιῶν,
745 1021 892 1081 ὅπως
920 1019 999 1072 ἔνι
1028 1019 1189 1072 τοῦτο
1218 1018 1340 1072 λίαν
1373 1019 1712 1088 ὲφάμαρτον.
1748 1017 1829 1071 Ad
1859 1018 1962 1071 im-

386 1119 706 1178 peratorem,
742 1111 805 1162 de
854 1107 1092 1163 domibus
1138 1124 1254 1179 qua:
1299 1109 1493 1161 divinis
1549 1123 1613 1160 ac
1647 1107 1960 1161 venerandis

388 1200 634 1257 Erclesiis
664 1203 919 1269 proximis
948 1212 998 1256 et
1031 1203 1322 1272 conjuncta:
1338 1208 1483 1254 sunt.
1517 1198 1668 1265 Quod
1692 1202 1743 1254 in
1768 1201 1863 1255 hoc
1891 1201 1961 1256 sit

386 1310 546 1363 grave
575 1293 846 1351 delictum.

462 1387 553 1442 54.
586 1389 729 1457 Πρὸς
762 1391 853 1442 τὸν
892 1388 1297 1460 αὐτοκράτορα,
1335 1386 1689 1457 συμπάθειαν
1735 1386 1966 1451 ἐξαιτῶν

387 1481 499 1541 τεῖς
528 1479 833 1534 ἁπολύσασι
883 1479 942 1546 ἐξ
972 1482 1204 1550 εἱρκτῆς
1255 1481 1345 1534 τὸν
1378 1480 1582 1548 Παξῆν.
1618 1480 1700 1534 Ad
1734 1479 1967 1549 impera.

391 1580 557 1624 torem
608 1580 664 1625 ut
705 1574 1140 1627 commisereatur
1172 1573 1240 1628 iis
1270 1573 1362 1643 qui
1403 1574 1593 1626 Paxen
1645 1586 1709 1626 ea:
1758 1588 1967 1626 carcere

287 1710 299 1722 ,
393 1665 708 1719 eduxerunt.

465 1755 551 1809 55.
586 1757 722 1826 Περὶ
752 1755 848 1810 τοῦ
880 1759 1029 1820 ὅπως
1058 1759 1141 1812 δεῖ
1168 1758 1499 1828 συνδραμεῖν
1534 1759 1595 1811 ὲν
1623 1757 1700 1828 τῷ
1730 1756 1824 1811 τοῦ
1856 1758 1968 1809 Σω-

392 1846 459 1913 τῆ
470 1864 558 1914 ρος
581 1847 828 1911 ἅπαντας
855 1849 1231 1919 ὲνταφιασμῷ.
1265 1850 1415 1914 Quod
1439 1858 1678 1921 oporteat
1701 1864 1878 1903 omnes
1902 1848 1971 1903 ad

396 1938 691 1994 Saluatoris
722 1943 1052 2010 sepulturam
1087 1958 1418 1996 concurrere.

464 2034 554 2086 56.
592 2034 734 2102 Πρὶς
771 2033 861 2086 τὸν
901 2035 1027 2087 λαὸν
1061 2035 1300 2098 ἅπαντα,
1355 2034 1693 2107 παρακαλῶν
1740 2036 1971 2107 συνδρα-

399 2127 517 2192 μεῖν
541 2126 597 2175 ὲν
637 2126 714 2193 τῷ
746 2126 838 2179 τοῦ
875 2128 1132 2199 Σωτῆρος
1189 2129 1577 2198 ὲνταφιααμῷ.
1623 2130 1701 2183 Ad
1756 2131 1968 2182 univer-

393 2232 513 2269 sum
552 2217 827 2287 papulum,
867 2220 1146 2274 cohortans
1191 2237 1307 2275 eum
1338 2232 1393 2275 ut
1447 2224 1516 2275 ad
1558 2221 1768 2276 Domini
1798 2220 1975 2289 sepul-

396 2315 575 2361 turam
606 2320 907 2365 concurrat.

468 2400 558 2454 57.
592 2404 735 2470 Πρὸς
795 2404 887 2457 τὸν
947 2406 1328 2478 αὐτοκράτορα
1362 2407 1493 2480 περὶ
1523 2407 1619 2462 τοῦ
1655 2407 1843 2463 αὐτοῦ.
1886 2409 1970 2464 Ad
2024 2453 2039 2461 -

395 2496 770 2566 imperatorem
802 2501 862 2552 de
899 2501 1079 2555 eadem
1106 2518 1180 2557 re.

466 2588 556 2643 38.
593 2588 831 2659 Γράμμα
856 2592 993 2662 πρὸς
1020 2593 1112 2646 τὸν
1147 2594 1549 2665 αὐτοκράτορα,
1587 2594 1970 2664 προκαλούμε-

399 2695 490 2732 νον
518 2682 682 2734 αὑτὸν
710 2684 768 2734 ὲν
797 2684 872 2753 τῷ
900 2686 1257 2756 ἐνταφιασμῷ
1288 2688 1382 2739 τοῦ
1424 2687 1697 2757 Σωτῆρος.
1730 2687 1972 2757 Epistola

400 2771 470 2825 ad
497 2773 891 2842 imperatorem,
921 2779 1148 2832 invitans
1172 2795 1289 2832 eum
1313 2781 1381 2833 ad
1401 2778 1765 2835 celebritatem
1794 2780 1971 2851 sepul-

401 2872 537 2919 tura:
569 2864 893 2922 Saluatoris.

471 2956 560 3013 59.
600 2957 742 3029 Πρὸς
771 2959 861 3011 τὸν
883 2960 1290 3031 αὐτοκράτορα,
1315 2961 1798 3031 προσκαλούμενον
1818 2964 1876 3016 ὲν
1903 2966 1969 3034 τῇ

400 3050 699 3123 πανσέπτῳ
746 3055 1006 3124 κοιμήσει
1065 3054 1164 3123 τῆς
1213 3053 1524 3123 ὑπεραγίας
1550 3056 1841 3113 Θεοτὸκου.
1886 3056 1970 3109 Ad

399 3142 793 3212 imperatorem,
834 3146 1067 3199 invitans
1108 3161 1229 3199 eum
1279 3146 1349 3198 ad
1384 3145 1573 3215 festum
1629 3146 1974 3202 Dermitionis

401 3238 752 3292 sanctissimae
780 3238 1046 3310 Deiparw.

473 3328 564 3384 40.
602 3330 846 3399 Γρὰμμα
887 3333 1024 3402 πρὸς
1044 3335 1137 3387 τὸν
1170 3333 1553 3405 αὐτοκράτορα
1582 3335 1713 3404 περὶ
1751 3333 1973 3387 ἐλευθε-

408 3421 531 3489 ρίας
589 3422 684 3475 τοῦ
734 3426 1148 3479 καταπολαῦσαι
1185 3428 1282 3497 τὴν
1320 3426 1656 3496 Ἐκκλησίαν
1704 3426 1975 3496 Χριστοῦ.

402 3512 648 3582 Epistola
668 3516 737 3568 ad
748 3519 1157 3586 imperatorem,
1182 3519 1246 3572 de
1276 3518 1559 3573 asserenda
1595 3518 1650 3571 in
1679 3517 1977 3574 libertatem

405 3604 645 3661 Ecclesia
669 3606 889 3665 Christi.

472 3699 563 3753 41.
592 3700 632 3753 Γ
637 3702 834 3772 ράμμα
868 3705 1005 3775 πρὸς
1028 3706 1121 3760 τὸν
1149 3708 1556 3780 αὐτοκράτορα,
1585 3709 1715 3780 περὶ
1745 3702 1806 3762 οῦ
1842 3709 1978 3763 ἀνα-

406 3793 668 3864 φέρομεν,
706 3796 767 3848 οὐ
814 3797 904 3852 διά
932 3815 987 3851 τι
1021 3799 1384 3871 ἀνθρώπινον,
1424 3803 1559 3856 ἀλλὰ
1603 3804 1772 3874 μόνης
1820 3803 1980 3873 χάριν

406 3886 648 3956 ἀγάπης.
712 3886 952 3955 Epistola
986 3898 1056 3944 ad
1116 3893 1518 3962 imperatorem.
1554 3895 1704 3960 Quod
1760 3913 1864 3949 non
1917 3912 1982 3950 ea:

407 3981 641 4033 humano
702 3981 913 4051 affectu,
945 3984 1035 4037 sed
1065 3994 1275 4040 tantum
1331 3988 1607 4042 charitatis
1654 4005 1814 4043 causa
1873 3992 1981 4044 haec

406 4075 726 4143 referamus.

480 4167 571 4222 42.
607 4167 645 4218 Γ
651 4167 847 4237 ρὰμμα
872 4168 1010 4239 πρὸς
1034 4167 1124 4222 τὸν
1151 4167 1371 4238 βασιλέα
1411 4173 1544 4240 περὶ
1573 4170 1681 4224 τῶν
1703 4171 1982 4241 διψώντων

409 4258 468 4310 ἐν
499 4258 703 4330 βρώσει
730 4261 898 4328 ἄρτου
925 4265 1267 4330 καταφαγεῖν
1297 4262 1388 4316 τὸν
1423 4262 1552 4318 λαὸν
1581 4265 1676 4317 τοῦ
1707 4265 1866 4328 Θεοῦ,
1888 4270 1986 4323 καὶ

410 4349 698 4418 συναλγεῖν
715 4350 877 4403 αὑτὸν
906 4352 963 4402 ὲν
987 4353 1097 4413 τοῖς
1122 4352 1517 4419 ἐπερχομένοις
1544 4352 1813 4422 ἀνιαροῖς,
1844 4354 1983 4425 ὑπὲρ

407 4440 579 4510 φίλων
608 4442 700 4494 καὶ
750 4441 1051 4510 συγγενῶν.
1085 4441 1326 4508 Epistola
1378 4443 1447 4496 ad
1488 4444 1882 4513 imperatorem,
1920 4445 1985 4498 de

409 4537 473 4590 iis
504 4536 595 4606 qui
612 4536 801 4589 sitiunt
829 4534 1083 4604 populum
1113 4535 1210 4589 Dei
1233 4540 1486 4591 devorare
1526 4538 1662 4591 sicut
1683 4554 1854 4592 escam
1886 4555 1985 4609 pa-

410 4631 511 4694 nis,
538 4636 587 4683 et
613 4628 751 4699 quod
780 4630 888 4699 ipse
941 4628 1219 4682 condoleat
1255 4628 1538 4699 plusquam
1590 4631 1749 4684 amici
1807 4641 1857 4684 et
1892 4649 1983 4686 co-
2015 4610 2059 4664 Ῑ)

406 4721 577 4791 gnati,
603 4722 666 4772 de
698 4720 950 4774 (erumnis
987 4734 1103 4788 qua:
1138 4718 1402 4772 accidunt.

479 4815 571 4870 45.
608 4814 850 4884 Γράμμα
892 4816 1032 4883 πρὸς
1058 4811 1151 4866 τὸν
1180 4811 1566 4879 αὐτοκράτορα
1610 4812 1742 4879 περὶ
1771 4811 1982 4880 δωρεᾶς

405 4903 472 4979 ἧς
504 4906 665 4969 αὐτὸς
712 4904 1032 4967 ἀπολαύσας
1077 4901 1151 4973 μὴ
1206 4900 1490 4971 ἁνεχέσθω
1523 4900 1602 4970 τῷ
1635 4901 1704 4953 τὰ
1753 4900 1981 4953 τοιαῦτα

408 4998 766 5069 χαρισαμένῳ
808 4995 949 5066 Θεῷ,
990 4994 1068 5066 μὴ
1094 4994 1279 5062 ἀξίους
1313 4993 1664 5047 ἀποτιννύειν
1709 4993 1979 5062 καρπούς.

408 5090 655 5161 Epistola
698 5090 769 5144 ad
795 5091 1195 5158 imperatorem.
1233 5086 1312 5140 Ne
1349 5087 1560 5140 omittat
1597 5102 1692 5156 pro
1720 5085 1856 5139 dono
1885 5085 1984 5140 sibi

408 5183 620 5248 collato,
656 5184 942 5254 conferenti
984 5181 1090 5235 Deo
1116 5181 1300 5250 dignos
1332 5180 1527 5251 referre
1547 5182 1769 5250 fructus.

378 5314 381 5317 ›
481 5277 572 5331 44.
607 5276 849 5346 Γράμμα
873 5274 1011 5344 πρὸς
1033 5274 1125 5327 τὸν
1143 5272 1521 5343 αὐτοκράτορα
1546 5270 1675 5342 περὶ
1698 5269 1793 5323 τοῦ
1818 5270 1988 5337 am-

412 5373 603 5433 κὰζειν
649 5370 777 5431 τοὺς
809 5370 1085 5439 ἀρχιερεῖς
1134 5368 1572 5438 προσκαρτερεῖν
1601 5366 1701 5434 τὴν
1744 5367 1985 5434 ποίμνην

414 5465 618 5529 αὐτῶν,
650 5466 745 5517 καὶ
791 5463 1109 5532 ποιμαίνειν
1150 5460 1330 5525 καλῶς
1372 5462 1462 5514 τὸν
1504 5460 1634 5513 λαὸν
1678 5459 1772 5512 τοῦ
1823 5458 1984 5513 Θεοῦ.

419 5558 663 5630 Epistola
694 5558 764 5612 ad
801 5561 1199 5627 imperatorem,
1236 5558 1298 5610 de
1333 5554 1579 5625 cogendis
1637 5554 1892 5621 episcopis
1932 5561 1989 5606 ut

418 5671 536 5706 cum
562 5670 717 5723 grege
735 5668 829 5707 suo
848 5651 1054 5706 assidue
1076 5658 1488 5714 commoremur,
1506 5658 1552 5701 et
1580 5656 1714 5700 recte
1736 5645 1988 5717 populum

416 5745 512 5797 Dei
527 5754 768 5816 pascant.

493 5904 571 5971 (ι)
606 5903 788 5959 Exstat
828 5914 881 5959 ct
904 5904 954 5959 in
987 5904 1173 5961 codice
1209 5901 1374 5968 Regio
1399 5898 1563 5957 2525.

2061 646 2436 701 ἐνδιαιτᾶσθαι
2493 646 2726 701 ἕκαστον
2761 649 2828 717 τῇ
2881 644 3148 717 λαχούσῃ,
3185 645 3280 697 καὶ
3331 645 3406 714 μὴ
3456 646 3637 697 ποιεῖν

2059 737 2223 790 πλέον
2268 738 2601 806 ἑξαμηναῖον
2643 737 2819 801 ἐκτὸς,
2877 735 2953 799 ὡς
2993 737 3106 796 τοῖς
3135 734 3322 805 νόμοις
3357 735 3506 789 δοκεῖ
3540 735 3637 789 καὶ⁸

2061 829 2272 894 κανόσι,
2302 828 2395 882 καὶ
2440 828 2516 900 μὴ
2547 830 2829 883 κατοικεῖν
2856 830 2955 896 τῆς
3006 827 3278 899 βασιλίδος
3324 828 3495 892 ἐντός.
3551 829 3637 883 Ad

2061 922 2461 993 imperatorem,
2499 923 2639 991 quod
2661 922 2879 977 debeant
2902 921 3095 993 singuli
3126 923 3355 993 episcopi
3375 924 3428 977 in
3454 920 3636 978 Eccle-

2062 1016 2155 1070 siis
2192 1016 2301 1069 suis
2356 1030 2590 1077 manere,
2650 1031 2815 1084 neque
2847 1015 2911 1068 ab
2971 1017 3034 1069 iis
3075 1016 3195 1085 plus
3245 1032 3338 1070 sea:
3372 1018 3638 1074 mensibus

2064 1108 2265 1173 abesse,
2298 1116 2355 1160 ut
2391 1107 2588 1175 legibus
2622 1114 2672 1160 et
2699 1109 2993 1163 canonibus
3031 1117 3293 1163 statutum
3344 1117 3422 1163 est
3443 1127 3461 1164 :
3484 1116 3534 1163 et
3573 1126 3639 1163 ne

2065 1201 2298 1256 habitent
2326 1201 2380 1254 in
2412 1201 2561 1271 regia
2600 1199 2748 1253 urbe.

2135 1291 2226 1349 46.
2259 1292 2403 1362 Πρὸς
2448 1291 2540 1344 τὸν
2580 1290 2983 1363 αὐτοκράτορα.
3028 1290 3367 1361 παρακαλῶν
3409 1292 3638 1364 εὐεργε-

2071 1385 2190 1449 σίας
2218 1387 2399 1455 τυχεῖν
2437 1384 2525 1438 τὸν
2571 1386 2900 1454 Οἰναιώτην.
2937 1384 3017 1439 Ad
3058 1386 3456 1455 imperatorem,
3483 1400 3639 1456 quem

2073 1481 2321 1534 hortatur
2341 1487 2396 1532 ut
2430 1477 2702 1533 (Ena’ota:
2730 1478 3035 1547 beneﬁcium
3066 1479 3356 1549 impertiat.

2139 1571 2232 1626 47.
2260 1572 2501 1643 Γράμμα
2531 1571 2668 1639 πρὸς
2698 1572 2790 1625 τὸν
2827 1571 3232 1642 αὐτοκράτορα,
3262 1572 3408 1634 ὅπως
3453 1575 3643 1642 τυχεῖν

2068 1662 2415 1733 φιλοτίμημα
2442 1663 2535 1716 τὸν
2582 1662 2941 1733 τερετίσαντα
2981 1665 3041 1717 ὲν
3079 1666 3144 1733 τῇ
3200 1663 3332 1734 ἁγίᾳ
3362 1661 3458 1715 τοῦ
3506 1661 3643 1716 Θεοῦ

2086 1757 2388 1826 Ἐκκλησία
2432 1755 2493 1809 τὸ
2524 1756 2824 1809 συνοδικὸν.
2860 1755 3096 1825 Epistola
3129 1756 3199 1809 ad
3244 1756 3641 1824 imperatorem.

2073 1848 2203 1913 Qua:
2230 1864 2421 1902 merces
2452 1848 2498 1901 ei
2528 1846 2729 1913 danda,
2765 1848 2855 1919 qui
2914 1849 2970 1901 in
3009 1854 3194 1901 sancta
3251 1845 3346 1901 Dei
3405 1845 3645 1900 Ecclesia

2072 1940 2379 2011 sgnedicum
2411 1938 2690 1995 retulerat.

2145 2031 2235 2085 48.
2274 2030 2515 2100 Γράμμα
2570 2031 2708 2100 πρὸς
2759 2031 2852 2084 τὸν
2906 2030 3291 2101 αὐτοκράτορα
3354 2032 3488 2093 περὶ
3538 2027 3649 2083 τῶν

2076 2123 2492 2194 αἱσχροκερδῶν
2522 2124 2755 2176 καὶτῶν
2798 2125 3111 2195 προνομίων
3154 2125 3253 2193 τῆς
3296 2123 3649 2194 Ἐκκλησίας.

2075 2213 2319 2287 Epistola
2353 2216 2421 2269 ad
2450 2218 2845 2284 imperatorem,
2890 2227 3073 2270 contra
3106 2217 3274 2284 turpis
3318 2215 3457 2269 lucri
3499 2216 3652 2285 cupi-

2075 2313 2188 2373 dos,
2217 2320 2265 2363 et
2304 2310 2368 2363 de
2393 2308 2680 2379 privilegiis
2711 2305 2978 2360 Ecclesiae.

2145 2399 2233 2455 49.
2267 2399 2513 2469 Γράμμα
2536 2399 2672 2468 πρὸς
2687 2397 2778 2451 τὸν
2796 2397 3178 2467 αὐτοκράτορα
3198 2398 3329 2468 περὶ
3354 2397 3463 2451 τῶν
3490 2397 3650 2453 θείων

2076 2493 2221 2549 ναῶν
2268 2495 2456 2563 τιμᾷν,
2487 2494 2579 2546 καὶ
2612 2492 2959 2563 λαμπρύνειν
3020 2495 3110 2545 καὶ
3138 2492 3422 2564 ὠραϊζειν,
3450 2496 3543 2546 καὶ
3574 2493 3652 2565 μὴ

2075 2590 2339 2659 ἐμμένειν
2393 2587 2517 2639 τινὰ
2551 2586 3064 2656 κατηχουμενείοις,
3106 2586 3198 2638 καὶ
3243 2585 3319 2656 μὴ
3357 2584 3540 2646 οἴκους
3571 2601 3650 2637 τι·

2077 2681 2186 2734 νῶν
2216 2678 2580 2748 ἐγκολλᾶσθαι
2610 2680 2725 2740 τοῖς
2758 2676 2923 2740 θείοις
2962 2678 3133 2740 ναοῖς.
3171 2675 3412 2747 Epistola
3448 2676 3517 2728 ad
3552 2676 3653 2729 im-

2075 2781 2392 2841 peratorem,
2418 2773 2481 2825 de
2508 2772 2831 2827 horiorandis
2853 2782 2903 2825 et
2931 2771 3262 2825 exornandis
3297 2769 3492 2824 divinis
3524 2777 3656 2822 tem-

2078 2865 2216 2937 plis;
2252 2868 2388 2935 quod
2419 2866 2679 2920 neminem
2731 2866 2908 2918 deceat
2938 2866 2991 2918 in
3025 2864 3439 2916 catechumeneis
3496 2860 3651 2915 habi-

2079 2970 2231 3024 tare;
2257 2976 2422 3029 neque
2458 2960 2638 3013 domos
2674 2961 3048 3030 quorumpiam
3093 2958 3270 3012 divina
3301 2956 3498 3027 templa
3527 2971 3656 3010 con-

2082 3048 2283 3124 tingere
2306 3070 2408 3124 par
2435 3054 2526 3109 sit.

2153 3146 2242 3202 50.
2278 3149 2419 3218 Πρὸς
2451 3148 2544 3200 τὸν
2585 3146 2995 3216 αὐτοκράτορα,
3035 3144 3189 3207 ὅπως
3237 3142 3312 3213 μὴ
3344 3141 3508 3195 παντὶ
3533 3141 3656 3211 βαρυ-

2004 3257 2051 3321 c
2079 3238 2293 3311 λομένῳ
2324 3238 2503 3307 λέγειν
2531 3240 2787 3310 πιστεύῃ,
2820 3235 2954 3308 μηδὲ
2987 3235 3220 3289 κωλύειν
3252 3234 3381 3297 τοὺς
3404 3232 3656 3302 καλλιερ-

2079 3330 2315 3400 γοῦντας
2371 3332 2473 3402 τὴν
2530 3332 2654 3400 γῆν.
2700 3331 2782 3385 Ad
2837 3331 3234 3400 imperatorem,
3266 3336 3323 3380 ut
3377 3342 3443 3379 ne
3493 3324 3654 3378 cuivis

2079 3426 2313 3494 loquenti
2341 3441 2524 3479 aurem
2556 3422 2810 3495 prebeat,
2846 3438 2938 3476 nec
2968 3421 3179 3476 colonos
3211 3419 3276 3473 ab
3309 3420 3454 3491 agris
3478 3417 3656 3472 colen-

2078 3521 2156 3573 dis
2184 3528 2440 3573 coerceat.

2149 3613 2240 3668 5i.
2284 3612 2527 3682 Γράμμα
2582 3610 2722 3683 πρὸς
2772 3609 2864 3663 τὸν
2919 3606 3328 3679 αὐτοκράτορα,
3360 3605 3489 3673 περὶ
3542 3601 3655 3654 τῶν

2083 3707 2295 3775 ίταμῶν
2339 3708 2432 3759 καὶ
2485 3705 2813 3774 αίμοχαρῶν
2869 3704 2967 3757 καὶ
3016 3701 3400 3756 πλουτούντων
3431 3698 3564 3752 πολὺ
3594 3696 3658 3750 τὸ

2079 3797 2432 3852 κακόῦουλον.
2469 3796 2713 3867 Epistola
2743 3797 2813 3850 ad
2840 3797 3241 3866 imperatorem,
3286 3793 3349 3846 de
3378 3791 3658 3863 impuden-

2082 3893 2240 3956 tibus,
2283 3891 2671 3961 sanguinariis,
2705 3891 2832 3945 etin
2863 3889 3076 3943 nmlitia
3110 3887 3476 3959 locupletibus.

2152 3986 2240 4040 5‘2.
2270 3985 2513 4055 Γράμμα
2560 3984 2695 4054 πρὸς
2742 3984 2830 4036 τὸν
2875 3982 3280 4054 αὐτοκράτορα,
3329 3981 3467 4053 πρὸς
3519 3980 3657 4043 τοὺς

2084 4074 2467 4148 χειρωθέντας
2524 4077 2712 4145 φορεῖν
2741 4074 3021 4145 μάχαιραν
3056 4072 3192 4143 πρὸς
3237 4072 3396 4140 Θεοῦ,
3451 4071 3546 4125 καὶ
3579 4073 3661 4141 μὴ

2084 4172 2228 4224 κατὰ
2248 4170 2311 4221 τὸ
2332 4168 2545 4239 θέλημα
2570 4167 2663 4220 τοῦ
2695 4168 3042 4238 χειρξσαντος
3073 4167 3430 4225 ἁνασείοντας
3459 4162 3658 4227 αὐτὴν,

2084 4264 2184 4317 ὅσα
2213 4263 2293 4326 είς
2323 4263 2480 4333 χόλον
2503 4259 2639 4315 Θεοῦ
2672 4262 2918 4332 παρορᾷ,
2943 4261 3039 4313 καὶ
3062 4260 3266 4330 ζημίαν
3292 4259 3505 4329 ψυχῶν.
3546 4257 3663 4310 Καὶ

2087 4354 2343 4425 περὶτοῦ
2378 4354 2557 4425 Τύρου
2592 4354 2690 4407 καί⁸
2723 4353 2817 4406 τοῦ
2866 4351 3304 4423 Ἀλεξανδρείας.
3333 4352 3480 4412 ὅπως
3510 4348 3664 4412 ὲξέλ-

2089 4449 2253 4501 Θωσιν
2307 4448 2370 4499 ἐκ
2410 4446 2512 4515 τῆς
2570 4447 2806 4508 πόλεως.
2851 4445 3094 4516 Epistola
3131 4445 3201 4498 ad
3262 4446 3663 4515 imperatorem.

2091 4540 2242 4606 Quod
2288 4541 2328 4595 ii
2363 4538 2550 4608 quibus
2604 4537 2816 4608 gladius
2849 4555 2880 4592 a
2912 4537 3022 4592 Deo
3071 4537 3299 4592 traditus
3325 4544 3420 4600 est,
3454 4551 3555 4589 non
3594 4534 3669 4587 ad

2088 4632 2349 4685 tradentis
2382 4629 2636 4701 placitum
2674 4628 2767 4682 illo
2804 4637 3064 4695 utantur;
3095 4631 3233 4700 quod
3270 4635 3339 4682 ad
3373 4629 3542 4682 Deum
3578 4629 3668 4681 ira

2087 4724 2555 4793 inﬂammandum,
2599 4730 2646 4774 et
2683 4721 2753 4774 ad
2807 4721 3112 4775 animarum
3149 4721 3432 4792 perniciem
3478 4722 3666 4790 vergit.

2092 4809 2162 4862 Et
2194 4819 2248 4863 ut
2280 4810 2465 4881 Tyrius
2496 4820 2543 4864 et
2577 4808 2973 4865 Alexandrinus
3001 4812 3226 4882 episcOpi
3262 4827 3325 4865 ex
3350 4811 3474 4864 urbe
3494 4810 3668 4863 disce-

2090 4907 2242 4959 dant.

2161 4998 2249 5052 55.
2279 4997 2495 5065 Νεαρά.
2549 4998 2786 5068 Ζήτησις
2827 4997 2904 5069 (1)
2942 4996 3034 5050 τοῦ
3091 5000 3433 5070 πατριάρχου
3494 4998 3673 5069 κυροῦ

2108 5090 2452 5155 Ἀθανασὶου,
2490 5093 2584 5144 καὶ
2610 5090 2712 5160 τῆς
2744 5092 2875 5160 περὶ
2901 5091 3067 5144 αὐτὸν
3096 5092 3250 5161 ἱερᾶς
3279 5092 3497 5145 συνόδου
3528 5092 3674 5163 πρὸς

2094 5184 2188 5235 τὸν
2241 5183 2641 5238 εὐσεϐέστατον
2692 5183 2920 5253 βασιλέα
2972 5183 3141 5256 κῦρον
3178 5185 3522 5256 Ἀνδρόνικον
3574 5187 3673 5241 τὸν

2095 5275 2460 5346 Παλαιολόγον
2490 5278 2619 5347 περί
2639 5279 2803 5331 τινων
2831 5279 3147 5347 κεφαλαίων
3190 5281 3463 5351 νομίμων,
3495 5281 3673 5335 τύπον

2094 5369 2293 5440 ἔχουσα
2324 5370 2572 5439 Νεαρᾶς,
2602 5370 2725 5441 ἥτις
2773 5372 2867 5424 καὶ
2890 5373 3160 5444 ἐστέρχθη
3194 5373 3315 5427 τότε
3367 5376 3518 5445 παρὰ
3569 5375 3670 5429 τοῦ

2091 5460 2260 5515 αὐτοῦ
2301 5461 2696 5516 εὐσεϐεστάτου
2738 5461 3025 5530 βασιλέως.
3056 5462 3299 5529 Novella,
3346 5481 3437 5520 seu
3474 5463 3672 5521 relatio

2092 5549 2411 5618 patriarchae
2471 5549 2672 5603 domini
2726 5549 3024 5619 Athanasii,
3057 5560 3105 5605 et
3155 5566 3481 5626 congregata
3524 5556 3675 5627 apud

2092 5658 2209 5695 eum
2240 5642 2449 5711 synodi,
2491 5642 2559 5695 ad
2594 5640 3048 5712 religiosissimum
3079 5648 3449 5715 imperatorem
3492 5649 3670 5702 domi-

2094 5750 2213 5790 num
2248 5733 2608 5790 Andronicum
2640 5734 3033 5806 Paln‘ologum;
3073 5738 3136 5791 de
3171 5740 3484 5808 quibusdam
3519 5740 3671 5808 juris
