3894 6468
277 454 387 521 477

1710 479 2116 549 EPISTOLE.

3432 492 3539 556 478

279 577 567 648 capitibus,
605 581 659 634 in
685 582 897 638 modum
941 584 1201 655 Novellus,
1233 606 1394 660 quam
1431 592 1722 666 imperator
1768 616 1863 667 ap-
1890 604 1935 661 Α
1966 617 2070 656 non
2116 604 2432 670 amicorum,
2483 612 2847 678 cognatorum,
2882 622 3177 675 munerum,
3216 618 3309 663 aut
3358 609 3541 678 glorice

279 671 549 737 probavit.

359 761 452 817 54.
485 763 730 835 Γράμμα
758 770 1048 836 συγκαλῶν
1080 772 1321 841 βασιλεῖς
1348 795 1407 831 τε
1440 779 1534 833 καὶ
1569 780 1859 851 ἄρχοντας,

284 852 457 925 ἱερεῖς
485 858 579 907 καὶ
619 858 975 927 μονάζοντας,
1008 864 1094 917 ἵνα
1118 867 1310 938 γυμνῷ
1349 868 1425 941 τῷ
1455 871 1861 939 ποδὶ’ὲξέλθωσι

289 947 432 1016 μετὰ
457 949 568 1001 τῶν
598 950 760 1004 θείων
802 954 1030 1009 εἰκόνων
1075 956 1409 1026 λιτάζοντες.
1467 964 1709 1032 Epistola
1754 982 1861 1038 qua

283 1038 601 1093 cohortatur
654 1042 1042 1114 imperatores,
1102 1051 1402 1122 principes,
1460 1056 1755 1113 sacerdotes
1810 1067 1861 1113 et

286 1131 594 1195 monachos,
626 1141 684 1186 ut
731 1134 885 1190 nudis
914 1137 1128 1204 pedibus
1171 1157 1289 1195 cum
1322 1144 1509 1200 divinis
1543 1146 1860 1219 imaginibus

288 1221 670 1287 processionem
702 1223 914 1278 obeant.

361 1308 452 1363 55.
483 1310 627 1380 Πρδς
653 1311 746 1364 τὸν
797 1314 1202 1390 αὐτοκράτορα,
1228 1325 1550 1392 παρακινῶν
1596 1327 1770 1382 ἐλθεῖν
1800 1329 1859 1383 ὲν

287 1398 368 1468 τῷ
421 1401 793 1475 ινταφιασμιῖί
844 1408 939 1461 τοῦ
989 1412 1265 1482 Σωτῆρος.
1322 1417 1402 1470 Ad
1458 1420 1855 1490 imperatorem,

288 1492 570 1549 cohortans
618 1511 736 1549 eum
776 1507 834 1552 ut
878 1499 948 1553 ad
1003 1501 1303 1561 Saluatoris
1343 1508 1672 1579 sepulturam
1706 1529 1859 1569 acce-

287 1586 402 1639 dat.

361 1678 453 1736 56.
488 1682 632 1753 Πρὸς
666 1683 759 1740 τὸν
803 1687 1190 1760 αὐτοκράτορα
1248 1692 1380 1764 περὶ
1426 1694 1524 1749 τοῦ
1572 1699 1858 1766 γεγονότος

287 1770 370 1833 είς
405 1771 497 1826 τὸν
529 1773 658 1828 λαὸν
712 1777 895 1848 λιμοῦ.
935 1781 1016 1836 Ad
1051 1783 1424 1853 imperatorem
1452 1789 1515 1843 de
1561 1788 1706 1859 [atrae
1751 1807 1855 1863 qua

290 1863 515 1932 populus
551 1865 831 1926 laboravit.
1116 1928 1119 1931 .
1293 1883 1297 1887 ’

361 1928 453 2011 57.
487 1958 629 2028 Πρὸς
657 1962 750 2014 τὸν
788 1964 973 2030 αὐτὸν,
1021 1928 1153 2039 περὶ
1186 1970 1280 2023 τοῦ
1326 1971 1494 2026 αὑτοῦ
1544 1976 1641 2028 καὶ
1676 1974 1852 2042 αὖθις,
1888 1949 1929 2003 Β

286 2047 491 2120 καὶμὴ
540 2052 741 2106 πωλεῖν
793 2071 915 2110 τινα
966 2061 1116 2113 σῖτον
1162 2059 1291 2115 ἄνευ
1341 2063 1596 2135 εἰδήσεως
1634 2067 1855 2121 καὶτοῦ

288 2141 656 2213 πατριάρχου.
693 2146 775 2199 Ad
802 2149 1061 2215 eumdem,
1094 2151 1157 2205 de
1186 2152 1368 2207 eadem
1400 2171 1477 2222 re,
1514 2173 1576 2211 ac
1603 2174 1667 2211 ne
1691 2159 1857 2215 inscio

282 2233 597 2299 patriarcha
627 2238 953 2307 frumentum
987 2255 1214 2301 vwneat.

359 2325 449 2380 58.
487 2329 725 2402 Γράμμα
752 2336 891 2406 πρὸς
921 2337 1011 2390 τὸν
1056 2340 1433 2413 αὐτοκράτορα
1467 2343 1595 2412 περὶ
1635 2343 1730 2397 τοῦ
1759 2346 1858 2397 αὑ-

282 2416 406 2485 τοῦ,
443 2421 536 2475 καὶ
579 2424 653 2492 μὴ
702 2428 1065 2495 τιμιουλκείν.
1110 2431 1348 2499 Epistola
1376 2434 1446 2487 ad
1491 2435 1858 2506 imperatorem

283 2510 351 2564 de
384 2513 563 2568 eadem
598 2532 672 2582 re,
709 2529 758 2572 et
786 2536 851 2573 ne
885 2525 1107 2591 pretium
1135 2542 1326 2597 augere
1358 2527 1536 2582 liceat.

361 2604 451 2659 59.
483 2605 725 2678 Γράμμα
756 2611 896 2682 πρὸς
920 2613 1011 2666 τὸν
1043 2615 1427 2688 αὐτοκράτορα
1459 2621 1587 2691 περὶ
1613 2621 1704 2674 τοῦ
1727 2623 1856 2694 παρ’

285 2697 480 2752 ἐλπίδα
515 2703 891 2771 συμπεσόντος
914 2705 1012 2775 τῆς
1043 2707 1333 2780 δεσποίνης
1362 2716 1388 2765 ὁ
1419 2712 1673 2776 θάνατος.
1701 2716 1857 2770 Falsa

286 2789 602 2861 inscriptio.
640 2792 870 2851 Inscribi
906 2797 1070 2854 debet
1097 2817 1111 2854 :
1139 2802 1380 2871 Γράμμα
1414 2806 1551 2874 πρὸς
1574 2807 1675 2876 τὴν
1706 2807 1860 2877 βασί-

282 2879 480 2933 λισσαν
527 2886 656 2953 περὶ
701 2886 795 2940 τοῦ
844 2889 954 2942 δεῖν
988 2891 1162 2962 αὐτὴν
1210 2895 1459 2965 ὁμονοεῖν
1495 2897 1571 2967 τῷ
1612 2900 1855 2968 συζύγῳ.

284 2970 528 3041 Epistola
573 2977 640 3030 ad
682 2978 1092 3050 imperatricem,
1125 2988 1267 3056 quod
1302 2998 1540 3057 oporteat
1589 3006 1706 3044 eam
1741 3009 1856 3045 cum

284 3065 507 3137 conjuge
550 3070 777 3125 moribus
843 3075 1138 3129 convenire.
1204 3076 1448 3132 Pertinet
1503 3079 1572 3133 ad
1632 3080 1860 3136 dissidia

284 3176 413 3230 qua
470 3161 694 3217 fuerunt
747 3163 893 3219 inter
942 3166 1317 3223 Andronicum
1369 3171 1753 3242 imperatorem
1801 3185 1859 3233 et

282 3267 512 3307 uxorem
542 3253 662 3325 ejus
694 3254 911 3323 lrenen,
955 3256 1023 3312 de
1046 3259 1246 3327 quibus
1276 3259 1569 3333 Gregoras,
1595 3275 1706 3322 etc.

359 3345 448 3402 60.
478 3347 717 3417 Γράμμα
756 3349 896 3421 πρὸς
928 3351 1021 3404 τὸν
1052 3353 1437 3426 αὐτοκράτορα
1479 3358 1608 3428 περὶ
1635 3358 1726 3411 τοῦ
1756 3360 1856 3414 ὅσα

288 3438 514 3511 θεοφιλῆ
566 3441 616 3494 ot
677 3440 965 3508 ποθοῦντες
1019 3443 1368 3502 ὑποτίθενται
1423 3452 1518 3503 καὶ
1582 3450 1855 3520 βιάζουσι,

288 3528 479 3598 κέρδος
513 3528 713 3582 οικεῖον
740 3531 982 3599 ὀφείλειν
1014 3529 1157 3586 εἶναι
1178 3533 1586 3607 λογιζομένους.
1615 3539 1857 3610 Epistula

287 3621 359 3673 ad
394 3621 786 3691 imperatorem.
821 3621 975 3687 Quod
1002 3624 1041 3678 ii
1073 3626 1164 3694 qui
1210 3642 1391 3683 amore
1440 3629 1706 3685 ducuntur
1749 3632 1857 3686 Deo

284 3711 482 3781 placita
504 3723 812 3784 suggerant,
850 3722 898 3767 et
924 3730 1119 3786 magna
1153 3717 1202 3771 vi
1223 3717 1477 3788 perﬁcere
1507 3722 1767 3789 nitantur,
1804 3722 1859 3775 id

286 3805 391 3860 sibi
420 3803 564 3858 lucro
591 3820 701 3859 esse
725 3807 851 3861 rati.

358 3898 450 3953 6t.
485 3898 725 3968 Γράμμα
755 3898 892 3969 πρὸς
939 3899 1029 3954 τὸν
1067 3899 1297 3972 βασιλέα
1332 3902 1461 3975 περὶ
1497 3902 1590 3958 τοῦ
1645 3905 1859 3976 όρθοδό-

289 3989 404 4057 ξοις
435 3988 617 4055 καλῶς
648 3990 837 4061 κριθὲν
869 3992 1180 4062 ἀνεγείρειν
1209 3993 1390 4058 θείους
1421 3998 1604 4060 ναοὺς,
1637 3992 1757 4052 εἶτα
1780 3996 1859 4069 τῷ

288 4083 434 4138 κατὰ
461 4084 666 4148 τόπους
698 4086 1004 4155 φροντίζειν
1040 4086 1260 4157 λαχόντι
1309 4089 1755 4156 καταπιστεύειν,
1782 4091 1859 4155 ὡς

287 4177 339 4229 ot
370 4175 503 4254 θεῖοι
540 4177 764 4240 κανόνες
791 4177 1224 4247 διαγορεύουσιν.
1253 4180 1494 4251 Ερὶειοίσ
1526 4183 1596 4235 ad
1628 4184 1859 4254 impera-

290 4251 479 4323 torem.
508 4266 659 4333 Quod
680 4270 982 4324 orthodoxis
1006 4280 1142 4325 recte
1169 4280 1428 4326 statutum
1453 4282 1501 4327 et
1535 4251 1859 4346 prapositum

285 4362 379 4425 sit,
414 4369 472 4415 ut
521 4362 701 4416 divina
742 4364 939 4433 templa
991 4365 1216 4419 excitent
1250 4381 1268 4420 :
1300 4367 1367 4420 iis
1412 4369 1501 4437 qui
1552 4368 1605 4422 in
1638 4368 1858 4423 diversis

212 4446 223 4449 ’
287 4454 418 4507 locis
488 4455 557 4507 ad
604 4454 701 4508 hoc
756 4456 997 4525 deputati
1027 4467 1148 4510 sunt
1183 4459 1544 4513 concredenda
1569 4475 1587 4512 .'
1611 4470 1663 4512 ut
1695 4460 1858 4515 divini

287 4561 517 4599 canones
541 4546 843 4600 enuntiant.

359 4637 450 4694 62.
485 4639 726 4710 Γράμμα
754 4641 889 4709 πρὸς
917 4639 1009 4693 τὸν
1031 4641 1409 4713 αὐτοκράτορα
1437 4644 1567 4714 περὶ
1590 4643 1688 4698 τοῦ
1721 4645 1858 4715 πρό-

285 4748 439 4785 νοιαν
472 4730 771 4802 προνοῆσαι
797 4730 888 4783 τδν
922 4730 1272 4802 πατριάρχην
1305 4732 1518 4803 ἁθάραν
1550 4735 1702 4803 ἑψεῖν
1738 4735 1856 4806 (sic)

288 4824 421 4893 περὶ
468 4823 576 4876 τῶν
613 4822 862 4893 πτωχῶν.
897 4826 990 4875 καί
1052 4825 1285 4895 ζητῆσαι
1354 4826 1489 4891 ξύλα
1546 4830 1614 4881 τὰ
1651 4830 1712 4882 τὸ
1747 4831 1859 4896 πῦρ

286 4917 581 4987 τρέφοντα.
636 4914 871 4983 Epistola
903 4915 972 4969 ad
1013 4917 1411 4986 imperatorem,
1445 4928 1501 4971 ut
1547 4929 1693 4973 curet
1720 4936 1860 4974 com-

289 5008 557 5064 bustibilia
603 5008 747 5080 ligna
799 5009 1151 5077 suppeditari,
1182 5025 1282 5078 quo
1336 5016 1500 5078 possit
1550 5012 1860 5079 patriarcha

290 5103 619 5174 pulmentum
651 5102 966 5171 pauperibus
992 5117 1230 5172 coquere.

363 5194 455 5250 65.
484 5195 726 5264 Γράμμα
753 5193 883 5261 πρὸς
910 5193 1001 5246 τὸν
1026 5193 1428 5265 αὐτοκράτορα,
1452 5195 1600 5260 ὅπως
1630 5194 1862 5260 ἕκαστος

289 5289 401 5341 τῶν
438 5287 746 5357 ἀρχιερέων
781 5289 845 5358 τῇ
874 5286 1114 5360 λαχούσῃ
1158 5292 1569 5360 προσκαρτερῇ,
1600 5291 1698 5342 καὶ
1733 5292 1863 5361 περὶ⁵

289 5385 402 5437 τῶν
438 5384 647 5455 κλήρου
673 5380 1084 5452 άφηνιαζόντων
1123 5380 1310 5435 ἕνεκεν
1343 5381 1616 5452 ὀφφικίων
1642 5383 1736 5436 καὶ
1771 5383 1863 5455 ῥό-

291 5493 417 5545 γας.
450 5475 692 5545 Epistola
746 5474 815 5529 ad
848 5474 1216 5544 imperatorem
1246 5480 1301 5527 ut
1334 5475 1552 5546 quisque
1592 5478 1862 5545 episcopus

287 5573 342 5625 in
368 5586 465 5623 sua
498 5566 733 5622 Ecclesia
763 5566 1008 5620 resideat.
1043 5565 1108 5620 Et
1134 5566 1199 5619 de
1228 5566 1431 5622 clericis
1456 5568 1545 5638 qui
1574 5568 1858 5638 ofﬁciorum

288 5671 338 5715 et
374 5676 514 5728 rogat
537 5675 698 5713 causa
726 5665 1060 5711 contumaces
1087 5666 1230 5710 sunt.

361 5754 452 5808 6.5.
487 5752 726 5821 Γράμμα
770 5751 907 5820 πρὸς
941 5751 1034 5804 τὸν
1083 5750 1465 5821 αὐτοκράτορα
1518 5754 1649 5824 περὶ
1698 5755 1792 5807 τοῦ
1824 5754 1861 5810 ἃ

291 5845 590 5913 ἀναφέρειν
613 5842 707 5912 οὐχ
755 5842 942 5895 ἕνεκεν
971 5841 1160 5911 φίλων,
1192 5841 1225 5912 ἢ
1261 5844 1611 5915 συγγενῶν,ἢ
1646 5845 1857 5915 δώρων,

294 5937 332 6006 ἦ
361 5934 542 6004 δόξης.
578 5932 815 6005 Epistula
841 5936 909 5989 ad
934 5935 1325 6004 imperatorem,
1352 5952 1406 5990 se
1446 5952 1507 5990 ea
1543 5953 1657 5996 ante
1678 5938 1856 6003 refert,

1964 711 2133 750 causa
2164 698 2380 767 referre.

2034 787 2124 843 65.
2158 789 2401 860 Γράμμα
2435 790 2531 845 τοῦ
2580 792 2924 864 πατριάρχου
2961 795 3371 865 στηλιτευτικὶν
3410 802 3539 869 περὶ

1976 876 2222 935 Ἰωάννου
2265 883 2408 947 τινὸς
2446 885 2654 954 Δριμὺς
2699 885 2760 938 τὸ
2797 885 3067 955 ἐπίθετον,
3106 907 3536 962 προσεταιρισα-

1966 974 2131 1042 μένου
2183 978 2497 1048 συμμορίαν
2547 978 2823 1049 ἐπάρατον
2864 979 3009 1035 κατά
3055 997 3114 1033 τε
3158 982 3260 1051 τῆς
3296 985 3540 1056 ποίμνης

1961 1067 2223 1135 Χριστοῦ,
2269 1071 2416 1124 κατά
2440 1089 2499 1123 τε
2527 1071 2629 1140 τῆς
2675 1072 3027 1143 Ἐκκλησίας,
3060 1079 3156 1127 καὶ
3203 1074 3294 1128 τοῦ
3323 1076 3539 1130 θεοστε-

1962 1157 2099 1228 φοῦς
2124 1160 2550 1233 αὐτοκράτορος.
2583 1163 2823 1231 Epistola
2874 1167 3216 1235 patriarchae.
3249 1184 3351 1236 qua
3396 1170 3539 1238 infa-

1962 1252 2068 1305 mia
2102 1263 2320 1307 notatur
2350 1253 2585 1309 Joannes
2626 1257 2843 1326 quidam
2877 1257 3110 1329 Drimys,
3150 1261 3236 1329 qui
3262 1276 3537 1315 exsecran-

1962 1346 2088 1397 dam
2121 1344 2221 1398 sibi
2251 1347 2558 1400 societatem
2597 1348 2902 1402 conciliaret
2940 1359 3125 1403 contra
3150 1367 3358 1420 gregem
3381 1352 3537 1408 Chri-

1960 1438 2048 1499 sti,
2075 1446 2260 1490 contra
2287 1436 2603 1505 Ecclesium,
2634 1447 2682 1493 et
2713 1457 2745 1493 a
2769 1438 2877 1493 Deo
2910 1452 3217 1495 coronatum
3248 1444 3536 1514 imperato-

1961 1541 2073 1580 rem
2085 1566 2098 1581 .

2032 1617 2120 1673 66.
2154 1604 2396 1689 Γράμμα
2425 1623 2566 1690 πρὸς
2595 1621 2685 1674 τὸν
2718 1624 3116 1695 αὐτοκράτορα,
3144 1626 3411 1696 διεγεῖρον
3435 1627 3534 1680 αὐ·-

1959 1707 2051 1761 τδν
2075 1710 2155 1772 είς
2183 1708 2443 1762 σύστασιν
2485 1709 2587 1779 τῆς
2627 1710 2957 1783 Ἐκκλησίας
2988 1715 3084 1766 καὶ
3119 1714 3346 1783 ἐννόμου
3380 1713 3534 1782 ζωῆς

1960 1800 2071 1852 πᾶν
2100 1799 2162 1852 τὸ
2189 1801 2451 1870 ὑπήκοον.
2487 1800 2730 1873 Epistola
2763 1804 2833 1856 ad
2866 1806 3258 1874 imperatorem,
3289 1807 3533 1861 excitans

1960 1907 2077 1944 eum
2127 1900 2183 1945 ut
2234 1892 2527 1947 Ecclesium
2560 1906 2864 1965 componat,
2910 1905 2960 1951 et
3009 1897 3242 1951 subditos
3272 1897 3342 1951 ad
3369 1899 3533 1952 vitam

1957 1985 2239 2038 secundum
2273 1984 2407 2054 leges
2446 1986 2692 2040 deducat.

2029 2074 2119 2129 67.
2154 2076 2392 2146 Γράμμα
2452 2079 2589 2147 πρὸς
2621 2079 2912 2148 ποιμένας,
2953 2081 3026 2151 μὴ
3080 2082 3532 2158 προσκυροῦσθαι

1958 2167 2097 2236 πρός
2123 2183 2274 2230 τινας
2322 2168 2493 2237 μονὰς
2541 2169 2640 2230 τὰς
2683 2170 2787 2222 ὑπὸ
2824 2172 2984 2241 χεῖρα
3012 2172 3275 2243 αὕτῶν,ἥ
3324 2173 3531 2243 πιπρά-

1960 2273 2134 2322 σκειν,
2168 2258 2198 2328 ἦ
2231 2260 2326 2313 καὶ
2352 2260 2851 2329 καταχαρίζεσθαι,
2884 2265 2933 2315 εί
2970 2262 3043 2332 μὴ
3073 2263 3149 2326 ὡς
3175 2264 3532 2334 νενομοθέτη-

1958 2364 2044 2401 ται
2071 2349 2399 2416 ὲγκανόνως.
2438 2351 2679 2421 Epistola
2709 2353 2780 2406 ad
2815 2360 3074 2422 pastores,
3109 2370 3173 2407 ne
3208 2355 3530 2409 monasteria

1957 2438 2166 2493 subdita
2194 2441 2346 2509 quasi
2368 2443 2638 2511 propriam
2671 2445 3052 2512 possessionem
3076 2445 3174 2498 sibi
3210 2446 3529 2509 attribuant,

1961 2542 2053 2586 aut
2076 2534 2326 2598 vendant,
2367 2541 2462 2587 aut
2507 2534 2628 2589 aliis
2672 2535 2910 2604 tradant,
2953 2538 3054 2591 nisi
3101 2548 3255 2608 prout
3277 2538 3531 2592 canonice

1959 2633 2221 2680 statutum
2252 2632 2349 2680 est.

2028 2738 2117 2793 68.
2149 2738 2391 2809 Γράμμα
2427 2739 2566 2809 πρὸς
2598 2739 2691 2794 τὸν
2740 2742 3123 2813 αὐτοκράτορα
3154 2743 3281 2813 περὶ
3309 2742 3402 2797 τοῦ
3435 2761 3532 2796 πε-

1965 2833 2260 2904 ριποθήτου
2301 2835 2564 2888 δεσπότου
2595 2835 2715 2889 υίοῦ
2770 2836 2937 2889 αὐτοῦ
2984 2838 3259 2892 Ἰωάννου.
3294 2838 3528 2906 Epistola

1960 2927 2031 2979 ad
2064 2928 2455 2997 imperatorem,
2488 2928 2552 2981 de
2583 2928 2801 2995 despota
2839 2929 3049 2984 Joanne
3072 2945 3166 2984 suo
3199 2930 3333 2998 ﬁlio.

2032 3023 2121 3077 69.
2163 3023 2302 3093 Πρὸς
2355 3024 2446 3076 τὸν
2505 3024 2907 3094 αὐτοκράτορα,
2974 3025 3122 3087 ὅπως
3180 3026 3212 3094 ὴ
3274 3023 3532 3078 δέσποινα

1963 3113 2175 3185 βαρέως
2226 3114 2348 3184 ἔσχε
2403 3113 2543 3166 κατὰ
2573 3115 2667 3166 τοῦ
2699 3115 2813 3167 υἱοῦ
2867 3116 3036 3185 αὐτῆς
3065 3114 3157 3167 τοῦ
3201 3130 3531 3186 πανευτυχε-

1965 3207 2157 3260 στάτου
2186 3205 2469 3260 δεσπότου.
2529 3205 2608 3259 Ad
2647 3207 3042 3273 imperatorem,
3074 3206 3332 3276 quomodo
3359 3207 3531 3276 impe-

1883 3296 1928 3355 C
1959 3301 2135 3352 ratrix
2172 3300 2404 3371 graviter
2453 3308 2761 3353 succenseat
2796 3298 2910 3367 ﬁlio
2960 3314 3055 3353 suo
3094 3297 3388 3369 felicissimo
3415 3299 3529 3353 des-

1960 3400 2117 3460 pone.

2030 3482 2117 3538 70.
2149 3484 2389 3555 Γράμμα
2422 3484 2558 3555 πρὸς
2596 3483 2687 3538 τὸν
2717 3482 3098 3554 αὐτοκράτορα
3132 3482 3258 3553 περὶ
3308 3481 3401 3536 τοῦ
3447 3484 3530 3535 δε-

1960 3576 2162 3629 σπότου
2197 3576 2290 3629 καὶ¹
2321 3575 2440 3628 υίοῦ
2472 3575 2641 3629 αὑτοῦ
2672 3576 2944 3639 Ἰωάννου,
2968 3574 3246 3642 ἀναλόγως
3275 3573 3410 3641 πρὸς
3431 3574 3529 3637 τὰς

1959 3667 2179 3733 ἐξόδους
2231 3670 2327 3722 καὶ
2369 3668 2465 3722 τοῦ
2497 3669 2811 3739 ἀξιώματος
2859 3667 3005 3738 ἔχειν
3053 3667 3152 3730 τὰς
3191 3666 3526 3735 οἰκονομίας.

1964 3758 2199 3829 Epistola
2251 3761 2320 3814 ad
2365 3761 2761 3830 imperatorem,
2808 3759 2872 3811 de
2908 3756 3123 3810 domino
3167 3766 3215 3810 et
3267 3755 3381 3824 ﬁlio
3433 3771 3530 3810 suo

1957 3848 2181 3903 Joanne.
2224 3860 2280 3902 ut
2304 3865 2399 3918 pro
2426 3848 2715 3919 sumptibus
2743 3857 2790 3902 et
2819 3863 2913 3918 pro
2943 3847 3201 3918 dignitate
3229 3846 3528 3901 necessaria

1959 3942 2061 4013 ipsi
2091 3941 2572 3997 subministrentur.

2033 4055 2119 4109 71.
2153 4055 2392 4126 Γράμμα
2419 4054 2553 4124 πρὸς
2579 4055 2674 4109 τὸν
2708 4053 3091 4126 αὐτοκράτορα
3119 4056 3251 4126 περὶ
3277 4055 3372 4108 τοῦ
3398 4073 3528 4126 προ-

1959 4146 2309 4218 τρεψαμένου
2346 4147 2603 4217 λαχόντος
2649 4150 2950 4217 διενεργείν
3000 4147 3071 4200 τὰ
3115 4147 3363 4216 δημώδη,
3393 4148 3529 4201 ἁνα-

1959 4243 2151 4308 γαγεῖν
2178 4256 2321 4306 τινα,
2368 4240 2709 4309 λαξευτηρίῳ
2744 4241 2986 4304 πατάξαι
3028 4240 3166 4310 πρὸς
3220 4256 3526 4310 καταστρο-

1961 4334 2069 4403 φὴν
2092 4330 2487 4401 ὲκτυπώματος
2516 4331 2606 4384 τοῦ
2634 4331 2924 4400 Σωτῆρος·
2955 4332 3050 4383 καὶ
3082 4330 3212 4400 περὶ
3247 4330 3339 4383 τοῦ
3363 4331 3530 4383 αὐοα⁴

1959 4424 2233 4487 διαθέντος
2281 4425 2529 4493 ἁρπάσαι
2576 4425 2668 4476 τὸν
2699 4425 2866 4476 σῖτον.
2936 4422 3155 4477 Titulus
3205 4422 3525 4477 mendosus.

1960 4514 2202 4585 Epistola
2228 4514 2297 4567 ad
2321 4515 2718 4583 imperatorem,
2761 4512 2822 4564 de
2851 4510 3183 4581 publicarum
3216 4525 3389 4562 rerum
3435 4510 3531 4561 ad-

1888 4643 1934 4699 D
1964 4609 2348 4670 ministratore,
2387 4606 2477 4675 qui
2511 4604 2796 4674 quemdam
2826 4602 3028 4656 induxit
3055 4609 3109 4652 ut
3132 4601 3303 4654 securi
3338 4600 3532 4669 imagi-

1963 4716 2082 4754 nem
2108 4698 2404 4753 Saluatoris
2431 4704 2725 4768 percuteret
2754 4712 2815 4748 ac
2847 4695 3095 4763 dejiceret
3119 4709 3137 4747 :
3159 4708 3221 4745 ac
3261 4693 3323 4745 de
3349 4707 3407 4745 eo
3442 4691 3529 4761 qui

1963 4791 2283 4862 frumentum
2313 4789 2551 4857 abripere
2584 4801 2742 4839 ausus
2775 4793 2871 4838 est.

2037 4905 2123 4959 72.
2152 4904 2396 4974 Γράμμα
2439 4900 2572 4970 πρὸς
2608 4898 2697 4952 τὸν
2729 4898 3109 4968 αὐτοκράτορα
3157 4895 3289 4965 περὶ
3318 4894 3425 4947 τῶν
3453 4894 3528 4962 μὴ

1963 4996 2328 5065 θελησάντων,
2353 4994 2442 5047 ἴνα
2473 4992 2768 5059 ἐκτελεσοῇ
2798 4993 2830 5059 ἡ
2861 4988 3027 5058 ἑορτὴ
3058 4987 3166 5039 τῶν
3203 4985 3364 5051 θείων
3394 4988 3532 5038 ἀπο-

1963 5089 2188 5144 στόλων.
2223 5087 2391 5149 Αὐτὸς
2427 5085 2483 5138 δὲ
2512 5084 2586 5154 μὴ
2622 5082 2994 5151 ἀνασχόμενος
3022 5082 3207 5142 ἐᾶσαι,
3240 5078 3529 5131 ἀπέστειλε

1963 5185 2057 5238 καὶ
2089 5180 2456 5252 προσαγωγὴν
2493 5181 2556 5246 τῇ
2591 5178 2712 5248 ἱερᾷ
2750 5174 3064 5243 λειτουργίᾳ
3103 5172 3194 5224 τὸν
3232 5170 3532 5239 πολυτίμηο

1961 5293 2053 5330 τον
2082 5274 2177 5328 καὶ
2210 5270 2455 5325 ποικίλον
2492 5269 2725 5336 ποδήρη.
2778 5265 3018 5335 Epis’ola
3051 5265 3121 5318 ad
3160 5265 3531 5334 imperatorem

1962 5366 2026 5419 de
2054 5364 2118 5418 iis
2157 5362 2245 5433 qui
2300 5359 2545 5413 nolebant
2581 5357 2770 5425 festum
2819 5356 3116 5409 divinorum
3171 5354 3532 5423 apostolorum

1961 5455 2326 5510 celebrari:et
2357 5451 2496 5519 quod
2547 5451 2656 5521 ipse
2691 5450 2980 5518 imperator
3013 5463 3114 5500 non
3142 5462 3323 5514 passus
3352 5446 3440 5509 sit,
3476 5452 3534 5496 ut

1961 5550 2018 5604 id
2042 5547 2554 5619 praetermitteretur,
2579 5552 2626 5595 et
2659 5557 2825 5596 βοτηε
2858 5540 3087 5610 liturgia:
3112 5539 3164 5592 in
3187 5538 3382 5591 donum
3436 5538 3531 5590 mi-

1960 5642 2087 5698 serit
2114 5641 2397 5711 pretiosam
2431 5653 2493 5691 ac
2527 5635 2800 5707 pulchram
2838 5634 3067 5687 tunicam
3105 5631 3354 5685 talarem.

2033 5752 2123 5807 75.
2155 5750 2393 5822 Γράμμα
2426 5748 2565 5819 πρὸς
2593 5748 2682 5799 τὸν
2713 5745 3098 5816 αὐτοκράτορα
3133 5744 3264 5813 περὶ
3310 5741 3405 5794 τοῦ
3441 5758 3531 5794 κυ-

1964 5842 2058 5911 ροῦ
2110 5842 2354 5913 Νῐφωνος
2404 5841 2556 5904 ὄντος
2609 5839 2872 5903 Κυζίκου,
2913 5837 3001 5889 διὰ
3050 5835 3148 5897 τὰς
3192 5834 3528 5902 κατηγορίας

1962 5938 2059 5999 τὰς
2091 5934 2452 5999 άκουσθείσας
2488 5934 2615 5999 περὶ
2646 5931 2830 5986 αὐτοῦ.
2869 5926 3104 5983 Euistolu
3138 5926 3205 5979 ull
3239 5926 3526 5978 imoerato~
