3894 6366
355 456 464 522 4Ἰ9
1422 455 1847 519 ATHANASII
1883 461 1893 515 l

2089 455 2569 518 ATRIARCHA!
3521 451 3626 517 ιεο

359 583 471 622 rem
500 566 562 620 de
609 564 821 620 domino
872 563 1137 630 Niplwne,
1188 561 1440 637 Cyziceno
1496 567 1761 637 episcopo,
1799 574 1847 621 et
1877 583 1897 620 ο

2114 563 2205 620 79.
2235 565 2583 636 Παραίτησις
2624 565 2726 635 τῆς
2755 564 2985 636 πρώτης
3023 564 3394 637 πατριαρχίας
3426 566 3623 626 αὐτοῦ.

364 659 789 713 accusationibus
816 659 920 729 ipsi
947 657 1158 714 oblatis.
2046 655 2325 710 Abdicatio
2356 657 2550 727 prioris
2585 659 3004 728 patriarcltatus.

437 752 527 807 7b.
569 750 815 821 Γράμμα
858 751 1286 822 εὐχαριστήριον
1336 752 1477 823 πρὸς
1528 752 1621 807 τδν
1672 752 1946 822 αὐτοκρά-
2117 746 2207 802 80.
2241 748 2588 820 Παραίτησις
2637 748 2739 816 τῆς
2790 748 3051 818 δευτέρας
3094 751 3486 824 πατριαρχίας.
3520 750 3632 807 Ρο-

358 860 518 915 τορα,
547 843 704 907 ὄντος
729 846 787 897 ἐν
808 843 985 917 ταύτῃ
1009 848 1075 915 τῇ
1102 844 1346 913 φροντίδι
1366 845 1461 899 τοῦ
1484 847 1716 917 κόσμου,
1742 846 1818 915 μὴ
1837 845 1896 899 τᾶ

1498 847 1716 917 ιιότμου,
1742 846 1818 915 μὴ
1837 845 1947 899 τῶν
2046 842 2282 894 sterioris
2317 841 2716 909 patriarchatus
2747 841 3036 897 abdicatio.

364 937 658 1007 πρωτείων
690 937 862 1007 ἑτέρῳ
897 940 1269 1007 παραχωρεῖν,
1297 938 1427 1008 περὶ
1456 937 1553 991 τοῦ
1588 937 1948 1002 ἀκουσθέντος
2119 930 2212 986 81.
2248 933 2372 996 Τοῖς
2416 935 2738 1002 ἱερωτάτοις
2791 935 3108 1006 ἀρχιερεῦσι
3159 935 3320 1001 θεοῦ,
3369 938 3467 991 καὶ
3513 938 3628 1002 τοῖς

364 1033 500 1102 αὐτῇ
550 1031 894 1094 ἀπολωλότος
936 1031 1240 1099 προὸάτου.
1294 1032 1514 1088 Titulus
1560 1033 1902 1088 inconcinna:

2089 1022 2422 1089 νδοξοτάτοις
2452 1026 2569 1087 τοῖς
2600 1026 2701 1095 τῆς
2762 1027 3071 1096 συγκλήτου
3116 1026 3336 1096 βουλῆς,
3391 1030 3627 1090 καὶτοῖς

363 1123 611 1194 Epistola
667 1124 722 1177 in
766 1125 1069 1194 gratiarum
1122 1127 1383 1180 actionem
1429 1126 1502 1181 ad
1548 1127 1901 1193 imperatoren

2087 1118 2420 1187 ντιμοτάτοις
2443 1116 2539 1170 τοῦ
2572 1118 2776 1188 κλήρου
2807 1119 3017 1188 ἱερεῦσι
3048 1120 3142 1173 καὶ
3168 1121 3486 1188 μονάζουσι,
3512 1124 3625 1184 τοις

365 1218 520 1284 Quod
548 1235 667 1272 cum
708 1219 760 1270 in
810 1226 964 1271 tanta
996 1219 1347 1291 mundi.cura
1383 1220 1699 1274 constitutus
1726 1221 1816 1283 sit,
1845 1237 1903 1274 no

2091 1226 2112 1263 ε
2170 1211 2649 1279 στρατευομένοις,
2686 1213 2782 1266 καὶ
2831 1214 2946 1274 τοῖς
2993 1215 3093 1280 τῆς
3145 1214 3427 1272 πολιτείας
3464 1216 3629 1265 πλου-

366 1314 523 1367 alteri
550 1316 753 1381 primas
783 1312 1055 1377 detulerit,
1098 1312 1152 1366 in
1195 1313 1491 1367 reducenda
1540 1329 1629 1368 ovs
1660 1330 1823 1385 quam
1855 1330 1904 1384 pt

2093 1303 2195 1365 ίοις
2217 1320 2276 1356 τε
2314 1306 2409 1357 καὶ
2466 1305 2787 1374 πενομένοις
2844 1309 2938 1359 καὶ
2986 1306 3220 1375 ἀνδράσι
3265 1309 3360 1361 καὶ
3412 1305 3630 1374 γυναιξὶ

366 1407 521 1461 riisse
549 1407 818 1461 audierat.
2053 1396 2190 1447 πᾶσι
2213 1394 2479 1463 διηνεκῶς
2517 1394 2874 1465 χορηγεῖσθαι
2905 1395 2967 1447 τὸ
3013 1394 3110 1448 τοῦ
3148 1395 3285 1448 Θεοῦ
3321 1396 3631 1462 ἐπεύχομαι

437 1498 528 1551 75.
562 1497 807 1566 Γράμμα
851 1496 985 1568 περὶ
1019 1497 1271 1568 μοναχῶν
1299 1495 1409 1550 τῶν
1438 1494 1818 1565 καταπάτημα
1841 1494 1951 1551 τῶν

2092 1487 2222 1547 λεος.
2278 1485 2645 1541 Sanctissimis
2705 1488 2803 1541 Dei
2851 1488 3189 1558 praesulibus,
3251 1487 3630 1559 gloriosissimo

367 1589 529 1644 Θείων
560 1594 804 1644 κανόνων
829 1590 1015 1645 ἑκοντὶ
1041 1592 1463 1662 αίρετισάντων,
1497 1590 1593 1643 καὶ
1640 1589 1905 1657 άποιρυγόπ

2095 1581 2285 1643 matui,
2314 1591 2362 1632 et
2400 1580 2823 1634 Itonoratissimis
2845 1598 2872 1634 e
2902 1580 3040 1635 clero
3060 1577 3420 1637 sacerdotibus
3453 1588 3503 1633 et
3527 1595 3633 1632 mo-

366 1699 478 1735 των
508 1684 609 1749 τῆς
638 1682 849 1747 οἰκείας
899 1684 1088 1753 μονῆς.
1135 1681 1380 1754 Epistola
1420 1682 1485 1736 de
1516 1683 1809 1745 monachis,
1860 1698 1904 1752 q:

2094 1673 2277 1736 acltis;
2312 1674 2373 1728 iis
2405 1674 2569 1727 etiam
2606 1675 2697 1743 qui
2748 1675 3000 1729 militiam
3038 1676 3304 1737 exercent,
3345 1689 3408 1727 ac
3438 1673 3631 1727 civibus

369 1773 593 1827 arbitrio
623 1791 718 1828 suo
752 1791 933 1830 sacros
967 1791 1196 1829 canones
1242 1774 1640 1840 conculcarunt,
1674 1782 1722 1827 et
1762 1791 1794 1829 a
1841 1790 1952 1828 mo-
2055 1766 2300 1820 divitibus
2331 1766 2750 1838 pauperibttsque
2780 1770 2907 1823 utris
2957 1777 3006 1823 et
3054 1767 3357 1823 mulieribus
3390 1765 3631 1820 omnibus

370 1869 604 1922 nauem-0
636 1886 732 1923 δυο
755 1870 1100 1940 “fugam”.
1982 1924 2025 1940 ﬁ
2055 1857 2154 1912 Del
2185 1859 2602 1913 misericordiam
2624 1860 2863 1929 conferri
2894 1862 3152 1932 supplico.

443 1960 529 2014 76.
570 1924 997 2030 [‘pdpgzlﬁjob;
1027 1961 1120 2012 τὸν
1168 1959 1578 2030 αὑτοκράτορα,
1613 1956 1675 2013 τὸ
1711 1959 1951 2030 ἀνηρτῆ-
1982 1924 2026 1980 Β
2129 1949 2219 2005 82.
2249 1950 2492 2021 Γράμμα
2522 1924 2820 2023 σταλὲντῷ
2848 1924 3082 2006 ἐπὶτῶν
3109 1954 3350 2023 δεήσεων
3378 1952 3508 2024 περὶ
3528 1953 3630 2014 τὰς

376 2051 504 2105 σθαι
548 2054 691 2121 μετὰ
722 2054 854 2105 Θεὸν
884 2052 983 2106 ὅσα
1010 2053 1074 2123 δὴ
1105 2051 1258 2118 δεξιὰ
1291 2053 1387 2105 καὶ
1415 2050 1674 2121 εὐώνυμα
1702 2051 1773 2104 τὰ
1806 2052 1950 2105 κατὰ
2055 2043 2295 2114 ψήφους.
2337 2044 2404 2108 ἃς
2433 2047 2769 2114 πεποιήκπσι
2807 2045 2897 2099 διὰ
2920 2048 3013 2099 τὸν
3041 2047 3304 2111 κυξίκουι
3334 2045 3482 2109 ὅπως
3510 2062 3633 2098 ποι·-

374 2141 593 2211 πνεῦμα
647 2145 841 2216 πατρί.
882 2143 1127 2215 Epistola
1169 2146 1239 2199 ad
1289 2144 1686 2213 imperatorem,
1722 2155 1779 2195 ut
1838 2158 1912 2213 po:

2093 2137 2209 2189 ῡσιν
2234 2138 2399 2190 αὐτὸν
2429 2138 2804 2207 πιτριάρχην.
2837 2137 3083 2209 Epistola
3124 2140 3193 2194 ad
3222 2139 3535 2210 magistrum
3568 2139 3631 2193 li-

374 2231 545 2286 Deum
569 2235 677 2287 sive
728 2236 784 2288 in
835 2235 1036 2289 dextris
1065 2236 1171 2290 sive
1227 2236 1285 2289 in
1311 2234 1543 2289 sinistris
1575 2248 1607 2285 a
1658 2232 1951 2300 spiritualis
2060 2227 2318 2284 bellorum
2347 2231 2664 2302 supplicum.
2701 2232 2767 2285 de
2819 2232 3072 2289 electione
3123 2250 3227 2305 qua
3279 2244 3485 2289 creatus
3537 2251 3634 2306 pa-

369 2328 537 2396 ptttris
564 2335 697 2380 nutu
728 2328 971 2399 pendeat.
2060 2326 2293 2381 triarclta
2326 2328 2502 2396 fuerat
2535 2330 2805 2399 episcOpus
2833 2329 3031 2401 Cyzici.

445 2418 532 2474 77.
567 2420 807 2489 Γράμμα
835 2421 973 2491 πρὸς
1004 2422 1095 2475 τὸν
1126 2421 1507 2494 αὐτοκράτορα
1535 2423 1664 2495 περὶ
1697 2421 1792 2478 τοῦ
1819 2421 1951 2476 ἀναν

2131 2416 2220 2471 85.
2255 2419 2496 2488 Γράμμα
2532 2421 2933 2490 ἀνεπίγραφον.
2993 2438 3089 2478 seu
3139 2423 3529 2495 fragmentum,
3576 2422 3631 2479 in

373 2510 700 2581 θεωρεῖσθαι
724 2514 794 2566 τὰ
825 2514 934 2567 τῶν
961 2517 1325 2584 γεννημάτων
1358 2518 1455 2570 καὶ
1480 2518 1664 2586 ἄρτων
1692 2513 1835 2571 εἶναι
1869 2515 1911 2568 εἰ

2099 2526 2167 2565 uo
2209 2525 2500 2569 accusatus
2527 2514 2605 2584 (1)
2642 2516 2891 2585 pontifex
2938 2526 3202 2585 provocat
3231 2517 3297 2571 ad
3340 2516 3635 2589 synodum,

371 2604 589 2658 δικαίαν
618 2604 904 2676 ἔξὼνησιν.
944 2607 1185 2676 Epistola
1226 2610 1297 2663 ad
1329 2610 1726 2680 imperatorem,
1749 2620 1954 2681 utpro-
2059 2611 2120 2657 ut
2144 2603 2189 2657 si
2229 2604 2460 2659 crimina
2492 2608 2706 2677 objecta
2755 2623 2879 2663 vera
2910 2624 3033 2664 eSse
3070 2619 3273 2678 pateat.
3322 2610 3636 2681 deponatur

372 2699 541 2752 videat
574 2700 842 2770 fructuum
871 2710 921 2755 et
954 2703 1108 2771 panis
1135 2702 1487 2757 venditionem
1519 2704 1725 2774 justam
1757 2718 1888 2757 esse.
2058 2705 2115 2750 et
2144 2696 2509 2765 ignominiosa
2545 2702 2834 2772 ejiciatur;
2871 2702 2956 2757 sin
2985 2705 3187 2765 minus.
3221 2702 3493 2758 delatores
3530 2717 3634 2773 pu-

448 2789 536 2845 78.
572 2792 811 2860 l‘pdp;ta
841 2791 1109 2863 διεγεῖρον
1144 2792 1389 2862 βασιλεῖς
1419 2794 1514 2846 καὶ
1542 2792 1816 2863 ἄρχοντας
1857 2792 1952 2845 καὶ

767 2809 811 2844 ηα
841 2791 1109 2863 διεγεῖρον
1144 2792 1389 2862 βασιλεῖς
1419 2794 1514 2846 καὶ
1542 2792 1816 2863 ἄρχοντας
1857 2792 1952 2845 καὶ
2061 2789 2305 2845 niantur.

379 2886 489 2937 πᾶν
523 2885 584 2938 τὸ
631 2886 872 2951 ὑπήκοον
924 2887 1063 2955 πρὸς
1112 2888 1454 2957 ἐπιστροφὴν
1500 2886 1635 2956 πρὸς
1676 2885 1812 2937 Θεὸν
1858 2882 1955 2938 καὶ
2132 2881 2220 2937 84.
2255 2884 2498 2956 Γράμμα
2535 2889 2662 2959 περὶ
2700 2887 2795 2942 τοῦ
2833 2888 2951 2952 πῶς
2981 2888 3073 2942 καὶ
3115 2888 3260 2942 διατι
3290 2887 3359 2941 τὰ
3389 2887 3496 2941 τῶν
3533 2904 3637 2941 πα-

379 2977 690 3043 μετάνοιαν.
724 2976 963 3041 Epistola
1006 2995 1113 3048 qua
1160 2979 1527 3046 imperatores,
1584 2978 1845 3047 principes
1903 2993 1917 3028 ι

2094 2977 2393 3047 ιαιτήσεων,
2432 2980 2530 3046 τῆς
2561 2979 2809 3051 πρώτης,
2845 2984 3013 3051 φημὶ,
3064 2983 3160 3036 καὶ
3191 2982 3294 3050 τῆς
3350 2980 3632 3053 δευτέρας,

377 3084 555 3124 omnes
606 3071 801 3125 subditi
837 3071 907 3124 ad
951 3071 1341 3127 conuersionem
1387 3079 1437 3125 et
1485 3070 1554 3123 ad
1592 3069 1951 3139 paenitentiam
2060 3068 2333 3136 ιγένοντο.
2388 3070 2656 3138 Epistolu.
2728 3073 2999 3138 Quomodo
3049 3084 3099 3128 et
3150 3091 3317 3143 quare
3371 3076 3547 3145 prima
3585 3085 3635 3128 et

376 3165 697 3222 excitantur.
2056 3162 2290 3216 secunda
2314 3166 2713 3231 patriarchatus
2742 3168 3007 3224 abdicatto
3030 3169 3174 3241 facta
3207 3171 3300 3226 sit.

446 3356 527 3411 Ex
567 3354 673 3409 illis
698 3363 878 3410 autem
933 3351 1225 3408 duodecim
1271 3349 1523 3421 epistolis
1556 3350 1623 3405 ad
1680 3348 2091 3418 imperatorem,
2124 3363 2263 3419 quas
2297 3351 2459 3421 paulo
2492 3352 2751 3421 superius
2779 3354 3180 3420 recensuimus,
3233 3356 3303 3414 de
3353 3357 3633 3416 resiliendi

375 3444 698 3502 necessitate
728 3441 986 3497 omnibus
1020 3441 1294 3510 episcopis
1320 3439 1670 3510 imponenda,
1707 3448 1821 3494 tres
1856 3437 2018 3491 editze
2047 3435 2199 3491 fuere
2240 3453 2271 3492 a
2304 3439 2635 3502 Turrianno.
2662 3440 2856 3499 Latine
2892 3454 3101 3497 tantum
3125 3485 3140 3507 .
3178 3443 3472 3503 Florentizc
3509 3458 3638 3519 post

374 3535 578 3590 librum
611 3532 680 3586 de
708 3529 1004 3585 residentia
1031 3538 1310 3598 pastorum
1339 3544 1356 3594 ;
1385 3545 1507 3582 nam
1538 3529 1780 3598 quinque
1810 3525 1943 3595 alia:
1971 3523 2254 3580 Athanasii
2300 3526 2549 3594 epistolae
2577 3528 2822 3598 ejusdem
2862 3532 3193 3597 argumenti.
3245 3532 3382 3602 Quas
3431 3536 3636 3593 ibidem

376 3623 548 3678 edidit
587 3620 894 3675 Turrianus
939 3617 1131 3672 Latine
1180 3626 1413 3681 tantum,
1458 3632 1566 3670 non
1605 3615 1980 3685 [reperiuntur
2023 3611 2168 3666 inter
2195 3613 2457 3681 epistolas
2509 3616 2792 3671 Athanasii
2848 3618 2903 3671 in
2947 3618 3169 3673 laudato
3200 3622 3387 3677 codice
3439 3623 3635 3694 Regio.

378 3709 634 3764 Turriani
695 3719 875 3763 autem
942 3706 1196 3761 Latinum
1252 3706 1419 3760 trium
1466 3705 1683 3759 illarum
1738 3701 2115 3769 epistolarum,
2166 3702 2350 3756 verius
2386 3704 2590 3758 dixeris
2644 3705 3019 3774 paraphrasim
3079 3723 3244 3776 quant
3300 3711 3635 3769 versionem.

377 3799 790 3854 Ahdieationem
830 3796 1029 3866 prioris
1058 3795 1460 3864 patriarcltatus
1513 3790 1817 3853 Athanasii,
1863 3804 1915 3841 tn

2114 3789 2454 3860 παραίτησιν
2484 3793 2582 3861 τῆς
2605 3792 2871 3862 δευτέρας
2915 3798 3287 3866 πατριάρχίας
3323 3800 3490 3852 αὐτοῦ
3530 3801 3632 3855 Ita-

380 3892 474 3947 bes
500 3892 673 3945 editas
707 3905 737 3943 a
783 3888 1034 3942 Boivinio
1066 3887 1121 3941 itt
1179 3885 1334 3941 Notis
1365 3883 1429 3938 ad
1493 3882 1790 3952 Gregoram
1820 3880 2007 3936 Graec
2058 3886 2264 3932 tantum
2292 3917 2308 3941 ,
2344 3879 2436 3934 ubi
2467 3880 2632 3935 etiam
2697 3883 2971 3951 reperitur
3010 3884 3217 3939 editum
3269 3888 3635 3958 fragmentum

378 3980 526 4035 illius
556 3978 807 4047 Epistula:
828 3976 1133 4038 Athanasii,
1166 3975 1292 4045 περὶ
1316 3972 1409 4028 τοῦ
1442 3971 1559 4033 πῶς
1585 3973 1675 4022 καὶ
1701 3971 1841 4021 διατι
1876 3986 1916 4018 τ.

2136 3971 2526 4039 παραιτήσεων
2550 4012 2563 4035 ,
2623 3971 2725 4035 τῆς
2753 3973 2999 4041 πρώτης,
3028 3977 3194 4043 φημὶ,
3223 3979 3321 4029 καὶ
3352 3978 3639 4047 δευτέρας,

380 4069 657 4136 ἐγένοντο.
694 4064 806 4120 Nos
854 4075 1036 4119 autem
1088 4072 1200 4117 tres
1252 4060 1511 4132 epistolas
1548 4058 1793 4130 ejusdem
1842 4055 2128 4111 Athanasii
2171 4059 2232 4110 de
2284 4056 2486 4112 Judais
2534 4058 2661 4112 urbe
2718 4059 2975 4128 pellendis
3010 4077 3173 4131 supra
3205 4064 3303 4118 lib.
3339 4080 3398 4130 tt,
3450 4065 3640 4122 Graec

384 4164 595 4212 tantum
624 4156 920 4208 edidimus.
953 4152 1112 4207 Libet
1150 4160 1331 4205 autem
1357 4148 1517 4203 nobis
1548 4148 1637 4201 hic
1668 4144 1981 4200 exscribere
2031 4143 2452 4210 abdicationem
2485 4147 2685 4217 prioris
2715 4149 3115 4216 patriarcltatus
3150 4152 3455 4215 Athanasii.
3509 4168 3640 4210 cum

381 4256 567 4301 n:,stra
608 4242 797 4298 Latina
822 4242 1118 4302 versione;
1151 4254 1277 4292 nam
1338 4252 1406 4291 es
1454 4250 1519 4288 ea
1549 4242 1797 4303 apparet,
1827 4231 2189 4285 Athanasium
2227 4232 2512 4288 abdicasse
2566 4236 3000 4303 patriarchatutn
3038 4238 3337 4295 indictione
3362 4244 3637 4311 septima,

382 4335 489 4390 hoc
518 4344 623 4398 est,
656 4348 798 4385 anno
824 4329 1028 4385 Christi
1068 4326 1220 4388 1295,
1259 4334 1318 4378 ut
1339 4340 1502 4393 supra
1528 4339 1594 4376 ex
1623 4321 1955 4391 Pacltymere
1985 4319 2264 4386 diximus;
2299 4321 2395 4390 qui
2448 4332 2710 4392 praeterea
2741 4326 2978 4395 scriptor
3006 4327 3287 4398 subjungit
3317 4330 3368 4384 id
3428 4331 3636 4386 factum

382 4425 471 4481 die
500 4424 711 4478 decima
742 4432 892 4475 sexta
922 4417 1124 4472 mensis
1149 4414 1425 4469 Octobris.
1489 4411 1678 4466 Refert
1721 4419 1777 4463 et
1830 4406 2194 4499 Pachymeres
2250 4411 2588 4477 παραίτησιν
2636 4413 2839 4480 prioris
2876 4415 3278 4483 patriarcha,“
3327 4418 3641 4486 Athanasii.

384 4515 481 4570 sed
516 4514 571 4568 in
612 4511 798 4566 multis
829 4509 1047 4563 diversa
1079 4512 1162 4560 est
1189 4505 1258 4557 ab
1294 4503 1417 4566 hac,
1450 4515 1571 4570 quae
1594 4499 1673 4554 sic
1706 4496 1946 4551 habetur
1976 4496 2028 4552 in
2065 4498 2253 4551 codice
2283 4497 2456 4568 Regio
2492 4500 2618 4552 olim
2649 4498 3001 4558 Telleriano:

682 4624 958 4680 Abdicatio
1011 4621 1203 4692 prioris
1241 4616 1657 4687 patriarcltatus.
1981 4615 2028 4675 ο
2117 4615 2220 4681 Ha;

2117 4613 2491 4681 Παραίτησις
2522 4612 2631 4681 τῆς
2667 4614 2911 4683 πρώτης
2939 4622 3336 4690 πατριαρχΙας
3361 4622 3572 4680 αὐτοῦ.

451 4744 588 4800 Cum
625 4740 882 4796 Ecclesia:
912 4736 1117 4792 Christi
1157 4749 1372 4793 curam,
1405 4746 1470 4786 co
1512 4746 1623 4800 quo
1656 4730 1811 4783 novit
1835 4726 1955 4798 ipse

2210 4732 2247 4797 ες
2287 4729 2527 4799 Χριστοῦ
2573 4731 2899 4801 Ἐκκλησίας
2929 4728 3011 4797 οἷς
3060 4734 3224 4799 αὐτὸς
3252 4732 3361 4791 οἶδε
3407 4740 3645 4811 κρίμασι
3736 4776 3748 4783 —

380 4840 612 4913 judicio,
648 4834 1032 4904 suscepimus;
1059 4846 1182 4884 cum
1220 4830 1286 4884 iis
1324 4827 1621 4882 Ecclesiam
1659 4825 1778 4893 ejus
1810 4822 1918 4878 scin

2107 4818 2164 4892 ὴν
2195 4824 2454 4891 φροντίδα
2509 4822 2950 4893 δεξάμενοινοὺκ
2999 4826 3502 4900 ὲξησφαλίσθημεν,
3544 4835 3645 4890 τοῦ

383 4935 518 4991 dere
546 4930 804 4985 volebant
832 4924 1247 4981 contumeliosis
1266 4920 1583 4976 hominibus
1601 4916 1921 4971 ulciscendis

2113 4915 2208 4980 ήτε
2239 4915 2368 4978 τοὺς
2396 4917 2753 4984 σχιζομένους
2787 4919 2885 4986 τῆς
2928 4920 3249 4991 Ἐκκλησίας
3283 4925 3520 4992 Χριστοῦ
3547 4929 3648 4983 καί⁵

387 5036 502 5080 tum
524 5020 868 5094 depellendis
903 5019 970 5072 iis
1000 5015 1094 5080 qui
1126 5015 1181 5068 in
1214 5013 1533 5082 impuritate
1559 5050 1573 5072 .
1598 5008 1867 5064 adulterio
1903 5021 1925 5062 e

2109 5004 2331 5073 ὁριστὰς
2375 5006 2543 5059 αὐτοῦ
2581 5011 2869 5077 τιμωρεῖν,
2905 5011 3044 5080 μήτε
3084 5012 3213 5075 ’τοὺς
3246 5013 3647 5085 ἁκαθαρσίαις,

384 5117 747 5174 fornicatione
788 5109 1121 5183 deprehensi
1157 5107 1393 5172 fuerant,
1442 5120 1551 5162 non
1584 5104 1788 5159 frustra
1827 5116 1922 5172 ope

2110 5094 2348 5164 ,οιχείαις
2379 5111 2438 5148 τε
2465 5097 2561 5149 καὶ
2593 5098 2874 5168 πορνείαις
2913 5100 3221 5165 ἑαλωκότας
3251 5105 3648 5174 ἁναχαιτίζειν.

384 5229 500 5268 ram
535 5210 841 5281 posuimus.
872 5204 1250 5275 lgnoravimus
1266 5211 1449 5255 autem
1480 5196 1761 5268 improbos
1793 5209 1922 5265 quos

2111 5188 2466 5258 Ηγνοήσαμεν
2496 5190 2554 5241 δὲ
2607 5191 2688 5244 ὅτι
2720 5191 2819 5244 καὶ
2877 5191 2946 5245 τὰ
2995 5196 3210 5266 πονηρά
3262 5198 3385 5250 ἀντὶ
3420 5200 3649 5267 ἀγαθῶν

384 5306 509 5360 dant
542 5303 679 5357 mala
715 5314 814 5371 pro
850 5297 1010 5351 nobis
1040 5294 1341 5364 rependere
1374 5291 1442 5345 iis
1464 5293 1555 5361 qui
1584 5290 1922 5361 principatut

2111 5283 2447 5351 ντιοτρόφως
2476 5284 2525 5335 οἱ
2556 5283 2752 5353 φαῦλοι
2778 5286 3187 5341 ἀνταποδιδόναι
3217 5291 3329 5353 τοῖς
3360 5290 3649 5361 ἄρχουσιν,

384 5398 658 5455 obtinent.
698 5391 825 5462 quia
859 5404 916 5443 se
954 5387 1021 5441 ad
1066 5387 1232 5441 vitam
1263 5381 1565 5438 secundum
1595 5380 1769 5451 legem
1795 5394 1922 5449 agen

2120 5393 2145 5435 ς
2179 5376 2422 5444 ἐννόμως
2453 5376 2552 5443 ζῇν
2599 5377 3013 5444 ἀναγκάζοντας
3044 5379 3145 5450 (2).
3190 5380 3400 5447 Καιροῦ
3446 5382 3652 5452 δραξά-

386 5494 509 5560 dam
544 5485 875 5558 compellent
911 5499 927 5537 :
965 5481 1040 5536 illi
1086 5479 1233 5535 enim
1260 5480 1525 5532 immanes
1574 5475 1830 5530 homines
1869 5490 1924 5527 ar

2118 5488 2252 5537 ενοι,
2300 5473 2531 5540 ἀπηνεῖς
2573 5473 2999 5542 εἰσπράττονται
3052 5475 3207 5540 δίκας
3238 5477 3437 5540 αὐτοὺς
3474 5479 3530 5530 ἐν
3565 5472 3652 5541 οἷς

384 5592 538 5654 repta
563 5579 851 5637 occasione
888 5575 1036 5645 ipsos
1067 5573 1122 5628 in
1151 5573 1241 5644 jus
1261 5579 1480 5634 vocant,
1503 5569 1570 5623 de
1604 5566 1922 5621 administra

2113 5585 2203 5622 oss
2230 5568 2538 5640 διῳκήκασι
2569 5582 2583 5600 ο
2610 5570 2706 5622 καὶ
2746 5570 2918 5623 ταῦτα
2951 5570 3083 5640 μηδὲ
3111 5574 3222 5634 τοῖς
3251 5571 3537 5640 ἐνεργοῦσι
3567 5573 3651 5644 t3)

387 5682 536 5731 tione
582 5689 701 5728 sua.
753 5671 890 5725 Cum
922 5680 1104 5723 tamen
1157 5666 1193 5721 ii
1242 5666 1335 5735 qui
1360 5663 1522 5718 hodie
1572 5662 1822 5732 publicas
1872 5674 1925 5714 re

2113 5663 2316 5732 ήμερον
2364 5662 2434 5715 τὰ
2483 5661 2741 5727 δημόσια,
2777 5662 3037 5725 τοιαύτας
3096 5665 3155 5715 ὲν
3203 5656 3283 5726 οἷς
3330 5665 3651 5734 ἐνήργησαν

387 5768 792 5828 administrant,
826 5776 935 5819 non
984 5762 1118 5818 tales
1149 5761 1205 5815 in
1239 5756 1716 5814 administratione
1745 5770 1841 5809 sua
1873 5768 1925 5807 at

2114 5753 2390 5823 πεχὸντων
2439 5750 2691 5817 εὐθύνας,
2744 5751 2842 5805 ὅσα
2898 5754 2930 5824 ἢ
2979 5753 3310 5826 κακοτρόπῳ
3358 5754 3575 5825 γνώμῃ,
3610 5755 3649 5826 ἦ

462 5887 534 5953 (i)
559 5883 673 5953 Ipse
700 5884 910 5939 scilicet
940 5879 1290 5953 Athanasius.

2148 5867 2221 5936 (5)
2263 5865 2366 5920 Pro
2397 5862 2504 5919 τῶν
2536 5863 2919 5933 ἐνεργούντων.

466 5948 540 6017 ω’)
564 5948 665 6011 Pro
694 5955 1065 6019 λνιγκάξονσι
1099 5952 1181 6005 \cl
1223 5948 1649 6017 ἀναγκάζονται.
2014 5972 2045 5985 ς
