3894 6498
240 377 330 442 (Si
1292 392 1293 395 ‘
1650 381 2068 445 EPISTOLE.
2206 415 2230 441 ι

3387 394 3495 456 4δέ

239 492 420 564 ἀγνοίᾳ
473 491 615 547 κατά
647 493 741 549 τοῦ
793 495 1004 549 δικαίου
1053 496 1539 567 πεπαρῳνήκασιν.
1582 495 1746 559 ⁹Δλὶσ,
1776 493 1804 547 ἃ

1925 492 2156 547 cusandi
2186 508 2382 549 causas
2426 495 2719 565 dederint;
2751 499 2941 569 quales
2984 500 3060 557 illi
3111 503 3226 559 sive
3265 517 3332 559 ex
3385 505 3491 560 im-

238 587 330 640 τῶν
362 585 511 656 ἐμῶν
555 587 743 640 κακῶν
772 628 787 654 ,
817 587 893 650 ὡς
929 589 1063 659 μηδὲ
1112 589 1217 643 κᾶν
1249 589 1339 643 ίσα
1372 590 1585 652 τούτοις
1614 588 1803 654 ἐξισω-

238 676 382 743 θῆναι
430 678 526 730 καὶ
584 679 653 730 τὰ
685 679 930 749 ἡμέτερα
962 682 975 734 !
1009 683 1118 735 Καὶ
1176 683 1225 735 εἰ
1279 682 1372 736 καὶ
1409 683 1573 736 πόθεν
1626 682 1804 737 ταῦτα

238 768 461 837 ιπῆλθεν
494 770 626 838 ἡμῖν
658 770 828 839 ἄδηλα
867 773 979 834 τοῖς
1011 772 1252 836 πολλοῖς,
1282 773 1401 827 ἀλλ’
1433 775 1554 845 οὐχὶ
1590 775 1684 828 καὶ
1725 773 1804 845 τῷ

196 861 365 929 ’Θεῷ.
410 864 467 915 Ὀ
502 863 612 932 γὰρ
661 862 832 917 εἰπὼν
880 865 1409 936 παρρησιασάμενος
1460 868 1600 937 πρὸς
1648 867 1801 932 Θεὸν,

246 972 264 1004 ι
306 953 364 1007 '0
393 953 553 1023 ζῆλος
600 953 693 1006 τοῦ
735 954 887 1008 οἴκου
924 973 1018 1009 σου
1055 961 1331 1027 κατέφαγε
1376 977 1467 1029 με,
1504 980 1523 1013 ι
1558 956 1680 1013 εἷπε
1708 961 1803 1014 καὶ

238 1042 311 1109 τὸ,
347 1061 365 1095 ι
408 1044 471 1096 0i
524 1044 822 1113 ὀνειδισμοὶ
877 1046 984 1098 τῶν
1017 1047 1390 1114 ὀνειδιζόντων
1440 1066 1500 1102 σε
1533 1051 1805 1106 ἐπέπεσον

246 1135 324 1189 ἐπ’
353 1137 473 1203 ἐμὲ.
514 1155 534 1189 ι
585 1137 719 1190 Οὐδὲ
751 1139 861 1207 γὰρ
896 1140 1184 1209 ἡμετέρων
1233 1142 1395 1210 μόνον
1426 1145 1600 1197 ταῦτα
1630 1143 1806 1214 σφαλ-

244 1230 418 1300 μάτων
450 1231 779 1294 ἀντέκτισις.
819 1233 928 1287 Καὶ
960 1235 1117 1303 χάρις
1167 1235 1322 1305 Θεῷ·
1358 1239 1456 1291 καὶ
1507 1239 1668 1307 ἡμεῖς
1704 1239 1805 1308 μὲν

240 1322 416 1393 ἁδιικού
427 1342 577 1391 μενοι
600 1325 795 1388 οὕτως,
829 1329 928 1381 οῦκ
951 1328 1289 1391 ἀδικούμεθα
1308 1345 1322 1360 ⁸
1350 1332 1432 1384 ὅτι
1463 1331 1555 1384 τὸν
1581 1331 1654 1401 μὴ
1681 1332 1806 1384 ἐαυ-

240 1416 324 1468 τὸν
358 1416 648 1470 ἀδικοῦντα
692 1419 871 1482 οὐδεὶς
905 1420 1129 1474 δύναται
1165 1422 1521 1491 παραὸλάψαι
1547 1437 1559 1450 ·
1598 1425 1632 1495 ἡ
1678 1426 1804 1477 Ἐκ-

240 1508 428 1574 κλησία
457 1508 515 1560 δὲ
550 1510 709 1562 πάλιν
772 1511 1003 1581 ὑϐρίσθη
1049 1513 1143 1566 καὶ
1197 1513 1507 1583 ἐζημιώθη.
1535 1515 1632 1578 Τίς
1684 1515 1740 1568 δὲ
1771 1516 1805 1586 ἡ

241 1600 403 1669 ζημία
429 1618 443 1666 ;
474 1601 594 1654 Τῶν
630 1604 882 1673 μοναχῶν
930 1607 1021 1659 καὶ
1052 1607 1421 1676 μοναζουσῶν,
1452 1609 1548 1663 καὶ
1575 1609 1668 1662 τοῦ
1698 1609 1808 1662 λοι-

240 1691 335 1744 ποῦ
378 1693 776 1762 Χριστωνύμου
823 1695 974 1761 λαοῦ,
1011 1697 1120 1750 τῶν
1149 1698 1248 1766 μὲν
1295 1700 1462 1771 λόγῳ,
1486 1701 1594 1754 τῶν
1621 1701 1676 1754 δὲ
1712 1701 1806 1755 καί

241 1784 327 1855 βίᾳ
384 1786 696 1856 βλεψάντων
726 1788 862 1857 πρὸς
915 1790 977 1842 τὸ
1024 1792 1376 1861 σεμνότερον,
1407 1792 1484 1854 di,-
1548 1796 1802 1860 καταιγὶς

238 1853 401 1946 ὰγίριά
458 1853 654 1947 ἁθρόον
703 1853 1128 1947 ἐπεισπεσοῦσα,
1185 1883 1216 1953 ἡ
1258 1853 1393 1936 ’καθ’
1433 1885 1592 1954 ἡμῶν
1646 1853 1804 1957 ὕϐρις
1840 1853 1880 1911 Β

239 1971 371 2041 πρὸς
396 1972 466 2023 τὰ
492 1971 796 2042 σεμνότερα
825 1973 1070 2042 ἔτρεψεν.
1113 1975 1176 2027 Ἠ
1210 1976 1264 2027 δὲ
1318 1974 1474 2046 ῦὸρις
1502 1979 1593 2029 καὶ
1622 1978 1681 2030 τὸ
1712 1979 1809 2031 αύ-

237 2064 331 2131 τῆς
365 2063 629 2131 λυπηρὸν,
664 2066 724 2117 τὸ
756 2066 830 2134 μὴ
862 2067 1005 2119 κατὰ
1033 2069 1133 2137 τῆς
1159 2068 1339 2121 αὐτῶν
1376 2069 1453 2137 (1)
1486 2070 1807 2139 ὑπολήψεως

244 2156 421 2225 μόνον,
459 2160 550 2210 καὶ
600 2158 661 2211 τὸ
693 2158 875 2222 λίθους
921 2160 1195 2230 κρατῆσαι
1257 2161 1440 2241 βαλεῖν
1491 2165 1657 2233 ἡμᾶς,
1712 2163 1808 2218 καὶ

240 2252 657 2322 ἀναθεματίσαι,
716 2255 809 2307 καὶ
869 2254 970 2308 ὅσα
1030 2256 1352 2326 σωματικῆς
1405 2258 1553 2310 ἐστιν
1598 2257 1808 2325 ὕϐρεως

240 2346 510 2406 ἐπειπεῖν,
533 2344 673 2410 ἀλλ’,
702 2344 848 2411 οῐμοι
875 2345 889 2398 i
942 2346 1067 2399 κατ’
1095 2346 1263 2399 αὑτοῦ
1312 2345 1405 2400 τοῦ
1438 2348 1804 2417 σεϐάσματος.

243 2439 328 2492 Διὸ
360 2439 456 2492 καὶ
510 2438 689 2509 φημί·
727 2439 786 2491 Εί
839 2440 1113 2509 ἐφρόνησα
1155 2439 1402 2503 πώποτε,
1448 2441 1481 2511 ἢ
1534 2442 1737 2509 φρονῶ,
1773 2441 1805 2507 ἢ

240 2538 491 2600 φρονήσω
540 2532 636 2599 τῆς
671 2532 836 2598 ἁγίας
870 2531 1112 2602 Χριστοῦ
1153 2533 1247 2585 τοῦ
1296 2532 1433 2585 Θεοῦ
1480 2533 1809 2604 Ἐκκλησίας

237 2623 513 2692 ἀλλότριον
560 2625 836 2695 φρόνημα.
866 2624 1113 2694 ἀνάθεμα
1165 2642 1257 2695 μοι
1301 2627 1408 2679 ἀπὸ
1439 2626 1678 2695 Χριστοῦ
1709 2626 1805 2679 τοῦ

236 2716 389 2776 Θεοῦ,
436 2719 528 2771 καὶ
559 2720 869 2772 παντανάθε
882 2736 979 2788 μα,
1010 2719 1106 2772 καὶ
1136 2719 1516 2787 κατανάθεμα.
1556 2719 1618 2772 Εἰ
1648 2720 1705 2773 δὲ
1732 2721 1809 2784 ὡς

237 2811 285 2862 oi
311 2810 408 2863 τοῦ
440 2810 648 2878 Κυρίου
698 2828 799 2878 μου
839 2812 1015 2880 ’ἰησςῦ
1045 2811 1409 2882 ἐδογμάτισαν
1449 2816 1543 2868 καὶ
1577 2817 1810 2885 παραδε-

234 2902 471 2956 δώκασιν
507 2905 653 2971 ἅγιοι
708 2905 947 2975 μαθηταὶ
982 2907 1075 2958 καὶ
1110 2906 1419 2970 ἀπόστολοι,
1470 2909 1565 2960 καὶ
1597 2907 1643 2960 oi
1687 2908 1809 2962 τού-

234 3010 342 3046 των
373 2994 609 3064 διάδοχοι
642 2995 893 3066 θεοφόροι
920 2997 1185 3061 Πατέρες,
1223 2999 1315 3049 καὶ
1341 2996 1415 3059 ὡς
1446 3001 1478 3068 ἡ
1514 2999 1645 3066 ἁγία
1691 3000 1809 3052 Ἐκ-

234 3085 435 3156 κλησία
474 3087 709 3153 Χριστοῦ
745 3090 839 3141 τοῦ
894 3088 1030 3142 Θεοῦ
1067 3090 1227 3160 ἡμῶν
1276 3092 1519 3156 ἐδέξατο,
1561 3093 1806 3147 πιστεύω

1907 584 2085 654 probo
2110 586 2296 641 animo
2324 588 2440 644 sive
2463 605 2529 644 ex
2581 591 2910 661 ignorantia,
2936 604 3129 650 contra
3175 597 3268 667 jus
3294 597 3528 667 fasque:

1906 684 1962 728 et
1994 689 2118 728 cum
2160 676 2348 733 furore
2409 678 2701 746 objiciunt.
2734 681 2864 747 Sed,
2912 699 2945 738 ο
3004 700 3188 740 meum
3252 670 3524 775 inform-1i

1905 765 2079 831 nium,
2113 772 2260 836 quod
2297 780 2484 824 nostra
2513 771 2622 825 illic
2652 787 2754 827 nec
2806 774 2954 841 paria
2981 790 3082 829 nec
3114 777 3486 845 comparanda

1905 858 2055 913 sint!
2102 858 2180 914 Ac
2209 860 2422 917 etiamsi
2452 862 2639 918 multis
2666 863 2912 934 ignotum
2947 867 3017 919 sit
3052 867 3196 921 unde
3244 869 3358 922 ha-c
3386 884 3491 923 no-
3524 867 3530 886 ⁵

1907 951 1994 1004 bis
2053 952 2398 1019 acciderint;
2452 962 2507 1008 at
2564 969 2674 1009 non
2726 956 2859 1012 Deo.
2894 957 3029 1012 Nam
3055 960 3149 1028 qui
3215 961 3326 1015 Deo
3364 954 3545 1029 cum}

1908 1041 2105 1098 ﬁducia
2138 1044 2321 1100 dicere
2348 1062 2515 1101 ausus
2536 1058 2639 1112 est,
2663 1068 2680 1099 ι
2703 1048 2865 1103 Zelus
2890 1050 3085 1106 domus
3118 1063 3221 1107 tuae
3249 1054 3489 1108 comedit

1907 1150 2015 1201 me,
2059 1156 2078 1189 ι
2111 1139 2157 1191 is
2181 1138 2296 1207 ipse
2336 1138 2494 1198 dixit.
2526 1156 2544 1191 ι
2572 1138 2636 1194 Ει
2684 1143 2979 1211 Opprohria
3031 1144 3488 1212 exprobrantium

1913 1227 2009 1281 tibi
2040 1228 2362 1283 ceciderunt
2400 1245 2566 1300 super
2615 1247 2724 1320 mf.
2751 1251 2771 1284 ι
2802 1233 2921 1287 Non
2977 1236 3124 1288 enim
3162 1236 3489 1290 delictorum

1909 1338 2155 1377 meorum
2186 1334 2396 1379 tantum
2436 1326 2551 1383 haec
2585 1329 2720 1382 ultio
2749 1329 2937 1394 fuerit,
2971 1347 3078 1399 qua
3111 1333 3177 1387 de
3202 1348 3259 1387 rc
3288 1333 3491 1403 gratias

1907 1431 2008 1485 ago
2047 1416 2156 1471 Deo
2183 1437 2198 1484 ;
2231 1436 2470 1489 namque
2501 1437 2603 1476 nos
2635 1423 2706 1477 ita
2727 1424 2837 1478 liesi
2869 1425 3003 1479 nihil
3039 1426 3291 1479 laedimur
3320 1445 3334 1490 ;
3359 1429 3489 1496 quia

1907 1507 1956 1560 ei
2022 1508 2114 1577 qui
2175 1524 2235 1564 se
2296 1512 2469 1578 ipsum
2506 1528 2616 1565 non
2640 1513 2807 1580 laedit,
2860 1530 3027 1570 nemo
3082 1532 3280 1570 neeere
3307 1519 3489 1581 valet;

1907 1586 2099 1653 verum
2139 1599 2382 1656 Ecclesia
2416 1607 2750 1659 contumelia
2768 1618 2821 1660 et
2853 1607 3272 1665 damnoiterum
3296 1607 3489 1663 ail‘ecta

1907 1700 2013 1746 est.
2045 1691 2333 1756 Quodnam
2376 1694 2507 1749 illud
2539 1696 2850 1751 damnum?
2879 1700 2931 1753 in
2965 1704 3266 1754 monachos
3300 1711 3355 1753 et
3377 1716 3488 1754 mo-

1911 1782 2098 1845 niales,
2137 1800 2199 1837 ac
2219 1785 2490 1855 reliquum
2525 1786 2895 1844 Christianum
2930 1794 3216 1861 populum,
3248 1808 3485 1862 quorum

1910 1872 1999 1925 alii
2035 1889 2310 1938 sermone,
2336 1877 2425 1929 alii
2456 1878 2540 1931 vel
2575 1878 2730 1932 inviti
2763 1879 2829 1932 ad
2871 1881 3192 1937 honestiora
3214 1893 3486 1952 spectant,

1910 1983 2008 2024 ceu
2045 1983 2184 2022 δεῖνα
2244 1969 2477 2038 ριόοοηιι
2524 1972 2813 2025 confertim
2868 1973 3152 2044 ingruens,
3203 1986 3491 2031 contume~

1910 2062 2309 2117 liamnostram
2337 2064 2391 2117 in
2425 2065 2824 2121 venerabiliora
2854 2070 3153 2123 convertit.
3191 2069 3492 2125 Contume-

1909 2155 1980 2209 lia
2007 2170 2172 2225 porro
2206 2155 2294 2209 illa
2326 2165 2379 2210 et
2411 2156 2631 2210 tristitia
2661 2157 2789 2212 hinc
2807 2171 3126 2227 consecuta,
3149 2178 3259 2216 non
3294 2171 3488 2217 contra

1909 2247 2108 2302 fatuam
2162 2247 2338 2301 Solum
2390 2260 2634 2303 nostram
2691 2252 2890 2321 vergit,
2932 2268 3113 2323 neque
3146 2264 3358 2309 tantum
3416 2270 3484 2311 eo

1910 2337 2167 2402 devenit,
2218 2348 2276 2392 ut
2317 2340 2551 2404 arreptis
2592 2340 2870 2410 lapidibus
2921 2359 3022 2397 nos
3075 2344 3401 2413 impeterent
3433 2355 3492 2401 et

1909 2430 2459 2497 anathematizarent,
2484 2447 2547 2486 ac
2572 2433 2870 2501 quamlibet
2897 2435 3201 2506 incorpore
3231 2438 3491 2509 injuriam

1912 2522 2017 2593 pati
2044 2533 2343 2593 cogerent;
2381 2523 2475 2578 sed
2507 2527 2693 2588 etiam,
2720 2541 2797 2580 vta
2829 2528 2962 2581 mihi
2989 2528 3000 2582 !
3030 2541 3220 2584 contra
3246 2541 3492 2586 nostram

1911 2614 1979 2670 de
2010 2614 2275 2685 religione
2307 2616 2632 2671 sententiam
2661 2619 2913 2673 vertitur.
2946 2619 3310 2686 Quamobrem
3337 2622 3488 2677 dico:

1915 2707 1959 2762 si
1989 2723 2230 2777 unquam
2289 2707 2477 2772 tenui,
2526 2708 2611 2763 Vel
2642 2708 2751 2778 jam
2787 2721 2967 2777 teneo,
3002 2712 3087 2766 vel
3118 2713 3174 2767 in
3213 2722 3494 2782 posterum

1912 2799 2132 2865 tenebo,
2179 2797 2420 2868 aliquam
2461 2815 2493 2854 a
2544 2810 2734 2856 sancta
2765 2802 2971 2860 Christi
3021 2811 3078 2859 et
3112 2804 3205 2859 Dei
3250 2803 3499 2872 Ecclesia,

1910 2890 2144 2945 alienam
2187 2892 2540 2954 sententiam,
2590 2894 2883 2948 anathema
2931 2895 3003 2951 sit
3041 2896 3173 2951 irihi
3208 2912 3238 2949 a
3274 2896 3495 2953 Christo

1909 2981 2054 3048 Deo;
2093 2983 2200 3035 imo
2232 2997 2390 3036 omne
2424 2984 2739 3047 anathema,
2798 2995 2853 3039 et
2901 2984 3080 3039 dirum
3143 2987 3437 3041 anathema
3469 3005 3484 3041 :

1910 3076 1951 3130 si
1987 3090 2117 3128 vero
2144 3076 2609 3145 quemadmodum
2647 3079 2821 3132 sancti
2868 3078 3128 3147 discipuli
3160 3090 3211 3134 et
3250 3081 3486 3150 apostoli

233 3182 325 3232 καὶ
355 3180 650 3246 προσκυνῶ
704 3181 794 3232 καὶ
822 3181 1054 3252 δέχομαι
1087 3184 1182 3235 καὶ
1225 3184 1545 3254 ἀσπάζομαι
1579 3187 1672 3238 καὶ
1705 3202 1804 3255 κη-

1914 3167 2124 3220 Domini
2186 3168 2291 3221 mei
2321 3166 2481 3231 Jesu,
2535 3178 2814 3222 eteorum
2871 3185 3221 3226 successores
3289 3172 3496 3229 Deiieri

231 3270 435 3339 ρύττω.
459 3271 527 3324 Ei'
543 3287 596 3325 τι
629 3272 685 3324 δὲ
709 3274 918 3343 ταύτης
952 3276 1145 3345 ἐχθρὸν
1168 3278 1261 3330 καὶ
1288 3278 1591 3348 ἀλλότριον,
1624 3295 1803 3346 παρα-

232 3363 441 3432 πέμπω
487 3364 562 3434 τῷ
614 3364 915 3434 ἁναθέματι
949 3383 965 3397 '
1002 3369 1052 3420 υί
1086 3369 1205 3422 κατ’
1247 3370 1384 3439 ἐμοῦ
1438 3371 1804 3442 ἀκονήσαντες

228 3456 502 3522 γλώσσας,
538 3459 631 3510 καὶ
660 3458 915 3521 τοιαύτας
938 3459 1130 3526 ἀθέους
1164 3464 1346 3530 φωνὰς
1384 3461 1804 3532 ὲξερευξάμενοι

226 3547 492 3618 διαϐολῆς
545 3552 637 3602 καὶ
684 3554 1070 3619 συκοφαντίας,
1125 3556 1458 3623 ὲκκήρυκτοι
1495 3556 1543 3608 οἱ
1574 3557 1805 3611 τοιοῦτοι

240 3641 573 3711 Ἐκκλησίας
604 3644 864 3712 Χριστοῦ,
913 3647 1006 3699 καὶ
1039 3646 1217 3719 ἀλύτῳ
1266 3649 1559 3719 ἁφορισμῷ
1607 3653 1671 3702 ὲκ
1705 3650 1804 3719 τῆς

228 3732 550 3805 ζωαρχικῆς
584 3737 834 3806 Τριὰδος,
865 3740 958 3791 καὶ
998 3741 1159 3810 ἡμεῖς
1189 3743 1390 3804 αὐτοὺς
1422 3741 1804 3810 ὑποϐάλλομεν

227 3824 327 3877 καὶ
358 3826 463 3895 ἀρᾷ
496 3827 859 3896 ἁναθέματος.
903 3830 1056 3883 Ἐπεὶ
1089 3831 1144 3884 δὲ
1196 3832 1359 3901 νόμος
1390 3835 1455 3904 τῇ
1507 3832 1804 3905 Ἐκκλησία

225 3916 473 3985 Χριστοῦ
499 3919 728 3979 ἑκόντας
764 3922 958 3991 ἄρχειν
989 3922 1245 3987 ἑκόντων,
1271 3925 1438 3992 ἡμεῖς
1466 3923 1525 3975 δὲ
1552 3924 1804 3978 δυναστι-

224 4012 342 4074 κῶς
401 4011 660 4081 ἐδόξαμεν
709 4012 923 4083 ἄρχειν,
980 4016 1074 4068 καὶ
1135 4015 1225 4068 διὰ
1286 4013 1443 4067 τοῦτο
1489 4017 1802 4079 ἀπώσαντο,

223 4104 589 4173 ἀπωσάμεν;ι
618 4106 713 4158 τοῦ
756 4107 1141 4177 ποιμαίνεσθαι
1173 4109 1267 4179 ὑφ’
1294 4111 1472 4181 ἡμῶν.
1519 4112 1614 4164 καὶ
1646 4112 1805 4180 ἡμεῖς

224 4198 547 4265 ποιμαίνειν
570 4198 769 4260 αὐτοὺς
792 4186 1233 4269 παραιτούμεθα,
1269 4202 1409 4255 κατὰ
1433 4202 1524 4256 τὸν
1560 4203 1804 4256 εἰπόνταο

226 4306 248 4339 ι
295 4289 503 4360 Κλήρῳ
549 4290 912 4361 ἀνυποτάκτῳ
954 4293 1047 4345 καὶ
1078 4291 1192 4363 λαῷ
1230 4294 1454 4346 ἀπειθεῖ
1497 4296 1806 4349 ἀποτάσσο-

221 4397 354 4449 μαι,
404 4399 425 4432 r
460 4382 712 4450 δεόμενος
744 4387 806 4435 ὲκ
834 4382 1012 4453 ψυχῆς
1045 4387 1179 4456 ἡμῖν
1216 4401 1276 4439 τε
1311 4387 1404 4439 καὶ
1435 4389 1615 4452 αὐτοῖς
1646 4387 1805 4441 ἵλεων

218 4476 451 4527 ἔσεσθαι
487 4476 577 4527 τὸν
604 4478 757 4528 Θεόν.
812 4476 892 4529 Τὰ
936 4477 991 4530 δὲ
1021 4479 1263 4549 ἡμέτερα
1312 4479 1498 4550 ἄγοιτο
1547 4481 1680 4534 ὅπου
1712 4482 1806 4535 καὶ

1914 3261 2123 3324 Patres,
2156 3273 2209 3315 et
2268 3270 2457 3315 sancta
2511 3255 2756 3316 Ecclesia
2793 3262 3002 3317 Christi
3039 3263 3132 3319 Dei
3170 3267 3367 3329 nostri,
3399 3265 3497 3322 do-

1913 3362 2150 3407 cuerunt
2179 3363 2231 3407 et
2255 3354 2622 3418 tradiderunt,
2655 3356 2728 3409 ita
2768 3370 2839 3408 cr.
2863 3355 2933 3410 do
2958 3398 2971 3421 ,
3020 3356 3134 3411 hate
3166 3357 3354 3422 adoro,
3384 3357 3498 3413 haec

1913 3446 2122 3513 recipio
2173 3454 2228 3500 et
2281 3446 2583 3515 amplector
2627 3456 2684 3501 et
2735 3448 3102 3517 pmdico:et
3157 3449 3363 3520 siquid
3414 3449 3493 3505 illi

1913 3538 2194 3591 inimicum
2226 3538 2532 3594 alienumve
2564 3549 2669 3607 est,
2701 3542 3038 3597 anathemati
3083 3544 3273 3610 trado;
3303 3545 3340 3599 ii
3397 3546 3494 3615 qui

1911 3631 2124 3701 linguas
2153 3647 2280 3686 suas
2307 3644 2499 3687 contra
2525 3649 2611 3688 me
2634 3646 2993 3700 cxacueruut,
3014 3644 3068 3691 et
3101 3637 3296 3707 impias
3336 3654 3497 3694 voces

1913 3725 2184 3779 calumnia
2210 3727 2642 3796 etschphantia
2679 3727 2865 3794 plenas
2916 3740 3320 3794 cvomuerunt,
3371 3746 3496 3799 pro-

1911 3816 2100 3884 scripti
2131 3826 2297 3870 sunto
2323 3831 2390 3870 ex
2436 3816 2679 3871 Ecclesia
2719 3816 2945 3883 Christi,
2994 3829 3157 3889 atque
3204 3835 3300 3876 eos
3351 3821 3498 3876 inso-

1911 3911 2066 3965 lubili
2098 3913 2655 3967 excommunicationi
2690 3928 2721 3967 a
2744 3914 2867 3969 vita:
2908 3915 3157 3984 principe
3201 3915 3494 3983 Trinitate,

1912 4021 1976 4060 ac
2030 4007 2323 4062 maledicto
2367 4008 2737 4064 anathematis
2790 4024 2890 4063 nos
2952 4009 3296 4080 subjieimus.
3350 4010 3497 4078 Quo-

1913 4099 2059 4154 niam
2087 4115 2220 4155 vero
2249 4116 2312 4155 ea
2340 4102 2426 4154 lex
2466 4101 2719 4156 Ecclesiae
2743 4101 2945 4157 Christi
2974 4144 2989 4169 ,
3032 4112 3091 4158 ut
3122 4104 3378 4159 iubentes
3414 4104 3497 4159 lu-

1913 4191 2173 4247 bentibus
2202 4191 2499 4261 imperent,
2544 4208 2647 4248 nos
2681 4210 2807 4249 vero
2858 4210 2982 4249 cum
3029 4196 3358 4250 auctoritate
3393 4196 3496 4252 visi

1913 4300 2105 4341 sumus
2138 4285 2447 4355 imperare,
2479 4294 2644 4355 atque
2698 4286 2822 4341 ideo
2862 4303 2962 4342 nos
2997 4287 3077 4343 illi
3137 4289 3497 4360 abjccerunt;

1914 4379 2111 4450 ahjecti
2140 4393 2241 4433 nos
2277 4379 2345 4434 ab
2385 4379 2496 4433 illis
2530 4394 2594 4433 ac
2622 4381 2861 4449 pastoris
2892 4380 3069 4437 oiiicio
3103 4381 3336 4453 depulsi,
3370 4383 3498 4440 illos

1914 4471 2150 4528 visissiin
2202 4486 2430 4541 pascere
2483 4487 2820 4535 recusamus,
2884 4476 3186 4528 secundum
3238 4490 3364 4530 eum
3401 4476 3497 4546 qui

218 4566 475 4637 βούλοιτο
496 4570 525 4619 ὁ
553 4570 610 4619 ἐν
638 4568 831 4639 Τριάδι
862 4570 1201 4640 ὑμνούμενος
1228 4572 1433 4644 Κύριος
1475 4574 1804 4645 πρεσϐείαις

1912 4564 2091 4620 dixit:
2130 4582 2148 4616 ι
2187 4564 2336 4620 Serti
2368 4580 2475 4620 non
2502 4564 2827 4634 obsequenti
2856 4575 2913 4621 et
2946 4567 3151 4637 pepulo
3189 4567 3378 4624 rebelli
3404 4584 3492 4623 re-

219 4661 322 4729 τῆς
357 4662 718 4733 Θεομήτορος,
776 4664 884 4716 τῶν
912 4664 1119 4732 νοερῶν
1152 4665 1287 4719 Θεοῦ
1333 4666 1669 4738 λειτουργῶν
1705 4668 1801 4722 καὶ

215 4756 452 4808 πάντων
479 4756 590 4807 τῶν
620 4758 715 4809 ἀπ’
751 4757 947 4819 αἰῶνος
974 4759 1147 4825 ἁγίων
1177 4760 1355 4829 ἡμῶν.
1396 4761 1505 4815 Καὶ
1529 4762 1579 4815 οἱ
1614 4763 1804 4833 ἀρχιεο

211 4852 364 4921 ρεῖς,
397 4851 446 4903 εί
475 4849 577 4919 μὲν
613 4851 910 4913 κανονικῶς
953 4848 1114 4903 εἶπαν
1146 4858 1239 4904 καὶ
1286 4853 1551 4923 ἔπραξαν,
1588 4853 1683 4905 καὶ
1713 4852 1799 4906 δι-

209 4944 398 5006 καίως
430 4960 532 5012 μου
562 4944 947 5014 ἀπεκόπησαν,
978 4944 1134 5007 ἵλεως
1165 4945 1336 5008 οὕτως
1369 4946 1398 4995 ὁ
1431 4944 1564 5009 Θεὸς
1590 4946 1676 5017 εἴη
1707 4947 1802 4999 καὶ

207 5039 412 5099 αὐτοῖς
438 5052 456 5066 ο
492 5037 541 5088 εί
575 5036 631 5088 δὲ
659 5038 759 5107 μὴ,
789 5041 901 5099 τοῖς
932 5037 1179 5108 ῥηθεῖσιν
1226 5039 1527 5107 ἐπιτιμίοις
1562 5038 1804 5092 ὑπεύθυ-

209 5150 297 5184 νοι
328 5131 602 5195 ἔστωσαν,
632 5133 727 5184 καὶ
758 5130 935 5198 αὐτοὶ,
960 5131 1053 5184 καὶ
1082 5130 1175 5195 οὒς
1196 5131 1412 5201 ψευδῶς
1441 5132 1802 5204 ύποσύρουσι,

205 5226 315 5278 καὶ
346 5223 442 5291 ὑφ’
471 5217 549 5276 ὧν
583 5224 1003 5295 παρεσύρησαν.
1042 5219 1187 5294 Εἶχε
1237 5224 1308 5279 δὲ
1340 5225 1441 5279 καὶ
1483 5226 1803 5289 Ἀθανὰσιος

207 5315 360 5384 ἐλέῳ
387 5312 523 5367 Θεοῦ
560 5315 992 5385 ἀρχιεπίσκοπος
1021 5317 1651 5382 Κωνσταντινουπόλεως
1675 5317 1804 5381 νέας

217 5407 459 5478 Ῥώμης
508 5410 603 5461 καὶ
655 5408 1037 5478 οίκουμενικὺς
1094 5410 1437 5481 πατριάρχης
1466 5410 1684 5466 Ἰνδικτ.
1737 5411 1804 5479 ζ’,

199 5499 344 5569 εἷχε
375 5500 473 5553 καὶ
498 5500 859 5569 μολιῢόινην
899 5501 1181 5565 ,ϐοῦλλαν
1219 5502 1674 5574 πατριαρχικὴν,
1705 5502 1808 5559 καὶ

200 5594 495 5647 κάτωθεν
544 5594 775 5648 ταῦτα·
829 5594 1055 5656 Τούτοις
1110 5596 1311 5665 στοιχῶ
1378 5595 1611 5651 ἐνώπιον
1665 5597 1803 5651 Θεοῦ

200 5690 310 5741 καὶ
344 5686 654 5758 ἀνθρώπων
676 5706 691 5721 ·
725 5688 937 5752 τούτοις
969 5688 1213 5758 ἐμμένω.
1255 5688 1323 5741 Ei
1344 5705 1395 5741 τι
1416 5688 1474 5741 δὲ
1504 5688 1634 5742 ἄλλο
1661 5688 1802 5742 εἴπω

282 5862 370 5924 (Ι)
414 5863 600 5924 Ἡςιῶν
631 5862 921 5927 legendum
957 5871 1013 5921 ut
1037 5864 1181 5925 apud
1211 5862 1621 5927 Pachymerem.

1912 4659 2128 4713 nuntio.
2154 4675 2172 4710 ι
2201 4657 2370 4713 Nobis
2400 4667 2583 4713 tamen
2605 4668 2661 4713 et
2693 4659 2826 4729 ipsis
2850 4661 3151 4731 propitium
3181 4675 3302 4717 esse
3328 4662 3499 4718 Deum

1904 4767 2121 4824 precor.
2152 4749 2346 4805 Nostra
2379 4766 2508 4806 vero
2556 4765 2665 4820 quo
2704 4753 2941 4806 voluerit
2992 4753 3228 4807 deducat
3291 4753 3385 4821 qui
3442 4754 3497 4809 in

1910 4843 2181 4898 Trinitate
2203 4840 2516 4897 celebratur
2541 4841 2824 4906 Dominus,
2854 4842 3115 4911 precibus
3159 4843 3251 4898 Dei
3285 4843 3497 4911 Matris,

1908 4935 2279 5007 spiritualium
2340 4934 2433 4988 Dei
2488 4934 2895 4997 ministrorum,
2942 4943 2999 4989 et
3045 4937 3289 4989 oniuium
3325 4937 3416 5005 qui
3469 4953 3500 4991 a

1912 5028 2112 5085 seculo
2156 5027 2381 5083 fuerunt
2440 5037 2752 5082 sanctorum
2810 5037 3147 5082 nostrormu.
3206 5027 3499 5086 Pontiﬁces

1914 5136 2047 5176 vero
2108 5120 2384 5190 siquidem
2429 5119 2694 5174 canonice
2742 5118 2984 5173 dixerint
3023 5127 3077 5173 et
3128 5118 3386 5186 fecerint,
3444 5132 3499 5178 et

1907 5215 2035 5286 jure
2066 5229 2186 5269 sese
2209 5229 2238 5266 a
2269 5228 2353 5267 me
2381 5211 2742 5281 segregarint,
2778 5209 3047 5280 propitius
3074 5210 3179 5266 illis
3212 5211 3283 5266 sit
3316 5212 3458 5267 Deus
3484 5231 3499 5280 ;

1913 5308 2000 5362 sin
2030 5306 2257 5374 “minus,
2308 5304 2581 5374 praedicta:
2640 5304 2835 5359 ultioni
2877 5303 3201 5374 subiaceant
3236 5313 3342 5359 tam
3397 5305 3498 5371 illi,

1917 5415 2080 5469 quam
2121 5399 2156 5453 ii
2185 5413 2324 5470 quos
2359 5396 2649 5453 fallacibus
2672 5397 2857 5453 verbis
2885 5398 3191 5462 abducunt,
3221 5409 3275 5454 et
3315 5414 3343 5456 a
3378 5399 3499 5469 qui-

1916 5491 2019 5545 bus
2041 5490 2282 5546 vicissim
2313 5489 2537 5545 abducti
2566 5499 2715 5545 sunt.
2744 5492 3076 5562 Sequebatur
3100 5492 3308 5557 deinde,
3333 5492 3493 5548 Atha-

1915 5584 2106 5639 nasius
2138 5582 2513 5638 misericordia
2542 5583 2639 5639 Dei
2684 5583 3135 5655 archicpiscoiius
3180 5582 3497 5640 Constanti-

1915 5677 2178 5749 nopoleos
2210 5692 2383 5749 novae,
2410 5676 2597 5733 Romae
2647 5687 2702 5734 et
2732 5677 3110 5736 mcumeuicus
3162 5676 3497 5749 patriarcha.
