  <div class='ocr_page' id='page_1' title='image "/cluster/home/n/w/nwhite01/storage/ocr_20150623/142/hvd.32044012457388/247.png"; bbox 0 0 3894 6472; ppageno 0'>
   <div class='ocr_carea' id='block_1_1' title="bbox 363 351 3631 425">
    <p class='ocr_par' dir='ltr' id='par_1_1' title="bbox 363 351 3631 425">
     <span class='ocr_line' id='line_1_1' title="bbox 363 351 3631 425; baseline 0.001 -5"><span class='ocrx_word' id='word_1_1' title='bbox 363 358 472 420; x_wconf 69' lang='lat'><strong>483</strong></span> <span class='ocrx_word' id='word_1_2' title='bbox 1430 353 1855 416; x_wconf 75' lang='lat' dir='ltr'><strong>ATHANASII</strong></span> <span class='ocrx_word' id='word_1_3' title='bbox 1903 354 2012 420; x_wconf 91' lang='lat' dir='ltr'><strong>CP.</strong></span> <span class='ocrx_word' id='word_1_4' title='bbox 2058 355 2574 420; x_wconf 79' lang='lat' dir='ltr'><strong>PATRIARClI/E</strong></span> <span class='ocrx_word' id='word_1_5' title='bbox 3364 384 3375 391; x_wconf 69' lang='lat'><strong>‘</strong></span> <span class='ocrx_word' id='word_1_6' title='bbox 3451 351 3454 353; x_wconf 19' lang='grc' dir='ltr'>λ</span> <span class='ocrx_word' id='word_1_7' title='bbox 3524 359 3631 425; x_wconf 66' lang='grc'><strong>484</strong></span> 
     </span>
    </p>
   </div>
   <div class='ocr_carea' id='block_1_2' title="bbox 363 466 1951 548">
    <p class='ocr_par' dir='ltr' id='par_1_2' title="bbox 363 466 1949 539">
     <span class='ocr_line' id='line_1_2' title="bbox 363 466 1949 539; baseline 0.001 -19"><span class='ocrx_word' id='word_1_8' title='bbox 363 466 667 523; x_wconf 87' lang='lat' dir='ltr'><strong>lndictione</strong></span> <span class='ocrx_word' id='word_1_9' title='bbox 698 483 812 522; x_wconf 88' lang='lat' dir='ltr'><strong>vn:</strong></span> <span class='ocrx_word' id='word_1_10' title='bbox 852 467 1082 524; x_wconf 75' lang='lat' dir='ltr'><strong>Habebat</strong></span> <span class='ocrx_word' id='word_1_11' title='bbox 1106 475 1281 522; x_wconf 83' lang='lat' dir='ltr'><strong>autem</strong></span> <span class='ocrx_word' id='word_1_12' title='bbox 1324 476 1371 522; x_wconf 84' lang='lat' dir='ltr'><strong>et</strong></span> <span class='ocrx_word' id='word_1_13' title='bbox 1419 467 1724 539; x_wconf 73' lang='lat' dir='ltr'><strong>plumbeam</strong></span> <span class='ocrx_word' id='word_1_14' title='bbox 1745 467 1949 522; x_wconf 84' lang='lat' dir='ltr'><strong><em>bullam</em></strong></span> 
     </span>
    </p>
   </div>
   <div class='ocr_carea' id='block_1_3' title="bbox 2062 466 3631 548">
    <p class='ocr_par' dir='ltr' id='par_1_3' title="bbox 2062 466 3631 548">
     <span class='ocr_line' id='line_1_3' title="bbox 2062 466 3631 548; baseline 0.003 -25"><span class='ocrx_word' id='word_1_15' title='bbox 2062 468 2087 538; x_wconf 76' lang='grc' dir='ltr'>ἢ</span> <span class='ocrx_word' id='word_1_16' title='bbox 2121 469 2314 542; x_wconf 78' lang='grc' dir='ltr'>πράξω</span> <span class='ocrx_word' id='word_1_17' title='bbox 2336 471 2494 537; x_wconf 67' lang='grc' dir='ltr'>ἐκτὸς</span> <span class='ocrx_word' id='word_1_18' title='bbox 2520 472 2631 528; x_wconf 88' lang='grc' dir='ltr'><strong>τῶν</strong></span> <span class='ocrx_word' id='word_1_19' title='bbox 2652 466 2754 529; x_wconf 82' lang='grc' dir='ltr'><strong>ὧδε</strong></span> <span class='ocrx_word' id='word_1_20' title='bbox 2778 490 2838 541; x_wconf 84' lang='grc' dir='ltr'><strong>γε</strong></span> <span class='ocrx_word' id='word_1_21' title='bbox 2849 475 3204 546; x_wconf 83' lang='grc' dir='ltr'>γραμμένων,</span> <span class='ocrx_word' id='word_1_22' title='bbox 3232 475 3499 548; x_wconf 78' lang='grc' dir='ltr'><strong>ἄστοργον</strong></span> <span class='ocrx_word' id='word_1_23' title='bbox 3519 475 3631 544; x_wconf 75' lang='grc' dir='ltr'><strong>ἔχω</strong></span> 
     </span>
    </p>
   </div>
   <div class='ocr_carea' id='block_1_4' title="bbox 362 559 1951 638">
    <p class='ocr_par' dir='ltr' id='par_1_4' title="bbox 362 560 1947 633">
     <span class='ocr_line' id='line_1_4' title="bbox 362 560 1947 633; baseline 0.001 -20"><span class='ocrx_word' id='word_1_24' title='bbox 362 561 775 628; x_wconf 76' lang='grc' dir='ltr'>ραινῖανεΙιαίεηι</span> <span class='ocrx_word' id='word_1_25' title='bbox 811 571 859 616; x_wconf 87' lang='lat' dir='ltr'><strong>et</strong></span> <span class='ocrx_word' id='word_1_26' title='bbox 898 563 1118 631; x_wconf 78' lang='lat' dir='ltr'><strong>inferius</strong></span> <span class='ocrx_word' id='word_1_27' title='bbox 1149 562 1257 617; x_wconf 65' lang='lat' dir='ltr'><strong>haec</strong></span> <span class='ocrx_word' id='word_1_28' title='bbox 1300 563 1498 633; x_wconf 80' lang='lat' dir='ltr'><strong>scripta</strong></span> <span class='ocrx_word' id='word_1_29' title='bbox 1526 569 1681 615; x_wconf 84' lang='lat' dir='ltr'><strong>erant</strong></span> <span class='ocrx_word' id='word_1_30' title='bbox 1717 578 1731 615; x_wconf 91' lang='lat'><strong>:</strong></span> <span class='ocrx_word' id='word_1_31' title='bbox 1768 562 1823 615; x_wconf 84' lang='lat' dir='ltr'><strong>In</strong></span> <span class='ocrx_word' id='word_1_32' title='bbox 1861 560 1947 615; x_wconf 85' lang='lat' dir='ltr'><strong>his</strong></span> 
     </span>
    </p>
   </div>
   <div class='ocr_carea' id='block_1_5' title="bbox 2062 559 3631 638">
    <p class='ocr_par' dir='ltr' id='par_1_5' title="bbox 2062 559 3631 638">
     <span class='ocr_line' id='line_1_5' title="bbox 2062 559 3631 638; baseline 0.004 -25"><span class='ocrx_word' id='word_1_33' title='bbox 2062 571 2151 614; x_wconf 85' lang='grc' dir='ltr'><strong>και</strong></span> <span class='ocrx_word' id='word_1_34' title='bbox 2188 559 2307 629; x_wconf 79' lang='grc' dir='ltr'>βίας</span> <span class='ocrx_word' id='word_1_35' title='bbox 2339 563 2433 615; x_wconf 79' lang='grc' dir='ltr'>καὶ</span> <span class='ocrx_word' id='word_1_36' title='bbox 2462 563 2978 634; x_wconf 64' lang='grc' dir='ltr'>τυραννίδοςέρείον,</span> <span class='ocrx_word' id='word_1_37' title='bbox 3006 568 3080 637; x_wconf 80' lang='grc' dir='ltr'><strong>μὴ</strong></span> <span class='ocrx_word' id='word_1_38' title='bbox 3105 568 3370 631; x_wconf 85' lang='grc' dir='ltr'>συνειδὼς</span> <span class='ocrx_word' id='word_1_39' title='bbox 3398 566 3631 638; x_wconf 69' lang='grc' dir='ltr'>ᾶμαυτῷ</span> 
     </span>
    </p>
   </div>
   <div class='ocr_carea' id='block_1_6' title="bbox 362 651 1951 729">
    <p class='ocr_par' dir='ltr' id='par_1_6' title="bbox 362 651 1950 724">
     <span class='ocr_line' id='line_1_6' title="bbox 362 651 1950 724; baseline 0.001 -19"><span class='ocrx_word' id='word_1_40' title='bbox 362 651 560 706; x_wconf 86' lang='lat' dir='ltr'><strong>incedo</strong></span> <span class='ocrx_word' id='word_1_41' title='bbox 586 666 767 708; x_wconf 87' lang='lat' dir='ltr'><strong>coram</strong></span> <span class='ocrx_word' id='word_1_42' title='bbox 800 654 933 721; x_wconf 90' lang='lat' dir='ltr'><strong>Deo,</strong></span> <span class='ocrx_word' id='word_1_43' title='bbox 966 653 1022 708; x_wconf 90' lang='lat' dir='ltr'><strong>in</strong></span> <span class='ocrx_word' id='word_1_44' title='bbox 1075 654 1158 708; x_wconf 88' lang='lat' dir='ltr'><strong>bis</strong></span> <span class='ocrx_word' id='word_1_45' title='bbox 1192 668 1510 724; x_wconf 78' lang='lat' dir='ltr'><strong>permaneo.</strong></span> <span class='ocrx_word' id='word_1_46' title='bbox 1558 653 1614 709; x_wconf 85' lang='lat' dir='ltr'><strong>Si</strong></span> <span class='ocrx_word' id='word_1_47' title='bbox 1651 652 1783 723; x_wconf 90' lang='lat' dir='ltr'><strong>quid</strong></span> <span class='ocrx_word' id='word_1_48' title='bbox 1814 666 1950 707; x_wconf 84' lang='lat' dir='ltr'><strong>vero</strong></span> 
     </span>
    </p>
   </div>
   <div class='ocr_carea' id='block_1_7' title="bbox 2062 651 3559 729">
    <p class='ocr_par' dir='ltr' id='par_1_7' title="bbox 2062 651 3559 729">
     <span class='ocr_line' id='line_1_7' title="bbox 2062 651 3559 729; baseline 0.005 -25"><span class='ocrx_word' id='word_1_49' title='bbox 2062 651 2230 722; x_wconf 78' lang='grc' dir='ltr'>ιάριτι</span> <span class='ocrx_word' id='word_1_50' title='bbox 2280 654 2520 724; x_wconf 84' lang='grc' dir='ltr'>Χριστοῦ</span> <span class='ocrx_word' id='word_1_51' title='bbox 2572 654 2773 723; x_wconf 78' lang='grc' dir='ltr'>ἀργίας</span> <span class='ocrx_word' id='word_1_52' title='bbox 2821 674 2875 711; x_wconf 88' lang='grc' dir='ltr'>τι</span> <span class='ocrx_word' id='word_1_53' title='bbox 2921 655 3195 729; x_wconf 76' lang='grc' dir='ltr'>ἔγκλημα.</span> <span class='ocrx_word' id='word_1_54' title='bbox 3243 659 3455 714; x_wconf 81' lang='grc' dir='ltr'>Ἱνδικτ.</span> <span class='ocrx_word' id='word_1_55' title='bbox 3491 657 3559 722; x_wconf 75' lang='grc' dir='ltr'><strong>ζ’.</strong></span> 
     </span>
    </p>
   </div>
   <div class='ocr_carea' id='block_1_8' title="bbox 360 744 3634 824">
    <p class='ocr_par' dir='ltr' id='par_1_8' title="bbox 360 744 3634 824">
     <span class='ocr_line' id='line_1_8' title="bbox 360 744 3634 824; baseline 0 -21"><span class='ocrx_word' id='word_1_56' title='bbox 360 747 511 806; x_wconf 84' lang='lat' dir='ltr'><strong>aliud</strong></span> <span class='ocrx_word' id='word_1_57' title='bbox 531 749 759 806; x_wconf 79' lang='lat' dir='ltr'><strong>fecerim</strong></span> <span class='ocrx_word' id='word_1_58' title='bbox 787 757 883 805; x_wconf 85' lang='lat' dir='ltr'><strong>aut</strong></span> <span class='ocrx_word' id='word_1_59' title='bbox 904 747 1134 803; x_wconf 78' lang='lat' dir='ltr'><strong>dixerim</strong></span> <span class='ocrx_word' id='word_1_60' title='bbox 1167 759 1367 819; x_wconf 74' lang='lat' dir='ltr'><strong>praeter</strong></span> <span class='ocrx_word' id='word_1_61' title='bbox 1402 762 1467 802; x_wconf 88' lang='lat' dir='ltr'><strong>ea</strong></span> <span class='ocrx_word' id='word_1_62' title='bbox 1505 763 1626 818; x_wconf 78' lang='lat' dir='ltr'><strong>quze</strong></span> <span class='ocrx_word' id='word_1_63' title='bbox 1657 747 1750 802; x_wconf 90' lang='lat' dir='ltr'><strong>hic</strong></span> <span class='ocrx_word' id='word_1_64' title='bbox 1776 745 1980 816; x_wconf 87' lang='lat' dir='ltr'><strong>scripta</strong></span> <span class='ocrx_word' id='word_1_65' title='bbox 2010 752 2159 811; x_wconf 88' lang='lat' dir='ltr'><strong>sunt,</strong></span> <span class='ocrx_word' id='word_1_66' title='bbox 2200 744 2419 802; x_wconf 89' lang='lat' dir='ltr'><strong>irritum</strong></span> <span class='ocrx_word' id='word_1_67' title='bbox 2452 745 2631 802; x_wconf 86' lang='lat' dir='ltr'><strong>habeo</strong></span> <span class='ocrx_word' id='word_1_68' title='bbox 2659 763 2723 803; x_wconf 79' lang='lat' dir='ltr'><strong>ac</strong></span> <span class='ocrx_word' id='word_1_69' title='bbox 2758 749 3015 805; x_wconf 75' lang='lat' dir='ltr'><strong>violentia</strong></span> <span class='ocrx_word' id='word_1_70' title='bbox 3057 752 3451 824; x_wconf 84' lang='lat' dir='ltr'><strong>tyrannidequc</strong></span> <span class='ocrx_word' id='word_1_71' title='bbox 3515 752 3634 824; x_wconf 87' lang='lat' dir='ltr'><strong>ple-</strong></span> 
     </span>
    </p>
   </div>
   <div class='ocr_carea' id='block_1_9' title="bbox 360 839 3359 917">
    <p class='ocr_par' dir='ltr' id='par_1_9' title="bbox 360 839 3359 917">
     <span class='ocr_line' id='line_1_9' title="bbox 360 839 3359 917; baseline 0.001 -18"><span class='ocrx_word' id='word_1_72' title='bbox 360 860 536 914; x_wconf 87' lang='lat' dir='ltr'><strong>num;</strong></span> <span class='ocrx_word' id='word_1_73' title='bbox 594 860 697 902; x_wconf 87' lang='lat' dir='ltr'><strong>nec</strong></span> <span class='ocrx_word' id='word_1_74' title='bbox 737 855 916 901; x_wconf 89' lang='lat' dir='ltr'><strong>tamen</strong></span> <span class='ocrx_word' id='word_1_75' title='bbox 971 845 1107 900; x_wconf 91' lang='lat' dir='ltr'><strong>mibi</strong></span> <span class='ocrx_word' id='word_1_76' title='bbox 1162 842 1416 917; x_wconf 84' lang='lat' dir='ltr'><strong>segnitiei</strong></span> <span class='ocrx_word' id='word_1_77' title='bbox 1469 842 1699 909; x_wconf 84' lang='lat' dir='ltr'><strong>crimen,</strong></span> <span class='ocrx_word' id='word_1_78' title='bbox 1756 842 1933 913; x_wconf 76' lang='lat' dir='ltr'><strong>gratia</strong></span> <span class='ocrx_word' id='word_1_79' title='bbox 1966 839 2196 905; x_wconf 88' lang='lat' dir='ltr'><strong>Christi,</strong></span> <span class='ocrx_word' id='word_1_80' title='bbox 2222 840 2433 897; x_wconf 71' lang='lat' dir='ltr'><strong>hmrere</strong></span> <span class='ocrx_word' id='word_1_81' title='bbox 2457 843 2714 899; x_wconf 85' lang='lat' dir='ltr'><strong>conscius</strong></span> <span class='ocrx_word' id='word_1_82' title='bbox 2747 858 2892 899; x_wconf 89' lang='lat' dir='ltr'><strong>sum.</strong></span> <span class='ocrx_word' id='word_1_83' title='bbox 2934 844 3234 901; x_wconf 89' lang='lat' dir='ltr'><strong>Indictione</strong></span> <span class='ocrx_word' id='word_1_84' title='bbox 3260 862 3359 901; x_wconf 89' lang='lat' dir='ltr'><strong>vn.</strong></span> 
     </span>
    </p>
   </div>
   <div class='ocr_carea' id='block_1_10' title="bbox 433 1028 3627 1104">
    <p class='ocr_par' dir='ltr' id='par_1_10' title="bbox 433 1028 3627 1104">
     <span class='ocr_line' id='line_1_10' title="bbox 433 1028 3627 1104; baseline 0.002 -16"><span class='ocrx_word' id='word_1_85' title='bbox 433 1032 619 1088; x_wconf 87' lang='lat' dir='ltr'><strong>Placet</strong></span> <span class='ocrx_word' id='word_1_86' title='bbox 664 1031 756 1086; x_wconf 86' lang='lat' dir='ltr'><strong>hic</strong></span> <span class='ocrx_word' id='word_1_87' title='bbox 802 1032 968 1087; x_wconf 86' lang='lat' dir='ltr'><strong>etiam</strong></span> <span class='ocrx_word' id='word_1_88' title='bbox 1017 1033 1348 1104; x_wconf 72' lang='lat' dir='ltr'><strong>subiungere</strong></span> <span class='ocrx_word' id='word_1_89' title='bbox 1402 1032 1729 1101; x_wconf 88' lang='lat' dir='ltr'><strong>rescriptum</strong></span> <span class='ocrx_word' id='word_1_90' title='bbox 1758 1029 2003 1102; x_wconf 84' lang='lat' dir='ltr'><strong>ejusdem</strong></span> <span class='ocrx_word' id='word_1_91' title='bbox 2043 1028 2321 1083; x_wconf 79' lang='lat' dir='ltr'><strong>Athanasii</strong></span> <span class='ocrx_word' id='word_1_92' title='bbox 2359 1030 2685 1099; x_wconf 50' lang='lat' dir='ltr'><strong>patriarcha:</strong></span> <span class='ocrx_word' id='word_1_93' title='bbox 2712 1047 2840 1087; x_wconf 92' lang='lat' dir='ltr'><strong>cum</strong></span> <span class='ocrx_word' id='word_1_94' title='bbox 2877 1042 3062 1087; x_wconf 88' lang='lat' dir='ltr'><strong>nostra</strong></span> <span class='ocrx_word' id='word_1_95' title='bbox 3114 1032 3309 1089; x_wconf 79' lang='lat' dir='ltr'><strong>Latina</strong></span> <span class='ocrx_word' id='word_1_96' title='bbox 3336 1037 3627 1100; x_wconf 81' lang='lat' dir='ltr'><strong>versione.</strong></span> 
     </span>
    </p>
   </div>
   <div class='ocr_carea' id='block_1_11' title="bbox 361 1118 3627 1192">
    <p class='ocr_par' dir='ltr' id='par_1_11' title="bbox 361 1118 3627 1192">
     <span class='ocr_line' id='line_1_11' title="bbox 361 1118 3627 1192; baseline 0.003 -20"><span class='ocrx_word' id='word_1_97' title='bbox 361 1136 470 1192; x_wconf 86' lang='lat' dir='ltr'><strong>quo</strong></span> <span class='ocrx_word' id='word_1_98' title='bbox 513 1121 735 1175; x_wconf 76' lang='lat' dir='ltr'><strong>infamia</strong></span> <span class='ocrx_word' id='word_1_99' title='bbox 786 1132 1007 1176; x_wconf 85' lang='lat' dir='ltr'><strong>notatur</strong></span> <span class='ocrx_word' id='word_1_100' title='bbox 1035 1123 1276 1177; x_wconf 77' lang='lat' dir='ltr'><strong>Joannes</strong></span> <span class='ocrx_word' id='word_1_101' title='bbox 1306 1120 1527 1191; x_wconf 85' lang='lat' dir='ltr'><strong>quidam</strong></span> <span class='ocrx_word' id='word_1_102' title='bbox 1558 1118 1798 1190; x_wconf 82' lang='lat' dir='ltr'><strong>Drimys,</strong></span> <span class='ocrx_word' id='word_1_103' title='bbox 1836 1119 1929 1188; x_wconf 90' lang='lat' dir='ltr'><strong>qui</strong></span> <span class='ocrx_word' id='word_1_104' title='bbox 1976 1120 2298 1172; x_wconf 86' lang='lat' dir='ltr'><strong>societatem</strong></span> <span class='ocrx_word' id='word_1_105' title='bbox 2333 1131 2456 1172; x_wconf 89' lang='lat' dir='ltr'><strong>cum</strong></span> <span class='ocrx_word' id='word_1_106' title='bbox 2489 1126 2829 1175; x_wconf 86' lang='lat' dir='ltr'><strong>exsecranda</strong></span> <span class='ocrx_word' id='word_1_107' title='bbox 2858 1120 3095 1177; x_wconf 77' lang='lat' dir='ltr'><strong>factione</strong></span> <span class='ocrx_word' id='word_1_108' title='bbox 3148 1122 3384 1179; x_wconf 86' lang='lat' dir='ltr'><strong>iniverat</strong></span> <span class='ocrx_word' id='word_1_109' title='bbox 3432 1140 3627 1182; x_wconf 77' lang='lat' dir='ltr'><strong>contra</strong></span> 
     </span>
    </p>
   </div>
   <div class='ocr_carea' id='block_1_12' title="bbox 363 1206 3631 1281">
    <p class='ocr_par' dir='ltr' id='par_1_12' title="bbox 363 1206 3631 1281">
     <span class='ocr_line' id='line_1_12' title="bbox 363 1206 3631 1281; baseline 0.002 -19"><span class='ocrx_word' id='word_1_110' title='bbox 363 1225 581 1280; x_wconf 76' lang='lat' dir='ltr'><strong>gregem</strong></span> <span class='ocrx_word' id='word_1_111' title='bbox 631 1208 860 1276; x_wconf 77' lang='lat' dir='ltr'><strong>Christi,</strong></span> <span class='ocrx_word' id='word_1_112' title='bbox 916 1217 1106 1263; x_wconf 84' lang='lat' dir='ltr'><strong>contra</strong></span> <span class='ocrx_word' id='word_1_113' title='bbox 1154 1209 1450 1281; x_wconf 28' lang='lat' dir='ltr'><strong>E‘cclesiam</strong></span> <span class='ocrx_word' id='word_1_114' title='bbox 1483 1217 1541 1262; x_wconf 89' lang='lat' dir='ltr'><strong>et</strong></span> <span class='ocrx_word' id='word_1_115' title='bbox 1594 1224 1625 1262; x_wconf 88' lang='lat' dir='ltr'><strong>a</strong></span> <span class='ocrx_word' id='word_1_116' title='bbox 1670 1209 1786 1262; x_wconf 89' lang='lat' dir='ltr'><strong>Deo</strong></span> <span class='ocrx_word' id='word_1_117' title='bbox 1840 1214 2164 1262; x_wconf 87' lang='lat' dir='ltr'><strong>coronatum</strong></span> <span class='ocrx_word' id='word_1_118' title='bbox 2219 1206 2631 1278; x_wconf 76' lang='lat' dir='ltr'><strong>imperatorem.</strong></span> <span class='ocrx_word' id='word_1_119' title='bbox 2660 1208 2838 1281; x_wconf 78' lang='lat' dir='ltr'><strong>Hujus</strong></span> <span class='ocrx_word' id='word_1_120' title='bbox 2865 1218 3047 1264; x_wconf 85' lang='lat' dir='ltr'><strong>autem</strong></span> <span class='ocrx_word' id='word_1_121' title='bbox 3078 1211 3304 1268; x_wconf 81' lang='lat' dir='ltr'><strong>Joannis</strong></span> <span class='ocrx_word' id='word_1_122' title='bbox 3329 1214 3631 1269; x_wconf 85' lang='lat' dir='ltr'><strong>meminere</strong></span> 
     </span>
    </p>
   </div>
   <div class='ocr_carea' id='block_1_13' title="bbox 363 1275 3709 1369">
    <p class='ocr_par' dir='ltr' id='par_1_13' title="bbox 363 1275 3709 1369">
     <span class='ocr_line' id='line_1_13' title="bbox 363 1275 3709 1369; baseline 0.001 -18"><span class='ocrx_word' id='word_1_123' title='bbox 363 1275 633 1367; x_wconf 60' lang='lat' dir='ltr'><strong>Cregoras</strong></span> <span class='ocrx_word' id='word_1_124' title='bbox 682 1307 737 1353; x_wconf 87' lang='lat' dir='ltr'><strong>et</strong></span> <span class='ocrx_word' id='word_1_125' title='bbox 784 1275 1294 1369; x_wconf 36' lang='lat' dir='ltr'><strong>Pachymeresfsed</strong></span> <span class='ocrx_word' id='word_1_126' title='bbox 1329 1298 1520 1366; x_wconf 85' lang='lat' dir='ltr'><strong>paucis</strong></span> <span class='ocrx_word' id='word_1_127' title='bbox 1545 1295 1771 1351; x_wconf 91' lang='lat' dir='ltr'><strong>omnino</strong></span> <span class='ocrx_word' id='word_1_128' title='bbox 1802 1295 2020 1356; x_wconf 78' lang='lat' dir='ltr'><strong>verbis;</strong></span> <span class='ocrx_word' id='word_1_129' title='bbox 2074 1294 2217 1348; x_wconf 88' lang='lat' dir='ltr'><strong>unde</strong></span> <span class='ocrx_word' id='word_1_130' title='bbox 2266 1275 2385 1349; x_wconf 82' lang='lat' dir='ltr'><strong>loca</strong></span> <span class='ocrx_word' id='word_1_131' title='bbox 2436 1295 2525 1349; x_wconf 89' lang='lat' dir='ltr'><strong>illa</strong></span> <span class='ocrx_word' id='word_1_132' title='bbox 2565 1275 2864 1365; x_wconf 63' lang='lat' dir='ltr'><strong>Gregorio,</strong></span> <span class='ocrx_word' id='word_1_133' title='bbox 2923 1306 2979 1350; x_wconf 88' lang='lat' dir='ltr'><strong>ct</strong></span> <span class='ocrx_word' id='word_1_134' title='bbox 3014 1298 3383 1369; x_wconf 79' lang='lat' dir='ltr'><strong>Pachymeris.</strong></span> <span class='ocrx_word' id='word_1_135' title='bbox 3417 1301 3508 1354; x_wconf 90' lang='lat' dir='ltr'><strong>uhi</strong></span> <span class='ocrx_word' id='word_1_136' title='bbox 3563 1301 3633 1356; x_wconf 81' lang='lat' dir='ltr'><strong>de</strong></span> <span class='ocrx_word' id='word_1_137' title='bbox 3702 1300 3709 1304; x_wconf 80' lang='grc'><em>’</em></span> 
     </span>
    </p>
   </div>
   <div class='ocr_carea' id='block_1_14' title="bbox 365 1382 3445 1456">
    <p class='ocr_par' dir='ltr' id='par_1_14' title="bbox 365 1382 3445 1456">
     <span class='ocr_line' id='line_1_14' title="bbox 365 1382 3445 1456; baseline 0.002 -17"><span class='ocrx_word' id='word_1_138' title='bbox 365 1385 471 1439; x_wconf 90' lang='lat' dir='ltr'><strong>hoc</strong></span> <span class='ocrx_word' id='word_1_139' title='bbox 503 1385 712 1440; x_wconf 82' lang='lat' dir='ltr'><strong>Joanne</strong></span> <span class='ocrx_word' id='word_1_140' title='bbox 746 1385 935 1456; x_wconf 78' lang='lat' dir='ltr'><strong>igitur,</strong></span> <span class='ocrx_word' id='word_1_141' title='bbox 964 1401 1071 1439; x_wconf 92' lang='lat' dir='ltr'><strong>non</strong></span> <span class='ocrx_word' id='word_1_142' title='bbox 1100 1400 1291 1455; x_wconf 85' lang='lat' dir='ltr'><strong>parum</strong></span> <span class='ocrx_word' id='word_1_143' title='bbox 1331 1386 1470 1439; x_wconf 86' lang='lat' dir='ltr'><strong>lucis</strong></span> <span class='ocrx_word' id='word_1_144' title='bbox 1499 1384 1752 1455; x_wconf 86' lang='lat' dir='ltr'><strong>accipere</strong></span> <span class='ocrx_word' id='word_1_145' title='bbox 1789 1393 2019 1453; x_wconf 86' lang='lat' dir='ltr'><strong>possunt</strong></span> <span class='ocrx_word' id='word_1_146' title='bbox 2049 1396 2115 1436; x_wconf 77' lang='lat' dir='ltr'><strong>ex</strong></span> <span class='ocrx_word' id='word_1_147' title='bbox 2144 1382 2250 1437; x_wconf 88' lang='lat' dir='ltr'><strong>hoc</strong></span> <span class='ocrx_word' id='word_1_148' title='bbox 2288 1384 2553 1454; x_wconf 88' lang='lat' dir='ltr'><strong>rescripto</strong></span> <span class='ocrx_word' id='word_1_149' title='bbox 2592 1385 2901 1451; x_wconf 82' lang='lat' dir='ltr'><strong>Athanasii,</strong></span> <span class='ocrx_word' id='word_1_150' title='bbox 2938 1387 3087 1456; x_wconf 91' lang='lat' dir='ltr'><strong>quod</strong></span> <span class='ocrx_word' id='word_1_151' title='bbox 3112 1389 3190 1443; x_wconf 82' lang='lat' dir='ltr'><strong>sic</strong></span> <span class='ocrx_word' id='word_1_152' title='bbox 3226 1389 3391 1443; x_wconf 81' lang='lat' dir='ltr'><strong>habet</strong></span> <span class='ocrx_word' id='word_1_153' title='bbox 3431 1408 3445 1444; x_wconf 90' lang='lat'><strong>:</strong></span> 
     </span>
    </p>
   </div>
   <div class='ocr_carea' id='block_1_15' title="bbox 362 1514 1944 1588">
    <p class='ocr_par' dir='ltr' id='par_1_15' title="bbox 362 1514 1944 1588">
     <span class='ocr_line' id='line_1_15' title="bbox 362 1514 1944 1588; baseline -0.003 -16"><span class='ocrx_word' id='word_1_154' title='bbox 362 1517 689 1588; x_wconf 80' lang='lat' dir='ltr'><strong>Rescriptum</strong></span> <span class='ocrx_word' id='word_1_155' title='bbox 719 1518 1056 1586; x_wconf 63' lang='lat' dir='ltr'><strong>patriarcha),</strong></span> <span class='ocrx_word' id='word_1_156' title='bbox 1097 1534 1199 1587; x_wconf 86' lang='lat' dir='ltr'><strong>quo</strong></span> <span class='ocrx_word' id='word_1_157' title='bbox 1262 1518 1489 1587; x_wconf 76' lang='lat' dir='ltr'><strong>infamia</strong></span> <span class='ocrx_word' id='word_1_158' title='bbox 1538 1524 1753 1570; x_wconf 71' lang='lat' dir='ltr'><strong>notatur</strong></span> <span class='ocrx_word' id='word_1_159' title='bbox 1775 1514 1944 1570; x_wconf 79' lang='lat' dir='ltr'><strong>Joan-</strong></span> 
     </span>
    </p>
   </div>
   <div class='ocr_carea' id='block_1_16' title="bbox 436 1589 1943 1661">
    <p class='ocr_par' dir='ltr' id='par_1_16' title="bbox 436 1589 1943 1661">
     <span class='ocr_line' id='line_1_16' title="bbox 436 1589 1943 1661; baseline -0.001 -20"><span class='ocrx_word' id='word_1_160' title='bbox 436 1606 526 1661; x_wconf 77' lang='lat' dir='ltr'><strong>nes</strong></span> <span class='ocrx_word' id='word_1_161' title='bbox 552 1590 783 1661; x_wconf 72' lang='lat' dir='ltr'><strong>quidam</strong></span> <span class='ocrx_word' id='word_1_162' title='bbox 801 1589 1006 1661; x_wconf 68' lang='lat' dir='ltr'><strong>()riniys</strong></span> <span class='ocrx_word' id='word_1_163' title='bbox 1035 1591 1125 1656; x_wconf 85' lang='lat' dir='ltr'><strong>qui</strong></span> <span class='ocrx_word' id='word_1_164' title='bbox 1153 1591 1456 1642; x_wconf 79' lang='lat' dir='ltr'><strong>societatem</strong></span> <span class='ocrx_word' id='word_1_165' title='bbox 1483 1590 1943 1661; x_wconf 69' lang='lat' dir='ltr'><strong>c_ttnt_e:csecranda</strong></span> 
     </span>
    </p>
   </div>
   <div class='ocr_carea' id='block_1_17' title="bbox 436 1658 1944 1729">
    <p class='ocr_par' dir='ltr' id='par_1_17' title="bbox 436 1658 1944 1729">
     <span class='ocr_line' id='line_1_17' title="bbox 436 1658 1944 1729; baseline -0.001 -18"><span class='ocrx_word' id='word_1_166' title='bbox 436 1659 664 1729; x_wconf 74' lang='lat' dir='ltr'><strong>factione</strong></span> <span class='ocrx_word' id='word_1_167' title='bbox 709 1658 963 1729; x_wconf 22' lang='lat' dir='ltr'><strong>iuiuerat’</strong></span> <span class='ocrx_word' id='word_1_168' title='bbox 991 1668 1174 1712; x_wconf 81' lang='lat' dir='ltr'><strong>contra</strong></span> <span class='ocrx_word' id='word_1_169' title='bbox 1215 1675 1422 1728; x_wconf 71' lang='lat' dir='ltr'><strong>gregem</strong></span> <span class='ocrx_word' id='word_1_170' title='bbox 1480 1658 1698 1722; x_wconf 75' lang='lat' dir='ltr'><strong>Christi,</strong></span> <span class='ocrx_word' id='word_1_171' title='bbox 1757 1666 1944 1710; x_wconf 80' lang='lat' dir='ltr'><strong>contra</strong></span> 
     </span>
    </p>
   </div>
   <div class='ocr_carea' id='block_1_18' title="bbox 434 1728 1801 1796">
    <p class='ocr_par' dir='ltr' id='par_1_18' title="bbox 434 1728 1801 1796">
     <span class='ocr_line' id='line_1_18' title="bbox 434 1728 1801 1796; baseline -0.001 -13"><span class='ocrx_word' id='word_1_172' title='bbox 434 1729 732 1789; x_wconf 71' lang='lat' dir='ltr'><strong>Ecclesium</strong></span> <span class='ocrx_word' id='word_1_173' title='bbox 762 1737 811 1782; x_wconf 83' lang='lat' dir='ltr'><strong>et</strong></span> <span class='ocrx_word' id='word_1_174' title='bbox 850 1746 883 1782; x_wconf 79' lang='grc' dir='ltr'><strong>α</strong></span> <span class='ocrx_word' id='word_1_175' title='bbox 918 1728 1023 1782; x_wconf 85' lang='lat' dir='ltr'><strong>Deo</strong></span> <span class='ocrx_word' id='word_1_176' title='bbox 1060 1738 1369 1782; x_wconf 84' lang='lat' dir='ltr'><strong>coronatum</strong></span> <span class='ocrx_word' id='word_1_177' title='bbox 1405 1730 1801 1796; x_wconf 82' lang='lat' dir='ltr'><strong>imperatorem.</strong></span> 
     </span>
    </p>
   </div>
   <div class='ocr_carea' id='block_1_19' title="bbox 433 1906 1951 1982">
    <p class='ocr_par' dir='ltr' id='par_1_19' title="bbox 433 1906 1951 1982">
     <span class='ocr_line' id='line_1_19' title="bbox 433 1906 1951 1982; baseline -0.003 -15"><span class='ocrx_word' id='word_1_178' title='bbox 433 1911 614 1967; x_wconf 67' lang='lat' dir='ltr'><strong>Beata:</strong></span> <span class='ocrx_word' id='word_1_179' title='bbox 646 1920 858 1966; x_wconf 64' lang='lat' dir='ltr'><strong>natura:</strong></span> <span class='ocrx_word' id='word_1_180' title='bbox 910 1910 1113 1982; x_wconf 76' lang='lat' dir='ltr'><strong>gratias</strong></span> <span class='ocrx_word' id='word_1_181' title='bbox 1144 1911 1356 1980; x_wconf 86' lang='lat' dir='ltr'><strong>agimus</strong></span> <span class='ocrx_word' id='word_1_182' title='bbox 1398 1923 1522 1963; x_wconf 90' lang='lat' dir='ltr'><strong>cum</strong></span> <span class='ocrx_word' id='word_1_183' title='bbox 1564 1922 1664 1978; x_wconf 91' lang='lat' dir='ltr'><strong>pro</strong></span> <span class='ocrx_word' id='word_1_184' title='bbox 1722 1906 1951 1976; x_wconf 79' lang='lat' dir='ltr'><strong>reliquis</strong></span> 
     </span>
    </p>
   </div>
   <div class='ocr_carea' id='block_1_20' title="bbox 366 1996 1950 2068">
    <p class='ocr_par' dir='ltr' id='par_1_20' title="bbox 366 1996 1950 2068">
     <span class='ocr_line' id='line_1_20' title="bbox 366 1996 1950 2068; baseline -0.004 -11"><span class='ocrx_word' id='word_1_185' title='bbox 366 2003 570 2058; x_wconf 82' lang='lat' dir='ltr'><strong>divinis</strong></span> <span class='ocrx_word' id='word_1_186' title='bbox 605 2004 948 2066; x_wconf 87' lang='lat' dir='ltr'><strong>muneribus,</strong></span> <span class='ocrx_word' id='word_1_187' title='bbox 970 2012 1085 2056; x_wconf 89' lang='lat' dir='ltr'><strong>tum</strong></span> <span class='ocrx_word' id='word_1_188' title='bbox 1112 2001 1202 2068; x_wconf 88' lang='lat' dir='ltr'><strong>qui</strong></span> <span class='ocrx_word' id='word_1_189' title='bbox 1233 1999 1536 2055; x_wconf 87' lang='lat' dir='ltr'><strong>Ecclesiam</strong></span> <span class='ocrx_word' id='word_1_190' title='bbox 1554 1996 1865 2053; x_wconf 89' lang='lat' dir='ltr'><strong>sacerdotio</strong></span> <span class='ocrx_word' id='word_1_191' title='bbox 1896 2004 1950 2052; x_wconf 92' lang='lat' dir='ltr'><strong>et</strong></span> 
     </span>
    </p>
   </div>
   <div class='ocr_carea' id='block_1_21' title="bbox 363 2090 1949 2166">
    <p class='ocr_par' dir='ltr' id='par_1_21' title="bbox 363 2090 1949 2166">
     <span class='ocr_line' id='line_1_21' title="bbox 363 2090 1949 2166; baseline -0.003 -17"><span class='ocrx_word' id='word_1_192' title='bbox 363 2094 599 2166; x_wconf 87' lang='lat' dir='ltr'><strong>imperio</strong></span> <span class='ocrx_word' id='word_1_193' title='bbox 633 2095 862 2165; x_wconf 88' lang='lat' dir='ltr'><strong>pulchre</strong></span> <span class='ocrx_word' id='word_1_194' title='bbox 918 2094 1227 2156; x_wconf 78' lang='lat' dir='ltr'><strong>coronavit,</strong></span> <span class='ocrx_word' id='word_1_195' title='bbox 1256 2102 1317 2147; x_wconf 91' lang='lat' dir='ltr'><strong>ut</strong></span> <span class='ocrx_word' id='word_1_196' title='bbox 1348 2091 1616 2146; x_wconf 88' lang='lat' dir='ltr'><strong>ambobus</strong></span> <span class='ocrx_word' id='word_1_197' title='bbox 1646 2090 1796 2145; x_wconf 86' lang='lat' dir='ltr'><strong>hisce</strong></span> <span class='ocrx_word' id='word_1_198' title='bbox 1826 2104 1949 2145; x_wconf 88' lang='lat' dir='ltr'><strong>mo-</strong></span> 
     </span>
    </p>
   </div>
   <div class='ocr_carea' id='block_1_22' title="bbox 364 2184 1951 2259">
    <p class='ocr_par' dir='ltr' id='par_1_22' title="bbox 364 2184 1951 2259">
     <span class='ocr_line' id='line_1_22' title="bbox 364 2184 1951 2259; baseline -0.006 -12"><span class='ocrx_word' id='word_1_199' title='bbox 364 2191 711 2247; x_wconf 86' lang='lat' dir='ltr'><strong>deratoribus</strong></span> <span class='ocrx_word' id='word_1_200' title='bbox 751 2190 858 2243; x_wconf 84' lang='lat' dir='ltr'><strong>rite</strong></span> <span class='ocrx_word' id='word_1_201' title='bbox 890 2202 952 2242; x_wconf 88' lang='lat' dir='ltr'><strong>ac</strong></span> <span class='ocrx_word' id='word_1_202' title='bbox 1001 2186 1244 2242; x_wconf 86' lang='lat' dir='ltr'><strong>studiose</strong></span> <span class='ocrx_word' id='word_1_203' title='bbox 1270 2189 1593 2259; x_wconf 83' lang='lat' dir='ltr'><strong>gubernata,</strong></span> <span class='ocrx_word' id='word_1_204' title='bbox 1617 2184 1951 2255; x_wconf 88' lang='lat' dir='ltr'><strong>pullulantes</strong></span> 
     </span>
    </p>
   </div>
   <div class='ocr_carea' id='block_1_23' title="bbox 365 2276 1950 2348">
    <p class='ocr_par' dir='ltr' id='par_1_23' title="bbox 365 2276 1950 2348">
     <span class='ocr_line' id='line_1_23' title="bbox 365 2276 1950 2348; baseline -0.005 -8"><span class='ocrx_word' id='word_1_205' title='bbox 365 2301 504 2340; x_wconf 85' lang='lat' dir='ltr'><strong>uvas</strong></span> <span class='ocrx_word' id='word_1_206' title='bbox 536 2284 602 2339; x_wconf 87' lang='lat' dir='ltr'><strong>ad</strong></span> <span class='ocrx_word' id='word_1_207' title='bbox 638 2282 1008 2338; x_wconf 84' lang='lat' dir='ltr'><strong>maturitatem</strong></span> <span class='ocrx_word' id='word_1_208' title='bbox 1031 2281 1286 2343; x_wconf 79' lang='lat' dir='ltr'><strong>deducat,</strong></span> <span class='ocrx_word' id='word_1_209' title='bbox 1321 2279 1619 2348; x_wconf 87' lang='lat' dir='ltr'><strong>plenasque</strong></span> <span class='ocrx_word' id='word_1_210' title='bbox 1653 2292 1717 2332; x_wconf 91' lang='lat' dir='ltr'><strong>ac</strong></span> <span class='ocrx_word' id='word_1_211' title='bbox 1745 2276 1950 2332; x_wconf 76' lang='lat' dir='ltr'><strong>divinis</strong></span> 
     </span>
    </p>
   </div>
   <div class='ocr_carea' id='block_1_24' title="bbox 365 2366 1951 2443">
    <p class='ocr_par' dir='ltr' id='par_1_24' title="bbox 365 2366 1951 2443">
     <span class='ocr_line' id='line_1_24' title="bbox 365 2366 1951 2443; baseline -0.004 -16"><span class='ocrx_word' id='word_1_212' title='bbox 365 2372 559 2443; x_wconf 85' lang='lat' dir='ltr'><strong>dignas</strong></span> <span class='ocrx_word' id='word_1_213' title='bbox 604 2371 974 2427; x_wconf 83' lang='lat' dir='ltr'><strong>torcularibus</strong></span> <span class='ocrx_word' id='word_1_214' title='bbox 1015 2371 1335 2430; x_wconf 87' lang='lat' dir='ltr'><strong>constituat.</strong></span> <span class='ocrx_word' id='word_1_215' title='bbox 1378 2379 1433 2423; x_wconf 89' lang='lat' dir='ltr'><strong>et</strong></span> <span class='ocrx_word' id='word_1_216' title='bbox 1463 2366 1735 2438; x_wconf 86' lang='lat' dir='ltr'><strong>quidquid</strong></span> <span class='ocrx_word' id='word_1_217' title='bbox 1762 2368 1816 2420; x_wconf 89' lang='lat' dir='ltr'><strong>in</strong></span> <span class='ocrx_word' id='word_1_218' title='bbox 1868 2368 1951 2421; x_wconf 87' lang='lat' dir='ltr'><strong>1a-</strong></span> 
     </span>
    </p>
   </div>
   <div class='ocr_carea' id='block_1_25' title="bbox 366 2459 1952 2533">
    <p class='ocr_par' dir='ltr' id='par_1_25' title="bbox 366 2459 1952 2533">
     <span class='ocr_line' id='line_1_25' title="bbox 366 2459 1952 2533; baseline -0.003 -15"><span class='ocrx_word' id='word_1_219' title='bbox 366 2463 618 2519; x_wconf 88' lang='lat' dir='ltr'><strong>bruscam</strong></span> <span class='ocrx_word' id='word_1_220' title='bbox 646 2463 943 2533; x_wconf 79' lang='lat' dir='ltr'><strong>degenerat</strong></span> <span class='ocrx_word' id='word_1_221' title='bbox 990 2462 1058 2515; x_wconf 88' lang='lat' dir='ltr'><strong>ab</strong></span> <span class='ocrx_word' id='word_1_222' title='bbox 1107 2477 1166 2515; x_wconf 92' lang='lat' dir='ltr'><strong>se</strong></span> <span class='ocrx_word' id='word_1_223' title='bbox 1204 2459 1451 2515; x_wconf 87' lang='lat' dir='ltr'><strong>eliminet</strong></span> <span class='ocrx_word' id='word_1_224' title='bbox 1484 2476 1498 2512; x_wconf 91' lang='lat'><strong>:</strong></span> <span class='ocrx_word' id='word_1_225' title='bbox 1542 2468 1601 2514; x_wconf 89' lang='lat' dir='ltr'><strong>ut</strong></span> <span class='ocrx_word' id='word_1_226' title='bbox 1627 2474 1692 2513; x_wconf 82' lang='lat' dir='ltr'><strong>ex</strong></span> <span class='ocrx_word' id='word_1_227' title='bbox 1722 2459 1826 2513; x_wconf 92' lang='lat' dir='ltr'><strong>hoc</strong></span> <span class='ocrx_word' id='word_1_228' title='bbox 1853 2474 1952 2514; x_wconf 84' lang='lat' dir='ltr'><strong>ne-</strong></span> 
     </span>
    </p>
   </div>
   <div class='ocr_carea' id='block_1_26' title="bbox 303 2550 1951 2625">
    <p class='ocr_par' dir='ltr' id='par_1_26' title="bbox 303 2550 1951 2625">
     <span class='ocr_line' id='line_1_26' title="bbox 303 2550 1951 2625; baseline -0.002 -15"><span class='ocrx_word' id='word_1_229' title='bbox 303 2559 307 2563; x_wconf 84' lang='grc'><strong>’</strong></span> <span class='ocrx_word' id='word_1_230' title='bbox 368 2557 516 2625; x_wconf 78' lang='lat' dir='ltr'><strong>gotio</strong></span> <span class='ocrx_word' id='word_1_231' title='bbox 540 2568 872 2623; x_wconf 75' lang='lat' dir='ltr'><strong>cognoscere</strong></span> <span class='ocrx_word' id='word_1_232' title='bbox 901 2551 1107 2608; x_wconf 88' lang='lat' dir='ltr'><strong>licebit.</strong></span> <span class='ocrx_word' id='word_1_233' title='bbox 1148 2551 1286 2607; x_wconf 84' lang='lat' dir='ltr'><strong>Nam</strong></span> <span class='ocrx_word' id='word_1_234' title='bbox 1310 2551 1511 2607; x_wconf 81' lang='lat' dir='ltr'><strong>Christi</strong></span> <span class='ocrx_word' id='word_1_235' title='bbox 1546 2550 1791 2605; x_wconf 84' lang='lat' dir='ltr'><strong>Ecclesia</strong></span> <span class='ocrx_word' id='word_1_236' title='bbox 1822 2566 1951 2606; x_wconf 90' lang='lat' dir='ltr'><strong>cum</strong></span> 
     </span>
    </p>
   </div>
   <div class='ocr_carea' id='block_1_27' title="bbox 367 2644 1952 2717">
    <p class='ocr_par' dir='ltr' id='par_1_27' title="bbox 367 2644 1952 2717">
     <span class='ocr_line' id='line_1_27' title="bbox 367 2644 1952 2717; baseline -0.001 -16"><span class='ocrx_word' id='word_1_237' title='bbox 367 2648 598 2717; x_wconf 86' lang='lat' dir='ltr'><strong>reliquis</strong></span> <span class='ocrx_word' id='word_1_238' title='bbox 634 2646 838 2702; x_wconf 84' lang='lat' dir='ltr'><strong>divinis</strong></span> <span class='ocrx_word' id='word_1_239' title='bbox 898 2645 1243 2709; x_wconf 84' lang='lat' dir='ltr'><strong>muneribus,</strong></span> <span class='ocrx_word' id='word_1_240' title='bbox 1272 2660 1396 2716; x_wconf 75' lang='lat' dir='ltr'><strong>qua:</strong></span> <span class='ocrx_word' id='word_1_241' title='bbox 1442 2644 1590 2715; x_wconf 77' lang='lat' dir='ltr'><strong>large</strong></span> <span class='ocrx_word' id='word_1_242' title='bbox 1633 2644 1952 2700; x_wconf 85' lang='lat' dir='ltr'><strong>hominibus</strong></span> 
     </span>
    </p>
   </div>
   <div class='ocr_carea' id='block_1_28' title="bbox 366 2736 1953 2810">
    <p class='ocr_par' dir='ltr' id='par_1_28' title="bbox 366 2736 1953 2810">
     <span class='ocr_line' id='line_1_28' title="bbox 366 2736 1953 2810; baseline -0.001 -17"><span class='ocrx_word' id='word_1_243' title='bbox 366 2739 592 2810; x_wconf 71' lang='lat' dir='ltr'><strong>praebita</strong></span> <span class='ocrx_word' id='word_1_244' title='bbox 619 2746 771 2805; x_wconf 87' lang='lat' dir='ltr'><strong>sunt,</strong></span> <span class='ocrx_word' id='word_1_245' title='bbox 812 2737 1137 2809; x_wconf 89' lang='lat' dir='ltr'><strong>pontiﬁcum</strong></span> <span class='ocrx_word' id='word_1_246' title='bbox 1184 2738 1408 2792; x_wconf 82' lang='lat' dir='ltr'><strong>dextera</strong></span> <span class='ocrx_word' id='word_1_247' title='bbox 1440 2753 1689 2807; x_wconf 83' lang='lat' dir='ltr'><strong>magnam</strong></span> <span class='ocrx_word' id='word_1_248' title='bbox 1724 2736 1953 2792; x_wconf 86' lang='lat' dir='ltr'><strong>mirabi-</strong></span> 
     </span>
    </p>
   </div>
   <div class='ocr_carea' id='block_1_29' title="bbox 367 2826 1952 2900">
    <p class='ocr_par' dir='ltr' id='par_1_29' title="bbox 367 2826 1952 2900">
     <span class='ocr_line' id='line_1_29' title="bbox 367 2826 1952 2900; baseline -0.001 -15"><span class='ocrx_word' id='word_1_249' title='bbox 367 2830 586 2899; x_wconf 87' lang='lat' dir='ltr'><strong>lemque</strong></span> <span class='ocrx_word' id='word_1_250' title='bbox 613 2830 962 2885; x_wconf 83' lang='lat' dir='ltr'><strong>sacerdotum</strong></span> <span class='ocrx_word' id='word_1_251' title='bbox 1012 2828 1333 2900; x_wconf 84' lang='lat' dir='ltr'><strong>dignitatem</strong></span> <span class='ocrx_word' id='word_1_252' title='bbox 1365 2826 1768 2900; x_wconf 86' lang='lat' dir='ltr'><strong>[constituit],</strong></span> <span class='ocrx_word' id='word_1_253' title='bbox 1818 2843 1952 2897; x_wconf 89' lang='lat' dir='ltr'><strong>quo-</strong></span> 
     </span>
    </p>
   </div>
   <div class='ocr_carea' id='block_1_30' title="bbox 366 2918 1953 2992">
    <p class='ocr_par' dir='ltr' id='par_1_30' title="bbox 366 2918 1953 2992">
     <span class='ocr_line' id='line_1_30' title="bbox 366 2918 1953 2992; baseline 0 -18"><span class='ocrx_word' id='word_1_254' title='bbox 366 2937 487 2975; x_wconf 89' lang='lat' dir='ltr'><strong>rum</strong></span> <span class='ocrx_word' id='word_1_255' title='bbox 517 2918 755 2976; x_wconf 84' lang='lat' dir='ltr'><strong>ofﬁcium</strong></span> <span class='ocrx_word' id='word_1_256' title='bbox 786 2931 868 2977; x_wconf 87' lang='lat' dir='ltr'><strong>est</strong></span> <span class='ocrx_word' id='word_1_257' title='bbox 897 2921 1078 2992; x_wconf 91' lang='lat' dir='ltr'><strong>primo</strong></span> <span class='ocrx_word' id='word_1_258' title='bbox 1130 2930 1191 2976; x_wconf 88' lang='lat' dir='ltr'><strong>ut</strong></span> <span class='ocrx_word' id='word_1_259' title='bbox 1242 2930 1445 2977; x_wconf 87' lang='lat' dir='ltr'><strong>rectam</strong></span> <span class='ocrx_word' id='word_1_260' title='bbox 1481 2920 1550 2976; x_wconf 88' lang='lat' dir='ltr'><strong>de</strong></span> <span class='ocrx_word' id='word_1_261' title='bbox 1580 2920 1692 2975; x_wconf 87' lang='lat' dir='ltr'><strong>Deo</strong></span> <span class='ocrx_word' id='word_1_262' title='bbox 1749 2919 1953 2975; x_wconf 78' lang='lat' dir='ltr'><strong>doctri-</strong></span> 
     </span>
    </p>
   </div>
   <div class='ocr_carea' id='block_1_31' title="bbox 366 3011 1951 3084">
    <p class='ocr_par' dir='ltr' id='par_1_31' title="bbox 366 3011 1951 3084">
     <span class='ocr_line' id='line_1_31' title="bbox 366 3011 1951 3084; baseline -0.001 -17"><span class='ocrx_word' id='word_1_263' title='bbox 366 3029 493 3068; x_wconf 88' lang='lat' dir='ltr'><strong>nam</strong></span> <span class='ocrx_word' id='word_1_264' title='bbox 530 3023 773 3077; x_wconf 87' lang='lat' dir='ltr'><strong>teneant,</strong></span> <span class='ocrx_word' id='word_1_265' title='bbox 807 3023 864 3069; x_wconf 89' lang='lat' dir='ltr'><strong>et</strong></span> <span class='ocrx_word' id='word_1_266' title='bbox 897 3014 964 3068; x_wconf 87' lang='lat' dir='ltr'><strong>ad</strong></span> <span class='ocrx_word' id='word_1_267' title='bbox 996 3013 1318 3084; x_wconf 86' lang='lat' dir='ltr'><strong>sanguinem</strong></span> <span class='ocrx_word' id='word_1_268' title='bbox 1355 3028 1529 3081; x_wconf 88' lang='lat' dir='ltr'><strong>usque</strong></span> <span class='ocrx_word' id='word_1_269' title='bbox 1560 3011 1858 3067; x_wconf 79' lang='lat' dir='ltr'><strong>defendant</strong></span> <span class='ocrx_word' id='word_1_270' title='bbox 1886 3026 1951 3067; x_wconf 87' lang='lat' dir='ltr'><strong>ea</strong></span> 
     </span>
    </p>
   </div>
   <div class='ocr_carea' id='block_1_32' title="bbox 2054 1517 3633 1597">
    <p class='ocr_par' dir='ltr' id='par_1_32' title="bbox 2054 1517 3633 1597">
     <span class='ocr_line' id='line_1_32' title="bbox 2054 1517 3633 1597; baseline 0.01 -27"><span class='ocrx_word' id='word_1_271' title='bbox 2054 1517 2307 1597; x_wconf 54' lang='lat' dir='ltr'><strong>I‘psyqta</strong></span> <span class='ocrx_word' id='word_1_272' title='bbox 2359 1521 2465 1575; x_wconf 84' lang='grc' dir='ltr'><strong>τοῦ</strong></span> <span class='ocrx_word' id='word_1_273' title='bbox 2524 1522 2897 1597; x_wconf 69' lang='grc' dir='ltr'>πατριάρχου</span> <span class='ocrx_word' id='word_1_274' title='bbox 2971 1528 3432 1597; x_wconf 67' lang='grc' dir='ltr'>στηλιτειντικὸν</span> <span class='ocrx_word' id='word_1_275' title='bbox 3494 1534 3633 1597; x_wconf 57' lang='grc' dir='ltr'>πεί]</span> 
     </span>
    </p>
   </div>
   <div class='ocr_carea' id='block_1_33' title="bbox 2139 1588 3639 1663">
    <p class='ocr_par' dir='ltr' id='par_1_33' title="bbox 2139 1588 3639 1663">
     <span class='ocr_line' id='line_1_33' title="bbox 2139 1588 3639 1663; baseline 0.009 -21"><span class='ocrx_word' id='word_1_276' title='bbox 2139 1588 2424 1663; x_wconf 65' lang='grc' dir='ltr'>ἰωᾴκνου</span> <span class='ocrx_word' id='word_1_277' title='bbox 2454 1598 2644 1657; x_wconf 77' lang='grc' dir='ltr'>τιν‹“ς,</span> <span class='ocrx_word' id='word_1_278' title='bbox 2671 1588 2881 1660; x_wconf 49' lang='lat' dir='ltr'><strong>Apim</strong></span> <span class='ocrx_word' id='word_1_279' title='bbox 2921 1597 2987 1647; x_wconf 83' lang='grc' dir='ltr'>τὸ</span> <span class='ocrx_word' id='word_1_280' title='bbox 3014 1588 3293 1649; x_wconf 75' lang='grc' dir='ltr'>ἐπίθετον</span> <span class='ocrx_word' id='word_1_281' title='bbox 3321 1588 3639 1663; x_wconf 67' lang='grc' dir='ltr'>προσετᾶι-</span> 
     </span>
    </p>
   </div>
   <div class='ocr_carea' id='block_1_34' title="bbox 2118 1659 3639 1732">
    <p class='ocr_par' dir='ltr' id='par_1_34' title="bbox 2118 1659 3639 1732">
     <span class='ocr_line' id='line_1_34' title="bbox 2118 1659 3639 1732; baseline 0.009 -20"><span class='ocrx_word' id='word_1_282' title='bbox 2118 1659 2452 1729; x_wconf 78' lang='grc' dir='ltr'>ρισάμενος</span> <span class='ocrx_word' id='word_1_283' title='bbox 2483 1659 2827 1730; x_wconf 65' lang='grc' dir='ltr'>συμμορίαν</span> <span class='ocrx_word' id='word_1_284' title='bbox 2857 1664 3158 1732; x_wconf 73' lang='grc' dir='ltr'>ἐπάρατον</span> <span class='ocrx_word' id='word_1_285' title='bbox 3217 1659 3374 1719; x_wconf 76' lang='grc' dir='ltr'>κατᾶ</span> <span class='ocrx_word' id='word_1_286' title='bbox 3405 1688 3472 1722; x_wconf 75' lang='lat' dir='ltr'><strong>re</strong></span> <span class='ocrx_word' id='word_1_287' title='bbox 3503 1677 3639 1724; x_wconf 75' lang='grc' dir='ltr'>ποί-</span> 
     </span>
    </p>
   </div>
   <div class='ocr_carea' id='block_1_35' title="bbox 2120 1732 3634 1809">
    <p class='ocr_par' dir='ltr' id='par_1_35' title="bbox 2120 1732 3634 1809">
     <span class='ocr_line' id='line_1_35' title="bbox 2120 1732 3634 1809; baseline 0.01 -27"><span class='ocrx_word' id='word_1_288' title='bbox 2120 1746 2297 1809; x_wconf 67' lang='grc' dir='ltr'><strong>μνῃςΔ</strong></span> <span class='ocrx_word' id='word_1_289' title='bbox 2338 1732 2604 1809; x_wconf 61' lang='grc' dir='ltr'>Χριστορ</span> <span class='ocrx_word' id='word_1_290' title='bbox 2640 1733 2793 1809; x_wconf 72' lang='grc' dir='ltr'><strong>κατά</strong></span> <span class='ocrx_word' id='word_1_291' title='bbox 2851 1735 3063 1809; x_wconf 20' lang='grc' dir='ltr'>τεᾼτῆς</span> <span class='ocrx_word' id='word_1_292' title='bbox 3108 1736 3478 1807; x_wconf 77' lang='grc' dir='ltr'>Ἐκκ.ίησιάς</span> <span class='ocrx_word' id='word_1_293' title='bbox 3532 1744 3634 1797; x_wconf 75' lang='grc' dir='ltr'><strong>καί</strong></span> 
     </span>
    </p>
   </div>
   <div class='ocr_carea' id='block_1_36' title="bbox 1976 1790 3137 1874">
    <p class='ocr_par' dir='ltr' id='par_1_36' title="bbox 1976 1790 3137 1874">
     <span class='ocr_line' id='line_1_36' title="bbox 1976 1790 3137 1874; baseline 0.011 -27"><span class='ocrx_word' id='word_1_294' title='bbox 1976 1790 2020 1846; x_wconf 85' lang='grc' dir='ltr'><strong><em>Β</em></strong></span> <span class='ocrx_word' id='word_1_295' title='bbox 2120 1790 2240 1853; x_wconf 51' lang='grc' dir='ltr'>σοῦ’</span> <span class='ocrx_word' id='word_1_296' title='bbox 2258 1790 2635 1871; x_wconf 63' lang='grc' dir='ltr'>Ὁεοὸ-τεεοοῦς</span> <span class='ocrx_word' id='word_1_297' title='bbox 2667 1790 3137 1874; x_wconf 48' lang='grc' dir='ltr'>αὐτοκράτορος.</span> 
     </span>
    </p>
   </div>
   <div class='ocr_carea' id='block_1_37' title="bbox 2123 1911 3643 1993">
    <p class='ocr_par' dir='ltr' id='par_1_37' title="bbox 2123 1911 3643 1993">
     <span class='ocr_line' id='line_1_37' title="bbox 2123 1911 3643 1993; baseline 0.01 -26"><span class='ocrx_word' id='word_1_298' title='bbox 2123 1911 2298 1982; x_wconf 79' lang='grc' dir='ltr'>Χάρις</span> <span class='ocrx_word' id='word_1_299' title='bbox 2329 1914 2435 1968; x_wconf 83' lang='grc' dir='ltr'>κᾶν</span> <span class='ocrx_word' id='word_1_300' title='bbox 2485 1914 2646 1969; x_wconf 84' lang='grc' dir='ltr'>τοῦτο</span> <span class='ocrx_word' id='word_1_301' title='bbox 2677 1918 2775 1971; x_wconf 80' lang='grc' dir='ltr'><strong>σὺν</strong></span> <span class='ocrx_word' id='word_1_302' title='bbox 2803 1921 2871 1989; x_wconf 80' lang='grc' dir='ltr'>τῇ</span> <span class='ocrx_word' id='word_1_303' title='bbox 2915 1918 3076 1990; x_wconf 83' lang='grc' dir='ltr'>λοιπῇ</span> <span class='ocrx_word' id='word_1_304' title='bbox 3118 1922 3503 1993; x_wconf 76' lang='grc' dir='ltr'>ἀγαθοπρεπεῖ</span> <span class='ocrx_word' id='word_1_305' title='bbox 3552 1928 3643 1982; x_wconf 80' lang='grc' dir='ltr'>θε-</span> 
     </span>
    </p>
   </div>
   <div class='ocr_carea' id='block_1_38' title="bbox 2052 2003 3642 2089">
    <p class='ocr_par' dir='ltr' id='par_1_38' title="bbox 2052 2003 3642 2089">
     <span class='ocr_line' id='line_1_38' title="bbox 2052 2003 3642 2089; baseline 0.013 -33"><span class='ocrx_word' id='word_1_306' title='bbox 2052 2003 2253 2076; x_wconf 82' lang='grc' dir='ltr'>ουργίᾳ</span> <span class='ocrx_word' id='word_1_307' title='bbox 2284 2008 2350 2078; x_wconf 80' lang='grc' dir='ltr'>τῇ</span> <span class='ocrx_word' id='word_1_308' title='bbox 2405 2005 2569 2076; x_wconf 83' lang='grc' dir='ltr'>φύσει</span> <span class='ocrx_word' id='word_1_309' title='bbox 2605 2012 2668 2077; x_wconf 83' lang='grc' dir='ltr'>τῇ</span> <span class='ocrx_word' id='word_1_310' title='bbox 2734 2012 2984 2081; x_wconf 79' lang='grc' dir='ltr'>μακαρίᾳ</span> <span class='ocrx_word' id='word_1_311' title='bbox 3027 2013 3110 2065; x_wconf 77' lang='grc' dir='ltr'><strong>ὅτι</strong></span> <span class='ocrx_word' id='word_1_312' title='bbox 3159 2015 3257 2085; x_wconf 76' lang='grc' dir='ltr'>τὴν</span> <span class='ocrx_word' id='word_1_313' title='bbox 3303 2017 3642 2089; x_wconf 71' lang='grc' dir='ltr'><strong>Ἐκκλησίαν</strong></span> 
     </span>
    </p>
   </div>
   <div class='ocr_carea' id='block_1_39' title="bbox 2055 2096 3641 2180">
    <p class='ocr_par' dir='ltr' id='par_1_39' title="bbox 2055 2096 3641 2180">
     <span class='ocr_line' id='line_1_39' title="bbox 2055 2096 3641 2180; baseline 0.011 -32"><span class='ocrx_word' id='word_1_314' title='bbox 2055 2096 2329 2171; x_wconf 74' lang='grc' dir='ltr'>ἱερωσύνῃ</span> <span class='ocrx_word' id='word_1_315' title='bbox 2359 2098 2451 2153; x_wconf 78' lang='grc' dir='ltr'>καὶ</span> <span class='ocrx_word' id='word_1_316' title='bbox 2500 2098 2756 2172; x_wconf 73' lang='grc' dir='ltr'><strong>βασιλείᾳ</strong></span> <span class='ocrx_word' id='word_1_317' title='bbox 2800 2102 3154 2171; x_wconf 77' lang='grc' dir='ltr'><strong>ἁρμοζόντως</strong></span> <span class='ocrx_word' id='word_1_318' title='bbox 3192 2108 3529 2180; x_wconf 57' lang='grc' dir='ltr'>κατέστειίεν</span> <span class='ocrx_word' id='word_1_319' title='bbox 3561 2115 3641 2178; x_wconf 82' lang='grc' dir='ltr'><strong>ὼς</strong></span> 
     </span>
    </p>
   </div>
   <div class='ocr_carea' id='block_1_40' title="bbox 2052 2186 3640 2272">
    <p class='ocr_par' dir='ltr' id='par_1_40' title="bbox 2052 2186 3640 2272">
     <span class='ocr_line' id='line_1_40' title="bbox 2052 2186 3640 2272; baseline 0.013 -31"><span class='ocrx_word' id='word_1_320' title='bbox 2052 2186 2118 2242; x_wconf 80' lang='grc' dir='ltr'><strong>ἂν</strong></span> <span class='ocrx_word' id='word_1_321' title='bbox 2171 2189 2264 2243; x_wconf 80' lang='grc' dir='ltr'>ὑπ’</span> <span class='ocrx_word' id='word_1_322' title='bbox 2301 2194 2504 2261; x_wconf 68' lang='grc' dir='ltr'>ἀμφοῖν</span> <span class='ocrx_word' id='word_1_323' title='bbox 2552 2194 2615 2246; x_wconf 79' lang='grc' dir='ltr'>ἐκ</span> <span class='ocrx_word' id='word_1_324' title='bbox 2656 2193 2821 2264; x_wconf 79' lang='grc' dir='ltr'>ζήλου</span> <span class='ocrx_word' id='word_1_325' title='bbox 2857 2198 3208 2270; x_wconf 82' lang='grc' dir='ltr'>κρατουμένη</span> <span class='ocrx_word' id='word_1_326' title='bbox 3262 2204 3640 2272; x_wconf 76' lang='grc' dir='ltr'>κυπρίζοντας</span> 
     </span>
    </p>
   </div>
   <div class='ocr_carea' id='block_1_41' title="bbox 2055 2280 3636 2368">
    <p class='ocr_par' dir='ltr' id='par_1_41' title="bbox 2055 2280 3636 2368">
     <span class='ocr_line' id='line_1_41' title="bbox 2055 2280 3636 2368; baseline 0.014 -37"><span class='ocrx_word' id='word_1_327' title='bbox 2055 2280 2252 2350; x_wconf 83' lang='grc' dir='ltr'><strong>βότρυς</strong></span> <span class='ocrx_word' id='word_1_328' title='bbox 2270 2282 2523 2355; x_wconf 75' lang='grc' dir='ltr'>περκάζῃ</span> <span class='ocrx_word' id='word_1_329' title='bbox 2545 2285 2729 2349; x_wconf 79' lang='grc' dir='ltr'>ἀξίους</span> <span class='ocrx_word' id='word_1_330' title='bbox 2752 2287 2846 2339; x_wconf 68' lang='grc' dir='ltr'><strong>καὶ</strong></span> <span class='ocrx_word' id='word_1_331' title='bbox 2869 2288 3099 2361; x_wconf 79' lang='grc' dir='ltr'><strong>πλήρεις</strong></span> <span class='ocrx_word' id='word_1_332' title='bbox 3124 2294 3235 2346; x_wconf 85' lang='grc' dir='ltr'><strong>τῶν</strong></span> <span class='ocrx_word' id='word_1_333' title='bbox 3258 2293 3417 2349; x_wconf 80' lang='grc' dir='ltr'>θείων</span> <span class='ocrx_word' id='word_1_334' title='bbox 3434 2295 3636 2368; x_wconf 82' lang='grc' dir='ltr'>ληνῶν,</span> 
     </span>
    </p>
   </div>
   <div class='ocr_carea' id='block_1_42' title="bbox 2052 2373 3638 2456">
    <p class='ocr_par' dir='ltr' id='par_1_42' title="bbox 2052 2373 3638 2456">
     <span class='ocr_line' id='line_1_42' title="bbox 2052 2373 3638 2456; baseline 0.012 -27"><span class='ocrx_word' id='word_1_335' title='bbox 2052 2373 2148 2445; x_wconf 82' lang='grc' dir='ltr'><strong>ἀφ’</strong></span> <span class='ocrx_word' id='word_1_336' title='bbox 2166 2377 2365 2447; x_wconf 78' lang='grc' dir='ltr'>ἑαυτῆς</span> <span class='ocrx_word' id='word_1_337' title='bbox 2386 2379 2693 2447; x_wconf 70' lang='grc' dir='ltr'>ὀμφακίζον</span> <span class='ocrx_word' id='word_1_338' title='bbox 2717 2381 2865 2437; x_wconf 72' lang='grc' dir='ltr'>ἅπαν</span> <span class='ocrx_word' id='word_1_339' title='bbox 2884 2385 3266 2456; x_wconf 75' lang='grc' dir='ltr'>ἀπορῤαπίζου</span> <span class='ocrx_word' id='word_1_340' title='bbox 3277 2407 3360 2455; x_wconf 74' lang='grc' dir='ltr'><strong>σα,</strong></span> <span class='ocrx_word' id='word_1_341' title='bbox 3382 2393 3456 2456; x_wconf 85' lang='grc' dir='ltr'>ὡς</span> <span class='ocrx_word' id='word_1_342' title='bbox 3475 2394 3638 2449; x_wconf 78' lang='grc' dir='ltr'>τοῦτο</span> 
     </span>
    </p>
   </div>
   <div class='ocr_carea' id='block_1_43' title="bbox 2053 2470 3638 2559">
    <p class='ocr_par' dir='ltr' id='par_1_43' title="bbox 2053 2470 3638 2559">
     <span class='ocr_line' id='line_1_43' title="bbox 2053 2470 3638 2559; baseline 0.013 -38"><span class='ocrx_word' id='word_1_343' title='bbox 2053 2470 2351 2523; x_wconf 72' lang='grc' dir='ltr'>κάντεῦθεν</span> <span class='ocrx_word' id='word_1_344' title='bbox 2382 2473 2663 2542; x_wconf 86' lang='grc' dir='ltr'>εἰσόμεθα.</span> <span class='ocrx_word' id='word_1_345' title='bbox 2698 2476 2810 2545; x_wconf 77' lang='grc' dir='ltr'>Τῆς</span> <span class='ocrx_word' id='word_1_346' title='bbox 2864 2479 2973 2550; x_wconf 82' lang='grc' dir='ltr'>γὰρ</span> <span class='ocrx_word' id='word_1_347' title='bbox 3027 2482 3264 2550; x_wconf 80' lang='grc' dir='ltr'>Χριστοῦ</span> <span class='ocrx_word' id='word_1_348' title='bbox 3306 2486 3638 2559; x_wconf 78' lang='grc' dir='ltr'>Ἑκκλησίος</span> 
     </span>
    </p>
   </div>
   <div class='ocr_carea' id='block_1_44' title="bbox 2056 2560 3638 2650">
    <p class='ocr_par' dir='ltr' id='par_1_44' title="bbox 2056 2560 3638 2650">
     <span class='ocr_line' id='line_1_44' title="bbox 2056 2560 3638 2650; baseline 0.013 -37"><span class='ocrx_word' id='word_1_349' title='bbox 2056 2560 2156 2613; x_wconf 73' lang='grc' dir='ltr'><strong>σὺν</strong></span> <span class='ocrx_word' id='word_1_350' title='bbox 2183 2564 2303 2626; x_wconf 87' lang='grc' dir='ltr'>ταῖς</span> <span class='ocrx_word' id='word_1_351' title='bbox 2333 2563 2551 2627; x_wconf 54' lang='grc' dir='ltr'>λοιπαῖς</span> <span class='ocrx_word' id='word_1_352' title='bbox 2590 2567 2803 2632; x_wconf 86' lang='grc' dir='ltr'>θεῖκαῖς</span> <span class='ocrx_word' id='word_1_353' title='bbox 2836 2570 3069 2640; x_wconf 79' lang='grc' dir='ltr'>δωρεαῖς</span> <span class='ocrx_word' id='word_1_354' title='bbox 3106 2576 3638 2650; x_wconf 78' lang='grc' dir='ltr'>ὲπιδαψιλευομένης</span> 
     </span>
    </p>
   </div>
   <div class='ocr_carea' id='block_1_45' title="bbox 2054 2652 3639 2742">
    <p class='ocr_par' dir='ltr' id='par_1_45' title="bbox 2054 2652 3639 2742">
     <span class='ocr_line' id='line_1_45' title="bbox 2054 2652 3639 2742; baseline 0.014 -37"><span class='ocrx_word' id='word_1_355' title='bbox 2054 2652 2386 2723; x_wconf 57' lang='grc' dir='ltr'>ἀνθρώποις,</span> <span class='ocrx_word' id='word_1_356' title='bbox 2440 2658 2505 2708; x_wconf 79' lang='grc' dir='ltr'>ἐκ</span> <span class='ocrx_word' id='word_1_357' title='bbox 2548 2657 2731 2725; x_wconf 80' lang='grc' dir='ltr'>δεξιᾶς</span> <span class='ocrx_word' id='word_1_358' title='bbox 2777 2664 3193 2736; x_wconf 76' lang='grc' dir='ltr'><strong>ἀρχιερατικῆς,</strong></span> <span class='ocrx_word' id='word_1_359' title='bbox 3245 2670 3338 2723; x_wconf 71' lang='grc' dir='ltr'><strong>καὶ</strong></span> <span class='ocrx_word' id='word_1_360' title='bbox 3375 2670 3437 2725; x_wconf 69' lang='grc' dir='ltr'>τὸ</span> <span class='ocrx_word' id='word_1_361' title='bbox 3490 2673 3639 2742; x_wconf 71' lang='grc' dir='ltr'>μέγα</span> 
     </span>
    </p>
   </div>
   <div class='ocr_carea' id='block_1_46' title="bbox 2054 2746 3640 2832">
    <p class='ocr_par' dir='ltr' id='par_1_46' title="bbox 2054 2746 3640 2832">
     <span class='ocr_line' id='line_1_46' title="bbox 2054 2746 3640 2832; baseline 0.013 -35"><span class='ocrx_word' id='word_1_362' title='bbox 2054 2746 2206 2799; x_wconf 79' lang='grc' dir='ltr'>τουτὶ</span> <span class='ocrx_word' id='word_1_363' title='bbox 2236 2748 2332 2799; x_wconf 79' lang='grc' dir='ltr'>καὶ</span> <span class='ocrx_word' id='word_1_364' title='bbox 2374 2748 2731 2818; x_wconf 81' lang='grc' dir='ltr'>πανάγαστον</span> <span class='ocrx_word' id='word_1_365' title='bbox 2755 2753 2855 2824; x_wconf 82' lang='grc' dir='ltr'>τῆς</span> <span class='ocrx_word' id='word_1_366' title='bbox 2900 2756 3206 2830; x_wconf 72' lang='grc' dir='ltr'><strong>ἱερωσύνης</strong></span> <span class='ocrx_word' id='word_1_367' title='bbox 3248 2760 3488 2832; x_wconf 80' lang='grc' dir='ltr'>ἀξίωμα,</span> <span class='ocrx_word' id='word_1_368' title='bbox 3523 2760 3640 2820; x_wconf 77' lang='grc' dir='ltr'><strong>οἷσ-</strong></span> 
     </span>
    </p>
   </div>
   <div class='ocr_carea' id='block_1_47' title="bbox 2053 2839 3638 2923">
    <p class='ocr_par' dir='ltr' id='par_1_47' title="bbox 2053 2839 3638 2923">
     <span class='ocr_line' id='line_1_47' title="bbox 2053 2839 3638 2923; baseline 0.014 -32"><span class='ocrx_word' id='word_1_369' title='bbox 2053 2856 2196 2891; x_wconf 81' lang='grc' dir='ltr'>τισιν</span> <span class='ocrx_word' id='word_1_370' title='bbox 2235 2839 2431 2911; x_wconf 81' lang='grc' dir='ltr'>ὀφειλὴ</span> <span class='ocrx_word' id='word_1_371' title='bbox 2487 2843 2546 2895; x_wconf 81' lang='grc' dir='ltr'>τὸ</span> <span class='ocrx_word' id='word_1_372' title='bbox 2577 2846 2814 2914; x_wconf 83' lang='grc' dir='ltr'>πρώτως</span> <span class='ocrx_word' id='word_1_373' title='bbox 2868 2847 3175 2918; x_wconf 80' lang='grc' dir='ltr'>ὀρθοδοξεῖν</span> <span class='ocrx_word' id='word_1_374' title='bbox 3228 2853 3307 2916; x_wconf 84' lang='grc' dir='ltr'><strong>είς</strong></span> <span class='ocrx_word' id='word_1_375' title='bbox 3342 2855 3497 2923; x_wconf 75' lang='grc' dir='ltr'>Θεὸν,</span> <span class='ocrx_word' id='word_1_376' title='bbox 3537 2861 3638 2913; x_wconf 57' lang='lat' dir='ltr'><strong>aut</strong></span> 
     </span>
    </p>
   </div>
   <div class='ocr_carea' id='block_1_48' title="bbox 2056 2931 3643 3022">
    <p class='ocr_par' dir='ltr' id='par_1_48' title="bbox 2056 2931 3643 3022">
     <span class='ocr_line' id='line_1_48' title="bbox 2056 2931 3643 3022; baseline 0.013 -38"><span class='ocrx_word' id='word_1_377' title='bbox 2056 2931 2286 2999; x_wconf 83' lang='grc' dir='ltr'>αἵματος</span> <span class='ocrx_word' id='word_1_378' title='bbox 2321 2935 2519 3005; x_wconf 79' lang='grc' dir='ltr'><strong>μέχρις</strong></span> <span class='ocrx_word' id='word_1_379' title='bbox 2548 2936 2863 3003; x_wconf 75' lang='grc' dir='ltr'>ἃιεκδικεῖν,</span> <span class='ocrx_word' id='word_1_380' title='bbox 2900 2942 3002 2995; x_wconf 79' lang='grc' dir='ltr'><strong>ὅσα</strong></span> <span class='ocrx_word' id='word_1_381' title='bbox 3057 2944 3213 3013; x_wconf 82' lang='grc' dir='ltr'>φίλον</span> <span class='ocrx_word' id='word_1_382' title='bbox 3246 2947 3421 3015; x_wconf 79' lang='grc' dir='ltr'>αύτῷ,</span> <span class='ocrx_word' id='word_1_383' title='bbox 3451 2952 3545 3003; x_wconf 71' lang='grc' dir='ltr'><strong>καὶ</strong></span> <span class='ocrx_word' id='word_1_384' title='bbox 3573 2953 3643 3022; x_wconf 83' lang='grc' dir='ltr'><strong>δὴ</strong></span> 
     </span>
    </p>
   </div>
   <div class='ocr_carea' id='block_1_49' title="bbox 2056 3022 3645 3115">
    <p class='ocr_par' dir='ltr' id='par_1_49' title="bbox 2056 3022 3645 3115">
     <span class='ocr_line' id='line_1_49' title="bbox 2056 3022 3645 3115; baseline 0.013 -41"><span class='ocrx_word' id='word_1_385' title='bbox 2056 3022 2150 3115; x_wconf 64' lang='grc' dir='ltr'><strong>καλ</strong></span> <span class='ocrx_word' id='word_1_386' title='bbox 2181 3026 2470 3115; x_wconf 62' lang='grc' dir='ltr'>τηρεῖσθαι</span> <span class='ocrx_word' id='word_1_387' title='bbox 2503 3029 2731 3093; x_wconf 78' lang='grc' dir='ltr'>πιστοὺς</span> <span class='ocrx_word' id='word_1_388' title='bbox 2757 3033 2870 3095; x_wconf 86' lang='grc' dir='ltr'>τοῖς</span> <span class='ocrx_word' id='word_1_389' title='bbox 2895 3033 3185 3105; x_wconf 81' lang='grc' dir='ltr'>θεόφροσιν</span> <span class='ocrx_word' id='word_1_390' title='bbox 3219 3040 3645 3115; x_wconf 77' lang='grc' dir='ltr'>αὐτοκράτορσι,</span> 
     </span>
    </p>
   </div>
   <div class='ocr_carea' id='block_1_50' title="bbox 366 3107 1951 3202">
    <p class='ocr_par' dir='ltr' id='par_1_50' title="bbox 366 3107 1951 3179">
     <span class='ocr_line' id='line_1_50' title="bbox 366 3107 1951 3179; baseline -0.001 -16"><span class='ocrx_word' id='word_1_391' title='bbox 366 3126 486 3179; x_wconf 70' lang='lat' dir='ltr'><strong>quae</strong></span> <span class='ocrx_word' id='word_1_392' title='bbox 519 3110 664 3165; x_wconf 89' lang='lat' dir='ltr'><strong>Deus</strong></span> <span class='ocrx_word' id='word_1_393' title='bbox 696 3108 915 3165; x_wconf 82' lang='lat' dir='ltr'><strong>defendi</strong></span> <span class='ocrx_word' id='word_1_394' title='bbox 974 3109 1134 3179; x_wconf 87' lang='lat' dir='ltr'><strong>jubet</strong></span> <span class='ocrx_word' id='word_1_395' title='bbox 1156 3149 1172 3169; x_wconf 81' lang='lat'><em>.</em></span> <span class='ocrx_word' id='word_1_396' title='bbox 1206 3108 1393 3163; x_wconf 85' lang='lat' dir='ltr'><strong>ﬁdeles</strong></span> <span class='ocrx_word' id='word_1_397' title='bbox 1418 3107 1691 3178; x_wconf 76' lang='lat' dir='ltr'><strong>religiosis</strong></span> <span class='ocrx_word' id='word_1_398' title='bbox 1720 3107 1951 3178; x_wconf 89' lang='lat' dir='ltr'><strong>impera-</strong></span> 
     </span>
    </p>
   </div>
   <div class='ocr_carea' id='block_1_51' title="bbox 2062 3107 3651 3202">
    <p class='ocr_par' dir='ltr' id='par_1_51' title="bbox 2062 3107 3651 3202">
     <span class='ocr_line' id='line_1_51' title="bbox 2062 3107 3651 3202; baseline 0.016 -42"><span class='ocrx_word' id='word_1_399' title='bbox 2062 3110 2151 3162; x_wconf 77' lang='grc' dir='ltr'><strong>καὶ</strong></span> <span class='ocrx_word' id='word_1_400' title='bbox 2190 3112 2435 3176; x_wconf 75' lang='grc' dir='ltr'>εὐλαϐῶς</span> <span class='ocrx_word' id='word_1_401' title='bbox 2460 3116 2554 3168; x_wconf 72' lang='grc' dir='ltr'><strong>καὶ</strong></span> <span class='ocrx_word' id='word_1_402' title='bbox 2590 3119 3024 3190; x_wconf 77' lang='grc' dir='ltr'>πεφυλαγμένως</span> <span class='ocrx_word' id='word_1_403' title='bbox 3055 3124 3372 3202; x_wconf 78' lang='grc' dir='ltr'>δικαιοσύνῃ</span> <span class='ocrx_word' id='word_1_404' title='bbox 3390 3107 3499 3186; x_wconf 28' lang='lat' dir='ltr'><strong>vacat</strong></span> <span class='ocrx_word' id='word_1_405' title='bbox 3528 3107 3651 3187; x_wconf 52' lang='lat' dir='ltr'><strong>om;</strong></span> 
     </span>
    </p>
   </div>
   <div class='ocr_carea' id='block_1_52' title="bbox 368 3197 1954 3268">
    <p class='ocr_par' dir='ltr' id='par_1_52' title="bbox 368 3197 1954 3268">
     <span class='ocr_line' id='line_1_52' title="bbox 368 3197 1954 3268; baseline -0.002 -15"><span class='ocrx_word' id='word_1_406' title='bbox 368 3200 584 3254; x_wconf 87' lang='lat' dir='ltr'><strong>toribus</strong></span> <span class='ocrx_word' id='word_1_407' title='bbox 631 3208 908 3264; x_wconf 87' lang='lat' dir='ltr'><strong>maneant,</strong></span> <span class='ocrx_word' id='word_1_408' title='bbox 965 3208 1021 3254; x_wconf 90' lang='lat' dir='ltr'><strong>et</strong></span> <span class='ocrx_word' id='word_1_409' title='bbox 1054 3197 1145 3268; x_wconf 84' lang='lat' dir='ltr'><strong>pie</strong></span> <span class='ocrx_word' id='word_1_410' title='bbox 1173 3206 1228 3253; x_wconf 90' lang='lat' dir='ltr'><strong>et</strong></span> <span class='ocrx_word' id='word_1_411' title='bbox 1258 3206 1418 3253; x_wconf 88' lang='lat' dir='ltr'><strong>caute</strong></span> <span class='ocrx_word' id='word_1_412' title='bbox 1442 3197 1695 3266; x_wconf 68' lang='lat' dir='ltr'><strong>justitiaz,</strong></span> <span class='ocrx_word' id='word_1_413' title='bbox 1747 3206 1954 3267; x_wconf 88' lang='lat' dir='ltr'><strong>tempe-</strong></span> 
     </span>
    </p>
   </div>
   <div class='ocr_carea' id='block_1_53' title="bbox 368 3288 1955 3360">
    <p class='ocr_par' dir='ltr' id='par_1_53' title="bbox 368 3288 1955 3360">
     <span class='ocr_line' id='line_1_53' title="bbox 368 3288 1955 3360; baseline -0.001 -15"><span class='ocrx_word' id='word_1_414' title='bbox 368 3292 561 3346; x_wconf 85' lang='lat' dir='ltr'><strong>rantiae</strong></span> <span class='ocrx_word' id='word_1_415' title='bbox 600 3302 656 3347; x_wconf 90' lang='lat' dir='ltr'><strong>et</strong></span> <span class='ocrx_word' id='word_1_416' title='bbox 685 3291 903 3347; x_wconf 86' lang='lat' dir='ltr'><strong>veritati</strong></span> <span class='ocrx_word' id='word_1_417' title='bbox 931 3290 1065 3345; x_wconf 86' lang='lat' dir='ltr'><strong>dent</strong></span> <span class='ocrx_word' id='word_1_418' title='bbox 1103 3305 1352 3360; x_wconf 85' lang='lat' dir='ltr'><strong>operam,</strong></span> <span class='ocrx_word' id='word_1_419' title='bbox 1402 3298 1463 3343; x_wconf 91' lang='lat' dir='ltr'><strong>ut</strong></span> <span class='ocrx_word' id='word_1_420' title='bbox 1490 3304 1658 3359; x_wconf 82' lang='lat' dir='ltr'><strong>opere</strong></span> <span class='ocrx_word' id='word_1_421' title='bbox 1682 3297 1739 3344; x_wconf 90' lang='lat' dir='ltr'><strong>et</strong></span> <span class='ocrx_word' id='word_1_422' title='bbox 1784 3288 1955 3344; x_wconf 90' lang='lat' dir='ltr'><strong>verbo</strong></span> 
     </span>
    </p>
   </div>
   <div class='ocr_carea' id='block_1_54' title="bbox 369 3382 1956 3451">
    <p class='ocr_par' dir='ltr' id='par_1_54' title="bbox 369 3382 1956 3451">
     <span class='ocr_line' id='line_1_54' title="bbox 369 3382 1956 3451; baseline -0.002 -11"><span class='ocrx_word' id='word_1_423' title='bbox 369 3387 649 3451; x_wconf 79' lang='lat' dir='ltr'><strong>omnibus,</strong></span> <span class='ocrx_word' id='word_1_424' title='bbox 691 3386 758 3440; x_wconf 85' lang='lat' dir='ltr'><strong>ad</strong></span> <span class='ocrx_word' id='word_1_425' title='bbox 791 3386 1197 3441; x_wconf 88' lang='lat' dir='ltr'><strong>institutionem</strong></span> <span class='ocrx_word' id='word_1_426' title='bbox 1230 3384 1393 3439; x_wconf 90' lang='lat' dir='ltr'><strong>utiles</strong></span> <span class='ocrx_word' id='word_1_427' title='bbox 1430 3384 1564 3451; x_wconf 85' lang='lat' dir='ltr'><strong>sint,</strong></span> <span class='ocrx_word' id='word_1_428' title='bbox 1591 3393 1648 3439; x_wconf 89' lang='lat' dir='ltr'><strong>et</strong></span> <span class='ocrx_word' id='word_1_429' title='bbox 1687 3383 1817 3438; x_wconf 90' lang='lat' dir='ltr'><strong>salis</strong></span> <span class='ocrx_word' id='word_1_430' title='bbox 1868 3382 1956 3437; x_wconf 89' lang='lat' dir='ltr'><strong>lu-</strong></span> 
     </span>
    </p>
   </div>
   <div class='ocr_carea' id='block_1_55' title="bbox 368 3475 1956 3549">
    <p class='ocr_par' dir='ltr' id='par_1_55' title="bbox 368 3475 1956 3549">
     <span class='ocr_line' id='line_1_55' title="bbox 368 3475 1956 3549; baseline -0.002 -15"><span class='ocrx_word' id='word_1_431' title='bbox 368 3481 557 3549; x_wconf 89' lang='lat' dir='ltr'><strong>cisque</strong></span> <span class='ocrx_word' id='word_1_432' title='bbox 589 3481 760 3534; x_wconf 84' lang='lat' dir='ltr'><strong>instar</strong></span> <span class='ocrx_word' id='word_1_433' title='bbox 796 3480 1009 3547; x_wconf 88' lang='lat' dir='ltr'><strong>reliquo</strong></span> <span class='ocrx_word' id='word_1_434' title='bbox 1032 3478 1232 3548; x_wconf 87' lang='lat' dir='ltr'><strong>p0pulo</strong></span> <span class='ocrx_word' id='word_1_435' title='bbox 1264 3476 1434 3530; x_wconf 87' lang='lat' dir='ltr'><strong>ﬁant:</strong></span> <span class='ocrx_word' id='word_1_436' title='bbox 1461 3491 1526 3532; x_wconf 89' lang='lat' dir='ltr'><strong>ac</strong></span> <span class='ocrx_word' id='word_1_437' title='bbox 1567 3475 1869 3547; x_wconf 84' lang='lat' dir='ltr'><strong>praecipue,</strong></span> <span class='ocrx_word' id='word_1_438' title='bbox 1894 3484 1956 3531; x_wconf 91' lang='lat' dir='ltr'><strong>ut</strong></span> 
     </span>
    </p>
   </div>
   <div class='ocr_carea' id='block_1_56' title="bbox 369 3568 1954 3641">
    <p class='ocr_par' dir='ltr' id='par_1_56' title="bbox 369 3568 1954 3641">
     <span class='ocr_line' id='line_1_56' title="bbox 369 3568 1954 3641; baseline -0.002 -16"><span class='ocrx_word' id='word_1_439' title='bbox 369 3573 504 3635; x_wconf 83' lang='lat' dir='ltr'><strong>dixi,</strong></span> <span class='ocrx_word' id='word_1_440' title='bbox 536 3582 788 3627; x_wconf 85' lang='lat' dir='ltr'><strong>auctores</strong></span> <span class='ocrx_word' id='word_1_441' title='bbox 818 3570 1035 3641; x_wconf 87' lang='lat' dir='ltr'><strong>populis</strong></span> <span class='ocrx_word' id='word_1_442' title='bbox 1072 3571 1183 3624; x_wconf 88' lang='lat' dir='ltr'><strong>sint</strong></span> <span class='ocrx_word' id='word_1_443' title='bbox 1228 3579 1289 3624; x_wconf 89' lang='lat' dir='ltr'><strong>ut</strong></span> <span class='ocrx_word' id='word_1_444' title='bbox 1338 3568 1787 3625; x_wconf 89' lang='lat' dir='ltr'><strong>benevolentiam</strong></span> <span class='ocrx_word' id='word_1_445' title='bbox 1823 3584 1954 3638; x_wconf 84' lang='lat' dir='ltr'><strong>erga</strong></span> 
     </span>
    </p>
   </div>
   <div class='ocr_carea' id='block_1_57' title="bbox 372 3660 1953 3734">
    <p class='ocr_par' dir='ltr' id='par_1_57' title="bbox 372 3660 1953 3734">
     <span class='ocr_line' id='line_1_57' title="bbox 372 3660 1953 3734; baseline -0.003 -16"><span class='ocrx_word' id='word_1_446' title='bbox 372 3663 664 3734; x_wconf 87' lang='lat' dir='ltr'><strong>imperium</strong></span> <span class='ocrx_word' id='word_1_447' title='bbox 689 3672 1058 3729; x_wconf 88' lang='lat' dir='ltr'><strong>conservent,</strong></span> <span class='ocrx_word' id='word_1_448' title='bbox 1088 3663 1216 3732; x_wconf 84' lang='lat' dir='ltr'><strong>quia</strong></span> <span class='ocrx_word' id='word_1_449' title='bbox 1245 3663 1389 3718; x_wconf 90' lang='lat' dir='ltr'><strong>Deus</strong></span> <span class='ocrx_word' id='word_1_450' title='bbox 1418 3661 1568 3733; x_wconf 85' lang='lat' dir='ltr'><strong>pacis</strong></span> <span class='ocrx_word' id='word_1_451' title='bbox 1616 3661 1756 3716; x_wconf 84' lang='lat' dir='ltr'><strong>dixit</strong></span> <span class='ocrx_word' id='word_1_452' title='bbox 1778 3660 1953 3731; x_wconf 87' lang='lat' dir='ltr'><strong>respi-</strong></span> 
     </span>
    </p>
   </div>
   <div class='ocr_carea' id='block_1_58' title="bbox 370 3751 1953 3825">
    <p class='ocr_par' dir='ltr' id='par_1_58' title="bbox 370 3751 1953 3825">
     <span class='ocr_line' id='line_1_58' title="bbox 370 3751 1953 3825; baseline -0.002 -17"><span class='ocrx_word' id='word_1_453' title='bbox 370 3769 496 3809; x_wconf 86' lang='lat' dir='ltr'><strong>cere</strong></span> <span class='ocrx_word' id='word_1_454' title='bbox 529 3769 589 3809; x_wconf 82' lang='lat' dir='ltr'><strong>se</strong></span> <span class='ocrx_word' id='word_1_455' title='bbox 626 3763 968 3819; x_wconf 88' lang='lat' dir='ltr'><strong>mansuetos,</strong></span> <span class='ocrx_word' id='word_1_456' title='bbox 1004 3754 1307 3825; x_wconf 73' lang='lat' dir='ltr'><strong>morigeros</strong></span> <span class='ocrx_word' id='word_1_457' title='bbox 1329 3762 1382 3808; x_wconf 91' lang='lat' dir='ltr'><strong>et</strong></span> <span class='ocrx_word' id='word_1_458' title='bbox 1415 3753 1601 3807; x_wconf 86' lang='lat' dir='ltr'><strong>ﬁdeles</strong></span> <span class='ocrx_word' id='word_1_459' title='bbox 1629 3792 1643 3817; x_wconf 89' lang='lat'><strong>,</strong></span> <span class='ocrx_word' id='word_1_460' title='bbox 1681 3751 1953 3822; x_wconf 84' lang='lat' dir='ltr'><strong>supplica-</strong></span> 
     </span>
    </p>
   </div>
   <div class='ocr_carea' id='block_1_59' title="bbox 372 3843 1953 3916">
    <p class='ocr_par' dir='ltr' id='par_1_59' title="bbox 372 3843 1953 3916">
     <span class='ocr_line' id='line_1_59' title="bbox 372 3843 1953 3916; baseline -0.001 -17"><span class='ocrx_word' id='word_1_461' title='bbox 372 3848 570 3913; x_wconf 86' lang='lat' dir='ltr'><strong>tiones,</strong></span> <span class='ocrx_word' id='word_1_462' title='bbox 601 3846 897 3916; x_wconf 77' lang='lat' dir='ltr'><strong>gratiarum</strong></span> <span class='ocrx_word' id='word_1_463' title='bbox 928 3845 1177 3899; x_wconf 86' lang='lat' dir='ltr'><strong>actiones</strong></span> <span class='ocrx_word' id='word_1_464' title='bbox 1211 3845 1601 3914; x_wconf 88' lang='lat' dir='ltr'><strong>orationesque</strong></span> <span class='ocrx_word' id='word_1_465' title='bbox 1632 3843 1953 3913; x_wconf 79' lang='lat' dir='ltr'><strong>frequentes</strong></span> 
     </span>
    </p>
   </div>
   <div class='ocr_carea' id='block_1_60' title="bbox 371 3936 1953 4009">
    <p class='ocr_par' dir='ltr' id='par_1_60' title="bbox 371 3936 1953 4009">
     <span class='ocr_line' id='line_1_60' title="bbox 371 3936 1953 4009; baseline 0 -20"><span class='ocrx_word' id='word_1_466' title='bbox 371 3954 469 4008; x_wconf 77' lang='lat' dir='ltr'><strong>pro</strong></span> <span class='ocrx_word' id='word_1_467' title='bbox 500 3938 752 4009; x_wconf 89' lang='lat' dir='ltr'><strong>imperio,</strong></span> <span class='ocrx_word' id='word_1_468' title='bbox 787 3954 887 4009; x_wconf 87' lang='lat' dir='ltr'><strong>pro</strong></span> <span class='ocrx_word' id='word_1_469' title='bbox 915 3937 1322 4008; x_wconf 84' lang='lat' dir='ltr'><strong>magistratibus</strong></span> <span class='ocrx_word' id='word_1_470' title='bbox 1345 3976 1360 4000; x_wconf 91' lang='lat'><strong>,</strong></span> <span class='ocrx_word' id='word_1_471' title='bbox 1392 3952 1490 4007; x_wconf 92' lang='lat' dir='ltr'><strong>pro</strong></span> <span class='ocrx_word' id='word_1_472' title='bbox 1516 3936 1721 4007; x_wconf 77' lang='lat' dir='ltr'><strong>seipsis</strong></span> <span class='ocrx_word' id='word_1_473' title='bbox 1755 3944 1810 3991; x_wconf 90' lang='lat' dir='ltr'><strong>et</strong></span> <span class='ocrx_word' id='word_1_474' title='bbox 1853 3951 1953 4006; x_wconf 91' lang='lat' dir='ltr'><strong>pro</strong></span> 
     </span>
    </p>
   </div>
   <div class='ocr_carea' id='block_1_61' title="bbox 371 4028 1947 4100">
    <p class='ocr_par' dir='ltr' id='par_1_61' title="bbox 371 4028 1947 4100">
     <span class='ocr_line' id='line_1_61' title="bbox 371 4028 1947 4100; baseline -0.001 -16"><span class='ocrx_word' id='word_1_475' title='bbox 371 4039 486 4085; x_wconf 86' lang='lat' dir='ltr'><strong>toto</strong></span> <span class='ocrx_word' id='word_1_476' title='bbox 550 4029 752 4085; x_wconf 86' lang='lat' dir='ltr'><strong>mundo</strong></span> <span class='ocrx_word' id='word_1_477' title='bbox 780 4070 793 4094; x_wconf 93' lang='lat'><strong>,</strong></span> <span class='ocrx_word' id='word_1_478' title='bbox 833 4039 893 4083; x_wconf 91' lang='lat' dir='ltr'><strong>ut</strong></span> <span class='ocrx_word' id='word_1_479' title='bbox 945 4046 1041 4100; x_wconf 80' lang='lat' dir='ltr'><strong>par</strong></span> <span class='ocrx_word' id='word_1_480' title='bbox 1071 4040 1190 4095; x_wconf 81' lang='lat' dir='ltr'><strong>cst,</strong></span> <span class='ocrx_word' id='word_1_481' title='bbox 1239 4029 1438 4094; x_wconf 88' lang='lat' dir='ltr'><strong>edant;</strong></span> <span class='ocrx_word' id='word_1_482' title='bbox 1478 4038 1539 4082; x_wconf 88' lang='lat' dir='ltr'><strong>ut</strong></span> <span class='ocrx_word' id='word_1_483' title='bbox 1598 4028 1947 4097; x_wconf 88' lang='lat' dir='ltr'><strong>tranquillam</strong></span> 
     </span>
    </p>
   </div>
   <div class='ocr_carea' id='block_1_62' title="bbox 370 4121 1949 4196">
    <p class='ocr_par' dir='ltr' id='par_1_62' title="bbox 370 4121 1949 4196">
     <span class='ocr_line' id='line_1_62' title="bbox 370 4121 1949 4196; baseline 0 -18"><span class='ocrx_word' id='word_1_484' title='bbox 370 4126 803 4196; x_wconf 81' lang='lat' dir='ltr'><strong>agentesvitam.</strong></span> <span class='ocrx_word' id='word_1_485' title='bbox 852 4126 1023 4179; x_wconf 84' lang='lat' dir='ltr'><strong>instar</strong></span> <span class='ocrx_word' id='word_1_486' title='bbox 1071 4123 1279 4194; x_wconf 88' lang='lat' dir='ltr'><strong>speculi</strong></span> <span class='ocrx_word' id='word_1_487' title='bbox 1333 4121 1586 4176; x_wconf 85' lang='lat' dir='ltr'><strong>fidelibus</strong></span> <span class='ocrx_word' id='word_1_488' title='bbox 1632 4121 1949 4189; x_wconf 77' lang='lat' dir='ltr'><strong>exhibeant,</strong></span> 
     </span>
    </p>
   </div>
   <div class='ocr_carea' id='block_1_63' title="bbox 368 4213 1949 4289">
    <p class='ocr_par' dir='ltr' id='par_1_63' title="bbox 368 4213 1949 4289">
     <span class='ocr_line' id='line_1_63' title="bbox 368 4213 1949 4289; baseline -0.004 -15"><span class='ocrx_word' id='word_1_489' title='bbox 368 4234 480 4289; x_wconf 89' lang='lat' dir='ltr'><strong>quo</strong></span> <span class='ocrx_word' id='word_1_490' title='bbox 508 4219 631 4273; x_wconf 79' lang='lat' dir='ltr'><strong>vita:</strong></span> <span class='ocrx_word' id='word_1_491' title='bbox 662 4216 911 4271; x_wconf 88' lang='lat' dir='ltr'><strong>instituto</strong></span> <span class='ocrx_word' id='word_1_492' title='bbox 929 4233 1069 4286; x_wconf 91' lang='lat' dir='ltr'><strong>opus</strong></span> <span class='ocrx_word' id='word_1_493' title='bbox 1100 4226 1182 4270; x_wconf 90' lang='lat' dir='ltr'><strong>est</strong></span> <span class='ocrx_word' id='word_1_494' title='bbox 1210 4215 1299 4278; x_wconf 88' lang='lat' dir='ltr'><strong>iis,</strong></span> <span class='ocrx_word' id='word_1_495' title='bbox 1333 4214 1427 4283; x_wconf 75' lang='lat' dir='ltr'><strong>Qui</strong></span> <span class='ocrx_word' id='word_1_496' title='bbox 1455 4228 1514 4268; x_wconf 91' lang='lat' dir='ltr'><strong>se</strong></span> <span class='ocrx_word' id='word_1_497' title='bbox 1553 4228 1706 4275; x_wconf 88' lang='lat' dir='ltr'><strong>vero,</strong></span> <span class='ocrx_word' id='word_1_498' title='bbox 1743 4213 1949 4269; x_wconf 90' lang='lat' dir='ltr'><strong>viventi</strong></span> 
     </span>
    </p>
   </div>
   <div class='ocr_carea' id='block_1_64' title="bbox 367 4303 1948 4378">
    <p class='ocr_par' dir='ltr' id='par_1_64' title="bbox 367 4303 1948 4378">
     <span class='ocr_line' id='line_1_64' title="bbox 367 4303 1948 4378; baseline -0.006 -12"><span class='ocrx_word' id='word_1_499' title='bbox 367 4321 425 4367; x_wconf 89' lang='lat' dir='ltr'><strong>et</strong></span> <span class='ocrx_word' id='word_1_500' title='bbox 456 4310 548 4365; x_wconf 93' lang='lat' dir='ltr'><strong>uni</strong></span> <span class='ocrx_word' id='word_1_501' title='bbox 582 4310 693 4364; x_wconf 86' lang='lat' dir='ltr'><strong>Deo</strong></span> <span class='ocrx_word' id='word_1_502' title='bbox 723 4309 931 4362; x_wconf 76' lang='lat' dir='ltr'><strong>servire</strong></span> <span class='ocrx_word' id='word_1_503' title='bbox 961 4307 1305 4378; x_wconf 76' lang='lat' dir='ltr'><strong>gloriantur;</strong></span> <span class='ocrx_word' id='word_1_504' title='bbox 1332 4313 1517 4374; x_wconf 64' lang='lat' dir='ltr'><strong>atque</strong></span> <span class='ocrx_word' id='word_1_505' title='bbox 1545 4303 1801 4373; x_wconf 82' lang='lat' dir='ltr'><strong>aequitate</strong></span> <span class='ocrx_word' id='word_1_506' title='bbox 1821 4318 1948 4358; x_wconf 90' lang='lat' dir='ltr'><strong>con-</strong></span> 
     </span>
    </p>
   </div>
   <div class='ocr_carea' id='block_1_65' title="bbox 367 4397 1948 4469">
    <p class='ocr_par' dir='ltr' id='par_1_65' title="bbox 367 4397 1948 4469">
     <span class='ocr_line' id='line_1_65' title="bbox 367 4397 1948 4469; baseline -0.004 -9"><span class='ocrx_word' id='word_1_507' title='bbox 367 4402 582 4460; x_wconf 87' lang='lat' dir='ltr'><strong>decenti</strong></span> <span class='ocrx_word' id='word_1_508' title='bbox 623 4401 996 4456; x_wconf 86' lang='lat' dir='ltr'><strong>Christianum</strong></span> <span class='ocrx_word' id='word_1_509' title='bbox 1043 4407 1246 4454; x_wconf 67' lang='lat' dir='ltr'><strong>coetum</strong></span> <span class='ocrx_word' id='word_1_510' title='bbox 1278 4397 1346 4452; x_wconf 87' lang='lat' dir='ltr'><strong>ad</strong></span> <span class='ocrx_word' id='word_1_511' title='bbox 1388 4398 1592 4452; x_wconf 88' lang='lat' dir='ltr'><strong>bonum</strong></span> <span class='ocrx_word' id='word_1_512' title='bbox 1624 4412 1789 4452; x_wconf 86' lang='lat' dir='ltr'><strong>omne</strong></span> <span class='ocrx_word' id='word_1_513' title='bbox 1818 4413 1948 4469; x_wconf 78' lang='lat' dir='ltr'><strong>ope~</strong></span> 
     </span>
    </p>
   </div>
   <div class='ocr_carea' id='block_1_66' title="bbox 2061 3204 3651 3298">
    <p class='ocr_par' dir='ltr' id='par_1_66' title="bbox 2061 3204 3651 3298">
     <span class='ocr_line' id='line_1_66' title="bbox 2061 3204 3651 3298; baseline 0.017 -47"><span class='ocrx_word' id='word_1_514' title='bbox 2061 3204 2304 3298; x_wconf 77' lang='grc' dir='ltr'>φροσύνῃ</span> <span class='ocrx_word' id='word_1_515' title='bbox 2332 3207 2426 3258; x_wconf 69' lang='grc' dir='ltr'><strong>καὶ</strong></span> <span class='ocrx_word' id='word_1_516' title='bbox 2460 3209 2688 3283; x_wconf 72' lang='grc' dir='ltr'>ἀληθείᾳ</span> <span class='ocrx_word' id='word_1_517' title='bbox 2720 3213 2987 3283; x_wconf 80' lang='grc' dir='ltr'>βιοτεύειν</span> <span class='ocrx_word' id='word_1_518' title='bbox 3018 3220 3361 3289; x_wconf 75' lang='grc' dir='ltr'>ἐπείγεσθαι,</span> <span class='ocrx_word' id='word_1_519' title='bbox 3390 3227 3466 3288; x_wconf 88' lang='grc' dir='ltr'><strong>ὼς</strong></span> <span class='ocrx_word' id='word_1_520' title='bbox 3496 3229 3599 3298; x_wconf 78' lang='grc' dir='ltr'>ἐργ</span> <span class='ocrx_word' id='word_1_521' title='bbox 3622 3252 3651 3294; x_wconf 71' lang='grc' dir='ltr'><strong>ε»</strong></span> 
     </span>
    </p>
   </div>
   <div class='ocr_carea' id='block_1_67' title="bbox 2059 3295 3652 3386">
    <p class='ocr_par' dir='ltr' id='par_1_67' title="bbox 2059 3295 3652 3386">
     <span class='ocr_line' id='line_1_67' title="bbox 2059 3295 3652 3386; baseline 0.016 -40"><span class='ocrx_word' id='word_1_522' title='bbox 2059 3297 2153 3347; x_wconf 75' lang='grc' dir='ltr'>καὶ</span> <span class='ocrx_word' id='word_1_523' title='bbox 2193 3295 2335 3367; x_wconf 79' lang='grc' dir='ltr'>λόγῳ</span> <span class='ocrx_word' id='word_1_524' title='bbox 2369 3301 2532 3353; x_wconf 49' lang='grc' dir='ltr'>παντὶ</span> <span class='ocrx_word' id='word_1_525' title='bbox 2559 3303 2642 3362; x_wconf 76' lang='grc' dir='ltr'><strong>εἰς</strong></span> <span class='ocrx_word' id='word_1_526' title='bbox 2676 3306 2952 3377; x_wconf 81' lang='grc' dir='ltr'>παίδευμα</span> <span class='ocrx_word' id='word_1_527' title='bbox 2988 3312 3206 3367; x_wconf 74' lang='grc' dir='ltr'>κεῖσθαι</span> <span class='ocrx_word' id='word_1_528' title='bbox 3238 3318 3498 3386; x_wconf 78' lang='grc' dir='ltr'>χρηστόν.</span> <span class='ocrx_word' id='word_1_529' title='bbox 3528 3295 3652 3373; x_wconf 60' lang='lat' dir='ltr'><strong>Kal.</strong></span> 
     </span>
    </p>
   </div>
   <div class='ocr_carea' id='block_1_68' title="bbox 2058 3389 3651 3485">
    <p class='ocr_par' dir='ltr' id='par_1_68' title="bbox 2058 3389 3651 3485">
     <span class='ocr_line' id='line_1_68' title="bbox 2058 3389 3651 3485; baseline 0.017 -42"><span class='ocrx_word' id='word_1_530' title='bbox 2058 3389 2193 3485; x_wconf 74' lang='grc' dir='ltr'>ἃλας</span> <span class='ocrx_word' id='word_1_531' title='bbox 2227 3394 2323 3445; x_wconf 86' lang='grc' dir='ltr'><strong>καὶ</strong></span> <span class='ocrx_word' id='word_1_532' title='bbox 2369 3396 2490 3475; x_wconf 26' lang='grc' dir='ltr'>,φῶς</span> <span class='ocrx_word' id='word_1_533' title='bbox 2534 3401 2827 3469; x_wconf 76' lang='grc' dir='ltr'>τυγχάνειν</span> <span class='ocrx_word' id='word_1_534' title='bbox 2856 3403 2935 3474; x_wconf 84' lang='grc' dir='ltr'>τῷ</span> <span class='ocrx_word' id='word_1_535' title='bbox 2982 3405 3156 3477; x_wconf 84' lang='grc' dir='ltr'>λοιπῷ</span> <span class='ocrx_word' id='word_1_536' title='bbox 3193 3408 3329 3482; x_wconf 83' lang='grc' dir='ltr'>λαῷ,</span> <span class='ocrx_word' id='word_1_537' title='bbox 3369 3414 3463 3467; x_wconf 71' lang='grc' dir='ltr'><strong>καὶ</strong></span> <span class='ocrx_word' id='word_1_538' title='bbox 3496 3415 3651 3485; x_wconf 84' lang='grc' dir='ltr'>μάλα</span> 
     </span>
    </p>
   </div>
   <div class='ocr_carea' id='block_1_69' title="bbox 2060 3483 3649 3580">
    <p class='ocr_par' dir='ltr' id='par_1_69' title="bbox 2060 3483 3649 3580">
     <span class='ocr_line' id='line_1_69' title="bbox 2060 3483 3649 3580; baseline 0.018 -47"><span class='ocrx_word' id='word_1_539' title='bbox 2060 3483 2304 3580; x_wconf 42' lang='grc' dir='ltr'>προ-τῶν</span> <span class='ocrx_word' id='word_1_540' title='bbox 2338 3486 2541 3540; x_wconf 84' lang='grc' dir='ltr'>λοιπῶν</span> <span class='ocrx_word' id='word_1_541' title='bbox 2569 3492 2630 3543; x_wconf 84' lang='grc' dir='ltr'><strong>τὸ</strong></span> <span class='ocrx_word' id='word_1_542' title='bbox 2666 3491 2857 3547; x_wconf 76' lang='grc' dir='ltr'>εὔνουν</span> <span class='ocrx_word' id='word_1_543' title='bbox 2906 3497 3227 3554; x_wconf 79' lang='grc' dir='ltr'>ὑποτιθέναι</span> <span class='ocrx_word' id='word_1_544' title='bbox 3259 3506 3325 3575; x_wconf 77' lang='grc' dir='ltr'>τῇ</span> <span class='ocrx_word' id='word_1_545' title='bbox 3368 3483 3649 3580; x_wconf 81' lang='grc' dir='ltr'>βασιλείᾳ,</span> 
     </span>
    </p>
   </div>
   <div class='ocr_carea' id='block_1_70' title="bbox 2057 3574 3654 3669">
    <p class='ocr_par' dir='ltr' id='par_1_70' title="bbox 2057 3574 3654 3669">
     <span class='ocr_line' id='line_1_70' title="bbox 2057 3574 3654 3669; baseline 0.015 -44"><span class='ocrx_word' id='word_1_546' title='bbox 2057 3574 2131 3669; x_wconf 83' lang='grc' dir='ltr'>ὡς</span> <span class='ocrx_word' id='word_1_547' title='bbox 2158 3575 2316 3646; x_wconf 74' lang='grc' dir='ltr'>ἔφην,</span> <span class='ocrx_word' id='word_1_548' title='bbox 2363 3582 2553 3651; x_wconf 81' lang='grc' dir='ltr'>τηρεῖν</span> <span class='ocrx_word' id='word_1_549' title='bbox 2585 3585 2694 3648; x_wconf 86' lang='grc' dir='ltr'>τοῖς</span> <span class='ocrx_word' id='word_1_550' title='bbox 2727 3586 2897 3651; x_wconf 83' lang='grc' dir='ltr'>λαοῖς,</span> <span class='ocrx_word' id='word_1_551' title='bbox 2930 3588 3007 3651; x_wconf 81' lang='grc' dir='ltr'>ὡς</span> <span class='ocrx_word' id='word_1_552' title='bbox 3056 3574 3377 3648; x_wconf 76' lang='grc' dir='ltr'>ἐπιϐλέπειν</span> <span class='ocrx_word' id='word_1_553' title='bbox 3420 3574 3654 3669; x_wconf 73' lang='grc' dir='ltr'>λελαλῇ-</span> 
     </span>
    </p>
   </div>
   <div class='ocr_carea' id='block_1_71' title="bbox 2057 3667 3650 3759">
    <p class='ocr_par' dir='ltr' id='par_1_71' title="bbox 2057 3667 3650 3759">
     <span class='ocr_line' id='line_1_71' title="bbox 2057 3667 3650 3759; baseline 0.015 -40"><span class='ocrx_word' id='word_1_554' title='bbox 2057 3667 2214 3731; x_wconf 83' lang='grc' dir='ltr'>κότος</span> <span class='ocrx_word' id='word_1_555' title='bbox 2245 3670 2341 3723; x_wconf 90' lang='grc' dir='ltr'><strong>τοῦ</strong></span> <span class='ocrx_word' id='word_1_556' title='bbox 2376 3673 2475 3741; x_wconf 85' lang='grc' dir='ltr'>τῆς</span> <span class='ocrx_word' id='word_1_557' title='bbox 2506 3675 2728 3748; x_wconf 76' lang='grc' dir='ltr'>είρήνης</span> <span class='ocrx_word' id='word_1_558' title='bbox 2760 3678 2921 3743; x_wconf 86' lang='grc' dir='ltr'>Θεοῦ,</span> <span class='ocrx_word' id='word_1_559' title='bbox 2972 3686 3176 3752; x_wconf 85' lang='grc' dir='ltr'>πραέσι</span> <span class='ocrx_word' id='word_1_560' title='bbox 3213 3689 3309 3738; x_wconf 82' lang='grc' dir='ltr'>καὶ</span> <span class='ocrx_word' id='word_1_561' title='bbox 3348 3667 3650 3759; x_wconf 15' lang='grc' dir='ltr'>πειθηνίαήν</span> 
     </span>
    </p>
   </div>
   <div class='ocr_carea' id='block_1_72' title="bbox 2057 3759 3653 3844">
    <p class='ocr_par' dir='ltr' id='par_1_72' title="bbox 2057 3759 3653 3844">
     <span class='ocr_line' id='line_1_72' title="bbox 2057 3759 3653 3844; baseline 0.016 -33"><span class='ocrx_word' id='word_1_562' title='bbox 2057 3759 2123 3812; x_wconf 78' lang='grc' dir='ltr'>ἂν</span> <span class='ocrx_word' id='word_1_563' title='bbox 2163 3759 2280 3831; x_wconf 75' lang='lat' dir='ltr'><strong>(sic)</strong></span> <span class='ocrx_word' id='word_1_564' title='bbox 2314 3763 2409 3816; x_wconf 72' lang='grc' dir='ltr'>καὶ</span> <span class='ocrx_word' id='word_1_565' title='bbox 2448 3769 2660 3829; x_wconf 84' lang='grc' dir='ltr'>πιστοῖς</span> <span class='ocrx_word' id='word_1_566' title='bbox 2688 3783 2702 3799; x_wconf 87' lang='grc'><strong>·</strong></span> <span class='ocrx_word' id='word_1_567' title='bbox 2735 3769 2947 3839; x_wconf 77' lang='grc' dir='ltr'>δεήσεις</span> <span class='ocrx_word' id='word_1_568' title='bbox 2996 3769 3064 3825; x_wconf 78' lang='grc' dir='ltr'><strong>αὖ</strong></span> <span class='ocrx_word' id='word_1_569' title='bbox 3098 3774 3193 3827; x_wconf 77' lang='grc' dir='ltr'>καὶ</span> <span class='ocrx_word' id='word_1_570' title='bbox 3244 3777 3512 3844; x_wconf 80' lang='grc' dir='ltr'>ἐντεύξ;ις</span> <span class='ocrx_word' id='word_1_571' title='bbox 3555 3784 3653 3835; x_wconf 81' lang='grc' dir='ltr'>εύ-</span> 
     </span>
    </p>
   </div>
   <div class='ocr_carea' id='block_1_73' title="bbox 2054 3854 3650 3943">
    <p class='ocr_par' dir='ltr' id='par_1_73' title="bbox 2054 3854 3650 3943">
     <span class='ocr_line' id='line_1_73' title="bbox 2054 3854 3650 3943; baseline 0.015 -40"><span class='ocrx_word' id='word_1_572' title='bbox 2054 3854 2345 3923; x_wconf 82' lang='grc' dir='ltr'>χαριστίας</span> <span class='ocrx_word' id='word_1_573' title='bbox 2400 3859 2497 3911; x_wconf 67' lang='grc' dir='ltr'><strong>κοιλ⁸</strong></span> <span class='ocrx_word' id='word_1_574' title='bbox 2535 3861 2846 3930; x_wconf 83' lang='grc' dir='ltr'>προσευχὰς</span> <span class='ocrx_word' id='word_1_575' title='bbox 2879 3865 3094 3927; x_wconf 76' lang='grc' dir='ltr'>πυκνὰς</span> <span class='ocrx_word' id='word_1_576' title='bbox 3126 3868 3328 3932; x_wconf 78' lang='grc' dir='ltr'>αὐτοὺς</span> <span class='ocrx_word' id='word_1_577' title='bbox 3379 3875 3650 3943; x_wconf 80' lang='grc' dir='ltr'>ποιουμέ-</span> 
     </span>
    </p>
   </div>
   <div class='ocr_carea' id='block_1_74' title="bbox 2057 3946 3647 4029">
    <p class='ocr_par' dir='ltr' id='par_1_74' title="bbox 2057 3946 3647 4029">
     <span class='ocr_line' id='line_1_74' title="bbox 2057 3946 3647 4029; baseline 0.014 -31"><span class='ocrx_word' id='word_1_578' title='bbox 2057 3963 2178 4011; x_wconf 79' lang='grc' dir='ltr'>νους</span> <span class='ocrx_word' id='word_1_579' title='bbox 2210 3948 2604 4018; x_wconf 66' lang='grc' dir='ltr'>ὀφειλομένους,</span> <span class='ocrx_word' id='word_1_580' title='bbox 2640 3946 2798 4026; x_wconf 84' lang='grc' dir='ltr'>ύπέρ</span> <span class='ocrx_word' id='word_1_581' title='bbox 2831 3973 2892 4024; x_wconf 86' lang='grc' dir='ltr'><strong>γε</strong></span> <span class='ocrx_word' id='word_1_582' title='bbox 2927 3958 3029 4027; x_wconf 81' lang='grc' dir='ltr'>τῆς</span> <span class='ocrx_word' id='word_1_583' title='bbox 3081 3959 3363 4029; x_wconf 78' lang='grc' dir='ltr'>βασιλείας</span> <span class='ocrx_word' id='word_1_584' title='bbox 3396 3966 3492 4019; x_wconf 74' lang='grc' dir='ltr'><strong>καὶ</strong></span> <span class='ocrx_word' id='word_1_585' title='bbox 3529 3969 3647 4022; x_wconf 82' lang='grc' dir='ltr'><strong>τῶν</strong></span> 
     </span>
    </p>
   </div>
   <div class='ocr_carea' id='block_1_75' title="bbox 2056 4038 3645 4123">
    <p class='ocr_par' dir='ltr' id='par_1_75' title="bbox 2056 4038 3645 4123">
     <span class='ocr_line' id='line_1_75' title="bbox 2056 4038 3645 4123; baseline 0.014 -33"><span class='ocrx_word' id='word_1_586' title='bbox 2056 4038 2113 4090; x_wconf 86' lang='grc' dir='ltr'>ὲν</span> <span class='ocrx_word' id='word_1_587' title='bbox 2150 4040 2296 4093; x_wconf 83' lang='grc' dir='ltr'>τέλει</span> <span class='ocrx_word' id='word_1_588' title='bbox 2329 4042 2423 4096; x_wconf 79' lang='grc' dir='ltr'>καὶ</span> <span class='ocrx_word' id='word_1_589' title='bbox 2480 4045 2715 4112; x_wconf 73' lang='grc' dir='ltr'>ἑαυτῶν,</span> <span class='ocrx_word' id='word_1_590' title='bbox 2757 4050 2851 4102; x_wconf 79' lang='grc' dir='ltr'>καὶ</span> <span class='ocrx_word' id='word_1_591' title='bbox 2903 4050 2999 4104; x_wconf 85' lang='grc' dir='ltr'><strong>τοῦ</strong></span> <span class='ocrx_word' id='word_1_592' title='bbox 3038 4049 3248 4123; x_wconf 77' lang='grc' dir='ltr'>κόσμου</span> <span class='ocrx_word' id='word_1_593' title='bbox 3300 4058 3524 4123; x_wconf 81' lang='grc' dir='ltr'>παντὸς,</span> <span class='ocrx_word' id='word_1_594' title='bbox 3559 4060 3645 4123; x_wconf 83' lang='grc' dir='ltr'>ὡς</span> 
     </span>
    </p>
   </div>
   <div class='ocr_carea' id='block_1_76' title="bbox 2058 4130 3647 4218">
    <p class='ocr_par' dir='ltr' id='par_1_76' title="bbox 2058 4130 3647 4218">
     <span class='ocr_line' id='line_1_76' title="bbox 2058 4130 3647 4218; baseline 0.014 -34"><span class='ocrx_word' id='word_1_595' title='bbox 2058 4130 2124 4184; x_wconf 85' lang='grc' dir='ltr'><strong>ἂν</strong></span> <span class='ocrx_word' id='word_1_596' title='bbox 2156 4133 2452 4206; x_wconf 77' lang='grc' dir='ltr'><strong>ὲν“ὴρέμῳ</strong></span> <span class='ocrx_word' id='word_1_597' title='bbox 2484 4138 2693 4191; x_wconf 79' lang='grc' dir='ltr'>ἐκεῖθεν</span> <span class='ocrx_word' id='word_1_598' title='bbox 2741 4139 2853 4212; x_wconf 77' lang='grc' dir='ltr'><strong>ζωῇ</strong></span> <span class='ocrx_word' id='word_1_599' title='bbox 2895 4142 3051 4212; x_wconf 79' lang='grc' dir='ltr'>δίκην</span> <span class='ocrx_word' id='word_1_600' title='bbox 3093 4147 3358 4216; x_wconf 67' lang='grc' dir='ltr'>ἐσόπτρου</span> <span class='ocrx_word' id='word_1_601' title='bbox 3408 4154 3647 4218; x_wconf 73' lang='grc' dir='ltr'>πιστοὺς</span> 
     </span>
    </p>
   </div>
   <div class='ocr_carea' id='block_1_77' title="bbox 2055 4224 3646 4313">
    <p class='ocr_par' dir='ltr' id='par_1_77' title="bbox 2055 4224 3646 4313">
     <span class='ocr_line' id='line_1_77' title="bbox 2055 4224 3646 4313; baseline 0.016 -39"><span class='ocrx_word' id='word_1_602' title='bbox 2055 4224 2463 4293; x_wconf 74' lang='grc' dir='ltr'>ὑπεμφαίνοιεν</span> <span class='ocrx_word' id='word_1_603' title='bbox 2498 4229 2690 4294; x_wconf 73' lang='grc' dir='ltr'>ὁποίας</span> <span class='ocrx_word' id='word_1_604' title='bbox 2724 4231 2835 4285; x_wconf 81' lang='grc' dir='ltr'><strong>δέοι</strong></span> <span class='ocrx_word' id='word_1_605' title='bbox 2867 4235 3220 4307; x_wconf 75' lang='grc' dir='ltr'>ἀναστροφῆς</span> <span class='ocrx_word' id='word_1_606' title='bbox 3258 4243 3373 4304; x_wconf 85' lang='grc' dir='ltr'>τοῖς</span> <span class='ocrx_word' id='word_1_607' title='bbox 3405 4243 3646 4313; x_wconf 76' lang='grc' dir='ltr'>αὖχοῦσι</span> 
     </span>
    </p>
   </div>
   <div class='ocr_carea' id='block_1_78' title="bbox 2054 4316 3650 4405">
    <p class='ocr_par' dir='ltr' id='par_1_78' title="bbox 2054 4316 3650 4405">
     <span class='ocr_line' id='line_1_78' title="bbox 2054 4316 3650 4405; baseline 0.016 -36"><span class='ocrx_word' id='word_1_608' title='bbox 2054 4316 2346 4388; x_wconf 85' lang='grc' dir='ltr'>λατρεύειν</span> <span class='ocrx_word' id='word_1_609' title='bbox 2380 4319 2457 4391; x_wconf 82' lang='grc' dir='ltr'>τῷ</span> <span class='ocrx_word' id='word_1_610' title='bbox 2492 4322 2686 4390; x_wconf 77' lang='grc' dir='ltr'>ἀληθεῖ</span> <span class='ocrx_word' id='word_1_611' title='bbox 2723 4325 2813 4378; x_wconf 70' lang='grc' dir='ltr'>καὶ</span> <span class='ocrx_word' id='word_1_612' title='bbox 2859 4324 3024 4389; x_wconf 74' lang='grc' dir='ltr'>ζῶντι</span> <span class='ocrx_word' id='word_1_613' title='bbox 3061 4332 3155 4383; x_wconf 80' lang='grc' dir='ltr'><strong>καὶ</strong></span> <span class='ocrx_word' id='word_1_614' title='bbox 3185 4332 3333 4403; x_wconf 85' lang='grc' dir='ltr'>μόνῳ</span> <span class='ocrx_word' id='word_1_615' title='bbox 3376 4336 3516 4405; x_wconf 82' lang='grc' dir='ltr'>Θεῷ,</span> <span class='ocrx_word' id='word_1_616' title='bbox 3547 4343 3650 4395; x_wconf 75' lang='grc' dir='ltr'>καὶ</span> 
     </span>
    </p>
   </div>
   <div class='ocr_carea' id='block_1_79' title="bbox 2053 4408 3651 4498">
    <p class='ocr_par' dir='ltr' id='par_1_79' title="bbox 2053 4408 3651 4498">
     <span class='ocr_line' id='line_1_79' title="bbox 2053 4408 3651 4498; baseline 0.016 -39"><span class='ocrx_word' id='word_1_617' title='bbox 2053 4408 2325 4478; x_wconf 63' lang='grc' dir='ltr'>ἐπιεικείᾳ</span> <span class='ocrx_word' id='word_1_618' title='bbox 2386 4417 2761 4481; x_wconf 83' lang='grc' dir='ltr'>σεμνοπρεπεῖ</span> <span class='ocrx_word' id='word_1_619' title='bbox 2807 4416 2867 4469; x_wconf 83' lang='grc' dir='ltr'>τὸ</span> <span class='ocrx_word' id='word_1_620' title='bbox 2909 4418 3303 4492; x_wconf 85' lang='grc' dir='ltr'>Χριστώνυμον</span> <span class='ocrx_word' id='word_1_621' title='bbox 3353 4426 3651 4498; x_wconf 85' lang='grc' dir='ltr'>σύνταγμα</span> 
     </span>
    </p>
   </div>
   <div class='ocr_carea' id='block_1_80' title="bbox 368 4487 1951 4578">
    <p class='ocr_par' dir='ltr' id='par_1_80' title="bbox 368 4487 1947 4564">
     <span class='ocr_line' id='line_1_80' title="bbox 368 4487 1947 4564; baseline -0.006 -11"><span class='ocrx_word' id='word_1_622' title='bbox 368 4515 489 4553; x_wconf 89' lang='lat' dir='ltr'><strong>rum</strong></span> <span class='ocrx_word' id='word_1_623' title='bbox 544 4495 796 4564; x_wconf 82' lang='lat' dir='ltr'><strong>exemplo</strong></span> <span class='ocrx_word' id='word_1_624' title='bbox 823 4492 1179 4563; x_wconf 87' lang='lat' dir='ltr'><strong>compellant.</strong></span> <span class='ocrx_word' id='word_1_625' title='bbox 1244 4491 1466 4553; x_wconf 83' lang='lat' dir='ltr'><strong>Verum,</strong></span> <span class='ocrx_word' id='word_1_626' title='bbox 1497 4489 1553 4543; x_wconf 87' lang='lat' dir='ltr'><strong>in</strong></span> <span class='ocrx_word' id='word_1_627' title='bbox 1586 4487 1692 4554; x_wconf 89' lang='lat' dir='ltr'><strong>bis,</strong></span> <span class='ocrx_word' id='word_1_628' title='bbox 1742 4504 1842 4544; x_wconf 87' lang='lat' dir='ltr'><strong>ceu</strong></span> <span class='ocrx_word' id='word_1_629' title='bbox 1893 4490 1947 4545; x_wconf 89' lang='lat' dir='ltr'><strong>in</strong></span> 
     </span>
    </p>
   </div>
   <div class='ocr_carea' id='block_1_81' title="bbox 2062 4487 3648 4578">
    <p class='ocr_par' dir='ltr' id='par_1_81' title="bbox 2062 4487 3648 4578">
     <span class='ocr_line' id='line_1_81' title="bbox 2062 4487 3648 4578; baseline 0.016 -27"><span class='ocrx_word' id='word_1_630' title='bbox 2062 4502 2133 4561; x_wconf 75' lang='grc' dir='ltr'>εἰς</span> <span class='ocrx_word' id='word_1_631' title='bbox 2156 4502 2264 4554; x_wconf 84' lang='grc' dir='ltr'>πᾶν</span> <span class='ocrx_word' id='word_1_632' title='bbox 2291 4501 2494 4570; x_wconf 72' lang='grc' dir='ltr'>ἀγαθὸν</span> <span class='ocrx_word' id='word_1_633' title='bbox 2523 4505 2582 4569; x_wconf 78' lang='grc' dir='ltr'><strong>ἐξ</strong></span> <span class='ocrx_word' id='word_1_634' title='bbox 2610 4499 2684 4558; x_wconf 79' lang='grc' dir='ltr'><strong>ὧν</strong></span> <span class='ocrx_word' id='word_1_635' title='bbox 2706 4508 3026 4578; x_wconf 69' lang='grc' dir='ltr'>ἐνεργοῦσιν</span> <span class='ocrx_word' id='word_1_636' title='bbox 3051 4513 3209 4568; x_wconf 74' lang='grc' dir='ltr'>αὐτοὶ</span> <span class='ocrx_word' id='word_1_637' title='bbox 3232 4487 3648 4578; x_wconf 70' lang='grc' dir='ltr'>συνελαύνοιεν.</span> 
     </span>
    </p>
   </div>
   <div class='ocr_carea' id='block_1_82' title="bbox 366 4581 1949 4655">
    <p class='ocr_par' dir='ltr' id='par_1_82' title="bbox 366 4581 1949 4655">
     <span class='ocr_line' id='line_1_82' title="bbox 366 4581 1949 4655; baseline -0.007 -8"><span class='ocrx_word' id='word_1_638' title='bbox 366 4596 548 4655; x_wconf 78' lang='lat' dir='ltr'><strong>vinea,</strong></span> <span class='ocrx_word' id='word_1_639' title='bbox 584 4590 873 4645; x_wconf 84' lang='lat' dir='ltr'><strong>subortum</strong></span> <span class='ocrx_word' id='word_1_640' title='bbox 905 4587 1102 4640; x_wconf 88' lang='lat' dir='ltr'><strong>rubum</strong></span> <span class='ocrx_word' id='word_1_641' title='bbox 1129 4598 1252 4638; x_wconf 88' lang='lat' dir='ltr'><strong>esse</strong></span> <span class='ocrx_word' id='word_1_642' title='bbox 1277 4581 1628 4637; x_wconf 84' lang='lat' dir='ltr'><strong>audivimus:</strong></span> <span class='ocrx_word' id='word_1_643' title='bbox 1667 4597 1949 4652; x_wconf 89' lang='lat' dir='ltr'><strong>unumque</strong></span> 
     </span>
    </p>
   </div>
   <div class='ocr_carea' id='block_1_83' title="bbox 365 4673 1953 4751">
    <p class='ocr_par' dir='ltr' id='par_1_83' title="bbox 365 4673 1953 4751">
     <span class='ocr_line' id='line_1_83' title="bbox 365 4673 1953 4751; baseline -0.008 -10"><span class='ocrx_word' id='word_1_644' title='bbox 365 4702 431 4741; x_wconf 68' lang='lat' dir='ltr'><strong>ex</strong></span> <span class='ocrx_word' id='word_1_645' title='bbox 472 4683 650 4751; x_wconf 78' lang='lat' dir='ltr'><strong>magni</strong></span> <span class='ocrx_word' id='word_1_646' title='bbox 683 4679 984 4735; x_wconf 82' lang='lat' dir='ltr'><strong>Salvatoris</strong></span> <span class='ocrx_word' id='word_1_647' title='bbox 1018 4676 1224 4732; x_wconf 87' lang='lat' dir='ltr'><strong>Christi</strong></span> <span class='ocrx_word' id='word_1_648' title='bbox 1254 4673 1539 4744; x_wconf 89' lang='lat' dir='ltr'><strong>discipulis</strong></span> <span class='ocrx_word' id='word_1_649' title='bbox 1565 4673 1794 4743; x_wconf 85' lang='lat' dir='ltr'><strong>profana</strong></span> <span class='ocrx_word' id='word_1_650' title='bbox 1819 4690 1953 4743; x_wconf 86' lang='lat' dir='ltr'><strong>qua-</strong></span> 
     </span>
    </p>
   </div>
   <div class='ocr_carea' id='block_1_84' title="bbox 366 4771 1950 4842">
    <p class='ocr_par' dir='ltr' id='par_1_84' title="bbox 366 4771 1950 4842">
     <span class='ocr_line' id='line_1_84' title="bbox 366 4771 1950 4842; baseline -0.008 -4"><span class='ocrx_word' id='word_1_651' title='bbox 366 4785 489 4838; x_wconf 89' lang='lat' dir='ltr'><strong>dam</strong></span> <span class='ocrx_word' id='word_1_652' title='bbox 546 4780 906 4836; x_wconf 89' lang='lat' dir='ltr'><strong>subversione</strong></span> <span class='ocrx_word' id='word_1_653' title='bbox 966 4786 1022 4831; x_wconf 88' lang='lat' dir='ltr'><strong>et</strong></span> <span class='ocrx_word' id='word_1_654' title='bbox 1070 4784 1224 4829; x_wconf 87' lang='lat' dir='ltr'><strong>torva</strong></span> <span class='ocrx_word' id='word_1_655' title='bbox 1269 4773 1571 4836; x_wconf 86' lang='lat' dir='ltr'><strong>sententia,</strong></span> <span class='ocrx_word' id='word_1_656' title='bbox 1614 4771 1950 4842; x_wconf 86' lang='lat' dir='ltr'><strong>proditorem</strong></span> 
     </span>
    </p>
   </div>
   <div class='ocr_carea' id='block_1_85' title="bbox 367 4865 1947 4941">
    <p class='ocr_par' dir='ltr' id='par_1_85' title="bbox 367 4865 1947 4941">
     <span class='ocr_line' id='line_1_85' title="bbox 367 4865 1947 4941; baseline -0.008 -9"><span class='ocrx_word' id='word_1_657' title='bbox 367 4879 570 4932; x_wconf 80' lang='lat' dir='ltr'><strong>factum</strong></span> <span class='ocrx_word' id='word_1_658' title='bbox 601 4889 723 4931; x_wconf 88' lang='lat' dir='ltr'><strong>esse</strong></span> <span class='ocrx_word' id='word_1_659' title='bbox 748 4870 1122 4941; x_wconf 86' lang='lat' dir='ltr'><strong>comperimus</strong></span> <span class='ocrx_word' id='word_1_660' title='bbox 1151 4882 1166 4932; x_wconf 91' lang='lat'><strong>;</strong></span> <span class='ocrx_word' id='word_1_661' title='bbox 1216 4865 1456 4921; x_wconf 85' lang='lat' dir='ltr'><strong>Joannes</strong></span> <span class='ocrx_word' id='word_1_662' title='bbox 1487 4866 1701 4921; x_wconf 88' lang='lat' dir='ltr'><strong>scilicet</strong></span> <span class='ocrx_word' id='word_1_663' title='bbox 1726 4865 1947 4936; x_wconf 85' lang='lat' dir='ltr'><strong>quidam</strong></span> 
     </span>
    </p>
   </div>
   <div class='ocr_carea' id='block_1_86' title="bbox 367 4960 1952 5040">
    <p class='ocr_par' dir='ltr' id='par_1_86' title="bbox 367 4960 1952 5040">
     <span class='ocr_line' id='line_1_86' title="bbox 367 4960 1952 5040; baseline -0.009 -12"><span class='ocrx_word' id='word_1_664' title='bbox 367 4974 471 5028; x_wconf 92' lang='lat' dir='ltr'><strong>hoc</strong></span> <span class='ocrx_word' id='word_1_665' title='bbox 504 4983 771 5040; x_wconf 89' lang='lat' dir='ltr'><strong>tempore,</strong></span> <span class='ocrx_word' id='word_1_666' title='bbox 812 4965 1028 5034; x_wconf 81' lang='lat' dir='ltr'><strong>Drimys</strong></span> <span class='ocrx_word' id='word_1_667' title='bbox 1067 4960 1416 5031; x_wconf 84' lang='lat' dir='ltr'><strong>cognomine,</strong></span> <span class='ocrx_word' id='word_1_668' title='bbox 1446 4974 1505 5015; x_wconf 87' lang='lat' dir='ltr'><strong>se</strong></span> <span class='ocrx_word' id='word_1_669' title='bbox 1559 4975 1730 5014; x_wconf 90' lang='lat' dir='ltr'><strong>unum</strong></span> <span class='ocrx_word' id='word_1_670' title='bbox 1768 4976 1836 5014; x_wconf 82' lang='lat' dir='ltr'><strong>ex</strong></span> <span class='ocrx_word' id='word_1_671' title='bbox 1866 4974 1952 5013; x_wconf 86' lang='lat' dir='ltr'><strong>sa-</strong></span> 
     </span>
    </p>
   </div>
   <div class='ocr_carea' id='block_1_87' title="bbox 367 5053 1953 5123">
    <p class='ocr_par' dir='ltr' id='par_1_87' title="bbox 367 5053 1953 5123">
     <span class='ocr_line' id='line_1_87' title="bbox 367 5053 1953 5123; baseline -0.009 -2"><span class='ocrx_word' id='word_1_672' title='bbox 367 5063 632 5121; x_wconf 85' lang='lat' dir='ltr'><strong>cerdotali</strong></span> <span class='ocrx_word' id='word_1_673' title='bbox 685 5060 882 5116; x_wconf 88' lang='lat' dir='ltr'><strong>ordine</strong></span> <span class='ocrx_word' id='word_1_674' title='bbox 925 5071 1046 5110; x_wconf 89' lang='lat' dir='ltr'><strong>esse</strong></span> <span class='ocrx_word' id='word_1_675' title='bbox 1099 5053 1413 5123; x_wconf 86' lang='lat' dir='ltr'><strong>professus,</strong></span> <span class='ocrx_word' id='word_1_676' title='bbox 1448 5067 1697 5120; x_wconf 82' lang='lat' dir='ltr'><strong>magnam</strong></span> <span class='ocrx_word' id='word_1_677' title='bbox 1734 5053 1953 5107; x_wconf 65' lang='lat' dir='ltr'><strong>malitia</strong></span> 
     </span>
    </p>
   </div>
   <div class='ocr_carea' id='block_1_88' title="bbox 368 5126 1953 5218">
    <p class='ocr_par' dir='ltr' id='par_1_88' title="bbox 368 5126 1953 5218">
     <span class='ocr_line' id='line_1_88' title="bbox 368 5126 1953 5218; baseline -0.009 -4"><span class='ocrx_word' id='word_1_678' title='bbox 368 5161 477 5214; x_wconf 90' lang='lat' dir='ltr'><strong>vim</strong></span> <span class='ocrx_word' id='word_1_679' title='bbox 498 5156 711 5218; x_wconf 73' lang='lat' dir='ltr'><strong>effundit,</strong></span> <span class='ocrx_word' id='word_1_680' title='bbox 742 5167 804 5206; x_wconf 85' lang='lat' dir='ltr'><strong>ac</strong></span> <span class='ocrx_word' id='word_1_681' title='bbox 834 5126 1151 5218; x_wconf 68' lang='lat' dir='ltr'><strong>reipublicae</strong></span> <span class='ocrx_word' id='word_1_682' title='bbox 1184 5146 1424 5200; x_wconf 88' lang='lat' dir='ltr'><strong>ﬁdelium</strong></span> <span class='ocrx_word' id='word_1_683' title='bbox 1459 5146 1819 5216; x_wconf 85' lang='lat' dir='ltr'><strong>perniciosam</strong></span> <span class='ocrx_word' id='word_1_684' title='bbox 1852 5165 1865 5201; x_wconf 88' lang='lat'><strong>:</strong></span> <span class='ocrx_word' id='word_1_685' title='bbox 1897 5154 1953 5202; x_wconf 89' lang='lat' dir='ltr'><strong>et</strong></span> 
     </span>
    </p>
   </div>
   <div class='ocr_carea' id='block_1_89' title="bbox 301 5237 1952 5313">
    <p class='ocr_par' dir='ltr' id='par_1_89' title="bbox 301 5237 1952 5313">
     <span class='ocr_line' id='line_1_89' title="bbox 301 5237 1952 5313; baseline -0.006 -11"><span class='ocrx_word' id='word_1_686' title='bbox 301 5238 307 5245; x_wconf 70' lang='grc'><em>’</em></span> <span class='ocrx_word' id='word_1_687' title='bbox 368 5249 484 5302; x_wconf 69' lang='lat' dir='ltr'><strong>ltmc</strong></span> <span class='ocrx_word' id='word_1_688' title='bbox 515 5261 671 5302; x_wconf 87' lang='lat' dir='ltr'><strong>sacro</strong></span> <span class='ocrx_word' id='word_1_689' title='bbox 716 5239 1021 5313; x_wconf 76' lang='lat' dir='ltr'><strong>presbyteri</strong></span> <span class='ocrx_word' id='word_1_690' title='bbox 1067 5237 1292 5291; x_wconf 90' lang='lat' dir='ltr'><strong>nomine</strong></span> <span class='ocrx_word' id='word_1_691' title='bbox 1345 5237 1652 5293; x_wconf 88' lang='lat' dir='ltr'><strong>occultatus</strong></span> <span class='ocrx_word' id='word_1_692' title='bbox 1700 5238 1952 5293; x_wconf 88' lang='lat' dir='ltr'><strong>callidius</strong></span> 
     </span>
    </p>
   </div>
   <div class='ocr_carea' id='block_1_90' title="bbox 367 5328 1955 5411">
    <p class='ocr_par' dir='ltr' id='par_1_90' title="bbox 367 5328 1955 5411">
     <span class='ocr_line' id='line_1_90' title="bbox 367 5328 1955 5411; baseline -0.006 -15"><span class='ocrx_word' id='word_1_693' title='bbox 367 5353 653 5411; x_wconf 81' lang='lat' dir='ltr'><strong>aggressus</strong></span> <span class='ocrx_word' id='word_1_694' title='bbox 681 5344 800 5390; x_wconf 86' lang='lat' dir='ltr'><strong>est:</strong></span> <span class='ocrx_word' id='word_1_695' title='bbox 833 5349 897 5386; x_wconf 76' lang='lat' dir='ltr'><strong>ac</strong></span> <span class='ocrx_word' id='word_1_696' title='bbox 924 5332 970 5386; x_wconf 90' lang='lat' dir='ltr'><strong>si</strong></span> <span class='ocrx_word' id='word_1_697' title='bbox 1002 5330 1123 5400; x_wconf 89' lang='lat' dir='ltr'><strong>quis</strong></span> <span class='ocrx_word' id='word_1_698' title='bbox 1155 5328 1276 5384; x_wconf 86' lang='lat' dir='ltr'><strong>ovis</strong></span> <span class='ocrx_word' id='word_1_699' title='bbox 1320 5329 1461 5399; x_wconf 89' lang='lat' dir='ltr'><strong>pelle</strong></span> <span class='ocrx_word' id='word_1_700' title='bbox 1496 5331 1684 5399; x_wconf 88' lang='lat' dir='ltr'><strong>lupum</strong></span> <span class='ocrx_word' id='word_1_701' title='bbox 1718 5332 1955 5402; x_wconf 81' lang='lat' dir='ltr'><strong>obtege-</strong></span> 
     </span>
    </p>
   </div>
   <div class='ocr_carea' id='block_1_91' title="bbox 369 5421 1955 5497">
    <p class='ocr_par' dir='ltr' id='par_1_91' title="bbox 369 5421 1955 5497">
     <span class='ocr_line' id='line_1_91' title="bbox 369 5421 1955 5497; baseline -0.004 -10"><span class='ocrx_word' id='word_1_702' title='bbox 369 5445 474 5488; x_wconf 83' lang='lat' dir='ltr'><strong>ret.</strong></span> <span class='ocrx_word' id='word_1_703' title='bbox 510 5429 707 5485; x_wconf 88' lang='lat' dir='ltr'><strong>Nescio</strong></span> <span class='ocrx_word' id='word_1_704' title='bbox 733 5426 933 5497; x_wconf 88' lang='lat' dir='ltr'><strong>quibus</strong></span> <span class='ocrx_word' id='word_1_705' title='bbox 956 5438 1023 5478; x_wconf 85' lang='lat' dir='ltr'><strong>ex</strong></span> <span class='ocrx_word' id='word_1_706' title='bbox 1059 5421 1339 5476; x_wconf 70' lang='lat' dir='ltr'><strong>barathris</strong></span> <span class='ocrx_word' id='word_1_707' title='bbox 1378 5432 1433 5475; x_wconf 94' lang='lat' dir='ltr'><strong>et</strong></span> <span class='ocrx_word' id='word_1_708' title='bbox 1482 5421 1657 5477; x_wconf 85' lang='lat' dir='ltr'><strong>triviis</strong></span> <span class='ocrx_word' id='word_1_709' title='bbox 1703 5438 1955 5480; x_wconf 89' lang='lat' dir='ltr'><strong>emersus</strong></span> 
     </span>
    </p>
   </div>
   <div class='ocr_carea' id='block_1_92' title="bbox 367 5514 1951 5585">
    <p class='ocr_par' dir='ltr' id='par_1_92' title="bbox 367 5514 1951 5585">
     <span class='ocr_line' id='line_1_92' title="bbox 367 5514 1951 5585; baseline -0.005 -5"><span class='ocrx_word' id='word_1_710' title='bbox 367 5527 435 5581; x_wconf 87' lang='lat' dir='ltr'><strong>ad</strong></span> <span class='ocrx_word' id='word_1_711' title='bbox 477 5520 858 5577; x_wconf 85' lang='lat' dir='ltr'><strong>maturandam</strong></span> <span class='ocrx_word' id='word_1_712' title='bbox 920 5514 1025 5572; x_wconf 88' lang='lat' dir='ltr'><strong>sibi</strong></span> <span class='ocrx_word' id='word_1_713' title='bbox 1063 5515 1342 5585; x_wconf 89' lang='lat' dir='ltr'><strong>perniccm</strong></span> <span class='ocrx_word' id='word_1_714' title='bbox 1374 5514 1678 5584; x_wconf 80' lang='lat' dir='ltr'><strong>prodierit;</strong></span> <span class='ocrx_word' id='word_1_715' title='bbox 1730 5515 1778 5571; x_wconf 87' lang='lat' dir='ltr'><strong>is</strong></span> <span class='ocrx_word' id='word_1_716' title='bbox 1826 5532 1951 5572; x_wconf 89' lang='lat' dir='ltr'><strong>cum</strong></span> 
     </span>
    </p>
   </div>
   <div class='ocr_carea' id='block_1_93' title="bbox 368 5604 1953 5678">
    <p class='ocr_par' dir='ltr' id='par_1_93' title="bbox 368 5604 1953 5678">
     <span class='ocr_line' id='line_1_93' title="bbox 368 5604 1953 5678; baseline -0.005 -6"><span class='ocrx_word' id='word_1_717' title='bbox 368 5617 556 5673; x_wconf 87' lang='lat' dir='ltr'><strong>multis</strong></span> <span class='ocrx_word' id='word_1_718' title='bbox 610 5614 716 5668; x_wconf 91' lang='lat' dir='ltr'><strong>sibi</strong></span> <span class='ocrx_word' id='word_1_719' title='bbox 747 5607 1183 5678; x_wconf 88' lang='lat' dir='ltr'><strong>obscquentibus</strong></span> <span class='ocrx_word' id='word_1_720' title='bbox 1228 5604 1357 5660; x_wconf 92' lang='lat' dir='ltr'><strong>ﬁliis</strong></span> <span class='ocrx_word' id='word_1_721' title='bbox 1405 5605 1753 5675; x_wconf 90' lang='lat' dir='ltr'><strong>perditionis,</strong></span> <span class='ocrx_word' id='word_1_722' title='bbox 1814 5623 1953 5678; x_wconf 89' lang='lat' dir='ltr'><strong>quos</strong></span> 
     </span>
    </p>
   </div>
   <div class='ocr_carea' id='block_1_94' title="bbox 369 5700 1950 5776">
    <p class='ocr_par' dir='ltr' id='par_1_94' title="bbox 369 5700 1950 5776">
     <span class='ocr_line' id='line_1_94' title="bbox 369 5700 1950 5776; baseline -0.006 -11"><span class='ocrx_word' id='word_1_723' title='bbox 369 5713 483 5766; x_wconf 78' lang='lat' dir='ltr'><strong>haec</strong></span> <span class='ocrx_word' id='word_1_724' title='bbox 513 5709 730 5762; x_wconf 74' lang='lat' dir='ltr'><strong>occasio</strong></span> <span class='ocrx_word' id='word_1_725' title='bbox 761 5704 1060 5776; x_wconf 86' lang='lat' dir='ltr'><strong>patefecit,</strong></span> <span class='ocrx_word' id='word_1_726' title='bbox 1112 5702 1318 5771; x_wconf 75' lang='lat' dir='ltr'><strong>regiam</strong></span> <span class='ocrx_word' id='word_1_727' title='bbox 1353 5700 1509 5769; x_wconf 87' lang='lat' dir='ltr'><strong>quasi</strong></span> <span class='ocrx_word' id='word_1_728' title='bbox 1544 5701 1741 5773; x_wconf 83' lang='lat' dir='ltr'><strong>rubigo</strong></span> <span class='ocrx_word' id='word_1_729' title='bbox 1793 5704 1950 5769; x_wconf 89' lang='lat' dir='ltr'><strong>adiit,</strong></span> 
     </span>
    </p>
   </div>
   <div class='ocr_carea' id='block_1_95' title="bbox 368 5793 1950 5872">
    <p class='ocr_par' dir='ltr' id='par_1_95' title="bbox 368 5793 1950 5872">
     <span class='ocr_line' id='line_1_95' title="bbox 368 5793 1950 5872; baseline -0.006 -15"><span class='ocrx_word' id='word_1_730' title='bbox 368 5803 437 5860; x_wconf 87' lang='lat' dir='ltr'><strong>ad</strong></span> <span class='ocrx_word' id='word_1_731' title='bbox 490 5802 838 5872; x_wconf 83' lang='lat' dir='ltr'><strong>imperatoris</strong></span> <span class='ocrx_word' id='word_1_732' title='bbox 875 5800 1230 5865; x_wconf 85' lang='lat' dir='ltr'><strong>conspectum</strong></span> <span class='ocrx_word' id='word_1_733' title='bbox 1280 5793 1450 5860; x_wconf 89' lang='lat' dir='ltr'><strong>venit,</strong></span> <span class='ocrx_word' id='word_1_734' title='bbox 1479 5808 1509 5847; x_wconf 91' lang='lat' dir='ltr'><strong>a</strong></span> <span class='ocrx_word' id='word_1_735' title='bbox 1541 5810 1650 5866; x_wconf 88' lang='lat' dir='ltr'><strong>quo</strong></span> <span class='ocrx_word' id='word_1_736' title='bbox 1690 5797 1950 5866; x_wconf 80' lang='lat' dir='ltr'><strong>benigne,</strong></span> 
     </span>
    </p>
   </div>
   <div class='ocr_carea' id='block_1_96' title="bbox 2066 4589 3649 4683">
    <p class='ocr_par' dir='ltr' id='par_1_96' title="bbox 2066 4589 3649 4683">
     <span class='ocr_line' id='line_1_96' title="bbox 2066 4589 3649 4683; baseline 0.016 -41"><span class='ocrx_word' id='word_1_737' title='bbox 2066 4589 2228 4647; x_wconf 84' lang='grc' dir='ltr'>Ἀλλά</span> <span class='ocrx_word' id='word_1_738' title='bbox 2260 4611 2323 4660; x_wconf 89' lang='grc' dir='ltr'><strong>γε</strong></span> <span class='ocrx_word' id='word_1_739' title='bbox 2350 4596 2453 4647; x_wconf 82' lang='grc' dir='ltr'><strong>κάν</strong></span> <span class='ocrx_word' id='word_1_740' title='bbox 2481 4596 2695 4660; x_wconf 82' lang='grc' dir='ltr'>τούτοις</span> <span class='ocrx_word' id='word_1_741' title='bbox 2740 4605 2815 4664; x_wconf 78' lang='grc' dir='ltr'><strong>ὡς</strong></span> <span class='ocrx_word' id='word_1_742' title='bbox 2852 4603 2907 4654; x_wconf 83' lang='grc' dir='ltr'>ὲν</span> <span class='ocrx_word' id='word_1_743' title='bbox 2939 4604 3171 4677; x_wconf 80' lang='grc' dir='ltr'>ἀμπέλῳ</span> <span class='ocrx_word' id='word_1_744' title='bbox 3202 4608 3437 4677; x_wconf 87' lang='grc' dir='ltr'>φύεσθαι</span> <span class='ocrx_word' id='word_1_745' title='bbox 3471 4612 3649 4683; x_wconf 72' lang='grc' dir='ltr'>βάτον</span> 
     </span>
    </p>
   </div>
   <div class='ocr_carea' id='block_1_97' title="bbox 2053 4683 3648 4769">
    <p class='ocr_par' dir='ltr' id='par_1_97' title="bbox 2053 4683 3648 4769">
     <span class='ocr_line' id='line_1_97' title="bbox 2053 4683 3648 4769; baseline 0.016 -35"><span class='ocrx_word' id='word_1_746' title='bbox 2053 4683 2393 4755; x_wconf 74' lang='grc' dir='ltr'>ἠκούσαμεν,</span> <span class='ocrx_word' id='word_1_747' title='bbox 2434 4690 2532 4741; x_wconf 81' lang='grc' dir='ltr'>καὶ</span> <span class='ocrx_word' id='word_1_748' title='bbox 2553 4687 2651 4741; x_wconf 76' lang='grc' dir='ltr'><strong>ἕνα</strong></span> <span class='ocrx_word' id='word_1_749' title='bbox 2685 4693 2958 4762; x_wconf 79' lang='grc' dir='ltr'>προδότην</span> <span class='ocrx_word' id='word_1_750' title='bbox 2986 4696 3094 4748; x_wconf 86' lang='grc' dir='ltr'><strong>τῶν</strong></span> <span class='ocrx_word' id='word_1_751' title='bbox 3124 4696 3217 4750; x_wconf 89' lang='grc' dir='ltr'><strong>τοῦ</strong></span> <span class='ocrx_word' id='word_1_752' title='bbox 3249 4702 3490 4769; x_wconf 84' lang='grc' dir='ltr'>μεγάλου</span> <span class='ocrx_word' id='word_1_753' title='bbox 3522 4705 3648 4759; x_wconf 78' lang='grc' dir='ltr'><strong>Σωο</strong></span> 
     </span>
    </p>
   </div>
   <div class='ocr_carea' id='block_1_98' title="bbox 2055 4778 3648 4865">
    <p class='ocr_par' dir='ltr' id='par_1_98' title="bbox 2055 4778 3648 4865">
     <span class='ocr_line' id='line_1_98' title="bbox 2055 4778 3648 4865; baseline 0.014 -37"><span class='ocrx_word' id='word_1_754' title='bbox 2055 4778 2221 4847; x_wconf 88' lang='grc' dir='ltr'>τῆρος</span> <span class='ocrx_word' id='word_1_755' title='bbox 2250 4778 2492 4848; x_wconf 86' lang='grc' dir='ltr'>Χριστοῦ</span> <span class='ocrx_word' id='word_1_756' title='bbox 2540 4782 2802 4851; x_wconf 77' lang='grc' dir='ltr'>μαθητῶν</span> <span class='ocrx_word' id='word_1_757' title='bbox 2854 4786 3070 4858; x_wconf 76' lang='grc' dir='ltr'><strong>βεὸήλῳ</strong></span> <span class='ocrx_word' id='word_1_758' title='bbox 3107 4789 3225 4859; x_wconf 76' lang='lat' dir='ltr'><strong>(sic)</strong></span> <span class='ocrx_word' id='word_1_759' title='bbox 3259 4798 3648 4865; x_wconf 79' lang='grc' dir='ltr'>γεγηνημένον</span> 
     </span>
    </p>
   </div>
   <div class='ocr_carea' id='block_1_99' title="bbox 2057 4869 3649 4957">
    <p class='ocr_par' dir='ltr' id='par_1_99' title="bbox 2057 4869 3649 4957">
     <span class='ocr_line' id='line_1_99' title="bbox 2057 4869 3649 4957; baseline 0.014 -36"><span class='ocrx_word' id='word_1_760' title='bbox 2057 4869 2216 4938; x_wconf 80' lang='grc' dir='ltr'>ἴσμεν</span> <span class='ocrx_word' id='word_1_761' title='bbox 2246 4878 2600 4944; x_wconf 71' lang='grc' dir='ltr'>παρατροπῇ,</span> <span class='ocrx_word' id='word_1_762' title='bbox 2637 4875 2830 4948; x_wconf 82' lang='grc' dir='ltr'>γνώμῃ</span> <span class='ocrx_word' id='word_1_763' title='bbox 2863 4880 2970 4931; x_wconf 78' lang='grc' dir='ltr'>τινὶ</span> <span class='ocrx_word' id='word_1_764' title='bbox 3006 4884 3377 4957; x_wconf 82' lang='grc' dir='ltr'>σκαιοτρόπῳ.</span> <span class='ocrx_word' id='word_1_765' title='bbox 3412 4888 3525 4942; x_wconf 82' lang='grc' dir='ltr'>Καί</span> <span class='ocrx_word' id='word_1_766' title='bbox 3557 4909 3649 4956; x_wconf 87' lang='grc' dir='ltr'>τις</span> 
     </span>
    </p>
   </div>
   <div class='ocr_carea' id='block_1_100' title="bbox 2068 4961 3652 5048">
    <p class='ocr_par' dir='ltr' id='par_1_100' title="bbox 2068 4961 3652 5048">
     <span class='ocr_line' id='line_1_100' title="bbox 2068 4961 3652 5048; baseline 0.015 -33"><span class='ocrx_word' id='word_1_767' title='bbox 2068 4961 2319 5032; x_wconf 75' lang='grc' dir='ltr'>Ἰωάννης</span> <span class='ocrx_word' id='word_1_768' title='bbox 2344 4964 2505 5018; x_wconf 75' lang='grc' dir='ltr'>τανῦν</span> <span class='ocrx_word' id='word_1_769' title='bbox 2535 4969 2744 5037; x_wconf 75' lang='grc' dir='ltr'>Δριμὺς</span> <span class='ocrx_word' id='word_1_770' title='bbox 2769 4971 2828 5021; x_wconf 53' lang='grc' dir='ltr'><strong>τι)</strong></span> <span class='ocrx_word' id='word_1_771' title='bbox 2853 4971 3119 5039; x_wconf 79' lang='grc' dir='ltr'>ἐπίθετον,</span> <span class='ocrx_word' id='word_1_772' title='bbox 3149 4973 3240 5027; x_wconf 79' lang='grc' dir='ltr'><strong>τοῦ</strong></span> <span class='ocrx_word' id='word_1_773' title='bbox 3268 4976 3519 5048; x_wconf 80' lang='grc' dir='ltr'>βήματος</span> <span class='ocrx_word' id='word_1_774' title='bbox 3548 4984 3652 5038; x_wconf 72' lang='grc' dir='ltr'>ἕνα</span> 
     </span>
    </p>
   </div>
   <div class='ocr_carea' id='block_1_101' title="bbox 2059 5058 3650 5147">
    <p class='ocr_par' dir='ltr' id='par_1_101' title="bbox 2059 5058 3650 5147">
     <span class='ocr_line' id='line_1_101' title="bbox 2059 5058 3650 5147; baseline 0.014 -42"><span class='ocrx_word' id='word_1_775' title='bbox 2059 5058 2508 5147; x_wconf 84' lang='grc' dir='ltr'>προσμαρτυρῶν</span> <span class='ocrx_word' id='word_1_776' title='bbox 2565 5060 2762 5112; x_wconf 78' lang='grc' dir='ltr'>ἑαυτὸν</span> <span class='ocrx_word' id='word_1_777' title='bbox 2826 5065 3025 5128; x_wconf 86' lang='grc' dir='ltr'>κακίας</span> <span class='ocrx_word' id='word_1_778' title='bbox 3082 5067 3351 5123; x_wconf 77' lang='grc' dir='ltr'>ἐκϐλύσαι</span> <span class='ocrx_word' id='word_1_779' title='bbox 3409 5072 3650 5147; x_wconf 75' lang='grc' dir='ltr'><strong>ἐξήχθη,</strong></span> 
     </span>
    </p>
   </div>
   <div class='ocr_carea' id='block_1_102' title="bbox 2056 5146 3654 5234">
    <p class='ocr_par' dir='ltr' id='par_1_102' title="bbox 2056 5146 3654 5234">
     <span class='ocr_line' id='line_1_102' title="bbox 2056 5146 3654 5234; baseline 0.014 -36"><span class='ocrx_word' id='word_1_780' title='bbox 2056 5146 2194 5199; x_wconf 78' lang='grc' dir='ltr'>πολὺ</span> <span class='ocrx_word' id='word_1_781' title='bbox 2223 5146 2283 5199; x_wconf 79' lang='grc' dir='ltr'>τὸ</span> <span class='ocrx_word' id='word_1_782' title='bbox 2317 5148 2485 5220; x_wconf 76' lang='grc' dir='ltr'>δριμὺ</span> <span class='ocrx_word' id='word_1_783' title='bbox 2519 5151 2615 5203; x_wconf 67' lang='grc' dir='ltr'>καὶ</span> <span class='ocrx_word' id='word_1_784' title='bbox 2657 5152 2845 5216; x_wconf 75' lang='grc' dir='ltr'>ὲπίζον</span> <span class='ocrx_word' id='word_1_785' title='bbox 2880 5155 2997 5226; x_wconf 79' lang='lat' dir='ltr'><strong>(sic)</strong></span> <span class='ocrx_word' id='word_1_786' title='bbox 3026 5160 3092 5227; x_wconf 82' lang='grc' dir='ltr'>τῇ</span> <span class='ocrx_word' id='word_1_787' title='bbox 3143 5160 3392 5234; x_wconf 81' lang='grc' dir='ltr'>πολιτείᾳ</span> <span class='ocrx_word' id='word_1_788' title='bbox 3430 5170 3654 5221; x_wconf 74' lang='grc' dir='ltr'>πιστιῖιν</span> 
     </span>
    </p>
   </div>
   <div class='ocr_carea' id='block_1_103' title="bbox 2057 5239 3656 5328">
    <p class='ocr_par' dir='ltr' id='par_1_103' title="bbox 2057 5239 3656 5328">
     <span class='ocr_line' id='line_1_103' title="bbox 2057 5239 3656 5328; baseline 0.013 -37"><span class='ocrx_word' id='word_1_789' title='bbox 2057 5239 2153 5292; x_wconf 73' lang='grc' dir='ltr'>καὶ</span> <span class='ocrx_word' id='word_1_790' title='bbox 2178 5239 2424 5310; x_wconf 77' lang='grc' dir='ltr'>ὀλέθριον</span> <span class='ocrx_word' id='word_1_791' title='bbox 2452 5258 2468 5274; x_wconf 80' lang='grc' dir='ltr'><strong><em>ο</em></strong></span> <span class='ocrx_word' id='word_1_792' title='bbox 2502 5242 2597 5294; x_wconf 76' lang='grc' dir='ltr'>καὶ</span> <span class='ocrx_word' id='word_1_793' title='bbox 2627 5244 2794 5299; x_wconf 82' lang='grc' dir='ltr'>ταῦτα</span> <span class='ocrx_word' id='word_1_794' title='bbox 2826 5247 3017 5317; x_wconf 81' lang='grc' dir='ltr'>κλήσει</span> <span class='ocrx_word' id='word_1_795' title='bbox 3044 5254 3107 5321; x_wconf 82' lang='grc' dir='ltr'>τῇ</span> <span class='ocrx_word' id='word_1_796' title='bbox 3140 5252 3259 5324; x_wconf 75' lang='grc' dir='ltr'><strong>ἱερᾷ</strong></span> <span class='ocrx_word' id='word_1_797' title='bbox 3288 5255 3656 5328; x_wconf 79' lang='grc' dir='ltr'>ύποκρυπτὸ-</span> 
     </span>
    </p>
   </div>
   <div class='ocr_carea' id='block_1_104' title="bbox 2060 5336 3649 5417">
    <p class='ocr_par' dir='ltr' id='par_1_104' title="bbox 2060 5336 3649 5417">
     <span class='ocr_line' id='line_1_104' title="bbox 2060 5336 3649 5417; baseline 0.014 -35"><span class='ocrx_word' id='word_1_798' title='bbox 2060 5348 2224 5399; x_wconf 85' lang='grc' dir='ltr'>μενος</span> <span class='ocrx_word' id='word_1_799' title='bbox 2265 5336 2708 5405; x_wconf 85' lang='grc' dir='ltr'>πανουργότερον</span> <span class='ocrx_word' id='word_1_800' title='bbox 2732 5352 2747 5367; x_wconf 84' lang='lat'><strong>&#39;</strong></span> <span class='ocrx_word' id='word_1_801' title='bbox 2776 5337 2850 5417; x_wconf 75' lang='grc' dir='ltr'><strong>ᾡς</strong></span> <span class='ocrx_word' id='word_1_802' title='bbox 2896 5340 2961 5392; x_wconf 83' lang='grc' dir='ltr'>ἄν</span> <span class='ocrx_word' id='word_1_803' title='bbox 2994 5357 3078 5404; x_wconf 89' lang='grc' dir='ltr'><strong>τις</strong></span> <span class='ocrx_word' id='word_1_804' title='bbox 3126 5345 3309 5415; x_wconf 82' lang='grc' dir='ltr'>κωδίῳ</span> <span class='ocrx_word' id='word_1_805' title='bbox 3340 5349 3436 5401; x_wconf 74' lang='grc' dir='ltr'><strong>καὶ</strong></span> <span class='ocrx_word' id='word_1_806' title='bbox 3469 5349 3649 5405; x_wconf 79' lang='grc' dir='ltr'>λύκον</span> 
     </span>
    </p>
   </div>
   <div class='ocr_carea' id='block_1_105' title="bbox 2059 5423 3653 5509">
    <p class='ocr_par' dir='ltr' id='par_1_105' title="bbox 2059 5423 3653 5509">
     <span class='ocr_line' id='line_1_105' title="bbox 2059 5423 3653 5509; baseline 0.014 -34"><span class='ocrx_word' id='word_1_807' title='bbox 2059 5423 2509 5494; x_wconf 72' lang='grc' dir='ltr'>περικαλύψειεν,</span> <span class='ocrx_word' id='word_1_808' title='bbox 2540 5429 2639 5481; x_wconf 80' lang='grc' dir='ltr'>οὐκ</span> <span class='ocrx_word' id='word_1_809' title='bbox 2669 5424 2785 5481; x_wconf 76' lang='grc' dir='ltr'>οἶδα</span> <span class='ocrx_word' id='word_1_810' title='bbox 2814 5432 2879 5483; x_wconf 83' lang='grc' dir='ltr'>ὲκ</span> <span class='ocrx_word' id='word_1_811' title='bbox 2917 5433 3086 5487; x_wconf 86' lang='grc' dir='ltr'>ποίων</span> <span class='ocrx_word' id='word_1_812' title='bbox 3133 5436 3424 5509; x_wconf 74' lang='grc' dir='ltr'>βαράθρων</span> <span class='ocrx_word' id='word_1_813' title='bbox 3451 5458 3511 5495; x_wconf 86' lang='grc' dir='ltr'><strong>τε</strong></span> <span class='ocrx_word' id='word_1_814' title='bbox 3546 5447 3653 5499; x_wconf 75' lang='grc' dir='ltr'>καὶ</span> 
     </span>
    </p>
   </div>
   <div class='ocr_carea' id='block_1_106' title="bbox 2057 5518 3652 5606">
    <p class='ocr_par' dir='ltr' id='par_1_106' title="bbox 2057 5518 3652 5606">
     <span class='ocr_line' id='line_1_106' title="bbox 2057 5518 3652 5606; baseline 0.015 -38"><span class='ocrx_word' id='word_1_815' title='bbox 2057 5518 2288 5587; x_wconf 82' lang='grc' dir='ltr'>τριόδων</span> <span class='ocrx_word' id='word_1_816' title='bbox 2319 5518 2624 5584; x_wconf 77' lang='grc' dir='ltr'>ἀνασωθεὶς</span> <span class='ocrx_word' id='word_1_817' title='bbox 2655 5522 2762 5592; x_wconf 81' lang='grc' dir='ltr'><strong>πρὸ</strong></span> <span class='ocrx_word' id='word_1_818' title='bbox 2790 5524 2985 5595; x_wconf 89' lang='grc' dir='ltr'>καιροῦ</span> <span class='ocrx_word' id='word_1_819' title='bbox 3018 5528 3105 5579; x_wconf 76' lang='grc' dir='ltr'><strong>ἐπ’</strong></span> <span class='ocrx_word' id='word_1_820' title='bbox 3129 5530 3383 5602; x_wconf 74' lang='grc' dir='ltr'>ἀπωλείᾳ</span> <span class='ocrx_word' id='word_1_821' title='bbox 3413 5537 3480 5606; x_wconf 79' lang='grc' dir='ltr'>τῇ</span> <span class='ocrx_word' id='word_1_822' title='bbox 3510 5538 3652 5591; x_wconf 75' lang='grc' dir='ltr'>ἑαυ-</span> 
     </span>
    </p>
   </div>
   <div class='ocr_carea' id='block_1_107' title="bbox 2056 5614 3652 5695">
    <p class='ocr_par' dir='ltr' id='par_1_107' title="bbox 2056 5614 3652 5695">
     <span class='ocr_line' id='line_1_107' title="bbox 2056 5614 3652 5695; baseline 0.013 -31"><span class='ocrx_word' id='word_1_823' title='bbox 2056 5614 2171 5666; x_wconf 83' lang='grc' dir='ltr'>τοῦ.</span> <span class='ocrx_word' id='word_1_824' title='bbox 2205 5614 2314 5666; x_wconf 70' lang='grc' dir='ltr'><strong>Καὶ</strong></span> <span class='ocrx_word' id='word_1_825' title='bbox 2341 5615 2500 5678; x_wconf 85' lang='grc' dir='ltr'>ὅσους</span> <span class='ocrx_word' id='word_1_826' title='bbox 2544 5616 2693 5679; x_wconf 81' lang='grc' dir='ltr'>υἱοὺς</span> <span class='ocrx_word' id='word_1_827' title='bbox 2723 5618 3000 5680; x_wconf 83' lang='grc' dir='ltr'>ἀπωλείας</span> <span class='ocrx_word' id='word_1_828' title='bbox 3042 5623 3136 5674; x_wconf 81' lang='grc' dir='ltr'>καὶ</span> <span class='ocrx_word' id='word_1_829' title='bbox 3165 5623 3342 5695; x_wconf 82' lang='grc' dir='ltr'>τούτῳ</span> <span class='ocrx_word' id='word_1_830' title='bbox 3369 5642 3652 5685; x_wconf 83' lang='grc' dir='ltr'>καταπει-</span> 
     </span>
    </p>
   </div>
   <div class='ocr_carea' id='block_1_108' title="bbox 2058 5704 3648 5791">
    <p class='ocr_par' dir='ltr' id='par_1_108' title="bbox 2058 5704 3648 5791">
     <span class='ocr_line' id='line_1_108' title="bbox 2058 5704 3648 5791; baseline 0.014 -36"><span class='ocrx_word' id='word_1_831' title='bbox 2058 5704 2170 5767; x_wconf 84' lang='grc' dir='ltr'>θεῖς</span> <span class='ocrx_word' id='word_1_832' title='bbox 2200 5705 2466 5771; x_wconf 72' lang='grc' dir='ltr'>ὲπίδειξεν</span> <span class='ocrx_word' id='word_1_833' title='bbox 2493 5709 2520 5761; x_wconf 82' lang='grc' dir='ltr'><strong>ὁ</strong></span> <span class='ocrx_word' id='word_1_834' title='bbox 2557 5709 2743 5778; x_wconf 76' lang='grc' dir='ltr'>καιρὸς</span> <span class='ocrx_word' id='word_1_835' title='bbox 2771 5709 2872 5780; x_wconf 82' lang='grc' dir='ltr'><strong>τὴν</strong></span> <span class='ocrx_word' id='word_1_836' title='bbox 2901 5709 3151 5780; x_wconf 82' lang='grc' dir='ltr'>βασιλίδα</span> <span class='ocrx_word' id='word_1_837' title='bbox 3188 5719 3648 5791; x_wconf 76' lang='grc' dir='ltr'>καταλαμϐάνει,</span> 
     </span>
    </p>
   </div>
   <div class='ocr_carea' id='block_1_109' title="bbox 2064 5791 3653 5884">
    <p class='ocr_par' dir='ltr' id='par_1_109' title="bbox 2064 5791 3653 5884">
     <span class='ocr_line' id='line_1_109' title="bbox 2064 5791 3653 5884; baseline 0.014 -33"><span class='ocrx_word' id='word_1_838' title='bbox 2064 5791 2152 5860; x_wconf 74' lang='grc' dir='ltr'><strong>οἷά</strong></span> <span class='ocrx_word' id='word_1_839' title='bbox 2186 5815 2270 5864; x_wconf 80' lang='grc' dir='ltr'><strong>τις</strong></span> <span class='ocrx_word' id='word_1_840' title='bbox 2298 5800 2550 5873; x_wconf 79' lang='grc' dir='ltr'>ὲρυσίση,</span> <span class='ocrx_word' id='word_1_841' title='bbox 2599 5806 2693 5857; x_wconf 69' lang='grc' dir='ltr'>καὶ</span> <span class='ocrx_word' id='word_1_842' title='bbox 2729 5802 2944 5877; x_wconf 77' lang='grc' dir='ltr'>βασιλεῖ</span> <span class='ocrx_word' id='word_1_843' title='bbox 2976 5805 3053 5878; x_wconf 82' lang='grc' dir='ltr'>τῷ</span> <span class='ocrx_word' id='word_1_844' title='bbox 3087 5808 3229 5881; x_wconf 82' lang='grc' dir='ltr'>ἁγίῳ</span> <span class='ocrx_word' id='word_1_845' title='bbox 3278 5812 3653 5884; x_wconf 72' lang='grc' dir='ltr'>ἐμφανισθεὶς</span> 
     </span>
    </p>
   </div>
  </div>
