3894 6366
248 265 359 330 485

1680 259 2079 326 EPISTOLE.

3406 272 3505 336 486

248 380 346 433 καὶ
380 376 679 448 εἱσδεχθεὶς
710 375 919 441 δεξιῶς,
947 374 1024 440 ὡς
1056 374 1215 446 δῆθεν
1240 371 1380 428 εἶναι
1410 373 1520 429 τῶν
1555 376 1820 442 εὐλαὸὦν,

1926 375 2084 443 quasi
2142 376 2354 431 scilicet
2382 392 2445 431 ex
2485 376 2697 447 piorum
2760 394 2990 435 numero
3022 394 3190 448 esset,
3226 399 3349 438 cum
3406 386 3504 439 hn-

248 473 344 527 καὶ
400 468 778 541 φιλοτιμηθεὶς
817 468 960 538 ὑπὲρ
1006 468 1105 539 τὴν
1136 468 1309 533 ἀξίαν.
1359 467 1448 521 Διὸ
1483 467 1829 537 ἐπεφήμιζεν

248 564 431 633 ἐαυτῷ
458 562 761 633 ἱερωσύνης
782 554 941 623 οἶμαι
973 560 1209 628 ἀξίωμα,
1243 560 1422 614 ἐλκειν
1452 562 1823 630 σκεπτόμενος

248 656 339 711 διὰ
364 656 559 710 τούτου
594 655 797 723 πολλὴν
822 655 959 724 πρδις
999 654 1161 706 αὐτὸν
1186 654 1283 724 τὴν
1312 653 1600 725 ἀναδοχὴν,
1634 652 1824 706 εἰωθό-

245 767 340 813 τος
384 750 555 819 τιμᾷν
587 750 654 802 τὰ
704 748 847 811 θεῖα,
899 748 991 799 καὶ
1043 748 1169 811 τοὺς
1205 746 1297 799 τοῦ
1344 747 1503 809 Θεοῦ,
1556 748 1823 817 μεγάλαις

245 843 540 912 ἀναδοχαῖς
576 841 668 894 καὶ
708 840 1022 909 βασιλικαῖς
1053 839 1147 892 τοῦ
1203 840 1360 906 ἁγίου
1418 857 1519 902 μου
1554 841 1823 910 αὐτοκρά-

245 952 406 1004 τορος
457 933 565 988 ἀπό
591 950 655 1001 γε
692 931 973 1000 φιλοθεῖας
1002 932 1099 985 καὶ
1132 933 1414 995 εὐσεϐείας
1440 935 1530 985 καὶ
1559 934 1824 996 εὐλαϐοῦς

249 1028 347 1080 καὶ
381 1026 598 1096 ἡμέρας
645 1024 843 1094 ψυχῆς,
875 1023 951 1085 ὠς
981 1022 1041 1075 οῦ
1072 1018 1202 1077 ποτε
1234 1022 1343 1076 τῶν
1376 1022 1639 1076 ἀνέκαθεν
1670 1022 1822 1093 βατι-

248 1118 388 1172 λέων
420 1117 567 1189 ἄλλῳ
601 1118 706 1171 τινὶ
734 1118 793 1169 ἐν
830 1118 942 1179 τοῖς
976 1115 1141 1179 Θείοις
1164 1129 1180 1145 ·
1221 1116 1322 1169 κάν
1356 1115 1532 1185 τούτῳ
1560 1116 1617 1166 τὸ
1668 1116 1824 1167 εὐλα-

245 1213 339 1273 6ἐς
397 1209 857 1281 μεμαρτύρηται·
903 1208 977 1271 ὡς
1020 1207 1179 1261 τοῦτο
1227 1208 1420 1262 τούτου
1480 1208 1557 1297 τῷ
1627 1209 1820 1276 κράτει

246 1302 725 1372 πεφιλοφρόνηται
782 1302 1052 1372 ὑπερϐολῇ
1106 1300 1516 1368 καλοκαγαθίας
1558 1301 1653 1353 καὶ
1685 1303 1820 1369 ἡμε-

246 1396 499 1464 ρότητος,
535 1394 610 1458 ὡς
642 1395 731 1447 ἵνα
768 1395 871 1446 κάν
902 1393 1076 1464 τούτῳ
1103 1395 1342 1465 συνᾴδων
1370 1393 1455 1463 εἴη
1485 1392 1561 1461 τῷ
1596 1393 1821 1465 μεγάλῳ

244 1486 414 1540 Δαυῖδ
441 1503 455 1518 ⁸
498 1504 518 1538 ι
558 1488 691 1539 Δίαν
730 1488 874 1554 ἐμοὶ,
909 1489 935 1539 ὁ
965 1486 1119 1551 Θεὸς,
1172 1487 1221 1536 oi
1254 1487 1395 1553 φίλοι
1430 1502 1523 1537 σου
1555 1485 1824 1556 ἐτιμήθηο

246 1594 371 1630 σαν.
408 1596 428 1628 ι
469 1576 607 1629 Ἀλλ’
636 1575 681 1630 ὣ
702 1575 881 1646 ψυχῆς
915 1577 1272 1645 ἀναισχύντου
1299 1577 1393 1627 καὶ
1422 1576 1598 1645 πάντη
1630 1578 1782 1635 σκιᾶς
1808 1577 1819 1629 !

245 1667 369 1720 ἀντὶ
430 1667 540 1736 γὰρ
595 1666 922 1738 ὀφειλούσης
974 1665 1397 1735 εὐγνωμοσύνης
1460 1669 1525 1737 τῇ
1579 1668 1816 1737 εὐποιία,

244 1760 304 1823 ἐξ
324 1745 392 1830 ἧς
417 1760 515 1813 καὶ
538 1759 708 1830 θῆρας
741 1759 901 1827 ῐσμεν
935 1756 1398 1827 μεταὸεὸλῆσθαι,
1427 1756 1518 1808 τὸν
1547 1757 1689 1811 θεῖον
1724 1757 1791 1826 ιρό

246 1852 344 1906 σον
372 1857 469 1907 καὶ
495 1854 693 1921 ὅρκους
725 1850 1117 1921 ἁπορῤαπίσας
1160 1850 1255 1919 ἀφ’
1283 1850 1478 1902 ἐαυτοῦ
1507 1853 1534 1902 ὁ
1560 1848 1683 1903 λίαν
1709 1851 1822 1924 δρι-

249 1944 358 2015 μὺς
392 1944 491 1999 καὶ
519 1946 870 2007 δυσθάνατος,
905 1945 999 1997 καὶ
1025 1942 1247 2011 ὁμοίους
1277 1942 1428 2013 αὐτῷ
1468 1961 1821 2015 προσεταιρι-

247 2039 486 2108 σάμενος
514 2039 655 2093 κατά
689 2055 749 2091 τε
780 2037 876 2103 τῆς
906 2037 1141 2106 ποίμνης
1174 2036 1437 2106 Χριστοῦ,
1468 2038 1612 2091 κατά
1639 2054 1697 2089 τε
1723 2038 1818 2105 τῆς

256 2129 591 2200 Ἐκκλησίας
628 2130 721 2184 καὶ
765 2130 859 2183 τοῦ
912 2126 1238 2197 θεοστεφοῦς
1288 2129 1688 2198 αὐτοκράτορος
1724 2132 1822 2200 ῥᾳ-

249 2220 491 2293 ψῴδημα
517 2224 671 2276 δόλου
706 2223 799 2276 καλ⁵
828 2223 1146 2290 τυραννίδος
1197 2221 1547 2293 συνθέμενος.
1586 2222 1691 2276 Φεῦ
1721 2223 1820 2293 τῆς

244 2311 602 2383 ἐρεσχελίαςῐ
652 2314 680 2365 ὁ
718 2312 899 2376 ἄθλιος
933 2314 1198 2382 ἀπόγονος
1233 2309 1373 2368 εἶναι
1435 2314 1546 2367 τῶν
1595 2313 1819 2368 πώποτε

248 2403 721 2473 βεὸασιλευκότων
772 2404 913 2467 τινός
944 2420 957 2435 ο
1007 2404 1068 2458 ὃν
1121 2404 1239 2459 ουδέ
1299 2406 1646 2477 γεννηθῆναι,
1699 2406 1820 2458 οὐδὲ

246 2497 406 2566 παρὰ
451 2513 597 2559 τινος
632 2495 953 2567 θεαθῆναιῆ
997 2496 1334 2567 ἀκουσθῆναι
1368 2500 1487 2560 ταῖς
1535 2495 1819 2568 ἀληθείαις

244 2588 345 2640 καὶ
376 2590 543 2658 μέχρι
575 2588 640 2657 σή
651 2606 711 2657 με
723 2605 815 2659 ρον
841 2588 938 2642 ἄνθ
948 2605 1130 2657 ρωπος
1156 2589 1426 2660 ἠνωτίσθη
1450 2590 1653 2652 ποσῶς.
1681 2590 1822 2659 Τρα-

244 2681 486 2748 relatae;
516 2676 672 2747 οἶμαί
707 2697 789 2741 τις
826 2679 1219 2744 ἀνυπόστατος,
1255 2681 1287 2750 ἢ
1339 2683 1481 2733 καθά
1513 2698 1612 2734 που
1643 2681 1708 2735 τὰ
1736 2680 1819 2734 λό-

243 2788 362 2836 για,
414 2791 433 2823 ι
474 2771 606 2825 Ὀτε
635 2772 667 2840 ἡ
697 2771 937 2825 θάλασσα
966 2772 1248 2841 ἐμαιοῦτο,
1288 2773 1352 2825 σὺ
1384 2772 1659 2843 ἐτήρησας
1689 2790 1821 2843 τρα-

242 2862 504 2929 γελάφων
547 2862 804 2925 τοκετοὺς
852 2860 1127 2930 ἀκηκοώς.
1166 2880 1184 2913 ι
1228 2861 1419 2916 Ἔνθεν
1470 2862 1819 2933 πρεσϐύτερα

250 2953 330 3023 μὴ
356 2955 537 3007 ὀκνεῖν
586 2953 1005 3025 διακηρυκεύειν
1049 2955 1190 3025 ὑπὲρ
1236 2955 1400 3009 αὐτοῦ
1450 2956 1542 3009 καὶ
1573 2955 1813 3026 μείζονα,

245 3044 493 3110 γέλωτος
529 3045 823 3115 κωμῳδίαν
854 3046 1010 3111 ἀξίαν
1037 3045 1069 3116 ἢ
1096 3045 1295 3113 μᾶλλον
1322 3045 1577 3118 δακρύων
1606 3045 1819 3100 πολλῶν

246 3139 435 3210 ἐαυτῷ
501 3142 1025 3211 καταχαριζόμενος,
1058 3114 1175 3194 γκαὶ
1231 3143 1344 3204 τοῖς
1402 3114 1714 3212 προχείρως
1757 3114 1889 3195 ἐκο

250 3232 568 3302 μοχθηρίας
632 3233 855 3287 τοιαῦτα
910 3234 1231 3287 πιστεύουσι
1283 3236 1379 3287 καὶ
1437 3237 1818 3305 κρατύνουσιν.

246 3322 417 3375 Ὅθεν
452 3323 547 3376 καὶ
580 3322 782 3391 μᾶλλον
830 3323 1234 3393 μυρμηκολέων
1266 3322 1463 3392 εὑρέθη
1510 3324 1677 3387 κακὸς
1716 3342 1820 3377 καθ

244 3414 364 3477 κῶς
390 3413 752 3482 όλεσκόμενος
783 3414 1068 3484 ἀποτυχὼν
1092 3419 1191 3484 τῆς
1218 3415 1403 3484 βορᾶς,
1439 3415 1496 3478 ὃς
1524 3415 1647 3483 μετ’
1678 3416 1822 3468 ἐκεί-

244 3523 344 3559 νου
371 3504 467 3558 τοῦ
509 3504 681 3557 θεῖναι
728 3506 837 3566 τοῖς
874 3504 1096 3574 ἄστροις
1132 3502 1225 3556 τὸν
1256 3504 1446 3573 θρόνον
1491 3503 1819 3574 βατταρίσαι

243 3597 650 3665 τετολμηκότος
675 3597 739 3649 τὰ
771 3594 995 3650 τοιαῦτα
1030 3596 1455 3666 προσονειρῶξαι
1477 3598 1578 3649 οὐκ
1607 3597 1817 3667 ἔφριξε,

250 3689 380 3761 μεθ’
411 3682 473 3741 οῦ
528 3690 623 3743 καὶ
658 3687 1100 3757 συνηριθμῆσθαι
1166 3688 1260 3741 καὶ
1311 3687 1673 3759 συντετάχθαι
1732 3688 1821 3742 διὰ

244 3787 353 3855 τὴν
387 3784 640 3855 μίμησιν,
668 3782 741 3845 ὡς
769 3782 830 3845 ἐξ
849 3778 921 3834 ὧν
952 3782 1250 3853 εἰργάσατο
1272 3782 1680 3835 ἀποδείκνυται.
1709 3782 1815 3835 Κά-

245 3878 436 3932 κεῖθεν
468 3876 736 3946 ὀμόφροσι
770 3874 947 3945 τούτῳ
988 3874 1100 3927 τισὶ
1152 3876 1219 3927 τὰ
1254 3875 1355 3943 τῆς
1403 3872 1609 3945 πλάνης
1655 3872 1820 3926 αὐτοῦ

243 3972 349 4025 καὶ
382 3970 717 4032 ἀποστασίας
750 3966 1285 4029 καταπιστεύσαντα,
1316 3967 1409 4019 κα)⁸
1437 3967 1627 4024 ἀκοαῖς
1656 3981 1822 4034 πονη-

245 4066 379 4133 ραῖς
404 4063 598 4130 λόγους
644 4060 1031 4128 διακομίσοντα
1066 4058 1359 4129 πονηροὺς,
1402 4057 1472 4112 τὰ
1506 4057 1669 4111 αὑτοῦ
1702 4057 1821 4128 βδε-

241 4156 393 4223 λυρὰ
428 4153 827 4222 σκαιωρήματα
861 4153 918 4204 ἐν
950 4152 1014 4220 τῇ
1046 4150 1200 4203 πόλει
1235 4149 1529 4202 καὶταῦτα
1561 4148 1653 4201 τοῦ
1682 4147 1822 4219 κρά-

241 4267 380 4311 τους
413 4248 712 4318 ἐνσπείρας
749 4247 776 4299 ό
805 4246 1036 4309 δείλαιος
1071 4244 1385 4314 συμμορίαν
1415 4245 1652 4296 ποιεῖται
1685 4243 1822 4297 ἐπά-

246 4355 457 4412 ρατον’
493 4340 543 4393 οῖ
592 4342 690 4393 καὶ
721 4341 890 4409 μήπω
933 4340 1208 4408 διακορεῖς
1256 4338 1321 4407 τῇ
1348 4338 1588 4407 τοσαύτῃ
1650 4335 1820 4405 μανίᾳ

1917 482 2054 521 nore
2106 475 2304 537 praeter
2336 470 2597 524 meritum
2639 480 2903 541 exceptus
2934 483 3039 529 est.
3072 475 3280 530 Nomen
3318 488 3502 532 autem

1916 556 2234 622 sacerdotii,
2271 569 2330 611 ut
2351 559 2584 623 aestimo,
2614 560 2931 628 simulavit;
2961 579 3208 635 magnam
3235 567 3338 622 sibi
3373 569 3501 623 inde

1917 649 2237 719 dignitatem
2267 653 2565 708 conciliare
2604 654 2837 711 studens
2865 660 3009 727 apud
3038 675 3164 713 eum
3191 662 3285 729 qui
3311 662 3499 718 divina

1915 749 1971 798 et
2006 742 2097 795 Dei
2153 743 2403 798 homines
2452 745 2723 800 honorare
2755 751 3080 817 consuevit;
3127 754 3362 822 magnis,
3414 755 3500 809 in-

1918 849 2107 904 quam.
2138 844 2194 889 et
2256 837 2420 906 regiis
2482 837 2847 894 observantiae
2880 840 3375 911 siguillvationibus
3405 847 3498 900 ad-

1918 926 2118 980 missus
2147 941 2177 980 a
2211 936 2400 980 sancto
2434 927 2764 997 imperatore
2791 945 2916 985 meo
2938 971 2952 993 ,
2989 948 3086 1001 pro
3116 932 3276 988 insita
3312 935 3497 990 animo

1919 1018 2041 1088 ejus
2076 1019 2363 1088 religione,
2382 1019 2583 1089 pietate
2613 1036 2675 1075 ac
2703 1035 2766 1074 ea
2793 1036 2898 1089 qua
2930 1022 3190 1091 praeditus
3218 1035 3300 1079 est
3336 1041 3495 1080 man-

1916 1109 2242 1175 suetudine;
2307 1110 2381 1164 ita
2430 1119 2489 1164 ut
2538 1111 2674 1165 nulli
2713 1112 2946 1168 antehac
2998 1115 3348 1184 quantumvis
3382 1119 3495 1186 pio.

1919 1207 2130 1255 tantum
2159 1202 2559 1259 benevolentiae
2594 1221 2623 1260 ιι
2654 1206 3041 1275 superioribus
3069 1209 3498 1278 imperatoribus

1915 1292 2223 1349 exhibitura
2276 1296 2481 1362 fuerit;
2519 1314 2626 1367 qua
2658 1301 2822 1353 etiam
2869 1300 2923 1354 in
2974 1316 3033 1356 re
3062 1300 3182 1371 ejus
3240 1304 3494 1370 pietatem

1920 1386 2201 1442 testificari
2233 1389 2391 1444 liccat
2426 1406 2438 1441 :
2475 1390 2548 1444 ibi
2575 1391 2739 1445 etiam
2771 1392 3059 1460 probitatis
3096 1403 3152 1448 et
3181 1403 3497 1449 mansuetu-

1918 1477 2066 1533 dinis
2094 1482 2519 1549 magnitudinem
2552 1484 2982 1551 demonstravit;
3028 1485 3101 1539 ita
3134 1495 3192 1539 ιιι
3227 1502 3290 1541 ea
3339 1488 3394 1541 in
3435 1502 3496 1541 re

1920 1583 2114 1635 magno
2142 1569 2330 1624 Davitli
2363 1572 2580 1636 similis,
2612 1572 2796 1626 dicere
2831 1575 3000 1643 possit
3034 1587 3092 1629 ιιι
3125 1575 3213 1629 ille
3252 1595 3265 1630 :
3319 1594 3338 1628 ι
3363 1560 3496 1630 Mihi

1922 1658 2088 1712 nimis
2118 1659 2366 1715 honorati
2396 1671 2525 1716 sunt
2556 1663 2715 1717 amici
2755 1665 2833 1718 tui
2866 1666 3028 1721 Deus.
3073 1685 3089 1716 ι
3119 1667 3224 1722 Sed
3247 1706 3262 1730 ,
3313 1682 3346 1720 ο
3376 1670 3498 1721 ani-

1857 1775 1895 1827 Β
1924 1766 2066 1805 mam
2103 1752 2474 1822 impudentem
2507 1764 2562 1809 et
2603 1757 2946 1812 tenebrosam
2976 1761 2989 1813 !
3025 1760 3159 1815 Nam
3186 1776 3285 1830 pro
3314 1760 3497 1816 debita

1925 1842 2088 1896 tantis
2114 1842 2395 1898 beneﬂciis
2426 1846 2565 1915 grati
2620 1846 2785 1900 animi
2819 1848 3234 1918 signiﬁcatione,
3277 1866 3404 1905 eum
3443 1849 3494 1904 in

1921 1936 2051 1990 ferae
2097 1945 2346 1991 naturam
2377 1954 2597 1993 versum
2647 1941 3017 2011 conspicimus
3040 1984 3054 2004 .
3086 1950 3141 1997 et
3168 1943 3261 1997 Dei
3298 1944 3496 1999 timore

1921 2044 1985 2083 ac
2012 2029 2338 2100 iuramentis
2384 2033 2714 2102 posthabitis
2754 2042 2811 2088 et
2850 2033 3079 2105 abjectis
3102 2075 3119 2101 ,
3157 2034 3372 2107 Drimys
3405 2034 3498 2091 ille

1920 2130 1983 2175 ac
2008 2124 2272 2177 exitiosus
2304 2122 2491 2187 homo,
2530 2139 2655 2179 cum
2687 2125 2824 2180 alios
2867 2127 2952 2181 sui
2997 2127 3207 2182 similes
3232 2128 3335 2182 sibi
3364 2144 3498 2183 con-

1919 2212 2178 2277 ciliasset,
2210 2223 2397 2269 contra
2445 2228 2659 2283 gregem
2690 2214 2894 2270 Christi
2924 2255 2938 2280 ,
2972 2227 3161 2273 contra
3196 2218 3497 2275 Ecclesiam

1921 2316 1975 2360 et
2023 2314 2215 2359 contra
2265 2305 2528 2359 divinitus
2566 2318 2887 2361 coronatum
2924 2309 3313 2379 imperatorem
3374 2327 3496 2367 ma-

1920 2395 2335 2450 chinamentum
2382 2395 2493 2449 doli
2549 2406 2606 2450 et
2649 2398 2955 2467 tyrannidis
2999 2400 3221 2469 plenum
3269 2402 3494 2458 struxit.

1920 2488 2063 2543 Proh
2089 2489 2513 2559 nugamentuml
2570 2487 2733 2543 Miser
2760 2489 2849 2543 ille
2885 2505 2944 2545 se
2984 2507 3050 2545 ex
3084 2491 3267 2560 aliquo
3292 2494 3501 2562 prisco-

1920 2596 2043 2636 rum
2068 2582 2457 2652 imperatorum
2490 2593 2670 2635 ortum
2693 2582 3161 2652 gloriatur,qnem
3203 2599 3268 2638 ne
3306 2596 3496 2638 natum

1920 2675 2166 2745 quidem,
2206 2690 2384 2745 neque
2419 2677 2489 2731 ab
2518 2677 2704 2745 aliquo
2734 2677 2934 2739 visum,
2962 2677 3286 2731 auditumvc
3314 2678 3501 2732 hacte-

1921 2780 2028 2822 nus
2082 2766 2227 2821 ullus
2276 2767 2458 2823 scivit.
2510 2767 2906 2822 Hircocervnm
2957 2782 3081 2823 esse
3135 2777 3289 2837 puto,
3347 2770 3497 2824 nulla

1920 2857 2228 2913 substantia
2260 2858 2546 2928 praeditum
2580 2866 2636 2912 et
2667 2859 2851 2911 fictum
2879 2858 3030 2923 ;sive
3055 2873 3179 2912 cum
3207 2858 3322 2913 haec
3345 2858 3497 2914 Scri-

1921 2959 2136 3021 pturam
2172 2950 2374 3004 alicubi
2405 2950 2678 3004 dicentem
2736 2949 2999 3003 audiisset
3038 2966 3052 3001 :
3087 2948 3311 3014 Quando
3352 2967 3499 3005 mare

1924 3044 2396 3107 obstetricabatur,
2473 3052 2528 3096 tu
2602 3045 2887 3097 observasti
2947 3052 3133 3111 partus
3175 3044 3498 3100 hircocerve-

1923 3154 2041 3191 rum
2074 3135 2185 3207 (l);
2215 3136 2342 3192 inde
2400 3137 2504 3191 sibi
2555 3138 2900 3207 antiquitatis
2938 3147 2993 3193 et
3020 3140 3236 3211 generis
3267 3139 3349 3193 sui
3385 3155 3498 3194 ma-

1923 3231 2266 3302 gnitudinem
2322 3230 2652 3298 praedicandi
2684 3230 3029 3285 occasionem
3079 3232 3319 3303 impignc
3349 3234 3498 3289 acci-

1922 3324 2099 3394 piens,
2130 3322 2452 3378 comaadiam
2480 3320 2617 3386 risu,
2658 3323 2768 3377 imo
2798 3323 2978 3392 potius
3015 3324 3276 3394 lztcrymis
3309 3327 3499 3383 multis

1922 3416 2138 3487 dignam
2166 3416 2359 3481 edidit,
2391 3425 2504 3470 tum
2548 3415 2632 3471 sui
2666 3431 2863 3479 causa,
2897 3424 3009 3470 tum
3038 3431 3227 3473 eorum
3262 3419 3356 3489 qui
3417 3431 3497 3475 te-

1924 3523 2074 3564 mere
2104 3524 2171 3562 cx
2200 3508 2552 3577 improbitate
2598 3508 2725 3561 talia
2758 3507 3051 3563 crederent
3102 3518 3158 3563 et
3208 3511 3490 3566 conﬁrma-

1924 3610 2048 3656 rent
2084 3618 2098 3655 :
2131 3616 2299 3671 quare
2328 3600 2544 3655 facilius
2574 3600 2666 3653 ille
2702 3599 3087 3669 myrmecoleon
3118 3600 3502 3671 deprehende-

1924 3706 2033 3755 tur.
2056 3709 2118 3748 ac
2143 3695 2317 3748 malus
2338 3695 2476 3748 male
2508 3696 2735 3764 peribit,
2759 3712 2883 3751 cum
2919 3698 3053 3751 nihil
3074 3700 3218 3769 quod
3245 3698 3494 3766 devoret,

1923 3786 2143 3850 habeat,
2182 3786 2274 3856 qui
2305 3803 2428 3841 cum
2475 3788 2569 3844 illo
2596 3789 2690 3859 qui
2729 3789 2992 3845 thronum
3041 3807 3202 3847 suum
3246 3793 3303 3848 in
3334 3794 3498 3848 astris

1922 3894 2126 3950 ponere
2180 3879 2419 3945 volebat,
2480 3881 2607 3935 talia
2644 3881 2861 3936 etfutire
2919 3892 2975 3937 et
3021 3884 3299 3939 somniare
3329 3902 3498 3942 ausus

1922 3985 2030 4025 non
2061 3970 2345 4025 exhorruit
2381 3986 2395 4023 :
2437 3986 2557 4025 cum
2594 3986 2702 4041 quo
2752 3972 3224 4028 atlnumerandum
3261 3984 3317 4029 et
3366 3991 3500 4031 con-

1922 4062 2259 4119 stituendum
2290 4078 2417 4119 eum
2446 4079 2567 4119 esse
2597 4066 2669 4120 ob
2730 4064 3116 4133 imitationem,
3145 4083 3213 4122 ex
3236 4070 3498 4139 operibus

1922 4156 2042 4226 ejus
2078 4164 2562 4211 commonstratur.
2621 4157 2751 4212 Inde
2797 4173 2930 4213 vero
2982 4174 3107 4214 cum
3167 4160 3496 4230 quibusdam

1922 4245 2027 4301 sibi
2084 4246 2562 4302 consentientibus
2614 4247 2820 4303 erroris
2882 4257 2939 4302 et
3005 4248 3333 4305 defectionis
3385 4266 3497 4306 sua:

1922 4348 2132 4394 secreta
2201 4339 2654 4406 conci-edidisset,
2704 4351 2759 4396 et
2816 4340 3078 4411 improbis
3134 4343 3362 4397 auribus
3397 4343 3498 4398 im-

245 4436 559 4504 γενόμενοι,
585 4432 667 4485 ἐτι
693 4431 971 4492 ὠδίνοντες
993 4431 1060 4483 τὰ
1090 4432 1255 4493 κακὰ,
1278 4428 1371 4481 τοῦ
1404 4429 1556 4499 μόνοι
1588 4427 1819 4480 ἐνταῦθα

1924 4431 2094 4503 proba
2119 4431 2285 4485 verba
2312 4430 2576 4494 dedisset,
2614 4434 2852 4502 itemque
2902 4432 3239 4489 exsecranda
3275 4444 3331 4490 et
3363 4451 3493 4504 per-

244 4530 452 4600 λυττᾷν
517 4527 634 4598 μεθ’
677 4522 752 4581 ὧν
799 4524 1145 4597 ᾠκειώσαντο
1205 4526 1401 4593 μικρὸν
1449 4520 1819 4591 λογιζόμενοι,

251 4621 528 4691 μειζόνως
594 4618 651 4670 ἐν
694 4614 1003 4685 κακουργίᾳ
1054 4615 1285 4683 δραμεῖν
1320 4612 1611 4664 συνέλςίόον
1660 4611 1822 4663 πόνον

244 4714 348 4767 τοῦ
377 4712 610 4779 ἀνομίαν
644 4711 955 4773 ἀποτεκεῖν,
984 4707 1057 4769 ὡς
1106 4708 1172 4759 ἂν
1200 4706 1467 4774 μειζόνως
1506 4701 1822 4772 ἐκπολεμῶ-

248 4826 350 4862 σαι
406 4808 608 4868 αὐτοὺς
659 4807 751 4857 καὶ
801 4803 935 4855 Θεὸν
983 4799 1405 4860 ἐπισπεύδοντες
1463 4800 1590 4859 τοὺς
1635 4796 1821 4865 κύκλῳ

242 4899 414 4971 ἡμῶν
457 4900 647 4958 ἀθέους
674 4898 770 4949 καὶ
808 4894 1046 4954 ἀσεϐεῖς,
1080 4891 1159 4955 είς
1190 4890 1455 4943 ἄσπονδον
1504 4889 1684 4960 μάχην
1725 4889 1822 4957 τὴν

243 4994 395 5046 κατὰ
423 4989 518 5043 τοῦ
556 4989 761 5057 Κυρίου
790 4985 1005 5039 καὶτοῦ
1046 4984 1285 5056 Χριστοῦ
1329 4983 1519 5048 αὐτοῦ,
1553 4983 1648 5035 καὶ
1696 4979 1819 5033 ὅλου

242 5086 637 5153 συντάγματος
691 5079 1107 5151 Χριστωνύμου,
1161 5076 1491 5144 συγκαλέσαι
1548 5077 1636 5130 ἐπ’
1671 5077 1820 5129 ἀπω-

237 5176 375 5246 λείᾳ
423 5176 578 5243 κοινῇ
614 5173 693 5235 είς
743 5170 1028 5239 ἀντίληψιν
1075 5168 1174 5239 τὴν
1209 5168 1423 5222 ἑαυτῶν
1461 5166 1817 5237 ἐψηφίσαντο.

235 5272 363 5325 Καὶ
396 5267 556 5321 τοῦτο
600 5267 865 5337 ἐξήνυσαν
898 5265 985 5324 ἂν.
1016 5264 1064 5315 εί
1113 5262 1188 5332 μὴ
1221 5261 1435 5332 συνέχει
1485 5261 1690 5314 τούτων
1722 5259 1820 5323 τὰς

239 5373 503 5433 μηχανὶς
553 5362 581 5413 ό
611 5360 843 5413 θανάτου
894 5357 1176 5428 ἐκτρέπων
1212 5356 1372 5409 σκιὰν
1422 5358 1503 5419 εἰς
1533 5355 1679 5427 ζωὴν
1708 5357 1822 5417 τοῖς

232 5457 474 5516 ἐλπίδας
503 5453 726 5524 βεὸαίας
769 5451 1123 5519 ἀναθεμενοις
1156 5449 1304 5519 αὐτῷ
1331 5464 1347 5481 ’
1379 5449 1438 5512 ὃς
1468 5453 1562 5503 καὶ
1602 5449 1695 5502 τὸν
1729 5450 1823 5501 πό-

235 5568 345 5605 νον
377 5548 542 5602 αὑτὸν
587 5548 708 5610 ταῖς
740 5545 917 5599 αὐτῶν
973 5543 1240 5613 κεφαλαῖς
1288 5543 1513 5607 ἐνδίκως
1560 5542 1819 5610 ἐπέσαὶπ,

320 5734 400 5799 (ι)
435 5730 531 5786 Job
556 5745 736 5793 xxxtx,
768 5729 812 5784 ι.
846 5726 947 5783 Sed
980 5725 1199 5781 multum
1233 5724 1443 5779 diverse.

1926 4535 2083 4577 versa
2135 4520 2574 4576 machinamenta
2616 4537 2713 4576 sua
2766 4524 2817 4576 in
2867 4522 3088 4579 civitate
3144 4524 3496 4594 imperatoria

1925 4613 2355 4683 dlsseminasset,
2395 4614 2818 4670 abominandam
2872 4615 2976 4670 sibi
3019 4614 3243 4671 manum
3277 4617 3496 4688 collegit

1926 4704 2231 4770 hominum,
2264 4707 2358 4777 qui
2394 4722 2518 4761 cum
2563 4708 2803 4761 nondum
2841 4717 2989 4762 tanta
3037 4708 3269 4763 Stultitia
3322 4711 3494 4765 saturi

1925 4798 2054 4861 sint,
2099 4799 2236 4853 mala
2265 4799 2654 4868 parturientes,
2690 4800 2792 4853 rati
2822 4814 3011 4867 parum
3045 4816 3167 4854 esse
3201 4800 3247 4854 si
3297 4802 3353 4855 in
3405 4803 3496 4859 illa

1926 4893 2100 4963 prima
2136 4909 2295 4963 quam
2329 4894 2567 4964 amplexi
2593 4904 2722 4948 sunt
2753 4894 2982 4948 stultitia
3014 4894 3226 4966 rurant;
3273 4898 3497 4967 majoris

1925 4986 1982 5040 in
2020 4987 2265 5055 nequitia
2290 5000 2486 5040 cursus
2512 4984 2764 5038 laborem
2797 4993 3256 5055 susceperunt,ut
3282 4988 3497 5057 pariant

1926 5079 2311 5148 iniquitatem;
2375 5079 2447 5133 ita
2505 5087 2564 5132 ut
2626 5077 2848 5148 majoris
2877 5077 3000 5132 belli
3048 5078 3157 5133 Deo
3221 5081 3494 5136 inferendi

1924 5172 2109 5227 studio
2138 5172 2368 5236 incensi,
2414 5171 2673 5227 ﬁnitimos
2712 5179 2932 5225 nostros
2974 5171 3166 5228 atheos
3195 5181 3249 5228 et
3272 5173 3493 5244 impios,

1924 5265 1993 5320 ad
2022 5265 2353 5335 inexpiabile
2378 5264 2575 5319 bellum
2616 5264 2878 5319 adversus
2903 5264 3190 5320 Dominum
3220 5274 3275 5321 et
3302 5267 3494 5321 adver-

1924 5374 2019 5414 sus
2057 5357 2333 5413 Christum
2363 5360 2505 5429 ejus,
2547 5366 2603 5413 et
2661 5358 2925 5415 adversus
2957 5367 3128 5413 totum
3164 5359 3495 5414 Christiano-

1926 5463 2049 5503 rum
2072 5456 2272 5504 caetum
2315 5449 2382 5504 ad
2423 5463 2773 5504 communem
2806 5449 3103 5519 perniciem
3131 5458 3187 5504 et
3216 5449 3301 5505 sui
3338 5452 3494 5504 auxi-

1926 5541 2060 5596 lium
2100 5555 2328 5597 evocare
2359 5542 2775 5599 constituerint.
2810 5541 2875 5597 Et
2911 5542 3014 5598 hoc
3059 5556 3191 5599 sane
3236 5543 3495 5614 pet-lecis-
3546 5542 3550 5546 ’
