3894 6532
228 504 318 570 489

1637 502 2039 569 EPISTOLIE.

3282 488 3460 551 ’490

226 617 395 674 αὐτῶν
446 614 801 685 ἀλογώτλεροι,
850 612 969 671 ἀλλ’
1000 613 1104 683 ἤδη
1168 615 1263 669 καὶ
1321 614 1577 672 ὖπνωσαν
1617 614 1788 672 ὖπνον

1898 617 1947 671 in
1980 616 2235 682 nihilum,
2271 624 2326 671 et
2357 615 2608 673 ultricem
2654 622 2874 665 manum
2909 618 2959 662 te
3010 604 3461 677 impugnanlibtts
3500 598 3511 607 “

226 711 377 775 αὑτὸν
407 711 501 763 καὶ
548 708 647 777 οὐχ
691 699 852 775 εὗρον
883 704 1057 773 οὐδὲν,
1092 706 1200 764 ἀπὸ
1238 700 1612 779 ἐπιτιμήσεως
1646 708 1782 765 πάν-

227 822 323 867 τως
349 803 446 871 τῆς
479 801 630 861 θείας
664 798 836 870 ὀργῆς
866 798 1509 870 παραδειγματισθείσης
1533 799 1635 870 τῆς
1660 803 1783 854 ἀνο-

229 896 345 964 μίας
379 895 581 960 αὐτῶν,
614 892 689 956 ὡς
727 891 1214 962 μάτην.χανόντων
1245 893 1386 963 (sic),
1430 892 1526 946 καὶ
1553 892 1691 963 πρός
1716 909 1781 960 γε

226 992 286 1056 τῇ
317 987 563 1056 ἁμαρτίᾳ
615 985 709 1038 καὶ
766 979 1076 1056 άπωλείᾳῇ
1125 984 1325 1047 αὐτοὺς
1379 984 1780 1057 ἐμϐεϐλήκασι,

231 1079 316 1135 καὶ
359 1078 576 1146 διηνεκῆ
621 1076 922 1146 όφλήσουσι
965 1076 1200 1144 γέλωτα.
1248 1073 1346 1140 Οἷς
1393 1077 1514 1132 οὐδὲ
1545 1077 1776 1133 δυνατὸν

230 1169 352 1239 παρ’
377 1168 666 1239 ἀνθρώπου
696 1166 853 1231 ἀξίαν
881 1165 1333 1238 σύμψηφισθῆναι
1355 1164 1456 1237 τὴν
1486 1166 1782 1234 τιμωρίαν,

229 1262 259 1330 ἢ
292 1260 440 1328 παρά
465 1259 629 1329 μόνου
659 1256 796 1309 Θεοῦ
827 1256 965 1326 πρὸς
996 1257 1058 1309 τὸ
1089 1255 1182 1309 τοῦ
1210 1256 1375 1325 ἔργου
1405 1255 1610 1315 τούτων
1632 1256 1785 1327 ὠμὸν

228 1351 316 1411 καὶ
342 1352 753 1418 ἀσύγγνωστον,
807 1350 902 1401 καὶ
944 1346 1259 1410 ἀθεώτατον
1289 1348 1384 1402 καὶ
1430 1349 1692 1419 ὀλέθριον.
1720 1349 1791 1407 Et

225 1462 301 1506 τις
339 1443 490 1521 ἡμῶν
519 1441 812 1511 νουνεχῶς⁶
834 1440 894 1493 τὸ
932 1439 1026 1492 τοῦ
1072 1439 1236 1494 ἀθέου
1267 1441 1640 1511 τολμήσαντος
1673 1439 1783 1499 δια-

227 1522 479 1602 meam
526 1530 903 1602 ἀποτέλεσμα,
930 1523 1012 1585 ὧν
1058 1530 1154 1584 καὶ
1189 1532 1354 1601 ἡμεῖς
1391 1533 1616 1597 ἐνδίκως
1645 1532 1785 1602 ὀμοῦ

225 1626 314 1680 καὶ
336 1624 613 1693 ὲνθέσμως
635 1624 774 1692 μετὰ
798 1623 895 1692 τῆς
920 1623 1050 1693 περὶ
1073 1623 1219 1693 ἡμᾶς
1238 1608 1348 1695 τῶν
1375 1618 1478 1679 ὦδε
1508 1624 1788 1696 λαχόντων

227 1715 524 1785 ίερωτάτων
554 1714 856 1785 ἀρχιερέων
900 1713 1055 1777 θείας
1090 1714 1184 1767 καὶ
1226 1717 1377 1785 ἱερᾶς
1417 1718 1658 1785 συνόδου,
1692 1718 1786 1773 τοῦ

220 1809 466 1878 Σάρδεων
496 1812 593 1859 καί⁸
627 1802 956 1876 ὑπερτίμου,
989 1806 1084 1860 τοῦ
1117 1807 1465 1878 Χαλκηδόνος
1495 1809 1589 1867 καὶ
1620 1809 1790 1880 ὑπερ-

222 1901 400 1970 τίμου,
439 1899 532 1951 τοῦ
563 1897 858 1968 Περγάμου
899 1899 993 1952 καὶ
1028 1899 1359 1970 ὑπερτίμου,
1391 1901 1485 1955 τοῦ
1509 1900 1789 1972 Μιτζύνης

228 1994 319 2047 καὶ
356 1992 687 2062 ύπερτίμου,
721 1991 815 2047 τοῦ
850 1991 967 2062 (sic)
1013 1992 1314 2063 Ἀχυράους
1338 1995 1435 2057 καὶ
1460 1996 1790 2066 ὑπερτίμου,
1824 1989 1864 2043 Β

222 2084 315 2137 τοῦ
345 2084 783 2155 ἁρχιεπισκόπου
840 2085 1292 2156 Χριστουπόλεως
1328 2087 1421 2143 καὶ
1460 2086 1556 2143 τοῦ
1600 2091 1790 2159 ἀρχιε-

227 2176 493 2228 πισκόπου
556 2173 780 2240 Δίρκου,
811 2173 1219 2242 συμπαρόντων
1267 2176 1363 2229 καὶ
1392 2177 1503 2229 τῶν
1545 2176 1794 2247 θεοιριλε-

225 2267 435 2330 στάτων
469 2264 789 2318 ἐπισκόπων
812 2265 908 2318 τοῦ
952 2264 1281 2332 Ῥαιδεστοῦ,
1315 2267 1453 2338 πρὸς
1488 2267 1546 2329 δὲ
1578 2270 1674 2330 καῖ
1697 2270 1792 2329 τοῦ

225 2357 664 2428 Χαριουπόλεως,
684 2356 745 2410 τὸ
773 2356 1030 2427 τόλμημα
1059 2358 1430 2429 μυσαχθέντες
1463 2362 1524 2417 τὸ
1553 2363 1798 2421 ἀθεώτα.

183 2458 194 2466 .
224 2470 314 2507 τον
351 2452 445 2506 καὶ
473 2449 856 2521 ἀναίσχυντον,
883 2450 1068 2522 πάσης
1102 2452 1532 2525 ἀπογυμνοῦμεν
1567 2457 1796 2528 ἱερωσύ-

224 2559 320 2614 νης
346 2542 507 2596 αὑτὸν
530 2542 622 2594 τὸν
656 2540 802 2613 θῆρα
832 2542 925 2596 τὸν
953 2542 1175 2596 δυτικὺν
1204 2547 1300 2601 καὶ
1324 2545 1551 2616 δριμὺν,
1584 2549 1795 2619 σπορὲα

226 2637 471 2707 φρικτῶν
499 2634 756 2700 ζιζανίων
786 2635 1114 2709 ὑπάρξαντα
1145 2638 1430 2702 τοιούτων,
1468 2641 1518 2695 εί
1545 2643 1637 2695 καί
1664 2660 1796 2696 ποτε

221 2728 432 2800 ταύτης
457 2729 676 2797 ἠξίωτο,
716 2727 856 2805 ἀλλά
900 2729 976 2800 μὴ
1011 2729 1191 2800 μάτην
1221 2730 1431 2803 ταύτης
1456 2734 1797 2806 κατετυράν-

223 2837 302 2874 νει
336 2824 395 2874 ὲν
424 2820 571 2889 λόγῳ
596 2819 749 2890 μόνῳ
791 2818 935 2890 ψιλῷ
962 2820 1100 2895 πρὸς
1131 2822 1412 2895 ὲξαπάτην
1459 2826 1570 2880 τῶν
1598 2827 1800 2882 ἁπλου-

224 2914 457 2983 στέρων,
514 2910 681 2981 τιμὴν
715 2911 1011 2969 κάντεῦθεν
1044 2914 1072 2967 ό
1117 2913 1311 2985 ἄτιμος
1358 2917 1538 2988 ἑαυτῷ
1580 2921 1802 2991 ποριζό-

227 3017 409 3071 μενος,
441 2999 515 3063 ὡς
543 3003 569 3053 ὁ
595 3002 795 3071 τρόπος
818 3002 1131 3073 άπήλεγξεν
1153 3004 1336 3076 ἑαυτῷ
1364 3008 1538 3072 ἀδεῶς
1561 3010 1630 3063 τὰ
1657 3010 1800 3083 ὑπὲρ

1886 709 2197 767 immittam.
2238 728 2259 763 ι
2304 708 2520 765 Etenim
2556 721 2665 761 non
2706 700 2870 759 modo
2901 698 3335 760 dormitarerunt
3365 696 3461 765 qui

1885 799 2251 857 ascenderunt
2275 813 2445 868 equos
2467 840 2482 865 ,
2514 796 2609 867 qui
2638 808 2747 849 una
2775 807 2898 847 cum
2936 798 3161 853 versuto
3206 789 3299 842 illo
3322 787 3461 865 liac-

1885 890 2044 947 chico
2061 891 2248 946 furore
2278 892 2395 947 sive
2426 888 2638 947 insania
2663 885 2997 957 agebantur;
3019 880 3111 952 qui
3135 895 3262 935 vere
3281 879 3462 934 brutis

1886 981 2023 1052 ipsis
2051 980 2545 1037 irrationabiliores
2568 987 2695 1034 sunt
2727 994 2741 1033 :
2780 994 2800 1027 ι
2840 975 2936 1030 sed
2985 983 3039 1027 ct
3066 974 3178 1042 jam
3220 970 3464 1025 dormie-

1887 1081 2019 1129 runt
2039 1088 2292 1131 somnum
2315 1088 2498 1137 suum,
2558 1079 2614 1126 et
2659 1069 2800 1124 nihil
2844 1067 3199 1127 invenerunt,
3239 1082 3258 1116 ι
3297 1063 3463 1132 idque

1885 1167 2047 1238 plane
2079 1168 2148 1223 ab
2174 1164 2679 1237 increpationeiraa
2701 1148 2902 1217 diuina:
2932 1177 2943 1213 :
2989 1174 3110 1215 cum
3138 1172 3330 1213 eorum
3358 1156 3468 1211 ini-

1886 1262 2069 1332 quitas
2100 1260 2278 1329 palam
2333 1259 2595 1315 traducta.
2642 1256 2749 1322 sit,
2797 1263 2985 1325 utpote
3023 1250 3118 1322 qui
3161 1250 3360 1306 frustra
3399 1263 3463 1302 os

1886 1352 2209 1423 aperuerint
2242 1350 2309 1407 ad
2360 1359 2647 1421 peccatum
2680 1357 2736 1405 et
2760 1346 2829 1406 ad
2864 1342 3166 1415 perniciem
3202 1342 3257 1403 in
3292 1355 3459 1410 quam

1887 1454 2224 1517 proruerunt
2247 1463 2261 1510 ;
2293 1445 2367 1509 ita
2384 1452 2654 1514 perpetuo
2679 1441 2793 1495 risu
2815 1438 2965 1509 digni
2986 1438 3317 1492 habeantur;
3343 1434 3469 1504 qui—

1886 1539 1994 1595 bus
2010 1554 2117 1593 non
2138 1552 2270 1594 sane
2300 1545 2480 1608 potest
2506 1535 2576 1592 ab
2593 1534 2814 1590 homine
2844 1530 3204 1601 promeritum
3243 1527 3465 1589 decerni

1888 1630 2244 1701 supplicium,
2275 1629 2369 1684 sed
2401 1628 2581 1683 solum
2608 1641 2636 1680 a
2672 1625 2807 1691 Deo,
2843 1624 2914 1678 ob
2945 1637 3084 1691 opus
3106 1618 3468 1683 scilicetillud

1886 1721 2133 1788 crudele,
2161 1721 2323 1779 venia
2353 1719 2660 1790 indignum,
2694 1715 3076 1785 impiissimum
3112 1720 3170 1768 et
3202 1709 3472 1783 pernicio-

1891 1830 2015 1872 sum
2094 1813 2241 1885 quod
2296 1819 2680 1883 susceperunt.
2712 1809 2784 1875 ~Si
2834 1809 2959 1879 quis
3011 1817 3266 1864 nostrum
3313 1804 3469 1873 impii

1893 1906 2134 1963 hominis
2183 1906 2361 1962 audax
2411 1904 2625 1963 facinus
2667 1902 2970 1973 prudenter
3031 1896 3470 1969 considerct[is

1894 2011 2044 2057 certe
2085 2000 2298 2071 putabit
2322 2014 2462 2070 opus
2491 1995 2676 2068 esse],
2701 2005 2763 2051 ut
2802 2011 2904 2050 nos
2931 2009 3055 2049 cum
3106 1990 3468 2049 sanctissimis

1892 2091 2321 2165 archiepiscOpis
2372 2090 2468 2161 qui
2498 2090 2590 2145 hic
2645 2089 2703 2143 in
2753 2102 2907 2142 sacra
2942 2086 3205 2145 etdivina
3258 2084 3469 2155 synodo

1892 2187 2068 2242 coacti
2124 2193 2291 2250 sunt;
2352 2180 2616 2238 Sardensi
2644 2180 2857 2235 scilicet
2879 2177 3212 2248 hypertimo,
3236 2174 3467 2231 Chalce—

1893 2276 2124 2333 donensi
2156 2274 2483 2348 hypertimo,
2540 2269 2863 2342 Mitzynensi
2904 2268 3216 2340 bypertimo
3242 2306 3256 2331 ,
3291 2265 3472 2337 Ancy—

1894 2386 2031 2426 rano
2060 2368 2394 2439 hypertimo,
2425 2375 2479 2420 et
2504 2363 2934 2434 archiepiscopis
2964 2358 3376 2430 Christopoleos
3414 2368 3472 2417 ct

1895 2463 2066 2529 Dirci,
2128 2458 2489 2532 praesentibus
2533 2457 2662 2511 item
2720 2440 3150 2524 religiosissimis
3194 2450 3471 2521 episcopis

1897 2556 2162 2616 Raeclesta
2206 2562 2267 2613 α’
2318 2551 2733 2622 Chariopoleos,
2784 2549 2841 2603 in
2868 2548 3050 2604 scelus
3078 2546 3470 2616 impiissimum

1896 2654 1953 2702 et
1976 2642 2511 2715 impatientissimum
2558 2641 2688 2695 odio
2733 2638 2972 2705 incensi,
3001 2638 3146 2692 hanc
3174 2636 3343 2691 feram
3377 2649 3472 2690 oc.-

1898 2736 2226 2793 cidentalem
2251 2743 2307 2790 et
2328 2733 2533 2789 vafram
2552 2728 2863 2788 sacerdotio
2892 2744 3121 2800 prorsus
3147 2728 3473 2798 spolietnus,

1897 2843 2021 2900 qua:
2077 2836 2226 2883 tanta
2286 2835 2395 2887 tam
2443 2823 2722 2883 horrenda
2784 2822 2992 2879 zizania
3051 2820 3470 2887 disseminavit,

1899 2920 2114 2977 etiamsi
2145 2920 2239 2976 illo
2272 2918 2444 2990 gradu
2474 2918 2732 2988 dignatus
2783 2913 3078 2984 aliquando
3130 2912 3319 2967 fuerit.
3371 2910 3475 2965 Vc-

1900 3029 2023 3070 rum
2047 3014 2101 3068 in
2126 3013 2219 3068 illo
2253 3010 2599 3083 tyrannidem
2632 3008 2878 3066 exercuit
2905 3007 3054 3063 nudo
3076 3016 3285 3066 tantum
3304 3004 3476 3061 verba

222 3092 424 3146 ἑαυτὸν
472 3093 869 3164 φημιζόμενος,
903 3096 1000 3149 σὺν
1031 3096 1207 3167 τούτῳ
1241 3100 1335 3152 καὶ
1367 3099 1458 3153 τὸν
1507 3100 1795 3157 ἀκόλουθον

1903 3121 2035 3162 usus
2071 3105 2138 3161 ad
2199 3103 2475 3176 simplices
2526 3100 3066 3164 circumveniendos,
3097 3107 3153 3154 et
3185 3099 3253 3153 ad
3302 3097 3477 3152 hono-

220 3186 280 3241 δν
310 3188 343 3257 ἠ
372 3185 539 3255 Μύρα
563 3187 770 3250 Λυκίας
795 3189 1159 3260 προήνεγκεν,
1189 3183 1277 3244 οἷα
1311 3189 1473 3245 λύκον
1500 3192 1795 3265 άσυμπαθῆ

1904 3213 2020 3254 rem
2052 3196 2157 3254 sibi
2179 3195 2609 3259 conciliandum,
2646 3193 2755 3249 etsi
2780 3208 2909 3249 vere
2946 3191 3165 3247 infamis
3195 3191 3381 3254 homo,
3416 3198 3476 3243 ut

220 3279 335 3340 τοῖς
370 3278 670 3349 προϐάτοις
700 3279 942 3350 Χριστοῦ
988 3281 1410 3353 προσενεχθῆναι
1453 3285 1795 3356 ὁρμήσαντα.

1906 3290 2009 3361 ipsi
2042 3303 2225 3347 mores
2257 3288 2377 3359 ejus
2406 3303 2505 3359 per
2535 3301 2596 3343 se
2626 3294 2867 3357 arguunt
2895 3299 2958 3342 ac
2990 3284 3288 3354 praedicant
3308 3299 3323 3348 ;
3345 3297 3473 3337 cum

219 3370 365 3440 Πρὸς
387 3369 444 3423 δὲ
476 3370 572 3427 καὶ
615 3369 795 3441 ἀλύτῳ
824 3369 918 3431 καὶ
960 3371 1138 3443 τούτῳ
1174 3374 1316 3443 μετὰ
1345 3374 1438 3437 τοῦ
1469 3379 1795 3446 πρωταιτίου

1905 3383 1998 3451 illo
2027 3385 2158 3439 item
2187 3396 2424 3452 sequace
2472 3382 2593 3450 ejus
2619 3395 2782 3450 quem
2814 3378 2963 3450 Myra
3011 3378 3189 3448 Lyciae
3222 3375 3476 3447 protulit,

216 3461 455 3533 δρομέος
485 3464 583 3516 σὺν
609 3464 745 3516 πᾶσι
762 3465 874 3526 τοῖς
899 3462 1151 3534 ἀκριβῶς
1177 3464 1344 3519 είδόσι
1365 3467 1425 3521 τὸ
1461 3472 1644 3537 φόνιον
1670 3469 1804 3540 βούτ-

218 3558 425 3629 λευμα,
459 3559 552 3611 καὶ
588 3559 664 3629 μὴ
696 3557 1002 3619 σπεύσασιν
1038 3560 1121 3623 είς
1161 3560 1473 3637 φανέρωσιν
1503 3544 1801 3633 ἐνδεσμοῦ-

227 3667 333 3723 μεν
366 3651 680 3721 άφορισμῷ.
737 3651 902 3707 ’Λλλὰ
951 3651 1044 3706 καὶ
1074 3646 1157 3715 οἷς
1194 3652 1303 3706 ἀπό
1334 3669 1400 3721 τε
1432 3653 1527 3707 τοῦ
1561 3655 1657 3708 νῦν
1689 3674 1803 3725 φω-

221 3740 390 3812 ραθῇ,
454 3740 657 3812 λύσσης
715 3741 973 3814 τοιαύτης
1026 3741 1122 3799 καὶ
1173 3742 1364 3806 ἀθεΐας
1392 3745 1489 3800 καὶ
1536 3747 1801 3813 άπιστίας

217 3833 559 3905 ἐγχείρημα,
584 3834 766 3901 τούτῳ
782 3835 857 3905 τῷ
888 3837 1170 3907 φρικαλέῳ
1197 3839 1310 3901 τοῖς
1340 3839 1417 3911 μὴ
1449 3840 1802 3914 ὲξεστηκόσιν

219 3923 573 3996 ἐμπεδοῦμεν
604 3926 927 3997 άφορισμῷ,
957 3930 1040 3983 ὅτι
1084 3929 1212 4003 μηδ’
1251 3931 1384 3985 ἄλλο
1406 3932 1798 4007 δριμύτερονῆ

216 4019 555 4091 πικρότερον
583 4020 661 4091 τῷ
707 4020 896 4091 δριμεῖ
934 4021 1180 4094 Ἰωάννῃ,
1209 4025 1305 4078 καὶ
1337 4027 1669 4099 τραγελάφῳ
1704 4030 1803 4083 καὶ

216 4112 299 4184 τῷ
327 4111 497 4177 αὑτοῦ
542 4111 830 4198 ⁴ἀκολούθῳ
881 4115 1312 4188 Σαρδαναπάλῳ,
1370 4119 1468 4173 καὶ
1516 4123 1629 4191 τοῖς
1669 4123 1801 4192 ὁμό-

216 4223 391 4276 φροσι
417 4206 625 4265 τούτων
671 4209 729 4260 ὲν
768 4207 911 4279 λόγῳ
942 4207 1117 4272 ξενίου
1166 4209 1235 4265 δι’
1262 4208 1302 4264 ά
1353 4211 1799 4282 κατεπράξαντο.

220 4297 416 4363 Ἔδοξε
445 4299 513 4369 τῇ
559 4298 766 4370 συνόδῳ
816 4298 1239 4371 παρασχεθῆναι
1278 4301 1505 4366 τούτοις-
1527 4305 1594 4374 τῇ
1653 4305 1798 4375 ἱερᾷ.

214 4388 392 4457 ἀξίως
426 4393 527 4460 τῆς
559 4390 821 4461 ἐργασίας
851 4392 1052 4458 αὐτῶν,
1086 4392 1161 4457 ὡς
1205 4393 1446 4465 πτέρναν
1477 4397 1683 4468 ἐπᾶραι
1715 4415 1803 4452 τε·

212 4483 577 4553 τολμηκότων
630 4483 774 4537 κατά
804 4499 861 4536 τε
896 4485 996 4555 τῆς
1048 4484 1377 4556 Ἑκκλησίας
1421 4487 1568 4543 κατά
1613 4506 1672 4543 τε
1702 4492 1802 4560 τῆς

214 4573 530 4646 βασιλείας,
557 4576 655 4628 καὶ
682 4576 822 4630 κατὰ
850 4575 945 4630 τοῦ
988 4576 1268 4648 ὁμοφύλου
1298 4581 1523 4646 παντός.
1556 4583 1709 4652 Μηδέ
1739 4599 1803 4652 γε

1902 3478 1995 3549 qui
2022 3478 2178 3548 quasi
2217 3478 2381 3546 lupus
2433 3474 2830 3531 immisericors
2887 3472 2941 3527 in
2994 3486 3212 3542 gregem
3264 3468 3474 3526 Christi

1904 3570 2126 3640 irrupit.
2164 3567 2308 3625 Cum
2348 3569 2451 3623 hoc
2471 3577 2654 3622 autem
2684 3575 2740 3621 et
2764 3566 2938 3637 primo
2965 3565 3059 3621 illo
3105 3563 3333 3619 sceleris
3375 3578 3478 3617 au-

1902 3670 2058 3718 ctore
2119 3676 2183 3716 ac
2215 3660 2533 3730 prodromo,
2589 3674 2685 3717 cos
2733 3672 2926 3721 omnes
2956 3655 3049 3727 qui
3091 3656 3146 3711 in
3191 3653 3387 3710 nefarii
3418 3662 3476 3709 et

1902 3750 2237 3820 sanguinarii
2288 3748 2504 3807 consilii
2529 3747 2780 3811 notitiam
2820 3752 3094 3801 venerunt
3132 3756 3237 3797 nec
3288 3739 3475 3795 statim

1903 3843 2250 3909 iudicarunt,
2277 3838 2842 3897 excommunicatione
2864 3838 3172 3910 al-ligamps.
3191 3833 3474 3897 Sedetiatn

1900 3950 2000 3997 eos
2020 3933 2123 4007 qui
2152 3948 2221 3988 ex
2260 3934 2366 3988 huc
2395 3941 2640 4003 tempore
2666 3931 2839 3987 rabiei
2868 3928 3167 3999 impietatis
3198 3936 3252 3983 et
3283 3926 3479 3985 inlide-

1905 4026 2076 4082 litatis
2109 4022 2424 4093 hujusmodi
2469 4023 2550 4077 rei
2582 4008 2912 4097 deprehensn
2940 4020 3165 4087 ruerint,
3200 4018 3306 4073 nisi
3344 4018 3480 4073 resi-

1906 4120 2062 4184 liant,
2097 4119 2198 4175 hac
2230 4115 2513 4173 tremenda
2563 4113 3132 4175 excommunicatione
3162 4111 3474 4178 alligamus,

1905 4214 2032 4285 quia
2067 4211 2205 4272 nihil
2236 4210 2419 4266 acrius
2450 4215 2506 4265 et
2552 4207 2840 4272 acerbius,
2884 4205 3084 4261 acerbo
3125 4204 3218 4260 illo
3268 4203 3479 4259 Joanne

1904 4308 2224 4363 hircocervo
2254 4303 2443 4367 fuerit,
2498 4309 2555 4356 et
2607 4300 2830 4371 sequaci
2867 4297 3014 4361 illius
3058 4294 3472 4365 Sardanapalo;

1902 4414 2121 4457 necnon
2170 4412 2266 4453 eos
2318 4397 2410 4466 qui
2457 4409 2581 4450 cum
2631 4393 2786 4465 ipsis,
2834 4389 3157 4457 muneribus
3209 4387 3477 4457 corrupti,

1906 4495 2125 4550 ratione
2195 4488 2425 4559 hOSpitii
2484 4491 2885 4545 consenserunt
2956 4492 3178 4554 propter
3234 4480 3480 4537 facinora

1901 4601 2094 4643 eorum
2124 4584 2468 4640 damnamus.
2500 4579 2689 4637 Visum
2733 4588 2821 4635 est
2869 4591 3037 4633 sacrae
3088 4574 3296 4647 synodo
3347 4573 3480 4643 ipsis

215 4665 474 4734 ἑπόπτην
497 4666 549 4718 οἱ
575 4665 799 4727 δείλαιοι
840 4670 1118 4743 σωτηρίας
1144 4671 1327 4729 αὐτῶν
1363 4672 1456 4731 καί⁵
1476 4671 1637 4744 ζωῆς
1659 4673 1795 4745 ἔχειι

1908 4679 2237 4751 condignam
2271 4676 2575 4731 facinorum
2600 4686 2818 4744 prauam
2853 4670 3135 4741 infligere,
3166 4676 3353 4737 utpote
3387 4667 3480 4735 ηιιί

213 4756 313 4809 τὸν
377 4759 770 4833 παντεπόπτην
818 4759 953 4814 Θεὸν
1002 4761 1419 4832 δοκιμάσαντες,
1477 4766 1594 4819 ἀλλ’
1628 4766 1798 4831 ὅντως

214 4851 455 4921 συκίνην
485 4851 808 4922 ἐπικουρίαν
839 4853 933 4909 ἐπὶ
956 4856 1142 4921 κεναῖς
1169 4856 1264 4913 καὶ
1294 4856 1555 4925 ματαίαις
1584 4858 1800 4923 ἐλπίσιν

212 4947 598 5019 αίωρηθέντες
646 4948 744 5002 καὶ
804 4951 1188 5018 κεπφωθέντες
1251 4952 1530 5019 ἐλεεινῶς,
1569 4960 1665 5008 καὶ
1720 4956 1801 5028 τῷ

210 5041 441 5113 ἀρχαίῳ
491 5041 874 5116 συναποστάτῃ
927 5042 1107 5099 Σατᾶν
1160 5043 1391 5107 ἑαυτοὺς
1449 5046 1799 5116 ἀναθέμενοι,

210 5131 485 5187 κάκείνου
526 5132 635 5201 τῶν
680 5132 1006 5203 συμϐουλῶν
1038 5133 1447 5205 πληρωθέντες,
1480 5136 1556 5201 ὡς
1594 5139 1689 5192 καὶ
1721 5140 1802 5203 είς

205 5225 365 5296 ἔργα
387 5224 788 5295 φενακισθῆναι
814 5224 1087 5295 προϐῆναι
1111 5229 1209 5290 τὰς
1242 5228 1512 5300 φλυαρίας
1547 5231 1730 5284 αὐτῶν
1751 5232 1800 5285 οἱ

206 5317 493 5388 ὲπάρατοι
523 5319 704 5371 πᾶσαν
720 5317 824 5388 γῆν
847 5318 947 5388 τὴν
966 5318 1071 5381 ὑπὸ
1102 5319 1390 5390 Ῥωμαίων
1416 5322 1613 5393 ἀρχὴν,
1639 5321 1686 5377 ὣ
1703 5323 1800 5394 τῆς

206 5410 479 5480 ἁπάτηςί
511 5410 586 5473 ὡς
621 5411 846 5469 νοσσιὰν
876 5411 1389 5484 καταλελειμμένην
1416 5413 1685 5478 διακένως
1714 5414 1809 5493 ὲλοθ

206 5503 489 5565 ⁴ιιςίσαντες
518 5501 941 5571 καταλὴψασθαι
975 5500 1117 5574 (sic),
1164 5504 1305 5563 καθά
1334 5523 1437 5561 που
1468 5508 1565 5561 καὶ
1594 5507 1803 5563 τούτων

201 5596 235 5649 ό
270 5596 603 5664 είσηγήτωρ
639 5594 814 5661 Σατᾶν
851 5610 983 5646 ποτε
1028 5596 1482 5670 φαντασθεὶς“τὴν
1518 5600 1612 5653 ὑπ’
1639 5602 1803 5671 ούρα-

201 5688 308 5743 νὸν
334 5684 539 5741 ἔλαθεν
572 5685 763 5751 ἑαυτὸν
792 5686 884 5738 καὶ
919 5687 1112 5749 σκότος
1157 5690 1279 5751 ᾁντὶ
1313 5690 1492 5756 φωτὸς
1516 5694 1803 5763 κεχρημά-

199 5795 363 5845 τικε,
400 5776 500 5831 καὶ
536 5777 781 5841 στάσεως
808 5780 909 5847 τῆς
937 5778 1270 5848 ἐπουρανίου
1296 5782 1324 5835 ό
1353 5781 1607 5853 βδελυρὸς
1632 5785 1801 5850 ἀξίως

196 5873 283 5928 τὰ
316 5871 629 5943 ὑποχθόνια
662 5870 1054 5940 ἀντηλλάξατο.
1091 5872 1270 5943 Ἀπερ
1310 5875 1405 5927 καὶ
1434 5878 1548 5939 τοῖς
1584 5877 1800 5948 ῥηθεῖσι

196 5966 388 6021 τανῦν
410 5964 573 6019 αὑτοῦ
591 5964 812 6026 ὀπαδοῖς
846 5963 1152 6026 σπουδαίως
1168 5965 1387 6036 ὲξείργα
1398 5984 1540 6036 σται,
1563 5969 1797 6027 ἐλπίδων

488 6050 501 6055 ’
551 6059 813 6118 ΡΑτιιοι..
862 6054 980 6117 Ga.
1028 6055 1261 6119 CXLII.

1909 4774 2221 4833 calcaneum
2243 4781 2433 4827 contra
2473 4766 2780 4823 Ecclesiam
2800 4805 2815 4829 ,
2848 4774 3037 4821 contra
3072 4764 3474 4833 imperatorem,

1907 4876 1963 4923 ct
1994 4874 2185 4922 contra
2225 4862 2565 4919 contribules
2617 4873 2811 4914 omnes
2860 4857 3122 4913 extollere
3177 4855 3294 4911 ausi
3341 4854 3475 4909 sint.

1908 4959 2011 5027 Qui
2041 4956 2227 5012 miseri
2262 4962 2414 5011 certe
2441 4952 2695 5031 homines
2724 4964 2832 5005 non
2871 4950 3179 5019 cogitantes
3218 4962 3279 5003 se
3309 4945 3476 5002 Deum

1874 5053 1882 5060 ’
1909 5049 2156 5106 omnium
2182 5045 2549 5116 inspectorem
2574 5041 2794 5098 ssalutis
2820 5048 2875 5093 et
2907 5039 3032 5097 vita:
3062 5053 3173 5095 sua:
3222 5036 3480 5107 explora-

1912 5145 2086 5191 torem
2114 5133 2318 5188 habere
2346 5151 2361 5189 :
2386 5131 2481 5188 sed
2504 5146 2632 5187 vere
2652 5128 2949 5189 ficulneum
2986 5127 3251 5190 auxilium
3284 5126 3388 5183 sibi
3425 5128 3480 5181 in

1910 5244 2049 5284 vana
2085 5235 2141 5285 et
2166 5226 2308 5281 futili
2338 5240 2435 5295 spe
2462 5233 2792 5295 reponentes
2826 5237 2890 5281 ac
2928 5221 3230 5282 miserabili
3260 5220 3481 5276 levitate
3540 5291 3545 5297 ‘

1910 5320 2082 5386 ducti,
2129 5335 2249 5377 sese
2301 5320 2526 5388 antiquo
2577 5318 2657 5373 illi
2709 5324 2973 5386 apostatae
3007 5315 3224 5381 Satanae
3261 5315 3486 5377 addixe-

1910 5424 2073 5480 runt;
2108 5414 2335 5485 ejusque
2382 5410 2627 5468 consiliis
2668 5410 2859 5481 repleti
2913 5425 2980 5467 eo
3021 5410 3237 5480 decepti
3268 5418 3394 5465 sunt
3426 5420 3486 5464 ut

1913 5509 2113 5564 frustra
2163 5518 2451 5579 sperarent
2493 5506 2814 5562 exsecrandi
2869 5507 3120 5574 homines
3162 5520 3297 5562 vana
3335 5520 3487 5560 com-

1910 5608 2094 5656 menta
2121 5614 2217 5655 sua
2251 5609 2426 5655 totum
2453 5598 2760 5654 Romanum
2802 5596 3094 5669 imperium
3149 5610 3481 5667 pervasura;

1914 5706 1978 5748 ac
2009 5705 2068 5748 se
2104 5691 2264 5756 illud,
2298 5706 2332 5746 o
2357 5705 2646 5755 erroneam
2674 5700 2915 5746 mentem
2937 5691 2951 5744 l
2977 5704 3079 5745 ceu
3109 5688 3301 5744 nidum
3330 5687 3488 5742 derc—

1911 5785 2102 5842 lictum
2144 5784 2644 5855 comprehensurus
2678 5799 2841 5850 esse;
2882 5781 3345 5855 quemadmodum
3395 5796 3489 5833 eo-

1912 5891 2034 5930 rum
2083 5877 2343 5947 magister
2382 5876 2571 5944 Satan,
2618 5893 2742 5933 cum
2778 5877 2905 5931 olim
2941 5892 3001 5931 se
3051 5885 3225 5929 totum
3292 5874 3488 5927 orbem

1912 5970 2268 6028 subacturum
2313 5984 2436 6027 csse
2482 5971 3014 6034 comminisceretur,
3077 5966 3295 6023 nescius
3331 5974 3486 6020 tene-
