3894 6366
418 432 520 496 tat
562 516 565 519 ν

3511 400 3543 422 δ

1477 427 1888 489 ATHANASH
1934 427 1994 488 Cl

2098 425 2232 487 PAT
2242 423 2611 486 lliARCII/E
3571 424 3666 489 £92

422 547 548 601 bras
580 558 677 614 pro
721 542 840 597 luce
881 551 1075 595 nactus
1116 551 1221 603 est,
1254 549 1308 594 et
1362 539 1642 596 cmlestcm
1696 540 1987 595 stationem

2098 535 2529 606 ἀπορραγέντων
2544 534 2766 599 θεϊκῶν,
2788 535 2876 588 καὶ
2894 534 3097 598 ταύτας
3122 535 3302 602 ἀθέοις
3330 542 3488 594 κυσὶν
3507 543 3665 611 ἀναρ-

421 634 816 691 aboutinandns
871 633 981 697 ille,
1024 648 1145 687 cum
1207 631 1437 698 inferis,
1495 641 1554 686 ut
1608 632 1837 688 meritus
1885 641 1992 691 est.

421 725 799 783 eoutmutavit.
839 724 970 791 Quae
989 724 1098 795 jam
1130 722 1447 779 memoratis
1481 722 1589 777 illis
1629 723 1750 793 ejus
1800 737 1995 792 sequa-

421 819 579 873 cibus
624 817 968 873 obvenerunt
999 834 1013 870 :
1046 832 1168 869 nam
1199 829 1294 885 spe
1340 813 1521 869 ditiua
1571 812 1769 883 dejecti
1793 854 1808 877 ,
1839 828 1991 884 spem

419 925 574 967 sitam
607 910 658 963 in
687 909 916 963 canibus
953 907 1135 977 impiis
1184 907 1336 977 impii
1375 906 1627 963 homines
1654 916 1991 976 posuerunt:

420 1017 547 1056 nam
593 1002 756 1071 impia
789 1001 1187 1056 nundinatioue
1224 1014 1432 1070 magum
1460 996 1666 1055 Christi
1699 998 1992 1054 haeredita-

423 1096 511 1156 tis.
546 1094 861 1149 orthodoxae
893 1093 1180 1148 doctrinae-
1202 1092 1458 1163 despectu
1481 1133 1496 1160 ,
1525 1093 1673 1163 turpi
1709 1092 1996 1149 contribu~

417 1186 554 1240 lium
581 1201 804 1241 suorum
832 1185 1160 1255 proditione,
1195 1185 1378 1255 impiis
1395 1185 1731 1250 Amalecitis,
1763 1184 1913 1241 lta‘lis
1940 1194 1996 1241 et

420 1279 487 1333 iis
526 1277 622 1347 qui
650 1278 797 1333 circa
828 1277 1025 1331 lstrnm
1059 1275 1306 1331 incolunt
1339 1276 1547 1346 legatos
1598 1276 1901 1331 miserunt:
1931 1291 1996 1331 ac

412 1370 606 1425 nescio
654 1384 722 1422 an
785 1368 913 1423 dum
941 1380 1036 1421 eos
1065 1374 1393 1430 evocarent,
1431 1365 1638 1436 aliquid
1681 1381 1748 1421 ex
1792 1365 1995 1422 Christi

421 1461 586 1516 rebus
611 1460 847 1530 amplexi
881 1458 1012 1513 sint.
1056 1456 1237 1523 Quare
1288 1472 1395 1511 una
1423 1471 1546 1511 cum
1583 1471 1736 1512 sacra
1790 1461 1998 1527 synodo

420 1553 472 1606 id
505 1566 671 1605 unum
703 1551 1044 1622 postulamus
1071 1549 1139 1603 ab
1165 1548 1406 1618 optimo,
1437 1562 1635 1603 sereno
1656 1589 1670 1615 ,
1705 1556 1761 1602 et
1801 1547 1870 1602 ad
1902 1548 1998 1603 bc—

421 1646 644 1711 neiicia,
682 1661 790 1700 non
820 1643 1086 1712 supplicia
1130 1641 1411 1697 inferenda
1444 1650 1594 1707 nato,
1624 1641 1998 1711 potentissimo

419 1750 473 1794 et
507 1747 698 1795 sancto
733 1753 854 1793 meo
882 1737 1213 1806 imperatore
1244 1746 1303 1789 ut
1355 1734 1422 1789 ad
1474 1734 1733 1789 malitiam
1764 1735 1997 1804 compri-

419 1831 670 1884 mendam
710 1828 940 1883 lideuter
970 1827 1181 1898 legibus
1233 1835 1453 1893 utatur;
1485 1827 1799 1897 utque—mali
1826 1826 1998 1882 artill-

2093 631 2376 699 τησάντων
2397 629 2507 683 τῶν
2538 627 2838 694 δυσσεδῶν,
2855 629 3147 701 ἀπεμπολή
3157 650 3240 685 σει
3265 635 3530 704 φρικώδει
3549 637 3666 690 ὅσον

2095 721 2154 774 τὸ
2182 719 2303 774 κατ’
2329 720 2528 784 αὐτοὺς
2545 721 2643 789 τῆς
2675 721 2916 791 μεγάλης
2935 722 3300 793 κληρονομίας
3321 726 3559 796 Χριστοῦ
3580 726 3666 780 καὶ

2099 812 2359 881 ἀθετήσει
2410 811 2746 883 ὀρθοδοξίας,
2795 815 2890 885 καὶ
2938 814 3199 885 προδοσίᾳ
3244 815 3341 870 τοῦ
3392 819 3663 889 ὁμοφύλου

2096 905 2303 975 αίσχρᾷ
2331 907 2388 960 ἐν
2418 903 2600 969 ἀθέοις
2631 906 3106 977 πρεσϐευομένους
3146 908 3544 979 Ἀμαληκίταις
3574 914 3664 966 καί⁵

2109 996 2337 1060 Ἰταλοῖς
2363 1013 2378 1029 ·
2421 999 2531 1060 τοῖς
2585 1013 2645 1049 τε
2685 997 2815 1065 περὶ
2860 1001 2950 1051 τὸν
2985 998 3202 1068 Ἴστρον
3250 1000 3515 1069 οἰκοῦσιν,
3567 1003 3665 1057 οὐκ
3736 1068 3745 1076 .

2096 1083 2217 1142 οῖδα
2255 1090 2305 1142 εί
2354 1092 2495 1158 τάχα
2556 1088 2692 1158 πρὸς
2722 1091 2786 1159 τῇ
2817 1088 3011 1160 κλήσει
3068 1089 3493 1161 ἀσπαζομένους
3527 1096 3666 1149 κατά

2098 1184 2151 1235 τὶ
2177 1183 2286 1237 τῶν
2312 1183 2574 1253 Χριστοῦ.
2619 1183 2708 1236 Ἑν
2742 1184 2951 1246 τούτοις
2985 1182 3201 1252 σύναμα
3241 1188 3337 1238 καὶ
3360 1188 3426 1256 τῇ
3463 1187 3668 1257 συνόδῳ

2095 1277 2160 1345 τῇ
2203 1276 2345 1346 ἱερᾷ,
2379 1274 2506 1343 μίαν
2540 1273 2639 1345 τὴν
2668 1274 2887 1346 αἴτησιν
2915 1273 3240 1345 ὲξιιτοῦμεν
3267 1278 3345 1348 τῷ
3382 1279 3664 1349 κρατίστῳ

2097 1367 2193 1419 καὶ
2223 1366 2466 1435 γαληνῷ,
2500 1366 2597 1420 καὶ
2636 1367 2773 1436 πρὸς
2823 1367 3145 1438 εὐεργεσίαν
3176 1372 3532 1442 γεγενημένῳ
3572 1373 3668 1434 τὰς

2099 1457 2447 1528 ἀνθρωπείας
2503 1459 2565 1511 οὐ
2621 1458 2890 1527 τιμωρίας
2940 1459 3221 1529 κρατίστῳ
3252 1463 3346 1513 καὶ
3399 1463 3542 1532 ἀγίῳ
3579 1479 3668 1531 μοι

2099 1549 2477 1620 αὐτοκράτορι
2510 1549 2638 1611 τοὺς
2669 1549 2867 1620 νόμους
2901 1552 2981 1614 είς
3024 1552 3291 1622 συστολὴν
3323 1553 3419 1624 τῆς
3470 1556 3669 1617 κακίας

2101 1641 2312 1711 ἀπάρτι
2339 1642 2828 1714 παρρησιάσασθαι
2854 1658 2869 1674 ο
2908 1643 3108 1707 αὐτούς
3149 1661 3210 1697 τε
3243 1645 3371 1709 τοὺς
3398 1647 3671 1717 κακεργάι-

2100 1751 2199 1797 τας
2231 1734 2324 1787 καὶ
2349 1733 2476 1789 τοὺς
2504 1734 2678 1797 ἄλλως
2708 1734 3025 1801 ἑαλωκότας
3043 1737 3299 1807 αἰσχραῖς
3330 1738 3365 1809 ἡ
3389 1740 3484 1793 καὶ
3518 1740 3674 1809 μετέ-

2102 1843 2262 1880 πειτα
2303 1826 2638 1898 ἁλωσίμους,
2670 1827 2962 1897 γνωρίζειν
3016 1828 3243 1889 ἑαυτοὺς
3288 1829 3388 1899 τὴν
3444 1831 3673 1901 νόμιμον

419 1939 531 1985 ces,
569 1932 623 1977 et
660 1922 697 1976 ii
737 1922 833 1993 qui
862 1921 1044 1991 aliqua
1079 1920 1288 1974 ratione
1324 1920 1668 1988 ineturpibus
1714 1920 1852 1975 actis
1894 1921 1961 1974 de.

2104 1887 2502 1988 &YGV&X‘FT]GIV',
2536 1887 2959 1981 sbuvéitdtx-ov'elq
2981 1919 3152 1990 ὀργὴν
3182 1887 3259 1989 τῷ
3285 1887 3588 1992 πράσσοντί
3613 1922 3674 1975 τὸ

416 2013 677 2086 prehensi
736 2013 965 2079 fuerint,
1021 2020 1117 2067 aut
1149 2021 1334 2082 postea
1385 2012 1886 2081 deprchendemur,
1936 2026 1994 2067 se

2098 2010 2289 2076 κακὸν,
2316 2010 2411 2063 καὶ
2437 2011 2564 2079 είκῆ
2592 2012 2667 2080 μὴ
2686 2010 2956 2080 φοροῦντα
2986 2012 3084 2081 τὴν
3119 2012 3397 2083 μάχαιραν
3413 2014 3612 2084 τετάχθ
3654 2026 3674 2069 ι

417 2107 597 2178 legum
631 2105 991 2178 indignationi
1036 2103 1409 2175 subjiciendus
1460 2106 1757 2159 noverint:
1806 2102 1994 2158 divino

2098 2103 2156 2154 ὲν
2193 2101 2463 2164 διακόνοις
2495 2100 2653 2168 Θεοῦ,
2690 2104 3115 2173 ἀποφηναμένου
3159 2105 3370 2157 Παύλου
3402 2106 3497 2159 τοῦ
3526 2107 3673 2160 Θείου

419 2215 484 2255 ac
523 2198 621 2255 Dei
648 2212 895 2269 praecone
921 2197 1090 2252 Paulo
1113 2196 1443 2260 declarantc,
1474 2195 1748 2250 vindicem
1773 2194 1827 2249 in
1854 2193 1990 2250 iram

2098 2196 2193 2249 καὶ
2221 2195 2559 2266 θεοκήρυκος
2586 2211 2602 2230 ο
2624 2196 2756 2250 ἔνθα
2773 2197 2883 2267 γὰρ
2904 2196 3072 2265 φόϐος
3099 2198 3215 2250 ἐκεῖ
3239 2198 3570 2267 συντήρησις
3593 2202 3676 2251 ὲν-

417 2291 471 2346 ei
506 2290 599 2360 qui
629 2276 829 2344 malum
858 2288 987 2359 agit,
1020 2295 1076 2342 et
1121 2301 1248 2341 eum
1280 2284 1373 2355 qui
1408 2301 1516 2339 non
1545 2284 1662 2338 sine
1696 2299 1857 2339 causa
1881 2284 1993 2354 gla-

2098 2285 2407 2355 ταλμάτων,
2424 2286 2532 2340 τῶν
2551 2285 2711 2340 Θείων
2731 2286 2827 2340 καὶ
2843 2286 3198 2356 ἀνθρωπίνων
3217 2304 3289 2357 φη
3299 2290 3382 2356 μὶ,
3396 2289 3471 2352 ὡς
3490 2288 3555 2342 ἂν
3576 2306 3676 2358 τις·

419 2382 571 2437 dium
596 2390 795 2452 portat,
836 2382 979 2435 inter
1038 2377 1159 2432 Dei'
1191 2377 1473 2432 ministros
1504 2377 1834 2446 computari.
1889 2375 1989 2431 Ubi

2098 2376 2334 2449 ρούντων
2356 2378 2458 2448 τὴν
2478 2378 2737 2446 εὐνομίαν
2758 2377 2938 2448 ημῶν,
2962 2380 3042 2443 είς
3069 2378 3228 2444 δόξαν
3250 2376 3412 2434 οὖσαν
3435 2381 3675 2453 Χριστοῦ
3695 2367 3705 2376 ’

417 2473 565 2529 enim
603 2481 781 2528 metus
807 2511 822 2536 ,
868 2470 944 2525 ibi
987 2467 1296 2524 divinorum
1351 2466 1825 2535 humanorumque
1856 2480 1992 2535 prte-

419 2574 704 2635 eeptorum
737 2562 1046 2619 observatio
1075 2568 1160 2616 est
1191 2574 1205 2613 :
1238 2569 1298 2615 ut
1327 2558 1486 2614 nobis
1515 2568 1662 2613 recta
1713 2558 1987 2622 instituta,

419 2676 543 2731 quae
570 2660 637 2715 ad
667 2659 892 2732 gloriam
931 2656 1133 2712 Christi
1176 2655 1309 2725 justi
1355 2652 1557 2725 judicis
1582 2658 1836 2720 vergunt,
1871 2666 1992 2706 ser-

2095 2468 2187 2523 τοῦ
2206 2469 2412 2523 δικαίου
2432 2470 2640 2540 κριτοῦ.
2656 2468 2767 2542 Τὴν
2778 2469 3053 2540 βασιλείαν
3068 2473 3521 2545 ἀνεπιϐούλευτον
3541 2492 3676 2549 κρα-

2099 2564 2249 2631 τυνθεί
2270 2560 2500 2634 παλάμῃ
2522 2565 2587 2634 τῇ
2616 2561 2771 2634 θεῖκῇ
2807 2562 2980 2626 λιταῖς
2999 2563 3182 2633 ἁγίαις
3207 2564 3306 2634 τῆς
3335 2566 3674 2637 Θεομήτορος

2105 2652 2200 2704 καὶ
2254 2653 2433 2707 πάντα
2465 2654 2592 2709 λαδν
2635 2653 2726 2707 τὸν
2755 2653 3166 2726 χριστώνυμον,
3193 2649 3237 2722 ᾧ
3264 2657 3413 2723 δόξα.
3450 2658 3674 2728 κράτος,

423 2753 704 2819 vantibus,
742 2749 1034 2821 imperium
1080 2748 1170 2803 ille
1208 2756 1494 2814 totumque
1547 2741 1994 2816 pepulere-Chri-

2110 2745 2377 2819 rrp'lrxai
2394 2745 2778 2821 ’μεγαλωσύνη
2805 2745 3043 2813 είςηιτοίις
3058 2747 3294 2814 ultimm.
3338 2752 3534 2822 ΓΔμήν.

420 2843 660 2904 stianum
686 2847 872 2904 divina
894 2858 987 2900 sua
1019 2857 1195 2898 manu.
1211 2840 1282 2898 ab
1301 2838 1531 2897 insidiis
1558 2848 1758 2906 tutum,
1824 2839 2030 2897 sanctis
2068 2841 2314 2912 Deipara:
2381 2842 2635 2915 precibus
2664 2845 2954 2904 conﬁrmet
2982 2863 2997 2901 :
3021 2847 3111 2903 cui
3134 2848 3327 2918 gloria,
3358 2847 3676 2936 imperium.

410 2948 597 2998 honor
625 2949 686 2997 et
719 2938 1038 3012 magnitudo
1076 2938 1129 2993 in
1165 2937 1387 2992 sucula.
1424 2933 1618 2990 Amen.

467 3131 786 3203 *Gregoras,
815 3130 1026 3196 lib.vn,
1059 3144 1179 3200 cap.
1212 3127 1268 3193 9,
1306 3141 1527 3183 causam
1561 3140 1659 3182 cur
1685 3125 2020 3183 Athanasius
2034 3123 2276 3182 secundo
2313 3125 2740 3196 patriarchatum
2762 3126 3119 3193 abdicaverit,
3158 3129 3411 3201 pluribus
3461 3136 3674 3192 narrat,

415 3221 514 3275 ubi
536 3220 893 3275 doctissimus
931 3217 1211 3273 Boivinius
1248 3215 1316 3270 ad
1351 3214 1652 3285 marginem
1681 3222 1886 3280 monet,
1917 3213 1970 3269 id
2022 3213 2227 3269 factum
2270 3228 2416 3271 anno
2447 3213 2653 3272 Christi
2687 3215 2844 3280 tato,
2874 3217 3020 3273 unde
3048 3229 3273 3287 apparet
3314 3219 3673 3274 Athanasium

420 3307 661 3363 secundo
715 3305 1079 3377 patriarcham
1129 3302 1338 3358 sedisse
1387 3301 1546 3357 annis
1593 3315 1689 3357 sex
1743 3309 1800 3356 et
1837 3301 2048 3371 aliquot
2125 3303 2427 3360 mensibus.
2482 3303 2754 3362 Craterum
2802 3306 3084 3361 Athanasii
3117 3306 3395 3363 abdicatio
3439 3306 3672 3363 secundi

416 3393 844 3467 patriarchatus,
881 3392 1005 3447 licet
1034 3391 1182 3447 edita
1222 3391 1293 3445 sit
1319 3388 1506 3445 Graece
1568 3396 1777 3442 tantum
1810 3388 1866 3443 in
1900 3388 2056 3445 Notis
2100 3391 2168 3447 ad
2201 3390 2496 3462 Gregoram
2530 3406 2652 3464 pag.
2684 3392 2808 3457 762,
2838 3395 2918 3447 uti
2946 3409 3112 3464 supra
3136 3393 3472 3461 monuimus,
3508 3395 3675 3451 nobis

412 3498 608 3551 1auteu
637 3484 835 3538 iterum
869 3495 989 3535 eam
1016 3479 1114 3533 hic
1136 3478 1300 3533 cdere
1330 3493 1455 3533 cum
1487 3487 1675 3533 nostra
1709 3476 1901 3532 Latina
1934 3477 2183 3533 versione
2208 3479 2405 3549 placet.
2431 3478 2522 3535 Sic
2563 3480 2728 3551 igitur
2755 3495 2814 3535 se
2839 3479 3005 3536 habet
3038 3498 3052 3532 :

719 3592 992 3647 Abdicatio
1034 3591 1249 3645 secundi
1281 3591 1703 3662 patriarchatus.
2023 3597 2070 3660 ο

491 3687 627 3743 Cum
660 3685 918 3740 Ecclesia
945 3683 1151 3739 Christi
1178 3698 1361 3738 curam
1413 3683 1502 3753 (eo
1525 3698 1635 3753 quo
1685 3683 1838 3738 novit
1878 3682 1994 3753 ipse

2175 3681 2286 3754 Τῆς
2317 3683 2557 3754 Χριστοῦ
2601 3683 2954 3756 Ἑκκλησίας,
2978 3681 3059 3749 οἷς
3089 3686 3254 3752 αὐτὸς
3275 3686 3385 3743 οἶδε
3418 3689 3675 3762 κρίμασι,

413 3780 648 3852 judicio)
684 3778 926 3833 secundo
968 3774 1258 3847 gerendam
1308 3775 1667 3846 suscepimus.
1698 3774 1842 3832 Deus
1894 3775 1994 3830 Εο·

2103 3778 2199 3831 καί⁹
2228 3777 2674 3851 δευτερόπρωτον
2706 3778 2807 3849 τὴν
2836 3777 3092 3849 φροντίδα
3132 3779 3533 3852 διαδεξάμενοι,
3563 3785 3681 3849 τοῖς

425 3872 605 3928 clcsize
655 3871 722 3927 iis
774 3869 1001 3940 quinos
1042 3867 1108 3921 ad
1161 3866 1215 3920 id
1266 3865 1515 3921 muneris
1547 3867 1816 3922 cohortati
1870 3875 1994 3920 sunt

2103 3872 2185 3934 είς
2208 3869 2370 3931 τοῦτο
2414 3869 2892 3942 προτρεψαμένοις
2932 3870 3284 3943 ἀρχιερεῦσιν
3330 3875 3461 3943 ὑμῖν
3494 3875 3681 3947 (ὑμεῖς

424 3962 697 4033 episcopis
726 3959 845 4029 (vos
867 3957 1014 4013 enim
1037 3956 1168 4011 estis
1206 3957 1298 4026 qui
1345 3956 1506 4011 nobis
1536 3956 1760 4012 meliora
1818 3955 1994 4027 provi-

2103 3963 2212 4035 γὰρ
2241 3964 2476 4034 ἐκεῖνον)
2504 3963 2581 4026 ὡς
2620 3964 2715 4017 καὶ
2753 3965 2880 4034 περὶ
2908 3963 3070 4035 ἡμῶν
3098 3967 3572 4038 προνοησαμένοις
3605 3968 3683 4023 τὰ

424 4050 960 4122 distis),mercedem
998 4050 1315 4112 retribuat,
1377 4063 1502 4102 cum
1562 4048 1755 4118 primis
1815 4058 1994 4104 autem

2103 4054 2361 4126 κρείττω,
2396 4055 2425 4108 ὁ
2455 4055 2555 4127 τῆς
2603 4054 2936 4127 Ἐκκλησίας
2961 4058 3095 4123 Θεὸς
3127 4059 3544 4131 ἀνταμείψαιτο,
3583 4064 3686 4119 καὶ

422 4144 744 4218 imperatori
774 4156 896 4197 meo
946 4142 1038 4211 qui
1070 4156 1100 4195 a
1134 4141 1240 4194 Deo
1283 4149 1577 4196 coronatus
1608 4150 1738 4205 est;
1782 4139 1828 4193 is
1854 4139 1994 4194 enim

2108 4146 2344 4217 μάλιστα
2383 4146 2463 4217 τῷ
2506 4147 2793 4218 θεοστεφεϊ
2821 4148 3033 4220 βασιλεῖ
3078 4153 3169 4205 καὶ
3202 4152 3342 4223 ἁγίῳ
3374 4170 3477 4223 μου
3513 4154 3684 4209 αὐτο-

424 4237 494 4292 ab
520 4235 683 4290 initio
709 4248 867 4290 suum
897 4247 1024 4303 erga
1072 4232 1370 4287 Ecclesiatn
1420 4244 1545 4284 cum
1594 4228 1822 4284 scientia
1869 4242 1994 4282 eon-

2104 4236 2360 4306 κράτορι,
2383 4235 2630 4307 ἀρχῆθεν
2656 4238 2787 4308 περὶ
2806 4238 2906 4308 τὴν
2951 4239 3278 4311 Ἐκκλησίαν
3306 4244 3685 4317 ὲνδειξκμένῳ

421 4332 672 4402 juncwm
727 4325 1008 4391 studium,
1058 4323 1489 4380 sollicitudinem
1542 4332 1598 4377 et
1640 4320 1994 4393 patrocinium

2102 4328 2200 4381 τὸν
2232 4326 2357 4382 κατ’
2405 4328 2703 4397 ἐπίγνωσιν
2738 4327 2901 4401 ζῆλον
2944 4331 3041 4385 καὶ
3071 4332 3312 4404 σπουδὴν
3345 4335 3442 4389 καὶ
3486 4337 3689 4391 ἀναδο-

424 4422 695 4487 exhibuit,
724 4417 1055 4487 exhibetque
1086 4416 1141 4471 in
1171 4415 1316 4480 dies,
1353 4413 1559 4484 optima
1598 4421 1781 4467 mente
1808 4412 1994 4482 praedi.

2107 4418 2231 4489 χὴν,
2260 4416 2355 4472 καὶ
2383 4417 2507 4472 καθ’
2542 4419 2782 4489 εκάστην
2815 4419 3210 4495 ἐπιδεικνυμένῳ
3236 4424 3438 4497 ἀρίστη
3480 4426 3645 4497 φρενί
3665 4441 3685 4459 .

430 4520 536 4576 tus,
569 4527 673 4584 qua
702 4511 872 4565 nostri
911 4521 1097 4564 curam
1126 4521 1319 4577 gerere
1364 4520 1476 4559 non
1510 4503 1747 4570 destitit,
1788 4517 1853 4557 ac
1904 4516 1994 4556 nos

2100 4510 2173 4562 δι’
2200 4511 2267 4581 ἢν
2296 4510 2395 4564 καὶ
2424 4509 2585 4580 ἡμῶν
2617 4511 2678 4565 οὐ
2728 4509 2936 4563 διέλιπε
2977 4511 3262 4584 κήδεσθαι,
3292 4517 3538 4581 ἐπαίνοις
3581 4520 3691 4574 καὶ

431 4604 682 4659 laudibus
710 4611 766 4656 et
822 4598 1112 4670 praeconiis
1141 4595 1479 4658 celebravit,
1504 4595 1665 4650 stolis
1695 4592 1994 4649 sacerdota

2108 4603 3012 4702 εὑιρημίαις-,καταγεραίρεινίηγ
3058 4610 3152 4702 καὶ
3184 4611 3399 4702 στολαῖς
3436 4615 3693 4689 ἱεραρχι-

428 4697 596 4762 libus,
629 4695 800 4749 sacris
835 4689 1162 4760 imaginibus
1197 4687 1368 4757 probe
1427 4686 1658 4748 ornatis,
1688 4695 1745 4741 et
1794 4685 1994 4739 incont-

2105 4698 2256 4763 καῖς,
2288 4697 2382 4750 καὶ
2414 4696 2592 4767 ίεραῖς
2615 4697 2789 4751 εἰκόσι
2818 4699 2938 4761 ταῖς
2970 4685 3111 4768 μετά
3135 4698 3366 4771 κόσμου,
3398 4685 3692 4778 mede}-

430 4786 767 4857 parabilibus
783 4782 1063 4841 beneﬂciis
1092 4778 1390 4834 Ecclesiam
1412 4777 1641 4845 ditavit;
1663 4776 1738 4831 ita
1757 4784 1817 4830 ut
1845 4789 1994 4829 nemc

2108 4789 2318 4855 γεσίαις
2356 4788 2705 4860 ἀσυγκρίτως
2738 4788 2837 4860 τὴν
2879 4789 3207 4863 Ἐκκλησίαν
3257 4776 3687 4855 καταπλουτῶήν.

430 4882 781 4936 decessorum
840 4887 1151 4932 nostrorum
1201 4869 1639 4942 patriarcharum
1691 4867 1762 4923 ab
1812 4867 1994 4921 ortho‘

2120 4876 2209 4942 Ὣς
2239 4878 2438 4933 οὔποτε
2464 4880 2574 4933 τῶν
2609 4881 3097 4953 πατριαρχούντων
3126 4884 3272 4949 τινὸς
3302 4888 3380 4958 (2)
3418 4891 3693 4945 τοιούτων

432 4973 591 5028 doris
614 4982 670 5028 et
720 4970 826 5040 piis
879 4935 1305 5038 imperatoribus
1356 4963 1453 5033 qui
1507 4961 1720 5033 pridem
1775 4958 1994 5015 fuerunt

2189 4935 2205 4942 -
2727 4935 2740 4952 ,
2822 4935 2891 4953 ,η
3140 4935 3377 4958 --.-.\_,
3429 4935 3687 4945 ---η-ν.-

2108 4968 2489 5023 ἑπαπολαῦσαι
2515 4970 2653 5041 πρὸς
2683 4972 2791 5025 τῶν
2819 4971 3093 5027 ἀνέκαθεν
3125 4974 3374 5030 εὐσεϐῶν
3402 4979 3496 5031 καὶ
3525 4980 3694 5050 ὀρθο-

431 5073 582 5119 tauta
610 5060 932 5126 obtinuerit,
966 5059 1071 5114 nisi
1117 5057 1350 5112 fortasse
1387 5054 1541 5109 illum
1573 5051 1846 5125 quispiam
1875 5066 1994 5106 cum

2108 5057 2278 5123 δόξων
2312 5059 2736 5130 αὐτοκρατόρων
2759 5076 2774 5094 ⁸
2799 5062 2847 5114 εί
2882 5063 2956 5134 μή
2992 5079 3093 5115 που
3123 5064 3219 5117 καὶ
3247 5064 3346 5135 τὴν
3372 5069 3695 5137 παρίσωσιν

431 5172 628 5228 magno
661 5154 753 5210 illo
804 5151 899 5222 qui
922 5150 1224 5208 secundum
1278 5149 1533 5221 spiritum
1565 5156 1720 5216 pater
1747 5146 1868 5215 ejus
1894 5153 1994 5205 est.

2111 5150 2247 5221 πρὸς
2292 5150 2370 5221 τῷ
2417 5151 2611 5205 τούτου
2638 5153 2807 5223 πατρὶ
2858 5155 2999 5208 κατὰ
3050 5155 3290 5225 πνεῦμα,
3324 5159 3403 5229 τῷ
3457 5161 3692 5234 μεγάλῳ

429 5263 485 5305 et
517 5246 780 5320 apostolis
804 5243 1023 5315 aequali,
1053 5242 1413 5298 Constantino
1443 5237 1762 5302 contulerit,
1794 5234 1866 5290 ob
1903 5235 1994 5289 ho-

2110 5242 2256 5313 φημὶ
2282 5244 2376 5296 καὶ
2410 5244 2770 5315 ίσαποστόλῳ,
2805 5246 3080 5301 εἰκάσειεν
3096 5249 3162 5304 ἄν
3193 5266 3296 5314 τις,
3315 5252 3371 5302 ὲν
3396 5253 3513 5315 ταῖς
3536 5254 3693 5309 κατὰ

429 5357 594 5398 nores
624 5352 762 5413 quos
797 5337 887 5394 ille
914 5336 1261 5392 sanctissimo
1290 5333 1553 5389 Silvestre
1612 5330 1837 5396 detulit;
1868 5338 1994 5383 tam-

2109 5336 2200 5387 τὸν
2233 5337 2290 5389 ἐν
2319 5336 2495 5404 ἁγίοις
2541 5338 2747 5391 ἐκεῖνον
2771 5339 2962 5408 τιμαῖς
3005 5339 3301 5411 ίερώτατον
3328 5342 3689 5415 Σίλϐεστρον,

420 5435 532 5490 'etsi
591 5442 737 5487 tanta
788 5427 1138 5499 intercapedo
1201 5435 1288 5481 est
1341 5425 1485 5480 inter
1544 5421 1695 5477 illum
1757 5430 1814 5474 et
1868 5434 1970 5475 nos

2112 5431 2161 5481 εί
2195 5429 2454 5481 κάκείνου
2489 5430 2549 5482 τὸ
2591 5430 2759 5500 μέσον
2784 5431 2925 5502 πρὸς
2951 5432 3021 5485 τὰ
3056 5433 3323 5504 ἡμέτερα,
3351 5436 3481 5488 ὅσον
3524 5438 3690 5490 ἀκτῖ-

429 5536 634 5599 quanta
690 5525 836 5580 inter
862 5523 1098 5578 solarem
1152 5518 1368 5574 ralium
1414 5525 1470 5572 et
1513 5517 1798 5569 intuentes
1826 5512 1994 5566 illum.

2114 5536 2202 5583 νος
2227 5520 2467 5593 ἡλιακῆς
2494 5524 2623 5583 τοὺς
2655 5525 2793 5593 πρὸς
2816 5523 2988 5594 αὐτὴν
3019 5526 3386 5591 ἀτενίζοντας.
3423 5529 3504 5582 Δι’
3523 5528 3559 5583 ἃ
3588 5533 3689 5583 καὶ

415 5618 789 5686 Quamobrem
825 5614 1161 5670 uberrimum
1212 5609 1315 5680 ipsi
1358 5608 1640 5680 praemium
1672 5604 1741 5659 ab
1780 5603 1994 5660 univer-

2108 5611 2591 5685 πλουσιοπαρόχως
2643 5616 3042 5688 ἀνταμειφθείη
3090 5618 3226 5687 πρὸς
3271 5619 3369 5674 τοῦ
3406 5623 3693 5675 παντάνα-

429 5725 615 5767 sorum
663 5723 790 5779 rege
817 5705 1164 5775 conferatur;
1205 5699 1663 5775 quemadmodum
1693 5708 1749 5752 et
1802 5710 1994 5767 magno

2105 5719 2253 5769 κτος,
2312 5704 2454 5757 καθὰ
2511 5703 2591 5774 τῷ
2646 5704 2868 5777 μεγάλῳ
2922 5706 3230 5777 ἐκείνῳνὲν
3283 5707 3566 5779 βασιλεῦσι
3617 5711 3696 5766 τὶ

2245 3593 2611 3661 Παραίτησις
2644 3589 2755 3661 τῆς
2796 3591 3081 3663 δευτέρας
3119 3597 3533 3666 πατριαρχίας.

504 5840 582 5908 (i)
613 5839 773 5894 Forte
802 5836 1242 5908 καταγεραίρων.

499 5910 576 5980 (-2)
609 5908 787 5976 Forte,
814 5909 955 5963 τινὰ.
