  <div class='ocr_page' id='page_1' title='image "/cluster/home/n/w/nwhite01/storage/ocr_20150623/142/hvd.32044012457388/252.png"; bbox 0 0 3894 6524; ppageno 0'>
   <div class='ocr_carea' id='block_1_1' title="bbox 1944 362 1971 395">
    <p class='ocr_par' dir='ltr' id='par_1_1' title="bbox 1944 362 1971 395">
     <span class='ocr_line' id='line_1_1' title="bbox 1944 362 1971 395; baseline 0 0"><span class='ocrx_word' id='word_1_1' title='bbox 1944 362 1971 395; x_wconf 82' lang='lat'><strong><em>/</em></strong></span> 
     </span>
    </p>
   </div>
   <div class='ocr_carea' id='block_1_2' title="bbox 204 491 1792 559">
    <p class='ocr_par' dir='ltr' id='par_1_2' title="bbox 204 492 1792 559">
     <span class='ocr_line' id='line_1_2' title="bbox 204 492 1792 559; baseline -0.004 -1"><span class='ocrx_word' id='word_1_2' title='bbox 204 494 314 559; x_wconf 63' lang='lat'><strong>493</strong></span> <span class='ocrx_word' id='word_1_3' title='bbox 1608 492 1792 553; x_wconf 80' lang='lat' dir='ltr'><strong>EI’lS’</strong></span> 
     </span>
    </p>
   </div>
   <div class='ocr_carea' id='block_1_3' title="bbox 1899 491 3450 559">
    <p class='ocr_par' dir='ltr' id='par_1_3' title="bbox 1899 494 3450 557">
     <span class='ocr_line' id='line_1_3' title="bbox 1899 494 3450 557; baseline 0.002 -5"><span class='ocrx_word' id='word_1_4' title='bbox 3345 496 3450 556; x_wconf 67' lang='grc' dir='ltr'><strong>(Μ</strong></span> 
     </span>
    </p>
   </div>
   <div class='ocr_carea' id='block_1_4' title="bbox 200 597 1792 679">
    <p class='ocr_par' dir='ltr' id='par_1_4' title="bbox 200 597 1778 679">
     <span class='ocr_line' id='line_1_4' title="bbox 200 597 1778 679; baseline -0.007 -18"><span class='ocrx_word' id='word_1_5' title='bbox 200 610 361 679; x_wconf 81' lang='grc' dir='ltr'>γέρα,</span> <span class='ocrx_word' id='word_1_6' title='bbox 398 602 496 658; x_wconf 83' lang='grc' dir='ltr'>καὶ</span> <span class='ocrx_word' id='word_1_7' title='bbox 525 601 729 674; x_wconf 75' lang='grc' dir='ltr'>πρώτῳ</span> <span class='ocrx_word' id='word_1_8' title='bbox 758 603 815 655; x_wconf 80' lang='grc' dir='ltr'>ἐν</span> <span class='ocrx_word' id='word_1_9' title='bbox 846 597 1148 674; x_wconf 76' lang='grc' dir='ltr'>ὀρθοδόξοις</span> <span class='ocrx_word' id='word_1_10' title='bbox 1180 600 1568 656; x_wconf 84' lang='grc' dir='ltr'>ύπολεανθέντι</span> <span class='ocrx_word' id='word_1_11' title='bbox 1620 602 1778 673; x_wconf 77' lang='grc' dir='ltr'>πηλῷ</span> 
     </span>
    </p>
   </div>
   <div class='ocr_carea' id='block_1_5' title="bbox 1899 597 3450 679">
    <p class='ocr_par' dir='ltr' id='par_1_5' title="bbox 1903 602 3450 678">
     <span class='ocr_line' id='line_1_5' title="bbox 1903 602 3450 678; baseline 0.006 -21"><span class='ocrx_word' id='word_1_12' title='bbox 1903 603 1959 657; x_wconf 84' lang='lat' dir='ltr'><strong>ili</strong></span> <span class='ocrx_word' id='word_1_13' title='bbox 1998 603 2142 660; x_wconf 89' lang='lat' dir='ltr'><strong>inter</strong></span> <span class='ocrx_word' id='word_1_14' title='bbox 2193 602 2572 676; x_wconf 88' lang='lat' dir='ltr'><strong>imperatores,</strong></span> <span class='ocrx_word' id='word_1_15' title='bbox 2605 615 2661 661; x_wconf 89' lang='lat' dir='ltr'><strong>et</strong></span> <span class='ocrx_word' id='word_1_16' title='bbox 2690 607 2867 678; x_wconf 90' lang='lat' dir='ltr'><strong>primo</strong></span> <span class='ocrx_word' id='word_1_17' title='bbox 2912 608 3064 666; x_wconf 87' lang='lat' dir='ltr'><strong>inter</strong></span> <span class='ocrx_word' id='word_1_18' title='bbox 3112 612 3450 668; x_wconf 71' lang='lat' dir='ltr'><strong>orthodoms</strong></span> 
     </span>
    </p>
   </div>
   <div class='ocr_carea' id='block_1_6' title="bbox 206 695 1792 769">
    <p class='ocr_par' dir='ltr' id='par_1_6' title="bbox 206 695 1776 767">
     <span class='ocr_line' id='line_1_6' title="bbox 206 695 1776 767; baseline -0.004 -13"><span class='ocrx_word' id='word_1_19' title='bbox 206 696 514 754; x_wconf 77' lang='grc' dir='ltr'>πλατειῶνο</span> <span class='ocrx_word' id='word_1_20' title='bbox 569 698 626 749; x_wconf 70' lang='grc' dir='ltr'><strong>ἑν</strong></span> <span class='ocrx_word' id='word_1_21' title='bbox 669 698 726 750; x_wconf 83' lang='grc' dir='ltr'>δέ</span> <span class='ocrx_word' id='word_1_22' title='bbox 760 712 822 764; x_wconf 86' lang='grc' dir='ltr'><strong>γε</strong></span> <span class='ocrx_word' id='word_1_23' title='bbox 868 698 932 767; x_wconf 80' lang='grc' dir='ltr'>τῇ</span> <span class='ocrx_word' id='word_1_24' title='bbox 985 695 1239 767; x_wconf 75' lang='grc' dir='ltr'><strong>βασιλείᾳ</strong></span> <span class='ocrx_word' id='word_1_25' title='bbox 1285 695 1524 766; x_wconf 79' lang='grc' dir='ltr'>Χριστοῦ</span> <span class='ocrx_word' id='word_1_26' title='bbox 1574 698 1776 767; x_wconf 72' lang='grc' dir='ltr'>ἐκείνῳ</span> 
     </span>
    </p>
   </div>
   <div class='ocr_carea' id='block_1_7' title="bbox 1899 695 3456 769">
    <p class='ocr_par' dir='ltr' id='par_1_7' title="bbox 1899 695 3456 769">
     <span class='ocr_line' id='line_1_7' title="bbox 1899 695 3456 769; baseline 0.006 -21"><span class='ocrx_word' id='word_1_27' title='bbox 1899 696 2105 750; x_wconf 73' lang='lat' dir='ltr'><strong>ira‘mia</strong></span> <span class='ocrx_word' id='word_1_28' title='bbox 2145 695 2396 761; x_wconf 73' lang='lat' dir='ltr'><strong>contulit,</strong></span> <span class='ocrx_word' id='word_1_29' title='bbox 2429 697 2523 767; x_wconf 86' lang='lat' dir='ltr'><strong>qui</strong></span> <span class='ocrx_word' id='word_1_30' title='bbox 2567 704 2725 752; x_wconf 84' lang='lat' dir='ltr'><strong>antea</strong></span> <span class='ocrx_word' id='word_1_31' title='bbox 2776 698 2892 753; x_wconf 91' lang='lat' dir='ltr'><strong>luto</strong></span> <span class='ocrx_word' id='word_1_32' title='bbox 2921 699 3222 769; x_wconf 89' lang='lat' dir='ltr'><strong>platearum</strong></span> <span class='ocrx_word' id='word_1_33' title='bbox 3280 704 3456 758; x_wconf 84' lang='lat' dir='ltr'><strong>illitus</strong></span> 
     </span>
    </p>
   </div>
   <div class='ocr_carea' id='block_1_8' title="bbox 205 784 1792 862">
    <p class='ocr_par' dir='ltr' id='par_1_8' title="bbox 205 787 1775 860">
     <span class='ocr_line' id='line_1_8' title="bbox 205 787 1775 860; baseline -0.004 -14"><span class='ocrx_word' id='word_1_34' title='bbox 205 789 658 860; x_wconf 76' lang='grc' dir='ltr'><strong>συνευωχεῖσθαι,</strong></span> <span class='ocrx_word' id='word_1_35' title='bbox 695 790 788 843; x_wconf 71' lang='grc' dir='ltr'>καὶ</span> <span class='ocrx_word' id='word_1_36' title='bbox 835 788 893 841; x_wconf 83' lang='grc' dir='ltr'>ἐν</span> <span class='ocrx_word' id='word_1_37' title='bbox 918 788 1041 859; x_wconf 83' lang='grc' dir='ltr'><strong>Θεῷ</strong></span> <span class='ocrx_word' id='word_1_38' title='bbox 1084 787 1404 857; x_wconf 83' lang='grc' dir='ltr'>γάννυσθαι.</span> <span class='ocrx_word' id='word_1_39' title='bbox 1446 788 1589 843; x_wconf 84' lang='grc' dir='ltr'>Ἀλλ’</span> <span class='ocrx_word' id='word_1_40' title='bbox 1637 788 1775 859; x_wconf 81' lang='grc' dir='ltr'>ὅπερ</span> 
     </span>
    </p>
   </div>
   <div class='ocr_carea' id='block_1_9' title="bbox 1899 784 3453 862">
    <p class='ocr_par' dir='ltr' id='par_1_9' title="bbox 1899 787 3453 862">
     <span class='ocr_line' id='line_1_9' title="bbox 1899 787 3453 862; baseline 0.006 -23"><span class='ocrx_word' id='word_1_41' title='bbox 1899 787 2057 841; x_wconf 74' lang='lat' dir='ltr'><strong>’uerat</strong></span> <span class='ocrx_word' id='word_1_42' title='bbox 2088 804 2101 840; x_wconf 90' lang='lat'><strong>:</strong></span> <span class='ocrx_word' id='word_1_43' title='bbox 2130 787 2501 857; x_wconf 84' lang='lat' dir='ltr'><strong>concedatque</strong></span> <span class='ocrx_word' id='word_1_44' title='bbox 2556 788 2657 857; x_wconf 85' lang='lat' dir='ltr'><strong>ipsi</strong></span> <span class='ocrx_word' id='word_1_45' title='bbox 2692 795 2752 843; x_wconf 91' lang='lat' dir='ltr'><strong>ut</strong></span> <span class='ocrx_word' id='word_1_46' title='bbox 2810 790 2863 844; x_wconf 93' lang='lat' dir='ltr'><strong>in</strong></span> <span class='ocrx_word' id='word_1_47' title='bbox 2896 806 3063 862; x_wconf 79' lang='lat' dir='ltr'><strong>regno</strong></span> <span class='ocrx_word' id='word_1_48' title='bbox 3087 792 3289 849; x_wconf 80' lang='lat' dir='ltr'><strong>Christi</strong></span> <span class='ocrx_word' id='word_1_49' title='bbox 3346 811 3453 849; x_wconf 86' lang='lat' dir='ltr'><strong>una</strong></span> 
     </span>
    </p>
   </div>
   <div class='ocr_carea' id='block_1_10' title="bbox 205 881 1779 953">
    <p class='ocr_par' dir='ltr' id='par_1_10' title="bbox 205 881 1779 953">
     <span class='ocr_line' id='line_1_10' title="bbox 205 881 1779 953; baseline -0.003 -14"><span class='ocrx_word' id='word_1_50' title='bbox 205 887 301 939; x_wconf 74' lang='lat' dir='ltr'><strong>atat</strong></span> <span class='ocrx_word' id='word_1_51' title='bbox 330 885 516 953; x_wconf 84' lang='grc' dir='ltr'>λέγειν</span> <span class='ocrx_word' id='word_1_52' title='bbox 550 882 901 953; x_wconf 80' lang='grc' dir='ltr'>ὲξώρμημαι,</span> <span class='ocrx_word' id='word_1_53' title='bbox 933 881 1069 952; x_wconf 84' lang='grc' dir='ltr'>πρὸς</span> <span class='ocrx_word' id='word_1_54' title='bbox 1111 881 1172 935; x_wconf 76' lang='grc' dir='ltr'>τὸ</span> <span class='ocrx_word' id='word_1_55' title='bbox 1200 882 1296 951; x_wconf 81' lang='grc' dir='ltr'><strong>τῆς</strong></span> <span class='ocrx_word' id='word_1_56' title='bbox 1330 882 1615 953; x_wconf 88' lang='grc' dir='ltr'>ίεραρχίας</span> <span class='ocrx_word' id='word_1_57' title='bbox 1649 882 1779 935; x_wconf 64' lang='lat' dir='ltr'><strong>6w:—</strong></span> 
     </span>
    </p>
   </div>
   <div class='ocr_carea' id='block_1_11' title="bbox 205 973 1778 1047">
    <p class='ocr_par' dir='ltr' id='par_1_11' title="bbox 205 973 1778 1047">
     <span class='ocr_line' id='line_1_11' title="bbox 205 973 1778 1047; baseline -0.003 -16"><span class='ocrx_word' id='word_1_58' title='bbox 205 976 456 1040; x_wconf 75' lang='grc' dir='ltr'><strong>τεθέντες</strong></span> <span class='ocrx_word' id='word_1_59' title='bbox 484 977 647 1047; x_wconf 78' lang='grc' dir='ltr'>ἡμεῖς</span> <span class='ocrx_word' id='word_1_60' title='bbox 681 974 906 1045; x_wconf 71' lang='grc' dir='ltr'>ὑψηλὸν,</span> <span class='ocrx_word' id='word_1_61' title='bbox 950 973 1075 1028; x_wconf 73' lang='grc' dir='ltr'>οὔτε</span> <span class='ocrx_word' id='word_1_62' title='bbox 1103 973 1513 1045; x_wconf 76' lang='grc' dir='ltr'><strong>διηγωνίσμεθα</strong></span> <span class='ocrx_word' id='word_1_63' title='bbox 1554 974 1687 1044; x_wconf 79' lang='grc' dir='ltr'>πρὸς</span> <span class='ocrx_word' id='word_1_64' title='bbox 1717 974 1778 1027; x_wconf 71' lang='grc' dir='ltr'><strong>τὸ</strong></span> 
     </span>
    </p>
   </div>
   <div class='ocr_carea' id='block_1_12' title="bbox 208 1064 1780 1139">
    <p class='ocr_par' dir='ltr' id='par_1_12' title="bbox 208 1064 1780 1139">
     <span class='ocr_line' id='line_1_12' title="bbox 208 1064 1780 1139; baseline -0.002 -16"><span class='ocrx_word' id='word_1_65' title='bbox 208 1069 353 1139; x_wconf 70' lang='grc' dir='ltr'>μέγα</span> <span class='ocrx_word' id='word_1_66' title='bbox 383 1069 727 1138; x_wconf 81' lang='grc' dir='ltr'><strong>πρεπόντως,</strong></span> <span class='ocrx_word' id='word_1_67' title='bbox 763 1064 888 1119; x_wconf 71' lang='grc' dir='ltr'>οὔτε</span> <span class='ocrx_word' id='word_1_68' title='bbox 923 1066 1184 1135; x_wconf 70' lang='grc' dir='ltr'>ἐδόξαμεν</span> <span class='ocrx_word' id='word_1_69' title='bbox 1216 1067 1332 1130; x_wconf 72' lang='grc' dir='ltr'>τοῖς</span> <span class='ocrx_word' id='word_1_70' title='bbox 1377 1065 1612 1130; x_wconf 81' lang='grc' dir='ltr'>πολλοῖς,</span> <span class='ocrx_word' id='word_1_71' title='bbox 1645 1066 1780 1120; x_wconf 84' lang='grc' dir='ltr'>ἀλλὰ</span> 
     </span>
    </p>
   </div>
   <div class='ocr_carea' id='block_1_13' title="bbox 210 1157 1778 1231">
    <p class='ocr_par' dir='ltr' id='par_1_13' title="bbox 210 1157 1778 1231">
     <span class='ocr_line' id='line_1_13' title="bbox 210 1157 1778 1231; baseline -0.003 -17"><span class='ocrx_word' id='word_1_72' title='bbox 210 1161 306 1214; x_wconf 76' lang='grc' dir='ltr'>καὶ</span> <span class='ocrx_word' id='word_1_73' title='bbox 336 1160 668 1231; x_wconf 81' lang='grc' dir='ltr'>δύσχρηστοι</span> <span class='ocrx_word' id='word_1_74' title='bbox 727 1158 893 1212; x_wconf 75' lang='grc' dir='ltr'>πλέον</span> <span class='ocrx_word' id='word_1_75' title='bbox 924 1160 1057 1227; x_wconf 85' lang='grc' dir='ltr'>παρ’</span> <span class='ocrx_word' id='word_1_76' title='bbox 1084 1159 1206 1212; x_wconf 78' lang='grc' dir='ltr'>ὅσον</span> <span class='ocrx_word' id='word_1_77' title='bbox 1250 1158 1346 1211; x_wconf 74' lang='grc' dir='ltr'>καὶ</span> <span class='ocrx_word' id='word_1_78' title='bbox 1388 1157 1778 1229; x_wconf 69' lang='grc' dir='ltr'>εὑρισκόμεθα*</span> 
     </span>
    </p>
   </div>
   <div class='ocr_carea' id='block_1_14' title="bbox 212 1245 1782 1325">
    <p class='ocr_par' dir='ltr' id='par_1_14' title="bbox 212 1245 1782 1325">
     <span class='ocr_line' id='line_1_14' title="bbox 212 1245 1782 1325; baseline -0.003 -19"><span class='ocrx_word' id='word_1_79' title='bbox 212 1254 306 1307; x_wconf 72' lang='grc' dir='ltr'>καὶ</span> <span class='ocrx_word' id='word_1_80' title='bbox 336 1254 402 1324; x_wconf 81' lang='grc' dir='ltr'>δὴ</span> <span class='ocrx_word' id='word_1_81' title='bbox 439 1253 577 1325; x_wconf 75' lang='grc' dir='ltr'>πρὸς</span> <span class='ocrx_word' id='word_1_82' title='bbox 604 1252 718 1315; x_wconf 86' lang='grc' dir='ltr'>τοῖς</span> <span class='ocrx_word' id='word_1_83' title='bbox 762 1250 945 1314; x_wconf 81' lang='grc' dir='ltr'>ἄλλοις</span> <span class='ocrx_word' id='word_1_84' title='bbox 976 1245 1057 1313; x_wconf 74' lang='grc' dir='ltr'>οἷς</span> <span class='ocrx_word' id='word_1_85' title='bbox 1106 1252 1205 1304; x_wconf 77' lang='grc' dir='ltr'>καὶ</span> <span class='ocrx_word' id='word_1_86' title='bbox 1237 1250 1697 1321; x_wconf 83' lang='grc' dir='ltr'>προσωνειδίκασι</span> <span class='ocrx_word' id='word_1_87' title='bbox 1722 1249 1782 1302; x_wconf 84' lang='grc' dir='ltr'><strong>τδ</strong></span> 
     </span>
    </p>
   </div>
   <div class='ocr_carea' id='block_1_15' title="bbox 210 1342 1784 1417">
    <p class='ocr_par' dir='ltr' id='par_1_15' title="bbox 210 1342 1784 1417">
     <span class='ocr_line' id='line_1_15' title="bbox 210 1342 1784 1417; baseline -0.001 -18"><span class='ocrx_word' id='word_1_88' title='bbox 210 1349 270 1400; x_wconf 71' lang='grc' dir='ltr'><strong>ιν</strong></span> <span class='ocrx_word' id='word_1_89' title='bbox 299 1344 588 1417; x_wconf 77' lang='grc' dir='ltr'><strong>ὑποκρίσει</strong></span> <span class='ocrx_word' id='word_1_90' title='bbox 637 1344 890 1415; x_wconf 78' lang='grc' dir='ltr'><strong>βιοῦντας</strong></span> <span class='ocrx_word' id='word_1_91' title='bbox 921 1345 1091 1414; x_wconf 74' lang='grc' dir='ltr'>ἡμᾶς,</span> <span class='ocrx_word' id='word_1_92' title='bbox 1127 1344 1249 1397; x_wconf 79' lang='grc' dir='ltr'>οὐδὲ</span> <span class='ocrx_word' id='word_1_93' title='bbox 1300 1344 1443 1397; x_wconf 72' lang='grc' dir='ltr'>κατὰ</span> <span class='ocrx_word' id='word_1_94' title='bbox 1491 1342 1589 1413; x_wconf 80' lang='grc' dir='ltr'>τῆς</span> <span class='ocrx_word' id='word_1_95' title='bbox 1620 1343 1784 1411; x_wconf 82' lang='grc' dir='ltr'>ἁγίας</span> 
     </span>
    </p>
   </div>
   <div class='ocr_carea' id='block_1_16' title="bbox 212 1435 1784 1509">
    <p class='ocr_par' dir='ltr' id='par_1_16' title="bbox 212 1435 1784 1509">
     <span class='ocr_line' id='line_1_16' title="bbox 212 1435 1784 1509; baseline -0.003 -17"><span class='ocrx_word' id='word_1_96' title='bbox 212 1438 307 1493; x_wconf 72' lang='grc' dir='ltr'>καὶ</span> <span class='ocrx_word' id='word_1_97' title='bbox 358 1439 664 1509; x_wconf 80' lang='grc' dir='ltr'><strong>ἀμωμήτου</strong></span> <span class='ocrx_word' id='word_1_98' title='bbox 702 1438 858 1507; x_wconf 80' lang='grc' dir='ltr'>ὑμῶν</span> <span class='ocrx_word' id='word_1_99' title='bbox 891 1436 1128 1501; x_wconf 83' lang='grc' dir='ltr'>πίστεως</span> <span class='ocrx_word' id='word_1_100' title='bbox 1164 1436 1575 1508; x_wconf 79' lang='grc' dir='ltr'>συκοφαντῆσαι</span> <span class='ocrx_word' id='word_1_101' title='bbox 1635 1435 1784 1505; x_wconf 81' lang='grc' dir='ltr'>ἐφεί-</span> 
     </span>
    </p>
   </div>
   <div class='ocr_carea' id='block_1_17' title="bbox 212 1525 1783 1598">
    <p class='ocr_par' dir='ltr' id='par_1_17' title="bbox 212 1525 1783 1598">
     <span class='ocr_line' id='line_1_17' title="bbox 212 1525 1783 1598; baseline -0.003 -13"><span class='ocrx_word' id='word_1_102' title='bbox 212 1548 400 1586; x_wconf 82' lang='grc' dir='ltr'>σαντο.</span> <span class='ocrx_word' id='word_1_103' title='bbox 439 1525 556 1595; x_wconf 69' lang='grc' dir='ltr'>Οἷς,</span> <span class='ocrx_word' id='word_1_104' title='bbox 592 1530 693 1584; x_wconf 70' lang='grc' dir='ltr'><strong>Θεὲ</strong></span> <span class='ocrx_word' id='word_1_105' title='bbox 740 1528 831 1583; x_wconf 86' lang='grc' dir='ltr'><strong>τοῦ</strong></span> <span class='ocrx_word' id='word_1_106' title='bbox 867 1528 1090 1593; x_wconf 63' lang='grc' dir='ltr'>παντὸς,</span> <span class='ocrx_word' id='word_1_107' title='bbox 1117 1532 1145 1583; x_wconf 86' lang='grc' dir='ltr'>ὁ</span> <span class='ocrx_word' id='word_1_108' title='bbox 1167 1529 1334 1582; x_wconf 76' lang='grc' dir='ltr'>ἐλθὼν</span> <span class='ocrx_word' id='word_1_109' title='bbox 1378 1531 1459 1594; x_wconf 89' lang='grc' dir='ltr'><strong>είς</strong></span> <span class='ocrx_word' id='word_1_110' title='bbox 1490 1530 1548 1583; x_wconf 73' lang='grc' dir='ltr'><strong>τὸ</strong></span> <span class='ocrx_word' id='word_1_111' title='bbox 1576 1529 1783 1598; x_wconf 80' lang='grc' dir='ltr'><strong>πλάνης</strong></span> 
     </span>
    </p>
   </div>
   <div class='ocr_carea' id='block_1_18' title="bbox 213 1620 1786 1692">
    <p class='ocr_par' dir='ltr' id='par_1_18' title="bbox 213 1620 1786 1692">
     <span class='ocr_line' id='line_1_18' title="bbox 213 1620 1786 1692; baseline -0.001 -18"><span class='ocrx_word' id='word_1_112' title='bbox 213 1623 309 1675; x_wconf 81' lang='grc' dir='ltr'>καὶ</span> <span class='ocrx_word' id='word_1_113' title='bbox 336 1621 596 1683; x_wconf 78' lang='grc' dir='ltr'>ἀσεϐείας</span> <span class='ocrx_word' id='word_1_114' title='bbox 628 1621 855 1692; x_wconf 79' lang='grc' dir='ltr'>βροτοὺς</span> <span class='ocrx_word' id='word_1_115' title='bbox 884 1620 1360 1692; x_wconf 79' lang='grc' dir='ltr'>ὲκλυτρὼσασθαι,</span> <span class='ocrx_word' id='word_1_116' title='bbox 1387 1623 1446 1673; x_wconf 79' lang='grc' dir='ltr'>ὲν</span> <span class='ocrx_word' id='word_1_117' title='bbox 1473 1624 1541 1691; x_wconf 77' lang='grc' dir='ltr'>τῇ</span> <span class='ocrx_word' id='word_1_118' title='bbox 1573 1621 1786 1674; x_wconf 81' lang='grc' dir='ltr'>δικαιο-</span> 
     </span>
    </p>
   </div>
   <div class='ocr_carea' id='block_1_19' title="bbox 212 1712 1785 1784">
    <p class='ocr_par' dir='ltr' id='par_1_19' title="bbox 212 1712 1785 1784">
     <span class='ocr_line' id='line_1_19' title="bbox 212 1712 1785 1784; baseline 0.001 -19"><span class='ocrx_word' id='word_1_119' title='bbox 212 1715 353 1783; x_wconf 81' lang='grc' dir='ltr'>σύνῃ</span> <span class='ocrx_word' id='word_1_120' title='bbox 394 1729 490 1766; x_wconf 89' lang='grc' dir='ltr'><strong>σου</strong></span> <span class='ocrx_word' id='word_1_121' title='bbox 526 1712 927 1784; x_wconf 83' lang='grc' dir='ltr'>ἁντιμέτρησον</span> <span class='ocrx_word' id='word_1_122' title='bbox 949 1727 965 1742; x_wconf 88' lang='grc'><strong>·</strong></span> <span class='ocrx_word' id='word_1_123' title='bbox 998 1716 1091 1766; x_wconf 74' lang='grc' dir='ltr'>καὶ</span> <span class='ocrx_word' id='word_1_124' title='bbox 1118 1714 1151 1783; x_wconf 81' lang='grc' dir='ltr'>ἡ</span> <span class='ocrx_word' id='word_1_125' title='bbox 1186 1713 1428 1782; x_wconf 77' lang='grc' dir='ltr'>ῥομφαία</span> <span class='ocrx_word' id='word_1_126' title='bbox 1460 1713 1640 1767; x_wconf 77' lang='grc' dir='ltr'>αύτῶν</span> <span class='ocrx_word' id='word_1_127' title='bbox 1671 1717 1785 1767; x_wconf 85' lang='grc' dir='ltr'>εἰσ-</span> 
     </span>
    </p>
   </div>
   <div class='ocr_carea' id='block_1_20' title="bbox 211 1796 1787 1879">
    <p class='ocr_par' dir='ltr' id='par_1_20' title="bbox 211 1796 1787 1879">
     <span class='ocr_line' id='line_1_20' title="bbox 211 1796 1787 1879; baseline 0.001 -21"><span class='ocrx_word' id='word_1_128' title='bbox 211 1805 357 1859; x_wconf 65' lang='grc' dir='ltr'>έλθοι</span> <span class='ocrx_word' id='word_1_129' title='bbox 390 1806 471 1868; x_wconf 85' lang='grc' dir='ltr'><strong>είς</strong></span> <span class='ocrx_word' id='word_1_130' title='bbox 501 1804 598 1869; x_wconf 74' lang='grc' dir='ltr'><strong>τὰς</strong></span> <span class='ocrx_word' id='word_1_131' title='bbox 640 1796 877 1878; x_wconf 74' lang='grc' dir='ltr'><strong>¹καρδίας</strong></span> <span class='ocrx_word' id='word_1_132' title='bbox 912 1806 1115 1872; x_wconf 85' lang='grc' dir='ltr'>αὐτῶν,</span> <span class='ocrx_word' id='word_1_133' title='bbox 1158 1809 1207 1859; x_wconf 85' lang='grc' dir='ltr'><strong>εί</strong></span> <span class='ocrx_word' id='word_1_134' title='bbox 1259 1804 1369 1874; x_wconf 78' lang='grc' dir='ltr'><strong>ἐγὼ</strong></span> <span class='ocrx_word' id='word_1_135' title='bbox 1404 1808 1495 1860; x_wconf 75' lang='grc' dir='ltr'><strong>ἐπὶ</strong></span> <span class='ocrx_word' id='word_1_136' title='bbox 1533 1807 1592 1860; x_wconf 83' lang='grc' dir='ltr'><strong>σὲ</strong></span> <span class='ocrx_word' id='word_1_137' title='bbox 1618 1808 1787 1879; x_wconf 69' lang='grc' dir='ltr'>ἔπερ-</span> 
     </span>
    </p>
   </div>
   <div class='ocr_carea' id='block_1_21' title="bbox 1879 878 3454 949">
    <p class='ocr_par' dir='ltr' id='par_1_21' title="bbox 1879 878 3454 949">
     <span class='ocr_line' id='line_1_21' title="bbox 1879 878 3454 949; baseline 0.006 -18"><span class='ocrx_word' id='word_1_138' title='bbox 1879 892 2003 931; x_wconf 89' lang='lat' dir='ltr'><strong>cum</strong></span> <span class='ocrx_word' id='word_1_139' title='bbox 2036 878 2132 932; x_wconf 87' lang='lat' dir='ltr'><strong>illo</strong></span> <span class='ocrx_word' id='word_1_140' title='bbox 2164 880 2413 949; x_wconf 84' lang='lat' dir='ltr'><strong>epuletur</strong></span> <span class='ocrx_word' id='word_1_141' title='bbox 2444 891 2497 935; x_wconf 86' lang='lat' dir='ltr'><strong>et</strong></span> <span class='ocrx_word' id='word_1_142' title='bbox 2525 879 2576 934; x_wconf 91' lang='lat' dir='ltr'><strong>in</strong></span> <span class='ocrx_word' id='word_1_143' title='bbox 2600 881 2711 935; x_wconf 89' lang='lat' dir='ltr'><strong>Deo</strong></span> <span class='ocrx_word' id='word_1_144' title='bbox 2742 881 2977 938; x_wconf 65' lang='lat' dir='ltr'><strong>laetetur.</strong></span> <span class='ocrx_word' id='word_1_145' title='bbox 3019 883 3126 939; x_wconf 88' lang='lat' dir='ltr'><strong>Sed</strong></span> <span class='ocrx_word' id='word_1_146' title='bbox 3170 895 3229 940; x_wconf 90' lang='lat' dir='ltr'><strong>ut</strong></span> <span class='ocrx_word' id='word_1_147' title='bbox 3269 887 3454 942; x_wconf 85' lang='lat' dir='ltr'><strong>dicere</strong></span> 
     </span>
    </p>
   </div>
   <div class='ocr_carea' id='block_1_22' title="bbox 1880 973 3456 1047">
    <p class='ocr_par' dir='ltr' id='par_1_22' title="bbox 1880 973 3456 1047">
     <span class='ocr_line' id='line_1_22' title="bbox 1880 973 3456 1047; baseline 0.004 -21"><span class='ocrx_word' id='word_1_148' title='bbox 1880 984 2175 1041; x_wconf 73' lang='lat' dir='ltr'><strong>cmperam,</strong></span> <span class='ocrx_word' id='word_1_149' title='bbox 2205 989 2307 1027; x_wconf 86' lang='lat' dir='ltr'><strong>nos</strong></span> <span class='ocrx_word' id='word_1_150' title='bbox 2352 973 2418 1028; x_wconf 91' lang='lat' dir='ltr'><strong>ad</strong></span> <span class='ocrx_word' id='word_1_151' title='bbox 2449 974 2797 1044; x_wconf 86' lang='lat' dir='ltr'><strong>episcopatus</strong></span> <span class='ocrx_word' id='word_1_152' title='bbox 2851 975 3125 1047; x_wconf 81' lang='lat' dir='ltr'><strong>fastigium</strong></span> <span class='ocrx_word' id='word_1_153' title='bbox 3156 981 3356 1045; x_wconf 83' lang='lat' dir='ltr'><strong>evecti,</strong></span> <span class='ocrx_word' id='word_1_154' title='bbox 3385 979 3456 1033; x_wconf 64' lang='lat' dir='ltr'><strong>ad</strong></span> 
     </span>
    </p>
   </div>
   <div class='ocr_carea' id='block_1_23' title="bbox 1882 1064 3446 1141">
    <p class='ocr_par' dir='ltr' id='par_1_23' title="bbox 1882 1064 3446 1141">
     <span class='ocr_line' id='line_1_23' title="bbox 1882 1064 3446 1141; baseline 0.004 -23"><span class='ocrx_word' id='word_1_155' title='bbox 1882 1064 2308 1141; x_wconf 24' lang='lat' dir='ltr'><strong>magnain‘illam</strong></span> <span class='ocrx_word' id='word_1_156' title='bbox 2341 1081 2454 1120; x_wconf 91' lang='lat' dir='ltr'><strong>rem</strong></span> <span class='ocrx_word' id='word_1_157' title='bbox 2483 1081 2594 1120; x_wconf 91' lang='lat' dir='ltr'><strong>non</strong></span> <span class='ocrx_word' id='word_1_158' title='bbox 2621 1073 2887 1136; x_wconf 78' lang='lat' dir='ltr'><strong>quantum</strong></span> <span class='ocrx_word' id='word_1_159' title='bbox 2920 1069 3147 1125; x_wconf 89' lang='lat' dir='ltr'><strong>decebat</strong></span> <span class='ocrx_word' id='word_1_160' title='bbox 3172 1071 3446 1126; x_wconf 82' lang='lat' dir='ltr'><strong>laboravi-</strong></span> 
     </span>
    </p>
   </div>
   <div class='ocr_carea' id='block_1_24' title="bbox 1884 1158 3456 1225">
    <p class='ocr_par' dir='ltr' id='par_1_24' title="bbox 1884 1158 3456 1225">
     <span class='ocr_line' id='line_1_24' title="bbox 1884 1158 3456 1225; baseline 0.005 -16"><span class='ocrx_word' id='word_1_161' title='bbox 1884 1170 2025 1221; x_wconf 81' lang='lat' dir='ltr'><strong>mus,</strong></span> <span class='ocrx_word' id='word_1_162' title='bbox 2057 1166 2115 1211; x_wconf 87' lang='lat' dir='ltr'><strong>ut</strong></span> <span class='ocrx_word' id='word_1_163' title='bbox 2147 1158 2436 1221; x_wconf 86' lang='lat' dir='ltr'><strong>permultis</strong></span> <span class='ocrx_word' id='word_1_164' title='bbox 2466 1158 2645 1214; x_wconf 89' lang='lat' dir='ltr'><strong>visum</strong></span> <span class='ocrx_word' id='word_1_165' title='bbox 2680 1166 2764 1215; x_wconf 87' lang='lat' dir='ltr'><strong>est</strong></span> <span class='ocrx_word' id='word_1_166' title='bbox 2789 1177 2805 1225; x_wconf 90' lang='lat'><strong>;</strong></span> <span class='ocrx_word' id='word_1_167' title='bbox 2834 1161 2943 1216; x_wconf 90' lang='lat' dir='ltr'><strong>imo</strong></span> <span class='ocrx_word' id='word_1_168' title='bbox 2969 1161 3131 1216; x_wconf 89' lang='lat' dir='ltr'><strong>etiam</strong></span> <span class='ocrx_word' id='word_1_169' title='bbox 3161 1162 3456 1217; x_wconf 85' lang='lat' dir='ltr'><strong>admodum</strong></span> 
     </span>
    </p>
   </div>
   <div class='ocr_carea' id='block_1_25' title="bbox 1885 1246 3459 1326">
    <p class='ocr_par' dir='ltr' id='par_1_25' title="bbox 1885 1246 3459 1326">
     <span class='ocr_line' id='line_1_25' title="bbox 1885 1246 3459 1326; baseline 0.005 -27"><span class='ocrx_word' id='word_1_170' title='bbox 1885 1246 2104 1301; x_wconf 86' lang='lat' dir='ltr'><strong>inutiles</strong></span> <span class='ocrx_word' id='word_1_171' title='bbox 2134 1247 2599 1315; x_wconf 83' lang='lat' dir='ltr'><strong>deprehendimur</strong></span> <span class='ocrx_word' id='word_1_172' title='bbox 2629 1267 2644 1304; x_wconf 91' lang='lat'><strong>:</strong></span> <span class='ocrx_word' id='word_1_173' title='bbox 2698 1267 2761 1307; x_wconf 91' lang='lat' dir='ltr'><strong>ac</strong></span> <span class='ocrx_word' id='word_1_174' title='bbox 2784 1265 3146 1324; x_wconf 61' lang='lat' dir='ltr'><strong>praeterquam</strong></span> <span class='ocrx_word' id='word_1_175' title='bbox 3176 1255 3324 1326; x_wconf 88' lang='lat' dir='ltr'><strong>quod</strong></span> <span class='ocrx_word' id='word_1_176' title='bbox 3358 1271 3459 1311; x_wconf 76' lang='lat' dir='ltr'><strong>ex-</strong></span> 
     </span>
    </p>
   </div>
   <div class='ocr_carea' id='block_1_26' title="bbox 1885 1338 3460 1416">
    <p class='ocr_par' dir='ltr' id='par_1_26' title="bbox 1885 1338 3460 1416">
     <span class='ocr_line' id='line_1_26' title="bbox 1885 1338 3460 1416; baseline 0.007 -26"><span class='ocrx_word' id='word_1_177' title='bbox 1885 1338 2218 1406; x_wconf 88' lang='lat' dir='ltr'><strong>probrarunt</strong></span> <span class='ocrx_word' id='word_1_178' title='bbox 2274 1354 2376 1395; x_wconf 89' lang='lat' dir='ltr'><strong>nos</strong></span> <span class='ocrx_word' id='word_1_179' title='bbox 2432 1348 2555 1395; x_wconf 82' lang='lat' dir='ltr'><strong>cum</strong></span> <span class='ocrx_word' id='word_1_180' title='bbox 2613 1342 2886 1413; x_wconf 78' lang='lat' dir='ltr'><strong>hypocrisi</strong></span> <span class='ocrx_word' id='word_1_181' title='bbox 2942 1347 3105 1399; x_wconf 85' lang='lat' dir='ltr'><strong>vitam</strong></span> <span class='ocrx_word' id='word_1_182' title='bbox 3155 1361 3342 1416; x_wconf 64' lang='lat' dir='ltr'><strong>agere,</strong></span> <span class='ocrx_word' id='word_1_183' title='bbox 3391 1361 3460 1401; x_wconf 85' lang='lat' dir='ltr'><strong>ne</strong></span> 
     </span>
    </p>
   </div>
   <div class='ocr_carea' id='block_1_27' title="bbox 1886 1428 3457 1505">
    <p class='ocr_par' dir='ltr' id='par_1_27' title="bbox 1886 1428 3457 1505">
     <span class='ocr_line' id='line_1_27' title="bbox 1886 1428 3457 1505; baseline 0.007 -25"><span class='ocrx_word' id='word_1_184' title='bbox 1886 1428 2104 1499; x_wconf 80' lang='lat' dir='ltr'><strong>quidem</strong></span> <span class='ocrx_word' id='word_1_185' title='bbox 2176 1442 2417 1487; x_wconf 88' lang='lat' dir='ltr'><strong>sanctam</strong></span> <span class='ocrx_word' id='word_1_186' title='bbox 2476 1441 2533 1487; x_wconf 91' lang='lat' dir='ltr'><strong>et</strong></span> <span class='ocrx_word' id='word_1_187' title='bbox 2596 1433 2931 1505; x_wconf 88' lang='lat' dir='ltr'><strong>inculpatam</strong></span> <span class='ocrx_word' id='word_1_188' title='bbox 2986 1436 3149 1492; x_wconf 85' lang='lat' dir='ltr'><strong>ﬁdem</strong></span> <span class='ocrx_word' id='word_1_189' title='bbox 3208 1447 3457 1493; x_wconf 86' lang='lat' dir='ltr'><strong>nostram</strong></span> 
     </span>
    </p>
   </div>
   <div class='ocr_carea' id='block_1_28' title="bbox 1888 1520 3461 1596">
    <p class='ocr_par' dir='ltr' id='par_1_28' title="bbox 1888 1520 3461 1596">
     <span class='ocr_line' id='line_1_28' title="bbox 1888 1520 3461 1596; baseline 0.007 -22"><span class='ocrx_word' id='word_1_190' title='bbox 1888 1520 2179 1576; x_wconf 82' lang='lat' dir='ltr'><strong>calumniis</strong></span> <span class='ocrx_word' id='word_1_191' title='bbox 2255 1539 2480 1578; x_wconf 83' lang='lat' dir='ltr'><strong>vacuam</strong></span> <span class='ocrx_word' id='word_1_192' title='bbox 2548 1527 2913 1596; x_wconf 88' lang='lat' dir='ltr'><strong>rcliquerunt.</strong></span> <span class='ocrx_word' id='word_1_193' title='bbox 2943 1526 3176 1594; x_wconf 83' lang='lat' dir='ltr'><strong>Quibus,</strong></span> <span class='ocrx_word' id='word_1_194' title='bbox 3223 1544 3257 1585; x_wconf 88' lang='grc' dir='ltr'><strong>ο</strong></span> <span class='ocrx_word' id='word_1_195' title='bbox 3315 1528 3461 1585; x_wconf 86' lang='lat' dir='ltr'><strong>Deus</strong></span> 
     </span>
    </p>
   </div>
   <div class='ocr_carea' id='block_1_29' title="bbox 1890 1611 3464 1685">
    <p class='ocr_par' dir='ltr' id='par_1_29' title="bbox 1890 1611 3464 1685">
     <span class='ocr_line' id='line_1_29' title="bbox 1890 1611 3464 1685; baseline 0.007 -20"><span class='ocrx_word' id='word_1_196' title='bbox 1890 1611 2291 1679; x_wconf 81' lang='lat' dir='ltr'><strong>universorum,</strong></span> <span class='ocrx_word' id='word_1_197' title='bbox 2338 1616 2431 1685; x_wconf 86' lang='lat' dir='ltr'><strong>qui</strong></span> <span class='ocrx_word' id='word_1_198' title='bbox 2464 1616 2663 1672; x_wconf 79' lang='lat' dir='ltr'><strong>venisti</strong></span> <span class='ocrx_word' id='word_1_199' title='bbox 2695 1628 2754 1672; x_wconf 87' lang='lat' dir='ltr'><strong>ut</strong></span> <span class='ocrx_word' id='word_1_200' title='bbox 2808 1622 3068 1674; x_wconf 81' lang='lat' dir='ltr'><strong>mortales</strong></span> <span class='ocrx_word' id='word_1_201' title='bbox 3101 1621 3168 1675; x_wconf 90' lang='lat' dir='ltr'><strong>ab</strong></span> <span class='ocrx_word' id='word_1_202' title='bbox 3195 1637 3382 1677; x_wconf 84' lang='lat' dir='ltr'><strong>errore</strong></span> <span class='ocrx_word' id='word_1_203' title='bbox 3408 1630 3464 1676; x_wconf 88' lang='lat' dir='ltr'><strong>et</strong></span> 
     </span>
    </p>
   </div>
   <div class='ocr_carea' id='block_1_30' title="bbox 1890 1703 3459 1785">
    <p class='ocr_par' dir='ltr' id='par_1_30' title="bbox 1890 1703 3459 1785">
     <span class='ocr_line' id='line_1_30' title="bbox 1890 1703 3459 1785; baseline 0.008 -27"><span class='ocrx_word' id='word_1_204' title='bbox 1890 1703 2170 1775; x_wconf 85' lang='lat' dir='ltr'><strong>impietate</strong></span> <span class='ocrx_word' id='word_1_205' title='bbox 2222 1706 2510 1773; x_wconf 85' lang='lat' dir='ltr'><strong>liberares,</strong></span> <span class='ocrx_word' id='word_1_206' title='bbox 2550 1708 2605 1763; x_wconf 90' lang='lat' dir='ltr'><strong>in</strong></span> <span class='ocrx_word' id='word_1_207' title='bbox 2630 1709 2843 1778; x_wconf 72' lang='lat' dir='ltr'><strong>iustitia</strong></span> <span class='ocrx_word' id='word_1_208' title='bbox 2874 1720 2963 1766; x_wconf 91' lang='lat' dir='ltr'><strong>tua</strong></span> <span class='ocrx_word' id='word_1_209' title='bbox 2997 1713 3117 1767; x_wconf 84' lang='lat' dir='ltr'><strong>vice</strong></span> <span class='ocrx_word' id='word_1_210' title='bbox 3170 1714 3459 1785; x_wconf 86' lang='lat' dir='ltr'><strong>rcpcndas,</strong></span> 
     </span>
    </p>
   </div>
   <div class='ocr_carea' id='block_1_31' title="bbox 1890 1797 3459 1879">
    <p class='ocr_par' dir='ltr' id='par_1_31' title="bbox 1890 1797 3459 1879">
     <span class='ocr_line' id='line_1_31' title="bbox 1890 1797 3459 1879; baseline 0.01 -28"><span class='ocrx_word' id='word_1_211' title='bbox 1890 1805 1946 1851; x_wconf 88' lang='lat' dir='ltr'><strong>et</strong></span> <span class='ocrx_word' id='word_1_212' title='bbox 1974 1797 2185 1866; x_wconf 78' lang='lat' dir='ltr'><strong>gladius</strong></span> <span class='ocrx_word' id='word_1_213' title='bbox 2218 1815 2404 1854; x_wconf 90' lang='lat' dir='ltr'><strong>eorum</strong></span> <span class='ocrx_word' id='word_1_214' title='bbox 2453 1801 2621 1857; x_wconf 88' lang='lat' dir='ltr'><strong>intret</strong></span> <span class='ocrx_word' id='word_1_215' title='bbox 2670 1802 2723 1857; x_wconf 93' lang='lat' dir='ltr'><strong>in</strong></span> <span class='ocrx_word' id='word_1_216' title='bbox 2754 1804 2921 1858; x_wconf 85' lang='lat' dir='ltr'><strong>corda</strong></span> <span class='ocrx_word' id='word_1_217' title='bbox 2952 1805 3194 1875; x_wconf 87' lang='lat' dir='ltr'><strong>ipsorum</strong></span> <span class='ocrx_word' id='word_1_218' title='bbox 3219 1850 3232 1875; x_wconf 91' lang='lat'><strong>,</strong></span> <span class='ocrx_word' id='word_1_219' title='bbox 3262 1808 3307 1862; x_wconf 91' lang='lat' dir='ltr'><strong>si</strong></span> <span class='ocrx_word' id='word_1_220' title='bbox 3335 1822 3459 1879; x_wconf 78' lang='lat' dir='ltr'><strong>ego.</strong></span> 
     </span>
    </p>
   </div>
   <div class='ocr_carea' id='block_1_32' title="bbox 215 1890 1792 1972">
    <p class='ocr_par' dir='ltr' id='par_1_32' title="bbox 215 1897 1788 1969">
     <span class='ocr_line' id='line_1_32' title="bbox 215 1897 1788 1969; baseline 0.003 -19"><span class='ocrx_word' id='word_1_221' title='bbox 215 1898 385 1968; x_wconf 79' lang='grc' dir='ltr'>ρίφην</span> <span class='ocrx_word' id='word_1_222' title='bbox 415 1898 525 1951; x_wconf 72' lang='grc' dir='ltr'>ἀπὸ</span> <span class='ocrx_word' id='word_1_223' title='bbox 547 1898 805 1968; x_wconf 73' lang='grc' dir='ltr'>’γαστρός</span> <span class='ocrx_word' id='word_1_224' title='bbox 831 1912 848 1928; x_wconf 84' lang='lat'><strong>&#39;</strong></span> <span class='ocrx_word' id='word_1_225' title='bbox 882 1898 980 1951; x_wconf 80' lang='grc' dir='ltr'>καὶ</span> <span class='ocrx_word' id='word_1_226' title='bbox 1012 1897 1213 1969; x_wconf 84' lang='grc' dir='ltr'>μᾶλλον</span> <span class='ocrx_word' id='word_1_227' title='bbox 1237 1900 1349 1962; x_wconf 85' lang='grc' dir='ltr'>τοῖς</span> <span class='ocrx_word' id='word_1_228' title='bbox 1382 1900 1509 1969; x_wconf 74' lang='grc' dir='ltr'>περὶ</span> <span class='ocrx_word' id='word_1_229' title='bbox 1552 1898 1644 1952; x_wconf 71' lang='grc' dir='ltr'>τὸν</span> <span class='ocrx_word' id='word_1_230' title='bbox 1689 1900 1788 1955; x_wconf 85' lang='grc' dir='ltr'>Ίά-</span> 
     </span>
    </p>
   </div>
   <div class='ocr_carea' id='block_1_33' title="bbox 1899 1890 3462 1972">
    <p class='ocr_par' dir='ltr' id='par_1_33' title="bbox 1899 1890 3462 1972">
     <span class='ocr_line' id='line_1_33' title="bbox 1899 1890 3462 1972; baseline 0.008 -30"><span class='ocrx_word' id='word_1_231' title='bbox 1899 1897 1951 1943; x_wconf 87' lang='lat' dir='ltr'><strong>et</strong></span> <span class='ocrx_word' id='word_1_232' title='bbox 1982 1890 2202 1958; x_wconf 88' lang='lat' dir='ltr'><strong>quidem</strong></span> <span class='ocrx_word' id='word_1_233' title='bbox 2237 1892 2520 1962; x_wconf 84' lang='lat' dir='ltr'><strong>plusquam</strong></span> <span class='ocrx_word' id='word_1_234' title='bbox 2561 1894 2677 1964; x_wconf 90' lang='lat' dir='ltr'><strong>ipse</strong></span> <span class='ocrx_word' id='word_1_235' title='bbox 2709 1895 2968 1962; x_wconf 83' lang='lat' dir='ltr'><strong>Jacobus,</strong></span> <span class='ocrx_word' id='word_1_236' title='bbox 3001 1900 3056 1952; x_wconf 87' lang='lat' dir='ltr'><strong>in</strong></span> <span class='ocrx_word' id='word_1_237' title='bbox 3109 1907 3157 1953; x_wconf 84' lang='lat' dir='ltr'><strong>te</strong></span> <span class='ocrx_word' id='word_1_238' title='bbox 3197 1901 3462 1972; x_wconf 63' lang='lat' dir='ltr'><strong>projects:</strong></span> 
     </span>
    </p>
   </div>
   <div class='ocr_carea' id='block_1_34' title="bbox 214 1990 1783 2062">
    <p class='ocr_par' dir='ltr' id='par_1_34' title="bbox 214 1990 1783 2062">
     <span class='ocr_line' id='line_1_34' title="bbox 214 1990 1783 2062; baseline -0.001 -16"><span class='ocrx_word' id='word_1_239' title='bbox 214 1993 419 2056; x_wconf 85' lang='grc' dir='ltr'>κωϐον,</span> <span class='ocrx_word' id='word_1_240' title='bbox 454 1992 569 2054; x_wconf 84' lang='grc' dir='ltr'>τοῖς</span> <span class='ocrx_word' id='word_1_241' title='bbox 623 1991 922 2062; x_wconf 75' lang='grc' dir='ltr'>ὲπαράτοις</span> <span class='ocrx_word' id='word_1_242' title='bbox 959 1991 1053 2044; x_wconf 71' lang='grc' dir='ltr'>καὶ</span> <span class='ocrx_word' id='word_1_243' title='bbox 1090 1991 1266 2060; x_wconf 80' lang='grc' dir='ltr'>πάντη</span> <span class='ocrx_word' id='word_1_244' title='bbox 1316 1990 1691 2059; x_wconf 76' lang='grc' dir='ltr'>θεοστυγέσιν.</span> <span class='ocrx_word' id='word_1_245' title='bbox 1719 1990 1783 2045; x_wconf 76' lang='grc' dir='ltr'><strong>Οἳ</strong></span> 
     </span>
    </p>
   </div>
   <div class='ocr_carea' id='block_1_35' title="bbox 213 2083 1782 2155">
    <p class='ocr_par' dir='ltr' id='par_1_35' title="bbox 213 2083 1782 2155">
     <span class='ocr_line' id='line_1_35' title="bbox 213 2083 1782 2155; baseline -0.003 -13"><span class='ocrx_word' id='word_1_246' title='bbox 213 2089 312 2141; x_wconf 67' lang='grc' dir='ltr'>καὶ</span> <span class='ocrx_word' id='word_1_247' title='bbox 346 2083 599 2151; x_wconf 81' lang='grc' dir='ltr'>καθάπερ</span> <span class='ocrx_word' id='word_1_248' title='bbox 634 2084 1069 2154; x_wconf 76' lang='grc' dir='ltr'>ἀπεχθανόμενοι</span> <span class='ocrx_word' id='word_1_249' title='bbox 1123 2085 1201 2155; x_wconf 84' lang='grc' dir='ltr'>τῷ</span> <span class='ocrx_word' id='word_1_250' title='bbox 1253 2085 1343 2138; x_wconf 74' lang='grc' dir='ltr'><strong>ἐπὶ</strong></span> <span class='ocrx_word' id='word_1_251' title='bbox 1389 2086 1611 2141; x_wconf 70' lang='grc' dir='ltr'>πάντων</span> <span class='ocrx_word' id='word_1_252' title='bbox 1642 2085 1782 2155; x_wconf 77' lang='grc' dir='ltr'><strong>Θεῷ,</strong></span> 
     </span>
    </p>
   </div>
   <div class='ocr_carea' id='block_1_36' title="bbox 213 2176 1785 2246">
    <p class='ocr_par' dir='ltr' id='par_1_36' title="bbox 213 2176 1785 2246">
     <span class='ocr_line' id='line_1_36' title="bbox 213 2176 1785 2246; baseline -0.001 -13"><span class='ocrx_word' id='word_1_253' title='bbox 213 2177 572 2233; x_wconf 81' lang='grc' dir='ltr'>δικαιῶσαντι</span> <span class='ocrx_word' id='word_1_254' title='bbox 611 2176 707 2229; x_wconf 81' lang='grc' dir='ltr'>καὶ</span> <span class='ocrx_word' id='word_1_255' title='bbox 744 2178 893 2246; x_wconf 84' lang='grc' dir='ltr'>ἡμᾶς</span> <span class='ocrx_word' id='word_1_256' title='bbox 925 2177 1209 2231; x_wconf 75' lang='grc' dir='ltr'>καλεῖσθαι</span> <span class='ocrx_word' id='word_1_257' title='bbox 1261 2177 1371 2231; x_wconf 71' lang='grc' dir='ltr'><strong>ἀπὸ</strong></span> <span class='ocrx_word' id='word_1_258' title='bbox 1400 2177 1659 2245; x_wconf 78' lang='grc' dir='ltr'>Χριστοῦ,</span> <span class='ocrx_word' id='word_1_259' title='bbox 1689 2180 1785 2232; x_wconf 73' lang='grc' dir='ltr'>καὶ</span> 
     </span>
    </p>
   </div>
   <div class='ocr_carea' id='block_1_37' title="bbox 218 2269 1786 2341">
    <p class='ocr_par' dir='ltr' id='par_1_37' title="bbox 218 2269 1786 2341">
     <span class='ocr_line' id='line_1_37' title="bbox 218 2269 1786 2341; baseline 0.001 -19"><span class='ocrx_word' id='word_1_260' title='bbox 218 2273 298 2338; x_wconf 83' lang='grc' dir='ltr'>μὴ</span> <span class='ocrx_word' id='word_1_261' title='bbox 330 2271 547 2340; x_wconf 73' lang='grc' dir='ltr'>ἔχοντες</span> <span class='ocrx_word' id='word_1_262' title='bbox 579 2270 725 2331; x_wconf 80' lang='grc' dir='ltr'>ὅπως</span> <span class='ocrx_word' id='word_1_263' title='bbox 752 2270 958 2322; x_wconf 77' lang='grc' dir='ltr'>ἐκεῖνον</span> <span class='ocrx_word' id='word_1_264' title='bbox 982 2269 1305 2339; x_wconf 85' lang='grc' dir='ltr'>ἀμύνονται,</span> <span class='ocrx_word' id='word_1_265' title='bbox 1336 2271 1476 2324; x_wconf 80' lang='grc' dir='ltr'>κατὰ</span> <span class='ocrx_word' id='word_1_266' title='bbox 1503 2271 1602 2341; x_wconf 82' lang='grc' dir='ltr'><strong>τῆς</strong></span> <span class='ocrx_word' id='word_1_267' title='bbox 1632 2271 1786 2341; x_wconf 82' lang='grc' dir='ltr'>ἱερᾶς</span> 
     </span>
    </p>
   </div>
   <div class='ocr_carea' id='block_1_38' title="bbox 213 2362 1782 2434">
    <p class='ocr_par' dir='ltr' id='par_1_38' title="bbox 213 2362 1782 2434">
     <span class='ocr_line' id='line_1_38' title="bbox 213 2362 1782 2434; baseline 0 -18"><span class='ocrx_word' id='word_1_268' title='bbox 213 2364 431 2418; x_wconf 66' lang='grc' dir='ltr'>ἐκείνου</span> <span class='ocrx_word' id='word_1_269' title='bbox 468 2363 787 2433; x_wconf 79' lang='grc' dir='ltr'>θεανδρικῆς</span> <span class='ocrx_word' id='word_1_270' title='bbox 827 2364 922 2416; x_wconf 69' lang='grc' dir='ltr'>καὶ</span> <span class='ocrx_word' id='word_1_271' title='bbox 967 2365 1350 2434; x_wconf 83' lang='grc' dir='ltr'>προσκυνητῆς</span> <span class='ocrx_word' id='word_1_272' title='bbox 1396 2364 1628 2428; x_wconf 76' lang='grc' dir='ltr'><strong>εἰκόνος,</strong></span> <span class='ocrx_word' id='word_1_273' title='bbox 1683 2362 1782 2428; x_wconf 80' lang='grc' dir='ltr'>τῆς</span> 
     </span>
    </p>
   </div>
   <div class='ocr_carea' id='block_1_39' title="bbox 215 2452 1785 2528">
    <p class='ocr_par' dir='ltr' id='par_1_39' title="bbox 215 2452 1785 2528">
     <span class='ocr_line' id='line_1_39' title="bbox 215 2452 1785 2528; baseline -0.003 -16"><span class='ocrx_word' id='word_1_274' title='bbox 215 2456 556 2528; x_wconf 76' lang='grc' dir='ltr'>ἰρημώσεως</span> <span class='ocrx_word' id='word_1_275' title='bbox 589 2454 658 2508; x_wconf 81' lang='grc' dir='ltr'>τὰ</span> <span class='ocrx_word' id='word_1_276' title='bbox 710 2454 1079 2525; x_wconf 82' lang='grc' dir='ltr'>βδελύγματα,</span> <span class='ocrx_word' id='word_1_277' title='bbox 1130 2452 1176 2507; x_wconf 85' lang='grc' dir='ltr'><strong>ὣ</strong></span> <span class='ocrx_word' id='word_1_278' title='bbox 1212 2454 1319 2508; x_wconf 87' lang='grc' dir='ltr'><strong>τῶν</strong></span> <span class='ocrx_word' id='word_1_279' title='bbox 1364 2455 1514 2524; x_wconf 74' lang='grc' dir='ltr'>ἐμῶν</span> <span class='ocrx_word' id='word_1_280' title='bbox 1557 2455 1785 2509; x_wconf 79' lang='grc' dir='ltr'>κακῶνί</span> 
     </span>
    </p>
   </div>
   <div class='ocr_carea' id='block_1_40' title="bbox 216 2544 1787 2619">
    <p class='ocr_par' dir='ltr' id='par_1_40' title="bbox 216 2544 1787 2619">
     <span class='ocr_line' id='line_1_40' title="bbox 216 2544 1787 2619; baseline -0.001 -17"><span class='ocrx_word' id='word_1_281' title='bbox 216 2548 484 2617; x_wconf 81' lang='grc' dir='ltr'>λυττῆσαι</span> <span class='ocrx_word' id='word_1_282' title='bbox 516 2547 618 2600; x_wconf 84' lang='grc' dir='ltr'>οὐκ</span> <span class='ocrx_word' id='word_1_283' title='bbox 663 2544 916 2616; x_wconf 75' lang='grc' dir='ltr'>ἔφριξαν,</span> <span class='ocrx_word' id='word_1_284' title='bbox 959 2544 1096 2615; x_wconf 81' lang='grc' dir='ltr'>πρὸς</span> <span class='ocrx_word' id='word_1_285' title='bbox 1119 2546 1176 2600; x_wconf 78' lang='grc' dir='ltr'>δὲ</span> <span class='ocrx_word' id='word_1_286' title='bbox 1212 2547 1307 2601; x_wconf 75' lang='grc' dir='ltr'>καὶ</span> <span class='ocrx_word' id='word_1_287' title='bbox 1337 2547 1437 2617; x_wconf 80' lang='grc' dir='ltr'>τῆς</span> <span class='ocrx_word' id='word_1_288' title='bbox 1474 2548 1787 2619; x_wconf 81' lang='grc' dir='ltr'>παναχράν-</span> 
     </span>
    </p>
   </div>
   <div class='ocr_carea' id='block_1_41' title="bbox 215 2638 1791 2710">
    <p class='ocr_par' dir='ltr' id='par_1_41' title="bbox 215 2638 1791 2710">
     <span class='ocr_line' id='line_1_41' title="bbox 215 2638 1791 2710; baseline -0.001 -14"><span class='ocrx_word' id='word_1_289' title='bbox 215 2658 313 2696; x_wconf 85' lang='grc' dir='ltr'><strong>του</strong></span> <span class='ocrx_word' id='word_1_290' title='bbox 344 2640 633 2707; x_wconf 77' lang='grc' dir='ltr'>δεσποίνης</span> <span class='ocrx_word' id='word_1_291' title='bbox 687 2640 844 2710; x_wconf 86' lang='grc' dir='ltr'>ήμῶν</span> <span class='ocrx_word' id='word_1_292' title='bbox 879 2638 1172 2702; x_wconf 80' lang='grc' dir='ltr'>Θεοτόκου,</span> <span class='ocrx_word' id='word_1_293' title='bbox 1213 2640 1311 2693; x_wconf 71' lang='grc' dir='ltr'>καὶ</span> <span class='ocrx_word' id='word_1_294' title='bbox 1340 2639 1436 2694; x_wconf 89' lang='grc' dir='ltr'><strong>τοῦ</strong></span> <span class='ocrx_word' id='word_1_295' title='bbox 1482 2639 1654 2693; x_wconf 81' lang='grc' dir='ltr'>τύπου</span> <span class='ocrx_word' id='word_1_296' title='bbox 1698 2640 1791 2695; x_wconf 87' lang='grc' dir='ltr'><strong>τοῦ</strong></span> 
     </span>
    </p>
   </div>
   <div class='ocr_carea' id='block_1_42' title="bbox 217 2729 1794 2804">
    <p class='ocr_par' dir='ltr' id='par_1_42' title="bbox 217 2729 1794 2804">
     <span class='ocr_line' id='line_1_42' title="bbox 217 2729 1794 2804; baseline -0.001 -16"><span class='ocrx_word' id='word_1_297' title='bbox 217 2734 372 2788; x_wconf 83' lang='grc' dir='ltr'>θείου</span> <span class='ocrx_word' id='word_1_298' title='bbox 407 2735 501 2787; x_wconf 69' lang='grc' dir='ltr'>καὶ</span> <span class='ocrx_word' id='word_1_299' title='bbox 558 2731 849 2801; x_wconf 76' lang='grc' dir='ltr'>ζωηφὸρου</span> <span class='ocrx_word' id='word_1_300' title='bbox 887 2729 1146 2801; x_wconf 88' lang='grc' dir='ltr'>σταυροῦ.</span> <span class='ocrx_word' id='word_1_301' title='bbox 1184 2733 1262 2785; x_wconf 81' lang='grc' dir='ltr'><strong>Δι’</strong></span> <span class='ocrx_word' id='word_1_302' title='bbox 1288 2729 1382 2796; x_wconf 78' lang='grc' dir='ltr'>οὓς</span> <span class='ocrx_word' id='word_1_303' title='bbox 1422 2736 1516 2785; x_wconf 73' lang='grc' dir='ltr'>καὶ</span> <span class='ocrx_word' id='word_1_304' title='bbox 1542 2733 1794 2804; x_wconf 78' lang='grc' dir='ltr'><strong>ἀνάθεμα</strong></span> 
     </span>
    </p>
   </div>
   <div class='ocr_carea' id='block_1_43' title="bbox 218 2820 1791 2894">
    <p class='ocr_par' dir='ltr' id='par_1_43' title="bbox 218 2820 1791 2894">
     <span class='ocr_line' id='line_1_43' title="bbox 218 2820 1791 2894; baseline -0.001 -17"><span class='ocrx_word' id='word_1_305' title='bbox 218 2824 396 2877; x_wconf 81' lang='grc' dir='ltr'>πᾶσιν</span> <span class='ocrx_word' id='word_1_306' title='bbox 453 2823 748 2892; x_wconf 79' lang='grc' dir='ltr'>αἱρετικοίς</span> <span class='ocrx_word' id='word_1_307' title='bbox 781 2820 959 2874; x_wconf 77' lang='grc' dir='ltr'>ἐκϐοῶ</span> <span class='ocrx_word' id='word_1_308' title='bbox 995 2823 1104 2875; x_wconf 78' lang='grc' dir='ltr'>ἀπὸ</span> <span class='ocrx_word' id='word_1_309' title='bbox 1150 2820 1287 2876; x_wconf 81' lang='grc' dir='ltr'>Θεοῦ</span> <span class='ocrx_word' id='word_1_310' title='bbox 1328 2824 1791 2894; x_wconf 74' lang='grc' dir='ltr'>παντοκράτορος,</span> 
     </span>
    </p>
   </div>
   <div class='ocr_carea' id='block_1_44' title="bbox 1871 1985 3460 2055">
    <p class='ocr_par' dir='ltr' id='par_1_44' title="bbox 1871 1985 3460 2055">
     <span class='ocr_line' id='line_1_44' title="bbox 1871 1985 3460 2055; baseline 0.008 -20"><span class='ocrx_word' id='word_1_311' title='bbox 1871 1998 2013 2041; x_wconf 75' lang='lat' dir='ltr'><strong>.aum</strong></span> <span class='ocrx_word' id='word_1_312' title='bbox 2061 1999 2125 2037; x_wconf 82' lang='lat' dir='ltr'><strong>ea:</strong></span> <span class='ocrx_word' id='word_1_313' title='bbox 2166 1993 2311 2038; x_wconf 85' lang='lat' dir='ltr'><strong>utero</strong></span> <span class='ocrx_word' id='word_1_314' title='bbox 2359 2001 2377 2038; x_wconf 92' lang='lat'><em>:</em></span> <span class='ocrx_word' id='word_1_315' title='bbox 2408 1985 2502 2055; x_wconf 87' lang='lat' dir='ltr'><strong>qui</strong></span> <span class='ocrx_word' id='word_1_316' title='bbox 2566 1989 2888 2043; x_wconf 80' lang='lat' dir='ltr'><strong>exsecrandi</strong></span> <span class='ocrx_word' id='word_1_317' title='bbox 2945 1989 3196 2047; x_wconf 83' lang='lat' dir='ltr'><strong>homines</strong></span> <span class='ocrx_word' id='word_1_318' title='bbox 3248 2008 3312 2047; x_wconf 91' lang='lat' dir='ltr'><strong>ac</strong></span> <span class='ocrx_word' id='word_1_319' title='bbox 3362 1994 3460 2048; x_wconf 89' lang='lat' dir='ltr'><strong>Dei</strong></span> 
     </span>
    </p>
   </div>
   <div class='ocr_carea' id='block_1_45' title="bbox 1892 2076 3460 2149">
    <p class='ocr_par' dir='ltr' id='par_1_45' title="bbox 1892 2076 3460 2149">
     <span class='ocr_line' id='line_1_45' title="bbox 1892 2076 3460 2149; baseline 0.008 -20"><span class='ocrx_word' id='word_1_320' title='bbox 1892 2088 2106 2138; x_wconf 90' lang='lat' dir='ltr'><strong>osores,</strong></span> <span class='ocrx_word' id='word_1_321' title='bbox 2138 2076 2293 2145; x_wconf 89' lang='lat' dir='ltr'><strong>quasi</strong></span> <span class='ocrx_word' id='word_1_322' title='bbox 2343 2076 2653 2132; x_wconf 84' lang='lat' dir='ltr'><strong>inimicitias</strong></span> <span class='ocrx_word' id='word_1_323' title='bbox 2684 2084 2938 2149; x_wconf 66' lang='lat' dir='ltr'><strong>gerentes</strong></span> <span class='ocrx_word' id='word_1_324' title='bbox 2975 2083 3239 2139; x_wconf 84' lang='lat' dir='ltr'><strong>adversus</strong></span> <span class='ocrx_word' id='word_1_325' title='bbox 3288 2086 3460 2141; x_wconf 89' lang='lat' dir='ltr'><strong>Deum</strong></span> 
     </span>
    </p>
   </div>
   <div class='ocr_carea' id='block_1_46' title="bbox 1895 2167 3464 2248">
    <p class='ocr_par' dir='ltr' id='par_1_46' title="bbox 1895 2167 3464 2248">
     <span class='ocr_line' id='line_1_46' title="bbox 1895 2167 3464 2248; baseline 0.008 -28"><span class='ocrx_word' id='word_1_326' title='bbox 1895 2167 2299 2232; x_wconf 87' lang='lat' dir='ltr'><strong>universorum,</strong></span> <span class='ocrx_word' id='word_1_327' title='bbox 2337 2168 2429 2238; x_wconf 91' lang='lat' dir='ltr'><strong>qui</strong></span> <span class='ocrx_word' id='word_1_328' title='bbox 2461 2185 2563 2224; x_wconf 91' lang='lat' dir='ltr'><strong>nos</strong></span> <span class='ocrx_word' id='word_1_329' title='bbox 2626 2186 2721 2241; x_wconf 89' lang='lat' dir='ltr'><strong>per</strong></span> <span class='ocrx_word' id='word_1_330' title='bbox 2751 2171 3026 2228; x_wconf 81' lang='lat' dir='ltr'><strong>Christum</strong></span> <span class='ocrx_word' id='word_1_331' title='bbox 3055 2179 3231 2230; x_wconf 82' lang='lat' dir='ltr'><strong>vocari</strong></span> <span class='ocrx_word' id='word_1_332' title='bbox 3273 2177 3464 2248; x_wconf 78' lang='lat' dir='ltr'><strong>digna-</strong></span> 
     </span>
    </p>
   </div>
   <div class='ocr_carea' id='block_1_47' title="bbox 1897 2257 3462 2330">
    <p class='ocr_par' dir='ltr' id='par_1_47' title="bbox 1897 2257 3462 2330">
     <span class='ocr_line' id='line_1_47' title="bbox 1897 2257 3462 2330; baseline 0.01 -23"><span class='ocrx_word' id='word_1_333' title='bbox 1897 2260 1984 2307; x_wconf 85' lang='lat' dir='ltr'><strong>tus</strong></span> <span class='ocrx_word' id='word_1_334' title='bbox 2018 2263 2122 2319; x_wconf 89' lang='lat' dir='ltr'><strong>est,</strong></span> <span class='ocrx_word' id='word_1_335' title='bbox 2146 2270 2322 2325; x_wconf 88' lang='lat' dir='ltr'><strong>neque</strong></span> <span class='ocrx_word' id='word_1_336' title='bbox 2351 2257 2527 2327; x_wconf 90' lang='lat' dir='ltr'><strong>ipsum</strong></span> <span class='ocrx_word' id='word_1_337' title='bbox 2562 2261 2782 2330; x_wconf 79' lang='lat' dir='ltr'><strong>aggredi</strong></span> <span class='ocrx_word' id='word_1_338' title='bbox 2814 2263 3078 2330; x_wconf 87' lang='lat' dir='ltr'><strong>valentes,</strong></span> <span class='ocrx_word' id='word_1_339' title='bbox 3139 2277 3331 2322; x_wconf 89' lang='lat' dir='ltr'><strong>contra</strong></span> <span class='ocrx_word' id='word_1_340' title='bbox 3371 2284 3462 2323; x_wconf 85' lang='lat' dir='ltr'><strong>sa-</strong></span> 
     </span>
    </p>
   </div>
   <div class='ocr_carea' id='block_1_48' title="bbox 1897 2347 3461 2429">
    <p class='ocr_par' dir='ltr' id='par_1_48' title="bbox 1897 2347 3461 2429">
     <span class='ocr_line' id='line_1_48' title="bbox 1897 2347 3461 2429; baseline 0.011 -29"><span class='ocrx_word' id='word_1_341' title='bbox 1897 2360 2045 2401; x_wconf 89' lang='lat' dir='ltr'><strong>cram</strong></span> <span class='ocrx_word' id='word_1_342' title='bbox 2080 2347 2173 2403; x_wconf 86' lang='lat' dir='ltr'><strong>Dei</strong></span> <span class='ocrx_word' id='word_1_343' title='bbox 2207 2349 2310 2405; x_wconf 89' lang='lat' dir='ltr'><strong>viri</strong></span> <span class='ocrx_word' id='word_1_344' title='bbox 2352 2359 2408 2405; x_wconf 90' lang='lat' dir='ltr'><strong>ct</strong></span> <span class='ocrx_word' id='word_1_345' title='bbox 2457 2352 2788 2409; x_wconf 84' lang='lat' dir='ltr'><strong>adorandam</strong></span> <span class='ocrx_word' id='word_1_346' title='bbox 2841 2355 3151 2427; x_wconf 78' lang='lat' dir='ltr'><strong>imaginem,</strong></span> <span class='ocrx_word' id='word_1_347' title='bbox 3196 2361 3352 2429; x_wconf 90' lang='lat' dir='ltr'><strong>quasi</strong></span> <span class='ocrx_word' id='word_1_348' title='bbox 3405 2363 3461 2417; x_wconf 89' lang='lat' dir='ltr'><strong>in</strong></span> 
     </span>
    </p>
   </div>
   <div class='ocr_carea' id='block_1_49' title="bbox 1897 2440 3463 2524">
    <p class='ocr_par' dir='ltr' id='par_1_49' title="bbox 1897 2440 3463 2524">
     <span class='ocr_line' id='line_1_49' title="bbox 1897 2440 3463 2524; baseline 0.009 -30"><span class='ocrx_word' id='word_1_349' title='bbox 1897 2440 2303 2498; x_wconf 86' lang='lat' dir='ltr'><strong>abominatione</strong></span> <span class='ocrx_word' id='word_1_350' title='bbox 2334 2442 2689 2502; x_wconf 81' lang='lat' dir='ltr'><strong>desolationis</strong></span> <span class='ocrx_word' id='word_1_351' title='bbox 2724 2450 2777 2519; x_wconf 88' lang='grc' dir='ltr'>(ο</span> <span class='ocrx_word' id='word_1_352' title='bbox 2808 2460 2982 2505; x_wconf 86' lang='lat' dir='ltr'><strong>meam</strong></span> <span class='ocrx_word' id='word_1_353' title='bbox 3018 2453 3416 2508; x_wconf 82' lang='lat' dir='ltr'><strong>calamitatem!</strong></span> <span class='ocrx_word' id='word_1_354' title='bbox 3445 2455 3463 2524; x_wconf 98' lang='lat'><strong>)</strong></span> 
     </span>
    </p>
   </div>
   <div class='ocr_carea' id='block_1_50' title="bbox 1898 2524 3465 2619">
    <p class='ocr_par' dir='ltr' id='par_1_50' title="bbox 1898 2524 3465 2619">
     <span class='ocr_line' id='line_1_50' title="bbox 1898 2524 3465 2619; baseline 0.01 -34"><span class='ocrx_word' id='word_1_355' title='bbox 1898 2530 2223 2588; x_wconf 89' lang='lat' dir='ltr'><strong>debacchari</strong></span> <span class='ocrx_word' id='word_1_356' title='bbox 2255 2549 2364 2590; x_wconf 92' lang='lat' dir='ltr'><strong>non</strong></span> <span class='ocrx_word' id='word_1_357' title='bbox 2393 2524 2814 2596; x_wconf 68' lang='lat' dir='ltr'><strong>exhorruerunt.</strong></span> <span class='ocrx_word' id='word_1_358' title='bbox 2854 2542 2935 2597; x_wconf 84' lang='lat' dir='ltr'><strong>Ad</strong></span> <span class='ocrx_word' id='word_1_359' title='bbox 2967 2543 3080 2598; x_wconf 67' lang='lat' dir='ltr'><strong>haec</strong></span> <span class='ocrx_word' id='word_1_360' title='bbox 3108 2560 3239 2600; x_wconf 89' lang='lat' dir='ltr'><strong>vero</strong></span> <span class='ocrx_word' id='word_1_361' title='bbox 3265 2546 3465 2619; x_wconf 72' lang='lat' dir='ltr'><strong>similia</strong></span> 
     </span>
    </p>
   </div>
   <div class='ocr_carea' id='block_1_51' title="bbox 1898 2629 3466 2697">
    <p class='ocr_par' dir='ltr' id='par_1_51' title="bbox 1898 2629 3466 2697">
     <span class='ocr_line' id='line_1_51' title="bbox 1898 2629 3466 2697; baseline 0.01 -21"><span class='ocrx_word' id='word_1_362' title='bbox 1898 2632 2282 2692; x_wconf 85' lang='lat' dir='ltr'><strong>perpetrarunt</strong></span> <span class='ocrx_word' id='word_1_363' title='bbox 2331 2631 2387 2680; x_wconf 83' lang='lat' dir='ltr'><strong>in</strong></span> <span class='ocrx_word' id='word_1_364' title='bbox 2461 2629 2807 2697; x_wconf 85' lang='lat' dir='ltr'><strong>purissimam</strong></span> <span class='ocrx_word' id='word_1_365' title='bbox 2873 2632 3157 2689; x_wconf 88' lang='lat' dir='ltr'><strong>Dominam</strong></span> <span class='ocrx_word' id='word_1_366' title='bbox 3217 2646 3466 2693; x_wconf 87' lang='lat' dir='ltr'><strong>nostram</strong></span> 
     </span>
    </p>
   </div>
   <div class='ocr_carea' id='block_1_52' title="bbox 1902 2718 3472 2786">
    <p class='ocr_par' dir='ltr' id='par_1_52' title="bbox 1902 2718 3472 2786">
     <span class='ocr_line' id='line_1_52' title="bbox 1902 2718 3472 2786; baseline 0.008 -14"><span class='ocrx_word' id='word_1_367' title='bbox 1902 2718 2211 2786; x_wconf 86' lang='lat' dir='ltr'><strong>Deiparam,</strong></span> <span class='ocrx_word' id='word_1_368' title='bbox 2256 2735 2467 2775; x_wconf 89' lang='lat' dir='ltr'><strong>necnon</strong></span> <span class='ocrx_word' id='word_1_369' title='bbox 2492 2721 2553 2775; x_wconf 85' lang='lat' dir='ltr'><strong>in</strong></span> <span class='ocrx_word' id='word_1_370' title='bbox 2599 2724 2841 2779; x_wconf 75' lang='lat' dir='ltr'><strong>divinam</strong></span> <span class='ocrx_word' id='word_1_371' title='bbox 2882 2735 2938 2781; x_wconf 90' lang='lat' dir='ltr'><strong>et</strong></span> <span class='ocrx_word' id='word_1_372' title='bbox 2974 2728 3237 2784; x_wconf 76' lang='lat' dir='ltr'><strong>vivificam</strong></span> <span class='ocrx_word' id='word_1_373' title='bbox 3289 2731 3472 2785; x_wconf 88' lang='lat' dir='ltr'><strong>crucis</strong></span> 
     </span>
    </p>
   </div>
   <div class='ocr_carea' id='block_1_53' title="bbox 1901 2810 3470 2882">
    <p class='ocr_par' dir='ltr' id='par_1_53' title="bbox 1901 2810 3470 2882">
     <span class='ocr_line' id='line_1_53' title="bbox 1901 2810 3470 2882; baseline 0.01 -19"><span class='ocrx_word' id='word_1_374' title='bbox 1901 2810 2215 2882; x_wconf 78' lang='lat' dir='ltr'><strong>imaginem.</strong></span> <span class='ocrx_word' id='word_1_375' title='bbox 2248 2811 2427 2879; x_wconf 87' lang='lat' dir='ltr'><strong>Quare</strong></span> <span class='ocrx_word' id='word_1_376' title='bbox 2459 2830 2523 2870; x_wconf 82' lang='lat' dir='ltr'><strong>ex</strong></span> <span class='ocrx_word' id='word_1_377' title='bbox 2555 2816 2647 2871; x_wconf 88' lang='lat' dir='ltr'><strong>Dei</strong></span> <span class='ocrx_word' id='word_1_378' title='bbox 2680 2818 3003 2874; x_wconf 87' lang='lat' dir='ltr'><strong>auctoritate</strong></span> <span class='ocrx_word' id='word_1_379' title='bbox 3035 2823 3322 2879; x_wconf 84' lang='lat' dir='ltr'><strong>universos</strong></span> <span class='ocrx_word' id='word_1_380' title='bbox 3354 2823 3470 2879; x_wconf 65' lang='lat' dir='ltr'><strong>ha-</strong></span> 
     </span>
    </p>
   </div>
   <div class='ocr_carea' id='block_1_54' title="bbox 216 2904 1792 2991">
    <p class='ocr_par' dir='ltr' id='par_1_54' title="bbox 216 2912 1792 2987">
     <span class='ocr_line' id='line_1_54' title="bbox 216 2912 1792 2987; baseline 0.003 -20"><span class='ocrx_word' id='word_1_381' title='bbox 216 2912 322 2967; x_wconf 79' lang='grc' dir='ltr'>καὶ</span> <span class='ocrx_word' id='word_1_382' title='bbox 368 2912 948 2983; x_wconf 80' lang='grc' dir='ltr'>χριστιανοκατηγόρῳ</span> <span class='ocrx_word' id='word_1_383' title='bbox 1000 2913 1189 2980; x_wconf 76' lang='grc' dir='ltr'>παντὶ,</span> <span class='ocrx_word' id='word_1_384' title='bbox 1229 2913 1308 2984; x_wconf 83' lang='grc' dir='ltr'>τῷ</span> <span class='ocrx_word' id='word_1_385' title='bbox 1367 2914 1443 2986; x_wconf 77' lang='grc' dir='ltr'><strong>μή</strong></span> <span class='ocrx_word' id='word_1_386' title='bbox 1497 2917 1792 2987; x_wconf 80' lang='grc' dir='ltr'>ἀξιοχρέως</span> 
     </span>
    </p>
   </div>
   <div class='ocr_carea' id='block_1_55' title="bbox 1899 2904 3470 2991">
    <p class='ocr_par' dir='ltr' id='par_1_55' title="bbox 1904 2904 3470 2991">
     <span class='ocr_line' id='line_1_55' title="bbox 1904 2904 3470 2991; baseline 0.008 -33"><span class='ocrx_word' id='word_1_387' title='bbox 1904 2905 2102 2959; x_wconf 87' lang='lat' dir='ltr'><strong>reticos</strong></span> <span class='ocrx_word' id='word_1_388' title='bbox 2133 2904 2255 2960; x_wconf 91' lang='lat' dir='ltr'><strong>illos</strong></span> <span class='ocrx_word' id='word_1_389' title='bbox 2292 2907 2578 2963; x_wconf 85' lang='lat' dir='ltr'><strong>anathema</strong></span> <span class='ocrx_word' id='word_1_390' title='bbox 2608 2924 2728 2965; x_wconf 83' lang='lat' dir='ltr'><strong>esse</strong></span> <span class='ocrx_word' id='word_1_391' title='bbox 2762 2926 2791 2966; x_wconf 89' lang='lat' dir='ltr'><strong>a</strong></span> <span class='ocrx_word' id='word_1_392' title='bbox 2828 2914 2935 2968; x_wconf 90' lang='lat' dir='ltr'><strong>Deo</strong></span> <span class='ocrx_word' id='word_1_393' title='bbox 2955 2915 3331 2991; x_wconf 69' lang='lat' dir='ltr'><strong>qmriipotente</strong></span> <span class='ocrx_word' id='word_1_394' title='bbox 3361 2917 3470 2972; x_wconf 81' lang='lat' dir='ltr'><strong>alta</strong></span> 
     </span>
    </p>
   </div>
   <div class='ocr_carea' id='block_1_56' title="bbox 221 2997 1792 3080">
    <p class='ocr_par' dir='ltr' id='par_1_56' title="bbox 221 3004 1792 3080">
     <span class='ocr_line' id='line_1_56' title="bbox 221 3004 1792 3080; baseline -0.003 -19"><span class='ocrx_word' id='word_1_395' title='bbox 221 3007 650 3077; x_wconf 86' lang='grc' dir='ltr'>μετανοήσαντι.</span> <span class='ocrx_word' id='word_1_396' title='bbox 685 3005 787 3059; x_wconf 83' lang='grc' dir='ltr'>Διά</span> <span class='ocrx_word' id='word_1_397' title='bbox 814 3004 988 3060; x_wconf 87' lang='grc' dir='ltr'>ταῦτα</span> <span class='ocrx_word' id='word_1_398' title='bbox 1032 3006 1126 3059; x_wconf 71' lang='grc' dir='ltr'>καὶ</span> <span class='ocrx_word' id='word_1_399' title='bbox 1156 3009 1258 3075; x_wconf 85' lang='grc' dir='ltr'>τῆς</span> <span class='ocrx_word' id='word_1_400' title='bbox 1291 3007 1450 3078; x_wconf 86' lang='grc' dir='ltr'>ήμῶν</span> <span class='ocrx_word' id='word_1_401' title='bbox 1479 3009 1557 3079; x_wconf 86' lang='lat' dir='ltr'><strong>(l)</strong></span> <span class='ocrx_word' id='word_1_402' title='bbox 1588 3009 1792 3080; x_wconf 83' lang='grc' dir='ltr'>ίερότη.</span> 
     </span>
    </p>
   </div>
   <div class='ocr_carea' id='block_1_57' title="bbox 1899 2997 3474 3080">
    <p class='ocr_par' dir='ltr' id='par_1_57' title="bbox 1904 2997 3474 3065">
     <span class='ocr_line' id='line_1_57' title="bbox 1904 2997 3474 3065; baseline 0.008 -13"><span class='ocrx_word' id='word_1_403' title='bbox 1904 3011 2035 3052; x_wconf 85' lang='lat' dir='ltr'><strong>voce</strong></span> <span class='ocrx_word' id='word_1_404' title='bbox 2069 2997 2217 3062; x_wconf 92' lang='lat' dir='ltr'><strong>dico,</strong></span> <span class='ocrx_word' id='word_1_405' title='bbox 2260 3014 2473 3055; x_wconf 91' lang='lat' dir='ltr'><strong>necnon</strong></span> <span class='ocrx_word' id='word_1_406' title='bbox 2524 3017 2714 3059; x_wconf 89' lang='lat' dir='ltr'><strong>omnes</strong></span> <span class='ocrx_word' id='word_1_407' title='bbox 2762 3004 3200 3062; x_wconf 88' lang='lat' dir='ltr'><strong>Christianorum</strong></span> <span class='ocrx_word' id='word_1_408' title='bbox 3248 3024 3474 3065; x_wconf 84' lang='lat' dir='ltr'><strong>accusa-</strong></span> 
     </span>
    </p>
   </div>
   <div class='ocr_carea' id='block_1_58' title="bbox 212 3087 1792 3168">
    <p class='ocr_par' dir='ltr' id='par_1_58' title="bbox 212 3096 1792 3168">
     <span class='ocr_line' id='line_1_58' title="bbox 212 3096 1792 3168; baseline 0.001 -16"><span class='ocrx_word' id='word_1_409' title='bbox 212 3116 311 3162; x_wconf 79' lang='grc' dir='ltr'><strong>τος</strong></span> <span class='ocrx_word' id='word_1_410' title='bbox 337 3099 549 3168; x_wconf 78' lang='grc' dir='ltr'>δέομαι,</span> <span class='ocrx_word' id='word_1_411' title='bbox 588 3099 662 3168; x_wconf 84' lang='grc' dir='ltr'>μὴ</span> <span class='ocrx_word' id='word_1_412' title='bbox 692 3096 827 3167; x_wconf 77' lang='grc' dir='ltr'>πρὸς</span> <span class='ocrx_word' id='word_1_413' title='bbox 878 3097 1219 3168; x_wconf 75' lang='grc' dir='ltr'>ὲμποδισμδν</span> <span class='ocrx_word' id='word_1_414' title='bbox 1250 3099 1507 3168; x_wconf 72' lang='grc' dir='ltr'>ἐνστῆναι</span> <span class='ocrx_word' id='word_1_415' title='bbox 1558 3117 1684 3155; x_wconf 84' lang='grc' dir='ltr'>τινα</span> <span class='ocrx_word' id='word_1_416' title='bbox 1731 3100 1792 3154; x_wconf 62' lang='grc' dir='ltr'><strong>δι’</strong></span> 
     </span>
    </p>
   </div>
   <div class='ocr_carea' id='block_1_59' title="bbox 1899 3087 3472 3168">
    <p class='ocr_par' dir='ltr' id='par_1_59' title="bbox 1906 3087 3472 3166">
     <span class='ocr_line' id='line_1_59' title="bbox 1906 3087 3472 3166; baseline 0.011 -28"><span class='ocrx_word' id='word_1_417' title='bbox 1906 3094 2072 3150; x_wconf 87' lang='lat' dir='ltr'><strong>tores,</strong></span> <span class='ocrx_word' id='word_1_418' title='bbox 2101 3087 2206 3140; x_wconf 92' lang='lat' dir='ltr'><strong>nisi</strong></span> <span class='ocrx_word' id='word_1_419' title='bbox 2238 3089 2615 3158; x_wconf 80' lang='lat' dir='ltr'><strong>pmnitentiam</strong></span> <span class='ocrx_word' id='word_1_420' title='bbox 2668 3094 2902 3164; x_wconf 79' lang='lat' dir='ltr'><strong>egerint.</strong></span> <span class='ocrx_word' id='word_1_421' title='bbox 2936 3096 3231 3166; x_wconf 86' lang='lat' dir='ltr'><strong>Pr0pterea</strong></span> <span class='ocrx_word' id='word_1_422' title='bbox 3287 3113 3355 3155; x_wconf 89' lang='lat' dir='ltr'><strong>ne</strong></span> <span class='ocrx_word' id='word_1_423' title='bbox 3416 3100 3472 3155; x_wconf 91' lang='lat' dir='ltr'><strong>in</strong></span> 
     </span>
    </p>
   </div>
   <div class='ocr_carea' id='block_1_60' title="bbox 215 3177 1792 3263">
    <p class='ocr_par' dir='ltr' id='par_1_60' title="bbox 215 3188 1792 3263">
     <span class='ocr_line' id='line_1_60' title="bbox 215 3188 1792 3263; baseline 0.001 -17"><span class='ocrx_word' id='word_1_424' title='bbox 215 3191 391 3246; x_wconf 75' lang='grc' dir='ltr'>αὐτὸν</span> <span class='ocrx_word' id='word_1_425' title='bbox 413 3191 504 3244; x_wconf 79' lang='grc' dir='ltr'>τὸν</span> <span class='ocrx_word' id='word_1_426' title='bbox 543 3188 803 3261; x_wconf 76' lang='grc' dir='ltr'>Χριστόν.</span> <span class='ocrx_word' id='word_1_427' title='bbox 830 3189 957 3244; x_wconf 76' lang='grc' dir='ltr'>ὀτι</span> <span class='ocrx_word' id='word_1_428' title='bbox 994 3190 1135 3261; x_wconf 75' lang='grc' dir='ltr'>μηδὲ</span> <span class='ocrx_word' id='word_1_429' title='bbox 1168 3191 1395 3246; x_wconf 74' lang='grc' dir='ltr'>δυνατὸν</span> <span class='ocrx_word' id='word_1_430' title='bbox 1426 3192 1557 3246; x_wconf 80' lang='grc' dir='ltr'>ἄλλο</span> <span class='ocrx_word' id='word_1_431' title='bbox 1582 3208 1639 3247; x_wconf 85' lang='grc' dir='ltr'><strong>τι</strong></span> <span class='ocrx_word' id='word_1_432' title='bbox 1671 3210 1792 3263; x_wconf 79' lang='grc' dir='ltr'>φρο-</span> 
     </span>
    </p>
   </div>
   <div class='ocr_carea' id='block_1_61' title="bbox 1899 3177 3474 3263">
    <p class='ocr_par' dir='ltr' id='par_1_61' title="bbox 1904 3177 3474 3262">
     <span class='ocr_line' id='line_1_61' title="bbox 1904 3177 3474 3262; baseline 0.009 -30"><span class='ocrx_word' id='word_1_433' title='bbox 1904 3177 2078 3248; x_wconf 87' lang='lat' dir='ltr'><strong>ipsius</strong></span> <span class='ocrx_word' id='word_1_434' title='bbox 2093 3179 2294 3235; x_wconf 89' lang='lat' dir='ltr'><strong>Christi</strong></span> <span class='ocrx_word' id='word_1_435' title='bbox 2318 3197 2481 3237; x_wconf 87' lang='lat' dir='ltr'><strong>causa</strong></span> <span class='ocrx_word' id='word_1_436' title='bbox 2503 3182 2716 3239; x_wconf 88' lang='lat' dir='ltr'><strong>obicem</strong></span> <span class='ocrx_word' id='word_1_437' title='bbox 2740 3186 3050 3257; x_wconf 85' lang='lat' dir='ltr'><strong>quempiam</strong></span> <span class='ocrx_word' id='word_1_438' title='bbox 3068 3189 3296 3244; x_wconf 67' lang='lat' dir='ltr'><strong>aderant</strong></span> <span class='ocrx_word' id='word_1_439' title='bbox 3312 3210 3327 3258; x_wconf 72' lang='grc' dir='ltr'>ε</span> <span class='ocrx_word' id='word_1_440' title='bbox 3345 3191 3474 3262; x_wconf 88' lang='lat' dir='ltr'><strong>quia</strong></span> 
     </span>
    </p>
   </div>
   <div class='ocr_carea' id='block_1_62' title="bbox 215 3241 1792 3356">
    <p class='ocr_par' dir='ltr' id='par_1_62' title="bbox 215 3241 1792 3356">
     <span class='ocr_line' id='line_1_62' title="bbox 215 3241 1792 3356; baseline 0.026 -52"><span class='ocrx_word' id='word_1_441' title='bbox 215 3241 390 3351; x_wconf 31' lang='grc' dir='ltr'>ὥς,</span> <span class='ocrx_word' id='word_1_442' title='bbox 417 3241 623 3351; x_wconf 43' lang='grc' dir='ltr'>ωδε,</span> <span class='ocrx_word' id='word_1_443' title='bbox 650 3241 824 3351; x_wconf 51' lang='lat' dir='ltr'><strong>mg,</strong></span> <span class='ocrx_word' id='word_1_444' title='bbox 856 3241 1383 3350; x_wconf 38' lang='lat' dir='ltr'><strong>agitasse;</strong></span> <span class='ocrx_word' id='word_1_445' title='bbox 1405 3241 1618 3337; x_wconf 55' lang='grc' dir='ltr'><strong>δξζῼαι</strong></span> <span class='ocrx_word' id='word_1_446' title='bbox 1645 3241 1792 3356; x_wconf 46' lang='lat' dir='ltr'><strong>ﬁt,qu</strong></span> 
     </span>
    </p>
   </div>
   <div class='ocr_carea' id='block_1_63' title="bbox 1899 3241 3477 3356">
    <p class='ocr_par' dir='ltr' id='par_1_63' title="bbox 1921 3241 3477 3351">
     <span class='ocr_line' id='line_1_63' title="bbox 1921 3241 3477 3351; baseline 0.008 -27"><span class='ocrx_word' id='word_1_447' title='bbox 1921 3270 2038 3325; x_wconf 81' lang='lat' dir='ltr'><strong>ﬁeri</strong></span> <span class='ocrx_word' id='word_1_448' title='bbox 2084 3271 2276 3339; x_wconf 89' lang='lat' dir='ltr'><strong>nequit</strong></span> <span class='ocrx_word' id='word_1_449' title='bbox 2306 3280 2367 3326; x_wconf 90' lang='lat' dir='ltr'><strong>ut</strong></span> <span class='ocrx_word' id='word_1_450' title='bbox 2402 3273 2504 3328; x_wconf 91' lang='lat' dir='ltr'><strong>alia</strong></span> <span class='ocrx_word' id='word_1_451' title='bbox 2529 3274 2639 3344; x_wconf 83' lang='lat' dir='ltr'><strong>jam</strong></span> <span class='ocrx_word' id='word_1_452' title='bbox 2688 3241 3011 3343; x_wconf 70' lang='lat' dir='ltr'><strong>sentiamus,</strong></span> <span class='ocrx_word' id='word_1_453' title='bbox 3049 3280 3316 3351; x_wconf 82' lang='lat' dir='ltr'><strong>quidquid</strong></span> <span class='ocrx_word' id='word_1_454' title='bbox 3349 3241 3477 3337; x_wconf 51' lang='lat' dir='ltr'><strong>Ian-</strong></span> 
     </span>
    </p>
   </div>
   <div class='ocr_carea' id='block_1_64' title="bbox 218 3360 1792 3449">
    <p class='ocr_par' dir='ltr' id='par_1_64' title="bbox 218 3372 1792 3449">
     <span class='ocr_line' id='line_1_64' title="bbox 218 3372 1792 3449; baseline 0.003 -22"><span class='ocrx_word' id='word_1_455' title='bbox 218 3372 323 3427; x_wconf 80' lang='grc' dir='ltr'>καὶ</span> <span class='ocrx_word' id='word_1_456' title='bbox 370 3372 627 3444; x_wconf 74' lang='grc' dir='ltr'>ἀσθενείᾳ</span> <span class='ocrx_word' id='word_1_457' title='bbox 663 3373 1163 3443; x_wconf 80' lang='grc' dir='ltr'>ταλαιπωροῦντες,</span> <span class='ocrx_word' id='word_1_458' title='bbox 1212 3374 1335 3428; x_wconf 73' lang='grc' dir='ltr'>οὐδὲ</span> <span class='ocrx_word' id='word_1_459' title='bbox 1379 3375 1508 3430; x_wconf 72' lang='grc' dir='ltr'>αὐτὸ</span> <span class='ocrx_word' id='word_1_460' title='bbox 1556 3376 1619 3430; x_wconf 77' lang='grc' dir='ltr'>τὸ</span> <span class='ocrx_word' id='word_1_461' title='bbox 1665 3379 1792 3449; x_wconf 84' lang='grc' dir='ltr'>ὀρᾷν</span> 
     </span>
    </p>
   </div>
   <div class='ocr_carea' id='block_1_65' title="bbox 1899 3360 3474 3449">
    <p class='ocr_par' dir='ltr' id='par_1_65' title="bbox 1905 3360 3474 3430">
     <span class='ocr_line' id='line_1_65' title="bbox 1905 3360 3474 3430; baseline 0.009 -14"><span class='ocrx_word' id='word_1_462' title='bbox 1905 3360 2028 3417; x_wconf 90' lang='lat' dir='ltr'><strong>dem</strong></span> <span class='ocrx_word' id='word_1_463' title='bbox 2059 3364 2274 3417; x_wconf 84' lang='lat' dir='ltr'><strong>eveniat</strong></span> <span class='ocrx_word' id='word_1_464' title='bbox 2309 3379 2323 3417; x_wconf 89' lang='lat'><strong>:</strong></span> <span class='ocrx_word' id='word_1_465' title='bbox 2361 3379 2485 3418; x_wconf 90' lang='lat' dir='ltr'><strong>nam</strong></span> <span class='ocrx_word' id='word_1_466' title='bbox 2517 3377 2798 3424; x_wconf 90' lang='lat' dir='ltr'><strong>senectute</strong></span> <span class='ocrx_word' id='word_1_467' title='bbox 2830 3379 2886 3425; x_wconf 90' lang='lat' dir='ltr'><strong>et</strong></span> <span class='ocrx_word' id='word_1_468' title='bbox 2926 3370 3241 3428; x_wconf 76' lang='lat' dir='ltr'><strong>infirmitate</strong></span> <span class='ocrx_word' id='word_1_469' title='bbox 3273 3374 3474 3430; x_wconf 80' lang='lat' dir='ltr'><strong>debili-</strong></span> 
     </span>
    </p>
   </div>
   <div class='ocr_carea' id='block_1_66' title="bbox 213 3464 1806 3540">
    <p class='ocr_par' dir='ltr' id='par_1_66' title="bbox 213 3464 1806 3540">
     <span class='ocr_line' id='line_1_66' title="bbox 213 3464 1806 3540; baseline 0.004 -23"><span class='ocrx_word' id='word_1_470' title='bbox 213 3464 443 3535; x_wconf 73' lang='grc' dir='ltr'>εχομεν.</span> <span class='ocrx_word' id='word_1_471' title='bbox 481 3464 640 3518; x_wconf 76' lang='grc' dir='ltr'>Ἀλλὰ</span> <span class='ocrx_word' id='word_1_472' title='bbox 660 3464 776 3536; x_wconf 80' lang='lat' dir='ltr'><strong>(sic)</strong></span> <span class='ocrx_word' id='word_1_473' title='bbox 811 3467 1056 3535; x_wconf 80' lang='grc' dir='ltr'>πρόσιτε,</span> <span class='ocrx_word' id='word_1_474' title='bbox 1086 3465 1242 3532; x_wconf 80' lang='grc' dir='ltr'>ἀξιῶ,</span> <span class='ocrx_word' id='word_1_475' title='bbox 1272 3466 1350 3537; x_wconf 84' lang='grc' dir='ltr'>τῷ</span> <span class='ocrx_word' id='word_1_476' title='bbox 1382 3467 1525 3540; x_wconf 82' lang='grc' dir='ltr'>ἁγίῳ</span> <span class='ocrx_word' id='word_1_477' title='bbox 1554 3485 1657 3539; x_wconf 87' lang='grc' dir='ltr'><strong>μου</strong></span> <span class='ocrx_word' id='word_1_478' title='bbox 1703 3470 1806 3523; x_wconf 77' lang='grc' dir='ltr'>αύ-</span> 
     </span>
    </p>
   </div>
   <div class='ocr_carea' id='block_1_67' title="bbox 215 3557 1805 3632">
    <p class='ocr_par' dir='ltr' id='par_1_67' title="bbox 215 3557 1805 3632">
     <span class='ocr_line' id='line_1_67' title="bbox 215 3557 1805 3632; baseline 0.004 -21"><span class='ocrx_word' id='word_1_479' title='bbox 215 3558 544 3630; x_wconf 77' lang='grc' dir='ltr'>τοκράτορι,</span> <span class='ocrx_word' id='word_1_480' title='bbox 569 3557 959 3627; x_wconf 73' lang='grc' dir='ltr'>ἑκδυσωπῆσαι</span> <span class='ocrx_word' id='word_1_481' title='bbox 989 3559 1241 3612; x_wconf 85' lang='grc' dir='ltr'>κάκεῖνον</span> <span class='ocrx_word' id='word_1_482' title='bbox 1273 3560 1416 3629; x_wconf 77' lang='grc' dir='ltr'>ὑπὲρ</span> <span class='ocrx_word' id='word_1_483' title='bbox 1442 3562 1611 3632; x_wconf 73' lang='grc' dir='ltr'>ἐμοῦ,</span> <span class='ocrx_word' id='word_1_484' title='bbox 1641 3562 1805 3617; x_wconf 80' lang='grc' dir='ltr'>πλέον</span> 
     </span>
    </p>
   </div>
   <div class='ocr_carea' id='block_1_68' title="bbox 219 3650 1805 3723">
    <p class='ocr_par' dir='ltr' id='par_1_68' title="bbox 219 3650 1805 3723">
     <span class='ocr_line' id='line_1_68' title="bbox 219 3650 1805 3723; baseline 0.002 -17"><span class='ocrx_word' id='word_1_485' title='bbox 219 3653 490 3706; x_wconf 76' lang='grc' dir='ltr'>ἁπάντων</span> <span class='ocrx_word' id='word_1_486' title='bbox 540 3650 639 3717; x_wconf 80' lang='grc' dir='ltr'>τῆς</span> <span class='ocrx_word' id='word_1_487' title='bbox 678 3650 1007 3720; x_wconf 84' lang='grc' dir='ltr'>Ἐκκλησίας</span> <span class='ocrx_word' id='word_1_488' title='bbox 1051 3651 1152 3723; x_wconf 80' lang='grc' dir='ltr'>τὴν</span> <span class='ocrx_word' id='word_1_489' title='bbox 1200 3653 1475 3723; x_wconf 72' lang='grc' dir='ltr'>μέριμναν</span> <span class='ocrx_word' id='word_1_490' title='bbox 1526 3653 1805 3723; x_wconf 72' lang='grc' dir='ltr'>τρέφοντι,</span> 
     </span>
    </p>
   </div>
   <div class='ocr_carea' id='block_1_69' title="bbox 223 3742 1803 3817">
    <p class='ocr_par' dir='ltr' id='par_1_69' title="bbox 223 3742 1803 3817">
     <span class='ocr_line' id='line_1_69' title="bbox 223 3742 1803 3817; baseline 0.002 -19"><span class='ocrx_word' id='word_1_491' title='bbox 223 3745 555 3811; x_wconf 79' lang='grc' dir='ltr'>συγκροτεῖν</span> <span class='ocrx_word' id='word_1_492' title='bbox 572 3742 910 3807; x_wconf 80' lang='grc' dir='ltr'>ἐξαιτοῦντες</span> <span class='ocrx_word' id='word_1_493' title='bbox 935 3745 1030 3799; x_wconf 71' lang='grc' dir='ltr'>καὶ</span> <span class='ocrx_word' id='word_1_494' title='bbox 1047 3745 1360 3817; x_wconf 80' lang='grc' dir='ltr'>συντρέχειν</span> <span class='ocrx_word' id='word_1_495' title='bbox 1389 3746 1419 3800; x_wconf 79' lang='grc' dir='ltr'><strong>ὑ</strong></span> <span class='ocrx_word' id='word_1_496' title='bbox 1427 3749 1517 3816; x_wconf 83' lang='grc' dir='ltr'><strong>μίν</strong></span> <span class='ocrx_word' id='word_1_497' title='bbox 1536 3748 1597 3803; x_wconf 68' lang='grc' dir='ltr'><strong>ἰν</strong></span> <span class='ocrx_word' id='word_1_498' title='bbox 1615 3749 1803 3814; x_wconf 75' lang='grc' dir='ltr'>παντὶ,</span> 
     </span>
    </p>
   </div>
   <div class='ocr_carea' id='block_1_70' title="bbox 223 3834 1799 3911">
    <p class='ocr_par' dir='ltr' id='par_1_70' title="bbox 223 3834 1799 3911">
     <span class='ocr_line' id='line_1_70' title="bbox 223 3834 1799 3911; baseline 0.003 -21"><span class='ocrx_word' id='word_1_499' title='bbox 223 3838 325 3890; x_wconf 72' lang='grc' dir='ltr'>καὶ</span> <span class='ocrx_word' id='word_1_500' title='bbox 363 3835 565 3906; x_wconf 81' lang='grc' dir='ltr'>μᾶλλον</span> <span class='ocrx_word' id='word_1_501' title='bbox 588 3836 669 3899; x_wconf 87' lang='grc' dir='ltr'><strong>είς</strong></span> <span class='ocrx_word' id='word_1_502' title='bbox 717 3834 946 3906; x_wconf 68' lang='grc' dir='ltr'>ἐρεύνης</span> <span class='ocrx_word' id='word_1_503' title='bbox 991 3838 1375 3909; x_wconf 79' lang='grc' dir='ltr'>πνευματικῆς</span> <span class='ocrx_word' id='word_1_504' title='bbox 1418 3837 1760 3911; x_wconf 76' lang='grc' dir='ltr'>ἀναζήτησιν</span> <span class='ocrx_word' id='word_1_505' title='bbox 1786 3852 1799 3869; x_wconf 80' lang='grc'><strong><em>⁸</em></strong></span> 
     </span>
    </p>
   </div>
   <div class='ocr_carea' id='block_1_71' title="bbox 221 3926 1806 4001">
    <p class='ocr_par' dir='ltr' id='par_1_71' title="bbox 221 3926 1806 4001">
     <span class='ocr_line' id='line_1_71' title="bbox 221 3926 1806 4001; baseline 0.002 -19"><span class='ocrx_word' id='word_1_506' title='bbox 221 3928 305 3992; x_wconf 79' lang='grc' dir='ltr'><strong>ὡς</strong></span> <span class='ocrx_word' id='word_1_507' title='bbox 339 3926 409 3982; x_wconf 80' lang='grc' dir='ltr'>ἂν</span> <span class='ocrx_word' id='word_1_508' title='bbox 440 3926 532 3982; x_wconf 86' lang='grc' dir='ltr'>τὸν</span> <span class='ocrx_word' id='word_1_509' title='bbox 582 3927 844 3997; x_wconf 79' lang='grc' dir='ltr'>ἁρμόδιον</span> <span class='ocrx_word' id='word_1_510' title='bbox 891 3929 1012 3994; x_wconf 83' lang='grc' dir='ltr'>ταῖς</span> <span class='ocrx_word' id='word_1_511' title='bbox 1045 3928 1342 4001; x_wconf 77' lang='grc' dir='ltr'>ὑμετέραις</span> <span class='ocrx_word' id='word_1_512' title='bbox 1398 3930 1593 4001; x_wconf 79' lang='grc' dir='ltr'>εὐχαῖς</span> <span class='ocrx_word' id='word_1_513' title='bbox 1637 3949 1806 3985; x_wconf 89' lang='grc' dir='ltr'>κατα-</span> 
     </span>
    </p>
   </div>
   <div class='ocr_carea' id='block_1_72' title="bbox 218 4019 1800 4095">
    <p class='ocr_par' dir='ltr' id='par_1_72' title="bbox 218 4019 1800 4095">
     <span class='ocr_line' id='line_1_72' title="bbox 218 4019 1800 4095; baseline 0.001 -20"><span class='ocrx_word' id='word_1_514' title='bbox 218 4021 445 4092; x_wconf 67' lang='grc' dir='ltr'>πέμψοι</span> <span class='ocrx_word' id='word_1_515' title='bbox 480 4021 548 4092; x_wconf 80' lang='grc' dir='ltr'><strong>τῇ</strong></span> <span class='ocrx_word' id='word_1_516' title='bbox 605 4019 812 4093; x_wconf 81' lang='grc' dir='ltr'>ποίμνῃ</span> <span class='ocrx_word' id='word_1_517' title='bbox 862 4020 1099 4092; x_wconf 81' lang='grc' dir='ltr'>Χριστὸς</span> <span class='ocrx_word' id='word_1_518' title='bbox 1151 4022 1230 4084; x_wconf 82' lang='grc' dir='ltr'><strong>είς</strong></span> <span class='ocrx_word' id='word_1_519' title='bbox 1284 4022 1576 4093; x_wconf 76' lang='grc' dir='ltr'>ἐπίσκεψιν</span> <span class='ocrx_word' id='word_1_520' title='bbox 1608 4023 1800 4095; x_wconf 78' lang='grc' dir='ltr'>ίιρὲων</span> 
     </span>
    </p>
   </div>
   <div class='ocr_carea' id='block_1_73' title="bbox 215 4110 1806 4185">
    <p class='ocr_par' dir='ltr' id='par_1_73' title="bbox 215 4110 1806 4185">
     <span class='ocr_line' id='line_1_73' title="bbox 215 4110 1806 4185; baseline 0.001 -18"><span class='ocrx_word' id='word_1_521' title='bbox 215 4113 320 4167; x_wconf 76' lang='grc' dir='ltr'>καὶ</span> <span class='ocrx_word' id='word_1_522' title='bbox 360 4110 730 4183; x_wconf 79' lang='grc' dir='ltr'>μοναζόντων,</span> <span class='ocrx_word' id='word_1_523' title='bbox 778 4112 876 4166; x_wconf 78' lang='grc' dir='ltr'>καὶ</span> <span class='ocrx_word' id='word_1_524' title='bbox 903 4111 1033 4166; x_wconf 86' lang='grc' dir='ltr'>λαοῦ</span> <span class='ocrx_word' id='word_1_525' title='bbox 1089 4112 1484 4184; x_wconf 82' lang='grc' dir='ltr'>Χριστωνόμου</span> <span class='ocrx_word' id='word_1_526' title='bbox 1532 4112 1628 4169; x_wconf 85' lang='grc' dir='ltr'><strong>τοῦ</strong></span> <span class='ocrx_word' id='word_1_527' title='bbox 1666 4114 1806 4185; x_wconf 85' lang='grc' dir='ltr'>σύμ-</span> 
     </span>
    </p>
   </div>
   <div class='ocr_carea' id='block_1_74' title="bbox 212 4204 1808 4279">
    <p class='ocr_par' dir='ltr' id='par_1_74' title="bbox 212 4204 1808 4279">
     <span class='ocr_line' id='line_1_74' title="bbox 212 4204 1808 4279; baseline 0.001 -18"><span class='ocrx_word' id='word_1_528' title='bbox 212 4222 454 4269; x_wconf 74' lang='grc' dir='ltr'>παντος.</span> <span class='ocrx_word' id='word_1_529' title='bbox 497 4205 638 4275; x_wconf 81' lang='grc' dir='ltr'>[Ιρδς</span> <span class='ocrx_word' id='word_1_530' title='bbox 690 4205 747 4259; x_wconf 67' lang='grc' dir='ltr'>δὲ</span> <span class='ocrx_word' id='word_1_531' title='bbox 779 4204 1018 4271; x_wconf 82' lang='grc' dir='ltr'>τούτοις,</span> <span class='ocrx_word' id='word_1_532' title='bbox 1066 4206 1191 4259; x_wconf 76' lang='grc' dir='ltr'>ἐπεὶ</span> <span class='ocrx_word' id='word_1_533' title='bbox 1247 4206 1339 4260; x_wconf 78' lang='grc' dir='ltr'>τὸν</span> <span class='ocrx_word' id='word_1_534' title='bbox 1372 4208 1432 4262; x_wconf 81' lang='grc' dir='ltr'><strong>ὲν</strong></span> <span class='ocrx_word' id='word_1_535' title='bbox 1468 4206 1623 4279; x_wconf 75' lang='grc' dir='ltr'>μέσῳ</span> <span class='ocrx_word' id='word_1_536' title='bbox 1658 4208 1808 4273; x_wconf 79' lang='grc' dir='ltr'>είκδς</span> 
     </span>
    </p>
   </div>
   <div class='ocr_carea' id='block_1_75' title="bbox 208 4291 1804 4377">
    <p class='ocr_par' dir='ltr' id='par_1_75' title="bbox 208 4291 1804 4377">
     <span class='ocr_line' id='line_1_75' title="bbox 208 4291 1804 4377; baseline 0 -28"><span class='ocrx_word' id='word_1_537' title='bbox 208 4294 625 4367; x_wconf 74' lang='grc' dir='ltr'>εὑρισκόμενον</span> <span class='ocrx_word' id='word_1_538' title='bbox 656 4291 732 4364; x_wconf 80' lang='grc' dir='ltr'>μὴ</span> <span class='ocrx_word' id='word_1_539' title='bbox 765 4292 955 4346; x_wconf 79' lang='grc' dir='ltr'>λυπεῖν</span> <span class='ocrx_word' id='word_1_540' title='bbox 994 4292 1092 4346; x_wconf 73' lang='grc' dir='ltr'>καὶ</span> <span class='ocrx_word' id='word_1_541' title='bbox 1128 4293 1419 4377; x_wconf 81' lang='grc' dir='ltr'>λυπεῖσθαι</span> <span class='ocrx_word' id='word_1_542' title='bbox 1444 4295 1596 4366; x_wconf 85' lang='grc' dir='ltr'>παρὰ</span> <span class='ocrx_word' id='word_1_543' title='bbox 1621 4296 1804 4364; x_wconf 86' lang='grc' dir='ltr'>τινῶν,</span> 
     </span>
    </p>
   </div>
   <div class='ocr_carea' id='block_1_76' title="bbox 206 4384 1803 4458">
    <p class='ocr_par' dir='ltr' id='par_1_76' title="bbox 206 4384 1803 4458">
     <span class='ocr_line' id='line_1_76' title="bbox 206 4384 1803 4458; baseline 0.001 -19"><span class='ocrx_word' id='word_1_544' title='bbox 206 4389 349 4447; x_wconf 78' lang='grc' dir='ltr'>τοὺς</span> <span class='ocrx_word' id='word_1_545' title='bbox 391 4385 742 4457; x_wconf 82' lang='grc' dir='ltr'>λυπήσαντας</span> <span class='ocrx_word' id='word_1_546' title='bbox 788 4384 1166 4455; x_wconf 78' lang='grc' dir='ltr'>ὁπωσδήποτε,</span> <span class='ocrx_word' id='word_1_547' title='bbox 1203 4384 1298 4438; x_wconf 78' lang='grc' dir='ltr'>καὶ</span> <span class='ocrx_word' id='word_1_548' title='bbox 1341 4385 1471 4449; x_wconf 80' lang='grc' dir='ltr'>τοὺς</span> <span class='ocrx_word' id='word_1_549' title='bbox 1523 4386 1803 4458; x_wconf 79' lang='grc' dir='ltr'>ύφ“ήμῶν</span> 
     </span>
    </p>
   </div>
   <div class='ocr_carea' id='block_1_77' title="bbox 207 4474 1804 4549">
    <p class='ocr_par' dir='ltr' id='par_1_77' title="bbox 207 4474 1804 4549">
     <span class='ocr_line' id='line_1_77' title="bbox 207 4474 1804 4549; baseline 0 -18"><span class='ocrx_word' id='word_1_550' title='bbox 207 4478 591 4548; x_wconf 73' lang='grc' dir='ltr'>λυπηθέντας,</span> <span class='ocrx_word' id='word_1_551' title='bbox 624 4477 1030 4547; x_wconf 82' lang='grc' dir='ltr'>συγχωρήσεως</span> <span class='ocrx_word' id='word_1_552' title='bbox 1059 4474 1285 4543; x_wconf 78' lang='grc' dir='ltr'>ἀξιώσει</span> <span class='ocrx_word' id='word_1_553' title='bbox 1314 4476 1392 4549; x_wconf 71' lang='lat'><strong>(2)</strong></span> <span class='ocrx_word' id='word_1_554' title='bbox 1423 4478 1520 4531; x_wconf 78' lang='grc' dir='ltr'>καὶ</span> <span class='ocrx_word' id='word_1_555' title='bbox 1559 4478 1804 4549; x_wconf 79' lang='grc' dir='ltr'>ἀμφοτὲ-</span> 
     </span>
    </p>
   </div>
   <div class='ocr_carea' id='block_1_78' title="bbox 1906 3455 3475 3532">
    <p class='ocr_par' dir='ltr' id='par_1_78' title="bbox 1906 3455 3475 3532">
     <span class='ocr_line' id='line_1_78' title="bbox 1906 3455 3475 3532; baseline 0.005 -21"><span class='ocrx_word' id='word_1_556' title='bbox 1906 3455 2023 3516; x_wconf 83' lang='lat' dir='ltr'><strong>tati.</strong></span> <span class='ocrx_word' id='word_1_557' title='bbox 2058 3471 2127 3511; x_wconf 90' lang='lat' dir='ltr'><strong>ne</strong></span> <span class='ocrx_word' id='word_1_558' title='bbox 2183 3456 2403 3522; x_wconf 89' lang='lat' dir='ltr'><strong>quidem</strong></span> <span class='ocrx_word' id='word_1_559' title='bbox 2443 3460 2727 3515; x_wconf 89' lang='lat' dir='ltr'><strong>oculorum</strong></span> <span class='ocrx_word' id='word_1_560' title='bbox 2779 3477 2937 3517; x_wconf 87' lang='lat' dir='ltr'><strong>usum</strong></span> <span class='ocrx_word' id='word_1_561' title='bbox 2998 3463 3283 3521; x_wconf 88' lang='lat' dir='ltr'><strong>habemus.</strong></span> <span class='ocrx_word' id='word_1_562' title='bbox 3343 3466 3475 3532; x_wconf 85' lang='lat' dir='ltr'><strong>Sed,</strong></span> 
     </span>
    </p>
   </div>
   <div class='ocr_carea' id='block_1_79' title="bbox 1907 3548 3478 3631">
    <p class='ocr_par' dir='ltr' id='par_1_79' title="bbox 1907 3548 3478 3631">
     <span class='ocr_line' id='line_1_79' title="bbox 1907 3548 3478 3631; baseline 0.008 -30"><span class='ocrx_word' id='word_1_563' title='bbox 1907 3562 2112 3617; x_wconf 66' lang='lat' dir='ltr'><strong>quaeso,</strong></span> <span class='ocrx_word' id='word_1_564' title='bbox 2138 3548 2522 3618; x_wconf 87' lang='lat' dir='ltr'><strong>imperatorem</strong></span> <span class='ocrx_word' id='word_1_565' title='bbox 2547 3566 2730 3608; x_wconf 90' lang='lat' dir='ltr'><strong>meum</strong></span> <span class='ocrx_word' id='word_1_566' title='bbox 2757 3550 3022 3621; x_wconf 33' lang='lat' dir='ltr'><strong>adite,&#39;ac</strong></span> <span class='ocrx_word' id='word_1_567' title='bbox 3051 3573 3150 3627; x_wconf 88' lang='lat' dir='ltr'><strong>pro</strong></span> <span class='ocrx_word' id='word_1_568' title='bbox 3177 3575 3262 3613; x_wconf 89' lang='lat' dir='ltr'><strong>me</strong></span> <span class='ocrx_word' id='word_1_569' title='bbox 3291 3569 3478 3631; x_wconf 78' lang='lat' dir='ltr'><strong>rogate</strong></span> 
     </span>
    </p>
   </div>
   <div class='ocr_carea' id='block_1_80' title="bbox 1906 3641 3478 3723">
    <p class='ocr_par' dir='ltr' id='par_1_80' title="bbox 1906 3641 3478 3723">
     <span class='ocr_line' id='line_1_80' title="bbox 1906 3641 3478 3723; baseline 0.008 -28"><span class='ocrx_word' id='word_1_570' title='bbox 1906 3655 2033 3695; x_wconf 86' lang='lat' dir='ltr'><strong>cum</strong></span> <span class='ocrx_word' id='word_1_571' title='bbox 2072 3641 2164 3710; x_wconf 90' lang='lat' dir='ltr'><strong>qui</strong></span> <span class='ocrx_word' id='word_1_572' title='bbox 2194 3643 2316 3713; x_wconf 87' lang='lat' dir='ltr'><strong>plus</strong></span> <span class='ocrx_word' id='word_1_573' title='bbox 2342 3644 2601 3700; x_wconf 87' lang='lat' dir='ltr'><strong>omnibus</strong></span> <span class='ocrx_word' id='word_1_574' title='bbox 2629 3645 2887 3703; x_wconf 78' lang='lat' dir='ltr'><strong>Ecclesia:</strong></span> <span class='ocrx_word' id='word_1_575' title='bbox 2921 3650 3348 3706; x_wconf 86' lang='lat' dir='ltr'><strong>sollicitudinem</strong></span> <span class='ocrx_word' id='word_1_576' title='bbox 3380 3668 3478 3723; x_wconf 74' lang='lat' dir='ltr'><strong>ge—</strong></span> 
     </span>
    </p>
   </div>
   <div class='ocr_carea' id='block_1_81' title="bbox 1906 3734 3475 3816">
    <p class='ocr_par' dir='ltr' id='par_1_81' title="bbox 1906 3734 3475 3816">
     <span class='ocr_line' id='line_1_81' title="bbox 1906 3734 3475 3816; baseline 0.009 -29"><span class='ocrx_word' id='word_1_577' title='bbox 1906 3734 1982 3789; x_wconf 89' lang='lat' dir='ltr'><strong>rit</strong></span> <span class='ocrx_word' id='word_1_578' title='bbox 2001 3743 2058 3790; x_wconf 85' lang='lat' dir='ltr'><strong>et</strong></span> <span class='ocrx_word' id='word_1_579' title='bbox 2086 3734 2255 3803; x_wconf 80' lang='lat' dir='ltr'><strong>fovet,</strong></span> <span class='ocrx_word' id='word_1_580' title='bbox 2284 3745 2347 3790; x_wconf 87' lang='lat' dir='ltr'><strong>ut</strong></span> <span class='ocrx_word' id='word_1_581' title='bbox 2372 3738 2651 3794; x_wconf 80' lang='lat' dir='ltr'><strong>vobiscum</strong></span> <span class='ocrx_word' id='word_1_582' title='bbox 2683 3750 2994 3803; x_wconf 86' lang='lat' dir='ltr'><strong>concurrat,</strong></span> <span class='ocrx_word' id='word_1_583' title='bbox 3032 3759 3129 3800; x_wconf 86' lang='lat' dir='ltr'><strong>vos</strong></span> <span class='ocrx_word' id='word_1_584' title='bbox 3172 3745 3392 3816; x_wconf 85' lang='lat' dir='ltr'><strong>adjuvet</strong></span> <span class='ocrx_word' id='word_1_585' title='bbox 3421 3748 3475 3801; x_wconf 90' lang='lat' dir='ltr'><strong>in</strong></span> 
     </span>
    </p>
   </div>
   <div class='ocr_carea' id='block_1_82' title="bbox 1906 3826 3476 3911">
    <p class='ocr_par' dir='ltr' id='par_1_82' title="bbox 1906 3826 3476 3911">
     <span class='ocr_line' id='line_1_82' title="bbox 1906 3826 3476 3911; baseline 0.006 -31"><span class='ocrx_word' id='word_1_586' title='bbox 1906 3826 2184 3893; x_wconf 87' lang='lat' dir='ltr'><strong>omnibus,</strong></span> <span class='ocrx_word' id='word_1_587' title='bbox 2218 3827 2561 3898; x_wconf 81' lang='lat' dir='ltr'><strong>maximeque</strong></span> <span class='ocrx_word' id='word_1_588' title='bbox 2591 3829 2658 3884; x_wconf 90' lang='lat' dir='ltr'><strong>ad</strong></span> <span class='ocrx_word' id='word_1_589' title='bbox 2712 3831 2982 3887; x_wconf 74' lang='lat' dir='ltr'><strong>examinis</strong></span> <span class='ocrx_word' id='word_1_590' title='bbox 3014 3832 3317 3911; x_wconf 85' lang='lat' dir='ltr'><strong>spiritualis</strong></span> <span class='ocrx_word' id='word_1_591' title='bbox 3351 3852 3476 3907; x_wconf 89' lang='lat' dir='ltr'><strong>per-</strong></span> 
     </span>
    </p>
   </div>
   <div class='ocr_carea' id='block_1_83' title="bbox 1908 3918 3478 3995">
    <p class='ocr_par' dir='ltr' id='par_1_83' title="bbox 1908 3918 3478 3995">
     <span class='ocr_line' id='line_1_83' title="bbox 1908 3918 3478 3995; baseline 0.006 -22"><span class='ocrx_word' id='word_1_592' title='bbox 1908 3918 2260 3988; x_wconf 89' lang='lat' dir='ltr'><strong>quisitionem</strong></span> <span class='ocrx_word' id='word_1_593' title='bbox 2284 3936 2299 3986; x_wconf 93' lang='lat'><strong>;</strong></span> <span class='ocrx_word' id='word_1_594' title='bbox 2321 3921 2596 3977; x_wconf 86' lang='lat' dir='ltr'><strong>utvestris</strong></span> <span class='ocrx_word' id='word_1_595' title='bbox 2619 3923 2877 3993; x_wconf 87' lang='lat' dir='ltr'><strong>precibus</strong></span> <span class='ocrx_word' id='word_1_596' title='bbox 2904 3925 3218 3995; x_wconf 87' lang='lat' dir='ltr'><strong>episcopum</strong></span> <span class='ocrx_word' id='word_1_597' title='bbox 3252 3927 3478 3983; x_wconf 88' lang='lat' dir='ltr'><strong>dotibus</strong></span> 
     </span>
    </p>
   </div>
   <div class='ocr_carea' id='block_1_84' title="bbox 1909 4012 3481 4089">
    <p class='ocr_par' dir='ltr' id='par_1_84' title="bbox 1909 4012 3481 4089">
     <span class='ocr_line' id='line_1_84' title="bbox 1909 4012 3481 4089; baseline 0.006 -22"><span class='ocrx_word' id='word_1_598' title='bbox 1909 4012 2236 4067; x_wconf 87' lang='lat' dir='ltr'><strong>instructum</strong></span> <span class='ocrx_word' id='word_1_599' title='bbox 2271 4014 2449 4068; x_wconf 86' lang='lat' dir='ltr'><strong>mittat</strong></span> <span class='ocrx_word' id='word_1_600' title='bbox 2488 4014 2557 4069; x_wconf 90' lang='lat' dir='ltr'><strong>ad</strong></span> <span class='ocrx_word' id='word_1_601' title='bbox 2594 4015 2735 4069; x_wconf 87' lang='lat' dir='ltr'><strong>ovile</strong></span> <span class='ocrx_word' id='word_1_602' title='bbox 2768 4014 2999 4081; x_wconf 87' lang='lat' dir='ltr'><strong>Christi,</strong></span> <span class='ocrx_word' id='word_1_603' title='bbox 3051 4020 3145 4089; x_wconf 91' lang='lat' dir='ltr'><strong>qui</strong></span> <span class='ocrx_word' id='word_1_604' title='bbox 3181 4020 3481 4077; x_wconf 85' lang='lat' dir='ltr'><strong>sacerdoti-</strong></span> 
     </span>
    </p>
   </div>
   <div class='ocr_carea' id='block_1_85' title="bbox 1909 4102 3481 4185">
    <p class='ocr_par' dir='ltr' id='par_1_85' title="bbox 1909 4102 3481 4185">
     <span class='ocr_line' id='line_1_85' title="bbox 1909 4102 3481 4185; baseline 0.008 -28"><span class='ocrx_word' id='word_1_605' title='bbox 1909 4102 2031 4168; x_wconf 88' lang='lat' dir='ltr'><strong>bus,</strong></span> <span class='ocrx_word' id='word_1_606' title='bbox 2060 4105 2343 4161; x_wconf 86' lang='lat' dir='ltr'><strong>monachis</strong></span> <span class='ocrx_word' id='word_1_607' title='bbox 2368 4115 2423 4162; x_wconf 91' lang='lat' dir='ltr'><strong>et</strong></span> <span class='ocrx_word' id='word_1_608' title='bbox 2444 4106 2701 4163; x_wconf 87' lang='lat' dir='ltr'><strong>universo</strong></span> <span class='ocrx_word' id='word_1_609' title='bbox 2733 4106 3050 4166; x_wconf 87' lang='lat' dir='ltr'><strong>Christiano</strong></span> <span class='ocrx_word' id='word_1_610' title='bbox 3106 4113 3308 4182; x_wconf 86' lang='lat' dir='ltr'><strong>populo</strong></span> <span class='ocrx_word' id='word_1_611' title='bbox 3353 4129 3481 4185; x_wconf 86' lang='lat' dir='ltr'><strong>pro-</strong></span> 
     </span>
    </p>
   </div>
   <div class='ocr_carea' id='block_1_86' title="bbox 1906 4196 3479 4277">
    <p class='ocr_par' dir='ltr' id='par_1_86' title="bbox 1906 4196 3479 4277">
     <span class='ocr_line' id='line_1_86' title="bbox 1906 4196 3479 4277; baseline 0.006 -26"><span class='ocrx_word' id='word_1_612' title='bbox 1906 4196 2122 4266; x_wconf 85' lang='lat' dir='ltr'><strong>spiciat.</strong></span> <span class='ocrx_word' id='word_1_613' title='bbox 2152 4196 2235 4252; x_wconf 80' lang='lat' dir='ltr'><strong>Ad</strong></span> <span class='ocrx_word' id='word_1_614' title='bbox 2269 4196 2384 4252; x_wconf 67' lang='lat' dir='ltr'><strong>haec</strong></span> <span class='ocrx_word' id='word_1_615' title='bbox 2411 4212 2542 4254; x_wconf 82' lang='lat' dir='ltr'><strong>vero</strong></span> <span class='ocrx_word' id='word_1_616' title='bbox 2586 4214 2686 4270; x_wconf 91' lang='lat' dir='ltr'><strong>par</strong></span> <span class='ocrx_word' id='word_1_617' title='bbox 2726 4215 2835 4255; x_wconf 91' lang='lat' dir='ltr'><strong>non</strong></span> <span class='ocrx_word' id='word_1_618' title='bbox 2871 4210 2955 4258; x_wconf 88' lang='lat' dir='ltr'><strong>est</strong></span> <span class='ocrx_word' id='word_1_619' title='bbox 2981 4213 3037 4257; x_wconf 89' lang='lat' dir='ltr'><strong>ut</strong></span> <span class='ocrx_word' id='word_1_620' title='bbox 3066 4202 3113 4259; x_wconf 88' lang='lat' dir='ltr'><strong>is</strong></span> <span class='ocrx_word' id='word_1_621' title='bbox 3161 4205 3253 4274; x_wconf 91' lang='lat' dir='ltr'><strong>qui</strong></span> <span class='ocrx_word' id='word_1_622' title='bbox 3286 4207 3390 4277; x_wconf 82' lang='lat' dir='ltr'><strong>jam</strong></span> <span class='ocrx_word' id='word_1_623' title='bbox 3422 4207 3479 4261; x_wconf 90' lang='lat' dir='ltr'><strong>in</strong></span> 
     </span>
    </p>
   </div>
   <div class='ocr_carea' id='block_1_87' title="bbox 1896 4290 3479 4367">
    <p class='ocr_par' dir='ltr' id='par_1_87' title="bbox 1896 4290 3479 4367">
     <span class='ocr_line' id='line_1_87' title="bbox 1896 4290 3479 4367; baseline 0.007 -25"><span class='ocrx_word' id='word_1_624' title='bbox 1896 4302 2133 4345; x_wconf 84' lang='lat' dir='ltr'><strong>munere</strong></span> <span class='ocrx_word' id='word_1_625' title='bbox 2164 4299 2415 4344; x_wconf 81' lang='lat' dir='ltr'><strong>versatur</strong></span> <span class='ocrx_word' id='word_1_626' title='bbox 2438 4290 2649 4361; x_wconf 85' lang='lat' dir='ltr'><strong>aliquos</strong></span> <span class='ocrx_word' id='word_1_627' title='bbox 2685 4292 2948 4360; x_wconf 78' lang='lat' dir='ltr'><strong>oﬂ‘endat,</strong></span> <span class='ocrx_word' id='word_1_628' title='bbox 2980 4295 3116 4351; x_wconf 90' lang='lat' dir='ltr'><strong>vela</strong></span> <span class='ocrx_word' id='word_1_629' title='bbox 3149 4298 3479 4367; x_wconf 88' lang='lat' dir='ltr'><strong>quibusdam</strong></span> 
     </span>
    </p>
   </div>
   <div class='ocr_carea' id='block_1_88' title="bbox 1905 4379 3480 4456">
    <p class='ocr_par' dir='ltr' id='par_1_88' title="bbox 1905 4379 3480 4456">
     <span class='ocr_line' id='line_1_88' title="bbox 1905 4379 3480 4456; baseline 0.005 -21"><span class='ocrx_word' id='word_1_630' title='bbox 1905 4379 2256 4447; x_wconf 70' lang='lat' dir='ltr'><strong>olfendatur;</strong></span> <span class='ocrx_word' id='word_1_631' title='bbox 2306 4396 2431 4436; x_wconf 90' lang='lat' dir='ltr'><strong>cum</strong></span> <span class='ocrx_word' id='word_1_632' title='bbox 2483 4382 2551 4437; x_wconf 90' lang='lat' dir='ltr'><strong>iis</strong></span> <span class='ocrx_word' id='word_1_633' title='bbox 2584 4382 2677 4453; x_wconf 89' lang='lat' dir='ltr'><strong>qui</strong></span> <span class='ocrx_word' id='word_1_634' title='bbox 2727 4398 2816 4439; x_wconf 88' lang='lat' dir='ltr'><strong>me</strong></span> <span class='ocrx_word' id='word_1_635' title='bbox 2858 4385 3151 4456; x_wconf 88' lang='lat' dir='ltr'><strong>aliquando</strong></span> <span class='ocrx_word' id='word_1_636' title='bbox 3200 4388 3480 4455; x_wconf 66' lang='lat' dir='ltr'><strong>lmserunt,</strong></span> 
     </span>
    </p>
   </div>
   <div class='ocr_carea' id='block_1_89' title="bbox 1908 4470 3479 4547">
    <p class='ocr_par' dir='ltr' id='par_1_89' title="bbox 1908 4470 3479 4547">
     <span class='ocr_line' id='line_1_89' title="bbox 1908 4470 3479 4547; baseline 0.005 -21"><span class='ocrx_word' id='word_1_637' title='bbox 1908 4478 2024 4526; x_wconf 91' lang='lat' dir='ltr'><strong>tum</strong></span> <span class='ocrx_word' id='word_1_638' title='bbox 2058 4470 2126 4526; x_wconf 88' lang='lat' dir='ltr'><strong>iis</strong></span> <span class='ocrx_word' id='word_1_639' title='bbox 2154 4471 2298 4541; x_wconf 89' lang='lat' dir='ltr'><strong>quia</strong></span> <span class='ocrx_word' id='word_1_640' title='bbox 2330 4486 2417 4527; x_wconf 89' lang='lat' dir='ltr'><strong>me</strong></span> <span class='ocrx_word' id='word_1_641' title='bbox 2436 4471 2549 4528; x_wconf 71' lang='lat' dir='ltr'><strong>lmsi</strong></span> <span class='ocrx_word' id='word_1_642' title='bbox 2578 4482 2726 4543; x_wconf 90' lang='lat' dir='ltr'><strong>sunt,</strong></span> <span class='ocrx_word' id='word_1_643' title='bbox 2759 4475 3007 4547; x_wconf 87' lang='lat' dir='ltr'><strong>utrisque</strong></span> <span class='ocrx_word' id='word_1_644' title='bbox 3034 4478 3479 4536; x_wconf 77' lang='lat' dir='ltr'><strong>Scilicetveniam</strong></span> 
     </span>
    </p>
   </div>
   <div class='ocr_carea' id='block_1_90' title="bbox 210 4561 1792 4654">
    <p class='ocr_par' dir='ltr' id='par_1_90' title="bbox 210 4567 1792 4642">
     <span class='ocr_line' id='line_1_90' title="bbox 210 4567 1792 4642; baseline -0.001 -18"><span class='ocrx_word' id='word_1_645' title='bbox 210 4587 355 4642; x_wconf 85' lang='grc' dir='ltr'>ρους</span> <span class='ocrx_word' id='word_1_646' title='bbox 393 4572 421 4623; x_wconf 85' lang='grc' dir='ltr'>ὁ</span> <span class='ocrx_word' id='word_1_647' title='bbox 466 4569 561 4621; x_wconf 65' lang='grc' dir='ltr'><strong>ἐπὶ</strong></span> <span class='ocrx_word' id='word_1_648' title='bbox 600 4568 659 4621; x_wconf 84' lang='grc' dir='ltr'><strong>τδ</strong></span> <span class='ocrx_word' id='word_1_649' title='bbox 693 4568 864 4622; x_wconf 90' lang='grc' dir='ltr'>σῶσαι</span> <span class='ocrx_word' id='word_1_650' title='bbox 897 4567 959 4621; x_wconf 81' lang='grc' dir='ltr'>τὸ</span> <span class='ocrx_word' id='word_1_651' title='bbox 1016 4567 1244 4636; x_wconf 83' lang='grc' dir='ltr'>πλάσμα</span> <span class='ocrx_word' id='word_1_652' title='bbox 1278 4568 1355 4638; x_wconf 79' lang='lat'><strong>(3)</strong></span> <span class='ocrx_word' id='word_1_653' title='bbox 1404 4568 1792 4640; x_wconf 80' lang='grc' dir='ltr'>φιλανθρώπως</span> 
     </span>
    </p>
   </div>
   <div class='ocr_carea' id='block_1_91' title="bbox 1899 4561 3478 4654">
    <p class='ocr_par' dir='ltr' id='par_1_91' title="bbox 1909 4561 3478 4637">
     <span class='ocr_line' id='line_1_91' title="bbox 1909 4561 3478 4637; baseline 0.005 -19"><span class='ocrx_word' id='word_1_654' title='bbox 1909 4561 2175 4619; x_wconf 81' lang='lat' dir='ltr'><strong>concedat</strong></span> <span class='ocrx_word' id='word_1_655' title='bbox 2202 4563 2295 4633; x_wconf 92' lang='lat' dir='ltr'><strong>qui</strong></span> <span class='ocrx_word' id='word_1_656' title='bbox 2333 4574 2681 4633; x_wconf 85' lang='lat' dir='ltr'><strong>peramanter</strong></span> <span class='ocrx_word' id='word_1_657' title='bbox 2734 4567 2803 4621; x_wconf 89' lang='lat' dir='ltr'><strong>ad</strong></span> <span class='ocrx_word' id='word_1_658' title='bbox 2834 4568 3113 4637; x_wconf 76' lang='lat' dir='ltr'><strong>opiﬁcium</strong></span> <span class='ocrx_word' id='word_1_659' title='bbox 3148 4571 3478 4626; x_wconf 85' lang='lat' dir='ltr'><strong>servandum</strong></span> 
     </span>
    </p>
   </div>
   <div class='ocr_carea' id='block_1_92' title="bbox 207 4660 1795 4734">
    <p class='ocr_par' dir='ltr' id='par_1_92' title="bbox 207 4660 1795 4734">
     <span class='ocr_line' id='line_1_92' title="bbox 207 4660 1795 4734; baseline -0.001 -17"><span class='ocrx_word' id='word_1_660' title='bbox 207 4661 693 4734; x_wconf 63' lang='grc' dir='ltr'>παραγενόμενος,</span> <span class='ocrx_word' id='word_1_661' title='bbox 716 4661 808 4713; x_wconf 77' lang='grc' dir='ltr'><strong>καὶ</strong></span> <span class='ocrx_word' id='word_1_662' title='bbox 834 4662 1097 4731; x_wconf 89' lang='grc' dir='ltr'>κρατυνεῖ</span> <span class='ocrx_word' id='word_1_663' title='bbox 1126 4661 1207 4732; x_wconf 63' lang='grc'><strong>(4)</strong></span> <span class='ocrx_word' id='word_1_664' title='bbox 1234 4661 1303 4714; x_wconf 80' lang='grc' dir='ltr'>τὰ</span> <span class='ocrx_word' id='word_1_665' title='bbox 1331 4660 1437 4715; x_wconf 89' lang='grc' dir='ltr'><strong>τῶν</strong></span> <span class='ocrx_word' id='word_1_666' title='bbox 1473 4660 1795 4732; x_wconf 80' lang='grc' dir='ltr'>ὀρθοδόξων,</span> 
     </span>
    </p>
   </div>
   <div class='ocr_carea' id='block_1_93' title="bbox 201 4750 1846 4823">
    <p class='ocr_par' dir='ltr' id='par_1_93' title="bbox 201 4750 1846 4823">
     <span class='ocr_line' id='line_1_93' title="bbox 201 4750 1846 4823; baseline 0.001 -16"><span class='ocrx_word' id='word_1_667' title='bbox 201 4756 315 4811; x_wconf 77' lang='grc' dir='ltr'>καὶ</span> <span class='ocrx_word' id='word_1_668' title='bbox 354 4751 660 4822; x_wconf 88' lang='grc' dir='ltr'>σκαιωρίας</span> <span class='ocrx_word' id='word_1_669' title='bbox 686 4750 1048 4822; x_wconf 66' lang='grc' dir='ltr'>περιφυλὰξοι</span> <span class='ocrx_word' id='word_1_670' title='bbox 1093 4752 1352 4813; x_wconf 87' lang='grc' dir='ltr'>παντοίας</span> <span class='ocrx_word' id='word_1_671' title='bbox 1389 4753 1484 4805; x_wconf 76' lang='grc' dir='ltr'>καὶ</span> <span class='ocrx_word' id='word_1_672' title='bbox 1529 4753 1797 4823; x_wconf 83' lang='grc' dir='ltr'>ποιμένας</span> <span class='ocrx_word' id='word_1_673' title='bbox 1831 4793 1846 4809; x_wconf 89' lang='grc'><strong>.</strong></span> 
     </span>
    </p>
   </div>
   <div class='ocr_carea' id='block_1_94' title="bbox 200 4841 1793 4915">
    <p class='ocr_par' dir='ltr' id='par_1_94' title="bbox 200 4841 1793 4915">
     <span class='ocr_line' id='line_1_94' title="bbox 200 4841 1793 4915; baseline 0 -17"><span class='ocrx_word' id='word_1_674' title='bbox 200 4849 317 4902; x_wconf 68' lang='grc' dir='ltr'>καὶ</span> <span class='ocrx_word' id='word_1_675' title='bbox 345 4844 597 4914; x_wconf 82' lang='grc' dir='ltr'>ποίμνια,</span> <span class='ocrx_word' id='word_1_676' title='bbox 626 4842 733 4906; x_wconf 69' lang='grc' dir='ltr'>ἕως</span> <span class='ocrx_word' id='word_1_677' title='bbox 761 4843 859 4913; x_wconf 78' lang='grc' dir='ltr'>τὴν</span> <span class='ocrx_word' id='word_1_678' title='bbox 882 4842 987 4913; x_wconf 84' lang='grc' dir='ltr'>γῆν</span> <span class='ocrx_word' id='word_1_679' title='bbox 1006 4844 1035 4896; x_wconf 79' lang='grc' dir='ltr'>ὁ</span> <span class='ocrx_word' id='word_1_680' title='bbox 1070 4841 1220 4913; x_wconf 75' lang='grc' dir='ltr'>ἥλιος</span> <span class='ocrx_word' id='word_1_681' title='bbox 1250 4845 1444 4915; x_wconf 75' lang='grc' dir='ltr'>ἐφορᾷ,</span> <span class='ocrx_word' id='word_1_682' title='bbox 1470 4845 1793 4915; x_wconf 84' lang='grc' dir='ltr'>πρεσϐείαις</span> 
     </span>
    </p>
   </div>
   <div class='ocr_carea' id='block_1_95' title="bbox 195 4933 1790 5008">
    <p class='ocr_par' dir='ltr' id='par_1_95' title="bbox 195 4933 1790 5008">
     <span class='ocr_line' id='line_1_95' title="bbox 195 4933 1790 5008; baseline -0.001 -16"><span class='ocrx_word' id='word_1_683' title='bbox 195 4937 490 5008; x_wconf 80' lang='grc' dir='ltr'>ἀλήκτοις</span> <span class='ocrx_word' id='word_1_684' title='bbox 516 4934 613 5004; x_wconf 82' lang='grc' dir='ltr'>τῆς</span> <span class='ocrx_word' id='word_1_685' title='bbox 649 4933 742 4989; x_wconf 78' lang='grc' dir='ltr'><strong>τὸν</strong></span> <span class='ocrx_word' id='word_1_686' title='bbox 771 4933 925 5005; x_wconf 74' lang='grc' dir='ltr'>ἥλιον</span> <span class='ocrx_word' id='word_1_687' title='bbox 948 4934 1048 5003; x_wconf 83' lang='grc' dir='ltr'>τῆς</span> <span class='ocrx_word' id='word_1_688' title='bbox 1078 4933 1428 5007; x_wconf 79' lang='grc' dir='ltr'>δικαιοσύνης</span> <span class='ocrx_word' id='word_1_689' title='bbox 1452 4937 1790 5007; x_wconf 81' lang='grc' dir='ltr'>σωματωσάο</span> 
     </span>
    </p>
   </div>
   <div class='ocr_carea' id='block_1_96' title="bbox 197 5027 512 5100">
    <p class='ocr_par' dir='ltr' id='par_1_96' title="bbox 197 5027 512 5100">
     <span class='ocr_line' id='line_1_96' title="bbox 197 5027 512 5100; baseline -0.01 -17"><span class='ocrx_word' id='word_1_690' title='bbox 197 5046 322 5100; x_wconf 70' lang='lat' dir='ltr'><strong>aa);</strong></span> <span class='ocrx_word' id='word_1_691' title='bbox 352 5027 512 5082; x_wconf 84' lang='grc' dir='ltr'>Θεόν.</span> 
     </span>
    </p>
   </div>
   <div class='ocr_carea' id='block_1_97' title="bbox 286 5118 1796 5192">
    <p class='ocr_par' dir='ltr' id='par_1_97' title="bbox 286 5118 1796 5192">
     <span class='ocr_line' id='line_1_97' title="bbox 286 5118 1796 5192; baseline -0.001 -16"><span class='ocrx_word' id='word_1_692' title='bbox 286 5123 426 5185; x_wconf 86' lang='grc' dir='ltr'>Τοῖς</span> <span class='ocrx_word' id='word_1_693' title='bbox 462 5120 778 5192; x_wconf 78' lang='grc' dir='ltr'>ἱερωτάτοις</span> <span class='ocrx_word' id='word_1_694' title='bbox 814 5120 1131 5192; x_wconf 80' lang='grc' dir='ltr'>ἀρχιερεῦσι</span> <span class='ocrx_word' id='word_1_695' title='bbox 1183 5118 1341 5187; x_wconf 87' lang='grc' dir='ltr'>Θεοῦ,</span> <span class='ocrx_word' id='word_1_696' title='bbox 1373 5121 1468 5176; x_wconf 72' lang='grc' dir='ltr'>καὶ</span> <span class='ocrx_word' id='word_1_697' title='bbox 1509 5124 1619 5184; x_wconf 78' lang='grc' dir='ltr'>τοῖς</span> <span class='ocrx_word' id='word_1_698' title='bbox 1648 5121 1796 5175; x_wconf 68' lang='grc' dir='ltr'>ἐνδο-</span> 
     </span>
    </p>
   </div>
   <div class='ocr_carea' id='block_1_98' title="bbox 195 5215 1796 5288">
    <p class='ocr_par' dir='ltr' id='par_1_98' title="bbox 195 5215 1796 5288">
     <span class='ocr_line' id='line_1_98' title="bbox 195 5215 1796 5288; baseline -0.002 -15"><span class='ocrx_word' id='word_1_699' title='bbox 195 5216 472 5285; x_wconf 80' lang='grc' dir='ltr'>ξοτάτοις</span> <span class='ocrx_word' id='word_1_700' title='bbox 495 5218 605 5280; x_wconf 84' lang='grc' dir='ltr'>τοῖς</span> <span class='ocrx_word' id='word_1_701' title='bbox 637 5217 734 5286; x_wconf 79' lang='grc' dir='ltr'>τῆς</span> <span class='ocrx_word' id='word_1_702' title='bbox 769 5217 1077 5288; x_wconf 84' lang='grc' dir='ltr'>συγκλήτου</span> <span class='ocrx_word' id='word_1_703' title='bbox 1112 5215 1332 5287; x_wconf 82' lang='grc' dir='ltr'>βουλῆς,</span> <span class='ocrx_word' id='word_1_704' title='bbox 1374 5216 1468 5270; x_wconf 81' lang='grc' dir='ltr'>καὶ</span> <span class='ocrx_word' id='word_1_705' title='bbox 1513 5217 1627 5279; x_wconf 84' lang='grc' dir='ltr'>τοῖς</span> <span class='ocrx_word' id='word_1_706' title='bbox 1655 5218 1796 5269; x_wconf 79' lang='grc' dir='ltr'>ἐντι-</span> 
     </span>
    </p>
   </div>
   <div class='ocr_carea' id='block_1_99' title="bbox 195 5307 1796 5383">
    <p class='ocr_par' dir='ltr' id='par_1_99' title="bbox 195 5307 1796 5383">
     <span class='ocr_line' id='line_1_99' title="bbox 195 5307 1796 5383; baseline -0.003 -17"><span class='ocrx_word' id='word_1_707' title='bbox 195 5307 609 5383; x_wconf 80' lang='grc' dir='ltr'>μοτάτοις.τοῦ</span> <span class='ocrx_word' id='word_1_708' title='bbox 645 5308 849 5379; x_wconf 86' lang='grc' dir='ltr'>κλήρου</span> <span class='ocrx_word' id='word_1_709' title='bbox 885 5307 1089 5380; x_wconf 85' lang='grc' dir='ltr'>ἱερεῦσι</span> <span class='ocrx_word' id='word_1_710' title='bbox 1119 5308 1218 5363; x_wconf 77' lang='grc' dir='ltr'>καὶ</span> <span class='ocrx_word' id='word_1_711' title='bbox 1250 5309 1565 5377; x_wconf 72' lang='grc' dir='ltr'>μονάςουσι,</span> <span class='ocrx_word' id='word_1_712' title='bbox 1598 5312 1709 5371; x_wconf 77' lang='grc' dir='ltr'>τοῖς</span> <span class='ocrx_word' id='word_1_713' title='bbox 1736 5324 1796 5361; x_wconf 79' lang='grc' dir='ltr'><strong>τε</strong></span> 
     </span>
    </p>
   </div>
   <div class='ocr_carea' id='block_1_100' title="bbox 190 5399 1797 5474">
    <p class='ocr_par' dir='ltr' id='par_1_100' title="bbox 190 5399 1797 5474">
     <span class='ocr_line' id='line_1_100' title="bbox 190 5399 1797 5474; baseline -0.004 -16"><span class='ocrx_word' id='word_1_714' title='bbox 190 5400 705 5474; x_wconf 75' lang='grc' dir='ltr'>στρατευομένοις,</span> <span class='ocrx_word' id='word_1_715' title='bbox 743 5402 838 5455; x_wconf 72' lang='grc' dir='ltr'><strong>κα)⁵</strong></span> <span class='ocrx_word' id='word_1_716' title='bbox 889 5404 1004 5466; x_wconf 83' lang='grc' dir='ltr'>τοῖς</span> <span class='ocrx_word' id='word_1_717' title='bbox 1033 5399 1135 5472; x_wconf 80' lang='grc' dir='ltr'>τῆς</span> <span class='ocrx_word' id='word_1_718' title='bbox 1190 5400 1469 5465; x_wconf 84' lang='grc' dir='ltr'>πολιτείας</span> <span class='ocrx_word' id='word_1_719' title='bbox 1518 5400 1797 5463; x_wconf 82' lang='grc' dir='ltr'>πλουσίοις</span> 
     </span>
    </p>
   </div>
   <div class='ocr_carea' id='block_1_101' title="bbox 187 5492 1796 5564">
    <p class='ocr_par' dir='ltr' id='par_1_101' title="bbox 187 5492 1796 5564">
     <span class='ocr_line' id='line_1_101' title="bbox 187 5492 1796 5564; baseline -0.003 -12"><span class='ocrx_word' id='word_1_720' title='bbox 187 5514 263 5552; x_wconf 76' lang='grc' dir='ltr'><strong>τε</strong></span> <span class='ocrx_word' id='word_1_721' title='bbox 314 5492 424 5548; x_wconf 81' lang='grc' dir='ltr'>καὶ</span> <span class='ocrx_word' id='word_1_722' title='bbox 464 5492 804 5563; x_wconf 78' lang='grc' dir='ltr'>πενομένοις,</span> <span class='ocrx_word' id='word_1_723' title='bbox 851 5495 947 5547; x_wconf 74' lang='grc' dir='ltr'>καὶ</span> <span class='ocrx_word' id='word_1_724' title='bbox 985 5492 1212 5564; x_wconf 78' lang='grc' dir='ltr'>ἀνδράσι</span> <span class='ocrx_word' id='word_1_725' title='bbox 1245 5494 1338 5548; x_wconf 76' lang='grc' dir='ltr'>καὶ</span> <span class='ocrx_word' id='word_1_726' title='bbox 1382 5492 1624 5563; x_wconf 77' lang='grc' dir='ltr'>γυναιξὶ,</span> <span class='ocrx_word' id='word_1_727' title='bbox 1660 5496 1796 5547; x_wconf 76' lang='grc' dir='ltr'>πᾶσι</span> 
     </span>
    </p>
   </div>
   <div class='ocr_carea' id='block_1_102' title="bbox 186 5584 1793 5658">
    <p class='ocr_par' dir='ltr' id='par_1_102' title="bbox 186 5584 1793 5658">
     <span class='ocr_line' id='line_1_102' title="bbox 186 5584 1793 5658; baseline -0.004 -13"><span class='ocrx_word' id='word_1_728' title='bbox 186 5585 496 5658; x_wconf 74' lang='grc' dir='ltr'>διηνεκῶς</span> <span class='ocrx_word' id='word_1_729' title='bbox 527 5584 881 5654; x_wconf 80' lang='grc' dir='ltr'>χορηγεῖσθαι</span> <span class='ocrx_word' id='word_1_730' title='bbox 905 5586 965 5639; x_wconf 77' lang='grc' dir='ltr'><strong>τὸ</strong></span> <span class='ocrx_word' id='word_1_731' title='bbox 988 5584 1080 5639; x_wconf 89' lang='grc' dir='ltr'><strong>τοῦ</strong></span> <span class='ocrx_word' id='word_1_732' title='bbox 1114 5584 1247 5639; x_wconf 87' lang='grc' dir='ltr'>Θεοῦ</span> <span class='ocrx_word' id='word_1_733' title='bbox 1286 5586 1593 5657; x_wconf 70' lang='grc' dir='ltr'>ἐπεύχομαι</span> <span class='ocrx_word' id='word_1_734' title='bbox 1625 5585 1793 5649; x_wconf 79' lang='grc' dir='ltr'>ἔλεος.</span> 
     </span>
    </p>
   </div>
   <div class='ocr_carea' id='block_1_103' title="bbox 192 5675 1799 5749">
    <p class='ocr_par' dir='ltr' id='par_1_103' title="bbox 192 5675 1799 5749">
     <span class='ocr_line' id='line_1_103' title="bbox 192 5675 1799 5749; baseline -0.005 -13"><span class='ocrx_word' id='word_1_735' title='bbox 192 5678 363 5737; x_wconf 73' lang='grc' dir='ltr'>Εἶτα</span> <span class='ocrx_word' id='word_1_736' title='bbox 412 5676 506 5731; x_wconf 70' lang='grc' dir='ltr'>καὶ</span> <span class='ocrx_word' id='word_1_737' title='bbox 531 5678 699 5730; x_wconf 84' lang='grc' dir='ltr'>πᾶσιν</span> <span class='ocrx_word' id='word_1_738' title='bbox 749 5676 1015 5730; x_wconf 85' lang='grc' dir='ltr'>ἀντιϐολῶ</span> <span class='ocrx_word' id='word_1_739' title='bbox 1049 5676 1124 5749; x_wconf 84' lang='grc' dir='ltr'>μὴ</span> <span class='ocrx_word' id='word_1_740' title='bbox 1158 5677 1230 5742; x_wconf 84' lang='grc' dir='ltr'>ὡς</span> <span class='ocrx_word' id='word_1_741' title='bbox 1262 5676 1418 5748; x_wconf 71' lang='grc' dir='ltr'>ἔτυχε</span> <span class='ocrx_word' id='word_1_742' title='bbox 1468 5675 1799 5748; x_wconf 82' lang='grc' dir='ltr'>προσταλαι-</span> 
     </span>
    </p>
   </div>
   <div class='ocr_carea' id='block_1_104' title="bbox 190 5763 1795 5843">
    <p class='ocr_par' dir='ltr' id='par_1_104' title="bbox 190 5763 1795 5843">
     <span class='ocr_line' id='line_1_104' title="bbox 190 5763 1795 5843; baseline -0.002 -22"><span class='ocrx_word' id='word_1_743' title='bbox 190 5771 434 5843; x_wconf 75' lang='grc' dir='ltr'>πωρεῖν</span> <span class='ocrx_word' id='word_1_744' title='bbox 492 5768 801 5832; x_wconf 84' lang='grc' dir='ltr'>κοπιῶντας</span> <span class='ocrx_word' id='word_1_745' title='bbox 856 5771 924 5841; x_wconf 77' lang='grc' dir='ltr'>τῇ</span> <span class='ocrx_word' id='word_1_746' title='bbox 963 5763 1084 5843; x_wconf 65' lang='grc' dir='ltr'><strong>ἕνῇ</strong></span> <span class='ocrx_word' id='word_1_747' title='bbox 1143 5769 1515 5841; x_wconf 84' lang='grc' dir='ltr'>παροικοῦμεν</span> <span class='ocrx_word' id='word_1_748' title='bbox 1545 5768 1795 5839; x_wconf 71' lang='grc' dir='ltr'>ισχατιᾷ,</span> 
     </span>
    </p>
   </div>
   <div class='ocr_carea' id='block_1_105' title="bbox 269 5878 931 5953">
    <p class='ocr_par' dir='ltr' id='par_1_105' title="bbox 269 5878 931 5953">
     <span class='ocr_line' id='line_1_105' title="bbox 269 5878 931 5953; baseline 0.002 -16"><span class='ocrx_word' id='word_1_749' title='bbox 269 5882 372 5953; x_wconf 79' lang='grc' dir='ltr'><strong>(Ι)</strong></span> <span class='ocrx_word' id='word_1_750' title='bbox 407 5878 725 5953; x_wconf 61' lang='lat' dir='ltr'><strong>Legendum</strong></span> <span class='ocrx_word' id='word_1_751' title='bbox 754 5882 931 5951; x_wconf 83' lang='grc' dir='ltr'>ὑμῶν.</span> 
     </span>
    </p>
   </div>
   <div class='ocr_carea' id='block_1_106' title="bbox 264 5950 804 6027">
    <p class='ocr_par' dir='ltr' id='par_1_106' title="bbox 264 5950 804 6027">
     <span class='ocr_line' id='line_1_106' title="bbox 264 5950 804 6027; baseline 0 -17"><span class='ocrx_word' id='word_1_752' title='bbox 264 5950 367 6027; x_wconf 74' lang='lat'><strong>(2)</strong></span> <span class='ocrx_word' id='word_1_753' title='bbox 407 5950 511 6006; x_wconf 79' lang='lat' dir='ltr'><strong>Pro</strong></span> <span class='ocrx_word' id='word_1_754' title='bbox 534 5950 804 6018; x_wconf 53' lang='grc' dir='ltr'>ἀξιώσειε,</span> 
     </span>
    </p>
   </div>
   <div class='ocr_carea' id='block_1_107' title="bbox 1909 4653 3478 4727">
    <p class='ocr_par' dir='ltr' id='par_1_107' title="bbox 1909 4653 3478 4727">
     <span class='ocr_line' id='line_1_107' title="bbox 1909 4653 3478 4727; baseline 0.003 -17"><span class='ocrx_word' id='word_1_755' title='bbox 1909 4653 2166 4721; x_wconf 85' lang='lat' dir='ltr'><strong>advenit;</strong></span> <span class='ocrx_word' id='word_1_756' title='bbox 2224 4654 2481 4727; x_wconf 88' lang='lat' dir='ltr'><strong>idemque</strong></span> <span class='ocrx_word' id='word_1_757' title='bbox 2526 4655 2961 4713; x_wconf 83' lang='lat' dir='ltr'><strong>orthodoxorum</strong></span> <span class='ocrx_word' id='word_1_758' title='bbox 3027 4674 3117 4716; x_wconf 90' lang='lat' dir='ltr'><strong>res</strong></span> <span class='ocrx_word' id='word_1_759' title='bbox 3168 4662 3478 4725; x_wconf 72' lang='lat' dir='ltr'><strong>confirmet,</strong></span> 
     </span>
    </p>
   </div>
   <div class='ocr_carea' id='block_1_108' title="bbox 1906 4748 3478 4824">
    <p class='ocr_par' dir='ltr' id='par_1_108' title="bbox 1906 4748 3478 4824">
     <span class='ocr_line' id='line_1_108' title="bbox 1906 4748 3478 4824; baseline 0.005 -23"><span class='ocrx_word' id='word_1_760' title='bbox 1906 4753 2071 4817; x_wconf 88' lang='lat' dir='ltr'><strong>atque</strong></span> <span class='ocrx_word' id='word_1_761' title='bbox 2097 4755 2343 4816; x_wconf 84' lang='lat' dir='ltr'><strong>pastores</strong></span> <span class='ocrx_word' id='word_1_762' title='bbox 2371 4756 2426 4803; x_wconf 88' lang='lat' dir='ltr'><strong>et</strong></span> <span class='ocrx_word' id='word_1_763' title='bbox 2454 4748 2641 4813; x_wconf 87' lang='lat' dir='ltr'><strong>ovilia,</strong></span> <span class='ocrx_word' id='word_1_764' title='bbox 2679 4749 2919 4819; x_wconf 88' lang='lat' dir='ltr'><strong>quandiu</strong></span> <span class='ocrx_word' id='word_1_765' title='bbox 2960 4750 3040 4805; x_wconf 90' lang='lat' dir='ltr'><strong>sol</strong></span> <span class='ocrx_word' id='word_1_766' title='bbox 3073 4760 3275 4807; x_wconf 87' lang='lat' dir='ltr'><strong>terram</strong></span> <span class='ocrx_word' id='word_1_767' title='bbox 3306 4755 3478 4824; x_wconf 56' lang='lat' dir='ltr'><strong>respi.</strong></span> 
     </span>
    </p>
   </div>
   <div class='ocr_carea' id='block_1_109' title="bbox 1904 4840 3478 4914">
    <p class='ocr_par' dir='ltr' id='par_1_109' title="bbox 1904 4840 3478 4914">
     <span class='ocr_line' id='line_1_109' title="bbox 1904 4840 3478 4914; baseline 0.004 -19"><span class='ocrx_word' id='word_1_768' title='bbox 1904 4840 2031 4905; x_wconf 86' lang='lat' dir='ltr'><strong>ciet,</strong></span> <span class='ocrx_word' id='word_1_769' title='bbox 2075 4841 2223 4895; x_wconf 90' lang='lat' dir='ltr'><strong>omni</strong></span> <span class='ocrx_word' id='word_1_770' title='bbox 2250 4841 2453 4896; x_wconf 88' lang='lat' dir='ltr'><strong>malitia</strong></span> <span class='ocrx_word' id='word_1_771' title='bbox 2476 4857 2680 4898; x_wconf 87' lang='lat' dir='ltr'><strong>vacuos</strong></span> <span class='ocrx_word' id='word_1_772' title='bbox 2711 4853 3025 4907; x_wconf 85' lang='lat' dir='ltr'><strong>conservet.</strong></span> <span class='ocrx_word' id='word_1_773' title='bbox 3059 4845 3315 4914; x_wconf 82' lang='lat' dir='ltr'><strong>precibus</strong></span> <span class='ocrx_word' id='word_1_774' title='bbox 3338 4848 3478 4901; x_wconf 90' lang='lat' dir='ltr'><strong>assi-</strong></span> 
     </span>
    </p>
   </div>
   <div class='ocr_carea' id='block_1_110' title="bbox 1905 4933 3478 5010">
    <p class='ocr_par' dir='ltr' id='par_1_110' title="bbox 1905 4933 3478 5010">
     <span class='ocr_line' id='line_1_110' title="bbox 1905 4933 3478 5010; baseline 0.006 -23"><span class='ocrx_word' id='word_1_775' title='bbox 1905 4933 2033 4988; x_wconf 86' lang='lat' dir='ltr'><strong>duis</strong></span> <span class='ocrx_word' id='word_1_776' title='bbox 2083 4934 2203 5005; x_wconf 87' lang='lat' dir='ltr'><strong>ejus</strong></span> <span class='ocrx_word' id='word_1_777' title='bbox 2250 4935 2364 5005; x_wconf 81' lang='lat' dir='ltr'><strong>qui-</strong></span> <span class='ocrx_word' id='word_1_778' title='bbox 2397 4933 2579 4991; x_wconf 84' lang='lat' dir='ltr'><strong>Solem</strong></span> <span class='ocrx_word' id='word_1_779' title='bbox 2637 4937 2865 5009; x_wconf 68' lang='lat' dir='ltr'><strong>iustitiae</strong></span> <span class='ocrx_word' id='word_1_780' title='bbox 2912 4936 3079 4991; x_wconf 89' lang='lat' dir='ltr'><strong>Deum</strong></span> <span class='ocrx_word' id='word_1_781' title='bbox 3112 4952 3340 5010; x_wconf 89' lang='lat' dir='ltr'><strong>corpore</strong></span> <span class='ocrx_word' id='word_1_782' title='bbox 3392 4940 3478 4997; x_wconf 47' lang='lat' dir='ltr'><strong>in.</strong></span> 
     </span>
    </p>
   </div>
   <div class='ocr_carea' id='block_1_111' title="bbox 1904 5028 2122 5085">
    <p class='ocr_par' dir='ltr' id='par_1_111' title="bbox 1904 5028 2122 5085">
     <span class='ocr_line' id='line_1_111' title="bbox 1904 5028 2122 5085; baseline 0.005 -1"><span class='ocrx_word' id='word_1_783' title='bbox 1904 5028 2122 5085; x_wconf 77' lang='lat' dir='ltr'><strong>Struxit.</strong></span> 
     </span>
    </p>
   </div>
   <div class='ocr_carea' id='block_1_112' title="bbox 1977 5119 3531 5198">
    <p class='ocr_par' dir='ltr' id='par_1_112' title="bbox 1977 5119 3531 5198">
     <span class='ocr_line' id='line_1_112' title="bbox 1977 5119 3531 5198; baseline 0.006 -24"><span class='ocrx_word' id='word_1_784' title='bbox 1977 5119 2350 5178; x_wconf 85' lang='lat' dir='ltr'><strong>Sanctissimis</strong></span> <span class='ocrx_word' id='word_1_785' title='bbox 2398 5122 2497 5178; x_wconf 88' lang='lat' dir='ltr'><strong>Dei</strong></span> <span class='ocrx_word' id='word_1_786' title='bbox 2546 5125 2902 5195; x_wconf 70' lang='lat' dir='ltr'><strong>prrcsulibus,</strong></span> <span class='ocrx_word' id='word_1_787' title='bbox 2940 5126 3332 5198; x_wconf 82' lang='lat' dir='ltr'><strong>gloriosissimo</strong></span> <span class='ocrx_word' id='word_1_788' title='bbox 3393 5141 3477 5182; x_wconf 86' lang='lat' dir='ltr'><strong>sc-</strong></span> <span class='ocrx_word' id='word_1_789' title='bbox 3524 5186 3531 5189; x_wconf 58' lang='grc'><strong>,</strong></span> 
     </span>
    </p>
   </div>
   <div class='ocr_carea' id='block_1_113' title="bbox 1905 5213 3478 5280">
    <p class='ocr_par' dir='ltr' id='par_1_113' title="bbox 1905 5213 3478 5280">
     <span class='ocr_line' id='line_1_113' title="bbox 1905 5213 3478 5280; baseline 0.005 -15"><span class='ocrx_word' id='word_1_790' title='bbox 1905 5213 2081 5280; x_wconf 87' lang='lat' dir='ltr'><strong>natui,</strong></span> <span class='ocrx_word' id='word_1_791' title='bbox 2123 5222 2181 5269; x_wconf 87' lang='lat' dir='ltr'><strong>et</strong></span> <span class='ocrx_word' id='word_1_792' title='bbox 2233 5214 2674 5272; x_wconf 86' lang='lat' dir='ltr'><strong>bonoratissimis</strong></span> <span class='ocrx_word' id='word_1_793' title='bbox 2720 5231 2752 5271; x_wconf 89' lang='lat' dir='ltr'><strong>e</strong></span> <span class='ocrx_word' id='word_1_794' title='bbox 2802 5217 2950 5274; x_wconf 88' lang='lat' dir='ltr'><strong>clero</strong></span> <span class='ocrx_word' id='word_1_795' title='bbox 2991 5220 3376 5276; x_wconf 81' lang='lat' dir='ltr'><strong>sacerdotibus</strong></span> <span class='ocrx_word' id='word_1_796' title='bbox 3423 5230 3478 5276; x_wconf 92' lang='lat' dir='ltr'><strong>et</strong></span> 
     </span>
    </p>
   </div>
   <div class='ocr_carea' id='block_1_114' title="bbox 1905 5306 3479 5378">
    <p class='ocr_par' dir='ltr' id='par_1_114' title="bbox 1905 5306 3479 5378">
     <span class='ocr_line' id='line_1_114' title="bbox 1905 5306 3479 5378; baseline 0.004 -19"><span class='ocrx_word' id='word_1_797' title='bbox 1905 5306 2219 5372; x_wconf 88' lang='lat' dir='ltr'><strong>monachis,</strong></span> <span class='ocrx_word' id='word_1_798' title='bbox 2287 5307 2356 5362; x_wconf 88' lang='lat' dir='ltr'><strong>iis</strong></span> <span class='ocrx_word' id='word_1_799' title='bbox 2390 5307 2486 5378; x_wconf 91' lang='lat' dir='ltr'><strong>qui</strong></span> <span class='ocrx_word' id='word_1_800' title='bbox 2544 5309 2794 5364; x_wconf 84' lang='lat' dir='ltr'><strong>militiam</strong></span> <span class='ocrx_word' id='word_1_801' title='bbox 2858 5320 3138 5377; x_wconf 83' lang='lat' dir='ltr'><strong>exercent,</strong></span> <span class='ocrx_word' id='word_1_802' title='bbox 3175 5328 3239 5369; x_wconf 89' lang='lat' dir='ltr'><strong>ac</strong></span> <span class='ocrx_word' id='word_1_803' title='bbox 3263 5313 3479 5368; x_wconf 86' lang='lat' dir='ltr'><strong>civibus</strong></span> 
     </span>
    </p>
   </div>
   <div class='ocr_carea' id='block_1_115' title="bbox 1904 5395 3478 5472">
    <p class='ocr_par' dir='ltr' id='par_1_115' title="bbox 1904 5395 3478 5472">
     <span class='ocr_line' id='line_1_115' title="bbox 1904 5395 3478 5472; baseline 0.005 -22"><span class='ocrx_word' id='word_1_804' title='bbox 1904 5395 2170 5455; x_wconf 87' lang='lat' dir='ltr'><strong>divitibus</strong></span> <span class='ocrx_word' id='word_1_805' title='bbox 2201 5399 2641 5472; x_wconf 88' lang='lat' dir='ltr'><strong>pauperibusque</strong></span> <span class='ocrx_word' id='word_1_806' title='bbox 2672 5402 2805 5457; x_wconf 88' lang='lat' dir='ltr'><strong>viris</strong></span> <span class='ocrx_word' id='word_1_807' title='bbox 2832 5412 2887 5459; x_wconf 91' lang='lat' dir='ltr'><strong>et</strong></span> <span class='ocrx_word' id='word_1_808' title='bbox 2943 5404 3269 5460; x_wconf 89' lang='lat' dir='ltr'><strong>mulieribus</strong></span> <span class='ocrx_word' id='word_1_809' title='bbox 3299 5406 3478 5460; x_wconf 83' lang='lat' dir='ltr'><strong>omni-</strong></span> 
     </span>
    </p>
   </div>
   <div class='ocr_carea' id='block_1_116' title="bbox 1903 5486 3475 5568">
    <p class='ocr_par' dir='ltr' id='par_1_116' title="bbox 1903 5486 3475 5568">
     <span class='ocr_line' id='line_1_116' title="bbox 1903 5486 3475 5568; baseline 0.006 -24"><span class='ocrx_word' id='word_1_810' title='bbox 1903 5486 2009 5544; x_wconf 89' lang='lat' dir='ltr'><strong>bus</strong></span> <span class='ocrx_word' id='word_1_811' title='bbox 2062 5488 2155 5545; x_wconf 82' lang='lat' dir='ltr'><strong>Dei</strong></span> <span class='ocrx_word' id='word_1_812' title='bbox 2200 5490 2632 5547; x_wconf 83' lang='lat' dir='ltr'><strong>misericordiam</strong></span> <span class='ocrx_word' id='word_1_813' title='bbox 2668 5494 2905 5550; x_wconf 77' lang='lat' dir='ltr'><strong>conferri</strong></span> <span class='ocrx_word' id='word_1_814' title='bbox 2963 5497 3232 5568; x_wconf 88' lang='lat' dir='ltr'><strong>supplico.</strong></span> <span class='ocrx_word' id='word_1_815' title='bbox 3269 5498 3475 5554; x_wconf 86' lang='lat' dir='ltr'><strong>Deinde</strong></span> 
     </span>
    </p>
   </div>
   <div class='ocr_carea' id='block_1_117' title="bbox 1905 5578 3472 5655">
    <p class='ocr_par' dir='ltr' id='par_1_117' title="bbox 1905 5578 3472 5655">
     <span class='ocr_line' id='line_1_117' title="bbox 1905 5578 3472 5655; baseline 0.006 -21"><span class='ocrx_word' id='word_1_816' title='bbox 1905 5578 2189 5636; x_wconf 87' lang='lat' dir='ltr'><strong>universos</strong></span> <span class='ocrx_word' id='word_1_817' title='bbox 2222 5596 2354 5653; x_wconf 79' lang='lat' dir='ltr'><strong>rogo</strong></span> <span class='ocrx_word' id='word_1_818' title='bbox 2393 5592 2451 5638; x_wconf 91' lang='lat' dir='ltr'><strong>ut</strong></span> <span class='ocrx_word' id='word_1_819' title='bbox 2478 5598 2546 5639; x_wconf 88' lang='lat' dir='ltr'><strong>ne</strong></span> <span class='ocrx_word' id='word_1_820' title='bbox 2593 5599 2818 5655; x_wconf 83' lang='lat' dir='ltr'><strong>prorsus</strong></span> <span class='ocrx_word' id='word_1_821' title='bbox 2851 5586 3131 5645; x_wconf 87' lang='lat' dir='ltr'><strong>alllictioni</strong></span> <span class='ocrx_word' id='word_1_822' title='bbox 3164 5600 3222 5644; x_wconf 84' lang='lat' dir='ltr'><strong>se</strong></span> <span class='ocrx_word' id='word_1_823' title='bbox 3250 5590 3472 5651; x_wconf 89' lang='lat' dir='ltr'><strong>dedant.</strong></span> 
     </span>
    </p>
   </div>
   <div class='ocr_carea' id='block_1_118' title="bbox 1899 5672 3477 5751">
    <p class='ocr_par' dir='ltr' id='par_1_118' title="bbox 1899 5672 3477 5751">
     <span class='ocr_line' id='line_1_118' title="bbox 1899 5672 3477 5751; baseline 0.005 -24"><span class='ocrx_word' id='word_1_824' title='bbox 1899 5672 2062 5729; x_wconf 87' lang='lat' dir='ltr'><strong>l&#39;racti</strong></span> <span class='ocrx_word' id='word_1_825' title='bbox 2094 5674 2278 5730; x_wconf 90' lang='lat' dir='ltr'><strong>animo</strong></span> <span class='ocrx_word' id='word_1_826' title='bbox 2297 5675 2369 5731; x_wconf 87' lang='lat' dir='ltr'><strong>ob</strong></span> <span class='ocrx_word' id='word_1_827' title='bbox 2401 5686 2698 5733; x_wconf 81' lang='lat' dir='ltr'><strong>extremam</strong></span> <span class='ocrx_word' id='word_1_828' title='bbox 2746 5679 2798 5734; x_wconf 90' lang='lat' dir='ltr'><strong>in</strong></span> <span class='ocrx_word' id='word_1_829' title='bbox 2834 5695 2941 5751; x_wconf 87' lang='lat' dir='ltr'><strong>qua</strong></span> <span class='ocrx_word' id='word_1_830' title='bbox 2989 5696 3274 5739; x_wconf 88' lang='lat' dir='ltr'><strong>versamur</strong></span> <span class='ocrx_word' id='word_1_831' title='bbox 3334 5683 3477 5736; x_wconf 86' lang='lat' dir='ltr'><strong>cala-</strong></span> 
     </span>
    </p>
   </div>
   <div class='ocr_carea' id='block_1_119' title="bbox 1900 5767 3472 5845">
    <p class='ocr_par' dir='ltr' id='par_1_119' title="bbox 1900 5767 3472 5845">
     <span class='ocr_line' id='line_1_119' title="bbox 1900 5767 3472 5845; baseline 0.004 -25"><span class='ocrx_word' id='word_1_832' title='bbox 1900 5767 2188 5824; x_wconf 89' lang='lat' dir='ltr'><strong>mitatem:</strong></span> <span class='ocrx_word' id='word_1_833' title='bbox 2224 5782 2350 5823; x_wconf 91' lang='lat' dir='ltr'><strong>cum</strong></span> <span class='ocrx_word' id='word_1_834' title='bbox 2380 5769 2647 5840; x_wconf 85' lang='lat' dir='ltr'><strong>sapientia</strong></span> <span class='ocrx_word' id='word_1_835' title='bbox 2692 5787 2857 5843; x_wconf 90' lang='lat' dir='ltr'><strong>supra</strong></span> <span class='ocrx_word' id='word_1_836' title='bbox 2892 5782 3136 5831; x_wconf 90' lang='lat' dir='ltr'><strong>montem</strong></span> <span class='ocrx_word' id='word_1_837' title='bbox 3174 5773 3349 5845; x_wconf 87' lang='lat' dir='ltr'><strong>posita</strong></span> <span class='ocrx_word' id='word_1_838' title='bbox 3382 5774 3472 5839; x_wconf 82' lang='lat' dir='ltr'><strong>sit,</strong></span> 
     </span>
    </p>
   </div>
   <div class='ocr_carea' id='block_1_120' title="bbox 1975 5880 2928 5955">
    <p class='ocr_par' dir='ltr' id='par_1_120' title="bbox 1975 5880 2928 5955">
     <span class='ocr_line' id='line_1_120' title="bbox 1975 5880 2928 5955; baseline 0.006 -20"><span class='ocrx_word' id='word_1_839' title='bbox 1975 5880 2053 5955; x_wconf 69' lang='grc' dir='ltr'><strong>(ξι)</strong></span> <span class='ocrx_word' id='word_1_840' title='bbox 2080 5881 2390 5955; x_wconf 72' lang='grc' dir='ltr'>μλάτυσμα</span> <span class='ocrx_word' id='word_1_841' title='bbox 2420 5884 2563 5955; x_wconf 84' lang='lat' dir='ltr'><strong>apud</strong></span> <span class='ocrx_word' id='word_1_842' title='bbox 2592 5885 2928 5944; x_wconf 84' lang='lat' dir='ltr'><strong>Boivioium.</strong></span> 
     </span>
    </p>
   </div>
   <div class='ocr_carea' id='block_1_121' title="bbox 1971 5952 2514 6025">
    <p class='ocr_par' dir='ltr' id='par_1_121' title="bbox 1971 5952 2514 6025">
     <span class='ocr_line' id='line_1_121' title="bbox 1971 5952 2514 6025; baseline 0.011 -21"><span class='ocrx_word' id='word_1_843' title='bbox 1971 5952 2047 6025; x_wconf 76' lang='grc' dir='ltr'><strong>(ι)</strong></span> <span class='ocrx_word' id='word_1_844' title='bbox 2079 5952 2183 6007; x_wconf 85' lang='lat' dir='ltr'><strong>Pro</strong></span> <span class='ocrx_word' id='word_1_845' title='bbox 2207 5952 2514 6025; x_wconf 76' lang='grc' dir='ltr'>κρατύνειε.</span> 
     </span>
    </p>
   </div>
  </div>
