3894 6366
417 394 526 457 495

1439 395 1899 470 ,ΑΤΗΛΝΑΞΙΙ
1947 396 2059 459 CP.
2105 397 2622 465 PATRIARCIUE

3566 405 3670 468 496

414 521 478 560 ac
530 504 766 561 illustret
810 521 906 562 eos
936 506 1028 577 qui
1080 504 1496 561 illuminationis
1538 520 1700 560 causa
1744 502 1812 560 ad
1871 518 1983 559 eam

2099 505 2196 575 τῆς
2227 514 2420 588 σοφίας
2450 511 2588 566 Θεοῦ
2622 513 2809 568 ἐπάνω
2841 512 2999 583 ὅρους
3028 511 3310 581 κειμένης,
3344 513 3442 567 καὶ
3471 515 3670 583 τηλαυ-

417 610 780 656 concurrunt.
814 599 1089 657 Caeterum
1122 599 1279 655 vobis
1301 615 1332 653 a
1379 600 1488 654 Deo
1514 597 1799 653 charitatis
1828 597 1990 651 retri-

414 690 639 760 buatur,
683 691 949 765 quidquid
988 691 1198 746 laboris
1242 699 1468 760 propter
1517 688 1834 743 eharitatem
1866 701 1987 742 sus-

413 783 656 853 cepistis,
707 792 764 838 et
814 782 1061 854 utrisque
1090 792 1341 837 nostrum
1379 795 1589 835 merces
1618 778 1933 835 conferatur
1972 795 1986 831 :

413 874 859 945 quandoquidem
920 884 977 930 et
1031 888 1133 929 nos
1188 871 1466 927 insolubili
1519 871 1725 926 amoris
1770 870 1988 926 vinculo

412 966 645 1033 astricti,
699 984 806 1023 non
855 967 961 1021 levi
993 965 1058 1020 de
1084 980 1246 1020 causa
1292 979 1321 1021 a
1349 963 1503 1019 vobis
1531 978 1630 1017 nos
1682 961 1990 1034 segregavi-

413 1071 556 1120 mus,
578 1059 671 1113 sed
704 1068 763 1111 ut
790 1058 881 1112 ille
920 1070 1150 1128 magnus
1179 1069 1358 1123 praeco
1394 1053 1517 1117 ait,
1551 1070 1570 1104 ι
1609 1051 1739 1118 Quae
1765 1059 1989 1107 sanctus

412 1147 557 1204 Deus
583 1150 810 1205 consilia
850 1148 976 1203 iniit
1002 1146 1126 1216 quis
1154 1145 1526 1214 dissipabit?»
1570 1143 1704 1198 Nam
1740 1158 1863 1199 cum
1896 1143 1988 1199 ille

408 1250 464 1294 et
493 1253 789 1311 conspccm
838 1249 893 1295 et
944 1239 1189 1309 alloquio
1219 1238 1670 1293 cbarissimorum
1714 1252 1813 1290 nos
1842 1236 1986 1291 indi-

410 1343 544 1397 gnos
573 1329 928 1399 judicaverit,
959 1329 1012 1383 id
1065 1329 1240 1384 solum
1276 1326 1435 1382 vobis
1467 1326 1698 1383 suadere
1730 1325 1988 1382 convenit

409 1432 469 1475 ut
502 1438 601 1491 pro
639 1422 795 1476 nobis
813 1436 1005 1492 preces
1034 1419 1314 1476 fundatis:
1340 1435 1410 1476 ne
1430 1420 1598 1473 etiam
1626 1419 1727 1472 hac
1754 1418 1807 1472 in
1831 1427 1986 1488 parte

407 1528 436 1567 a
458 1514 616 1568 vobis
646 1514 865 1569 dilectis
890 1523 946 1570 et
972 1512 1321 1568 amicissimis
1349 1511 1485 1566 meis
1528 1512 1784 1581 sejungar
1810 1527 1826 1576 ;
1859 1526 1985 1566 cum

408 1604 629 1671 quibus,
663 1622 695 1658 ι)
727 1605 830 1660 Fili
862 1606 956 1659 Dei
988 1605 1110 1659 vita:
1139 1604 1400 1673 largitor,
1443 1602 1603 1658 nobis
1638 1602 1697 1657 in
1742 1601 1983 1658 coelesti-

406 1695 511 1750 bus
536 1695 643 1751 illis
669 1696 1006 1753 exercitibus
1037 1697 1270 1752 choreas
1319 1711 1481 1767 agere
1508 1695 1771 1761 concede,
1799 1695 1988 1751 Matris

410 1791 802 1846 intercessione
826 1806 947 1862 qua:
981 1801 1030 1845 te
1058 1789 1294 1861 peperit,
1327 1803 1537 1844 necnon
1587 1785 1980 1856 apostolorum.

406 1892 707 1955 martyrum
735 1892 792 1938 et
817 1882 1062 1938 omnium
1088 1890 1403 1937 sanctorum
1434 1889 1674 1935 tuorum.

2092 595 2295 669 γούσης
2340 600 2466 662 τοὺς
2507 600 2694 655 ἕνεκεν
2733 600 3016 671 φωτισμοῦ
3052 600 3187 670 πρὸς
3242 599 3414 670 αὐτὴν
3447 600 3670 672 ἐπιτρέ-

2092 703 2288 755 χοντας
2311 704 2325 719 ο
2362 688 2505 759 πλὴν
2537 691 2632 745 καὶ
2656 692 2787 761 ἡμῖν
2819 689 3248 761 ἀντιμετρηθείη
3281 690 3417 761 πρὸς
3442 688 3537 743 τοῦ
3568 692 3666 760 τῆς

2092 779 2319 848 ἀγάπης
2356 780 2493 835 Θεοῦ
2535 783 2655 835 ὅσον
2682 783 2774 835 καὶ
2801 782 2867 835 δι’
2902 783 3128 851 ἀγάπην
3154 783 3550 851 κεκοπιάκατε,
3576 784 3668 836 καὶ

2092 872 2126 942 ἡ
2181 872 2515 942 ἀντάμειψις
2563 874 2898 944 ἀμφοτέροις
2951 874 3326 945 δαψιλευθείη.
3374 875 3525 928 Ἐπεὶ
3572 877 3667 929 καὶ

2093 964 2257 1033 ἡμεῖς
2288 963 2366 1035 τῷ
2400 964 2529 1034 περὶ
2565 964 2710 1036 ὑμᾶς
2742 965 2928 1037 ἀλύτῳ
2971 965 3324 1036 συνδούμενοι
3361 966 3534 1036 πόθῳ,
3569 966 3665 1037 οὐχ

2090 1055 2164 1117 ὡς
2192 1056 2349 1127 ἔτυχε
2388 1057 2755 1128 διεστήσαμεν
2790 1060 2985 1122 αὐτοὺς
3014 1059 3106 1128 ἀφ’
3141 1060 3296 1128 ὑμῶν
3322 1060 3419 1130 (1).
3447 1060 3565 1115 ἀλλ’
3594 1060 3667 1125 ὥς

2093 1166 2196 1201 που
2250 1151 2276 1202 6
2304 1150 2827 1221 μεγαλοφωνότατος
2867 1151 3222 1206 ὑποτίθεται·
3257 1171 3277 1205 ι
3316 1154 3382 1205 Ἀ
3410 1153 3438 1205 ὀ
3476 1153 3608 1216 Θεὸς
3641 1155 3669 1206 6

2091 1238 2246 1307 ἅγιος
2277 1238 2657 1308 βεϐούλευται,
2688 1243 2770 1305 τίς
2795 1241 3179 1309 διασκεδάσεις
3223 1263 3243 1297 ι
3289 1244 3530 1298 Ἐκείνου
3560 1244 3669 1316 γὰρ

2090 1332 2380 1402 κρίναντος
2416 1333 2670 1400 ἀναξίους
2716 1336 2858 1405 ἡμᾶς
2893 1336 2988 1388 καὶ
3018 1336 3143 1398 Θέας
3195 1335 3288 1389 καὶ
3323 1336 3540 1405 ὁμιλίας
3575 1336 3671 1390 αὑ-

2090 1423 2191 1493 τῆς
2248 1423 2356 1476 τῶν
2416 1425 2712 1493 φιλτάτων,
2773 1426 3094 1498 πειθαρχεῖν
3145 1427 3240 1480 καὶ
3292 1428 3437 1497 ὑμᾶς
3460 1427 3672 1496 ὀφειλό-

2093 1532 2257 1586 μενον
2287 1517 2364 1589 (2)
2397 1518 2804 1589 ύπερεύχεσθαι
2838 1521 2999 1588 μόνον
3024 1523 3167 1592 ὑμᾶς
3197 1521 3558 1586 ἐξαιτοῦντες,
3591 1502 3669 1597 μή

2091 1609 2348 1665 κάκεῖθεν
2375 1612 2766 1684 ἀποζευχθεῖεν
2791 1614 2871 1688 (3)
2894 1616 3027 1683 πρὸς
3049 1616 3180 1671 Θεοῦ
3206 1616 3551 1686 φιλουμένων
3574 1615 3671 1669 καὶ

2092 1696 2365 1770 φιλτάτων
2393 1704 2547 1775 ὑμῶν
2577 1722 2590 1738 ·
2623 1706 2744 1776 μεθ’
2790 1701 2885 1771 ὧν,
2940 1708 3036 1761 Tit
3085 1708 3218 1761 Θεοῦ
3256 1709 3512 1773 ζωοδὸτα,
3551 1709 3672 1771 ταῖς

2092 1798 2375 1864 στρατιαῖς
2399 1797 2492 1851 καὶ
2509 1799 2658 1869 ἡμᾶς
2689 1799 3054 1872 συγχορεῦσαι
3075 1803 3192 1864 ταῖς
3219 1801 3497 1872 οὐρανίαις
3523 1800 3675 1853 εὐδό-

2012 1866 2057 1928 Β
2094 1900 2264 1952 κησον
2282 1866 2601 1956 πρεσϐείαις
2629 1892 2729 1962 τῆς
2757 1866 3109 1963 τεκούσης
3138 1866 3364 1963 μητρος,
3399 1894 3495 1946 καί
3527 1894 3607 1965 ἀπ
3636 1916 3672 1935 -

2101 1978 2324 2050 στόλων,
2351 1970 2586 2037 mea»
2620 1986 2937 2055 μαρτύρων,
2962 1985 3057 2040 καὶ
3085 1989 3301 2040 πάντων
3347 1985 3523 2054 ἁγίων
3552 2001 3672 2042 σου.

481 2192 550 2246 At
574 2189 825 2261 pluribus
847 2188 988 2243 idem
1009 2186 1341 2242 Athanasius
1375 2186 1429 2240 in
1459 2200 1566 2240 una
1603 2199 1671 2241 ex
1704 2186 1954 2255 epistolis
1983 2201 2015 2241 a
2045 2184 2205 2241 nobis
2242 2199 2406 2255 supra
2450 2185 2738 2242 recensitis
2774 2200 2992 2240 causam
3022 2181 3387 2241 abdicationis
3414 2181 3578 2251 primi
3604 2197 3671 2239 ac

405 2283 631 2340 secundi
656 2281 1054 2353 patriai-citatus
1079 2277 1336 2348 exponit;
1369 2292 1532 2346 quam
1558 2275 1781 2346 quidem
1799 2276 2087 2347 epistolam
2106 2276 2197 2334 hic
2233 2277 2502 2349 integram
2532 2293 2656 2335 cum
2686 2285 2876 2335 nostra
2910 2277 3164 2333 versione
3199 2277 3463 2333 exhibere
3511 2276 3668 2332 libet.

478 2400 739 2473 Epistola,
779 2397 1038 2473 quom-edo
1078 2405 1125 2450 et
1158 2395 1540 2473 _quare_prima
1594 2394 1922 2473 etsecunda

684 2466 1080 2541 patriam-Iratus
1116 2466 1380 2522 abdicatio
1424 2466 1566 2535 facta
1611 2466 1703 2518 sit.
1764 2489 1769 2494 -

471 2633 608 2690 Cum
638 2630 846 2688 Christi
880 2628 1179 2685 Ecclesiam
1212 2625 1450 2698 primum
1492 2620 1861 2695 quadriennio
1899 2637 1985 2676 re.

392 2721 605 2787 ximus,
638 2733 671 2775 ο
709 2719 875 2774 homo
902 2716 1016 2782 Dei,
1054 2715 1273 2785 quando
1297 2728 1361 2768 ea
1392 2713 1460 2767 de
1495 2728 1553 2768 re
1605 2726 1706 2768 nos
1755 2713 1989 2787 interro-

400 2809 561 2879 gasti,
592 2782 733 2878 vquo
787 2816 1035 2877 tempore
1070 2782 1322 2859 “sanctus
1381 2817 1537 2857 mens
1582 2803 1880 2873 imperator
1932 2782 1987 2856 in

403 2901 589 2971 regina
618 2900 833 2955 urbium
868 2901 975 2953 n‘on
1008 2897 1323 2953 morabatur
1344 2937 1360 2963 ,
1399 2895 1493 2951 sed
1532 2896 1584 2949 in
1616 2893 1838 2950 Oriente
1894 2910 1990 2948 ur-

402 3002 564 3066 gente
627 2992 774 3047 bello
823 2990 1097 3060 degebat,
1163 2988 1310 3060 quod
1367 2988 1509 3042 Deus
1559 2985 1988 3058 castigationem

311 3111 316 3115 ~
378 3086 725 3144 ~-ortbodoxis
749 3083 821 3138 ob
835 3091 1208 3154 contemptum
1229 3081 1986 3152 evangelicorum'praecepto-

374 3194 524 3233 'rum
579 3186 637 3234 et
692 3176 1004 3232 divinarum
1052 3175 1230 3245 legum
1270 3173 1630 3241 immisisset;
1689 3174 1985 3230 immanem

378 3270 550 3325 illam
589 3266 849 3324 videlicet
884 3264 1248 3320 Darbarorum
1302 3263 1664 3335 irruptionem
1695 3275 1750 3319 et
1809 3266 1983 3335 impe-

402 3372 556 3430 tum;
580 3360 727 3416 unde
752 3374 860 3414 non
892 3358 1085 3413 aderat
1108 3358 1201 3426 qui
1231 3366 1364 3413 tunc
1390 3357 1444 3413 in
1469 3357 1753 3429 dirigenda
1775 3358 1981 3414 Christi

402 3454 724 3513 haereditate
779 3452 848 3508 ad
899 3452 1243 3521 “angelicas
1279 3459 1334 3506 ct
1374 3451 1578 3520 legales
1609 3466 1771 3507 voces
1804 3461 1862 3507 et
1915 3453 1982 3508 ad

374 3562 626 3618 _-pascua,
678 3544 815 3601 mihi
851 3544 1325 3615 patrocinaretur;
1375 3552 1617 3599 attamen
1648 3547 1818 3615 gratia
1867 3544 1983 3601 Sal-

395 3640 616 3695 »vatoris
665 3638 772 3695 mei
826 3638 1050 3711 juvante
1104 3636 1169 3691 ad
1201 3634 1297 3691 Dei
1346 3634 1603 3704 placitum
1653 3650 1751 3706 pro
1775 3637 1984 3707 judicio

392 3744 460 3787 et
494 3714 757 3787 facultate
792 3745 914 3785 mea
970 3727 1223 3784 subditos
1271 3726 1600 3795 compellere
1658 3742 1766 3781 non
1803 3728 1984 3799 segnis

395 3836 546 3878 eram
581 3837 596 3886 ;
636 3819 814 3875 laicos
856 3816 1135 3883 videlicet,
1187 3815 1526 3893 sacerdotes,
1587 3815 1876 3886 episcopos
1928 3825 1984 3871 et

397 3914 740 3989 monachos;
772 3923 937 3981 atque
982 3908 1405 3989 adversantibus
1435 3907 1674 3978 undique
1708 3908 1980 3983 plurimis,

396 4017 454 4062 et
479 3988 619 4063 clam
659 4005 989 4077 publiceque
1024 4001 1436 4066 insidiantibus,
1470 4017 1534 4059 ac
1581 4000 1835 4057 Satanica
1868 4015 1981 4054 ma-

396 4099 515 4159 litia
550 4096 881 4154 offendicula
909 4095 1045 4149 mihi
1075 4094 1128 4148 in
1158 4093 1246 4147 via
1288 4092 1634 4162 parantibus,
1671 4106 1982 4145 sermones-

398 4208 507 4263 que
536 4190 739 4247 multos
775 4188 994 4258 iniquos
1051 4184 1339 4242 adversu'm
1386 4198 1473 4237 mc
1518 4182 1981 4253 contingentibus.

400 4300 505 4338 una
542 4283 597 4338 in
635 4283 804 4338 Deum
828 4295 924 4349 spe
957 4277 1188 4347 ejusque
1221 4275 1340 4333 solo
1368 4274 1678 4346 patrocinio
1705 4274 1980 4345 juvabar:

396 4382 721 4446 exspectans
759 4386 893 4425 num
945 4368 1154 4425 inimici
1207 4365 1313 4422 mei
1367 4356 1686 4436 poenitentia
1717 4406 1729 4430 ,
1786 4365 1983 4419 timore

400 4468 493 4524 Dei
536 4481 603 4523 ac
664 4464 898 4519 veritate
956 4460 1350 4525 ﬂecterentur,
1394 4472 1457 4512 ac
1514 4456 1677 4510 tinem
1739 4456 1983 4511 facerent

398 4558 814 4614 mendaciorum
847 4563 903 4610 et
954 4551 1384 4616 calumniarum,
1418 4563 1555 4621 quas
1586 4547 1852 4605 mendacii
1886 4564 1978 4618 pa-
2010 4582 2060 4640 ι)

399 4665 481 4709 ter
511 4652 565 4706 in
607 4648 896 4705 animabus
943 4659 1137 4699 eorum
1194 4640 1547 4713 inspergebat
1585 4656 1597 4693 :
1632 4640 1979 4710 maximeque

397 4744 442 4798 si
475 4739 894 4814 potentissimus
923 4737 1225 4805 imperator
1255 4746 1409 4788 meus
1450 4730 1518 4785 ad
1566 4730 1975 4799 imperatoriam

398 4836 589 4891 urbem
620 4833 786 4888 citius
809 4828 1124 4892 accederet,
1152 4825 1389 4895 hincque
1415 4839 1482 4878 ex
1514 4822 1698 4877 studio
1730 4821 1979 4877 veritatis

394 4940 448 4984 et
474 4927 700 4999 justitite
728 4922 1030 4980 secundum
1056 4920 1227 4974 Deum
1260 4931 1494 4972 examen
1529 4914 1862 4981 haberetur;
1907 4915 1982 4968 ita

400 5016 860 5092 nt'imperatoria
912 5020 1200 5082 permotus
1258 5007 1555 5079 prudentia
1610 5022 1720 5061 non
1780 5006 1979 5076 impios

398 5111 672 5184 perderet,
707 5106 802 5163 sed
847 5105 1025 5161 solum
1080 5102 1265 5157 omnia
1298 5100 1443 5157 labia
1473 5099 1663 5155 dolosa
1714 5098 1978 5162 frenaret,

399 5209 512 5260 imo
538 5204 705 5260 etiam
732 5208 881 5257 utea
909 5211 1030 5266 quae
1057 5210 1123 5250 ex
1149 5192 1417 5249 diabolica
1462 5190 1810 5263 suggestione
1842 5204 1979 5245 vane

397 5301 787 5373 vulgabantur,
815 5292 971 5364 quasi
1012 5291 1079 5345 ab
1131 5290 1254 5361 igne
1287 5285 1615 5343 animalcula
1672 5284 1813 5373 alata
1847 5300 1982 5340 con-

397 5372 780 5447 sumerentur:
803 5398 867 5438 ac
900 5397 1007 5436 non
1037 5379 1214 5433 solum
1256 5374 1660 5447 praeteritorum
1678 5372 1977 5427 vindictam

401 5460 639 5548 faceret;
671 5478 767 5536 sed
794 5476 957 5531 etiam
991 5470 1320 5544 perfectum,
1371 5465 1651 5524 assiduum
1686 5474 1742 5537 et
1787 5462 1982 5531 immo-

399 5574 510 5629 bile
538 5567 900 5643 patrocinium
943 5561 1213 5635 praeberet
1241 5574 1340 5629 pro
1383 5557 1586 5614 futuris
1627 5555 1921 5612 eventibus
1963 5573 1976 5609 :

400 5682 463 5721 ac
491 5665 715 5719 omnino
741 5656 1081 5714 conﬁdebam
1107 5668 1193 5708 me
1219 5651 1285 5706 ad
1307 5651 1399 5708 Dei
1433 5648 1695 5722 placitum
1723 5655 1975 5704 acturum

475 5799 552 5867 (I)
580 5793 907 5867 [.egendumf
924 5792 1074 5867 {ipim

472 5862 549 5921 (Εἰ
585 5862 667 5922 Att
696 5867 859 5932 ἡμεῖς
891 5862 1211 5934 ὀφείλομεν.

2090 2399 2363 2470 Γράμμα,
2398 2398 2535 2470 περὶ
2574 2397 2682 2453 τοῦ
2711 2395 2838 2470 πῶς
2882 2395 2980 2450 καὶ
3010 2394 3170 2470 erat!
3211 2394 3283 2470 τὰ
3312 2394 3431 2470 τῷν
3461 2410 3673 2470 παραι-

2162 2464 2424 2539 τῆἁνεων,
2455 2464 2569 2538 τῆς
2611 2468 2848 2537 πρώτης
2876 2467 3031 2536 φημί
3062 2466 3163 2519 καί
3202 2464 3507 2535 δευτέρας.
3542 2466 3671 2533 ac.

2158 2558 2357 2597 νοντΟ.

2157 2655 2272 2724 Τῆς
2315 2654 2556 2727 Χριστοῦ
2601 2653 2933 2726 Ἐιικλησίας
2990 2652 3053 2707 τὸ
3102 2652 3320 2724 πρῶτον
3371 2652 3465 2707 ἐπὶ
3521 2652 3667 2724 μόνῃ

2085 2748 2378 2823 τετραετίᾳ
2415 2750 2724 2821 γενόμενοι,
2759 2750 3014 2819 ἄνθρωπε
3049 2747 3147 2802 τοῦ
3175 2748 3334 2813 Θεοῦ,
3371 2749 3666 2818 ἐγκρατεῖς

2090 2842 2166 2907 ὡς
2193 2841 2510 2914 ἠρώτησας,
2554 2842 2650 2896 τοῦ
2681 2843 2837 2911 ἁγίου
2895 2858 3000 2911 μου
3031 2841 3439 2911 αὐτοκράτορος
3473 2842 3549 2911 μὴ
3578 2843 3672 2896 ἐνι-

2088 2933 2388 3006 δημοῦντος
2413 2933 2492 3004 τῷ
2533 2935 2655 2989 τότε
2685 2937 2750 3006 τῇ
2805 2934 3039 3005 βασιλίδι
3082 2935 3191 2988 τῶν
3245 2935 3448 2987 πόλεων
3474 2951 3490 2967 ο
3526 2935 3672 2990 ἀλλά

2091 3029 2222 3099 περὶ
2247 3026 2346 3097 τὴν
2379 3027 2495 3083 Ἕω
2523 3028 2622 3089 τὰς
2646 3026 2930 3099 διατριϐὰς
2963 3029 3273 3098 ποιουμένῳ
3302 3027 3667 3097 ἐκστρατείας

2090 3121 2531 3193 κατεπειγούσης
2586 3123 2774 3177 ἕνεκεν
2834 3125 2935 3191 τῆς
2995 3122 3365 3192 ἀπολυθείσης
3417 3121 3668 3183 παιδείας

2015 3234 2056 3293 C
2089 3214 2199 3269 ἀπὸ
2256 3214 2393 3268 Θεοῦ
2438 3214 2746 3287 ὀρθοδόξοις
2797 3215 2866 3269 δι’
2918 3215 3180 3285 ἀθέτησιν
3226 3214 3669 3285 προσταγμάτων

2090 3306 2469 3376 εύαγγελικῶν
2515 3309 2616 3363 καὶ
2666 3308 2839 3377 ἁγίων
2884 3309 3089 3378 νόμων,
3133 3311 3232 3379 τῆς
3283 3309 3668 3363 ἀνυποστάτου

2088 3401 2236 3470 φημὶ
2292 3400 2641 3472 βαρϐαρικῆς
2690 3402 2962 3471 ἐκδρομῆς
3000 3403 3094 3456 καὶ
3145 3401 3435 3473 κινήσεως.
3473 3401 3670 3455 Ἔνθεν

2086 3492 2167 3565 μὴ
2197 3492 2339 3564 ἔχων
2366 3494 2458 3548 τὸν
2494 3494 3037 3565 ἀντιλαμϐανόμενον
3070 3495 3155 3556 είς
3198 3492 3262 3546 τὸ
3293 3493 3391 3563 τὴν
3429 3493 3669 3563 κληρου-

2087 3572 2450 3655 χίανίθύνειν
2501 3586 2744 3657 Χριστοῦ
2800 3590 2938 3658 πρὸς
2994 3587 3093 3651 τὰς
3151 3587 3517 3656 εὐαγγελικὰς
3570 3588 3672 3641 καὶ

2087 3677 2354 3747 νομίμους
2390 3680 2575 3745 φωνὰς
2634 3680 2731 3733 καὶ
2762 3680 2958 3750 νομὰς,
3003 3680 3155 3749 ὅμως
3186 3680 3262 3749 ὡς
3312 3668 3545 3733 δυνατόν
3573 3697 3670 3749 μοι

2084 3770 2262 3842 δωρεᾷ
2292 3770 2389 3824 καὶ
2428 3771 2614 3842 χάριτι
2650 3771 2746 3826 τοῦ
2782 3772 3037 3844 Σωτῆρός
3076 3791 3182 3844 μου
3213 3773 3348 3843 πρὸς
3380 3775 3440 3827 τὸ
3469 3776 3669 3829 δοκοῦν

2089 3880 2179 3933 μοι
2210 3864 2506 3936 θεάρεστον
2552 3865 3002 3934 καταναγκάζειν
3039 3868 3101 3921 ού
3136 3869 3514 3938 κατενάρκουν
3550 3870 3673 3922 λαῖ-

2085 3957 2239 4020 κοὺς,
2298 3957 2467 4026 ἱερεῖς
2519 3959 2614 4013 καὶ
2672 3960 2978 4030 ἀρχιερεῖς,
3013 3959 3107 4015 καὶ
3159 3960 3517 4030 μονάζοντας,
3569 3963 3671 4016 καὶ

2082 4048 2262 4104 ταῦτα
2318 4052 2746 4120 πληθυνομένων
2801 4054 3062 4108 ἑκάστοτε
3106 4054 3215 4107 τῶν
3264 4044 3670 4123 ἀντικειμένων

2086 4160 2198 4213 μοι,
2237 4144 2335 4198 καὶ
2387 4144 2779 4214 ἐνεδρευόντων
2832 4146 3056 4215 ἀφανῶς
3099 4163 3159 4199 τε
3206 4147 3298 4199 καὶ
3345 4147 3666 4219 προφανῶς,

2083 4235 2345 4289 τιθέντων
2378 4254 2472 4307 μοι
2524 4237 2797 4291 σκάνδαλα
2832 4239 3071 4309 ἐχόμενα
3120 4239 3343 4309 τρίϐους
3386 4240 3671 4310 σκαιωρίᾳ

2087 4331 2379 4400 σατανικῇ,
2414 4331 2508 4382 καὶ
2543 4328 2738 4399 λόγους
2772 4331 2852 4384 ὅτι
2884 4332 3115 4395 πολλοὺς
3155 4337 3513 4404 παρανόμους
3538 4334 3670 4385 κατ’

2085 4420 2221 4491 ἐμοῦ
2267 4423 2685 4488 τεκταινόντων,
2725 4425 2828 4496 μιᾷ
2857 4424 2955 4478 καὶ
3001 4426 3135 4498 μόνῃ
3168 4427 3233 4494 τῇ
3284 4425 3378 4478 ἐπὶ
3398 4427 3496 4479 τὸν
3530 4425 3672 4480 Θεὶν

2088 4508 2402 4586 ἐτρεφόμην
2447 4515 2623 4570 ἐλπίδι
2674 4517 2770 4570 καὶ
2805 4516 3128 4587 ἀντιλήψειο
3156 4516 3233 4580 ὡς
3272 4517 3338 4571 ἂν
3369 4519 3485 4581 τοῖς
3513 4519 3678 4573 ἀνθι-

2089 4607 2380 4676 σταμένοις
2417 4608 2603 4672 κακῶς
2641 4608 2978 4679 μεταμέλεια
3022 4609 3333 4683 ἐπικάμψῃ,
3380 4612 3476 4664 καὶ
3502 4611 3673 4680 φόϐος

2087 4696 2223 4752 Θεοῦ
2277 4700 2375 4754 καὶ
2433 4700 2668 4772 ἀλήθεια
2724 4702 3112 4771 παυσαμένους
3161 4703 3526 4774 ψευδολογιῶν
3569 4704 3674 4758 καὶ

2087 4792 2376 4859 διαϐολῶν,
2407 4787 2483 4847 ὧν
2531 4794 2561 4846 6
2587 4793 2683 4848 τοῦ
2729 4790 2958 4865 ψεύδους
2998 4795 3183 4866 πατὴρ
3206 4797 3329 4857 ταῖς
3370 4796 3553 4849 αὐτῶν
3584 4798 3677 4849 ὲν-

2088 4888 2305 4958 σπείρει
2336 4887 2537 4959 ψυχαῖς
2560 4904 2577 4921 ο
2628 4889 2724 4942 καὶ
2764 4889 2964 4958 μᾶλλον
2997 4890 3046 4942 εί
3090 4889 3183 4943 καὶ
3213 4891 3243 4943 ὁ
3272 4889 3533 4961 κραταιὸς
3562 4891 3676 4943 αῦ-

2087 4979 2376 5049 τοκράτωρ
2431 4997 2534 5051 μου
2586 4981 2723 5049 πρὸς
2775 4983 2875 5052 τὴν
2932 4980 3330 5051 βασιλεύουσαν
3374 4980 3672 5049 ἀναζεύξει

2088 5070 2417 5143 ταχύτερον,
2448 5071 2744 5127 κάντεῦθεν
2773 5072 3077 5143 ἐξετασμὸς
3108 5074 3416 5145 φιλαλήθης
3443 5079 3542 5130 καὶ.
3574 5092 3673 5145 φι-

2090 5162 2363 5227 λοδίκαιος
2408 5164 2505 5219 καὶ
2536 5164 2805 5234 φιλόθεος,
2860 5170 2955 5219 καὶ
2998 5160 3176 5220 ταῦτα
3207 5165 3345 5237 πρὸς
3388 5165 3673 5236 βασιλείου

2089 5258 2380 5328 περιωπῆς
2428 5256 2824 5326 ἐκφερόμενος,
2850 5257 2951 5311 οὐκ
2980 5257 3201 5321 ἀσεϐεῖς
3226 5258 3408 5312 ὀλέσει
3444 5260 3542 5312 καὶ
3572 5260 3676 5330 μό-

2087 5367 2178 5404 νον
2229 5351 2325 5405 καὶ
2376 5350 2558 5405 πάντα
2611 5350 2680 5403 τά
2727 5350 2883 5421 χείλη
2915 5350 2985 5403 τά
3019 5349 3170 5404 δόλια
3225 5351 3670 5422 φιμωθήσονται,

2087 5442 2227 5498 ἀλλὰ
2277 5424 2372 5496 καὶ
2423 5443 2491 5497 τὰ
2539 5441 2913 5513 θρυλλούμενα
2939 5441 3055 5514 (sic)
3090 5442 3270 5513 μάτην
3323 5443 3675 5513 δαιμονιώδει

2089 5535 2353 5607 ὑποϐολῇ,
2387 5536 2468 5600 ὡς
2497 5536 2606 5588 ἀπὸ
2634 5536 2803 5606 πυρδς
2833 5534 3052 5604 ζωθφια
3074 5536 3338 5606 πτερωτά
3367 5536 3673 5607 φλογισθή-

2090 5645 2296 5683 σονται.
2332 5630 2442 5688 Καὶ
2466 5610 2565 5701 τῆν
2596 5629 2880 5700 ἐκδίκησιν
2911 5631 2970 5683 οὐ
3009 5628 3172 5699 μόνον
3204 5628 3313 5681 τῶν
3360 5644 3434 5680 πα
3447 5626 3677 5699 ρεληλυι

2161 5778 2237 5848 (5)
2268 5776 2431 5831 Forte
2456 5775 2854 5847 ἀπῡξευχθείην
2890 5775 2973 5830 vel
3001 5772 3494 5846 ἀποζευχθείημεν.
