3894 6366
199 318 202 322 “
230 337 331 401 ιρι

1643 307 2055 418 ,ΕΡιδτοιιε

3374 334 3490 395 ιιι.

232 453 401 506 θὸτων
439 448 673 515 ἐκεῖθεν,
720 448 856 505 ἀλλά
908 449 1006 504 καὶ
1057 450 1155 521 τὴν
1215 450 1499 523 ἀντίληψιν
1553 452 1694 526 πρὸς
1728 454 1802 509 τά

1913 467 1971 509 ac
1996 454 2218 510 divitias
2242 454 2648 511 cttmulaturum
2686 455 2820 511 mihi
2873 463 2928 512 et
2980 456 3280 526 disciplina:
3315 472 3481 513 evan-
3536 430 3549 461 ³

228 545 411 613 πρόσω
442 542 632 614 ἐντελῆ
687 543 781 597 καὶ
824 542 1052 615 διηνεκῆ
1102 544 1199 598 καὶ
1244 543 1799 618 ἀκράδαντον,⁶πρδς

227 637 370 691 ἅπαν
400 635 691 708 ἐθάρρουν,
724 637 820 689 καὶ
852 636 1125 707 ἐγχειρεῖν
1169 636 1262 692 καὶ
1291 636 1698 693 καταπλουτεῖν
1731 656 1799 711 με

228 729 543 798 θεάρεστον.
578 727 700 785 Kal.’
737 732 839 801 τὴν
878 730 1203 800 μογήσασαν
1246 731 1356 801 πρὸ
1395 731 1594 786 πολλοῦ
1628 733 1801 803 εὐαγ-

230 822 447 894 γελικὴν
480 824 575 876 καὶ
604 806 904 891 κανονικὴν
928 822 1037 876 τῶν
1071 824 1324 895 νομίμων
1359 823 1533 893 ἁγίων
1556 824 1798 896 θεσμῶν,

227 917 433 980 λαῖκοῐς
471 902 882 987 καῖμονάζουσι
914 917 1008 971 καὶ
1032 918 1196 972 παντὶ
1222 917 1301 987 τῷ
1324 921 1426 989 τῆς
1468 918 1800 991 Ἐκκλησίας

229 1006 559 1078 πληρώματι
586 1024 599 1039 ⁸
633 1008 691 1075 ἐξ
721 1002 799 1063 ὧν
840 1009 922 1072 είς
954 1008 1361 1081 αἰχμαλωσίαν,
1391 1008 1467 1074 ὡς
1508 1009 1667 1079 ἐφην,
1705 1008 1803 1064 καὶ

228 1100 383 1169 ὓϐριν
406 1100 648 1171 ψυχικὴν
700 1102 794 1155 καὶ
826 1101 1154 1172 σωματικὴν
1178 1099 1382 1172 ζημίαν
1413 1103 1442 1155 ὁ
1488 1102 1802 1172 περιούσιος

227 1192 442 1263 ἐξεδιὶθη
493 1193 642 1257 λαός.
696 1187 799 1248 Ὧν
840 1186 1194 1264 ἀλλοτρόπως
1245 1192 1517 1263 ρυσθῆναι
1565 1196 1661 1249 καὶ
1702 1193 1803 1263 τῆς

228 1287 356 1354 πρὶν
384 1284 660 1356 εὐτυχίας,
685 1286 763 1350 ὡς
803 1286 894 1341 ὅτε
941 1285 1184 1358 ηὖγαζεν
1230 1286 1257 1337 ό
1292 1284 1488 1357 λύχνος
1536 1286 1632 1339 τοῦ
1665 1284 1801 1340 Θεοῦ

226 1380 318 1432 ἐπὶ
344 1379 590 1451 κεφαλὴν
618 1381 717 1450 τῆς
744 1380 849 1433 τῶν
879 1381 1089 1434 πιστῶν
1135 1380 1491 1449 κληρουχίας,
1526 1377 1804 1449 ἐξυψωθῆ-

228 1488 316 1526 ναι
356 1475 450 1526 καὶ
499 1472 849 1544 εὐημερῆσαι
884 1474 975 1525 καλ
1016 1472 1388 1543 κρατυνθῆναι
1431 1470 1502 1524 δι’
1555 1471 1803 1533 ἐπινοίας

227 1569 321 1621 καὶ
355 1567 758 1638 ἐπιχειρήσεως
783 1566 1136 1637 ἀνθρωπίνης
1175 1566 1437 1629 παντοίας
1467 1564 1730 1618 ἀδύνατον
1752 1564 1802 1618 εί

231 1659 304 1729 μὴ
331 1659 425 1713 διὰ
477 1659 772 1730 μετανοίας
822 1657 1156 1729 εἰλικρινοῦς
1202 1657 1300 1710 καὶ
1331 1656 1628 1711 ἀνοθεύτου
1679 1657 1804 1710 ἐπι-

228 1753 471 1822 στροφῆς
506 1751 643 1821 πρὸς
692 1750 848 1816 θεδν,
897 1753 995 1805 καὶ
1057 1750 1444 1820 συντηρήσεως
1477 1747 1590 1802 τῶν
1640 1747 1803 1802 θείων

228 1843 582 1912 Εὑαγγελίων
632 1843 725 1898 καὶ
760 1844 963 1914 νόμων,
994 1843 1065 1905 ῶς
1097 1840 1478 1912 ὀνειδιζόμεθα
1517 1839 1654 1913 πρὸς
1700 1840 1799 1910 τῆς

227 1936 375 2000 θείας
406 1938 650 2009 Γραφῆς.
706 1955 726 1988 ι
762 1937 947 2000 Αὐτοὶ,
990 1953 1009 1987 ι
1042 1935 1232 2005 φησὶν,
1273 1952 1293 1987 ι
1339 1934 1440 1987 οὐκ
1482 1931 1706 2003 ἔμειναν
1741 1932 1801 1986 ἐν

227 2035 294 2104 τῇ
328 2030 565 2102 διαθήκῃ
603 2045 728 2101 μου,
778 2027 935 2097 κάγὼ
962 2028 1221 2099 ἠμέλησα
1273 2026 1478 2092 αὐτῶν,
1509 2025 1659 2095 λέγει
1686 2023 1802 2079 K6-

230 2138 367 2192 pto;.
417 2120 527 2172 Kal.
582 2118 763 2182 ὀλαός
809 2118 910 2171 οὐκ
955 2116 1288 2187 ἀπεστράφη
1342 2114 1448 2179 ἐως
1493 2115 1732 2186 ἐπλήγη.
1775 2132 1792 2165 ι

229 2214 360 2275 Καὶ,
402 2230 423 2264 ε
458 2212 523 2264 Εί
554 2213 582 2265 ὁ
613 2210 745 2274 λαός
792 2226 895 2280 μου
930 2209 1136 2281 ηκουσέ
1185 2225 1313 2279 μου,
1348 2209 1471 2273 ταῖς
1501 2207 1639 2272 ὁδοῖς
1697 2222 1801 2278 μου

229 2308 278 2361 εί
303 2306 599 2377 ἐπορεύθη,
651 2307 711 2359 ἐν
736 2304 818 2375 τῷ
850 2305 1045 2375 μηδενὶ
1082 2303 1150 2358 ἂν
1182 2303 1308 2366 τοὺς
1351 2302 1581 2373 ἐχθροὺς
1621 2299 1804 2356 αὐτῶν

229 2397 626 2454 ἐταπείνωσα.»
663 2397 795 2462 Καὶ,
828 2394 1270 2465 «Ἐπιστράφητε
1294 2394 1432 2464 πρὸς
1452 2393 1543 2464 μέ,
1563 2393 1656 2446 καὶ
1678 2394 1806 2447 ἐπι-

229 2491 620 2560 στραφήσομαι
667 2491 804 2559 πρὸς
839 2489 1007 2558 ὑμᾶς.
1047 2505 1068 2541 ε
1103 2487 1237 2555 Καὶ,
1267 2504 1285 2538 ι
1323 2486 1417 2556 Μὴ
1475 2483 1807 2558 ρητίνηόὑκ

229 2585 376 2637 ἐστιν
412 2586 471 2635 ἑν
509 2582 748 2647 Γαλαὰδ,
795 2583 980 2652 ίατρὸς
1009 2581 1114 2635 οὐκ
1151 2579 1298 2633 ἐστιν
1329 2582 1479 2648 ἐκεῖ;
1522 2578 1677 2634 Διατί
1706 2579 1807 2633 οὐκ

230 2676 399 2746 ἀνέϐη
438 2675 583 2739 ἴασις
614 2675 888 2745 θυγατρδς
915 2671 1049 2727 λαοῦ
1079 2690 1213 2744 μους
1260 2692 1282 2726 ι
1322 2676 1418 2727 καὶ
1439 2674 1543 2727 ὅσα
1575 2672 1808 2727 τοιαῦτα

231 2767 482 2831 θεσπίζει
515 2768 578 2819 τὸ
621 2765 848 2836 Πνεῦμα
882 2766 945 2819 τὸ
991 2765 1150 2833 ἅγιον
1190 2766 1271 2827 είς
1324 2764 1660 2836 ἐξυπνισμδν
1710 2762 1807 2819 καὶ

231 2860 512 2930 ποιμένων
559 2863 654 2914 καὶ
707 2861 1008 2928 ποιμνῗων,
1055 2860 1154 2915 καὶ
1186 2859 1419 2930 ἀπειλὴν
1462 2876 1811 2930 καταφρονη-

229 2952 365 3008 τῶν.
398 2952 559 3016 Τίνος
609 2954 718 3024 γὰρ
764 2952 979 3015 ἕνεκεν,
1028 2950 1143 3006 ἀλλ’
1187 2954 1246 3006 οῦ
1277 2952 1378 3023 τὴν
1409 2952 1666 3023 φροντίδα
1709 2952 1811 3019 τῆς

244 3044 571 3113 Ἐκκλησξας
616 3044 855 3114 Χριστοῦ
887 3045 981 3099 καὶ
1010 3044 1175 3109 αὐτὸς
1208 3044 1605 3115 ἀναδέδεγμαι,
1651 3046 1701 3100 εί
1734 3047 1810 3118 μὴ

1900 547 2092 619 gelicae
2118 548 2507 619 eanonicasque
2532 562 2655 618 quae
2675 547 2886 620 jamdiu
2913 549 3146 603 multum
3168 548 3478 613 laborabat,

1900 656 2115 697 necnon
2174 642 2352 707 laicis,
2400 642 2687 697 monachis
2723 649 2781 697 et
2824 641 2922 696 toti
2962 642 3221 698 Ecclesia:
3242 641 3480 713 plenitu-

1902 733 2018 789 dini
2055 751 2070 788 :
2102 749 2169 790 ex
2203 749 2313 805 quo
2340 734 2582 805 populus
2613 734 2910 805 peculiaris
2933 775 2947 797 ,
2978 744 3038 790 ut
3067 734 3200 801 dixi,
3225 734 3282 788 in
3305 735 3479 805 capti-

1902 827 2173 894 vitatem,
2235 828 2291 882 in
2354 827 2550 883 animae
2602 827 3031 890 contumeliam,
3095 835 3151 881 et
3198 830 3484 899 corporale

1902 920 2167 976 damnum
2216 919 2502 977 traditus:
2558 921 2654 991 qui
2704 919 2812 976 alio
2869 919 3029 974 modo
3069 918 3287 985 redimi,
3324 928 3381 974 et
3428 920 3484 974 in

1903 1011 2134 1081 primam
2194 1011 2534 1078 felicitatem,
2591 1025 2756 1082 quam
2816 1009 3054 1066 habebat
3098 1025 3223 1065 cum
3257 1011 3484 1066 lucerna

1904 1104 1998 1159 Dei
2039 1104 2250 1160 luceret
2275 1118 2439 1175 supra
2466 1114 2631 1174 caput
2659 1102 2997 1160 ltazreditatis
3033 1102 3299 1167 fidelium,
3326 1104 3488 1159 resti-

1905 1195 2008 1258 tui,
2034 1196 2165 1267 erigi
2194 1202 2246 1251 et
2284 1195 2584 1251 confortari
2626 1211 2736 1250 non
2796 1203 3033 1265 poterat,
3078 1195 3184 1250 nisi
3239 1210 3338 1266 per
3374 1197 3486 1250 sin-

1903 1303 2104 1361 ceram,
2140 1289 2541 1361 paenitentiam,
2597 1296 2654 1342 et
2704 1304 2898 1358 puram
2952 1288 3368 1343 conversionem
3419 1289 3486 1343 ad

1908 1383 2100 1444 Deum.
2132 1396 2196 1437 ae
2246 1397 2345 1452 per
2374 1381 2815 1436 observationem
2869 1380 3181 1436 divinorum
3240 1380 3489 1452 Evange-

1904 1475 2104 1530 liorum
2148 1485 2207 1530 et
2266 1475 2444 1545 legum
2480 1489 2496 1527 :
2527 1489 2633 1544 qua
2663 1474 2875 1529 ratione
2906 1489 2935 1529 a
2966 1473 3150 1529 divina
3203 1474 3487 1542 Scriptura

1903 1566 2267 1638 exprobratur
2326 1567 2507 1625 nobis.
2550 1584 2572 1620 ι
2610 1567 2743 1637 ipsi,
2777 1567 2876 1635 ait,
2926 1582 3035 1621 non
3069 1579 3491 1637 permanserunt

1906 1660 1962 1715 in
1995 1669 2325 1715 testamento
2351 1674 2495 1726 meo,
2527 1668 2585 1716 et
2611 1675 2711 1731 ego
2742 1657 2955 1729 neglexi
2983 1674 3100 1723 eos,
3137 1658 3271 1713 dicit
3298 1659 3485 1713 Domi-
3580 1706 3591 1713 .

1905 1767 2051 1819 nus;
2088 1772 2106 1805 ι
2141 1763 2244 1809 et:
2306 1771 2325 1805 ι
2359 1750 2951 1824 Ροριιίιιςόοιινεεειιε
3002 1765 3112 1805 non
3173 1758 3258 1804 est
3305 1749 3483 1805 donec

1902 1851 2285 1917 pereuteretnr
2310 1860 2325 1911 ;
2354 1863 2372 1898 ι
2413 1854 2468 1900 et
2490 1861 2505 1897 :
2524 1860 2544 1897 ι
2575 1842 2631 1899 Si
2663 1843 2895 1915 populus
2918 1858 3073 1897 meus
3099 1841 3346 1898 audisset
3370 1858 3479 1902 me.

1899 1942 1943 1997 si
1983 1941 2038 1996 in
2072 1939 2176 1995 viis
2210 1940 2348 1996 meis
2381 1938 2744 2002 ambulasset,
2777 1952 2878 2009 pro
2908 1936 3083 1992 nihilo
3111 1934 3338 1992 forsitan
3377 1936 3479 1990 ini-

1900 2032 2075 2089 micos
2102 2047 2296 2089 eorum
2336 2031 2711 2087 bumiliassem
2742 2048 2756 2097 ;
2793 2048 2811 2083 ι
2868 2038 2924 2086 et
2958 2048 2973 2083 :
3027 2048 3044 2082 ι
3093 2026 3489 2085 Convertimini

1900 2125 1967 2184 ad
1997 2135 2180 2192 me,et
2206 2134 2496 2182 convertar
2522 2125 2590 2179 ad
2621 2138 2717 2181 vos
2739 2142 2753 2191 ;
2779 2142 2796 2175 ι
2831 2132 2919 2181 et:
2957 2139 2976 2175 ι
3012 2121 3287 2192 Numquid
3310 2122 3491 2176 resina

1902 2230 1988 2277 est
2014 2221 2066 2275 in
2098 2219 2324 2283 Galaad,
2356 2228 2415 2274 et
2439 2217 2687 2274 medicus
2715 2233 2824 2273 non
2872 2225 2955 2272 est
3000 2215 3119 2271 ibi?
3155 2229 3327 2287 quare
3376 2228 3486 2268 non

1904 2311 2157 2368 ascendit
2186 2312 2400 2367 curatio
2433 2309 2555 2365 filiae
2577 2308 2766 2381 populi
2814 2309 2924 2363 mei
2951 2307 2974 2361 ?
3009 2327 3026 2360 ι
3060 2318 3118 2363 et
3146 2321 3493 2378 quaecunque

1905 2404 2103 2461 similia
2118 2403 2360 2474 Spiritus
2376 2411 2603 2458 sanctus
2629 2401 2962 2456 vaticinatur
2989 2399 3055 2455 ad
3074 2398 3489 2455 suscitationem

1906 2504 2189 2567 pastorum
2217 2506 2273 2552 et
2313 2495 2497 2552 ovium
2521 2536 2535 2560 ,
2561 2501 2618 2550 et
2658 2494 2728 2551 ad
2760 2492 3247 2552 comminationem
3305 2490 3495 2561 desivi-

1907 2588 2199 2646 cientium.
2231 2589 2350 2656 Qua
2394 2588 2462 2644 de
2496 2602 2663 2643 causa
2702 2588 2851 2643 enim
2886 2586 3145 2642 Ecclesize
3171 2584 3377 2642 Christi
3402 2599 3496 2639 Cll-

1910 2697 2022 2736 ram
2048 2679 2411 2750 susceperim,
2445 2678 2551 2733 nisi
2590 2679 2668 2733 ita
2696 2681 2932 2734 sentiam
2963 2684 3019 2732 et
3042 2676 3268 2732 doceam
3297 2685 3352 2731 et
3391 2690 3490 2744 pro

1910 2772 1980 2828 iis
2018 2772 2321 2843 pericliter,
2354 2772 2502 2842 quod
2556 2770 2783 2838 accidit,
2834 2780 3006 2842 utque
3038 2784 3227 2826 curem
3267 2785 3330 2825 ea
3375 2784 3497 2838 quae

1909 2866 2039 2923 Jesu
2074 2865 2278 2920 Christi
2307 2873 2362 2920 et
2392 2864 2655 2920 Ecclesia:
2682 2864 2801 2935 ejus
2827 2873 2957 2918 sunt
2979 2862 3048 2918 ad
3073 2876 3261 2917 sanam
3287 2860 3495 2915 doctri-

1912 2970 2038 3014 nam
2064 2958 2414 3014 statuendam
2474 2970 2576 3028 pro
2612 2956 2823 3012 viribus
2857 2956 3017 3023 meis,
3053 2968 3164 3025 quo
3200 2953 3317 3024 ipsa
3346 2952 3495 3008 omni

1913 3051 2123 3106 macula
2176 3060 2233 3106 et
2285 3052 2447 3106 sorde
2486 3050 2741 3122 superior
2773 3062 2979 3121 sponso
3023 3062 3127 3104 suo
3154 3054 3210 3101 et
3262 3045 3495 3103 Domino

229 3139 299 3191 si
323 3135 548 3225 τοιαῦτα
576 3136 673 3189 καὶ
702 3137 924 3207 φρονεῖν
956 3137 1054 3191 καὶ
1080 3135 1357 3191 διδάσκειν
1386 3139 1483 3191 καὶ
1514 3137 1657 3209 ὑπὲρ
1690 3138 1811 3194 τού-

1914 3152 2199 3214 appareat,
2226 3141 2372 3214 quod
2413 3142 2840 3214 indispensabile
2884 3140 3123 3198 oliicium
3151 3150 3236 3195 est
3262 3137 3496 3209 cujusli-

114 3251 131 3265 ν
229 3247 342 3284 των
378 3222 851 3301 προκινδυνεύειν,
876 3231 966 3284 καὶ
997 3229 1074 3293 ὥς
1102 3222 1324 3298 ἐγένετο
1347 3247 1362 3298 ;
1406 3230 1563 3285 Ἀλλά
1588 3231 1655 3284 τὰ
1682 3232 1815 3304 Χρι-

233 3323 361 3376 στοῦ
409 3322 588 3392 Ἰησοῦ
620 3322 713 3375 καὶ
750 3321 819 3376 τὰ
847 3322 948 3392 τῆς
990 3321 1319 3395 Ἐκκλησίας
1365 3324 1537 3379 αὑτοῦ
1576 3324 1717 3396 πρὸς
1746 3327 1814 3397 τῇ

234 3412 521 3484 ὀρθοδοξίᾳ
551 3413 679 3466 ὅσον
708 3410 769 3465 τδ
799 3412 920 3480 κατ’
949 3412 1073 3483 ἐμὲ,
1103 3414 1199 3468 καὶ
1231 3414 1448 3485 ρυτίδος
1489 3415 1585 3470 καὶ
1622 3415 1815 3470 σπίλου

234 3505 437 3566 παντὸς
483 3502 797 3574 ὑπερτέραν
840 3503 1073 3575 ὁρᾶσθαι
1122 3503 1202 3576 τῷ
1260 3506 1481 3578 νυμφίῳ
1517 3507 1691 3576 αὐτῆς
1722 3512 1816 3564 καὶ

232 3592 504 3664 Δεσπὸτῃ·
536 3592 565 3645 ὃ
616 3594 713 3646 κα)⁵
760 3595 986 3662 ποιμένι
1020 3595 1211 3663 παντὶ,
1273 3592 1392 3650 ἀλλ’
1452 3597 1514 3650 οῦ
1559 3598 1818 3670 μισθωτῷ

232 3686 650 3757 ἀναπολόγητον
678 3686 928 3757 ὄφλημα.
965 3688 1128 3742 Ἀλλά
1148 3687 1313 3758 βαϐαί
1338 3689 1350 3743 l
1390 3691 1817 3762 συμπτωμάτων

232 3778 345 3843 τῶν
372 3779 507 3851 παρ’
539 3778 734 3833 ἐλπίδα
773 3780 964 3846 τινῶν,
996 3779 1071 3843 ὡς
1099 3781 1301 3847 ἔοικεν,
1330 3781 1598 3853 ὀρθοδόξῳ
1626 3781 1818 3851 κλήσει

234 3870 681 3941 σεμνυνομένων.
731 3872 901 3943 Χείλη
950 3874 1009 3927 δέ
1039 3872 1191 3928 δόλια
1228 3876 1287 3927 ἐν
1321 3874 1523 3946 καρδίᾳ
1576 3876 1818 3931 ἀνασλυο

231 3964 443 4027 ζὲντων
495 3965 644 4018 κακὰ
692 3967 787 4019 καὶ
834 3968 1027 4038 πόρῤω
1063 3966 1225 4021 Θεοῦ.
1280 3967 1393 4020 Καὶ
1444 3969 1553 4037 γὰρ
1588 3970 1675 4022 ὅτε
1718 3970 1818 4039 τὴν

233 4061 332 4114 ἐπὶ
354 4059 423 4114 τά
464 4061 701 4131 κρείττω
738 4060 1048 4131 μεταϐολὴν
1098 4060 1428 4132 ἐπιλάμψαι,
1466 4061 1556 4116 διά
1590 4062 1685 4128 τῆς
1711 4062 1819 4115 τῶν

229 4155 397 4209 θείων
438 4152 658 4223 θεσμῶν
688 4153 1044 4226 ἐκζητήσεως
1072 4153 1171 4208 καὶ
1206 4154 1561 4217 ἀνανεώσεως
1597 4153 1819 4218 εὕελπις

229 4252 386 4320 ήμην
430 4252 497 4319 τῇ
535 4248 826 4301 ἐπελεύσει
866 4250 959 4302 τοῦ
1003 4249 1432 4319 αὐτοκράτορος,
1471 4250 1564 4301 καὶ
1601 4250 1664 4301 ὲκ
1712 4249 1819 4302 τῶν

233 4341 674 4410 συκοφαντωδῶν
694 4341 1121 4414 ἀῤῥητουργιῶν
1145 4343 1243 4395 ἀνα
1255 4342 1509 4406 πνεῦσαι,
1536 4341 1658 4395 τότε
1686 4342 1821 4414 μᾶλ-

230 4435 327 4487 λον
352 4435 424 4487 τὰ
458 4433 727 4504 θεοστυγη
761 4433 870 4487 τῶν
908 4432 1177 4487 διαΰολῶν
1208 4434 1645 4505 κεκραταίωνται
1694 4435 1818 4488 καθ’

1916 3234 2010 3289 bet
2036 3234 2271 3305 pastoris
2303 3234 2410 3289 nisi
2440 3235 2810 3290 mercenarius
2835 3234 2927 3289 sit.
2950 3232 3131 3298 Sed,o
3160 3233 3499 3301 inexspecta-

1917 3336 2026 3382 tam
2053 3328 2452 3384 calamitatem!
2508 3325 2898 3399 aquibusdant
2953 3325 3235 3381 inductam
3288 3324 3383 3395 qui
3432 3326 3498 3381 de

1915 3421 2217 3478 orthodoxa
2254 3422 2540 3478 vocatione
2574 3420 2752 3492 palam
2778 3419 3189 3492 gloriabantur,
3222 3418 3317 3473 sed
3351 3418 3500 3473 intus

1916 3524 1973 3571 et
2021 3516 2076 3571 in
2105 3515 2275 3571 corde
2325 3516 2470 3570 labia
2510 3514 2700 3569 dolosa
2746 3512 3100 3585 proferebant
3136 3521 3192 3566 et
3223 3510 3417 3582 procul
3469 3528 3498 3565 a

1921 3608 2028 3663 Deo
2047 3616 2223 3662 erant.
2250 3606 2388 3662 Cum
2413 3605 2562 3661 enim
2588 3620 2684 3676 per
2712 3605 3023 3659 divinarum
3058 3603 3237 3672 legum
3272 3601 3496 3670 perqui-

1919 3696 2177 3752 sitionetn
2235 3707 2293 3751 et
2349 3697 2780 3759 renuvationem,
2813 3693 3174 3747 mutationem
3206 3690 3263 3743 in
3305 3691 3503 3743 melius

1920 3785 2038 3843 fore
2084 3800 2364 3857 sperarem
2412 3785 2466 3840 in
2508 3785 2747 3841 adventu
2806 3782 3197 3855 imperatoris,
3237 3795 3301 3835 ac
3354 3795 3440 3836 me
3472 3795 3501 3834 a

1921 3876 2301 3951 sycophantiis
2329 3886 2385 3935 et
2438 3876 2730 3934 calumniis
2768 3876 3167 3945 respiraturum
3215 3888 3340 3928 esse
3371 3888 3503 3927 con-

1923 3970 2172 4038 liderem,
2205 3979 2336 4027 tunc
2369 3968 2604 4026 maxime
2661 3970 2771 4025 Deo
2826 3970 3030 4024 odiosa:
3058 3968 3165 4022 illa:
3215 3966 3504 4021 calumniae

1920 4062 2272 4119 invaluerunt
2298 4073 2492 4118 contra
2522 4077 2631 4125 me,
2682 4061 2893 4115 avuisis
2940 4075 2970 4114 a
3025 4074 3110 4114 me
3136 4058 3208 4114 ob
3240 4057 3505 4113 invidiam

1922 4171 2030 4212 non
2055 4155 2219 4211 modo
2252 4154 2516 4210 fratribus
2546 4166 2595 4210 et
2640 4152 3056 4218 cotnministris,
3084 4153 3212 4221 quia
3265 4166 3372 4204 non
3404 4166 3505 4219 pro

1920 4248 2263 4318 singulorum
2314 4244 2714 4315 cupiditatibus
2764 4242 2996 4298 allectus
3046 4256 3241 4305 eram.
3285 4240 3380 4295 sed
3418 4257 3507 4295 sr-

1920 4340 2162 4396 cnndum
2199 4338 2484 4394 veritatem
2524 4345 2580 4391 et
2613 4335 2882 4407 justitiam
2926 4334 3059 4398 Dei,
3089 4341 3150 4389 ut
3186 4333 3304 4403 ipse
3367 4332 3517 4388 mihi

1922 4432 2076 4487 testis
2104 4430 2211 4487 erit
2239 4470 2255 4487 .
2285 4429 2467 4496 Quare
2488 4437 2678 4483 coacta
2701 4437 2787 4482 est
2820 4427 2874 4480 in
2925 4425 3159 4482 ecclesia
3191 4436 3386 4481 contra
3419 4442 3507 4493 me

228 4528 417 4597 ἡμῶν,
474 4526 905 4598 ἀπορραγέντων
951 4543 1055 4596 μου
1091 4527 1154 4580 οῦ
1205 4527 1369 4597 μόνον
1422 4528 1533 4581 τῶν
1565 4528 1811 4597 ἀδελφῶν

1925 4524 2188 4597 synodus,
2219 4538 2283 4577 ac
2312 4523 2553 4593 quaesita:
2576 4518 2919 4577 conditiones
2957 4529 3107 4582 sunt,
3137 4528 3198 4573 ut
3225 4519 3268 4574 si
3301 4534 3501 4574 secun-

230 4623 329 4675 καὶ
358 4619 799 4692 συλλειτουργῶν
826 4621 918 4675 διὰ
963 4622 1024 4676 τὸ
1070 4621 1398 4693 ζηλότυπον,
1431 4623 1514 4676 ὅτι
1548 4623 1622 4692 μὴ
1681 4623 1817 4695 πρὸς

194 4717 338 4776 τὰς
366 4714 583 4786 ὀρέξεις
630 4715 919 4788 διεκείμην
953 4714 1211 4783 ἑκάστου,
1254 4718 1394 4785 πρὸς
1441 4717 1499 4770 δέ
1546 4718 1646 4786 τὴν
1687 4718 1819 4787 ἀλήο

229 4811 393 4862 θειαν
425 4808 519 4861 καί
557 4808 619 4861 τὸ
648 4807 859 4862 δίκαιον
894 4809 990 4862 τοῦ
1023 4807 1191 4872 Θεοῦ,
1225 4808 1300 4871 ὡς
1328 4808 1496 4874 αὐτὸς
1534 4811 1819 4881 μαρτυρή-

231 4920 323 4955 σει
360 4917 492 4971 μοιο
523 4901 650 4955 ὅθεν
682 4904 779 4956 καὶ
825 4903 1047 4957 σύνοδον
1093 4902 1424 4967 καθίσαντες
1467 4904 1566 4974 τῆς
1614 4903 1819 4973 ἐκκλη-

229 4992 359 5054 σῗας
390 4992 541 5055 ὲντίς
570 4989 700 5044 καθ’
730 4991 905 5061 ἡμῶν,
937 4992 1030 5044 καὶ
1060 4989 1319 5062 ζητήσεις
1352 4992 1711 5063 σκεψάμενοι,
1742 4993 1817 5055 ὼς

224 5086 277 5137 εἰ
320 5084 459 5154 πρὸς
482 5083 693 5147 ταύτας
722 5083 797 5155 μὴ
827 5086 1203 5138 κατανεύοντα
1238 5084 1466 5156 εὕρωσι.
1502 5085 1637 5157 μηδέ
1668 5086 1818 5139 αὐτοὶ

224 5176 681 5249 πατριαρχεύειν
715 5177 1154 5246 ὁμολογήσωσιν.
1199 5176 1388 5247 ἸΙμῶν
1427 5178 1485 5231 δέ
1513 5179 1581 5231 τά
1615 5178 1820 5231 τούτων

225 5274 535 5344 ζητήματα
565 5271 641 5342 μὴ
667 5272 1050 5343 ἀγνοησάντων
1084 5273 1319 5341 ματαίαν
1350 5274 1627 5342 πρόφασιν
1653 5266 1818 5337 εἶναι,

225 5366 542 5421 κάντεῦθεν
592 5367 963 5435 ἀπωσαμένου
1026 5365 1229 5430 αὐτοὺς
1277 5365 1374 5419 τοῦ
1431 5366 1508 5436 μὴ
1573 5362 1823 5419 ἀνελθεῖν

222 5463 378 5533 πρὸς
413 5461 585 5530 ἡμᾶς,
633 5457 730 5513 τοῦ
776 5461 1097 5530 σκέμματος
1144 5459 1551 5529 ἀστοχήσαντες
1591 5455 1730 5528 πρὸς
1763 5455 1826 5509 τὸ

222 5555 403 5624 ἔργον
455 5554 627 5624 χωρῖς
660 5552 918 5624 ἀφορμῆς
970 5551 1065 5605 τοῦ
1103 5552 1308 5615 ἐξῶσαι
1349 5549 1642 5621 ἐχώρησαν
1675 5549 1826 5619 παρά

223 5650 426 5700 πᾶσαν
457 5646 720 5716 ἀλήθειαν
747 5646 846 5715 τῆς
881 5644 1216 5715 Ἐκκλησίας
1257 5645 1426 5713 ἡμᾶς,
1460 5642 1826 5710 ἀποσυνάγω-

222 5759 336 5808 γον
371 5741 595 5809 θέμενοι
642 5739 735 5791 τὸν
768 5738 1067 5806 πλησιάσαι
1102 5738 1197 5791 καὶ
1234 5737 1565 5805 συλλαλῆσαι
1597 5738 1733 5805 ἡμῖν
1766 5735 1826 5799 ἐξ

220 5836 431 5889 αὐτῶν
465 5837 956 5901 συμφωνήσαντες.
1001 5833 1125 5886 Ἔτι
1159 5832 1295 5897 μὴδέ
1337 5832 1593 5893 ϐασιλεὺς
1625 5828 1685 5884 τὸ
1734 5848 1826 5883 τυ-

1922 4617 2052 4672 dum
2082 4631 2176 4671 eas
2219 4630 2420 4670 munus
2462 4612 2787 4685 patriarchae
2815 4611 2973 4666 obire
3007 4611 3235 4674 nollem,
3269 4625 3355 4664 me
3413 4608 3493 4664 illi

1922 4707 2291 4782 patriarcham
2347 4721 2469 4762 esse
2514 4713 2798 4776 negarent.
2861 4703 2997 4760 Cum
3062 4717 3349 4757 nos.vcro
3408 4701 3509 4756 has

1922 4804 2251 4876 quaestiones
2284 4817 2480 4857 vanum
2538 4809 2863 4873 praetextum
2897 4813 3019 4853 esse
3072 4812 3179 4851 non
3229 4798 3508 4867 ignorare-

1924 4912 2064 4960 mus,
2100 4910 2164 4949 ac
2194 4894 2316 4948 ideo
2346 4893 2492 4962 ipsos
2541 4892 2935 4961 repelleremus
2979 4904 3048 4942 ne
3080 4903 3187 4965 nos
3239 4890 3507 4942 conveni-

1925 4997 2067 5052 rent,
2125 5003 2250 5043 cum
2276 5002 2307 5040 τι
2331 5000 2499 5055 scopo
2530 4999 2631 5040 suo
2657 4983 2793 5052 lapsi
2824 4990 3033 5045 essent,
3083 4980 3201 5034 sine
3234 4984 3501 5049 praetextu

1924 5083 1990 5137 ad
2017 5097 2118 5137 nos
2140 5080 2426 5153 pellendos
2452 5088 2507 5134 et
2525 5076 2864 5133 abdicandus
2886 5083 3278 5145 processerunt
3304 5083 3506 5144 pra'ter

1924 5189 2143 5230 onmem
2184 5174 2493 5240 veritatem,
2531 5185 2728 5241 meque
2779 5179 2935 5225 extra
2977 5169 3317 5240 Synagogam
3348 5180 3510 5221 suam

1928 5252 2195 5334 fecerunt,
2230 5276 2395 5337 autne
2420 5282 2532 5322 uno
2563 5279 2840 5320 consensu
2880 5277 2966 5318 me
3015 5278 3044 5317 a
3094 5259 3371 5330 colloquio
3404 5276 3510 5315 suo

1925 5362 2314 5419 cohibuerunt.
2356 5361 2425 5416 Et
2461 5360 2646 5414 adhuc
2692 5358 2915 5428 quidem
2972 5370 3151 5425 neque
3210 5355 3512 5424 imperator

1926 5470 2106 5525 neque
2166 5455 2368 5524 aliquis
2422 5450 2931 5508 comministrorum
2970 5448 3104 5501 mihi
3168 5444 3509 5500 subveniens

1926 5562 2120 5604 eorum
2142 5548 2374 5603 consilio
2401 5544 2640 5601 obstitit.
2665 5542 2821 5597 Tunc
2849 5556 2938 5596 res
2975 5540 3243 5594 humanas
3270 5537 3513 5593 defleba-

1930 5657 2072 5703 mus,
2103 5655 2214 5710 quo
2246 5647 2407 5710 pacto
2443 5652 2543 5693 nos
2575 5636 2831 5692 homines
2866 5635 3035 5688 Deum
3068 5631 3139 5685 oi)
3172 5630 3364 5684 oculos
3398 5640 3509 5683 nun

1932 5733 2187 5802 ponimus
2244 5732 2532 5802 inquibus
2562 5736 2772 5786 contra
2816 5726 3104 5781 veritatem
3161 5723 3408 5790 agimur;
3444 5721 3512 5773 iis

1931 5831 2025 5895 qui
2068 5846 2166 5883 nos
2217 5828 2447 5883 oderant
2483 5827 2535 5879 in
2568 5825 2714 5893 regia
2764 5819 3108 5891 congregatis
3142 5833 3264 5869 cuin
3298 5814 3509 5880 lautitia,
