3894 6366
390 366 497 431 499

1446 377 1877 443 ATHANASII
1921 383 2035 446 CP.
2072 382 2595 446 PATRIARCHxE

393 486 457 532 ut
484 476 787 534 calumnias
812 486 869 533 et
900 482 1192 551 opprobria
1225 499 1343 541 mea
1369 486 1759 547 confirmarent
1785 501 1840 548 et
1877 493 1972 549 ab-

2078 494 2191 564 χδν,
2228 494 2362 567 μηδέ
2415 512 2499 559 τις
2533 493 2642 548 τῶν
2698 493 3140 566 συλλειτουργῶν
3176 497 3398 571 ὑπᾴδων
3439 495 3499 551 τὸ
3534 497 3656 568 βούσ

395 568 726 625 dicationem
757 570 903 625 illam
950 571 1192 645 iniquam
1225 580 1385 647 quasi
1432 597 1532 651 pro
1580 598 1734 640 more
1774 583 1975 640 fretam

396 671 452 718 et
474 664 773 736 legitimam
802 669 1201 727 ostenderent:
1241 687 1347 742 qua
1398 674 1467 730 de
1514 691 1573 731 re
1629 676 1744 747 ipsa
1779 679 1978 734 veritas

399 758 557 825 dicit,
587 777 605 811 ι
647 759 718 816 Ut
755 763 935 818 omnis
957 764 1049 834 qni
1090 766 1308 821 occidet
1330 783 1451 836 vos,
1487 769 1787 826 arbitretur
1813 773 1975 828 obse-

401 850 592 920 quium
627 867 686 908 se
723 864 982 924 praestare
1014 856 1155 923 Deo;
1194 876 1212 909 ι
1252 873 1376 915 cum
1416 876 1577 916 nemo
1618 872 1748 918 tunc
1782 878 1849 919 eo
1882 880 1976 919 ac-

402 943 599 999 cedere
623 944 873 1012 auderet,
904 947 1008 1002 nisi
1041 948 1217 1003 solum
1252 948 1289 1003 ii
1311 952 1403 1021 qui
1428 967 1567 1007 vana
1599 963 1656 1009 et
1692 954 1976 1011 mendacia

402 1033 722 1098 tuebantur,
767 1036 1011 1107 lignariis
1058 1039 1305 1096 ecclesia:
1356 1041 1506 1099 intus
1544 1045 1784 1116 undique
1841 1061 1976 1102 con-

400 1122 725 1191 ﬂuentibus,
753 1142 816 1183 ac
868 1145 1060 1201 magna
1104 1146 1239 1187 voce
1266 1136 1639 1202 contumeliis,
1674 1140 1897 1210 probris
1920 1151 1976 1196 ct

403 1218 878 1277 anathematismis
922 1233 1113 1278 contra
1162 1240 1265 1281 nos
1321 1228 1652 1285 utentibus:
1711 1230 1799 1286 vel
1852 1246 1975 1286 sero

403 1310 623 1367 tandem
659 1328 801 1369 unus
824 1330 886 1368 ex
916 1316 1210 1372 senatoriis
1240 1317 1306 1373 ad
1337 1334 1438 1375 nos
1468 1322 1735 1390 accessit,
1772 1338 1835 1380 ac
1864 1325 1976 1379 cla-

406 1417 616 1459 morem
670 1407 1079 1476 episcoporum,
1126 1424 1299 1479 eaque
1348 1428 1469 1483 qua:
1522 1423 1710 1471 contra
1774 1416 1972 1471 famam

316 1560 319 1563 ς
402 1506 645 1552 nostram
672 1498 923 1569 evulgata
951 1499 1188 1569 fuerant,
1228 1517 1348 1572 quae
1379 1519 1509 1561 sane
1532 1507 1834 1563 consistere
1865 1523 1974 1563 non

402 1598 658 1657 poterant
686 1582 874 1661 utpote
903 1608 1041 1647 vana
1074 1602 1129 1649 et
1156 1596 1460 1658 mendacia.
1500 1607 1559 1652 ut
1604 1600 1757 1654 novit
1800 1604 1847 1657 is
1880 1603 1974 1673 qui

403 1695 529 1736 cum
572 1681 784 1753 justitia
827 1684 1176 1763 judicaturus
1230 1697 1315 1743 est
1381 1688 1690 1746 universam
1749 1702 1972 1758 terram,

401 1775 596 1832 acerbe
624 1777 988 1843 renuntiavit,
1016 1794 1117 1834 nos
1162 1779 1392 1837 fortasse
1422 1782 1851 1852 perterrefacere
1879 1800 1977 1839 cu-

403 1880 551 1930 rans,
585 1864 647 1921 ac
666 1868 711 1923 si
745 1876 896 1923 certo
927 1870 1178 1927 scivisset
1211 1888 1310 1927 nos
1339 1873 1675 1944 ohjectorum
1706 1875 1974 1930 scelerum

402 1972 527 2012 reos
555 1969 772 2023 esse,et
793 1960 949 2030 quasi
983 1961 1273 2018 miseratus
1303 1964 1666 2027 calamitatem
1707 1978 1972 2032 nostram,

399 2059 457 2107 et
489 2052 701 2108 veritus
761 2068 829 2108 ne
863 2054 1376 2112 condemnationem
1431 2067 1770 2128 pateremur,
1824 2059 1976 2114 abdi-

398 2146 670 2203 cationem
704 2163 735 2202 a
764 2162 850 2204 me
876 2149 1213 2218 postulabat,
1250 2160 1309 2205 ut
1340 2151 1763 2207 tolerabiliorem
1799 2171 1811 2207 :
1842 2168 1904 2206 ac
1928 2152 1974 2207 si

400 2239 865 2312 quisquempiam
908 2243 1159 2298 occidere
1209 2244 1478 2314 gestiens,
1523 2260 1589 2300 ex
1624 2245 1806 2315 specie
1828 2261 1976 2300 como

398 2331 791 2399 miserationis,
814 2343 978 2404 caput
1002 2337 1121 2408 ejus
1150 2336 1552 2406 praecidendum
1574 2352 1697 2393 esse
1731 2353 1973 2407 pronuno

399 2424 526 2479 tiet.
559 2428 628 2479 At
665 2440 767 2480 nos
798 2425 1070 2482 diximus:
1096 2426 1551 2483 Praestantissimo
1575 2428 1817 2495 domine,
1847 2444 1969 2484 cum

400 2518 606 2588 injuste
637 2519 927 2591 nobiscum
958 2532 1181 2592 agatur,
1214 2531 1376 2594 atque
1432 2523 1627 2578 horum
1679 2524 1973 2579 criminum

402 2612 566 2667 nobis
610 2614 817 2670 conscii
877 2630 984 2669 non
1038 2616 1231 2682 simus,
1284 2617 1609 2672 sententiam
1668 2617 1976 2686 expetimus

399 2705 649 2775 judieum
682 2708 774 2777 qui
810 2707 980 2763 Deum
1022 2724 1134 2779 prae
1167 2708 1343 2765 oculis
1397 2708 1652 2764 habeant.
1712 2709 1779 2765 Et
1833 2726 1975 2780 quo-

398 2797 565 2852 modo
617 2797 1021 2854 abdicationem
1061 2799 1356 2856 dabimus?
1384 2800 1539 2868 Quod
1571 2802 1616 2857 si
1644 2802 1974 2859 auctoritate

400 2892 666 2961 compulsi
689 2891 819 2948 dare
844 2909 1125 2965 cogamur,
1174 2894 1228 2949 in
1284 2896 1561 2951 communi
1590 2895 1848 2950 tribunali
1884 2910 1976 2950 ve-

399 2982 532 3040 ritas
580 2999 689 3039 non
763 2987 1159 3056 confutabitur,
1207 2988 1429 3058 quando
1493 2989 1638 3044 Dens
1704 2988 1982 3057 ultionum.

398 3074 572 3131 libere
599 3085 722 3146 aget
755 3094 768 3131 :
805 3094 974 3133 unum
1007 3088 1159 3135 certe
1213 3094 1279 3135 ex
1313 3079 1511 3136 oblatis
1543 3089 1732 3137 contra
1759 3095 1884 3137 nos.
1912 3087 1972 3134 ut

2078 589 2259 659 λευμα
2290 586 2535 641 τοιοῦτον
2575 587 2769 659 κρίνας
2819 588 3076 660 ἀντέστη.
3122 590 3546 660 Ἐταλανίσαμεν
3585 590 3656 644 τὰ

2079 679 2422 752 ἀνθρώπινα,
2453 680 2571 743 πῶς
2609 679 2686 750 μὴ
2715 679 2822 749 πρὸ
2851 679 3148 750 ὀφθαλμῶν
3176 683 3225 735 oi
3257 683 3534 752 ἄνθρωποι
3566 699 3651 737 τι·

2079 774 2290 847 θέμεθα
2320 775 2415 827 καὶ
2462 773 2595 827 Θεὸν
2629 774 2687 827 ἐν
2737 768 2819 838 οἷς
2862 774 3011 829 κατά
3043 775 3141 845 τῆς
3178 761 3446 845 ἀληθείας
3495 775 3657 845 φερό-

2081 867 2242 937 μεθα,
2287 867 2394 920 τῶν
2445 865 2749 936 μισούντων
2777 866 2845 919 τά
2876 867 3198 935 ἀνακτόροις
3245 868 3652 937 ἀθροιζομένων

2079 960 2138 1013 ἐν
2166 957 2501 1029 εὐφροσύνη,
2552 959 2632 1022 είς
2669 958 2728 1012 τὸ
2764 960 2890 1021 τοὺς
2928 960 2990 1011 ἐκ
3037 958 3302 1013 διαϐολῶν
3338 958 3461 1013 καθ’
3494 959 3652 1028 ήμῶν

2082 1051 2310 1122 μώμους
2358 1053 2631 1121 συστῆσαι
2673 1050 2769 1104 καὶ
2799 1052 3164 1121 κραταιῶσαι,
3201 1052 3288 1104 ina
3335 1050 3434 1119 τήν
3468 1051 3653 1105 ἄδικον

2070 1134 2310 1214 ἲκδολὴν
2355 1144 2431 1208 ὡς
2464 1142 2671 1212 συνήθη
2707 1142 2803 1196 καὶ
2842 1143 3072 1210 νόμιμον
3122 1141 3471 1207 ἀποδείξωσι,
3507 1141 3653 1195 καθὰ

2079 1239 2210 1309 περὶ
2237 1229 2315 1292 ῶν
2342 1238 2375 1307 ή
2398 1235 2783 1303 αὐτοαλήθεια,
2809 1234 2958 1290 «Ἵνα
2980 1236 3087 1298 πᾶς
3108 1236 3135 1289 ὁ
3155 1235 3483 1295 ἀποκτείνας
3510 1234 3652 1304 ὑμᾶς

2076 1330 2203 1402 δόξῃ
2227 1328 2479 1399 λατρείαν
2503 1327 2834 1398 προσφέρειν
2850 1325 2925 1397 τῷ
2951 1325 3127 1403 βεῷ,ι
3184 1327 3409 1399 μηδενὸς
3429 1328 3654 1399 πλησιά.

2081 1441 2174 1477 σαι
2206 1423 2584 1493 τολμήσαντος
2628 1420 2836 1486 ἔκτοτε,
2879 1419 3042 1489 μόνον
3074 1420 3132 1474 δὲ
3164 1420 3274 1474 τῶν
3305 1420 3654 1490 φυλασσομέ-

2078 1532 2185 1570 νων
2213 1513 2282 1568 τά
2312 1514 2520 1583 μάταια
2572 1512 2670 1566 καὶ
2700 1509 2874 1583 ψευδῆ
2909 1510 3164 1578 ξυλωτῶν
3217 1512 3318 1581 τῆς
3352 1513 3654 1583 ἐκκλησίας

2078 1605 2231 1667 ιντδς
2275 1602 2685 1675 συντρεχόντων
2743 1602 3008 1656 ἑκάστοτε
3032 1617 3047 1631 ·
3083 1600 3179 1655 καὶ
3227 1600 3523 1671 λοιδορίαις
3557 1602 3655 1654 καὶ

2080 1698 2273 1770 ὕϐρεσι
2300 1696 2397 1751 καὶ
2446 1696 2920 1766 ἀναθεματισμοῖς
2976 1693 3100 1748 καθ’
3135 1692 3299 1763 ήμῶν
3343 1694 3654 1763 χρωμένων

2084 1788 2298 1859 μεγάλῃ
2346 1789 2499 1858 φωνῇ
2521 1803 2538 1820 ο
2570 1784 2668 1856 ὀψὲ
2697 1785 2753 1839 δὲ
2794 1785 2887 1838 καὶ
2919 1784 3071 1856 μόλις
3119 1784 3236 1848 ἑνὸς
3273 1783 3656 1853 συγκλητικῶν

2084 1884 2221 1954 πρὸς
2250 1880 2400 1951 ἡμᾶς
2428 1879 2769 1942 ἀνελθόντος,
2801 1878 2897 1932 καὶ
2921 1877 2991 1931 τὰ
3016 1880 3112 1946 τῆς
3142 1877 3390 1948 κραυγῆς
3411 1876 3520 1929 τῶν
3558 1877 3657 1957 ἀρ-

2079 1975 2307 2046 χιερέων
2334 1979 2428 2029 καὶ
2475 1972 2544 2028 τά
2575 1969 2925 2043 φημιζόμινα
2957 1969 3100 2024 κατὰ
3134 1971 3230 2040 τῆς
3269 1972 3424 2040 ήμῶν
3450 1969 3657 2041 ὑπολή-

2078 2068 2227 2137 ψεως
2286 2065 2641 2122 ἀνυπόστατα
2697 2064 2793 2119 καὶ
2831 2064 3034 2134 μάταια
3069 2064 3175 2115 καὶ
3189 2061 3380 2132 ψευδῆ,
3412 2060 3489 2124 ὡς
3517 2054 3657 2113 οἶδεν

2078 2162 2109 2213 ὁ
2141 2160 2354 2231 μέλλων
2383 2160 2568 2230 κρίναι
2601 2157 2795 2213 πᾶσαν
2820 2156 2920 2227 τὴν
2957 2155 3060 2226 γῆν
3090 2155 3149 2209 ὲν
3179 2152 3524 2223 δικαιοσύνῃ,
3556 2154 3659 2224 ἐμ-

2080 2255 2283 2322 ϐριθῶς
2329 2250 2743 2322 διεξερχομένου
2792 2246 3137 2318 καταπλῆξαι
3186 2246 3332 2315 τάχα
3379 2247 3528 2316 ἡμᾶς
3561 2244 3658 2297 καὶ

2081 2347 2342 2418 φοϐῆσαι,
2376 2345 2452 2408 ὡς
2478 2343 2638 2415 είπερ
2684 2342 2922 2413 ἐργάτην
2951 2340 3344 2412 ἀναμφιϐόλως
3381 2337 3659 2407 ήπίστατο

2078 2437 2189 2491 τῶν
2229 2434 2624 2506 φημιζομένων
2662 2434 3033 2503 ἀνομημάτων
3060 2435 3125 2503 τῇ
3171 2429 3437 2501 ᾐπσλήψει
3473 2429 3656 2498 ἡμῶν,

2079 2530 2175 2585 καὶ
2199 2527 2273 2593 ὡς
2300 2528 2590 2598 οἰκτείρων
2633 2529 2774 2595 τάχα
2805 2526 2905 2595 τῆς
2954 2526 3241 2595 συμφορᾶς
3281 2524 3355 2593 μὴ
3393 2521 3657 2591 καθαίρε-

2082 2640 2169 2678 σιν
2198 2621 2483 2690 πάθωμεν,
2510 2619 2709 2692 ἀπῄτει
2759 2618 3094 2689 παραίτησιν
3130 2617 3190 2670 τὸ
3229 2618 3368 2686 τάχα
3398 2614 3659 2683 κουφότε-

2081 2733 2192 2789 ρον,
2225 2715 2322 2781 ὡς,
2354 2714 2409 2768 εἴ
2449 2731 2533 2777 τις
2573 2713 2782 2767 κτεῖναί
2816 2728 2940 2765 τινα
2984 2709 3277 2779 σφαδάζων
3321 2707 3479 2777 θυμῷ
3512 2724 3658 2777 συμ-

2078 2790 2312 2869 ⁸ἶταθείας
2345 2804 2696 2877 προσχήματι
2721 2800 2905 2867 δῆθεν,
2949 2799 3110 2869 μόνον
3134 2798 3327 2851 τούτου
3351 2797 3449 2867 τὴν
3479 2813 3657 2863 κεφα-

2076 2896 2174 2965 λὴν
2204 2895 2459 2965 ἐκτεμεῖν
2493 2893 2869 2963 ἀποφήνηται.
2916 2887 3059 2941 Ἀλλ’
3088 2889 3272 2958 ἡμεῖς,
3302 2888 3467 2956 κυρὸς
3497 2887 3525 2937 ὁ
3555 2900 3657 2953 με-

2076 3004 2203 3057 γας,
2235 2986 2482 3049 εἰπόντες
2499 2984 2575 3055 τῷ
2601 2984 2855 3054 ἄρχοντι,
2878 2981 3243 3050 ἀδικούμενοι,
3261 2979 3335 3041 ὼς
3364 2978 3529 3048 μηδὲν
3546 2977 3659 3030 τῶν

2079 3069 2605 3149 συκοφαντουμένων
2653 3076 2876 3141 εἰδότες,
2923 3075 3107 3143 κρίσιν
3164 3071 3441 3142 ζητοῦμεν
3500 3067 3657 3137 παρά

398 3167 557 3233 dicis,
595 3168 936 3234 criminibus,
994 3187 1103 3226 non
1155 3171 1317 3227 modo
1350 3170 1547 3227 suﬂicit
1576 3171 1643 3226 ad
1687 3186 1856 3226 unum
1914 3179 1969 3226 et

2078 3172 2277 3245 κριτῶν
2305 3170 2438 3225 Θεὸν
2463 3171 2695 3242 ἑχόντων
2736 3169 2842 3238 πρὸ
2870 3166 3187 3238 ὀφθαλμῶν*
3226 3165 3323 3217 καὶ
3357 3164 3471 3225 πιῦς
3507 3178 3659 3228 παρη

403 3257 605 3322 solum,
627 3259 723 3317 sed
757 3261 917 3316 etiam
952 3262 1018 3316 ad
1051 3270 1222 3317 totum
1262 3263 1644 3334 episcoporum
1674 3273 1873 3319 emtum
1908 3279 1976 3318 ex

405 3348 649 3406 Ecclesia
701 3353 1127 3421 pellendum;si
1159 3354 1379 3426 quidem
1412 3356 1691 3413 auditores
1746 3356 1976 3412 menda-

412 3443 560 3498 cium
588 3446 802 3502 veritati
830 3459 1174 3519 praeponam.
1227 3451 1296 3504 At
1326 3450 1628 3519 periculum
1659 3459 1763 3515 est,
1800 3449 1977 3520 inquit

399 3537 512 3600 ille,
553 3553 621 3594 ne
659 3548 710 3595 te
741 3545 1127 3608 condemnato,
1150 3545 1244 3614 qui
1271 3561 1300 3599 a
1330 3554 1380 3600 te
1412 3545 1650 3600 ordinati
1678 3554 1805 3598 sunt
1830 3545 1976 3598 inter

396 3631 569 3689 laicos
598 3633 945 3705 abjiciantnr.
971 3636 1080 3705 Nos
1106 3652 1237 3693 vero
1260 3648 1449 3694 contra
1468 3676 1486 3702 .
1515 3638 1638 3694 Haec
1657 3654 1782 3694 vera
1804 3638 1975 3691 simu-

398 3726 532 3781 latio
554 3736 656 3794 est,
687 3727 946 3791 diximus,
980 3744 1105 3783 nam
1156 3730 1248 3799 qui
1279 3746 1308 3784 a
1353 3730 1514 3786 nobis
1569 3730 1830 3785 laedendis
1866 3743 1974 3782 non

398 3818 1098 3890 abstinuerunt,quomodo
1128 3822 1250 3878 aliis
1281 3823 1546 3893 parcent?
1576 3821 1645 3878 Ut
1673 3830 1855 3875 autem
1885 3819 1977 3875 ille

398 3912 485 3966 vir
515 3911 811 3982 primarius
860 3913 996 3967 nihil
1050 3914 1302 3983 perfecit,
1347 3915 1565 3970 etiamsi
1607 3914 1691 3969 bis
1725 3925 1780 3968 et
1829 3927 1976 3983 saepe

404 4003 624 4069 exierit,
684 3994 922 4060 nemine
954 3986 1458 4061 comministrornm
1508 4004 1593 4060 vel
1645 4005 1973 4063 clericorum

401 4096 489 4151 vel
518 4090 948 4164 hcgumcnorum
979 4098 1063 4152 his
1096 4099 1353 4153 omnibus
1375 4099 1572 4153 diebus
1597 4098 1664 4152 ad
1696 4113 1796 4152 nos
1821 4112 1978 4153 accc-

401 4187 533 4243 dere
591 4187 849 4252 audente,
905 4198 1133 4258 excepto
1177 4198 1387 4244 tantum
1416 4189 1674 4259 episcopo
1733 4188 1977 4256 Gangre-

403 4295 548 4347 rurn,
578 4281 800 4351 quicum
844 4296 959 4335 rem
992 4281 1392 4338 communicavi
1421 4298 1436 4346 ;
1468 4296 1533 4335 ac
1564 4279 1974 4336 hierornonachi

400 4374 622 4429 assidue
647 4374 1030 4437 hortabantur,
1052 4369 1351 4446 utpote'qui
1376 4375 1630 4430 viderent
1660 4372 1972 4445 hujusmodi

401 4468 719 4547 incendium
747 4478 941 4525 contra
979 4485 1081 4524 nos
1112 4470 1180 4525 ab
1207 4469 1463 4523 omnibus
1494 4468 1813 4529 excitatum,
1850 4474 1910 4520 ut
1942 4480 1973 4519 a

402 4573 585 4631 empto
616 4563 937 4619 desisterem
961 4571 1018 4618 et
1040 4562 1372 4617 abdicarem.
1402 4560 1536 4615 Nam
1577 4559 1834 4625 dicebant
1867 4573 1881 4613 :
1915 4555 1972 4611 Si

401 4656 624 4726 quidam
657 4666 834 4713 tecum
860 4656 1242 4727 reperirentur
1267 4670 1334 4709 ex
1377 4654 1655 4725 episcopis
1697 4653 1791 4722 qui
1826 4649 1975 4706 veri-

401 4759 569 4804 tatem
593 4758 1021 4821 propugnarent,
1059 4759 1117 4804 et
1163 4749 1208 4803 si
1240 4746 1555 4802 mandatum
1587 4746 1850 4800 canonice
1880 4760 1974 4799 ac-

401 4842 664 4913 cepisses,
688 4852 745 4896 tu
779 4842 1038 4897 insistere
1065 4840 1296 4895 deberes
1316 4855 1380 4894 ac
1407 4838 1676 4909 judicium
1696 4835 1976 4906 postulare

402 4936 471 4989 iis
519 4934 612 5006 qui
644 4922 1049 4989 abdicationem
1084 4941 1365 5007 peterent;
1416 4940 1472 4983 at
1510 4929 1728 5000 quando
1761 4944 1790 4982 a
1817 4936 1976 4983 sena-

400 5031 542 5082 torio
569 5030 688 5083 viro
716 5027 769 5082 id
802 5034 1111 5097 praestatur,
1146 5024 1460 5088 considera,
1485 5036 1694 5091 quaeso,
1725 5021 1849 5091 quis
1880 5038 1975 5076 eoo

398 5137 522 5175 rum
553 5126 646 5190 qui
674 5131 801 5176 ante
829 5130 881 5175 te
911 5121 980 5175 ab
1028 5119 1270 5174 Ecclesia
1303 5118 1463 5188 ejecti
1493 5126 1656 5180 sunt,
1687 5117 1891 5186 quique
1918 5126 1974 5169 et

397 5212 569 5268 verbo
595 5223 650 5266 et
677 5212 786 5266 vita
819 5213 998 5281 magni
1024 5211 1124 5264 viri
1159 5212 1334 5273 fuere,
1364 5218 1524 5280 teque
1545 5210 1971 5279 praestantiores,

398 5306 686 5370 canonice,
715 5314 770 5359 et
800 5321 908 5359 non
950 5321 1018 5360 ex
1057 5288 1387 5361 auctoritate
1435 5303 1682 5359 saeculari
1728 5303 1973 5375 dejeclus

396 5399 564 5455 fuerit
588 5399 611 5452 ?
639 5397 1007 5465 Quamobrem
1034 5400 1146 5454 Deo
1186 5409 1273 5453 tua
1313 5399 1686 5465 committens,
1714 5399 1806 5469 qui
1837 5414 1973 5454 ven-

395 5502 555 5547 turus
581 5501 666 5546 est
688 5507 772 5546 res
807 5501 1025 5546 nostras
1046 5491 1315 5565 judicare,
1343 5491 1535 5547 abdica
1563 5502 1618 5546 et
1649 5493 1862 5553 recede,
1903 5507 1972 5547 ne

394 5582 621 5651 quidam
676 5597 743 5635 ex
768 5564 1077 5652 coniuratis
1127 5582 1194 5636 ad
1257 5582 1540 5651 graviores
1587 5580 1973 5650 sycophantias

394 5671 665 5742 prOgrcssi
715 5671 1016 5725 multorum
1048 5673 1338 5727 anim-ibus
1379 5684 1433 5727 et
1483 5672 1596 5726 suis
1624 5671 1785 5727 etiam
1820 5672 1973 5726 dam-

394 5781 527 5821 num
562 5765 821 5820 infcrant.
845 5764 965 5820 "me
986 5764 1094 5820 Deo
1126 5775 1263 5820 teste
1293 5781 1456 5821 causa
1488 5764 1591 5819 fuit
1620 5780 1741 5819 cum
1768 5764 1971 5833 prioris

401 5866 512 5911 tum
572 5857 893 5929 posterioris
985 5856 1387 5923 abdicationis,
1453 5856 1566 5912 haec
1638 5856 1973 5921 conspirat‘o

2075 3265 2291 3334 αίτησιν
2322 3265 2532 3331 δῶμεν;
2562 3262 2699 3317 Είδὲ
2729 3262 2911 3332 δῶμεν
2962 3258 3442 3326 δυναστευόμενοι,
3486 3255 3542 3307 ὲν
3572 3253 3655 3321 τῷ

2080 3359 2244 3426 κοινῷ
2274 3357 2544 3429 κριτηρίῳ
2578 3356 2679 3409 οὐκ
2705 3353 3101 3425 ἐλεγχθήσεται
3132 3351 3164 3422 ή
3210 3348 3460 3419 ἀήθεια,
3493 3347 3660 3419 ἡνίκα

2082 3450 2527 3522 παρῤησιάσεται
2561 3448 2693 3511 Θεὸς
2737 3447 3094 3517 ἐκδικήσεως,
3130 3443 3250 3507 ὲνὶς
3286 3443 3394 3494 τῶν
3419 3439 3659 3512 φημιζο-

2084 3542 2264 3612 μένων
2292 3543 2511 3595 ἀτόπων
2561 3538 2714 3609 παρά
2748 3537 2982 3601 πολλῶν,
3011 3534 3086 3597 ὡς
3134 3533 3503 3602 μανθάνπμεν,
3546 3526 3661 3581 ἀπὸ

2081 3636 2176 3688 σοῦ
2209 3633 2335 3689 καθ’
2362 3634 2543 3706 ήμῶν,
2575 3633 2672 3702 οὐχ
2700 3632 2794 3706 ἕνα
2818 3631 2911 3684 καὶ
2944 3631 3125 3699 μόνον,
3154 3625 3272 3678 ἀλλ’
3302 3625 3437 3677 ὅλων
3468 3625 3660 3692 ἀρχιε-

2082 3728 2224 3799 ρέων
2249 3704 2551 3796 δυνάμενον
2607 3704 2847 3796 ὁρμαθδν
2895 3722 2994 3790 τῆς
3042 3717 3371 3787 Ἐκκλησίας
3423 3714 3654 3780 ἐξῶσαι,

2077 3820 2133 3873 ετ
2157 3837 2221 3890 γε
2247 3820 2349 3888 τῆς
2380 3818 2641 3881 ἀληθείας
2677 3816 2735 3870 τὸ
2769 3814 2961 3885 ψεῦδος
2998 3814 3047 3864 οἱ
3080 3808 3350 3879 ἀκροαταὶ
3378 3806 3656 3877 προτιμήο

2081 3930 2266 3967 σουσιν
2290 3929 2305 3946 ο
2342 3910 2477 3965 ἀλλά
2531 3911 2608 3981 μὴ
2646 3913 2711 3980 τῇ
2749 3912 2814 3980 σῇ
2873 3907 3215 3976 καθαιρέσει,
3265 3902 3423 3971 φησὶ,
3474 3901 3569 3954 καὶ
3603 3900 3657 3951 oi

2079 4006 2185 4060 ὑπὸ
2210 4004 2305 4059 σοῦ
2335 4003 2805 4075 χειροτονηθέντες
2830 4003 2944 4064 τοῖς
2970 3999 3180 4060 λαῖκοῖς
3209 3991 3480 4065 κριθῶσιν
3511 3993 3660 4045 ἀπέ-

2077 4100 2288 4169 ῦλητοι.
2310 4096 2516 4166 Σκῆψις
2535 4094 2737 4160 ταῦτα,
2771 4094 3124 4161 ἀντείπομεν.
3158 4089 3221 4142 0i
3252 4085 3361 4155 γὰρ
3389 4083 3546 4152 ἡμῶν
3574 4081 3657 4152 μὴ

2081 4191 2388 4259 φειδόμενοι
2426 4188 2635 4244 ἀδικεῖν
2666 4186 2870 4257 ἐτέρων
2909 4184 3025 4244 πῶς
3056 4181 3341 4250 φείσονται
3369 4195 3383 4243 ;
3426 4173 3516 4235 Ὣς
3543 4173 3602 4225 δὲ
3628 4174 3658 4225 ὁ

2079 4284 2264 4352 ἄρχων
2305 4280 2472 4351 μηδὲν
2517 4277 2722 4339 λαϐὼν,
2746 4279 2852 4329 καὶ
2878 4275 2959 4337 δὶς
2993 4275 3088 4327 καὶ
3127 4270 3391 4331 πολλάκις
3415 4264 3657 4334 ἀπῆλθε,

2083 4376 2314 4446 μηδενὸς
2359 4373 2468 4425 τῶν
2505 4368 2940 4439 συλλειτουργῶν
2976 4365 3108 4436 μηδὲ
3146 4364 3251 4417 τῶν
3281 4359 3376 4414 τοῦ
3419 4358 3658 4427 κλήρου,

2084 4470 2160 4540 μὴ
2194 4452 2503 4538 ήγουμένου
2551 4463 2685 4536 πρὸς
2721 4462 2866 4531 ἡμᾶς
2917 4455 3292 4528 παραϐάλλειν
3347 4450 3661 4521 τολμῶντος

2005 4540 2052 4601 ί)
2079 4563 2176 4616 ἐπὶ
2209 4558 2499 4619 τοσαύταις
2533 4552 2772 4626 ήμέρκις
2823 4550 2981 4612 ἐκτὸς
3037 4546 3145 4600 τῶν
3180 4543 3483 4615 ἀρχιερέων
3535 4541 3662 4604 ἑνὸς

2077 4652 2170 4708 τοῦ
2207 4654 2326 4706 τότε
2353 4650 2620 4719 Γαγγρῶν
2645 4640 2688 4713 ᾧ
2723 4646 3125 4711 κοινωσάμενοι
3154 4655 3221 4693 πε
3233 4638 3287 4707 pl
3314 4638 3412 4706 τὴν
3449 4632 3661 4702 παραί-

2076 4763 2235 4816 τησιν
2281 4745 2349 4799 δι’
2408 4743 2475 4813 ἣν
2522 4741 2618 4794 καὶ
2651 4733 3078 4808 ἠναγκαζόμεθα
3134 4731 3229 4785 καὶ
3282 4726 3661 4816 ἱερομονάχων

2080 4815 2634 4908 προσκαρτερούντων
2704 4830 2772 4882 δι’
2831 4824 3200 4895 Ἐκκλησίας,
3250 4820 3345 4874 καὶ
3386 4820 3484 4889 τὴν
3526 4815 3659 4881 ἐξα.

2079 4929 2305 4995 φθεῖσαν
2332 4926 2570 4997 ὁρῶντες
2605 4921 2866 4991 ἐξαίφνης
2904 4914 3177 4984 τοσαύτην
3212 4912 3491 4983 πυρκαϊάν
3527 4908 3661 4962 καθ’

2077 5022 2237 5092 ἡμῶν
2295 5018 2446 5088 παρὰ
2502 5016 2720 5069 πάντων
2781 5013 2875 5066 καὶ
2932 5007 3365 5078 ἐκπληττόμενοι
3407 4999 3662 5054 ἐνδοῦναι

2074 5091 2225 5185 ἡμᾶς
2268 5113 2366 5182 τῆς
2417 5109 2718 5168 ἐνστάσειιις
2764 5102 3217 5158 συνεϐούλευσαν.
3256 5097 3317 5151 El
3372 5095 3472 5165 μὲν
3503 5091 3661 5162 εὗρε-

2079 5223 2277 5260 σκοντο
2336 5204 2588 5270 λέγοντες
2626 5199 2721 5251 καὶ
2762 5197 2907 5258 τινὲς
2967 5193 3108 5264 μετὰ
3158 5190 3252 5251 σοῦ
3300 5186 3661 5256 ἀντεχόμενοι

2075 5300 2182 5355 τῶν
2217 5294 2521 5368 ἀρχιερέων
2555 5293 2697 5361 ὑπὲρ
2742 5287 3000 5358 ἀληθείας
3040 5284 3176 5338 Θεοῦ
3208 5284 3303 5337 καὶ
3349 5279 3659 5341 κανονικῶς

2075 5394 2261 5464 ἐδέχου
2295 5389 2611 5461 μηνύματα,
2646 5386 2742 5438 καὶ
2768 5383 2931 5446 αὐτὸς
2959 5378 3271 5435 ἐνίστασθαι
3296 5374 3529 5445 ὥφειλες
3560 5374 3660 5464 atati.

2076 5462 2261 5556 κρίσιν
2297 5482 2485 5552 ζητεῖν
2517 5481 2629 5542 τοῖς
2668 5473 2964 5532 ἀπαιτοῦσι
3008 5471 3365 5542 παραίτησιν.
3413 5466 3574 5519 Ἐπεὶ
3600 5462 3664 5516 δὲ

2075 5579 2229 5652 παρὰ
2267 5571 2659 5644 συγκλητικοῦ,
2704 5571 2806 5641 ὅρα
2845 5585 2928 5632 τις
2958 5565 3070 5619 τῶν
3103 5559 3508 5630 ἐκδιωχθέντων
3537 5555 3665 5609 ἀδί-

2076 5649 2187 5735 κως
2213 5670 2314 5738 τῆς
2359 5666 2683 5735 Ἐκκλησξας
2735 5664 2840 5733 πρὸ
2870 5660 2987 5726 σοῦ,
3027 5657 3125 5710 καὶ
3162 5654 3335 5708 ταῦτα
3378 5651 3523 5720 λόγῳ
3558 5649 3668 5704 καὶ

2078 5764 2178 5835 βιῳ
2210 5762 2489 5833 μεγάλων,
2522 5757 2615 5812 ml.
2651 5755 2793 5823 ὑπὲρ
2838 5752 2897 5806 σὲ
2930 5746 3302 5818 ἀσυγκρίτων,
3353 5740 3666 5803 κανονικῶς

2074 5833 2360 5920 ἐξεϐλήθη,
2397 5850 2513 5907 ἀλλ’
2544 5849 2663 5916 οὐχὶ
2712 5840 3155 5913 ἑξουσιαστικῶς.
3207 5836 3307 5890 Διά
3334 5835 3493 5890 τοῦτο
3533 5833 3664 5900 Θεῷ

3555 383 3665 449 500
3726 430 3739 451 κ
