3894 6474
278 391 380 455 501
1700 399 1816 460 ΕΡ]

1999 402 2108 463 ΛΕ.
2465 395 2475 411 ⁸
3424 395 3537 459 5οῒ

278 504 587 568 πιστεύσας
632 505 701 560 τὰ
732 504 877 560 κατὰ
921 505 982 560 σὲ
1012 507 1110 563 καὶ
1138 508 1302 573 αὐτὸς
1343 512 1420 582 τῷ
1467 511 1753 583 ἐρχομένῳ
1783 528 1813 564 τ

1991 511 2207 567 xstitit:
2245 510 2454 566 etiamsi
2503 509 2885 567 accusationes
2924 509 3089 564 variat
3126 517 3182 564 et
3230 507 3526 564 dissimiles

278 597 530 667 ήμέτερα
573 596 867 653 δικαιῶσαι
918 603 1405 673 παραιτησάμενος
1434 604 1593 672 ἔξιθι,
1644 607 1719 675 μὴ
1754 624 1816 659 κα

1986 610 2155 659 ssent.
2202 602 2341 670 Quia
2368 618 2499 660 vero
2550 619 2659 658 non
2707 603 2925 674 publice
2975 604 3191 667 solum,
3247 602 3341 658 sed
3375 602 3524 657 domi

276 690 415 759 πρὸς
444 689 756 762 βαρυτέρας
780 691 926 756 τινὲς
960 693 1070 747 τῶν
1097 698 1547 767 μηχανορῤαφῶν
1580 685 1814 768 συκοφαν

1988 694 2117 749 tiam
2166 695 2236 750 ab
2282 695 2708 767 interrogando,
2746 693 3124 751 benedicendo
3168 704 3225 750 et
3274 693 3526 748 docendo

275 781 403 843 τίας
453 784 831 852 χωρήσαντες,
890 783 1101 839 πολλῶν
1145 786 1326 858 ψυχὰς
1360 790 1586 852 καὶτὰς
1637 790 1813 844 ἐαυτῶ

1991 800 2054 841 os
2082 788 2326 843 coerceri
2372 785 2569 857 jubent
2625 787 2891 857 episcopi,
2924 802 3036 857 quo
3069 802 3248 857 neque
3297 786 3524 856 impium

276 873 693 945 κατασλάψωσι.
738 877 889 948 Αὕτη
923 879 1016 933 ἐπὶ
1065 879 1203 933 Θεοῦ
1234 882 1476 953 μάρτυρι
1517 884 1614 953 τῆς
1649 900 1814 956 παραι

1986 877 2271 949 leorgium,
2300 893 2480 950 neque
2502 878 2768 949 lignarios
2793 893 2932 933 vana
2960 885 3018 933 et
3043 878 3325 933 mendacia
3363 888 3524 934 tuen-

274 967 489 1036 τήσεως
517 969 616 1036 τῆς
680 968 901 1040 πρώτης
937 974 1032 1025 καὶ
1087 976 1186 1043 τῆς
1214 974 1478 1046 δευτέρας
1520 976 1554 1046 ή
1607 992 1810 1030 συσκευ

1980 982 2033 1022 es
2059 968 2478 1037 prohibuerunt,
2514 968 2652 1025 nihil
2686 968 2849 1024 veriti
2888 969 3033 1039 quod
3067 976 3258 1024 contra
3282 983 3518 1022 canones

276 1056 374 1109 καὶ
404 1057 667 1122 ὑπόθεσις
692 1075 706 1089 °
739 1061 787 1113 εἰ
824 1061 918 1115 καὶ
970 1061 1037 1115 τὰ
1064 1063 1172 1115 τῶν
1218 1056 1571 1135 κατηγοριῶν
1621 1066 1807 1120 ποικίλ

1979 1069 2008 1116 τι
2060 1061 2207 1131 leges
2235 1069 2418 1131 agant,
2458 1078 2639 1133 neque
2664 1061 2934 1132 judicium
2982 1060 3077 1115 Dei
3133 1059 3517 1120 formidantes.

276 1150 373 1202 καὶ
408 1150 589 1204 ἄνισα.
633 1151 792 1207 Ἐπεὶ
820 1151 876 1205 δὲ
913 1154 991 1222 (Ι)
1018 1154 1079 1207 οὐ
1110 1154 1345 1225 δημοσία
1379 1155 1473 1210 καὶ
1502 1159 1684 1227 μόνον,
1712 1162 1810 1214 ἀλλ

1990 1166 2053 1207 ec
2109 1152 2361 1208 homines
2416 1151 2677 1217 reveriti,
2715 1166 2907 1208 verum
2960 1152 3039 1206 illi
3084 1166 3186 1206 nos
3228 1149 3430 1205 audent
3459 1148 3524 1203 de

276 1239 371 1294 καὶ
395 1241 536 1296 οῐκοι
566 1242 661 1296 τοῦ
685 1245 915 1314 ἐρᾶσθαι
948 1245 1024 1317 (Ξ)
1053 1247 1147 1301 καὶ
1181 1247 1423 1317 εὐλογεῖν
1453 1252 1546 1303 καὶ
1575 1251 1814 1306 διδάσκει

1987 1243 2167 1300 iolatis
2201 1244 2503 1301 canonibus
2527 1259 2811 1310 accusare,
2846 1245 2940 1315 qui
2986 1243 3301 1299 hominibus
3329 1257 3525 1297 secun-

274 1332 392 1396 τοῖς
445 1335 702 1406 τυχοῦσιν
747 1338 1039 1407 ἀπείργειν
1074 1340 1223 1411 ἡμᾶς
1271 1342 1320 1395 οί
1364 1342 1643 1413 ἀρχιερεῖς
1689 1345 1812 1413 ἑγκε

1991 1351 2078 1391 um
2118 1336 2514 1408 dirinasleges
2541 1337 2893 1393 exsecrandis
2930 1347 2986 1394 et
3015 1335 3211 1392 alienis
3235 1334 3304 1390 ab
3335 1334 3525 1390 Eccle-

275 1425 551 1493 λεύονται,
582 1429 728 1500 ἅπερ
775 1430 896 1484 οὐδὲ
943 1431 1022 1501 τῷ
1051 1432 1308 1487 δυσσεϐεῖ
1357 1434 1639 1507 Γεωργίῳ,
1670 1437 1704 1508 ἢ
1736 1440 1813 1492 τοῖ

1984 1428 2027 1482 ia
2072 1428 2276 1485 Christi
2321 1430 2498 1500 capita
2533 1428 2944 1492 submiserunt,
2998 1437 3054 1484 et
3096 1427 3167 1483 ab‘
3228 1426 3295 1481 iis
3349 1427 3522 1495 legem

275 1517 708 1590 φυλασσομένους
737 1521 817 1590 (5)
845 1523 914 1577 τὰ
939 1524 1147 1594 μάταια
1170 1525 1264 1579 καὶ
1288 1525 1459 1598 ψευδῆ
1486 1529 1748 1594 ξυλωταῖς
1771 1532 1813 1600 (4

1988 1531 2320 1593 coeperunt:
2371 1533 2428 1577 et
2468 1522 2565 1592 qui
2612 1521 2786 1578 felicis
2830 1520 3106 1592 memoria:
3162 1519 3526 1591 patriarcham

276 1611 459 1675 ποσῶς
489 1613 858 1685 ἐπετίμησαν,
913 1619 988 1686 μὴ
1029 1618 1259 1681 ἑαυτοὺς
1293 1619 1624 1675 ἀκανόνιστα
1677 1623 1814 1693 πράτ

1986 1613 2209 1670 'cclesite
2234 1613 2440 1670 Christi
2481 1622 2533 1669 et
2567 1613 2938 1671 confessorem
2986 1612 3269 1667 dominum
3300 1612 3524 1681 Josepb.

273 1718 392 1755 τειν
420 1704 511 1756 καὶ
540 1703 780 1775 ἀθεσμα,
806 1707 906 1775 τὴν
937 1708 1122 1776 κρίσιν
1157 1710 1477 1779 φρίττοντες
1507 1711 1603 1766 τοῦ
1628 1713 1784 1781 θεοῦ,

1989 1703 2131 1760 uoad
2151 1702 2380 1759 facuitas
2404 1713 2460 1759 et
2492 1703 2704 1759 insania
2731 1717 2927 1759 eorum
2972 1702 3121 1767 tulit,
3162 1700 3524 1756 schismaticis

277 1794 385 1846 κᾶν
427 1795 749 1867 ἀνθρώπους
781 1800 1136 1870 αἰδούμενον
1189 1801 1309 1856 ἀλλ’
1358 1806 1490 1874 ἡμῖν
1547 1805 1815 1877 ἐπιτρίὸει

1981 1796 2057 1853 riis
2089 1797 2480 1853 traducendum
2510 1797 2843 1853 dimiserunt
2869 1813 2883 1850 :
2930 1796 3094 1851 etiam
3132 1802 3254 1865 post
3286 1802 3519 1848 mortem

274 1878 544 1951 θαρροῦσι
573 1883 634 1937 τὸ
664 1885 1035 1943 ἀκανόνιστον.
1079 1890 1244 1943 Αὐτοὶ
1295 1891 1391 1946 καὶ
1417 1893 1544 1958 τούς
1575 1860 1710 1964 πρός
1736 1894 1812 1949 τῶ

1984 1890 2087 1962 ius,
2117 1890 2264 1961 quod
2288 1906 2564 1962 nunquam
2595 1900 2754 1945 antea
2792 1890 2872 1946 sol
2918 1889 3128 1965 viderat
3158 1904 3173 1946 ;
3206 1902 3331 1941 cum
3374 1896 3522 1941 tanto

274 1970 440 2026 θείων
469 1974 690 2046 θεσμῶν
710 1979 1010 2051 ιπαράτοις
1039 1985 1132 2034 καὶ
1158 1982 1461 2054 ἀλλοτρίοις
1489 1985 1589 2055 τῆς
1621 1986 1812 2057 Ἐκκλη

1983 1996 2194 2053 eritpore
2228 1996 2640 2053 perseveremus
2663 1981 2961 2052 quaerendo
2992 1979 3303 2051 quempiam
3329 1992 3521 2033 eorum

276 2065 401 2129 σίας
429 2065 694 2138 Χριστοῦ,
724 2072 823 2150 τάος
883 2073 1131 2141 κεφαλὰς
1172 2075 1562 2141 ὐποκλίναντες
1601 2078 1698 2132 καὶ
1747 2096 1814 2133 κα

1988 2075 2041 2129 ui
2094 2074 2261 2129 Deum
2311 2084 2445 2130 ante
2489 2074 2693 2130 oculos
2743 2074 2981 2137 habent,
3020 2081 3078 2126 ut
3136 2070 3523 2143 conquiramns

274 2160 403 2212 νόνα
426 2161 733 2232 δεξάμενοι,
760 2167 854 2219 καὶ
889 2167 984 2222 ’τὸν
1032 2170 1091 2222 ὲν
1125 2171 1376 2242 μακαρίᾳ
1408 2174 1474 2242 τῇ
1516 2174 1706 2246 μνήμῃ
1742 2190 1812 2227 πα

1988 2165 2225 2221 uomodo
2254 2173 2461 2219 tantum
2491 2175 2684 2220 contra
2737 2178 2838 2218 nos
2881 2160 3295 2227 infremuerint,
3332 2174 3396 2215 ac
3421 2175 3520 2215 ne-

271 2253 547 2323 τρεάρχην
580 2256 684 2325 τῆς
722 2258 1050 2329 Ἐκκλησίας
1098 2263 1339 2332 Χριστοῦ
1380 2265 1476 2318 καὶ
1503 2265 1809 2337 όμολογητὴ

1980 2260 2151 2313 ninem
2213 2257 2558 2312 inveniamus
2589 2254 2973 2312 condolentem
3005 2254 3090 2310 vel
3121 2252 3518 2314 consolantem,

272 2341 442 2413 κῦρον
494 2347 693 2419 Ἰωσὴφ
743 2351 1147 2422 παρανάλωμα,
1199 2355 1321 2408 ὅσον
1360 2355 1429 2409 τὰ
1484 2356 1607 2410 κατ’
1645 2358 1810 2411 αὐτοῦ

1980 2359 2010 2404 ιι
2032 2349 2242 2421 justum
2287 2348 2555 2419 judicium
2600 2348 2992 2418 exquiramus:
3022 2343 3299 2400 eli‘undam
3332 2356 3434 2413 ego
3464 2342 3518 2397 in

268 2434 373 2502 τῆς
405 2436 604 2503 μανίας
636 2438 748 2492 τῶν
795 2442 1133 2512 σχιζομένων
1177 2445 1432 2513 γενέσθαι
1477 2448 1806 2519 καταδεξάμε

1977 2450 2245 2512 cnspectu
2274 2441 2396 2510 ejus
2425 2440 2519 2511 qui
2544 2454 2644 2511 pro
2670 2454 2756 2495 me
2776 2437 3075 2495 cruciﬁxus
3096 2447 3181 2492 est
3208 2439 3515 2491 orationem

272 2543 381 2590 νοι,
417 2528 514 2580 καὶ
564 2530 742 2584 ταῦτα
794 2534 1241 2601 μετά,θάνατον,
1278 2538 1417 2611 ὅπερ
1470 2541 1573 2594 οὐκ
1628 2538 1772 2597 εἶδεν

1978 2547 2147 2599 neam,
2203 2538 2260 2588 et
2316 2531 2727 2589 tribulationem
2778 2546 2953 2586 meam
2993 2529 3098 2601 ipsi
3151 2526 3516 2591 renuntiabo;

267 2617 443 2688 ἧλιο;.
486 2620 906 2692 Ἀναμείναντες
947 2626 1038 2680 ἰπὶ
1068 2628 1282 2699 χρόνοις
1306 2631 1586 2698 τοσούτοις
1614 2633 1805 2705 ζητῆσε

1982 2641 2072 2680 um
2103 2623 2337 2681 maxime
2375 2625 2583 2680 malitia
2614 2633 2895 2696 augescat,
2941 2638 3005 2679 ac
3039 2621 3392 2692 impudenter
3421 2635 3520 2674 no-

269 2728 395 2766 ⁴τινα
424 2714 534 2767 τῶν
560 2716 668 2787 πρύ
690 2716 988 2788 όιρθειλμῶν
1022 2720 1258 2790 ἐχόντων
1287 2723 1443 2779 Θεόν.
1480 2725 1603 2789 Πῶς
1632 2727 1725 2780 καὶ⁸
1752 2732 1807 2780 πί

2008 2732 2035 2773 s
2064 2717 2148 2773 vel
2182 2716 2600 2788 respirationem
2633 2715 2982 2780 intercludat,
3018 2723 3078 2769 ut
3109 2713 3184 2768 ita
3209 2712 3412 2777 dicam,
3444 2711 3542 2767 ita.

269 2803 366 2857 θεν
393 2786 631 2861 τοσαῦτα
664 2786 785 2862 καθ’
813 2786 971 2880 ήμῶν
1017 2786 1358 2883 ὲιρρυάξαντο
1385 2816 1483 2886 (5),
1518 2786 1613 2872 xei
1640 2818 1807 2886 μηδέν

1990 2823 2215 2885 tneque
2245 2786 2549 2879 celebrare,
2596 2826 2773 2881 neque
2812 2810 3165 2875 benedicere,
3202 2823 3381 2879 neque
3424 2806 3524 2861 do-

268 2896 365 2950 τδν
399 2898 846 2971 συ).λυπούμενον
899 2905 1035 2976 μηδὲ
1063 2906 1153 2960 τὸν
1193 2908 1624 2979 παρακαλοῦντα
1656 2911 1806 2979 εὐρόι

1984 2921 2072 2962 ere
2101 2904 2413 2976 quempiam
2446 2919 2511 2960 ea
2534 2919 2656 2975 quae
2692 2902 2760 2959 ad
2786 2903 3017 2959 salutem
3046 2911 3295 2973 spectant
3322 2912 3522 2953 conce-

270 3002 390 3049 τες,
425 2986 513 3040 ἵνα
543 2987 635 3041 καὶ
680 2990 862 3060 κρίσιν
891 2991 1112 3046 δικαίαν
1140 2993 1494 3067 ζητήσωμεν,
1539 2997 1719 3069 ἐκχεῶ
1749 3016 1808 3052 κο

1985 3006 2058 3055 at.
2090 2997 2285 3052 Nostra
2319 2996 2525 3067 itaque,
2574 2995 2808 3051 Domine
2847 2994 2992 3050 Deus
3016 2993 3396 3047 universorum
3426 2988 3520 3060 qui

270 3081 437 3145 αὐτὸς
462 3081 559 3136 τοῦ
595 3081 665 3136 δι’
705 3086 807 3155 ἐμὲ
857 3089 1270 3157 σταυρωθέντος
1320 3091 1567 3147 ὲπὼπιον
1595 3093 1694 3164 τὴν
1721 3093 1808 3164 δίη

1983 3108 2004 3145 a
2034 3089 2302 3146 Trinitate
2332 3089 2589 3160 cognitus
2617 3103 2678 3144 es
2702 3099 2759 3143 et
2789 3086 3108 3152 celebraris,
3136 3098 3246 3155 quo
3280 3081 3521 3137 volueris

271 3172 361 3223 σίν
394 3142 519 3243 μου,
559 3176 655 3227 κοιλ⁵
687 3142 784 3247 τήν
829 3142 1013 3249 θλίψιν

1991 3185 2270 3251 recedant,
2316 3142 2806 3239 inte'rcessionibus
2850 3182 2970 3253 ejus
3019 3194 3141 3250 qua-
3171 3175 3524 3233 ineﬂ'ahiliter

267 3265 473 3334 μᾶλλον
501 3267 576 3332 ὡς
603 3269 701 3338 τῆς
724 3272 921 3336 κλκίας
945 3272 1288 3344 ὲπιδιδούσης
1316 3275 1410 3329 καὶ
1437 3276 1647 3345 εῖργειν
1685 3274 1805 3328 ἀναι

1986 3289 2003 3333 ι
2038 3276 2383 3334 immaculate
2412 3290 2612 3345 corpus
2651 3273 2882 3345 praebuit
2922 3272 3015 3327 uni
3051 3287 3118 3326 ex
3174 3266 3521 3326 sanctissima

268 3361 606 3433 σχυντούσης
637 3364 726 3417 καὶ
763 3365 869 3419 τῶν
903 3366 1194 3420 ἀναπνοῶν
1224 3368 1373 3437 ἡμᾶς
1427 3368 1489 3421 τὸ
1520 3367 1806 3440 λεγόμενοι

1986 3369 2252 3435 'rinitate,
2282 3377 2339 3422 et
2363 3368 2609 3423 omnium
2666 3382 2693 3419 a
2736 3364 2937 3421 saeculo
2980 3362 3072 3419 Dei
3103 3362 3374 3419 cultorum
3427 3351 3524 3430 qui

264 3453 347 3515 ὡς
383 3453 460 3525 μή
491 3455 848 3527 λειτουργεῖν,
885 3457 961 3528 μὴ
996 3458 1263 3528 εὐλογεῖν,
1312 3460 1385 3530 μὴ
1416 3459 1691 3515 διδάσκειν
1718 3479 1802 3518 τιν

996 3458 1263 3528 εὐλογεῖν,
1312 3460 1385 3530 μὴ
1416 3459 1691 3515 διδάσκειν
1718 3463 1841 3518 τινά
1950 3463 2152 3521 similia
2185 3463 2332 3533 passi
2362 3470 2513 3517 sunt.

262 3549 336 3602 τὰ
371 3550 509 3620 πρὸς
537 3552 812 3623 σωτηρίαν
859 3556 1322 3625 παραχωρούσης.
1359 3556 1580 3622 ’Δγοιτο
1609 3555 1725 3623 οῦν,
1782 3562 2034 3618 Δέσποτα
2099 3563 2193 3616 καὶ⁸
2236 3559 2336 3614 Θεὲ
2400 3562 2495 3613 τοῦ
2539 3557 2742 3621 παντὸς
2766 3560 2824 3612 ἐν
2862 3556 3057 3629 Τριάδι
3124 3555 3541 3624 γινωσκόμενος

270 3651 371 3700 καὶ
406 3647 770 3718 ὑμνούμενος,
803 3650 927 3704 ὅποι
965 3651 1120 3719 φίλον
1159 3654 1334 3705 σοιτά
1360 3653 1628 3725 ἡμέτερα,
1653 3659 1975 3728 πρεσϐείαις
2018 3660 2118 3728 τῆς
2151 3658 2403 3728 ἀρρήτως
2452 3656 2550 3708 καὶ
2584 3655 2923 3725 ἀρρυπάρως
2970 3651 3383 3721 σωματωσάσης
3432 3649 3524 3700 τὸν

263 3741 364 3794 ἕνα
394 3742 490 3813 τῆς
519 3746 792 3814 παναγίας
827 3746 1077 3827 Τριάδος,
1112 3749 1205 3802 καὶ
1230 3748 1451 3804 πάντων
1476 3749 1588 3804 τῶν
1619 3751 1713 3806 ἀπ’
1750 3755 1945 3821 αἰῶνος
1983 3752 2429 3826 λελατρευκότων
2453 3753 2576 3825 Θεῷ
2611 3754 2706 3808 καὶ
2725 3749 2953 3805 τοιαῦτα
2986 3748 3283 3803 παθόντων.
3325 3742 3521 3815 ’Δμήνο

345 3933 419 3987 lix
447 3934 516 3990 iis
542 3935 761 3993 duobus
811 3938 1097 3996 Athanasii
1132 3943 1350 4014 scriptis
1390 3954 1640 4010 constat,
1708 3924 1928 4000 causam
1975 3941 2338 4000 abdicationis
2375 3941 2602 3998 secundi
2642 3939 3043 4012 patriarchatus
3081 3932 3362 3990 Athanasii
3417 3948 3524 3989 non

262 4021 437 4077 fuisse
454 4036 573 4077 eam
600 4039 765 4095 quam
810 4026 977 4084 refert
1015 4027 1321 4100 Gregoras,
1373 4031 1468 4086 lib.
1499 4048 1595 4098 vn,
1621 4047 1743 4102 cap.
1782 4031 1837 4097 9,
1883 4044 2063 4099 neque
2098 4030 2245 4084 illam
2282 4045 2447 4098 quam
2492 4027 2718 4083 adducit
2748 4026 3088 4096 Nicephorus
3111 4022 3419 4085 Chum‘nus,
3468 4021 3538 4076 in«

261 4110 527 4167 Oratione
555 4113 758 4168 inedita
784 4129 907 4184 quae
931 4115 1272 4183 inscribitur,
1305 4119 1569 4189 Ἔλεγχος
1601 4121 1743 4173 κατὰ
1773 4136 1799 4172 τ

2002 4118 2100 4181 ιιῶς
2149 4119 2219 4172 τὰ
2246 4118 2429 4171 πάντα
2470 4115 3015 4187 πατριαρχεύσαντος
3042 4112 3313 4182 Νἰφωνος,
3343 4111 3540 4163 ἀνενε--

261 4199 417 4268 χθεὶς
448 4202 599 4273 παρά
635 4201 731 4255 τοῦ
759 4203 1126 4276 Νικομηδείχς
1152 4206 1246 4259 καὶ⁸
1297 4206 1391 4259 τοῦ
1435 4207 1749 4278 Μιτυλήνης
1792 4224 1799 4253 ε

1996 4206 2065 4277 ὴν
2098 4205 2253 4277 ἱερὰν
2288 4202 2529 4269 σύνοδον,
2561 4205 2656 4259 ubi
2687 4203 2764 4258 ait
2796 4243 2812 4268 ,
2850 4200 3211 4257 Athanasium
3242 4214 3345 4252 sua
3394 4195 3534 4253 sede

260 4289 554 4358 expulsum
576 4297 635 4345 et
664 4289 986 4346 damnatum
1019 4293 1270 4359 ces~isse,
1311 4309 1379 4348 eo
1406 4294 1554 4364 quod
1589 4296 1838 4349 minister
1864 4295 1985 4366 cjus
2009 4294 2377 4363 Theophanes
2397 4295 2537 4349 dona
2563 4294 2862 4363 accepisset
2883 4292 2952 4347 ab
2978 4291 3045 4347 iis
3073 4289 3274 4361 quibus
3299 4286 3540 4342 ordines-

260 4375 409 4431 sacri
473 4377 888 4443 conferrentur;
942 4379 997 4434 id
1046 4379 1192 4449 quod
1245 4381 1558 4450 patriarcha
1606 4381 1879 4438 insciente
1909 4381 2029 4438 ﬂeri
2071 4381 2218 4437 haud
2250 4382 2539 4452 potuisset.
2566 4380 2658 4437 Sic
2692 4380 2768 4435 ibi
2798 4379 3144 4450 Nicephorus
3188 4376 3519 4437 Ghumnus;

260 4466 423 4536 cujus
453 4464 677 4536 quidem
702 4463 985 4522 Orationis
1032 4467 1394 4538 fragmentum
1433 4469 1525 4525 hic
1569 4469 1825 4525 exscribo
1873 4482 1943 4524 ex
1985 4466 2141 4525 Notis
2186 4460 2420 4524 Boivinii
2453 4469 2523 4523 ad
2553 4466 2850 4539 Gregoram
2879 4484 2896 4523 :
2929 4465 2995 4519 Τί
3048 4465 3107 4520 δὲ
3139 4465 3237 4518 καὶ
3290 4463 3375 4519 ὅτι
3428 4460 3525 4516 τοῦ

262 4553 809 4624 πατρέαρχεύσαντος
858 4554 1202 4623 Ἀθανασίου,
1233 4557 1424 4626 ἐπειδὴ
1457 4559 1485 4611 ό
1516 4556 1756 4629 γνησίως
1793 4557 1987 4629 ἐκείνῳ
2027 4556 2542 4630 ὲξυπηρετούμενος
2578 4556 2862 4626 Θεοφάνης
2890 4552 3174 4626 φωραθείη
3204 4552 3357 4622 δῶρα
3378 4553 3516 4622 λαμ·

259 4642 449 4694 ὕάνων
476 4641 570 4694 ἐπὶ
596 4645 936 4712 προτροπαῖς
966 4643 1269 4708 τοιαύταις,
1300 4646 1643 4717 ἀπέστημεν,
1682 4648 1776 4701 καὶ
1809 4646 2014 4710 πάσαις
2041 4644 2246 4716 ψήφοις
2279 4643 2673 4715 ἀπεϐιλόμεθα
2698 4642 2849 4697 τόνδε
2887 4642 2980 4695 τὸν
3012 4639 3388 4711 πατριάρχην,
3425 4638 3522 4692 καὶ

257 4728 372 4782 οὐδ’
399 4729 461 4781 οὐ
488 4729 702 4801 μήποτε
733 4730 1006 4801 δεξαίμεθ’
1028 4733 1094 4786 ἂν
1115 4732 1281 4786 αὐτὸν
1309 4732 1437 4786 οὐτε
1464 4735 1543 4797 είς
1568 4733 2002 4804 ἀρχιερωσύνην,
2027 4732 2155 4788 οὐτε
2203 4734 2509 4805 ἱερωσύνην
2542 4750 2560 4799 ;
2603 4732 2760 4787 Ἐπεὶ
2785 4731 2881 4787 καὶ
2908 4728 3207 4783 συνειδέναι
3234 4726 3402 4781 αὐτὸν
3424 4725 3525 4779 καί⁵

260 4818 344 4888 μὴ
375 4815 669 4885 ἀγνώστως
697 4817 845 4888 ἔχειν
867 4820 979 4872 τῶν
1001 4819 1079 4889 τῷ
1111 4820 1377 4888 Θεοφάνει
1405 4823 1837 4893 πεπραγμένων,
1866 4820 1999 4875 αὐτὸ
2019 4820 2080 4874 τὸ
2114 4821 2352 4892 πρᾶγμα
2381 4820 2477 4874 καὶ⁸
2497 4819 2743 4873 δείκνυσι
2770 4821 2867 4873 καὶ
2903 4817 3199 4887 διελέγχει,
3241 4814 3336 4868 καὶ
3365 4813 3517 4867 ἐστιν
3544 4844 3547 4855 μ

262 4907 614 4976 ἰσχυρότερον
641 4906 842 4971 παντὸς
865 4907 1088 4979 ἐλέγχου
1115 4909 1210 4962 καὶ
1240 4909 1573 4980 κατηγόρου.
1608 4910 1750 4975 Non,
1784 4909 1800 4964 i

1979 4925 2031 4976 n,
2069 4907 2421 4980 Theophanis
2456 4907 2683 4963 avaritia
2726 4922 2892 4962 causa
2931 4905 3053 4968 fuit,
3101 4914 3159 4957 ut
3184 4900 3517 4958 Athanasius

257 4996 509 5051 secundo
533 5011 565 5052 e
597 4995 727 5052 sede
758 4997 1075 5066 pelleretur,
1109 5006 1169 5051 ut
1192 4997 1268 5051 ait
1301 4996 1624 5063 Chumnns;
1663 5014 1787 5054 nam
1816 4997 2232 5069 Theophanem,
2283 4997 2595 5052 inconsulto
2625 5005 2679 5051 et
2720 4996 2944 5050 minimc
2981 4994 3251 5063 probante
3276 4991 3516 5045 Athana-
3592 5052 3595 5055 λ

257 5084 368 5147 sio,
399 5082 541 5138 dona
594 5082 843 5155 accipere
886 5084 1109 5139 solitum
1151 5083 1321 5140 fuisse
1369 5085 1469 5145 (uti
1498 5087 1703 5155 optime
1732 5094 1787 5141 et
1827 5085 2110 5141 Boivinius
2137 5086 2195 5140 in
2240 5085 2399 5141 Notis
2427 5083 2495 5139 ad
2540 5083 2859 5153 Gt'egorazn)
2894 5090 3122 5153 apparet
3166 5096 3235 5136 ex
3283 5078 3518 5149 cpistola

258 5171 437 5240 ipsius
472 5170 750 5225 Athanasii
782 5171 850 5225 ad
882 5172 1265 5240 imperatorem
1294 5174 1520 5242 scripta,
1570 5190 1679 5245 qua
1710 5175 1952 5247 postulat
1983 5185 2044 5230 ut
2075 5175 2390 5246 inquiratur
2435 5174 2491 5228 in
2523 5189 2620 5229 eos
2654 5173 3066 5244 qui-seniorum
3098 5170 3320 5225 nomine
3354 5182 3518 5237 pecu-

258 5261 411 5312 niam
454 5262 770 5329 acceperint
798 5275 865 5315 ex
922 5262 1067 5329 turpi
1112 5277 1298 5327 causa,
1323 5272 1378 5315 et
1411 5263 1737 5319 nominatim
1783 5272 1936 5320 notat
1969 5264 2146 5333 ipsum
2175 5260 2591 5332 Theophanem.
2645 5258 2792 5317 lianc
2836 5259 3001 5316 etiam
3030 5256 3350 5330 epistulam,
3393 5269 3520 5310 cum

255 5348 332 5403 sit
358 5347 586 5413 inedita,
621 5348 756 5404 libet
777 5347 870 5404 hic
899 5362 1025 5402 cum
1056 5358 1240 5403 nostra
1266 5349 1521 5405 versione
1556 5352 1841 5406 exhibere.

337 5575 412 5640 (ί)
444 5572 605 5630 Forte
630 5574 841 5645 ἔπειύή.

335 5650 409 5713 (2)
442 5646 740 5713 Ὶερᾶσὶαι.

2020 5581 2093 5649 (4)
2132 5561 2293 5637 Forte
2320 5581 2606 5650 ζηλωταῖς.

2018 5653 2095 5713 t5)
2143 5653 2501 5713 Ἐφρυάξατε.

339 5656 409 5714 [2)
442 5656 740 5713 Ίερᾶσ)αι.

339 5718 407 5783 ιῦ,
447 5716 520 5770 Fu
556 5727 604 5772 te
638 5718 1090 5786 φρυασσομένοις,

970 5736 1034 5770 )0.
1054 5736 1069 5745 .
2018 5656 2095 5722 t5)
2143 5656 2500 5724 Ἐφρυάξατε.
