3894 6468
267 320 277 332 ἱ
337 372 445 433 503

283 622 294 679 ἱ

1388 370 1808 431 ATHANASll
1862 371 1971 431 (ΣΡ.
2017 371 2536 433 ΡΑΤΒΙΑΒΕΗᾹΞ

3482 369 3588 434 504

335 492 507 560 Ερὶδι(
526 488 580 542 la
608 488 675 542 ad
711 487 1083 567 imperatorem
1108 492 1297 567 cqutrg
1323 488 1491 567 turpis
1528 489 1661 543 lucri
1680 489 1910 559 cupidos,

2020 485 2273 567 Γρὰμμα
2301 486 2452 567 πρὸς
2464 483 2587 567 ,τὸν
2614 485 3019 567 αὐτοκράτορα
3051 484 3205 567 regini
3234 486 3588 567 αισχροκσρ-

743 567 792 611 et
833 557 896 611 de
927 555 1214 628 orit'ilegiis
1249 555 1516 613 Ecclesiae.

402 673 543 731 Cum
588 672 744 727 multi
794 670 959 727 hodie
1011 672 1135 741 plus
1181 678 1470 741 appetant,
1498 671 1627 742 quia
1675 673 1908 729 maxime

336 768 612 824 neminem
666 780 857 821 eorum
898 763 993 835 qui
1042 763 1305 833 pepnlum
1344 764 1567 820 Domini
1618 773 1677 821 ut
1727 781 1908 821 escam

339 857 496 927 panis
535 857 819 922 devorant,
871 863 926 911 et
956 865 1188 925 utraque
1238 866 1402 911 manu
1438 856 1606 911 etiam
1652 872 1775 928 quae
1806 857 1910 912 im-

341 948 479 1018 perii
520 956 650 1001 sunt
686 948 740 1001 in
779 947 1054 1016 propriam
1089 960 1201 1001 rem
1226 945 1526 1012 divertunt,
1552 948 1908 1019 castigatione

338 1040 406 1093 ad
455 1054 643 1094 sanam
691 1047 929 1092 mentem
974 1051 1340 1093 revocamus:
1379 1052 1574 1107 quassu
1592 1046 1650 1093 ut
1687 1047 1909 1108 propter

340 1132 630 1186 Dominum
663 1138 902 1198 praesens
950 1128 1229 1197 negotium
1269 1136 1532 1185 tractetur
1556 1167 1573 1190 ,
1612 1144 1790 1199 neque
1840 1130 1908 1186 ab

265 1287 273 1293 .
339 1222 410 1276 iis
458 1222 550 1289 qui
590 1220 911 1275 muneribus
963 1219 1215 1274 excaecmi
1260 1229 1419 1286 sunt,
1457 1220 1685 1286 veritas,
1714 1221 1806 1292 jus
1853 1231 1911 1277 et

339 1312 567 1381 mquitas
597 1319 1019 1366 contemnantur
1058 1348 1073 1373 ,
1111 1326 1285 1381 neque
1314 1311 1390 1365 ita
1428 1310 1767 1381 despiciatu‘r
1812 1311 1913 1367 Ec-

340 1407 528 1472 clesia,
577 1413 640 1460 ut
700 1405 982 1476 privilegia
1023 1405 1143 1475 ejus
1196 1404 1440 1475 cujusvis
1468 1405 1682 1461 lucrum
1717 1419 1910 1475 parare

343 1500 571 1555 volentis
587 1498 877 1554 calumniis
895 1497 1274 1567 subiiciantur.
1292 1497 1395 1553 Séd
1422 1499 1721 1568 promerita
1746 1517 1909 1571 poena

342 1588 606 1644 adiciatur
633 1589 813 1659 quivis
828 1588 1149 1645 maledictus
1167 1590 1363 1656 homo;
1387 1591 1504 1646 sive
1526 1591 1908 1662 Theophanes,

339 1682 455 1737 sive
483 1681 732 1751 quisquis
757 1681 898 1735 alius
930 1683 1073 1752 turpi
1106 1682 1264 1738 lucro
1281 1683 1365 1738 vel
1394 1668 1666 1741 calumnia
1700 1687 1871 1742 utitur
1891 1728 1905 1753 ,

339 1781 435 1827 aut
482 1781 667 1826 contra
715 1770 996 1826 veritatem
1038 1773 1303 1842 procedit,
1337 1790 1568 1846 eamque
1618 1779 1906 1837 mendacio

2162 555 2247 611 ὧν
2271 557 2369 611 καὶ
2418 555 2536 610 τῶν
2568 557 2908 626 προνομίων
2941 555 3051 626 τῆς
3089 555 3474 625 Ἐκκλησίας.

2078 668 2305 725 Πάντων
2328 669 2633 738 ἐφιεμένων
2652 667 2746 723 τοῦ
2773 669 3016 734 πλείονος
3044 670 3305 742 σήμερον,
3329 672 3426 725 καὶ
3449 672 3588 741 μᾶλ-

2006 760 2098 814 λον
2123 761 2207 814 ὅτι
2249 759 2457 830 μηδένα
2509 760 2597 814 διὰ
2631 760 2969 824 παιδεύσεως
3019 762 3434 833 σωφρονίξομεν
3471 766 3585 818 τῶν

2008 851 2297 907 ἐσθιόντων
2324 853 2382 905 ἐν
2408 850 2608 923 βρώσει
2635 853 2804 925 ἀρτου
2830 853 2921 907 τὸν
2947 853 3042 908 τοῦ
3078 853 3285 925 Κυρίου
3314 854 3465 916 λαὸν,
3488 856 3584 908 xui.

2012 945 2460 1014 ίδιοποιουμένων
2515 947 2610 1001 καὶ
2655 949 2726 1002 τὰ
2772 948 2872 1017 τῆς
2918 946 3196 1018 βασιλείας
3243 947 3593 1018 ἀμφοτέραις

2009 1037 2188 1107 χερσὶ,
2222 1036 2388 1106 κᾶνὴ
2445 1037 2699 1108 παροῦσα
2734 1038 2992 1102 ὑπόθεσις
3035 1040 3112 1102 ὠς
3157 1039 3280 1092 δέον
3322 1038 3586 1109 ψηλαφη-

2011 1127 2160 1199 θήτω
2178 1126 2267 1182 διά
2290 1128 2380 1183 τὸν
2414 1128 2621 1200 Κύριον
2643 1147 2657 1163 θ
2682 1129 2775 1185 καὶ
2803 1130 2879 1203 μὴ
2894 1131 2983 1185 διὰ
3004 1131 3111 1184 τῶν
3131 1130 3589 1199 ἐκτυφλουμένων

2011 1220 2206 1286 ξενίοις
2236 1222 2268 1291 ἡ
2305 1220 2540 1292 ἀλήθεια
2567 1220 2868 1276 ἀθετεῖσθω
2921 1223 3012 1277 καὶ
3037 1223 3096 1276 τὸ
3124 1222 3351 1293 ἔννομον
3395 1222 3492 1275 καὶ
3523 1221 3585 1275 τὸ

2008 1310 2239 1366 δίκαιον.
2268 1313 2421 1384 Μηδὲ
2446 1313 2702 1367 τοσοῦτον
2733 1314 3187 1383 καταφρονείσθω
3215 1316 3247 1384 ἡ
3283 1312 3587 1385 Ἐκκλησία.

2009 1401 2117 1455 τῶν
2141 1403 2456 1472 προσόντων
2486 1404 2624 1474 αὑτῇ
2670 1404 3007 1474 προνομίων,
3044 1406 3285 1470 εὐκόλως
3316 1407 3421 1460 ὑπὸ
3454 1423 3591 1460 παν-

2010 1493 2102 1557 τὸς
2134 1492 2464 1565 βουλομένου
2522 1494 2828 1565 κερδαίνειν
2873 1498 3239 1569 πεπλασμένῃ
3282 1498 3592 1567 ὑποϐεϐλῆ-

2011 1586 2141 1641 σθαι
2189 1587 2454 1659 διαϐολῇ·
2512 1587 2632 1642 ἀλλ’
2690 1588 2859 1654 ἀξίως
2915 1590 3284 1661 ἐιιτιτιμάσθωΔ
3317 1592 3598 1662 ἐπάρατος

2013 1681 2141 1746 πᾶς,
2174 1681 2284 1734 εἴτε
2314 1680 2595 1752 Θεοφάνης
2640 1680 2752 1734 εἴτε
2787 1677 2898 1745 οἷός
2948 1683 3095 1738 ἐστιν
3133 1685 3162 1737 ὁ
3195 1683 3478 1754 χρώμενος
3521 1686 3591 1753 τῇ

2012 1774 2434 1845 αίσχροκερδείᾳ
2458 1775 2552 1829 καὶ
2575 1777 2640 1846 τῇ
2664 1774 2885 1847 διαϐολῇ
2915 1779 3009 1851 καὶ
3035 1778 3177 1832 κατὰ
3201 1777 3300 1846 τῆς
3323 1776 3589 1846 ἀληθείας

341 1864 578 1917 obruere
607 1863 840 1918 nititur:
877 1878 941 1919 ac
982 1879 1107 1919 cum
1138 1865 1208 1920 iis
1239 1868 1538 1936 puniantur
1558 1871 1654 1940 qui
1698 1871 1755 1925 in
1787 1879 1910 1927 tan-

2018 1865 2230 1936 χωρῶν,
2274 1864 2368 1920 καὶ
2411 1865 2617 1936 ταύτης
2656 1867 3166 1937 καταψευδόμενος·
3208 1867 3330 1939 μεθ’
3364 1861 3439 1921 ὧν
3489 1868 3589 1921 καὶ

342 1966 448 2010 tam
481 1954 763 2010 audaciam
799 1965 1187 2026 proruperunt,
1226 1969 1285 2013 ut
1313 1961 1637 2017 muneribus
1665 1966 1909 2034 corrupti

343 2055 452 2099 tam
506 2044 712 2101 foedum
758 2044 971 2099 facinus
998 2047 1294 2105 occultent.
1330 2046 1520 2117 Neque
1546 2048 1693 2103 enim
1726 2049 1911 2107 divina

341 2132 477 2188 ultio
515 2146 731 2202 semper
754 2132 1073 2188 dormitabit
1095 2132 1162 2187 iis
1194 2134 1287 2203 qui
1319 2134 1443 2188 talia
1467 2134 1585 2190 ausi
1610 2146 1759 2199 sunt,
1790 2136 1913 2205 qui-

337 2223 474 2279 libet
508 2227 725 2280 tandem
766 2226 990 2281 fuerint.
1028 2226 1125 2282 llis
1151 2225 1219 2281 de
1258 2205 1440 2282 causis
1476 2242 1683 2305 precor
1714 2229 1914 2283 iterum

338 2318 681 2387 majestatem
732 2328 905 2382 tuam.
941 2328 1002 2373 ut
1038 2332 1230 2375 eorum
1288 2334 1514 2375 examen
1540 2330 1595 2375 et
1651 2321 1915 2379 ultionem

338 2412 726 2467 incunctanter
753 2420 809 2465 et
842 2410 1075 2482 impigre
1109 2421 1393 2480 procuret,
1425 2427 1534 2465 non
1573 2428 1602 2465 a
1642 2416 1918 2484 corruptis

338 2511 394 2554 et
435 2503 685 2570 pecuniae
713 2503 886 2557 amori
919 2519 1097 2572 genua
1130 2502 1477 2559 ﬂectentibus
1535 2503 1668 2558 viris
1711 2503 1917 2561 facien-

338 2595 461 2649 dam
491 2614 504 2652 :
555 2596 710 2666 cuius
747 2610 913 2650 causa
939 2595 1106 2651 Judas
1132 2595 1188 2651 in
1216 2594 1463 2651 fraudem
1518 2598 1635 2666 ipse
1666 2612 1819 2653 suam
1856 2615 1915 2655 se

338 2689 573 2755 extulit;
606 2689 679 2743 ita
721 2698 782 2743 ut
825 2689 945 2758 ejus
997 2688 1210 2744 facinus
1248 2688 1452 2759 ubique
1487 2699 1544 2744 et
1572 2688 1789 2744 assidue
1820 2690 1915 2744 de-

338 2795 612 2839 cantetur.
642 2783 799 2850 Quod
828 2785 872 2840 si
910 2800 1017 2839 non
1048 2784 1400 2849 ulciscamur,
1433 2784 1531 2839 sed
1563 2784 1833 2854 neglectui
1860 2794 1915 2840 et

340 2877 560 2932 silentio
589 2891 691 2932 nos
717 2876 1052 2941 dederimus,
1112 2878 1228 2933 haec
1266 2875 1410 2947 apud
1437 2878 1643 2947 justum
1672 2876 1912 2948 judicent

338 2969 513 3026 Deum
540 2970 716 3026 inulta
737 2985 845 3026 non
877 2978 1089 3027 erunt."

338 3133 585 3204 Epistula
623 3135 692 3190 ad
722 3137 1097 3205 imperatorem
1142 3135 1205 3188 de
1244 3135 1455 3190 domino
1488 3132 1725 3205 Niphatis
1763 3132 1915 3202 Cyzi-

406 3223 533 3276 ceno
556 3247 569 3271 ,
625 3222 763 3276 quoa

414 3275 652 3330 oblatas.

408 3434 545 3489 Cum
575 3434 813 3504 aliquem
846 3434 898 3488 in
923 3432 1141 3505 judiciis
1164 3431 1231 3487 de
1248 3430 1545 3502 praecipuis
1582 3446 1742 3485 reum
1771 3430 1915 3487 acci-

338 3525 421 3580 dit
462 3526 608 3596 apud
636 3543 738 3582 nos
770 3528 936 3592 mitti,
956 3525 1157 3581 auditis
1182 3532 1507 3579 cunctorum
1547 3524 1791 3594 legitime
1819 3523 1913 3578 ad-

341 3620 639 3676 missurum
687 3620 1157 3684 accusationibus,
1218 3636 1320 3677 nec
1365 3620 1727 3678 dilationibus
1751 3628 1914 3674 uten-

339 3713 494 3775 dum,
526 3725 628 3765 nec
658 3726 936 3765 morarum
966 3713 1230 3770 facultate
1290 3713 1344 3769 in
1371 3713 1601 3785 gratiam
1630 3709 1912 3780 postulan-

340 3803 496 3868 tium,
519 3816 737 3857 causam
769 3805 1023 3859 celeriter
1050 3814 1300 3876 agentes,
1343 3815 1402 3861 et
1432 3817 1493 3859 ut
1519 3804 1679 3858 decet
1708 3816 1913 3857 curan-

340 3906 446 3950 tes.
503 3896 659 3962 Quod
718 3898 762 3951 si
796 3913 924 3952 vero
957 3898 1102 3981 apud
1126 3899 1469 3981 homines‘in
1507 3897 1911 3953 sententiarum

342 3985 648 4054 prolatione
701 3988 942 4058 iurgium
991 3999 1048 4045 et
1103 3988 1469 4054 obtrectatio,
1504 3989 1685 4059 qualia
1720 3984 1913 4058 procul

338 4078 508 4134 dubio
531 4078 587 4134 in
619 4080 825 4136 divinis
858 4081 1241 4152 discrepanter
1264 4090 1591 4145 occurrunt,
1621 4090 1738 4136 tum
1765 4094 1913 4148 mag-

334 4172 444 4237 nis,
499 4179 612 4225 tum
667 4173 870 4240 parvis,
916 4186 977 4229 ut
1010 4175 1208 4245 siquis
1237 4175 1466 4229 irrideat
1495 4173 1582 4249 vel
1629 4170 1914 4240 sacrilegis

337 4265 593 4319 manibus
616 4273 813 4322 tractet
842 4281 963 4337 qua:
992 4266 1061 4321 ad
1094 4280 1222 4323 eum
1255 4276 1532 4339 spectant.
1567 4267 1698 4322 dum
1730 4274 1917 4339 posset

335 4355 525 4411 ulcisci
560 4367 615 4411 et
644 4358 941 4415 vlndiclam
974 4361 1289 4416 retribuere
1303 4362 1473 4427 Deus,
1498 4361 1667 4416 maris
1685 4360 1911 4431 placidi-

335 4460 501 4505 tatem
562 4450 745 4521 potius
793 4469 1045 4522 servans,
1092 4469 1159 4509 ac
1227 4456 1399 4509 nostri
1424 4456 1481 4509 in
1508 4469 1673 4509 omne
1705 4455 1909 4509 bonum

330 4554 389 4598 et
417 4554 634 4615 acquum
668 4544 835 4600 studii
864 4546 1089 4601 minime
1114 4547 1339 4615 ignarus
1357 4587 1372 4610 ,
1393 4544 1662 4614 utcuipas
1683 4558 1908 4600 curare-
1945 4560 1989 4615 ι)

331 4652 456 4693 mus
482 4640 739 4707 invicem,
763 4640 1082 4696 hominibus
1108 4640 1306 4695 fratres
1332 4639 1607 4694 commisit
1633 4638 1909 4709 etjustam

330 4732 801 4798 praevaricationis
817 4749 1060 4804 poenam,
1079 4748 1145 4787 ne
1168 4732 1281 4786 ullo
1303 4730 1466 4786 modo
1487 4730 1711 4786 veritati
1732 4732 1912 4785 detra-

330 4822 580 4881 heretur.
602 4822 810 4882 Idcirco
836 4826 1082 4898 quaequae
1106 4824 1264 4879 nobis
1279 4837 1347 4877 ex
1369 4823 1600 4877 auribus
1628 4820 1911 4891 percipere

328 4919 555 4981 accidit,
617 4920 694 4975 nil
764 4936 830 4975 ex
860 4920 944 4974 his
980 4926 1172 4990 utpote
1200 4915 1532 4987 spernendis
1562 4912 1910 4968 dimittamnr

327 5014 538 5079 vacuis,
587 5029 689 5068 nec
746 5012 811 5067 ad
846 5022 1063 5083 tempus
1098 5009 1509 5082 protrahamus,
1544 5004 1910 5062 nctlmnobli-

325 5106 627 5173 viscantur,
660 5109 743 5163 vel
775 5116 1097 5163 caeterarum
1129 5105 1532 5174 cogitationum
1559 5119 1722 5157 cursu
1762 5099 1910 5154 dola-

328 5202 436 5267 psi,
460 5200 587 5261 [alia
616 5201 940 5255 deseramus
976 5198 1148 5253 inuita
1175 5198 1426 5267 quamvis
1445 5209 1664 5249 causam
1692 5191 1910 5247 noveri-

325 5307 472 5348 mus.
505 5288 661 5359 Q'uod
705 5292 748 5346 si
781 5289 980 5360 aliquis
1002 5289 1104 5345 sibi
1137 5289 1361 5343 noxium
1395 5287 1476 5341 vel
1507 5285 1779 5340 infensum
1813 5297 1907 5351 pa-

327 5389 523 5450 tiatur,
579 5398 733 5442 certe
767 5383 1138 5450 laudandum;
1178 5380 1323 5451 quod
1347 5395 1478 5435 vero
1509 5377 1705 5433 eodem
1740 5374 1903 5429 modo

326 5480 379 5533 in
409 5480 607 5535 fratres
638 5488 848 5543 utatur,
880 5493 979 5531 nec
996 5472 1341 5547 querimonia
1365 5486 1468 5527 nec
1496 5468 1909 5540 vituperatione

328 5573 542 5625 Vocabit
570 5589 583 5636 ;
617 5571 762 5639 quod
789 5571 835 5625 si
863 5569 1083 5624 tandem
1110 5566 1418 5640 iudicantis
1463 5573 1670 5619 statuta
1695 5566 1902 5617 consu-

327 5671 425 5723 las,
460 5663 857 5732 periculosum.
918 5661 1093 5716 Nemo
1143 5659 1349 5715 ctenim
1413 5658 1661 5727 opiimus
1710 5652 1901 5720 ioqu

326 5765 577 5820 agentem
610 5754 955 5824 comprobat,
982 5754 1084 5809 etsi
1111 5743 1555 5824 philantbropus.
1577 5744 1670 5800 sed
1698 5753 1751 5797 et
1786 5743 1906 5797 vin~

328 5849 528 5900 dictam
557 5856 610 5901 et
651 5847 783 5900 iram
812 5848 1081 5911 miscens,
1112 5861 1302 5901 eorum
1366 5844 1459 5914 qui
1486 5854 1649 5911 opera
1683 5835 1776 5890 [)ei
1810 5851 1903 5888 nc-

852 3205 1211 3259 accusatioues
1263 3211 1452 3259 contra
1510 3200 1751 3259 eumdem
1805 3200 1980 3274 ipsiC

2015 1955 2066 2007 οἱ
2099 1956 2191 2008 ἐπὶ
2246 1955 2504 2009 τοσοῦτον
2539 1956 2920 2028 θαρρήσαντες
2952 1956 3048 2010 νῦν
3088 1954 3186 2010 τοῦ
3233 1956 3591 2026 συγκαλύψαι

2018 2046 2217 2112 ξενίοις
2248 2047 2342 2102 καὶ
2373 2047 2636 2119 τοιαύτην
2662 2049 2984 2120 μιαιφονίαν
3029 2048 3273 2129 ἐλεεινὴν
3298 2066 3312 2080 ·
3336 2050 3420 2102 ὅτι
3450 2047 3623 2119 μηδὲ.

2016 2141 2052 2211 ἡ
2085 2141 2209 2194 θεῖα
2240 2139 2362 2210 δίκη
2400 2139 2752 2204 ἐπινυστάξει
2812 2142 2978 2211 μέχρι
3010 2141 3210 2206 παντὸς
3252 2143 3367 2205 τοῖς
3418 2141 3597 2197 ταῦτα

2018 2232 2438 2301 κατατολμῶσιν
2464 2232 2662 2296 οἵτινες
2690 2233 2782 2287 καὶ
2808 2234 2967 2287 εἰσίν.
3000 2234 3228 2289 Ἕνεκεν
3263 2234 3471 2288 τούτων
3497 2234 3597 2288 καὶ

2018 2322 2176 2387 αὖθις
2220 2324 2469 2390 ἐξέτασιν
2510 2324 2723 2394 δέομαι,
2771 2325 2866 2379 καὶ⁸
2912 2325 3196 2397 ἐκδίκησιν
3224 2327 3361 2398 πρὸς
3398 2327 3500 2395 τῆς
3528 2327 3597 2379 ἐκ

2017 2415 2154 2469 Θεοῦ
2182 2416 2461 2486 βασιλείας
2490 2433 2587 2469 σου
2621 2417 2841 2489 ἀρρεπῆ
2873 2419 3199 2489 γεννηθῆναι
3253 2420 3346 2472 καὶ
3376 2420 3594 2483 ἄοκνον,

2021 2506 2096 2577 μὴ
2130 2508 2279 2575 παρὰ
2325 2493 2695 2579 διεφθορότων
2730 2509 2826 2563 καὶ
2873 2513 2938 2581 τῇ
2979 2511 3213 2583 κακίστη
3250 2511 3594 2582 φιλαργυρίᾳ

2016 2599 2152 2667 γόνυ
2202 2598 2543 2652 κλινάντων’
2591 2599 2659 2651 δι’
2720 2600 2787 2669 ἣν
2845 2603 2938 2654 καὶ
2982 2602 3183 2665 Ἰούδας
3235 2601 3591 2673 ἐμεγαλύνθη

2016 2690 2353 2760 ἐπισφαλῶς.
2386 2692 2459 2753 ὡς
2490 2692 2862 2764 προσᾴδεσθαι
2888 2693 3166 2763 πανταχοῦ
3191 2695 3281 2748 καὶ
3302 2695 3591 2764 διηνεκῶς.

2018 2786 2082 2838 Εἰ
2112 2785 2169 2838 δὲ
2212 2785 2287 2855 μὴ
2337 2784 2740 2855 διεκδικοῦμεν,
2791 2785 2907 2840 ἀλλ’
2937 2786 3251 2856 ἀνεχόμεθα
3308 2800 3597 2858 παρασιω-

2018 2876 2146 2946 πᾷν.
2177 2875 2258 2928 Τὰ
2309 2874 2533 2929 τοιαῦτα
2570 2875 2688 2947 Θεῷ
2733 2876 2810 2947 τῷ
2840 2876 3188 2948 δικαιοκρίτῃ
3221 2876 3493 2932 ἀνεύθυνα
3527 2879 3593 2932 οὐ

2016 2967 2282 3037 διαμενεῖ.

2016 3126 2270 3197 Γράμμα
2301 3129 2449 3197 πρὸς
2493 3128 2602 3211 τὸν
2634 3127 3049 3197 αὐτοκράτορα
3076 3129 3210 3197 περὶ
3244 3128 3353 3183 τοῦ
3404 3128 3597 3198 κυροῦ

2081 3199 2358 3259 Νίςσωνος
2411 3199 2586 3259 ὄντος
2634 3198 2888 3259 Κυζίκου
2945 3198 3044 3253 διὰ
3083 3199 3194 3259 τὰς
3230 3201 3597 3259 κατηγορίας

2084 3212 2358 3266 [Πέρωνος
2411 3212 2586 3264 ortae
2634 3212 2888 3259 Κυζίκου
2945 3212 3044 3253 O'ta
3083 3212 3194 3265 τας
3230 3212 3597 3269 κατηγορίας

2084 3270 2195 3336 τὰς
2228 3270 2644 3337 ἁκουσθείσας
2673 3270 2810 3339 περὶ
2841 3269 3054 3324 αὐτοῦ.

2098 3426 2292 3482 Ἠνίκα
2322 3427 2449 3482 τινά
2474 3426 2583 3481 τῶν
2616 3428 2672 3480 ἐν
2696 3428 2878 3493 δίκαις
2903 3427 3283 3501 συνεχομένων
3311 3429 3468 3499 παρά
3498 3445 3595 3496 με·

2017 3520 2199 3590 γάλων
2225 3522 2411 3593 συμϐῇ
2440 3522 2576 3594 πρὸς
2604 3522 2751 3592 ἡμᾶς
2775 3522 3037 3591 σταλῆναι
3071 3521 3402 3592 προσώπων,
3429 3524 3598 3576 ἀκουο

2019 3614 2216 3685 σθῆναι
2244 3615 2344 3685 τὴν
2373 3615 2531 3687 δίκην
2563 3616 2793 3669 ἐκείνων
2838 3614 3140 3677 συνοδικῶς
3173 3615 3494 3679 ἀξιούντων,
3528 3615 3594 3669 οὐ

2019 3706 2158 3777 πρὸς
2184 3707 2455 3772 ἀναϐολὰς
2502 3708 2791 3778 χωροῦμεν
2818 3710 2917 3762 καὶ
2950 3707 3281 3778 ὑπερθέσεις
3309 3709 3419 3761 τῶν
3446 3724 3595 3774 περ.-

2015 3800 2237 3868 φάντων
2287 3800 2471 3869 χάριν,
2506 3801 2719 3870 ταχέως
2771 3800 3198 3870 ἐπιμελούμενοι
3229 3799 3323 3852 καὶ
3367 3799 3442 3863 ὡς
3473 3800 3597 3853 δίον

2017 3892 2421 3963 φροντίζοντες.
2455 3893 2518 3947 El
2572 3893 2629 3946 δὲ
2674 3893 2762 3946 ἐπ’
2802 3893 3110 3964 ἀνθρώπων
3156 3893 3216 3945 ἐν
3257 3893 3442 3961 κρίσει
3469 3892 3596 3948 δια-

2017 3988 2157 4052 φορὰ
2187 3987 2279 4039 καὶ
2304 3985 2662 4057 προτίμησις,
2694 3984 2858 4039 ὁποία
2886 3983 3278 4054 ἀναμφιϐόλως
3303 3985 3395 4037 καὶ
3422 3986 3593 4052 άσυγι

2016 4076 2219 4147 κρίτως
2250 4079 2308 4132 ἐν
2337 4080 2451 4140 τοῖς
2476 4077 2619 4147 ὑπὲρ
2648 4075 2787 4130 Θεοῦ
2819 4076 3195 4145 ἐποφείλεται,
3241 4075 3507 4145 μεγάλοις
3531 4094 3592 4130 τε

2017 4170 2108 4222 καὶ
2141 4172 2380 4239 μικροῖς,
2408 4170 2553 4224 ὥστε
2581 4170 2675 4223 καὶ
2708 4167 2837 4230 τοὺς
2864 4169 3223 4238 ἐμπαροινεῖν
3256 4167 3347 4220 καὶ
3386 4167 3594 4237 ἀφραίο

2017 4275 2129 4312 νειν
2180 4259 2251 4312 τὰ
2302 4261 2383 4323 είς
2437 4259 2602 4313 αὐτὸν
2652 4258 2878 4319 δυνατὸς
2918 4256 2995 4311 ὢν
3037 4257 3439 4328 ἐπεξέρχεσθειι
3496 4260 3597 4312 καὶ

2014 4347 2306 4403 διεκδικείν
2335 4347 2701 4419 ἀγαθωσύνης
2753 4347 2983 4417 πελάγει
3029 4346 3343 4414 δοκιμάζων
3371 4349 3465 4401 τὸν
3497 4347 3598 4402 πό-

2016 4438 2108 4494 θον
2141 4439 2303 4510 ὴμῶν
2334 4440 2470 4510 πρὸς
2502 4442 2565 4493 τὸ
2594 4440 2805 4494 δίκαιον
2837 4442 2928 4492 καὶ
2959 4438 3286 4508 φιλάδελφον
3310 4440 3358 4491 sl
3389 4424 3595 4512 ξπιμε-

2015 4533 2260 4605 λούμεθα
2292 4533 2571 4605 ἁμαρτίας
2619 4532 2945 4602 ἐλευθεροῦν
2976 4532 3238 4599 ἀδελφοὺς
3278 4530 3599 4601 ἀνθρώποις

2020 4625 2353 4696 παρέπεμψε
2385 4626 2487 4697 τὴν
2516 4624 2735 4678 δικαίαν
2767 4624 3073 4695 ἐκδίκησιν,
3104 4624 3281 4694 μηδὲν(
3307 4625 3595 4696 προτιμᾷν

2016 4717 2395 4788 ἐντειλάμενος
2420 4715 2702 4788 ἀληθείας.
2739 4715 2838 4769 Διά
2863 4716 3021 4768 τοῦτο
3043 4714 3112 4768 τὰ
3141 4715 3426 4783 φθάσαντα
3443 4717 3599 4784 σήμε-

2016 4808 2204 4876 τέραις
2233 4809 2426 4861 πεσεῖν
2456 4808 2669 4870 ἀκοαῖς,
2706 4805 2783 4878 μὴ
2826 4805 2902 4869 ὦς
2933 4822 2984 4858 τι
3032 4806 3142 4859 τῶν
3175 4808 3600 4876 εύκαταφρονή·

2015 4908 2144 4965 των,
2176 4899 2428 4969 ἐάσωμεν
2459 4899 2804 4969 ἀνενέργητα
2828 4913 2844 4929 ·
2882 4897 3019 4968 μηδέ
3046 4896 3238 4966 καιροῦ
3264 4898 3597 4968 ὑπερθέσει,

2016 4994 2164 5056 ὅπως
2197 4991 2606 5063 ἐπιλησθῶμεν,
2637 4992 2671 5056 ἦ
2710 4990 2768 5057 ἐξ
2824 4989 3002 5044 ἄλλων
3050 4989 3348 5059 φροντίδων
3405 5000 3595 5060 παρα·

2016 5084 2203 5158 δράμῃ
2238 5085 2385 5156 ἡμᾶς
2421 5084 2756 5154 ἀνεκδίκητον.
2801 5082 2909 5136 τῶν
2940 5080 3199 5135 τοιούτων
3225 5081 3445 5147 ὑφέξειν
3497 5084 3599 5136 τὸν

2013 5182 2170 5247 λόγον
2204 5180 2278 5249 μὴ
2313 5176 2653 5246 ἀγνοοῦντες.
2684 5178 2744 5229 Εἰ
2786 5177 2891 5245 γάρ
2926 5190 3009 5239 τις
3038 5175 3129 5230 τὸν
3162 5175 3591 5245 προσκόπτοντα

2014 5275 2093 5336 εἰς
2125 5273 2310 5336 αὐτὸν,
2344 5272 2376 5338 ἢ
2428 5268 2732 5340 ζημιοῦντα
2771 5268 3042 5333 ἀνέξεται,
3095 5266 3205 5318 τῶν
3255 5266 3599 5334 ἐπαινουμέο

2016 5384 2124 5418 νων
2166 5362 2349 5416 ἐστίν’
2385 5364 2432 5414 εἰ
2466 5360 2522 5414 δέ
2580 5364 2846 5432 χρήσεται
2900 5358 3072 5426 τούτῳ
3120 5360 3213 5410 ἐπὶ
3254 5356 3595 5423 συνδούλοις,

2014 5458 2135 5510 οὐδὲ
2177 5455 2437 5525 μέμψεωζ
2489 5455 2591 5520 ἔξω
2620 5454 2740 5507 οὐδὲ
2771 5442 3104 5505 ἁνεύθυνον¹ο
3133 5451 3182 5502 εί
3214 5449 3271 5502 δὲ
3321 5448 3416 5501 καὶ
3459 5450 3596 5511 τοὺς

2013 5550 2239 5618 κυρίους
2297 5546 2633 5615 προσϐλέπει
2688 5543 2781 5598 τοῦ
2838 5544 3142 5613 κρίνοντος,
3203 5539 3593 5620 ἐπικίνδυνον*

2013 5644 2093 5696 ὅτι
2124 5641 2258 5710 μηδὲ
2295 5639 2455 5701 αὐτὸς
2487 5642 2513 5690 ό
2562 5636 2880 5703 πανάγαθος
2924 5633 3227 5687 ἀδικεῖσθαί
3256 5648 3381 5685 τινα
3423 5634 3594 5685 ἐπαι-

2011 5738 2112 5799 νεῖ,
2144 5734 2237 5786 καὶ
2262 5734 2308 5784 εἰ
2339 5732 2459 5784 λίαν
2490 5730 2607 5782 ἐστὶ
2637 5728 3045 5800 φιλάνθρωπος,
3071 5726 3209 5779 ἀλλά
3240 5724 3465 5795 κίρνησι
3495 5724 3591 5777 τὸν

2012 5828 2239 5900 τρηλγῐαν
2274 5826 2455 5886 αὐτοῖς
2491 5821 2581 5875 τοῦ
2614 5820 2806 5891 θυμοῦ,
2839 5820 3081 5890 ὀκιγςρῶς
3112 5819 3219 5872 τῶν
3241 5818 3586 5872 δεεποτικιῖλν
