3894 6366
368 366 474 431 507

1437 356 2015 440 ΑΤιιΑΝΑειϊοΡ.
2057 359 2581 439 PATRIARCHAZ

3537 380 3637 447 508

371 504 478 553 me,
537 489 958 558 imperaverunt
1008 504 1073 545 ac
1104 488 1240 545 mihi
1273 506 1383 546 non
1417 492 1821 560 innatuerunt;
1858 494 1957 549 sed

2071 494 2202 549 ἀλλὰ
2231 494 2435 566 καρδίᾳ
2485 494 2587 565 μιᾷ
2622 494 2717 546 καὶ
2763 494 3116 567 ὁμοφροσύνῃ
3147 493 3239 548 καὶ
3272 495 3454 568 ίκεσίᾳ
3509 496 3633 550 είλι·

371 580 540 636 corde
598 596 709 636 uno
738 590 795 637 et
832 582 1015 637 anima
1047 597 1179 646 una,
1210 598 1375 653 quem
1406 599 1471 638 ex
1507 589 1595 654 pia
1627 586 1958 656 assiduaque

373 672 697 744 precatione
744 688 776 728 a
841 672 957 729 Deo
1005 675 1245 730 electum
1309 676 1737 747 iudicaverunt,
1798 695 1826 734 a
1861 679 1957 735 Dei

371 766 506 821 viris
528 766 759 821 tidenter
784 767 982 837 accipi,
1023 778 1079 823 et
1109 777 1239 823 tunc
1290 769 1600 839 perfectam
1624 783 1680 828 et
1712 772 1781 827 ab
1804 772 1956 827 omni

369 858 552 931 jurgio
591 858 894 914 immunem
923 874 1045 916 esse
1096 862 1531 932 acceptationem
1564 879 1591 917 a
1623 864 1782 919 nobis
1806 848 1958 934 cogi-

376 951 505 1018 tari,
533 961 586 1008 et
618 968 648 1006 a
677 952 787 1009 Deo
815 954 1168 1023 electionem,
1203 956 1308 1027 ipsi
1350 957 1454 1013 soli
1487 957 1728 1028 duplicis
1757 958 1956 1014 salutis

374 1061 501 1116 spes
530 1047 697 1101 etiam
729 1047 1141 1105 committentes
1159 1058 1218 1105 et
1270 1065 1381 1105 non
1407 1034 1777 1118 ﬂuctuantes;
1807 1052 1946 1107 illud

374 1153 510 1192 vero
545 1153 733 1193 revera
766 1139 889 1195 ﬁdei
922 1138 1047 1195 finis
1082 1141 1499 1213 prudentiaeque
1514 1159 1578 1199 ac
1605 1144 1956 1200 humilitatis.

376 1226 447 1284 Ut
474 1229 620 1283 enim
652 1243 682 1283 a
715 1229 869 1284 verbi
907 1231 1274 1301 przeconibus,
1305 1242 1496 1303 utpote
1527 1234 1805 1300 novimus,
1841 1246 1956 1292 sta-

378 1330 555 1375 tutum
610 1330 719 1387 est,
743 1338 926 1378 nonne
951 1322 1085 1377 illud
1154 1324 1439 1380 lucramur
1494 1334 1646 1394 tunc,
1678 1344 1780 1384 nos
1815 1331 1960 1385 elec-

380 1412 515 1466 tioui
552 1428 581 1467 a
618 1413 730 1467 Deo
760 1413 938 1478 factm,
970 1414 1039 1468 ab
1074 1397 1335 1470 humanis
1367 1417 1669 1473 immunem
1702 1435 1960 1476 vacuam-

378 1520 487 1574 que
511 1506 938 1576 cogitationibus
959 1518 1013 1563 et
1037 1507 1289 1565 consiliis
1350 1526 1458 1565 non
1491 1512 1956 1579 contradicentes,

378 1597 684 1665 prudenter
752 1598 1115 1667 fugientibus,
1184 1602 1349 1656 etiam
1418 1602 1489 1658 iis
1542 1604 1744 1672 quibus
1768 1604 1957 1661 divina

380 1699 624 1744 statuere
673 1690 924 1760 ccutigit,
997 1707 1197 1762 nempe
1250 1696 1593 1751 conscientia
1644 1713 1754 1752 non
1782 1700 1956 1768 carpi,

381 1781 547 1836 falsos
615 1782 780 1837 etiam
838 1784 935 1837 Dei
991 1786 1275 1842 ministros
1331 1788 1448 1843 sive
1487 1790 1819 1861 repellentes
1842 1796 1958 1846 sive

381 1876 753 1944 accipientes?
783 1876 939 1944 Quod
981 1880 1129 1933 enim
1180 1881 1504 1937 nescierunt
1546 1848 1661 1952 ipse
1691 1884 1836 1939 Deus
1860 1899 1959 1952 pro
1992 1848 2032 1901 Β

382 1967 579 2023 merito
629 1969 829 2038 accipit
898 1971 985 2025 vel
1040 1973 1280 2042 repellit.
1336 1973 1470 2041 Quis
1526 1976 1673 2030 enim
1713 1986 1956 2031 mentem

383 2056 598 2113 Domini
646 2060 800 2114 novit
858 2077 1101 2131 unquam
1126 2103 1142 2129 ,
1169 2073 1266 2117 aut
1294 2063 1399 2118 fuit
1428 2064 1548 2135 ejus
1578 2064 1962 2120 consiliarius?

380 2148 551 2218 Opere
578 2151 939 2207 ostendentes
969 2169 1068 2208 nos
1090 2154 1318 2209 credere
1357 2154 1504 2224 quod
1537 2156 1588 2208 in
1621 2156 1772 2209 omni
1814 2165 1960 2211 terra

379 2242 587 2314 judicia
619 2243 737 2305 Dei.
778 2245 929 2314 quod
952 2246 1144 2311 etiam,
1187 2262 1299 2302 non
1356 2249 1498 2304 sicut
1527 2248 1741 2304 videbit
1772 2248 1959 2314 homo,

384 2336 459 2390 i=a
518 2337 725 2390 videbit
766 2336 929 2391 Deus.
969 2338 1062 2393 Sic
1109 2347 1291 2393 autem
1322 2340 1650 2409 placatc.'ut
1678 2340 1815 2406 disi,
1848 2354 1964 2395 ma-

384 2442 491 2499 gno
518 2427 614 2481 illo
677 2444 741 2483 ac
798 2427 1049 2482 mirando
1108 2428 1330 2498 sibiqua
1385 2430 1441 2483 in
1496 2429 1672 2499 gloria
1711 2430 1963 2500 compla-

385 2528 543 2574 cente
574 2520 703 2581 Deo.
730 2521 957 2575 minime
992 2536 1123 2575 vero
1168 2520 1398 2576 incertis
1427 2521 1797 2589 quorumdam
1828 2538 1963 2576 con-

387 2610 528 2666 siliis
596 2611 875 2681 paulisper
941 2621 1250 2675 commoto,
1320 2609 1546 2665 omnino
1610 2619 1790 2664 autem
1861 2610 1964 2664 bac

387 2702 583 2773 agendi
637 2704 870 2759 ratione.
925 2702 1054 2758 Sive
1111 2715 1296 2759 autem
1321 2703 1585 2772 deinceps
1607 2718 1671 2756 ex
1704 2703 1962 2758 omnibus

386 2797 481 2867 qui
539 2812 569 2850 a
630 2797 743 2851 Deo
796 2797 1025 2866 gratiam
1082 2807 1453 2867 susceperunt
1487 2797 1761 2861 fidelibus,
1792 2795 1960 2851 veluti

386 2905 453 2945 ex
483 2902 627 2945 terra
665 2893 896 2945 veritate
921 2902 1066 2953 orta,
1108 2891 1297 2946 nullus
1321 2890 1720 2946 eontradixerit
1749 2890 1890 2961 quod
1931 2905 1963 2944 e

392 2983 534 3039 c0310
600 2982 818 3051 justitia
872 2982 1197 3054 prospiciet.
1229 2993 1325 3038 aut
1355 2983 1521 3038 etiam
1549 2981 1719 3053 quod,
1743 2997 1961 3037 omnem

391 3076 682 3131 utilitatem
709 3076 986 3145 praebente
1010 3075 1250 3139 Christo.
1282 3074 1535 3130 tidelibus
1562 3089 1725 3129 omne
1757 3074 1961 3129 donum

2061 590 2242 658 κρινεῖ
2271 588 2366 641 καὶ
2416 587 2598 654 ἀόκνῳ
2629 585 2721 638 τὸν
2767 583 3068 656 θεοκρίτως
3118 585 3331 641 ἐκεῖθεν
3376 587 3633 660 κριθέντα

2059 679 2452 750 ἀναμφιϐόλως
2487 679 2613 743 τοὺς
2648 678 2741 733 τοῦ
2786 678 2921 733 Θεοῦ
2956 680 3337 753 ὑποδέχεσθαι.
3375 683 3484 735 Καὶ
3513 685 3634 736 τότε

2060 770 2262 841 πολλὴν
2286 772 2381 824 καὶ
2410 770 2742 841 ἀσύγκριτον
2772 765 2914 824 είναι
2943 769 3188 841 νομίζειν
3209 774 3343 843 ήμϊν
3370 773 3471 845 τήν
3501 775 3632 828 ἀποο

2059 859 2219 931 δοχὴν
2255 860 2390 930 πρὸς
2416 858 2552 914 Θεοῦ
2582 861 2678 915 καὶ
2710 861 3020 932 ἀντίληψιν,
3056 862 3144 915 ἐπ’
3176 862 3324 932 αὐτῷ
3351 863 3448 927 τὰς
3478 864 3634 917 ἑλπί-

2057 942 2155 1017 δας
2184 953 2278 1006 καὶ
2311 953 2463 1022 μόνῳ,
2484 952 2585 1015 τὰς
2613 953 2717 1023 τῆς
2742 953 2935 1023 διπλῆς
2963 954 3236 1024 σωτηρίας
3271 957 3367 1011 καὶ
3398 955 3627 1010 πιστεῦσ

2058 1061 2218 1107 οντας
2250 1045 2348 1099 καὶ
2380 1045 2441 1097 οὐ
2495 1045 2849 1109 σαλεύοντας.
2878 1048 2995 1111 ,Καὶ
3026 1048 3198 1113 ὅντως
3238 1051 3477 1116 πίστεως
3514 1053 3629 1123 (sic)

2061 1140 2203 1208 πέρα
2228 1138 2323 1192 καὶ
2345 1137 2619 1201 συνέσεως
2636 1139 2703 1194 τὰ
2725 1140 2903 1193 τοιάδε
2930 1142 3024 1195 καὶ
3044 1143 3426 1207 ταπεινώσεως
3445 1159 3459 1173 ο
3488 1145 3632 1198 καθὰ

2059 1230 2154 1282 καὶ
2197 1230 2312 1292 τοίς
2373 1228 2665 1299 ῦπερέταις
2713 1229 2809 1282 τοῦ
2866 1231 3064 1298 Λόγου,
3108 1230 3184 1296 ὡς
3234 1233 3416 1301 ίσμεν,
3447 1233 3633 1286 διεπέ-

2061 1334 2298 1383 πρακτο,
2351 1317 2427 1381 ὡς
2479 1318 2848 1384 πλουτοῦντας
2906 1322 2984 1390 τῷ
3035 1324 3159 1376 τότε
3215 1325 3635 1397 ἀναντιρῤήτως

2061 1410 2210 1479 ἡμᾶς
2237 1408 2337 1481 τήν
2369 1408 2602 1481 ἐκλογὴν
2637 1410 2991 1483 θεοπάροχον,
3041 1415 3400 1485 ἀνθρωπίνων
3432 1416 3634 1488 ἐξῃρη-

2063 1502 2234 1571 μένην
2283 1502 2375 1556 καὶ
2416 1502 2573 1573 ξένην
2631 1504 2888 1559 ἐπινοιῶν
2945 1507 3039 1559 καὶ
3084 1506 3343 1576 ὀρέξεων,
3399 1509 3636 1572 συνετῶς

2060 1593 2590 1665 ἀποδιδρασκόντων,
2616 1600 2709 1649 καὶ
2765 1598 2873 1652 τῶν
2907 1599 2974 1652 τὰ
3020 1598 3139 1653 θεῖα
3181 1600 3457 1670 λαχόντων
3488 1602 3636 1655 οίκο-

2058 1688 2265 1756 δομεϊν,
2294 1689 2373 1760 τῷ
2407 1690 2482 1759 μὴ
2514 1688 2724 1744 ἁλῶναι
2753 1691 2812 1742 ιν
2846 1691 3155 1761 συνειδήσει
3201 1695 3294 1745 καὶ
3321 1690 3459 1746 Θεοῦ
3496 1692 3634 1761 ψευ-

2059 1777 2408 1851 δομάρτυρας
2451 1781 2841 1850 ἀποκρίνοντες
2877 1783 2971 1835 καὶ
3013 1784 3360 1852 ἐγκρίνοντες
3395 1801 3408 1849 ;
3444 1780 3507 1839 οὗ
3560 1783 3636 1854 μὴ

2062 1871 2287 1944 ᾔδεισαν
2319 1873 2412 1925 καὶ
2464 1872 2597 1925 Θεὸν
2627 1874 2909 1941 ὲγκαίνειν
2965 1868 3361 1945 ήνάποκρίνειν
3396 1876 3534 1945 πρὸς
3575 1878 3636 1929 τὸ

2061 1964 2304 2035 ἀξίωμα.
2338 1966 2433 2029 Τίς
2465 1966 2574 2035 γὰρ
2608 1965 2748 2034 ἔγνω
2798 1966 2924 2020 νοῦν
2952 1968 3156 2035 Κυρίου
3212 1968 3365 2033 ποτὲ,
3404 1969 3436 2039 ἢ
3470 1970 3637 2023 αὐτοῦ

2062 2058 2285 2126 ἐγένετο
2341 2056 2648 2128 σύμϐουλος
2675 2076 2691 2125 ;
2743 2058 2929 2113 πίστιν
2956 2062 3013 2112 ἐν
3053 2060 3203 2130 ἔργῳ
3234 2061 3546 2124 δεικνύντες
3577 2062 3638 2114 τὸ

2062 2152 2120 2203 ἐν
2152 2150 2303 2221 πάσῃ
2343 2152 2408 2221 τῇ
2454 2152 2527 2221 γῇ
2555 2150 2623 2203 τά
2658 2149 2901 2220 κρίματα
2936 2149 3029 2204 τοῦ
3071 2151 3229 2219 Θεοῦ,
3268 2153 3362 2205 καὶ
3412 2153 3495 2219 τὸ,
3526 2153 3638 2225 υῦχ

2062 2242 2138 2306 ὡς
2172 2243 2366 2312 ὄψεται
2394 2242 2700 2314 ἅνθρωπος,
2732 2241 2905 2307 οῦτως
2947 2243 3141 2309 ὄψεται
3172 2247 3267 2298 καὶ
3291 2244 3446 2308 Θεός.
3479 2244 3639 2300 Οῦτω

2062 2331 2120 2385 δὲ
2154 2336 2247 2385 καὶ
2294 2334 2760 2403 παραιτουμένου,
2793 2334 2869 2396 ὡς
2904 2335 3060 2404 ἔφην,
3097 2335 3290 2388 τούτου
3336 2334 3432 2389 τοῦ
3467 2336 3636 2407 μεγά-

2063 2423 2157 2477 λου
2190 2425 2287 2478 καὶ
2328 2423 2638 2496 θαυμασίου
2671 2427 2765 2480 καὶ
2818 2426 3115 2498 θεαρέστου
3152 2429 3232 2491 είς
3280 2427 3441 2493 δόξαν
3474 2428 3636 2493 Θεοῦ,

2064 2518 2183 2572 ἀλλ’
2203 2520 2304 2572 οὐκ
2336 2520 2602 2585 ἐπινοίαις
2629 2523 2958 2592 ὲπισςαλέσι
2989 2524 3424 2593 κραδαινόμενον
3455 2523 3637 2587 ποσῶς

2066 2613 2202 2689 πρὸς
2234 2614 2418 2680 τινῶν,
2447 2616 2669 2675 πάντως
2701 2617 2759 2668 ὲν
2803 2615 2980 2686 τούτῳ
3034 2615 3161 2669 Είθε
3190 2615 3245 2669 δὲ
3275 2618 3370 2669 καὶ
3400 2618 3458 2669 tv
3503 2618 3641 2669 πᾶσι

2061 2710 2176 2769 τοῖς
2210 2708 2273 2760 ἐκ
2306 2707 2441 2761 Θεοῦ
2478 2707 2785 2778 χαρισθετσι
2836 2710 3071 2774 πιστοὶς,
3103 2710 3179 2773 ὡς
3213 2709 3470 2780 ἀληθείας
3504 2711 3641 2763 ἀνα-

2064 2802 2323 2872 τειλάσης
2363 2804 2426 2855 ἑκ
2463 2802 2587 2871 γῆς,
2624 2801 2800 2865 οὐδεὶς
2829 2803 3051 2872 ἀντερεῖ
3079 2802 3152 2864 ὡς
3185 2802 3278 2856 καὶ
3319 2800 3638 2872 δικαιοσύνη

2064 2878 2333 2965 ἀνακύψει
2368 2893 2427 2960 ἐξ
2449 2894 2508 2947 οῦ
2520 2895 2707 2966 ρανοῦ,
2736 2893 2831 2950 καὶ
2856 2894 2999 2948 οὕτω
3026 2894 3263 2964 Χριστοῦ
3292 2896 3642 2966 χρηστότητα

2063 2987 2433 3056 χορηγοῦντος
2466 2988 2562 3039 καὶ
2604 2989 2820 3050 πιστοῖς
2849 2986 3088 3055 πηγάσει
3117 2987 3224 3039 πᾶν
3248 2984 3453 3053 ἀγαθὸν
3485 2983 3641 3038 εὐλο-

2062 3084 2189 3148 γίας
2240 3077 2590 3144 ἀνελλιποῦς,
2627 3077 2927 3132 θεοπειθῶν
2957 3080 3016 3146 ἐξ
3065 3078 3242 3149 εὐχῶν
3290 3078 3383 3132 καὶ
3416 3075 3641 3131 ίκεσιῶν

389 3164 760 3222 indeiieientis
782 3164 1191 3221 benedictionis
1218 3166 1506 3233 scaturiet,
1545 3181 1611 3223 ex
1643 3166 1902 3237 precibus
1931 3181 1960 3218 a

2071 3172 2173 3226 τῶν
2203 3172 2549 3243 θεοπαρόχων
2581 3170 3011 3241 πλουτιζομὲνης
3034 3170 3321 3241 διηνεκῶς.
3357 3170 3424 3226 Ei
3450 3170 3506 3223 δέ
3533 3187 3641 3223 που

389 3260 501 3315 Deo
552 3258 725 3330 jussis
774 3257 1485 3329 supplicetionibusquqab
1522 3258 1642 3327 ipso
1674 3258 1817 3314 datis
1843 3274 1965 3327 per-

389 3366 560 3428 petuo
620 3353 1019 3418 increscentis;
1075 3354 1191 3408 sive
1242 3362 1431 3424 postea
1458 3353 1665 3410 alicubi
1716 3370 1969 3424 quaecun-

390 3465 499 3520 que
544 3448 778 3504 nefanda
834 3455 892 3503 et
947 3445 1183 3500 infausta
1239 3445 1504 3501 adversus
1534 3454 1813 3515 pastorem
1844 3461 1969 3515 pro-

389 3542 522 3598 ferri
578 3538 843 3595 acciderit
899 3539 989 3609 (ab
1047 3538 1268 3609 injuriis
1326 3538 1475 3592 enim
1512 3539 1813 3593 immunem
1845 3553 1968 3593 esse

392 3622 564 3692 solius
594 3633 712 3693 Dei.
743 3633 838 3703 qui
879 3633 1064 3688 dicere
1092 3632 1295 3686 volenti
1331 3648 1438 3687 non
1470 3631 1611 3701 dat),
1637 3647 1705 3685 ex
1743 3631 1831 3686 bis
1861 3631 1965 3686 viri

392 3735 660 3798 potestate
688 3725 938 3781 fruentes
981 3725 1109 3780 talia
1169 3735 1455 3795 spernant,
1491 3734 1682 3794 utpote
1711 3724 1966 3780 incredu-

393 3820 563 3875 litatis
626 3820 1064 3888 perditionisque
1126 3817 1378 3879 zizania.
1470 3817 1585 3872 sive
1649 3817 1968 3887 ignominia:

394 3911 872 3981 datnnationisque
924 3920 1170 3972 teternaa,
1227 3911 1342 3962 sive
1385 3918 1550 3963 etiam
1580 3919 1970 3978 corruptorum

397 4005 767 4059 membrorum
822 4003 1025 4073 quibus
1069 4001 1326 4057 Ecclesiae
1385 4002 1602 4072 corpori
1650 4002 1974 4058 incurabilis

396 4097 631 4169 putredo
687 4099 1148 4159 communicatur.
1207 4111 1307 4165 pro
1366 4096 1435 4150 iis
1475 4096 1567 4164 qui
1634 4105 1805 4149 alam
1829 4096 1974 4151 foedo

400 4194 657 4262 turpique
727 4190 855 4246 tabo
902 4204 1120 4259 semper
1167 4188 1360 4243 audire
1417 4189 1681 4258 gestiunt.
1716 4188 1790 4243 lla
1818 4203 1970 4251 vero,

401 4294 462 4340 ut
516 4284 726 4356 judicio
788 4301 897 4339 non
955 4283 1024 4338 ad
1057 4284 1227 4337 alium
1251 4291 1536 4353 spectante
1570 4282 1676 4336 nisi
1710 4283 1777 4336 ad
1819 4282 1972 4336 illum

396 4378 490 4449 qui
519 4393 737 4434 omnem
765 4387 968 4432 terram
996 4378 1051 4430 in
1096 4376 1310 4444 justitia
1342 4376 1545 4441 palam,
1570 4390 1728 4444 asque
1754 4390 1971 4444 magna-

396 4490 506 4545 que
559 4488 683 4527 cum
739 4480 1010 4542 petestate
1066 4469 1788 4536 estjudicaturusmoacto
1811 4467 1978 4537 igitur

404 4573 433 4624 a
466 4566 756 4640 pra-posito
797 4566 969 4619 totius
1008 4563 1270 4617 Ecclesia:
1330 4573 1500 4626 coetu,
1556 4560 1725 4616 veluti
1756 4560 1977 4616 vidente

398 4664 621 4719 Christo
672 4672 730 4716 et
779 4660 1063 4718 audiente.
1115 4658 1328 4711 clarum
1387 4666 1554 4725 atque
1622 4655 1977 4711 manifestum

401 4753 768 4826 peragendum
818 4760 903 4806 est
943 4748 1239 4821 judicium,
1299 4762 1364 4801 ac
1398 4746 1444 4801 si
1479 4747 1688 4801 interea
1714 4747 1979 4801 condem-

403 4848 644 4904 nationis
677 4857 852 4909 .acta,
906 4853 1061 4898 extra
1114 4841 1262 4911 leges
1284 4851 1337 4894 et
1384 4849 1607 4907 statuta,
1641 4839 1732 4893 Dei
1765 4839 1818 4893 in
1844 4839 1982 4892 facie

401 4941 735 5014 processisse
792 4937 1068 5000 videntur,
1128 4945 1184 4989 et
1231 4932 1479 5005 rigorose
1507 4944 1563 4987 et
1596 4931 1977 4987 inflexibiliter

403 5035 739 5109 repellenda,
792 5033 905 5087 ullo
969 5031 1197 5085 omnino
1260 5028 1427 5085 modo
1466 5026 1712 5083 Ecclesia
1755 5040 1986 5080 excusa-

404 5134 583 5184 tiones
636 5126 971 5194 accipiente,
1034 5123 1270 5191 posteris
1296 5121 1549 5175 tuitionis
1584 5118 1841 5173 salutaris
1877 5117 1987 5171 uti-

403 5223 417 5276 l
449 5230 611 5275 tatem
639 5215 873 5271 stabiliri
910 5214 1154 5285 expedit.
1184 5213 1377 5278 Quoad
1407 5223 1589 5266 autem
1626 5210 1806 5264 virum
1834 5209 1984 5279 ejec-

340 5330 343 5339 '
402 5328 547 5386 tum,
576 5310 683 5365 nisi
713 5312 879 5364 etiam
908 5309 1232 5372 insanuerit,
1281 5303 1687 5361 emendationis
1749 5317 1860 5356 sua:
1891 5301 1987 5355 ba-

407 5403 584 5458 benda
620 5413 709 5456 cst
740 5402 883 5455 ratio
911 5417 926 5464 ;
961 5400 1045 5456 sin
1075 5406 1259 5453 autem
1316 5396 1413 5450 Dei
1445 5392 1827 5449 misericordia
1856 5406 1990 5447 con—

409 5500 635 5555 trarium
666 5496 955 5563 acciderit,
989 5510 1054 5549 ac
1077 5496 1170 5563 qui
1195 5492 1327 5546 olim
1380 5491 1594 5561 justum
1626 5496 1685 5543 et
1716 5501 1905 5542 verum
1934 5496 1991 5540 et

410 5596 706 5650 honestum
741 5601 797 5646 et
833 5590 946 5644 Deo
972 5596 1189 5658 gratum
1251 5591 1578 5654 prosecutus
1612 5591 1697 5637 est
1730 5578 1984 5640 Satanas,

408 5685 609 5740 exinde
664 5685 717 5739 ir.
783 5682 1046 5738 cordibus
1094 5678 1319 5749 penitus
1376 5676 1657 5745 ingressus
1684 5672 1990 5727 calumnia-

415 5788 618 5837 tornut,
688 5788 847 5845 turpe
906 5776 1090 5829 tabum
1136 5775 1403 5824 adversus
1428 5777 1722 5836 pastorem,
1762 5780 1859 5818 nec
1882 5780 1989 5817 non

416 5870 706 5943 injurmsas
757 5884 811 5926 et
872 5870 1140 5924 infaustas
1202 5866 1503 5931 imucsqttc
1542 5875 1704 5913 voces
1734 5871 1990 5912 evomere

2068 3265 2165 3327 ὀψὲ
2210 3256 2348 3319 κατὰ
2378 3263 2475 3317 τοῦ
2524 3264 2785 3334 ποιμένος
2828 3264 3133 3335 λαληθῆναι
3182 3264 3364 3335 συμϐῇ
3400 3263 3509 3316 τῶν
3540 3262 3643 3316 ὅσα

2068 3358 2176 3412 τῶν
2220 3355 2573 3412 ἀπευκταίων
2618 3357 2715 3409 καὶ
2764 3356 3060 3420 ἀπαισίων,
3112 3354 3172 3407 τὸ
3224 3357 3330 3426 γὰρ
3366 3355 3645 3409 ἀνάλωτον

2071 3451 2268 3504 πάθεσι
2305 3451 2467 3519 μόνου
2522 3449 2681 3513 Θεοῦ,
2718 3450 2817 3520 οὐχ
2866 3449 3129 3503 ὑποδόντα
3184 3449 3263 3521 τῷ
3330 3449 3646 3518 βουλομένῳ

2069 3545 2374 3600 λαλεῖσθαι.
2417 3543 2509 3608 Ἐξ
2556 3537 2632 3597 ὧν
2676 3545 2801 3606 τοὺς
2835 3540 3171 3615 κρατοῦντας
3210 3542 3304 3613 ὲᾷν
3329 3543 3399 3595 τὰ
3443 3543 3647 3606 τοιάδε,

2069 3639 2143 3701 ὡς
2176 3637 2435 3701 ἀπιστίας
2459 3637 2551 3691 καὶ
2580 3635 2859 3699 ἀπωλείας
2884 3635 3124 3701 ζιζάνια,
3164 3635 3391 3705 ἀτιμίας
3425 3637 3516 3688 καὶ
3548 3650 3651 3689 κε’.-

2071 3730 2393 3801 ταγνώσεως
2443 3729 2777 3798 ἀπεράντου,
2818 3729 2914 3783 καὶ
2966 3729 3135 3799 μελῆν
3187 3728 3517 3799 ψωριῶντων
3549 3728 3651 3796 τῆς

2084 3823 2410 3892 Ἐκκλησίας
2439 3822 2516 3893 τῷ
2557 3819 2773 3889 σώματι
2828 3821 3083 3874 ἐνιέντων
3125 3819 3222 3890 τὴν
3271 3819 3652 3889 ἀθεράπευτον

2075 3912 2238 3981 σῆψιν
2265 3912 2381 3974 τοῖς
2422 3910 2510 3962 ἀεὶ
2555 3910 2916 3980 κνηθομένοις
2965 3911 3067 3979 τὴν
3106 3908 3278 3978 ἀκοὴν
3313 3912 3370 3962 ἐν
3417 3911 3649 3980 τοιαύτῃ

2073 4006 2254 4075 ἀτίμῳ
2283 4004 2379 4057 καὶ
2408 4004 2719 4073 ἐφαμάρτφ
2749 4000 3040 4073 διαφθορᾷ·
3085 4001 3226 4054 Ἀλλ’
3252 4002 3327 4063 ὡς
3362 4001 3457 4071 τῆς
3489 4002 3652 4070 δίκης

2074 4099 2174 4150 οὐκ
2205 4098 2395 4163 ἄλλον,
2425 4095 2563 4150 ἀλλά
2593 4093 2687 4148 τοῦ
2722 4094 3007 4165 μιλλοντος
3045 4094 3214 4166 οῦσης
3241 4097 3427 4164 κρῖναι
3467 4095 3655 4147 πᾶσαν

2076 4190 2175 4261 τὴν
2202 4189 2306 4259 γῆν
2336 4190 2394 4241 ἐν
2422 4188 2766 4257 δικαιοσύνῃ,
2796 4186 3039 4257 φανερὰν
3085 4190 3181 4240 καὶ
3202 4187 3415 4241 δικαίαν
3450 4186 3545 4240 καὶ
3566 4186 3660 4238 δυ-

2078 4282 2336 4345 ναστείας
2390 4281 2647 4352 μακράν·
2700 4279 3144 4348 συγκαλουμένου
3182 4278 3386 4342 παντὸς
3432 4277 3524 4331 τοῦ
3556 4278 3658 4346 τῆς

2092 4376 2423 4447 Ἐκκλησίας
2476 4372 2849 4445 πληρώματος
2894 4372 3047 4443 παρά
3081 4370 3174 4425 τοῦ
3218 4370 3551 4442 κρατοῦντος
3579 4370 3661 4433 ὼς

2085 4470 2321 4539 δρῶντος
2374 4466 2613 4540 Χριστοῦ
2671 4467 2765 4521 καὶ
2814 4466 3166 4537 ἀκροωμένου
3215 4463 3508 4528 ὲξάκουσον
3562 4465 3662 4516 καὶ

2081 4561 2339 4633 λαμπρὰν
2366 4564 2464 4631 τὴν
2492 4560 2673 4632 κρίσιν
2700 4558 2970 4624 καθίζειν,
3013 4558 3109 4610 καὶ
3136 4559 3186 4611 εἰ
3228 4556 3434 4627 μεταξῦ
3460 4555 3529 4609 τὰ
3559 4557 3664 4625 τῆς

2081 4655 2380 4723 καταδίκης
2455 4654 2683 4722 θεσμοῖς
2735 4652 2834 4706 καὶ
2879 4651 3071 4706 κανόσι
3127 4649 3264 4703 Θεοῦ
3317 4649 3666 4703 κατενώπιον

2082 4746 2470 4817 γυμνασθέντα
2519 4745 2963 4815 ἐπικρατέστερα
3007 4743 3166 4814 δόξης
3195 4740 3517 4810 ἐξωθεῖσθαι
3564 4743 3665 4794 καὶ

2081 4842 2316 4911 ἀφειδῶς
2367 4841 2460 4893 καὶ
2518 4840 2934 4910 ἀπαραιτήτως,
2983 4837 3120 4909 μηδὲ
3168 4839 3269 4907 τῆς
3332 4835 3667 4905 Ἐκκλησίας

2084 4929 2488 5001 ἀσμενιζούσης
2520 4930 2618 4991 τὰς
2648 4928 3008 4998 ὁπωσδήποτε
3046 4926 3434 4997 παραιτήσεις,
3466 4924 3667 4996 ῥνησιν

2084 5026 2197 5084 ταῖς
2230 5023 2530 5092 μετέπειτα
2560 5019 2864 5089 ἀσςαλείας
2908 5018 3291 5087 σωτηριὼδους
3324 5016 3515 5069 ποιοῦν
3540 5031 3557 5047 ο
3588 5015 3669 5083 τῷ

2086 5112 2500 5185 δ’ὲκϐληθέντι,
2554 5114 2603 5165 εί
2657 5113 2731 5182 μή
2774 5128 2874 5164 που
2922 5111 3018 5163 καὶ
3074 5110 3309 5181 μέμηνε,
3362 5106 3667 5177 μνωμένοις

2087 5207 2290 5279 τρόπου
2318 5206 2629 5274 μετάνοιαν.
2664 5205 2725 5256 Εἰ
2755 5202 2812 5257 at
2837 5203 2975 5256 ἐλέει
3007 5201 3143 5254 Θεοῦ
3166 5199 3478 5253 τούναντίον
3508 5198 3669 5268 ἐκϐῇ,

2090 5300 2184 5355 καὶ
2209 5300 2237 5351 ὁ
2268 5298 2436 5352 παλαι
2468 5296 2901 5365 ἐξαιτησάμενος
2926 5296 3017 5347 τὸν
3056 5295 3264 5347 δίκαιον
3289 5292 3382 5345 καὶ
3412 5290 3670 5359 ἀληθινόν

2096 5393 2190 5446 καὶ
2222 5392 2517 5461 ἄμεμπτον
2552 5396 2643 5441 καὶ
2677 5387 2908 5458 θεοσεϐῆ
2933 5388 3135 5452 Σατᾶν,
3158 5382 3437 5438 κάνταῦθα
3457 5384 3516 5434 ὲν
3547 5383 3670 5441 ταῖς

2092 5487 2342 5555 καρδίαις
2378 5485 2515 5545 ὅλως
2546 5483 2728 5545 meo;
2756 5483 2865 5534 τῶν
2906 5481 3281 5549 συκοφαντῶν,
3315 5478 3415 5549 τὴν
3453 5475 3671 5544 δυσώδη

2091 5579 2263 5647 ὀίμὴν
2297 5580 2437 5630 κατὰ
2466 5576 2557 5628 τοῦ
2593 5575 2853 5644 ποιμένος
2885 5575 3175 5644 ήρεὺξατο,
3207 5573 3307 5635 τάς
3338 5570 3671 5642 ῦϐριστικάς

2096 5674 2190 5724 κοιλ⁸
2238 5672 2560 5737 δυσφήμους
2589 5668 2685 5721 καὶ
2729 5664 3109 5737 φ).ηναφώδεις
3139 5664 3347 5735 φωνὰς.
3384 5665 3459 5731 μὴ
3495 5663 3674 5731 μαλα-

2099 5763 2179 5815 κῶ
2247 5763 2309 5814 τὰ
2343 5760 2586 5823 τοιαῦτα,
2622 5758 2756 5811 ἀλλά
2786 5759 3123 5827 δικαιότερον
3153 5754 3659 5827 ἐπεξεργαζόμενοι

2098 5857 2167 5917 ὼ,
2202 5856 2295 5905 ἐπὶ
2321 5854 2475 5923 ὕϐρει
2514 5851 2670 5917 Θ.οῦ,
2716 5852 2810 5905 καὶ
2847 5850 3061 5919 φειδοῦς
3108 5850 3327 5920 ἁπάσης
3356 5850 3672 5918 ἀποσιερῄ.
