3894 6366
277 317 387 381 5.09

1693 312 2104 377 EPISTOLE-

3420 296 3525 367 510

278 447 471 502 σομεν.
498 432 610 488 Καὶ
634 429 757 484 καθ’
800 430 925 484 ὅσον
970 429 1196 500 ἀγάπης
1241 430 1337 483 καὶ
1366 426 1532 500 ζήλου
1579 425 1678 481 τοῦ
1713 426 1850 495 πρὸς

1971 424 2279 489 ιεηῑονετὶῑ,
2342 422 2548 478 nedum
2612 420 2741 476 talia
2798 418 3145 490 negligenter
3172 414 3535 482 accipiamus.

275 525 415 577 Θεὸν
455 522 833 592 ἀπαραίτητος
859 523 1050 591 ὀφειλή
1075 522 1152 592 τῷ
1186 521 1383 589 πιστῷ,
1416 519 1491 582 ὡς
1524 519 1607 572 ὅτι
1650 518 1724 590 μὴ
1755 518 1850 571 τὸν

274 617 518 689 τυχόντα
568 618 850 688 ἀρχιερέα,
903 615 1208 671 ἁλλάύτὸν
1252 614 1344 667 τὸν
1380 612 1482 684 τῆς
1522 610 1847 682 Ἐκκλησίας

276 714 416 767 Θεὸν
471 712 565 766 τδν
624 711 954 781 ἀνύϐριστον
1012 711 1348 782 ὲμωμήσατο
1400 709 1495 762 καὶ
1540 706 1847 777 ιξύϐρισεν,

278 805 494 857 ἐκεῖθεν
533 804 907 874 ἀναμφιϐὀλου
940 803 1035 856 καὶ
1079 803 1176 873 τῆς
1219 804 1422 871 φωνῆς,
1455 800 1513 853 τὸ
1553 818 1572 852 ι
1615 798 1677 853 Ὀ
1727 797 1855 853 ἀθε-

276 897 392 948 τῶν
422 897 569 966 ὑμᾶς
616 898 715 969 ἐμὲ
762 898 966 961 ἀθετεῖ,
1012 915 1028 949 ι
1063 899 1155 949 καὶ
1195 897 1254 949 τὸ
1284 893 1520 964 ἔμπαλιν
1548 894 1611 945 ἐκ
1649 894 1854 946 τούτων

279 991 379 1043 καὶ
407 990 514 1044 τῶν
540 991 801 1045 τοιούτων
834 990 942 1044 τῶν
989 991 1046 1043 ὲν
1077 989 1310 1058 ἀληθεία
1338 988 1480 1058 φημὶ
1516 988 1611 1040 καὶ
1639 987 1853 1039 δικαιο-

281 1083 422 1152 σύνῃ
454 1082 550 1135 καὶ
575 1087 757 1137 πίστει
793 1082 888 1137 καὶ
918 1083 1069 1152 φόϐῳ
1093 1080 1226 1133 Θεοῦ
1266 1079 1403 1150 πρὸς
1435 1078 1592 1149 ήμῶν
1631 1076 1853 1145 γινομέυ

280 1192 415 1231 νων.
472 1175 781 1244 ’Δναλόγως
837 1173 1269 1246 συντηρηθῶμεν
1316 1171 1413 1225 καὶ
1455 1170 1857 1243 φρουρηθῶμεν

282 1269 382 1321 καὶ
412 1267 762 1338 ἁναχθῶμεν,
813 1267 890 1330 ὡς
912 1268 1016 1321 καὶ
1058 1268 1216 1330 δντας
1257 1268 1314 1320 ὲν
1351 1266 1516 1320 πᾶσιν
1542 1265 1688 1333 ἡμᾶς
1718 1264 1851 1331 Χρι-

285 1360 439 1424 στοῦ,
472 1359 568 1413 καὶ
611 1356 910 1420 ἀκούοντας
934 1362 1047 1421 τοῖς
1080 1355 1264 1425 ἔργοις
1296 1355 1399 1425 τὴν
1433 1353 1617 1408 πίστιν
1645 1351 1857 1406 δεικνύ-

285 1467 401 1513 ναι,
430 1452 525 1502 καὶ
554 1450 652 1520 τὴν
675 1448 937 1518 σπουδὴν,
967 1449 1287 1517 ἐφαμάρτου
1324 1446 1549 1518 διπλόης
1578 1444 1859 1516 ἀπηλλαγ-

287 1541 508 1611 μένους,
548 1542 640 1595 καὶ
665 1542 913 1611 μάλιστα
950 1531 1151 1603 ἐντοῖς
1183 1539 1276 1593 τοῦ
1316 1540 1474 1606 Θεοῦ,
1523 1539 1617 1593 καὶ
1648 1537 1860 1606 ἀνθρω-

286 1633 465 1685 πίνων
520 1632 775 1704 ὀρέξεων,
825 1633 1123 1687 κάντεῦθεν
1179 1633 1374 1701 ἐνδίκῳ
1435 1632 1530 1685 καὶ
1580 1630 1860 1703 θεαρέστῳ

288 1722 451 1796 θυμῷ
479 1726 546 1780 τὰ
575 1727 732 1798 ήμῶν
757 1725 849 1780 καὶ
875 1724 943 1780 τὰ
969 1724 1077 1779 τῶν
1111 1724 1275 1788 πέλας
1298 1722 1641 1788 δικάζοντας.

556 2042 715 2130 πρὸς
740 2042 847 2130 τ’ὸν
865 2003 1277 2130 αρτοκρέξρρα
1307 2041 1450 2121 περὶ
1471 2040 1597 2130 τῶν,
1617 2040 1861 2130 ρεοκτό-

381 2124 509 2166 νων
556 2112 884 2181 Ἰουδαίων,
917 2114 1019 2168 ινα
1047 2112 1337 2176 ἐξέλθωσι
1378 2112 1489 2180 τῆς
1517 2113 1771 2178 πόλεως.

371 2225 648 2297 Ῥαψάκου
695 2227 789 2281 τοῦ
823 2227 943 2281 τῶν»
969 2226 1268 2297 Ἀσσυρίων
1317 2226 1581 2294 βασιλέως
1626 2225 1863 2296 Σεναχηο

296 2323 430 2391 ρεὶμ
476 2319 790 2392 στρατηγοῦ
842 2320 1034 2390 λόγους
1074 2320 1378 2389 ὀνειδισμοῦ
1444 2318 1586 2373 κατὰ
1636 2316 1726 2372 τοῦ
1770 2320 1862 2372 ἐπὶ

290 2404 513 2468 πάντων
543 2415 679 2468 Θεοῦ
720 2415 916 2484 ἐμέσαι
960 2415 1349 2483 τολμήσαντος,
1378 2416 1407 2467 ὁ
1451 2413 1861 2482 θεοφιλέστατος

290 2507 553 2578 βασιλεὺς
586 2507 831 2572 Ἐζεκίας
863 2509 924 2561 ού
949 2510 1017 2561 τὰ
1042 2508 1236 2578 ἱμάτια
1273 2508 1433 2577 μόνον
1457 2505 1733 2578 διέρρηξε,
1767 2506 1864 2577 ζη-

289 2603 403 2656 λῶν
436 2604 574 2671 ὑπὲρ
601 2602 694 2655 τοῦ
738 2603 979 2672 μεγάλου
1012 2602 1174 2667 Θεοῦ,
1214 2602 1351 2654 ἀλλὰ
1387 2600 1479 2654 καὶ
1512 2601 1611 2671 τὴν
1657 2600 1865 2671 βασιλι-

292 2698 399 2768 κὴν
444 2698 649 2761 ἀποδὺς
680 2698 906 2768 ἐσθῆτα,
932 2698 1248 2767 ὴμφιάσατο
1277 2697 1499 2751 σάκκον.
1532 2696 1696 2750 Ὅθεν
1744 2697 1864 2749 ἔπι-

292 2792 574 2862 καμφθεὶς
597 2791 624 2844 ὁ
655 2791 786 2855 Θεὸς
820 2791 929 2844 τῶν
960 2791 1260 2861 δυνάμεων,
1299 2791 1401 2854 τὰς
1448 2791 1640 2844 ἑκατὸν
1677 2790 1865 2859 ὀγδοή-

290 2900 462 2939 κοντα
495 2885 657 2936 πέντε
689 2883 933 2954 χιλιάδας
963 2883 1140 2936 ἀνεῖλε
1174 2884 1284 2937 τῶν
1317 2883 1644 2947 Ἀσσυρίων.
1682 2883 1865 2950 Ἥμᾶς

288 2977 370 3036 ει.
397 2977 523 3044 am
562 2975 809 3045 βασιλεῦ,
848 2976 965 3039 πῶς
1000 2977 1355 3053 ᾲντιλήιζκεται
1383 2979 1412 3031 ὀ
1455 2978 1586 3040 Θεὸς
1610 2977 1861 3042 Σαϐαὼθ,

291 3071 376 3124 ὅτι
408 3075 508 3139 τὴν
537 3069 814 3123 θεοκτόνον
845 3069 1170 3141 συναγωγὴν
1200 3070 1273 3141 μὴ
1311 3071 1472 3137 μόνον
1500 3072 1664 3141 μέσον
1693 3072 1863 3126 καθέο

293 3138 486 3224 ζεσθαι
521 3159 964 3231 παραχωροῦμεν
998 3138 1108 3213 τῶν
1126 3138 1457 3229 Ὕόρθοδδξων,
1499 3138 1861 3230 μυκςηρίξον-
1890 3138 1933 3197 c

291 3271 394 3317 τας
420 3254 486 3306 τὰ
514 3254 781 3324 ἡμέτερα,
806 3254 906 3323 τὴν
932 3252 1304 3324 προσκύνησιν
1326 3254 1468 3320 λέγω
1492 3254 1583 3306 καὶ
1610 3254 1868 3324 λατρείαν

292 3352 393 3404 καὶ
430 3350 617 3403 πίστιν
640 3351 739 3421 τὴν
769 3351 900 3422 πρὸς
933 3351 1025 3404 τὸν
1062 3350 1267 3422 Κύριον
1292 3356 1385 3405 καὶ
1411 3352 1545 3404 Θεὸν
1574 3350 1729 3421 ήμῶν
1763 3353 1869 3421 ’1η-

294 3442 424 3497 σοῦν
480 3444 738 3516 Χριστὸν,
804 3447 896 3497 καὶ
941 3446 1038 3507 τὰς
1098 3447 1371 3506 εἰκονικάς
1416 3444 1574 3515 ήμῶν
1624 3446 1867 3510 εὐσεϐεῖς

293 3539 575 3605 προσκυνή
588 3552 719 3601 seu,
756 3541 848 3590 καὶ
871 3537 971 3590 ὄπα
999 3539 1030 3607 ἡ
1063 3538 1195 3604 ἁγία
1221 3537 1314 3591 καὶ
1340 3538 1571 3605 ἄμωμος
1591 3538 1702 3591 τῶν
1729 3539 1869 3609 Χρι-

298 3628 536 3682 στιανῶν
570 3630 755 3692 πίστις
784 3630 1010 3683 πλουτεῖ
1040 3632 1318 3700 μυστήρια
1340 3646 1353 3661 ⁸
1387 3613 1503 3683 ἆλϊ
1525 3632 1609 3684 ὅτι
1654 3634 1748 3685 καὶ
1779 3632 1868 3686 διὰ

293 3722 487 3791 δώρων
517 3722 721 3792 πολλὴν
758 3724 946 3787 αὐτοῖς
981 3723 1079 3793 τήν
1131 3725 1286 3793 ἰσχὺν
1319 3726 1579 3793 παρεῖχεν
1618 3725 1646 3777 ὁ
1680 3724 1869 3780 Βωκα-

295 3814 416 3880 λᾶς,
454 3816 538 3870 ὃτι
568 3817 617 3868 εί
660 3815 909 3887 τολμήσῃ
942 3832 1026 3878 τις
1055 3816 1154 3887 τὴν
1182 3816 1529 3884 Χριστιανῶν
1564 3818 1671 3871 ἀπὸ
1700 3816 1868 3888 ζήλου

295 3904 556 3974 λαλῆσαι,
606 3907 690 3969 τίς
740 3906 768 3958 ὁ
816 3907 917 3976 τῆς
967 3907 1217 3977 φυλακῆς
1274 3910 1483 3963 ἐκεῖνον
1532 3909 1867 3980 λυτρώσων;

296 3998 437 4069 Περὶ
469 3998 527 4053 δὲ
575 3998 677 4069 τήν
720 4000 1024 4068 Ἀρμενίων
1073 4001 1172 4053 ὅσα
1227 4000 1435 4053 ποιοῦσι
1468 4003 1593 4064 τοὺς
1639 4003 1871 4073 πλησιά-

298 4090 496 4156 ζοντας
555 4092 894 4160 ὁρθοδόξους,
951 4093 1282 4164 αἰσχύνομαι
1325 4079 1709 4166 διηγήσασθαι,
1760 4095 1869 4152 οἶδε

294 4184 431 4248 Θεός
458 4200 475 4215 ο
508 4182 648 4254 πλὴν
679 4184 762 4238 ὅτι
789 4186 884 4238 καὶ
917 4186 1241 4256 συναγωγὴν
1273 4187 1419 4258 ἔχειν
1445 4187 1527 4251 εις
1561 4190 1872 4259 προσευχὴν

296 4281 358 4331 ού
403 4277 729 4331 κωλύονται.
764 4279 828 4333 Et
858 4279 917 4332 δέ
948 4295 1032 4343 τις
1075 4281 1184 4333 τῶν
1224 4280 1541 4351 κωλυόντων
1575 4282 1873 4351 ὀρθοδόξων

297 4374 462 4427 κάκεῖ
487 4371 751 4439 τολμήσει
774 4370 1027 4440 λαλῆσαι,
1053 4371 1348 4441 δι”ὀλίγων
1373 4350 1671 4443 βασιλικῶν
1700 4377 1871 4431 πολλὰ

294 4464 621 4534 δυνήσονται
658 4466 708 4517 οἱ
756 4463 1053 4533 Ἀρμένιοι.
1093 4466 1214 4519 Ὅτι
1246 4466 1302 4519 δὲ
1343 4468 1435 4520 καὶ
1484 4469 1572 4522 διὰ
1602 4471 1701 4533 τὰς
1727 4472 1867 4541 ἱμὰς
1900 4499 1945 4556 ι)

297 4558 582 4627 ἁμαρτίας
660 4557 770 4609 τῶν
844 4557 1250 4626 Χριστιανικῶν
1320 4559 1582 4629 ἄρξαντες
1661 4565 1870 4620 πόλεων

307 4649 676 4720 Ἰσμαηλίται,
736 4648 858 4703 οὐδὲ
913 4653 1262 4721 σημαντῆρος
1303 4647 1435 4723 ἦχον
1483 4659 1873 4727 παραχωροῦσι

298 4740 670 4809 Χριστιανοϊς,
708 4741 881 4804 οὐδεὶς
904 4742 1106 4808 ἀγνοεῖ.
1156 4740 1346 4812 Ἡμεῖς
1375 4744 1431 4797 δὲ
1463 4748 1557 4798 καὶ
1585 4746 1756 4801 ταῦτα
1779 4751 1875 4817 χά·

302 4848 413 4902 ριτι
453 4832 696 4902 Χριστοῦ
753 4833 847 4885 τοῦ
899 4832 1035 4886 Θεοῦ
1067 4833 1165 4904 τὴν
1216 4838 1272 4886 ἐν
1320 4837 1544 4908 Χριστῷ
1598 4838 1875 4906 βασιλείαν

299 4926 663 4989 πλουτοῦντες
704 4928 1219 4996 κατεφρονήσαμεν,
1252 4929 1314 4981 ού
1355 4930 1517 4999 μόνον
1566 4935 1740 4983 ποιεῖν
1777 4932 1876 4984 ὅσα

299 5022 567 5091 ἐποίησαν
595 5022 644 5073 οἱ
690 5020 800 5072 τῶν
843 5021 1210 5090 Ἰσμαηλιτῶν
1241 5022 1523 5093 πρέσϐεις,
1558 5025 1653 5077 καὶ
1703 5024 1877 5078 ταῦτα

298 5115 604 5186 οὐδαμῃνοὶ
652 5117 749 5167 καὶ
787 5114 939 5184 παρὰ
984 5115 1241 5168 τοιούτων
1275 5117 1705 5186 ἀπεσταλμένοι,
1739 5117 1879 5169 ἀλλὰ

300 5208 394 5260 καὶ
451 5204 707 5275 φανερῶς
760 5206 848 5275 ἕφ’
893 5206 1098 5276 ὑψηλοῦ
1155 5208 1562 5270 ἀναϐαίνοντες,
1622 5207 1697 5269 ὡς
1757 5207 1879 5271 ἔθος

300 5301 521 5370 ἔχουσιν
554 5303 610 5351 ἐν
637 5302 700 5369 τῇ
729 5298 885 5370 χώρᾳ
921 5300 1102 5352 αὐτῶν
1135 5301 1199 5352 τὰ
1235 5300 1456 5370 μυσαρὰ
1478 5301 1661 5353 αὐτῶν
1696 5301 1878 5367 ἐκφω-

299 5393 454 5445 νοῦσι
488 5394 792 5460 μυστήρια.
826 5389 1015 5445 Ταῦτα
1042 5392 1137 5444 καὶ
1165 5392 1237 5444 τὰ
1270 5391 1498 5444 τοιαῦτα
1525 5390 1878 5461 τολμώμενα,

302 5485 701 5547 συσκιάζουσιν
726 5487 773 5538 οἱ
803 5485 1063 5553 ὁρῶντες,
1091 5487 1184 5539 καὶ
1211 5485 1271 5537 ού
1294 5487 1520 5553 γυμνῶς
1546 5487 1880 5557 ἀναφέρουσι

297 5581 365 5649 τῇ
400 5576 652 5648 βασιλείᾳ
677 5592 792 5641 σου,
829 5577 914 5629 ἵνα
948 5576 1041 5629 τὸν
1070 5575 1255 5629 ἔνθεον
1292 5593 1385 5630 σου
1428 5576 1591 5643 ζῆλον
1641 5578 1881 5646 ἑνῖείξης

299 5669 388 5724 διὰ
423 5668 619 5733 ταῦτα,
668 5667 791 5737 ἅγιε
827 5668 1071 5739 βασιλεῦ.
1107 5668 1231 5729 Πῶς
1276 5668 1657 5722 εξσακούσεται
1692 5671 1719 5721 ὁ
1751 5671 1881 5732 Θεὸς

301 5763 409 5815 τῶν
445 5762 624 5826 εὐχῶν
669 5760 848 5827 ἡμῶν,
899 5761 950 5812 εἰ
982 5761 1075 5814 καὶ
1109 5761 1244 5823 ὅλως
1290 5760 1604 5828 εύχὸ;,·εθα;
1642 5761 1760 5823 Πῶς
1803 5762 1880 5813 ἐτι

1955 533 1985 573 e
2017 524 2208 572 contra
2240 514 2440 569 fortius
2466 513 2744 568 enitentes
2806 520 2997 581 utpote
3022 517 3206 579 spreto
3234 508 3368 571 Deo,
3401 522 3538 560 cun-

1953 617 2097 665 ctam
2122 608 2462 663 excutiamus
2502 602 2927 674 indulgentiam,
2963 602 3018 655 in
3051 609 3319 671 quantum
3352 597 3537 653 chari-

1956 710 2038 756 tas
2086 708 2147 755 et
2194 698 2437 754 studium
2490 698 2602 752 Deo
2627 697 2694 751 ab
2722 694 2874 748 omni
2910 693 3056 748 lldeli
3097 690 3539 746 ineluctabiliter

1955 793 2208 856 debetur,
2234 790 2402 845 veluti
2447 804 2556 843 non
2578 789 2689 858 jam
2729 785 3062 856 pontiﬁcem.
3097 784 3191 839 sed
3232 784 3410 848 ipsum
3448 780 3538 834 in—

1958 886 2270 942 violabilem
2309 882 2571 940 Ecclesia:
2620 881 2792 935 Deum
2834 877 3073 933 irriserit
3102 892 3164 931 ac
3191 886 3540 944 contempse-

1956 980 2047 1043 rit,
2076 977 2222 1033 unde
2247 976 2413 1033 etiam
2438 974 2529 1029 illa
2570 974 2717 1028 clara
2753 987 2853 1026 vox
2888 990 2904 1026 :
2939 969 3045 1036 Qui
3073 985 3173 1023 vos
3207 967 3418 1036 Spernit
3454 980 3540 1020 me

1957 1072 2171 1142 spernit
2206 1086 2220 1137 ;
2275 1069 2477 1138 quibus
2528 1066 2716 1121 verbis
2767 1064 2856 1119 illa
2886 1063 3134 1132 intelligo
3168 1076 3289 1131 qua:
3319 1072 3541 1117 contra-

1957 1162 2035 1218 ria
2093 1170 2221 1217 sunt
2278 1162 2347 1216 iis
2404 1169 2459 1213 et
2493 1158 2770 1214 similibus
2798 1172 2920 1225 quae
2959 1170 2986 1209 a
3022 1154 3265 1209 nobisin
3306 1154 3542 1206 veritate

1958 1264 2016 1311 et
2056 1254 2264 1325 iustitia
2311 1262 2367 1306 et
2426 1251 2531 1305 lide
2556 1258 2609 1304 et
2637 1250 2725 1303 Dei
2759 1250 2954 1302 timore
3004 1246 3164 1300 fiunt.
3196 1243 3544 1313 Quapmpter

1961 1364 2062 1405 nos
2093 1363 2374 1403 sanemus
2409 1360 2622 1415 nosque
2683 1354 2941 1398 tueamur
2968 1350 3023 1394 et
3052 1336 3540 1409 erigamus,vrluti

1962 1444 2018 1498 in
2048 1442 2304 1496 omnibus
2336 1454 2436 1493 nos
2468 1437 2534 1492 ad
2587 1436 2864 1493 Christum
2927 1435 3291 1502 pertinentes.
3325 1440 3382 1483 et
3412 1443 3539 1497 ope-

1961 1535 2113 1590 ribus
2174 1532 2334 1586 fidem
2388 1534 2636 1601 praebere
2686 1527 2987 1591 discentes,
3032 1524 3394 1591 studioseque
3424 1558 3440 1585 ,
3510 1537 3539 1574 a

1963 1625 2110 1695 turpi
2174 1622 2496 1692 duplicitate
2559 1619 2861 1691 (praecipue
2928 1631 3061 1671 vero
3121 1614 3290 1669 iubis
3333 1626 3452 1681 quae
3475 1610 3543 1664 ad

1964 1719 2135 1774 Deum
2205 1717 2498 1786 spectant).
2557 1713 2629 1768 ab
2686 1710 2949 1776 omnique
3006 1710 3249 1763 humano
3306 1702 3544 1759 consilio

1887 1780 1931 1837 Β
1966 1811 2137 1874 exuti,
2169 1816 2224 1861 et
2253 1807 2379 1861 inde
2408 1780 2566 1875 aequo
2620 1814 2889 1875 gratoque
2943 1800 3052 1856 Deo
3115 1800 3302 1854 animo
3358 1807 3547 1851 nostra

1966 1914 2019 1957 et
2040 1917 2104 1956 ea
2140 1915 2261 1971 quae
2289 1896 2521 1970 proximi
2549 1904 2680 1952 sunt
2706 1895 3094 1967 diiudicantes.

1970 2041 2210 2113 Epistola
2262 2040 2333 2094 ad
2376 2041 2746 2113 imperatorem
2792 2036 2868 2113 de
2896 2032 3115 2087 deicidt's
3139 2030 3361 2094 ludeis,
3395 2039 3452 2081 ut
3483 2041 3548 2082 ex

2532 2108 2659 2164 urbe
2690 2108 2983 2160 discedant.

2042 2209 2319 2284 Babsaces
2350 2224 2700 2297 Assyriorum
2733 2219 2878 2290 regis
2894 2216 3274 2274 Sennacberib
3304 2221 3547 2281 satrapa,

1966 2338 2093 2380 cum
2120 2322 2289 2376 multa
2327 2320 2529 2385 probra
2557 2316 2611 2370 in
2646 2315 2891 2369 omnium
2932 2312 3105 2367 Deum
3131 2310 3338 2379 jactare
3379 2318 3551 2357 ausus

1969 2416 2182 2480 fuisset,
2237 2411 2520 2483 piissimus
2579 2424 2678 2463 rex
2710 2405 2980 2462 Ezechias
3004 2418 3112 2457 non
3140 2399 3298 2456 scidit
3335 2407 3547 2451 tantum

1968 2507 2298 2564 vestimenta
2348 2518 2447 2559 sua
2493 2516 2559 2557 ex
2624 2500 2743 2555 zelo
2789 2497 2973 2567 magni
3022 2491 3259 2559 Dei,sed
3296 2499 3353 2544 et
3384 2488 3544 2557 νοεῖτε

1969 2599 2256 2674 potestatis
2285 2603 2611 2651 ornamenta
2634 2592 2942 2661 deponens,
2966 2594 3195 2657 opertus
3227 2592 3311 2637 est
3335 2594 3499 2637 sacco
3527 2596 3542 2632 :

1968 2703 2303 2765 quapropter
2320 2690 2673 2746 miseratione
2693 2682 3162 2742 commotusDeus
3181 2674 3549 2733 exercituum,

1970 2796 2191 2843 centum
2242 2784 2520 2854 octoginta
2572 2780 2817 2850 quinque
2877 2776 3047 2830 millia
3083 2769 3551 2844 percnssitAssy-

1969 2880 2178 2934 riorum
2208 2893 2223 2932 :
2251 2892 2352 2931 nos
2383 2888 2535 2939 vero,
2568 2874 2656 2943 pie
2688 2887 2807 2937 rex,
2838 2881 3081 2939 quonam
3107 2864 3271 2919 modo
3300 2861 3547 2932 patietur

1973 2972 2116 3028 Deus
2150 2970 2416 3037 Sabaoth,
2450 2983 2575 3025 cum
2601 2965 2871 3021 deicidam
2926 2974 3281 3034 synagogam,
3311 2971 3415 3010 non
3456 2969 3551 3008 so-

1971 3062 2083 3119 lum
2112 3067 2165 3119 in
2199 3063 2380 3118 modio
2400 3064 2589 3119 sedere
2621 3059 2913 3115 fecerimus
2969 3055 3425 3111 orthodoxorum,
3454 3063 3556 3101 no-

1971 3166 2087 3212 stra
2150 3156 2500 3219 illudentem,
2534 3162 2589 3207 et
2617 3151 2993 3206 adorationem
3046 3145 3188 3207 dico,
3210 3152 3267 3197 et
3303 3139 3551 3201 latriam,

1970 3260 2026 3304 et
2082 3248 2241 3303 lldem
2291 3247 2345 3301 in
2392 3246 2681 3301 Dominum
2736 3250 2793 3297 et
2843 3242 3012 3295 Deum
3061 3245 3313 3291 nostrum
3355 3231 3541 3287 Jesum

1970 3342 2272 3405 Christum,
2312 3349 2366 3394 et
2415 3352 2739 3396 communes
2774 3346 2991 3390 nostras
3027 3331 3144 3401 pias
3173 3326 3546 3386 adorationes,

1970 3444 2026 3490 et
2080 3434 2171 3489 illa
2226 3434 2433 3499 omnia,
2493 3432 2699 3502 quibus
2727 3438 2917 3484 sancta
2952 3440 3016 3481 ac
3044 3417 3551 3493 irreprehcnsibilis

1971 3526 2412 3581 Christianorum
2475 3524 2609 3579 fides
2656 3522 3063 3591 locupletatur,
3116 3515 3413 3586 mysteria;
3457 3509 3551 3564 sed

1972 3619 2137 3675 etiam
2195 3620 2265 3674 ob
2326 3627 2405 3673 tot
2462 3617 2723 3687 praeclara
2745 3615 2886 3669 dona
2920 3621 3239 3678 tantamque
3289 3608 3550 3659 virtutem

1964 3723 2206 3783 quaeque
2224 3716 2308 3767 eis
2339 3711 2612 3767 concessit
2634 3709 2881 3769 Bocalas,
2922 3703 3068 3775 quod
3125 3703 3170 3757 si
3196 3700 3425 3754 auderet
3455 3696 3556 3750 ali-

1972 3807 2099 3878 quis
2128 3806 2576 3862 Cbristianorum
2607 3820 2672 3859 ex
2741 3804 2859 3858 zelo
2887 3816 3075 3857 vocem
3111 3798 3391 3859 attollere,
3425 3796 3556 3864 quis

1971 3902 2080 3959 erit
2129 3902 2282 3958 illum
2332 3916 2362 3955 a
2421 3915 2643 3955 carcere
2673 3895 2991 3952 redimens?
3023 3891 3210 3958 Quoad
3265 3888 3559 3945 Armenios

1972 3996 2193 4068 quantis
2244 3994 2629 4050 vexationibus
2674 3992 2941 4047 ‘crucient
3007 3986 3393 4044 cohabitantes
3463 3996 3556 4036 or—

1973 4089 2262 4151 thodoxos,
2326 4088 2586 4142 horresco
2644 4085 2876 4149 referre,
2939 4081 3039 4137 scit
3086 4076 3555 4145 Deus;equidem

1974 4196 2303 4254 synagogam
2336 4194 2498 4250 agere
2544 4193 2768 4249 precum
2812 4190 2924 4230 non
2968 4180 3174 4238 velant,
3207 4170 3303 4225 sed
3336 4169 3380 4223 si
3413 4169 3559 4237 quis,

1974 4275 2288 4330 vetantibus
2327 4271 2673 4335 orthodoxis,
2696 4270 2772 4339 ibi
2818 4267 3018 4323 audeat
3075 4262 3456 4325 sermocinari,
3490 4275 3559 4313 ex

1974 4364 2304 4436 quibusdam
2361 4362 2551 4433 regiis,
2610 4361 2781 4416 multa
2823 4367 3048 4430 possent
3104 4350 3561 4417 Armenii.Quod

1974 4465 2029 4511 et
2064 4472 2163 4525 pro
2190 4456 2428 4526 peccatis
2468 4454 2605 4509 meis
2645 4452 3090 4508 Christianorum
3130 4445 3291 4516 potiti
3332 4444 3562 4510 sintop-

1975 4547 2442 4617 pidislsmaclita‘,
2474 4562 2577 4602 nec
2634 4545 2899 4600 liberator
2945 4540 3186 4596 adfuerit
3235 4537 3563 4592 cedentibus

1976 4640 2326 4703 Christianis,
2364 4655 2525 4693 nemo
2558 4641 2797 4709 ignorat.
2855 4634 2965 4689 Nos
2995 4649 3125 4687 vero
3148 4641 3203 4685 ct
3226 4631 3341 4683 ha-c
3364 4629 3415 4682 iu
3443 4643 3567 4697 gra-

1979 4734 2053 4788 tia
2117 4732 2325 4788 Christi
2383 4732 2498 4796 Dei,
2559 4740 2616 4786 et
2667 4724 2945 4785 ianristi
2983 4725 3217 4794 imperio
3242 4721 3568 4790 locupletati

1979 4828 2429 4892 contemnimus,
2470 4843 2580 4882 non
2605 4824 2956 4879 solummodo
2997 4834 3157 4891 agere
3213 4827 3561 4886 quaecunque

1977 4932 2211 4991 egerunt
2237 4921 2583 4990 antiquiores
2608 4917 3030 4977 lsmaelitarum,
3072 4914 3191 4966 haec
3222 4926 3286 4980 pa
3298 4909 3376 4962 rvi
3400 4923 3572 4975 repu-

1980 5025 2185 5078 tantes,
2213 5014 2316 5069 etsi
2344 5013 2411 5067 de
2441 5011 2719 5066 similibus
2754 5009 2931 5075 missi,
2986 5006 3081 5062 sed
3115 5014 3170 5059 et
3198 5005 3374 5073 palam
3409 4999 3462 5053 in
3491 5000 3571 5053 ai-

1984 5119 2097 5161 tum
2125 5107 2509 5166 ascendentes,
2541 5100 2684 5170 quod
2720 5100 2946 5167 insuper
2972 5103 3212 5152 tractent
3244 5094 3299 5147 in
3338 5091 3568 5165 regione

1981 5217 2081 5256 sua
2126 5201 2354 5255 scelesta
2395 5211 2646 5265 qumque,
2697 5193 2956 5265 mysteria
2984 5196 3342 5257 nuncupent;
3372 5183 3476 5238 ista
3516 5191 3572 5237 ct

1981 5295 2182 5351 similia
2231 5308 2339 5347 non
2393 5293 2809 5347 erubescentes,
2867 5300 2988 5354 qua:
3036 5281 3357 5337 videntibus
3381 5274 3561 5331 occul‘

1982 5398 2121 5447 tant.
2177 5396 2233 5441 et
2266 5382 2503 5438 nonnisi
2539 5381 2713 5434 velata
2763 5380 3008 5448 przebeut
3055 5373 3321 5445 majestati
3353 5381 3481 5431 tuae,
3510 5375 3572 5420 ut

1984 5481 2175 5535 divino
2230 5476 2411 5533 studio
2463 5474 2555 5527 illa
2586 5469 2956 5542 prosequaris,
2990 5469 3077 5536 pie
3113 5483 3206 5519 rex
3231 5504 3244 5516 .
3269 5465 3313 5518 si
3354 5472 3571 5529 patere—

1985 5592 2145 5640 mur,
2218 5568 2500 5641 quomodo
2548 5564 2810 5620 exaudiet
2860 5562 3003 5615 Deus
3065 5572 3263 5628 preces
3322 5562 3565 5613 nostras,

1984 5665 2113 5718 dum
2148 5664 2199 5715 in
2230 5659 2507 5714 communi
2541 5651 3005 5723 deprecarentur?
3049 5645 3334 5714 Quomodo
3364 5645 3563 5696 iterum

1987 5769 2038 5813 te
2090 5766 2317 5810 vocante
2366 5753 2534 5814 dicet,
2600 5750 2740 5803 Ecce
2800 5744 2942 5816 ego?
2998 5739 3570 5808 Quotnoduloquetut‘
