3894 6366
357 373 454 437 511

1410 381 1829 442 A't'HANASlI
1882 379 1994 442 (ΣΡ.
2038 380 2547 441 ΡΛἸἫΙΑΒΟΗίΕ

3498 376 3604 441 512

351 494 539 555 pacem
597 501 759 556 super
810 490 1074 560 populum
1133 492 1329 545 tuum?
1401 490 1701 561 Propterea
1751 498 1810 544 ut
1846 487 1933 543 bis

2043 489 2324 553 λαλοῦντός
2373 506 2468 544 σου
2514 488 2685 557 λέγει,
2725 487 2857 543 Ἰδοὺ
2901 489 3170 561 πάρειμι;
3205 488 3327 553 Πῶς
3382 487 3608 558 λαλήσει

353 579 465 632 tuis
520 581 871 637 sermonibus
915 582 1125 652 aliquid
1153 584 1460 654 proﬁciam,
1496 592 1644 656 peto,
1680 597 1802 647 oro,
1834 582 1934 635 ob-

356 679 528 725 testor
579 671 918 741 maiestatem
977 684 1149 740 tuam,
1181 691 1384 744 surge;
1439 676 1711 749 accipiant
1739 673 1931 744 injusti

358 780 567 832 pmnas,
603 764 838 833 improbi
869 767 1081 837 jngum,
1118 779 1174 823 tu
1226 784 1360 823 vero
1388 767 1615 838 iustitiae
1645 775 1701 822 et
1729 768 1933 822 verita-

359 857 484 908 tatis
547 856 773 926 gloriam
829 869 885 913 et
940 860 1231 914 honorem.
1288 860 1591 929 Accingere
1622 859 1805 930 gladio
1837 868 1932 914 tuo

357 962 520 1016 super
554 950 732 1003 remur
795 958 945 1005 tuum
969 968 1092 1007 cum
1126 951 1235 1008 Deo
1272 953 1326 1008 in
1366 954 1620 1007 omnibus
1641 953 1838 1022 aequis,
1875 958 1933 1008 et

360 1036 626 1106 interﬁce,
667 1050 721 1093 et
754 1042 859 1096 iter
889 1055 1211 1113 prosperum
1262 1061 1385 1115 age,
1426 1055 1483 1100 et
1511 1061 1673 1117 regna
1704 1052 1931 1116 propter

362 1134 649 1187 veritatem
705 1147 757 1189 et
806 1137 1096 1206 justitiam,
1166 1138 1353 1194 studio
1418 1140 1607 1194 divino
1663 1152 1933 1195 accensus

361 1236 417 1280 et
474 1238 620 1280 recta
679 1229 943 1293 sentiens,
1002 1240 1063 1285 ut
1118 1239 1168 1285 te
1209 1233 1432 1286 dextera
1468 1233 1562 1287 Dei
1605 1232 1932 1287 mirabiliter

362 1315 545 1382 ducat,
609 1329 665 1373 et
699 1319 1051 1390 gloriﬁceris.
1111 1321 1497 1379 Gloriﬁeantes
1551 1341 1637 1379 me
1662 1323 1928 1395 gloriﬁco,

363 1411 439 1464 ait
466 1412 611 1465 enim
646 1410 927 1468 Dominus.
980 1412 1115 1468 Novi
1170 1430 1270 1484 ego
1296 1416 1441 1484 quod
1466 1414 1736 1486 gloriﬁces
1764 1416 1931 1470 Deum

365 1504 419 1557 in
471 1507 654 1568 corde,
721 1505 815 1560 sed
865 1506 1072 1575 pariter
1130 1507 1217 1561 lex
1259 1506 1352 1561 Dei
1379 1514 1483 1572 est,
1522 1507 1576 1561 in
1610 1507 1933 1563 abscondito

362 1609 490 1648 eum
560 1595 935 1665 gloriﬁcantes
997 1596 1053 1650 in
1112 1596 1438 1651 abscondito
1467 1597 1802 1669 gloriﬁcare;
1838 1597 1933 1667 qui

362 1702 493 1741 vero
525 1701 707 1741 coram
741 1687 1080 1753 hominibus,
1109 1697 1164 1742 et
1197 1687 1315 1757 ipse
1354 1703 1539 1742 coram
1589 1687 1929 1747 hominibus.

365 1778 690 1848 Quicunque
720 1779 887 1845 enim,
924 1772 1124 1849 inquit,
1148 1795 1233 1836 me
1258 1780 1542 1835 confessus
1560 1779 1727 1834 fuerit
1747 1794 1931 1835 coram

2037 583 2263 653 εἰρήνην
2314 583 2403 635 ἐπὶ
2438 580 2533 634 τὸν
2564 581 2691 635 λαὸν
2739 580 2941 646 αὐτοῦς
2969 585 3069 636 Διὰ
3119 581 3314 646 ταῦτα,
3359 582 3447 636 ἵνα
3492 583 3605 643 τοῖς

2040 678 2153 740 σοῖς
2182 677 2362 746 λόγοις
2388 676 3041 747 χρήσωμαι,παρακαλῶ,
3071 676 3400 745 παρακαλῶ,
3431 691 3611 747 παρα-

2040 768 2194 824 καλῶ
2222 768 2320 840 τήν
2368 769 2647 839 βασιλείαν
2691 786 2805 833 σου,
2839 769 3177 841 διανάστηθι.
3216 770 3522 841 Ἐχέτωσαν
3555 769 3606 822 oi

2038 860 2390 930 ἀδικούμενοι
2436 860 2639 931 κρίσιν,
2690 862 2741 915 oi
2789 862 3273 932 κακοπραγοῦντες
3328 862 3429 932 τὴν
3474 863 3607 916 ἀνα-

2038 954 2297 1025 χαίτισιν,
2334 952 2399 1007 σὺ
2428 955 2527 1023 τῆς
2551 954 2898 1023 δικαιοσύνης
2932 956 3027 1010 καὶ
3059 954 3315 1025 ἀληθείας
3348 957 3447 1024 τὴν
3472 958 3608 1009 ἀπο-

2039 1044 2202 1117 δοχὴν
2256 1047 2349 1100 καὶ
2398 1045 2490 1098 τὸν
2533 1029 2774 1102 ἔπαινον.
2811 1046 3118 1116 Περίζωσαι
3178 1046 3279 1117 τὴν
3334 1045 3609 1119 ῥομφαίαν

2040 1154 2134 1191 σου
2158 1138 2251 1192 επὶ
2283 1139 2375 1191 τὸν
2408 1138 2582 1209 μηρόν
2606 1156 2698 1191 σου
2737 1141 2876 1208 μετὰ
2907 1140 3036 1193 Θεὸν
3079 1141 3135 1192 ὲν
3165 1142 3298 1193 πᾶσι
3326 1142 3435 1201 τοῖς
3469 1140 3607 1206 ἀγα-

2040 1231 2173 1295 θοῖς,
2198 1232 2293 1283 καὶ
2323 1230 2526 1284 ἕντεινε
2562 1234 2658 1285 καὶ
2693 1232 2982 1286 κατευοδοῦ
3015 1233 3110 1285 καὶ
3136 1230 3387 1303 βασίλευε
3420 1231 3609 1284 ἕνεκεν

2041 1324 2305 1395 ἀληθείας
2330 1326 2425 1378 καὶ
2454 1325 2802 1397 δικαιοσύνης
2833 1328 2926 1380 καὶ
2954 1326 3117 1396 ζήλου
3146 1324 3328 1379 θεῖκοῦ
3351 1325 3447 1377 καὶ
3476 1341 3611 1394 φρο-

2039 1419 2305 1488 νήματος,
2348 1418 2436 1472 ἵνα
2465 1419 2498 1486 η
2530 1415 2624 1471 τοῦ
2652 1418 2788 1472 Θεοῦ
2818 1418 2967 1484 δεξιὰ
3003 1418 3338 1489 θαυμαστῶς
3365 1417 3608 1488 ὁδηγήσῃ

2043 1526 2122 1573 σε,
2158 1509 2246 1563 ἵνα
2278 1509 2497 1582 δοξάσῃ.
2528 1529 2546 1561 ι
2583 1509 2719 1572 Τοὺς
2743 1510 2849 1583 γὰρ
2879 1510 3201 1576 δοξάζοντάς
3226 1527 3293 1579 με
3326 1509 3553 1575 δοξάζω,
3581 1526 3602 1561 ι

2040 1601 2205 1671 φησὶν
2236 1604 2263 1654 ὁ
2295 1601 2446 1665 Θεός.
2498 1604 2606 1656 Καὶ
2639 1599 2757 1657 οἶδα
2788 1603 2869 1657 ὅτι
2915 1602 3174 1668 δοξάζεις
3200 1602 3360 1657 αὐτὸν
3388 1604 3445 1655 ὲν
3476 1618 3614 1671 καρ⁸

2039 1693 2147 1765 δίᾳ.
2194 1693 2335 1746 Ἀλλ’
2363 1696 2511 1763 ὅμως
2556 1695 2720 1764 νόμος
2753 1696 2869 1749 ἐστὶ
2898 1694 3056 1758 Θεοῦ,
3092 1695 3216 1760 τοὺς
3248 1694 3491 1766 κρυφίως
3517 1693 3612 1746 αύ-

2041 1788 2131 1839 τὶν
2154 1786 2479 1853 δοξάζοντας
2510 1789 2761 1858 κρυφίως
2792 1788 3185 1854 ἀντιδοξάζεινο
3218 1790 3345 1852 τοὺς
3377 1786 3610 1840 ἐνώπιον

364 1871 709 1937 hominibus,
744 1870 1053 1927 conﬁtebor
1090 1880 1148 1927 et
1170 1888 1292 1944 ego.
1333 1872 1390 1927 In
1423 1873 1511 1929 his
1544 1874 1589 1929 si
1624 1881 1810 1943 partes
1833 1873 1929 1928 Dei

2043 1878 2144 1931 τῶν
2174 1878 2484 1949 ἀνθρώπων
2532 1878 2764 1973 ὲνώπιρν
2806 1882 2915 1934 τῶν
2961 1880 3289 1952 ἀνθρώπων,
3335 1878 3479 1935 κατὰ
3506 1878 3567 1931 τό
3592 1896 3605 1907 ·

364 1964 703 2033 susceperis,
770 1965 887 2018 haec
945 1964 1131 2018 divina
1187 1975 1277 2018 tua
1314 1975 1560 2034 potestas
1591 1965 1931 2035 perﬁcietur,

364 2072 465 2110 nec
491 2056 643 2110 aliud
676 2056 980 2111 timendum
1020 2056 1199 2111 aderit
1248 2056 1316 2112 de
1343 2058 1558 2112 caeteris
1589 2079 1600 2112 :
1638 2057 1737 2112 tibi
1767 2058 1937 2128 igitur

366 2149 673 2202 thesauriza
705 2150 850 2218 apud
886 2151 1054 2204 Deum
1090 2150 1298 2204 clarum
1335 2160 1391 2204 et
1422 2160 1671 2205 sanctum
1697 2165 1932 2218 nomen;

362 2240 550 2296 studio
605 2256 736 2296 vere
783 2241 1105 2296 accendaris
1160 2257 1273 2297 non
1327 2242 1553 2313 quidem
1617 2242 1812 2310 verbo,
1841 2246 1937 2301 sed

361 2321 560 2405 opere;
606 2351 715 2389 non
764 2336 911 2390 enim
971 2351 1275 2402 sermones,
1322 2336 1419 2392 sed
1472 2352 1642 2405 opera
1673 2338 1938 2394 exhibere

363 2430 585 2491 Oportet
620 2422 675 2476 in
709 2432 961 2492 tempore
987 2426 1189 2480 exitus.
1233 2424 1460 2480 Enitere
1493 2426 1731 2482 Pbinees
1765 2446 1778 2481 :
1819 2428 1936 2499 pla-

364 2529 428 2569 ca
463 2515 633 2569 Deum
663 2527 887 2585 pr0pter
910 2517 1047 2571 mala
1078 2527 1220 2583 acta,
1248 2525 1309 2572 ut
1341 2521 1656 2577 corruentis
1714 2519 1934 2592 imperii

367 2604 579 2658 ruinam
601 2611 1020 2675 eniiipeseat,:ac
1039 2606 1476 2663 Christianorum
1497 2610 1634 2665 ﬁnes
1653 2612 1936 2680 extendat,

367 2707 427 2751 ut
459 2698 674 2766 copiam
707 2699 954 2752 omnium
1005 2700 1422 2756 commodorum
1480 2712 1536 2758 et
1564 2713 1786 2773 praestet
1812 2721 1941 2775 pro-

366 2789 496 2854 ωε,
518 2799 575 2843 ut
606 2802 810 2860 pugnet
842 2800 1043 2854 tecum,
1080 2800 1135 2847 et
1174 2794 1471 2848 scabellum
1494 2796 1689 2864 pedum
1719 2805 1938 2853 tuorum

366 2894 715 2951 ponatomne
740 2883 1029 2939 adversum
1056 2894 1111 2940 et
1151 2885 1350 2941 hostile
1378 2887 1619 2957 pulveris
1651 2889 1843 2953 instar;
1882 2902 1941 2945 ut

365 2976 580 3030 felicem
617 2978 719 3031 tibi
749 2979 1017 3049 largiatur
1058 2981 1248 3045 vitam,
1280 2989 1336 3035 et
1376 2980 1669 3049 imperium
1704 2981 1831 3036 ﬁliis
1885 2990 1941 3037 et

368 3071 641 3139 posteris,
691 3088 755 3126 ac
808 3073 862 3127 in
932 3076 1240 3128 mercedem
1292 3073 1502 3127 laboris
1552 3075 1938 3131 benedictione

2043 1990 2059 2022 ι
2102 1971 2292 2033 Ὅστις
2318 1971 2715 2043 ὁμολογήσειεν
2738 1974 2858 2043 ἐμοὶ
2891 1974 3122 2027 ἐνώπιον
3142 1975 3253 2027 τῶν
3279 1971 3609 2043 ἀνθρώπων,
3631 1993 3635 1996 ~

2035 2064 2358 2135 ὁμολογήσω
2387 2065 2564 2132 κάγώ.
2598 2084 2616 2117 ι
2654 2065 2744 2119 Ἐν
2768 2067 2978 2131 τούτοις
3001 2069 3050 2120 εἰ
3076 2067 3289 2140 σπεύσῃ
3313 2067 3449 2137 μετὰ
3473 2063 3610 2119 Θεὸν

2034 2157 2068 2224 ἡ
2104 2156 2170 2210 ἐκ
2199 2156 2334 2209 Θεοῦ
2365 2155 2611 2224 βασιλεία
2636 2175 2729 2211 σου
2760 2159 2894 2230 πρδς
2922 2160 3290 2229 ἐκπλήρωσιν,
3318 2160 3419 2212 οὐκ
3449 2159 3612 2227 ὀκνή-

2039 2265 2204 2319 σομεν
2253 2248 2550 2319 ἀναφέρειν
2602 2250 2693 2303 καὶ
2736 2252 2863 2321 περὶ
2912 2250 3019 2305 τῶν
3061 2252 3287 2304 λοιπῶν.
3323 2249 3612 2321 Κέρδησον

2036 2341 2131 2396 οὖν
2163 2341 2252 2397 διὰ.
2296 2343 2388 2397 τὸν
2422 2343 2555 2396 Θεὸν
2587 2343 2646 2396 τὸ
2671 2344 2836 2398 καλον
2867 2345 2959 2398 καὶ
2991 2344 3145 2411 ἅγιον
3178 2324 3372 2411 δνδμα.
3422 2343 3612 2414 Ζηλω-

2040 2454 2132 2490 σον
2166 2437 2384 2504 ἀληθῶς
2416 2438 2492 2509 μὴ
2541 2438 2707 2509 λόγῳ,
2748 2438 2864 2492 ἀλλ’
2895 2439 3063 2511 ἔργῳ.
3093 2440 3168 2492 Ού
3196 2440 3304 2510 γὰρ
3328 2439 3521 2508 λόγους
3551 2442 3612 2492 ὲν

2042 2525 2221 2597 καιρῷ
2270 2527 2471 2594 ἐξόδου,
2503 2526 2621 2581 ἀλλ’
2663 2529 2800 2598 ἔργα
2829 2530 2990 2599 χρεία
3036 2530 3387 2595 ἐνδείξασθαι.
3444 2531 3484 2583 Γ
3485 2527 3611 2582 ενοῦ

2038 2617 2244 2681 Φινεές.
2286 2618 2562 2686 Ἑξίλασαι
2616 2620 2756 2690 ὑπὲρ
2796 2621 2904 2673 τῶν
2934 2621 3119 2685 κακῶς
3148 2622 3479 2691 γενομένων,
3522 2621 3607 2673 ἵνα

2040 2713 2074 2782 ἠ
2107 2710 2338 2782 θραῦσις
2394 2713 2635 2783 κοπάσῃ,
2684 2713 2772 2767 ἴνα
2823 2714 2891 2766 τὰ
2937 2715 3047 2768 τῶν
3101 2715 3445 2785 Χριστιανῶν
3485 2714 3610 2784 ὅρια

2042 2804 2286 2877 πλατύνῂ
2318 2808 2346 2860 ὁ
2374 2805 2526 2871 Θεὸς,
2556 2806 2645 2860 ἵνα
2674 2807 2932 2877 εὐθηνίαν
2955 2807 3064 2860 τῶν
3096 2807 3371 2877 χρειωδῶν
3395 2804 3608 2876 παρέξῃ

2043 2900 2179 2969 πρὸς
2207 2899 2269 2952 τὸ
2298 2899 2558 2968 ὑπήκοον,
2593 2900 2678 2953 ἵνα
2704 2902 3084 2969 ὑπερμαχῆσαι
3112 2916 3216 2966 σοι,
3242 2900 3327 2952 ἵνα
3359 2899 3465 2952 ὑπὸ
3485 2898 3611 2961 τοὺς

2043 2992 2212 3053 πόδας
2244 2992 2369 3054 τοὺς
2412 2991 2537 3055 σοὺς
2573 2991 2882 3064 καταλεάνῃ
2928 2993 3103 3047 πάντα
3149 2992 3345 3063 ἐχθρὸν
3389 2992 3482 3045 καὶ
3515 3008 3613 3044 πο-

2042 3084 2232 3152 λέμιον
2258 3081 2415 3154 δίκην
2446 3084 2752 3152 κονιορτοῦ,
2789 3085 2875 3137 ἵνα
2925 3083 3250 3154 μακραίωνα
3284 3099 3366 3136 σοι
3399 3082 3611 3154 παρέξῃ

367 3164 660 3220 benedicat
706 3165 828 3233 tibi,
884 3164 1147 3220 Dominus
1198 3173 1255 3220 et
1310 3180 1433 3220 cum
1481 3167 1731 3221 terrestri
1788 3165 1936 3237 regni

2045 3175 2212 3245 ζωὴν,
2244 3176 2331 3229 ίνα
2358 3174 2457 3257 τὴν
2488 3174 2766 3245 βασιλείαν
2799 3179 2956 3231 παισὶ
2991 3176 3083 3230 καὶ
3127 3176 3370 3244 ἐγγόνοις
3404 3191 3498 3228 σου
3522 3174 3613 3228 διὰ

366 3257 601 3328 gloriam
635 3257 909 3314 concedat
935 3260 1240 3316 cmlestem.
1275 3286 1295 3302 ο

372 3556 612 3626 Epistula
648 3558 719 3612 ad
744 3558 1124 3628 imperatorem
1151 3566 1206 3613 ut
1240 3558 1488 3612 instituat
1520 3556 1709 3613 liberos
1738 3566 1790 3611 et
1810 3558 1937 3612 sub-

625 3632 761 3683 ditos
787 3646 969 3686 omnes
1001 3633 1291 3685 secundum
1320 3630 1419 3684 Dei
1456 3628 1679 3699 placita.

437 3815 574 3881 Quia
634 3815 777 3870 ﬁlios
842 3829 951 3869 non
998 3813 1166 3871 doces
1220 3830 1343 3886 quae
1394 3812 1753 3884 acceptabilia
1810 3821 1939 3867 sunt

368 3909 516 3979 apud
553 3908 878 3976 Dominum;
908 3908 1036 3979 quia
1070 3909 1364 3964 honestum
1401 3923 1510 3963 non
1544 3921 1727 3967 curas.
1748 3922 1939 3976 quemu

366 4001 661 4056 admodum
715 4001 896 4056 bonus
946 4000 1113 4056 debet
1161 4001 1592 4070 paterfamilias;
1655 4001 1782 4071 quia
1816 3999 1933 4070 pol-

364 4095 479 4149 luta
529 4102 584 4148 et
638 4094 1010 4147 contaminata
1062 4104 1148 4147 eat
1195 4092 1458 4160 Ecclesia,
1481 4093 1556 4148 ita
1588 4090 1937 4146 ut‘nontan-

322 4210 338 4222 ν
370 4197 485 4242 tum
510 4195 802 4240 arceantur
830 4184 1138 4251 digniores,
1202 4183 1297 4238 sed
1330 4188 1494 4238 etiam
1518 4183 1816 4237 audiantur
1852 4180 1937 4236 in-

369 4282 523 4347 digni
575 4278 1013 4340 sermocinantes
1038 4278 1093 4333 in
1120 4275 1516 4343 concionibus;
1543 4276 1669 4344 quia
1698 4290 1807 4329 non
1849 4289 1938 4329 so-

366 4375 480 4428 lum
539 4373 763 4442 ignarus
827 4370 1058 4426 relictus
1126 4368 1938 4440 estvolgus,sedetiamigno-

264 4508 267 4511 ‹
368 4468 561 4522 rantia‘:
602 4468 852 4523 veritatis
902 4467 1088 4520 omnia
1138 4481 1276 4519 vana
1304 4464 1620 4519 Judaaorum
1662 4472 1717 4519 et
1746 4462 1936 4517 Arme~

365 4561 582 4614 nierum
614 4560 848 4615 admista
880 4559 1068 4625 fuere;
1123 4560 1253 4628 quia
1301 4558 1618 4614 laborantes
1643 4572 1751 4611 non
1789 4555 1933 4627 diju-
1968 4547 2012 4603 ῐ)

365 4654 709 4716 dicaverunt,
744 4652 839 4708 sed
865 4653 919 4705 in
942 4650 1390 4721 corruptionibus
1417 4664 1474 4707 et
1503 4649 1790 4722 injustitiis
1813 4666 1939 4705 cor-

365 4755 631 4812 ruerunt;
663 4747 792 4816 quia
841 4748 1053 4801 occulta
1116 4754 1200 4799 est
1258 4746 1462 4799 veritas
1507 4754 1561 4817 et
1609 4744 1821 4815 justitia
1885 4755 1941 4798 et

363 4843 627 4912 aequitas;
663 4841 790 4909 quia
831 4839 1066 4909 pepulus
1095 4836 1314 4892 Domini
1349 4838 1416 4892 ab
1434 4836 1666 4909 laniaele
1697 4836 1750 4889 in
1784 4837 1939 4891 adul-

365 4936 503 4989 teria
568 4936 879 4989 incestuosa
931 4931 1190 4995 traditur,
1243 4930 1388 4985 etin
1419 4944 1613 4999 pravas
1634 4928 1937 4983 bestiarum

362 5030 710 5100 cupiditates,
742 5036 798 5083 et
855 5028 908 5081 in
969 5025 1246 5080 infandam
1293 5022 1692 5093 blasphemiam
1724 5032 1781 5076 et
1826 5038 1940 5075 ma-

362 5125 505 5195 giam
564 5132 620 5176 et
656 5120 1023 5189 iniustitiam;
1075 5120 1204 5187 quia
1270 5116 1519 5185 nuspiam
1569 5129 1829 5171 concessa
1856 5122 1942 5168 est

366 5215 558 5269 mortis
581 5212 881 5283 impunitas
908 5208 1176 5266 solitariis
1202 5216 1258 5262 et
1284 5204 1607 5272 monachis;
1648 5204 1778 5275 quia
1810 5204 1939 5259 dum

365 5318 590 5378 possent
662 5316 717 5360 et
765 5303 1081 5359 communia
1133 5311 1190 5356 et
1238 5299 1457 5370 propria
1486 5306 1715 5369 propter
1752 5296 1938 5352 Domi-

365 5384 496 5456 num
556 5409 613 5456 et
665 5414 790 5455 cum
819 5398 1052 5452 Domino
1112 5410 1276 5467 agere
1326 5409 1560 5449 necnon
1594 5392 1777 5447 colere
1807 5407 1943 5446 con-

368 5502 731 5560 tempserunt,
784 5492 970 5561 potius
1011 5489 1207 5545 inutile
1261 5484 1574 5553 sectantes;
1604 5486 1734 5556 quia
1760 5484 1943 5539 missis

368 5588 570 5658 copiis,
636 5602 742 5642 non
797 5594 881 5642 est
927 5601 960 5641 a
1012 5601 1123 5656 quo
1170 5581 1671 5654 reprehendantur,
1723 5589 1779 5635 et
1838 5580 1943 5634 iter

368 5698 530 5753 agere
560 5679 921 5735 cumeristo
962 5678 1357 5743 reformidant;
1393 5675 1450 5730 in
1471 5672 1761 5731 adulteriis
1785 5688 1939 5737 vero,

370 5786 427 5831 et
484 5773 725 5828 caedibus
756 5772 1067 5842 rapiuntur,
1095 5781 1153 5827 et
1176 5769 1357 5833 furtis,
1414 5780 1471 5822 et
1501 5768 1760 5822 omnibus
1793 5765 1938 5819 unde

372 5868 657 5925 victoriam
702 5850 1142 5937 consequantur;
1189 5866 1315 5934 quia
1365 5862 1601 5917 scientes
1627 5859 1938 5914 Judxorum

2038 3270 2137 3331 τὰς
2186 3268 2285 3333 σὰς
2331 3256 2536 3340 ἀρετὰς
2572 3271 2920 3343 παραπέμψῃ
2972 3271 3189 3339 γενεαῖς
3241 3270 3467 3338 γενεῶν,
3521 3268 3610 3322 ἵνα

2041 3363 2140 3416 σὺν
2169 3364 2236 3432 τῇ
2286 3362 2517 3434 ὲπιγείῳ
2546 3361 2795 3434 βασιλείᾳ
2842 3363 3058 3434 παρέξῃ
3105 3378 3189 3416 σοι
3216 3361 3328 3427 οιαὶ
3381 3360 3482 3432 τὴν
3514 3361 3611 3413 ού-

2019 3484 2026 3493 -
2041 3457 2246 3528 ράνιον.

2039 3568 2289 3640 Γρὰμιια
2342 3572 2494 3639 πρὸς
2550 3573 2658 3627 τὸν
2706 3571 3138 3640 αὐτοκράτορα,
3188 3564 3294 3625 ἵνα
3348 3568 3607 3640 πειιδεύη

2109 3637 2251 3706 τοὺς
2289 3637 2483 3707 υἱοὺς(
2508 3643 2696 3697 αὑτοῦ
2724 3645 2811 3710 εἰς
2840 3637 2913 3697 τὰ
2946 3637 3180 3707 τῷῸεῷ
3221 3639 3467 3710 ἀρεστὰ,
3510 3637 3612 3693 καὶ

2108 3710 2232 3767 πᾶν
2266 3715 2331 3765 τὸ
2366 3712 2660 3780 ὑπήκοον.

2109 3829 2232 3883 Ὅτι
2267 3828 2341 3901 μὴ
2369 3829 2496 3893 τοὺς
2528 3830 2679 3893 υἱοὺς
2707 3829 2985 3893 παιδεύεις
3011 3830 3094 3890 είς
3119 3828 3187 3883 τὰ
3227 3826 3304 3896 τῷ
3334 3826 3456 3895 Θεῷ
3484 3825 3611 3892 ἀρε-

2041 3922 2143 3976 στά
2165 3939 2180 3955 ο
2214 3923 2295 3977 ὅτι
2336 3921 2431 3976 τοῦ
2464 3923 2710 3994 ὑπηκόου
2735 3922 2809 3994 μὴ
2845 3924 3051 3993 προνοῇ
3076 3922 3152 3984 ὡς
3176 3922 3383 3974 παίδων
3403 3920 3608 3988 πατήρ·

2038 4014 2121 4068 ὅτι
2156 4015 2470 4085 ἑϐεϐηλώθη
2524 4015 2619 4069 καὶ
2649 4014 2959 4087 κατεσλήθη
3007 4016 3039 4086 ἡ
3079 4012 3401 4082 Ἐκκλησία,
3427 4011 3503 4074 ὡς
3538 4010 3616 4080 μὴ

2042 4106 2202 4177 μόνον
2234 4105 2327 4170 οὒς
2361 4107 2674 4175 ἀγνοοῦσιν,
2706 4107 2840 4161 ἀλλὰ
2872 4107 2968 4160 καὶ
2990 4106 3085 4171 οὓς
3116 4107 3325 4160 οίδασιν
3353 4103 3614 4177 ᾁναείους

2039 4198 2282 4268 είσάγειν
2306 4198 2386 4269 τῷ
2412 4199 2652 4269 βήματι·
2683 4200 2764 4253 ὅτι
2788 4199 2849 4253 ού
2878 4199 2954 4270 μὴ
2985 4200 3145 4269 μόνον
3168 4198 3452 4258 ἀδίδακτος
3482 4211 3619 4249 κατα

2038 4292 2261 4361 ελείφθη
2293 4294 2321 4344 ὁ
2351 4292 2532 4357 κοινὸς
2574 4292 2726 4357 λαὸς,
2768 4291 2909 4347 ἀλλὰ
2973 4292 3067 4345 καὶ
3101 4294 3166 4362 τῇ
3213 4291 3493 4359 είσαγωγῇ
3538 4287 3620 4350 ὡς

2041 4385 2141 4438 ούκ
2169 4383 2402 4454 ὤφειλεν
2443 4384 2720 4438 Ἰουδαίων
2765 4385 2862 4438 καὶ
2903 4384 3207 4453 Ἀρμενίων
3254 4379 3616 4450 καταμιαίνε-

2042 4495 2133 4530 ται
2158 4493 2173 4508 ·
2200 4477 2282 4531 ὅτι
2330 4478 2380 4531 οἱ
2411 4476 2768 4549 ἐνεργοῦντες
2814 4479 2917 4532 οὐκ
2948 4476 3356 4546 ἀνακρίνονται,
3408 4472 3525 4528 ἀλλ’
3557 4473 3619 4526 ἐν

2043 4568 2353 4640 ἀκαθαρσίᾳ
2409 4568 2503 4623 καὶ
2551 4568 2741 4641 ἀδικίᾳ
2790 4568 3141 4638 πορεύονται’
3189 4568 3271 4621 ὅτι
3322 4565 3528 4636 ἐκρύϐη
3580 4564 3618 4636 ἡ

2042 4659 2275 4730 ἀλήθεια
2305 4661 2400 4713 καὶ
2445 4659 2766 4730 δικαιοσύνη
2810 4659 2905 4712 καὶ
2930 4658 3111 4728 κρίσις
3138 4657 3233 4710 καὶ
3263 4656 3412 4718 ἔλεος
3442 4673 3453 4684 ·
3479 4657 3564 4710 ὅτι
3588 4657 3621 4708 ὁ

2041 4751 2134 4805 τοῦ
2162 4752 2299 4805 Θεοῦ
2333 4752 2457 4816 λαὸς
2486 4752 2544 4817 ἐξ
2584 4751 2808 4820 ’ίσμαὴλ
2840 4750 3112 4821 παρεδόθη
3139 4751 3224 4803 διὰ
3253 4749 3504 4820 μοιχείας
3530 4749 3622 4801 αί-

2044 4844 2326 4915 μομιξίας,
2360 4847 2456 4900 καὶ
2483 4846 2697 4918 κτηνῶν
2727 4845 2823 4898 καὶ
2861 4845 3111 4917 ἀρρένων
3152 4844 3369 4914 μανίαν,
3399 4842 3494 4894 καὶ
3519 4840 3622 4912 τὴν

2043 4938 2417 4990 ἀνυπόστατον
2449 4937 2804 5007 βλασφημίαν
2837 4940 2932 4991 καὶ
2954 4936 3209 5003 γοητείαν
3237 4935 3333 4987 καὶ
3360 4932 3575 4987 ἀδικίαν
3601 4949 3619 4963 ο

2042 5031 2126 5085 ὅτι
2157 5031 2415 5084 οὐδέποτε
2448 5032 2604 5084 ἄδεια
2647 5031 2925 5090 ἀπωλείας
2961 5028 3125 5098 ἐδόθη
3167 5025 3405 5096 τοσαύτη
3453 5041 3623 5094 μονα-

2045 5119 2268 5185 ζούσαις
2301 5120 2395 5173 καὶ
2431 5122 2692 5190 μοναχαῖς
2717 5134 2729 5148 ⁸
2761 5121 2843 5172 ὅτι
2893 5118 3192 5187 δυνάμενος
3235 5117 3329 5169 καὶ
3354 5118 3419 5167 τὰ
3463 5116 3623 5168 κοινὰ

2046 5213 2234 5268 καὶτὰ
2281 5212 2390 5265 ίδια
2425 5210 2514 5264 διὰ
2563 5212 2767 5281 Κυρίου
2797 5210 2892 5263 καὶ
2924 5210 3062 5278 μετὰ
3102 5208 3309 5278 Κυρίου
3343 5205 3621 5259 ποιεῖσθαι

2047 5307 2142 5360 καὶ
2179 5305 2412 5359 κτᾶσθαι
2464 5302 2794 5357 ταπείνωσιν
2838 5303 2935 5367 τὴν
2967 5301 3249 5368 ύψοποιδν,
3286 5302 3621 5372 προέκρινας

2046 5399 2105 5449 τὸ
2130 5395 2438 5464 ἀσύμϐολον
2466 5411 2479 5425 ⁸
2510 5394 2593 5448 ὅτι
2624 5394 3047 5463 ἐκπεμπομένου
3078 5393 3310 5461 στρατοῦ
3339 5391 3441 5444 οὐκ
3469 5389 3622 5443 ἐστιν

2045 5489 2072 5542 ό
2102 5489 2373 5541 νουθετῶν
2420 5488 2644 5550 τούτους
2678 5486 2774 5540 καὶ
2805 5486 3054 5554 ἐκφοϐῶν
3087 5486 3291 5539 ὁδεύειν
3317 5485 3458 5555 μετὰ
3488 5484 3625 5551 Χρι-

2048 5581 2174 5634 στοῦ
2200 5600 2211 5612 σ
2247 5580 2383 5634 ἀλλὰ
2408 5580 2798 5653 μοιχείαιςκαὶ
2827 5581 3108 5650 ἁρπαγαῖς
3143 5579 3499 5648 πρόσκεινται
3527 5578 3621 5630 καὶ⁵

2045 5675 2293 5736 κλοπαῖς,
2348 5676 2442 5726 καὶ
2493 5672 2656 5725 πόθεν
2690 5672 2877 5737 ἕξουσι
2927 5674 2987 5725 τὸ
3019 5674 3176 5743 νικᾷν
3202 5687 3215 5701 ⁸
3261 5672 3345 5724 ὅτι
3389 5686 3621 5735 καταγι-

2044 5770 2346 5829 νώσκοντες
2381 5766 2479 5835 τὴν
2507 5765 2618 5817 τῶν
2667 5764 2938 5818 Ἰουδαίων
2978 5766 3263 5820 ἀπείθειαν
3290 5767 3379 5818 καὶ
3432 5780 3620 5833 παρα-

2045 5864 2259 5929 νομίαν,
2293 5858 2359 5912 δι’
2388 5860 2451 5927 ἢν
2480 5856 2924 5928 ὡλοθρεύθησαν,
2960 5859 3295 5927 ἁῖ.ειθοῦμει
3325 5860 3486 5926 ἡμεῖς
3521 5854 3618 5907 καὶ
