3894 6366
349 426 455 491 515

1402 414 1824 476 ΑΤΠΑΝΑΒΙΙ
1865 414 1973 477 Cl’.
2030 412 2469 475 PATRIARCII
2483 413 2545 471 ,Ε

3491 403 3593 469 516

349 539 417 593 ad
452 533 841 607 perficiendum
864 546 986 603 quae
1013 538 1232 602 oportet
1257 546 1272 596 ;
1303 545 1682 607 ponamusque
1706 529 1918 584 animas
1948 537 1994 596 Α
2022 543 2123 586 suo
2145 529 2479 597 decreverit,
2507 536 2568 582 ut
2591 542 2658 582 ex
2677 527 3018 597 episcopatu,
3045 524 3333 593 metropoli
3353 523 3591 578 Monetu.

352 648 452 702 pro
486 628 681 684 ovibus
699 628 821 696 ejus
849 626 943 697 qui
971 625 1136 681 simul
1158 633 1212 679 et
1248 622 1923 679 dcmonstravitctedicto

353 721 556 787 sanxit,
584 720 731 791 quod
758 719 1018 774 omnibus
1041 717 1357 788 pastoribus
1393 716 1461 788 (si
1503 715 1723 785 quando
1766 715 1923 784 alias)

356 814 522 871 hodie
554 814 786 867 maxime
834 812 1114 878 convenit,
1144 825 1271 865 cum
1306 824 1414 863 non
1453 807 1630 863 solum
1664 808 1775 877 lupi
1808 822 1929 875 gra-

357 920 473 970 ves,
498 905 675 974 impii,
712 904 966 971 inquam,
995 911 1051 956 ct
1078 900 1348 962 haeretici,
1376 900 1433 953 in
1464 913 1681 968 gregem
1711 896 1926 951 Domini

360 997 611 1060 irruunt;
644 994 740 1049 sed
773 1010 840 1048 ex
871 992 1032 1049 nobis
1061 991 1218 1062 ipsis,
1256 999 1314 1044 ut
1347 988 1655 1058 Apostolus
1688 986 1789 1048 ait,
1820 983 1925 1037 viri

359 1092 416 1137 et
456 1083 719 1137 mulieres
757 1098 868 1137 non
902 1092 1167 1154 verentur
1212 1079 1559 1135 Christianos
1614 1092 1643 1129 a
1702 1075 1929 1131 Christo

359 1176 669 1232 distrahere
711 1187 766 1230 et
806 1175 1067 1230 avellere.
1105 1172 1480 1240 Quamobrem
1543 1169 1693 1224 veris
1742 1176 1932 1239 pasto~

363 1269 518 1323 ribus
552 1284 660 1337 non
697 1275 781 1322 est
812 1276 986 1321 tntum
1021 1282 1129 1319 non
1165 1264 1417 1334 vigilare,
1444 1270 1500 1317 et
1540 1278 1650 1317 non
1686 1261 1930 1316 cireum-

363 1373 582 1427 quaque
623 1358 807 1411 omnia
840 1358 1112 1422 lustrare,
1157 1369 1398 1423 ovesque
1452 1363 1700 1407 errantes
1754 1352 1930 1405 solum

363 1465 630 1520 qutcrere,
671 1464 735 1505 ac
770 1466 879 1503 non
909 1449 1079 1519 magis
1112 1446 1381 1502 sollicitos
1412 1461 1531 1500 esse
1571 1462 1669 1516 pro
1704 1444 1772 1500 iis
1804 1461 1926 1514 quae

365 1558 473 1597 non
507 1552 716 1601 errant.
769 1542 1096 1611 perterritos
1127 1541 1320 1594 horum
1356 1549 1661 1607 temporum
1692 1538 1935 1592 tenebris

366 1650 489 1704 quae
514 1634 663 1705 justo
702 1632 794 1687 Dei
837 1632 1115 1702 permissu
1170 1648 1232 1687 ac
1280 1632 1494 1704 judicio
1546 1632 1707 1685 nobis
1772 1630 1935 1685 illatae

366 1734 525 1791 sunt;
564 1726 691 1795 quia
727 1724 934 1779 scilicet
971 1740 1081 1778 non
1121 1723 1196 1777 ita
1230 1723 1490 1785 vivimus,
1523 1732 1582 1776 ut
1607 1738 1736 1776 eum
1776 1722 1935 1777 decet

368 1820 461 1889 qui
497 1833 596 1872 nos
635 1817 870 1871 vocavit.
911 1814 1041 1880 Sed,
1070 1831 1103 1869 ο
1133 1815 1442 1869 animarum
1470 1822 1786 1886 nostrarum
1839 1814 1937 1868 de-

368 1909 716 1962 trimentuml
773 1908 1080 1977 oingentes
1138 1919 1352 1976 pugnas,
1410 1903 1567 1958 nobis
1619 1902 1689 1957 ob
1720 1893 2013 1958 nostrasB

368 2000 626 2055 libidines
662 2008 716 2054 et
757 2000 1110 2068 perturbatus
1136 1998 1470 2058 voluntates,
1506 2012 1626 2065 qua:
1661 1997 1765 2049 hoc
1827 2011 1941 2048 ma-

368 2092 478 2146 lum
514 2099 869 2162 pepererunt.
900 2090 1254 2160 iuiligendasl
1286 2090 1407 2154 hoc,
1432 2090 1676 2158 inquam,
1715 2088 1943 2161 malum,

371 2194 432 2240 ut
464 2201 597 2255 gens
625 2195 835 2248 sancta,
876 2199 971 2253 per
1004 2198 1195 2236 omnes
1215 2196 1439 2251 campos
1466 2188 1525 2234 et
1561 2187 1778 2233 montes
1806 2178 1943 2232 vitio

372 2287 655 2349 pastontm
712 2277 1024 2333 absentium
1060 2273 1309 2343 dispersa
1350 2287 1413 2325 ac
1449 2270 1711 2339 dissipata
1772 2278 1942 2323 erret.

372 2369 572 2437 Quare,
605 2384 715 2438 quo
737 2365 975 2421 celerius
1007 2366 1151 2419 istud
1184 2364 1336 2418 tuum
1367 2363 1615 2417 debitum
1646 2361 1745 2415 tibi
1774 2359 1945 2427 inSpi-

375 2475 555 2519 ratum
618 2459 970 2532 persolveris,
1026 2465 1385 2525 sanctumque
1422 2453 1761 2524 propositmn
1821 2467 1949 2521 per-

377 2552 601 2613 feceris,
668 2558 822 2605 tanto
907 2561 1032 2600 cum
1115 2545 1323 2614 majore
1381 2543 1538 2597 lucro
1596 2540 1945 2621 .perfeceris.

375 2627 589 2706 Debent
682 2647 787 2700 hoc
899 2644 1080 2698 facere
1167 2655 1359 2695 omnes
1439 2638 1569 2693 boni
1652 2648 1947 2708 pastores,

377 2742 694 2815 quicunque
728 2740 832 2792 hoc
860 2735 1083 2791 nomine
1105 2735 1253 2803 digiti
1276 2742 1435 2798 sunt;
1464 2732 1535 2787 ita
1565 2731 1666 2801 qui
1699 2729 1949 2789 cessarit.

362 2816 492 2892 'non
548 2834 618 2888 sit
678 2832 905 2901 impune
956 2836 1295 2882 cessaturus.
1348 2824 1562 2878 Etenim
1610 2824 1675 2901 si
1716 2822 1952 2890 quisque

380 2935 565 2999 pastor
605 2925 658 2978 in
678 2900 903 2976 dimcesi
930 2933 1053 2989 quae
1094 2917 1170 2972 illi
1202 2916 1422 2987 obtigit,
1452 2916 1537 2970 vel
1572 2900 1804 2968 biduum
1839 2928 1955 2966 tltO-

381 3029 558 3082 retur,
591 3013 832 3085 experiri
866 3013 1054 3073 liceat,
1104 3008 1377 3081 permulta
1406 3017 1626 3078 peccata
1672 3016 1726 3060 et
1753 3006 1952 3059 damna

383 3125 493 3164 non
527 3124 648 3162 esse
675 3106 861 3160 futura
898 3104 950 3156 in
977 3105 1202 3172 populo.
1256 3099 1495 3155 Perinde
1531 3113 1769 3167 namque
1831 3110 1955 3151 esse

384 3202 627 3266 videtur,
676 3214 896 3269 gregem
932 3195 1124 3249 abesse
1146 3211 1175 3248 a
1212 3202 1461 3264 pastore,
1489 3201 1547 3247 ut
1576 3206 1779 3246 czecum
1810 3191 1952 3244 duce

2028 620 2263 677 basiensi
2297 621 2569 691 subjecto,
2593 618 2816 674 ducenti
2850 616 3003 671 aurei
3043 616 3205 670 annis
3237 616 3464 684 singulis
3494 616 3595 670 tibi

2028 713 2416 780 redderentur,
2452 726 2567 783 quo
2597 711 2761 767 etiam
2793 708 3062 765 beneficio
3091 723 3189 763 nos
3224 707 3508 778 obligavit,
3538 717 3600 761 ut

2029 821 2137 861 non
2169 806 2346 861 solum
2385 813 2610 875 propter
2642 803 2961 872 religionem
2995 799 3383 869 imperatorem
3405 800 3599 854 laude-

2030 914 2172 963 mus,
2207 906 2263 952 et
2306 914 2405 967 pro
2438 913 2505 951 eo
2543 912 2736 952 omnes
2787 892 3150 949 ecclesiastici
3197 907 3385 961 preces
3438 890 3598 945 adhi-

2029 990 2282 1055 beamus,
2310 989 2404 1044 scd
2443 998 2675 1059 propter
2725 986 2935 1042 variam
3006 983 3479 1053 multiplicemque
3511 982 3601 1035 be-

2030 1082 2377 1138 neficentiam
2403 1092 2566 1152 atque
2595 1079 3025 1151 providentiam.
3059 1076 3172 1131 Hoc
3204 1074 3456 1144 exemplo
3482 1073 3600 1129 [aco

2035 1186 2146 1231 tum
2173 1190 2276 1241 est,
2310 1184 2368 1231 ut
2398 1177 2687 1246 episcopus
2710 1173 3022 1235 Sardensis,
3059 1186 3171 1241 prae
3206 1169 3387 1224 studio
3413 1176 3465 1224 et
3506 1182 3604 1222 cu-

2036 1276 2265 1347 piditate
2298 1270 2468 1327 eundi
2506 1267 2761 1322 celeriter
2787 1271 2848 1318 ad
2884 1262 3245 1334 requirendas
3269 1275 3400 1315 oves
3423 1276 3553 1315 suas
3578 1300 3592 1322 ,

2036 1385 2145 1424 non
2176 1364 2456 1423 excusat-it
2484 1360 2726 1431 pericula
2761 1400 2775 1424 ,
2811 1356 3204 1426 impedimenta
3234 1353 3466 1412 itineris.
3511 1366 3603 1406 se-

2035 1468 2340 1520 nectutem,
2366 1453 2739 1525 temporisque
2774 1446 3305 1509 incommoditatem,
3323 1460 3461 1515 quas
3486 1457 3606 1497 om-

2036 1570 2136 1610 nes
2203 1550 2554 1606 dillicultates
2606 1544 2738 1598 vicit
2788 1542 3006 1596 animus
3068 1539 3244 1610 ipsius
3296 1547 3601 1607 promptus.

2036 1647 2212 1713 Quem
2248 1642 2551 1712 imperator
2607 1651 2732 1691 cum
2783 1633 2947 1687 laude
2981 1630 3206 1701 dignum
3231 1629 3526 1700 iudicaret,
3550 1638 3608 1684 et

2037 1738 2103 1793 ad
2132 1736 2379 1791 debitum
2412 1744 2476 1786 ac
2507 1728 2748 1785 salutare
2767 1738 2970 1779 munus
2995 1721 3235 1777 excitare
3258 1721 3443 1786 vellet,
3475 1735 3605 1790 pro-

2038 1830 2181 1885 vidit
2210 1838 2269 1882 ut
2317 1832 2487 1887 esset,
2519 1819 2663 1873 unde
2696 1817 2773 1871 illi
2808 1815 3124 1870 necessaria
3167 1809 3451 1866 commode
3480 1823 3611 1878 sup-

2040 1929 2296 1993 petereut
2324 1931 2344 1973 ι
2374 1913 2590 1969 scilicet
2638 1923 2737 1964 suo
2762 1904 2996 1962 consilio
3031 1910 3087 1957 et
3124 1901 3456 1956 auctoritate
3487 1912 3613 1967 per-

2045 1989 2205 2078 fecit,
2234 2019 2295 2064 ut
2337 2010 2555 2063 decreto
2586 2001 2778 2071 synodi
2818 2007 2875 2054 et
2920 1997 3104 2054 edicto
3167 1992 3331 2061 regis,
3384 1989 3611 2061 Metyrn-

2040 2105 2229 2162 nensis
2259 2088 2575 2169 ntetrdpolis
2610 2096 2659 2150 ei
2690 2089 3067 2164 adjicereturi,
3099 2095 3161 2141 ut
3204 2084 3304 2139 tibi
3344 2083 3612 2137 hactenus

2041 2198 2253 2268 adjecta
2291 2192 2396 2247 fuit
2428 2208 2443 2245 :
2481 2190 2647 2258 idque
2675 2183 2878 2252 duplici
2912 2180 3133 2235 nomine
3166 2186 3221 2233 et
3252 2190 3440 2238 causa,
3470 2181 3528 2229 et
3550 2183 3612 2227 ut

2045 2267 2390 2356 metmpolita
2428 2280 2682 2353 praesidio
2710 2288 2899 2347 septus
2929 2282 3075 2329 esset
3102 2270 3171 2325 ad
3204 2267 3533 2339 regendum,
3554 2273 3611 2319 et

2046 2393 2107 2439 ut
2135 2377 2497 2452 populusipse
2528 2368 2982 2443 Metymnensium
3005 2361 3350 2419 commodius
3372 2359 3615 2415 facilius-

2047 2451 2154 2545 que
2178 2464 2481 2541 regeretur”,
2513 2481 2576 2520 ac
2621 2474 2846 2535 pr0pter
2874 2458 3210 2513 vicinitatem
3238 2469 3370 2509 oves
3404 2451 3616 2507 scabio-

2048 2582 2120 2622 sae
2151 2564 2332 2619 curari
2368 2567 2596 2631 possent
2626 2553 3017 2626 opportunius,
3054 2559 3170 2605 tum
3194 2548 3335 2603 bene
3363 2545 3614 2599 valentes

2049 2654 2363 2714 conserVari
2391 2661 2448 2708 et
2480 2650 2712 2705 excitari
2745 2647 2811 2700 ad
2835 2646 3064 2699 honesta
3089 2656 3280 2712 opera.
3308 2640 3618 2707 Utrumque

2052 2751 2197 2803 enim
2235 2756 2478 2801 vestrum
2521 2739 2815 2795 maledicto
2874 2735 3040 2790 allicit
3077 2733 3361 2802 Scriptura
3401 2739 3615 2793 sancta,

2053 2841 2099 2896 si
2128 2856 2250 2896 cum
2292 2838 2414 2892 sitis
2455 2843 2726 2906 pastores,
2764 2846 2872 2885 non
2902 2842 3075 2897 usque
3091 2826 3158 2880 ad
3190 2825 3536 2894 sanguinem,
3563 2823 3621 2876 in

2053 2937 2121 2992 iis
2151 2949 2272 3004 quae
2299 2931 2541 2987 diximus
2578 2924 2885 2982 ciliciendis
2919 2921 3261 2992 persistatis;
3319 2918 3519 2979 donec,
3561 2927 3625 2971 ut

2054 3026 2404 3087 confidimus,
2472 3022 2617 3076 Deus
2666 3017 2827 3073 nobis
2881 3014 3173 3086 propitius,
3223 3026 3432 3083 pacem,
3474 3020 3627 3066 tran-

2054 3119 2381 3191 quillitatem
2442 3128 2506 3168 ac
2554 3112 2784 3166 salutem
2864 3110 3134 3179 cujusque
3188 3106 3426 3177 pastoris
3475 3102 3625 3174 gregi

2062 3214 2350 3275 restituat;
2384 3207 2529 3278 quod
2572 3215 2630 3259 ut
2656 3203 2838 3266 faciat,
2873 3200 3177 3271 placandus
3204 3196 3626 3266 ﬂectendusque

385 3309 598 3349 carere.
641 3291 787 3346 Sane
815 3298 1091 3360 augentur
1123 3301 1257 3340 oves
1286 3294 1343 3339 et
1375 3285 1428 3339 in
1467 3293 1585 3338 tuto
1617 3292 1771 3348 sunt,
1828 3296 1952 3336 cum

2059 3303 2220 3359 nohis
2252 3272 2359 3364 est,
2399 3272 2687 3354 etuostris
2737 3304 2887 3348 rerte
2952 3293 3135 3353 factis,
3191 3287 3503 3343 obedientia
3569 3294 3629 3341 et

387 3393 629 3455 praesunt
653 3384 768 3436 veri
801 3390 1088 3451 pastores:
1121 3394 1231 3432 non
1268 3388 1450 3433 autem
1483 3376 1576 3446 qui
1621 3376 1798 3431 solum
1831 3373 1955 3429 ebi-

393 3480 527 3533 bant
561 3477 644 3530 lae
699 3483 759 3528 et
820 3476 941 3527 lana
1009 3481 1305 3541 tegantur,
1348 3470 1611 3538 omnique
1669 3467 1853 3521 studio
1902 3474 1958 3520 et

390 3579 508 3623 arte
537 3570 773 3637 seipsos,
800 3580 906 3619 non
942 3579 1070 3618 oves
1102 3572 1351 3633 pascant.
1402 3561 1557 3629 Quod
1591 3562 1793 3616 malum
1815 3560 1959 3614 Deus

391 3659 460 3712 ab
489 3657 615 3712 ovili
648 3667 836 3710 nostro
868 3661 1100 3719 avertat,
1129 3652 1569 3722 multiplicetque
1601 3651 1654 3705 in
1681 3639 1749 3704 eo
1778 3650 1960 3720 potius

391 3749 656 3821 quidquid
696 3748 945 3803 divinum
981 3748 1201 3817 Deoque
1224 3756 1463 3817 gratum.
1497 3744 1715 3800 Etenim
1736 3743 1780 3799 si
1809 3741 1961 3813 quod

393 3843 462 3897 de
496 3854 546 3897 te
577 3842 825 3896 auditum
854 3848 1064 3895 tantum
1094 3850 1177 3893 est
1206 3854 1236 3893 a
1260 3839 1469 3900 multis,
1506 3838 1573 3893 de
1606 3847 1699 3891 tuo
1724 3836 1790 3891 ad
1822 3837 1965 3891 dim-

392 3936 560 3990 cesim
591 3935 770 3989 reditu
808 3933 976 4003 (quod
1005 3931 1206 4002 alioqui
1242 3931 1310 3986 ab
1341 3930 1490 3986 Omni
1531 3930 1795 4000 episcopo
1843 3928 1963 3984 lieri

396 4026 582 4093 debet)
630 4027 891 4080 continuo
946 4023 1124 4077 visum
1188 4032 1274 4077 est
1331 4020 1591 4077 omnibus
1638 4020 1961 4075 laudabile:

396 4136 593 4188 nempe
633 4134 763 4173 oves
792 4118 998 4172 ablatas
1020 4115 1237 4171 fortiter
1271 4129 1599 4184 recuperare
1623 4152 1637 4177 ,
1668 4129 1779 4169 non
1812 4112 1968 4168 abla-

399 4223 482 4268 tas
513 4225 839 4268 conservare
866 4209 1101 4263 viriliter
1151 4225 1165 4261 :
1197 4206 1473 4261 interdum
1531 4207 1699 4261 etiam
1736 4207 1967 4279 alienas

399 4305 701 4376 adjungcre
726 4302 793 4356 ad
825 4312 1066 4366 nostras,
1120 4308 1236 4354 tum
1284 4305 1537 4353 errantes
1593 4307 1649 4353 et
1711 4299 1967 4364 amissas,

397 4395 584 4466 quoad
640 4394 755 4449 iieri
810 4394 1006 4464 possit,
1044 4405 1291 4461 qurerere
1351 4405 1415 4445 ac
1445 4389 1741 4460 vestigare,
1771 4397 1828 4444 et
1887 4390 1972 4444 in-

398 4498 591 4543 ventas
633 4486 688 4540 in
722 4485 1015 4539 humerum
1069 4496 1266 4552 magno
1300 4490 1500 4534 conatu
1553 4481 1841 4547 imponere
1900 4478 1969 4533 ad

2058 3396 2168 3451 vita
2198 3392 2510 3450 Christiana
2542 3386 2944 3460 implorandus.
2968 3386 3065 3439 Jta
3098 3383 3246 3439 enim
3281 3382 3397 3445 fiet,
3434 3391 3492 3436 ut
3546 3380 3631 3435 le-

2057 3505 2177 3560 gem
2208 3486 2452 3541 divinam
2483 3493 2793 3547 servantes,
2826 3495 2948 3550 quaa
2970 3476 3205 3547 turpiter
3224 3475 3631 3543 viventesjuste

2057 3576 2360 3640 amisimus,
2396 3572 2650 3644 precibus
2677 3572 2852 3626 beatae
2870 3567 3052 3622 Marias
3076 3566 3465 3620 restituantur.
3497 3562 3629 3619 Vale

2058 3668 2116 3722 in
2151 3666 2395 3722 Christo.

2615 3750 2958 3809 EPISTULA
3011 3750 3078 3805 ll.

2063 3852 2389 3908 Athanasius
2411 3847 2730 3920 patriarcha
2748 3838 3367 3920 Constantinopolitanus
3391 3839 3634 3910 episcopo

2693 3915 3065 3971 Sardensium.

2132 4034 2309 4095 Nosti,
2343 4029 2805 4102 quemadmodum
2838 4026 3116 4096 Sapientia
3164 4023 3465 4093 discipulos
3501 4037 3639 4077 suos

2065 4128 2259 4183 doceat
2296 4124 2412 4181 :Ne
2441 4123 2665 4194 (inquit)
2705 4119 3050 4191 reprehendas
3106 4118 3410 4181 sceleratos,
3480 4132 3545 4170 ne
3580 4125 3637 4169 te

2066 4221 2268 4273 oderint
2299 4218 2319 4249 ³
2343 4258 2359 4282 ,
2394 4229 2653 4286 tanquam
2686 4214 2962 4283 sapientes
2990 4220 3200 4264 tantum
3232 4209 3495 4278 reprehen
3522 4211 3639 4264 iere

2067 4321 2341 4381 oporteat,
2391 4320 2452 4363 ut
2511 4309 2831 4376 quicunque
2879 4304 3078 4359 fratres
3129 4312 3331 4367 amant,
3394 4301 3637 4355 vicissim

2068 4411 2345 4458 amentur.
2382 4399 2701 4471 Opportune
2760 4397 2891 4452 binc
2948 4395 3283 4465 principium
3337 4393 3642 4462 sumpsisse

2070 4496 2320 4560 videbor,
2352 4492 2447 4564 qui
2479 4492 2546 4547 ad
2586 4501 2662 4554 te,
2685 4491 2867 4545 virum
2894 4489 3203 4557 sapientem
3237 4495 3294 4540 et
3341 4485 3399 4539 in
3429 4484 3643 4539 litteris

396 4580 770 4648 εσυιθδὶδεειιιο
820 4576 1088 4631 reducere
1114 4574 1168 4627 in
1202 4587 1493 4628 “umerum
1530 4586 1721 4626 eorum
1759 4571 1853 4640 qui
1898 4571 1967 4625 ab
2000 4592 2044 4646 D
2073 4585 2273 4643 sanctis
2301 4584 2605 4647 eruditum,
2636 4581 2896 4637 scribam.
2927 4580 3054 4635 Scio
3111 4588 3163 4633 te
3212 4593 3322 4631 non
3381 4578 3646 4647 ignorare

397 4687 589 4728 errore
624 4669 786 4724 alieni
810 4676 975 4732 sunt;
1007 4666 1145 4733 hate,
1183 4665 1430 4734 inquam,
1461 4678 1627 4733 quam
1654 4672 1808 4733 grata
1849 4664 1963 4720 Deo

399 4773 454 4818 et
482 4763 591 4816 Deo
619 4760 821 4815 deditis
846 4757 1055 4811 iuerint
1085 4756 1098 4811 ι
1137 4756 1350 4811 Idcirco
1380 4754 1527 4827 quod
1557 4755 1801 4821 voluisti,
1834 4756 1964 4825 quia

403 4850 853 4907 honestissimum
885 4830 1035 4911 erat:
1066 4847 1435 4902 laudaverunt
1482 4846 1693 4901 cordati
1722 4856 1776 4901 et
1837 4862 1972 4917 pru-

400 4946 598 4999 dentes
631 4956 846 5006 omnes,
899 4949 956 4995 et
997 4939 1053 4995 in
1089 4941 1285 5010 primis
1320 4939 1641 5009 imperator.
1674 4939 1811 5009 ipse,
1875 4939 1970 5009 qui

404 5054 511 5092 non
544 5036 722 5091 solum
759 5032 1106 5105 approbavit,
1158 5032 1254 5087 sed
1305 5033 1595 5103 magnifica
1627 5034 1792 5087 verba
1819 5033 1975 5098 fecit,

401 5141 595 5185 nactus
629 5127 768 5182 hanc
806 5125 1152 5180 occasionem
1190 5124 1455 5179 Ecclesia:
1485 5123 1700 5189 utilem,
1722 5123 1973 5180 imitatus

403 5219 921 5290 eloquentissimum
956 5216 1114 5270 illum
1158 5216 1364 5283 virum,
1406 5231 1530 5270 cum
1565 5230 1676 5286 quo
1736 5210 1975 5287 (Quoties

408 5402 611 5469 torum)
644 5413 807 5453 nemo
827 5397 1103 5452 orationis
1133 5398 1427 5462 suavitate,
1464 5399 1624 5467 copia
1658 5409 1715 5453 et
1745 5399 1977 5471 elegan-

407 5496 481 5549 tia
513 5501 728 5547 cerlare
764 5498 967 5560 potest,
1027 5499 1085 5545 et
1115 5505 1287 5560 usque
1318 5490 1481 5557 adeo,
1517 5500 1578 5546 ut
1606 5490 1741 5557 dixi,
1773 5507 1979 5562 propo-

410 5587 577 5641 situm
604 5583 1013 5652 consiliumque
1043 5590 1196 5637 tuum
1228 5594 1416 5653 aptum
1452 5592 1510 5640 et
1548 5599 1862 5654 congruens
1894 5587 1979 5640 vi-

410 5695 531 5735 sum
563 5676 883 5748 imperatori
913 5686 1017 5743 est,
1050 5686 1109 5733 ut
1147 5678 1424 5750 synodieis
1459 5677 1659 5735 litteris
1706 5688 1763 5734 et
1790 5677 1978 5734 edicto

482 5858 503 5889 ⁸
529 5857 689 5916 Prov.
724 5875 800 5927 ix,
842 5860 895 5915 8.
970 5861 992 5892 ⁸
1028 5861 1188 5917 .loau.
1215 5878 1269 5928 x,
1332 5862 1419 5918 15.

2064 4693 2186 4748 quae
2215 4677 2417 4731 sanctis
2468 4673 2738 4745 apostolis
2764 4674 2832 4728 de
2866 4670 3264 4728 constitutione
3315 4676 3498 4721 rerum
3544 4682 3646 4721 cc-

2064 4769 2495 4825 clesiasticarum
2528 4767 2736 4823 sancita
2788 4772 2936 4830 sunt,
2966 4778 3034 4819 ex
3067 4760 3284 4832 .quibus
3310 4773 3478 4814 unum
3533 4767 3646 4821 est,

2071 4871 2130 4916 ut
2159 4860 2394 4929 quisque
2427 4865 2614 4929 pastor
2651 4858 2796 4911 intra
2825 4869 2957 4910 suos
2988 4854 3128 4908 lines
3160 4852 3383 4906 insistat
3414 4858 3649 4917 pr0pter

2070 4966 2260 5023 pacem
2278 4960 2333 5004 et
2357 4950 2711 5015 charitatem,
2729 4962 2960 5018 quarum
2987 4953 3072 5001 est
3095 4944 3256 5001 Jesus
3275 4941 3649 4999 arctissimum

2069 5040 2374 5104 vinculum,
2409 5037 2556 5109 quod
2593 5038 2731 5093 solvi
2780 5052 2891 5092 non
2922 5043 3124 5107 potest.
3189 5032 3313 5087 Scis
3349 5041 3646 5101 praeterea,

2080 5142 2138 5187 ut
2163 5131 2354 5201 quales
2382 5114 2494 5185 non
2554 5143 2829 5195 essemus,
2875 5136 3209 5198 appareret;
3242 5125 3448 5196 quibus
3496 5125 3653 5179 notis

2078 5238 2270 5278 verum
2309 5231 2583 5292 pastorem
2624 5220 3066 5290 designantibus,
3116 5231 3349 5288 magnus
3376 5216 3465 5271 ille
3510 5230 3651 5286 pon-

2080 5315 2211 5371 til‘ex
2249 5314 2525 5377 Christus,
2561 5328 2762 5369 munus
2793 5299 3029 5383 pastoris
3067 5310 3391 5387 diﬂlnicrit:
3442 5322 3651 5378 nempe

2074 5415 2263 5463 mutua
2313 5406 2369 5461 in
2394 5406 2549 5460 illum
2601 5406 2897 5461 charitate.
2923 5403 3136 5459 Deinde
3169 5417 3276 5455 non
3309 5402 3530 5471 ignoras
3556 5414 3651 5454 or-

2073 5508 2261 5554 natum
2299 5497 2454 5567 probi
2509 5496 2768 5567 pastoris,
2803 5495 2900 5566 qui
2956 5495 3027 5549 sit
3060 5492 3272 5547 animas
3324 5490 3504 5561 gregis
3558 5491 3652 5543 sui

2076 5590 2361 5646 evidenter
2392 5588 2741 5660 cogniturus,
2780 5587 2849 5643 de
2874 5603 2985 5658 quo
3013 5585 3281 5656 scriptum
3306 5588 3394 5638 est
3421 5599 3436 5635 :
3469 5579 3655 5640 Bonus

2079 5691 2261 5753 pastor
2298 5682 2536 5738 animam
2567 5697 2721 5736 suam
2767 5681 2915 5752 ponit
2956 5695 3051 5750 pro
3105 5676 3284 5733 oribus
3317 5675 3427 5728 suis
3476 5672 3521 5729 ’⁵.
3581 5675 3655 5745 Et
