3894 6366
190 450 195 459 ~
238 409 345 473 517

1667 396 2077 461 EPISTOLZE.

3402 397 3506 458 518

240 519 391 592 quod
422 517 726 587 Gregorius
757 523 1127 586 cognomento
1154 513 1472 583 Theologus
1510 509 1818 567 edisserit:
1851 517 1895 573 Α
1926 525 2050 565 cum
2084 508 2312 580 reliquis
2344 510 2504 564 malis
2539 525 2648 563 non
2679 516 2763 565 est
2802 509 3121 578 ambiguum
3147 521 3200 564 et
3231 510 3503 564 incertum

243 610 363 665 Non
428 609 860 678 unumquemvis
907 606 1239 677 discipulum
1303 606 1369 660 ad
1459 605 1819 673 Evangelium

241 702 416 766 mitti,
444 715 627 770 neque
687 700 780 770 qui
820 697 1086 765 mittitur,
1113 698 1613 769 quomodocunque
1653 696 1818 760 mitti,

243 795 345 849 sed
379 793 475 864 qui
502 792 753 848 veritatis
783 791 1113 861 virtutisque
1157 790 1344 846 studio
1379 799 1593 845 tantum
1635 789 1819 843 inten-

240 898 334 944 tus
362 889 459 952 sit,
499 902 707 942 vacuus
733 894 793 940 et
819 884 1112 954 expeditus
1142 884 1290 940 omni
1347 899 1504 949 cura,
1553 881 1821 952 omnique

241 982 645 1053 impedimento
690 980 855 1046 liber,
896 981 1015 1035 sine
1042 994 1175 1045 aere,
1232 979 1354 1034 sine
1383 979 1555 1048 virga,
1591 992 1699 1031 una
1734 988 1821 1031 tu-

240 1077 392 1140 nica,
435 1074 601 1129 nudis
631 1074 799 1129 etiam
828 1072 1062 1143 pedibus
1086 1115 1099 1136 ,
1134 1083 1394 1143 tanquam
1444 1088 1555 1127 non
1609 1070 1823 1142 possint

237 1167 406 1221 aliter
455 1166 678 1237 speciosi
710 1181 817 1219 esse
841 1164 996 1236 pedes
1029 1164 1503 1236 euangelizandum
1533 1179 1738 1233 pacem.
1770 1171 1822 1217 et

237 1269 436 1314 cratera
463 1259 601 1314 bona
637 1259 680 1314 ⁸.
712 1258 1037 1313 Intellexisti
1077 1259 1240 1313 etiam
1276 1258 1400 1328 quis
1431 1258 1503 1313 sit
1535 1273 1823 1312 mercena-

238 1351 363 1407 rius
413 1360 471 1406 et
503 1349 705 1420 qualis,
758 1349 827 1404 de
865 1350 1175 1420 quo-pudet
1209 1365 1295 1404 me
1332 1356 1448 1404 tum
1481 1350 1665 1403 dicere
1705 1357 1821 1403 tum

239 1449 447 1506 tacere,
472 1456 598 1495 cum
629 1440 763 1495 satis
801 1440 919 1509 ipse
959 1447 1139 1494 status
1170 1448 1481 1508 temporum
1530 1447 1587 1494 et
1633 1453 1819 1493 rerum

237 1548 369 1588 eum
398 1533 658 1588 ostendat
713 1540 878 1602 atque
908 1542 1196 1601 coarguat.
1259 1531 1333 1585 De
1378 1547 1487 1598 quo
1523 1532 1568 1586 si
1615 1541 1822 1587 attente

237 1624 466 1681 audiam
506 1625 827 1695 prophetas,
856 1639 981 1680 cum
1029 1625 1084 1678 in
1142 1624 1250 1678 mei
1302 1622 1514 1679 similes
1576 1633 1824 1694 pastores

239 1718 333 1773 his
364 1717 557 1772 verbis
586 1718 926 1772 invehuntur
966 1735 980 1771 :
1020 1715 1271 1771 Pastores
1327 1727 1552 1788 pascunt
1601 1718 1821 1788 seipsos,

168 1848 171 1851 λ
242 1826 352 1865 non
384 1827 501 1864 oues
530 1811 587 1874 ’ς
621 1819 675 1864 et
709 1809 851 1864 illud
888 1827 902 1863 :
937 1807 982 1864 0
1016 1817 1273 1880 pastores,
1310 1811 1398 1879 qui
1429 1809 1645 1879 perditis
1707 1827 1823 1864 oves

239 1903 535 1973 pascute’;
595 1902 727 1956 item
760 1920 774 1956 :
812 1900 988 1955 Pretio
1023 1902 1333 1970 respondent
1371 1904 1690 1965 sacerdotes,
1739 1920 1828 1957 sa-

240 1993 478 2046 cerdotes
505 1990 669 2060 legem
695 1990 916 2044 Domini
941 1988 1297 2053 occultarent,
1324 1998 1373 2041 et
1424 1981 1592 2059 legem
1656 2006 1827 2044 meam

239 2082 537 2145 uiolarunt,
562 2090 611 2137 et
646 2091 828 2135 sancta
874 2098 988 2134 mea
1015 2080 1375 2150 profanarum
1401 2082 1456 2148 ⁸;
1498 2084 1626 2136 item
1659 2083 1825 2138 illud:

243 2178 414 2231 Lartis
435 2178 611 2230 ovium
651 2176 820 2239 indui,
849 2183 1082 2228 mactare
1116 2174 1252 2243 quod
1281 2179 1476 2246 pingue
1509 2185 1606 2239 est,
1640 2174 1722 2230 lac
1749 2177 1828 2230 bi-

244 2271 370 2323 bere
408 2269 471 2333 ’;
525 2267 664 2333 haec,
696 2267 944 2336 inquam,
976 2267 1504 2347 attentelaudiens,
1564 2267 1697 2337 quid
1751 2269 1829 2323 fa-

245 2360 419 2427 ciam,
452 2376 525 2416 ne
551 2370 795 2415 metuam
832 2375 926 2414 eos
959 2359 1053 2429 qui
1098 2374 1183 2413 me
1214 2358 1572 2430 redarguunt,
1601 2370 1657 2415 et
1680 2360 1828 2416 clare

243 2453 325 2510 ob
354 2453 546 2508 oculos
579 2453 713 2507 mihi
744 2462 976 2521 ponunt,
998 2452 1174 2521 qualis
1206 2451 1353 2507 sim?
1382 2468 1503 2521 qua:
1539 2454 1584 2507 si
1614 2452 1829 2510 fabulas

246 2558 412 2619 putat
436 2548 531 2616 qui
572 2545 626 2600 in
659 2546 840 2617 ignem
881 2545 1031 2600 illum
1064 2557 1374 2601 extremum
1406 2561 1515 2600 non
1558 2547 1825 2611 intuetur,

245 2641 388 2695 mihi
426 2650 575 2695 certe
629 2656 740 2695 non
792 2640 1012 2706 fabula),
1052 2640 1147 2694 sed
1187 2638 1261 2694 ita
1320 2638 1607 2695 horribilia
1643 2642 1827 2695 omnia

240 2750 373 2791 esse
403 2735 685 2799 videntur,
713 2742 773 2787 ut
822 2735 1053 2788 horrore
1101 2734 1336 2788 exedant
1394 2742 1828 2803 eonsumantqne

245 2829 544 2883 medullas.
578 2827 767 2898 Neque
806 2835 988 2883 tamen
1022 2841 1285 2882 curamus
1335 2826 1518 2882 facere
1549 2843 1650 2898 pro
1694 2827 1828 2883 viri-

190 2911 201 2921 ’
242 2923 359 2976 bus
410 2936 478 2975 ne
528 2931 755 2991 propter
803 2919 1026 2990 aliquod
1075 2935 1141 2974 ex
1180 2920 1267 2975 bis
1311 2920 1504 2975 vitium
1542 2936 1606 2976 ac
1647 2922 1831 2975 scelus

152 5161 185 5174 ο

164 5233 191 5259 ς

243 3014 540 3069 constricti
575 3013 821 3068 vinculis
860 3013 1212 3078 arctissimis,
1245 3013 1426 3081 pretiis
1476 3013 1831 3083 sempiternis

242 3107 575 3169 alliciamur,
603 3106 698 3161 sed
733 3107 917 3176 potius
938 3106 1134 3161 damus
1156 3120 1380 3174 operam
1414 3106 1568 3161 vanis
1598 3115 1831 3162 conten-

244 3199 498 3255 tionibus
541 3198 884 3270 judiciisqne
937 3197 1005 3253 ad
1063 3196 1353 3252 libidinem
1407 3206 1651 3253 nostram
1704 3213 1899 3282 σοι’-ο

243 3292 451 3361 ruptis,
483 3301 579 3346 aut
614 3292 685 3346 ab
720 3308 788 3346 eo
816 3289 964 3361 quod
1003 3289 1121 3345 fieri
1159 3291 1429 3360 oportuit,
1478 3290 1825 3347 abducimur.

241 3384 385 3451 Qua:
418 3387 565 3440 enim
598 3386 780 3440 facere
808 3383 1013 3449 solent,
1057 3383 1149 3454 qui
1184 3393 1387 3439 statum
1420 3385 1677 3440 Ecclesia:
1703 3399 1829 3455 per-

243 3478 477 3533 turbare
535 3478 878 3542 moliuntur,
934 3476 1048 3531 haec
1100 3474 1192 3532 isti
1250 3486 1490 3547 quaestus
1528 3476 1699 3546 gratia
1752 3476 1830 3529 fa-

241 3571 407 3626 ciunt
437 3588 450 3625 :
481 3570 694 3625 scilicet
736 3585 859 3625 cum
890 3584 919 3624 a
948 3568 1222 3639 principio
1266 3572 1626 3625 constitutum
1660 3576 1827 3628 esset.

240 3672 309 3717 ut
328 3658 425 3717 ’bis
472 3676 697 3731 quoque
749 3676 898 3716 anno
948 3660 1196 3731 synodus
1248 3660 1585 3727 haberetur,
1635 3670 1829 3729 postea

238 3769 382 3811 vero
418 3752 768 3809 commodius
816 3753 1105 3808 videretur
1144 3752 1337 3807 haberi
1374 3754 1564 3818 semel,
1594 3770 1664 3809 ne
1698 3768 1831 3810 oves

240 3858 477 3919 propter
529 3847 784 3901 crebram
840 3846 1150 3903 absentiam
1202 3855 1532 3917 pastorum,
1586 3846 1750 3903 facile
1798 3865 1829 3905 a

237 3942 395 4010 lupis
435 3940 621 3995 invadi
659 3950 932 4009 possent,
972 3948 1158 3995 nostra
1182 3956 1332 3996 nunc
1363 3949 1514 4002 a-tas.
1553 3943 1738 3997 nescio
1760 3958 1828 3997 an

238 4033 454 4105 aliquid
512 4033 890 4104 prudentioris
935 4033 1151 4089 consilii
1206 4034 1503 4105 providens
1590 4050 1660 4089 an
1704 4050 1831 4091 cor-

242 4128 470 4198 ruptius
501 4126 781 4199 judicans,
817 4126 923 4182 hoc
957 4141 1180 4197 quoque
1209 4127 1472 4182 sustulit:
1522 4128 1667 4182 unde
1708 4144 1832 4197 gra-

238 4221 337 4276 via
366 4230 421 4275 et
454 4234 595 4274 nova
628 4220 768 4273 mala
825 4218 1142 4283 suscitavit,
1173 4226 1230 4273 et
1276 4234 1466 4274 curam
1498 4221 1830 4289 pastoralem

239 4319 304 4373 in
338 4315 601 4387 pecunias
626 4328 929 4385 pauperum
962 4312 1338 4369 corradendas
1365 4314 1623 4379 contulit,
1666 4330 1832 4386 grege

241 4410 397 4478 lupis
455 4408 654 4462 relicto
683 4424 697 4461 :
738 4423 932 4476 magna
975 4421 1108 4460 vero
1143 4407 1431 4478 diligentia
1462 4417 1519 4463 et
1548 4408 1832 4479 vigilantia

240 4501 430 4554 locum
470 4497 719 4568 episc0pi
749 4504 1043 4560 oruarunt,
1073 4505 1134 4550 ut
1162 4496 1400 4553 desertis
1430 4497 1546 4553 suis
1571 4497 1832 4568 gregibus

1924 603 2060 673 quin
2096 602 2232 656 iram
2275 600 2368 656 Dei
2403 601 2562 656 nobis
2590 611 2785 671 augeat
2820 619 2833 655 :
2876 600 3323 671 quandoquidem
3357 600 3499 654 tole-

1925 710 2077 750 rasse
2128 696 2300 750 Deum
2374 694 2564 749 tuundi
2622 703 2906 763 peccatum
2960 692 3277 759 didicimus,
3329 691 3504 747 eremi

1924 804 2057 844 vero
2092 798 2378 858 peceatum
2432 800 2799 857 nequaquam.
2846 785 3114 841 Similiter
3153 787 3501 839 verissimum

1924 889 2027 945 est,
2063 895 2242 950 neque
2272 887 2528 950 pastores
2563 879 2655 947 qui
2688 892 2906 948 gregem
2940 877 3225 945 negligunt
3261 874 3507 944 impuni-

1928 980 2047 1036 tos;
2082 973 2399 1041 multosque
2452 971 2819 1033 discessuros,
2872 967 3086 1022 tametsi
3126 968 3355 1021 fortasse
3392 979 3506 1019 non

1925 1062 1998 1115 ita
2043 1062 2297 1116 videatur
2324 1062 2390 1116 iis
2420 1062 2512 1131 qui
2548 1069 2744 1129 sponte
2774 1060 3021 1113 velamen
3067 1056 3401 1116 obtendunt.
3436 1070 3506 1109 ne

1925 1154 2172 1208 limatam
2208 1153 2490 1222 Evangelii
2525 1154 2814 1206 veritatem
2838 1150 3150 1220 aspiciant;
3187 1148 3350 1203 sicuti
3378 1161 3505 1202 cum

1925 1245 2135 1318 Moyses
2165 1246 2370 1317 legitur
2401 1245 2606 1316 populo
2636 1245 2803 1299 Israel
2827 1283 2842 1307 ,
2872 1259 3012 1313 quos
3061 1244 3284 1313 quidem
3317 1240 3509 1295 existi-

1925 1340 2408 1402 mabam,sublato
2440 1340 2550 1409 jam
2604 1339 2901 1402 velamine,
2945 1338 3183 1392 revelata
3242 1334 3381 1390 faeie
3425 1334 3510 1386 vi-

1923 1434 2076 1487 dere.
2113 1434 2241 1496 Sed,
2271 1449 2304 1486 o
2334 1432 2700 1487 calamitatem
2736 1440 2792 1486 et
2825 1431 3126 1498 miseriam,
3158 1438 3216 1483 ut
3262 1439 3508 1497 tempore

1925 1522 2045 1593 ipso
2081 1522 2243 1577 facile
2288 1523 2428 1577 mala
2474 1525 2750 1579 subeunt!
2785 1524 2946 1593 quale
2995 1532 3081 1577 est
3132 1521 3238 1580 hoc
3273 1519 3507 1575 monstri

1924 1616 2070 1687 quod
2103 1632 2251 1671 nunc
2284 1627 2468 1670 ortum
2497 1627 2579 1671 est
2628 1626 2685 1672 ut
2723 1618 3075 1687 reperiantur
3119 1614 3364 1685 episcopi
3413 1612 3509 1682 qui

1928 1718 2139 1765 tantum
2193 1709 2328 1764 dent
2364 1710 2681 1775 consilium,
2737 1725 3005 1779 suamque
3050 1710 3236 1764 dicant
3289 1714 3510 1762 senten-

1929 1802 2096 1859 tiam:
2126 1817 2233 1855 non
2273 1812 2455 1856 autem
2491 1803 2585 1872 qui
2620 1804 2842 1857 decreta
2892 1801 3339 1868 sententiamque
3396 1811 3511 1851 ma-

1924 1894 2108 1963 jorum
2143 1904 2255 1949 tum
2284 1896 2495 1964 private
2529 1905 2644 1948 tttm
2683 1894 2904 1965 publice
2938 1894 3267 1950 confirment
3299 1902 3351 1946 et
3380 1907 3511 1945 san-

1929 1985 2098 2047 ciant,
2149 1986 2221 2038 ita
2261 1994 2319 2039 ut
2365 1986 2476 2056 jam
2516 1985 2569 2039 in
2619 1985 2804 2039 causis
2854 2000 3163 2055 pauperum
3217 1982 3509 2037 uobiscum

1929 2076 2152 2147 quidem
2185 2076 2429 2133 sentiant
2461 2078 2557 2147 qui
2605 2080 2816 2147 pariter
2859 2077 3134 2148 judicant,
3179 2092 3288 2131 non
3324 2088 3507 2129 tamen

1929 2172 1984 2225 in
2015 2172 2198 2226 causis
2225 2172 2459 2226 divitum
2493 2181 2658 2242 atque
2683 2172 2987 2239 nobilium;
3010 2171 3367 2243 quamobrem
3398 2183 3511 2224 non

1929 2269 2191 2318 convenit
2245 2263 2378 2318 mihi
2430 2279 2556 2318 eum
2618 2265 2703 2319 his
2747 2265 3167 2321 consessoribus
3227 2261 3512 2333 judicibus

1926 2354 2199 2426 judicare.
2235 2354 2292 2409 Si
2323 2371 2426 2425 pax
2461 2371 2692 2412 munere
2727 2358 2821 2412 Dei
2876 2367 3171 2413 consecuta
3229 2357 3416 2422 fuerit,
3457 2362 3514 2409 et

1931 2449 2219 2505 consilium
2246 2449 2505 2521 frequens
2532 2452 2652 2522 cogi
2676 2453 2995 2523 contigerit,
3023 2453 3371 2523 corrigentur
3398 2451 3516 2505 haec

1930 2543 2114 2597 omnia
2161 2561 2174 2598 :
2220 2545 2367 2612 quod
2424 2546 2468 2599 si
2526 2560 2688 2602 secus
2740 2547 2989 2602 evenerit
3040 2544 3512 2617 (quandoquidem

1931 2638 2211 2693 nescimus
2243 2639 2374 2709 quid
2418 2630 2702 2710 proximus
2734 2639 2853 2696 dies
2878 2641 2948 2695 sit
2987 2640 3299 2708 allaturus),
3336 2638 3516 2694 ludes

1934 2730 2025 2785 ille
2055 2729 2151 2801 qui
2198 2730 2314 2786 falli
2358 2747 2467 2787 non
2513 2743 2716 2803 potest,
2765 2733 3024 2791 Ecclesiae
3073 2752 3187 2793 sua:
3239 2734 3514 2791 consulet.

1934 2823 2047 2878 lloc
2100 2832 2153 2879 te
2194 2824 2336 2880 scire
2390 2826 2566 2894 volui,
2621 2842 2689 2883 ne
2747 2829 3041 2885 molestum
3096 2838 3248 2885 esset
3301 2826 3514 2883 veitire.

1934 2918 2082 2981 Vale.

2492 3037 2833 3094 EPISTOLA
2869 3040 2960 3095 lli.

1935 3123 2148 3203 Gratia_
2177 3136 2226 3178 et
2260 3129 2521 3203 pax‘tibi
2561 3148 2592 3185 a
2634 3131 2739 3185 Deo
2772 3136 3151 3203 omnipotente.
3192 3133 3517 3189 Athanasius

2004 3199 2317 3266 patriarcha
2386 3198 3015 3274 Constantinopolitanus
3070 3205 3310 3275 episcopo
3368 3206 3517 3274 Apa-

2004 3283 2156 3323 mete.

2004 3381 2274 3437 Existimo
2313 3394 2365 3439 te
2404 3401 2513 3441 non
2545 3385 2799 3458 ignorare
2828 3389 2958 3461 quid
2995 3390 3231 3447 Basilius
3263 3391 3354 3447 ille
3404 3409 3519 3448 ma-

1932 3489 2073 3543 gnus
2100 3474 2167 3529 ad
2197 3475 2525 3547 Gregorium
2559 3480 2872 3550 scripserit,
2903 3481 2972 3536 de
3000 3498 3066 3537 eo
3098 3491 3157 3537 ut
3191 3483 3516 3538 excluderet

1932 3566 2316 3621 mulierculam
2347 3584 2513 3638 quam
2568 3571 2718 3626 domi
2750 3571 3025 3641 habebat;
3067 3584 3123 3630 et
3153 3577 3517 3644 quemadmo-

1932 3659 2063 3713 dum
2109 3661 2358 3730 jusserit,
2394 3673 2453 3718 ut
2506 3663 2613 3718 nisi
2664 3666 2850 3719 statim
2897 3668 3238 3733 excluderet,
3279 3678 3517 3723 cessaret

1932 3751 2000 3806 ab
2021 3750 2197 3808 oliicio
2219 3755 2574 3822 sacerdotali,
2602 3756 2924 3812 redditurus
2954 3759 3068 3814 Deo
3100 3760 3369 3815 rationem
3399 3776 3519 3817 ces-

1932 3844 2184 3908 sationis.
2222 3845 2555 3918 futurusque
2601 3859 2804 3905 cuncto
2862 3852 3066 3922 populo
3112 3853 3408 3909 anathema
3468 3854 3514 3909 si

1934 3954 2042 3993 non
2094 3948 2358 4003 cessaret,
2404 3942 2498 3996 sed
2549 3944 2739 4012 potius
2786 3943 2996 4015 absque
3052 3948 3362 4002 reverentia
3407 3948 3517 4001 Deo

1936 4029 2214 4087 oll‘erret:
2267 4033 2473 4104 quibus
2524 4035 2711 4091 verbis
2766 4036 3191 4103 demonstravit,
3246 4052 3514 4110 quantum

1934 4123 2120 4179 damni
2153 4134 2210 4180 et
2239 4127 2472 4195 jactura:
2507 4127 2735 4191 faceret,
2770 4129 2865 4199 qui
2913 4129 3239 4201 dignitatem
3278 4130 3515 4201 adeptus

1934 4233 2044 4271 non
2072 4230 2359 4274 exerceret
2388 4220 2757 4275 ministerium
2785 4231 2933 4278 recte
2979 4234 3033 4278 et
3064 4224 3311 4279 assidue.
3372 4225 3516 4279 Sunt

1936 4309 2126 4380 itaque
2162 4310 2301 4367 facta
2327 4324 2644 4367 sanctorum
2682 4313 2906 4369 Patrum
2961 4319 3214 4388 exempla
3246 4318 3425 4382 nobis,
3458 4329 3517 4374 ut

1935 4412 2057 4465 quze
2087 4397 2252 4453 nobis
2280 4398 2528 4454 facienda
2555 4411 2707 4467 sunt,
2737 4418 2862 4457 cum
2896 4404 2964 4460 iis
2987 4421 3371 4475 comparemus
3395 4425 3519 4479 quae

1936 4490 2110 4559 gratia
2141 4501 2463 4545 sanctorum
2499 4507 2597 4562 per
2646 4510 2744 4550 eos
2790 4496 3056 4566 aspiravit
3088 4499 3143 4553 in
3194 4515 3319 4569 quae
3369 4502 3518 4572 aspi-

236 4592 392 4663 apud
440 4591 685 4659 reginam
731 4571 1264 4659 Constantinopolin)
1318 4591 1677 4646 accubarent.
1725 4590 1831 4645 De,
1865 4595 1907 4649 ι)
1937 4584 2195 4638 ciendum
2226 4594 2331 4646 est.
2366 4598 2425 4639 ut
2461 4585 2514 4639 in
2551 4586 2723 4641 solem
2756 4591 3006 4660 aspicere
3055 4592 3257 4655 solent,
3294 4594 3388 4663 qui
3431 4571 3519 4647 lu-

234 4689 417 4756 nique
465 4683 806 4749 maluerunt,
838 4681 992 4737 brevi
1049 4682 1330 4752 voluptate
1366 4682 1636 4749 contenti,
1674 4684 1826 4739 carui

234 4778 559 4847 indulgere,
597 4790 760 4845 quam
809 4790 934 4829 cum
988 4773 1192 4843 populo
1237 4774 1332 4830 Dei
1372 4775 1644 4842 laborare,
1696 4793 1830 4832 con-

238 4870 477 4940 temptis
524 4868 740 4937 legibus
773 4867 978 4922 divinis
1019 4882 1142 4938 quae
1183 4867 1500 4937 prohibent,
1551 4885 1620 4924 ne
1653 4871 1831 4940 paulié-

233 4977 377 5031 sper
411 4960 635 5030 quidem
671 4959 896 5028 impune
930 4973 961 5012 a
1000 4973 1164 5029 grege
1200 4959 1413 5013 abesse.
1465 4959 1543 5014 Ac
1582 4961 1711 5024 nisi,
1770 4973 1829 5016 ut

231 5053 551 5125 Apostolus
601 5051 699 5115 ait,
754 5051 1000 5105 inimicus
1061 5050 1269 5104 viderer
1316 5066 1499 5105 verum
1558 5052 1828 5124 eloquens,

230 5160 467 5219 possem
521 5143 730 5213 aliquid
785 5157 915 5198 vere
963 5142 1173 5199 dicere.
1225 5143 1392 5210 Quid,
1429 5160 1635 5215 quaeso,
1672 5150 1832 5214 juvat

176 5236 191 5289 .‘
232 5241 388 5294 istos
420 5237 712 5307 episcopos
757 5245 813 5291 et
865 5243 1121 5305 pastores
1170 5236 1225 5290 in
1282 5238 1421 5291 urbe
1453 5238 1681 5301 morari,
1722 5238 1829 5293 nisi

232 5332 524 5403 (omittam
563 5330 690 5398 alia)
725 5338 785 5383 ut
830 5329 1172 5398 patriarchas
1204 5328 1344 5383 alios
1380 5338 1661 5393 moveant,
1696 5330 1835 5385 alios

222 5420 493 5487 eligant;
528 5433 597 5472 ne
630 5417 676 5471 si
708 5418 853 5472 idetn
891 5416 987 5472 diu
1022 5417 1095 5472 sit
1123 5418 1464 5487 patriarcha.
1506 5434 1595 5474 res
1640 5436 1836 5475 onmes

222 5507 637 5566 ecclesiastica:
668 5508 989 5574 compositae
1020 5509 1176 5561 sint:
1213 5509 1359 5576 quod
1394 5508 1719 5579 praclarum
1753 5510 1835 5564 fa-

223 5603 408 5659 cinus
433 5616 502 5655 ex
552 5614 620 5654 eo
657 5609 907 5670 tempore
939 5600 1123 5656 facere
1158 5601 1246 5655 isti
1298 5588 1734 5665 consueverunt,
1770 5618 1839 5657 ex

221 5709 355 5768 quo
393 5692 879 5764 Constantinopoli
920 5694 1080 5764 potiti
1140 5707 1353 5748 sumus.
1403 5691 1558 5761 Quod
1608 5694 1833 5764 quidem

1938 4692 2061 4731 men
2116 4676 2457 4732 desiderant.
2513 4677 2885 4745 Quamobrem
2940 4683 3036 4739 tibi
3084 4684 3192 4741 hoc
3239 4687 3519 4757 exetnplar

1939 4770 2339 4840 insculpituus,
2409 4784 2469 4826 ttt
2530 4775 2985 4847 quanddquidem
3044 4778 3345 4835 Ecclesium
3418 4782 3517 4837 tibi

1938 4868 2312 4922 commendari
2347 4868 2590 4932 voluisti,
2619 4887 2838 4940 gregem
2866 4872 3072 4928 Christi
3100 4877 3165 4929 ad
3197 4892 3399 4944 pascua
3435 4881 3519 4930 vi-

1940 4960 2081 5015 ridia
2109 4969 2166 5015 et
2195 4960 2441 5016 salubria
2473 4964 2620 5017 omni
2656 4965 2844 5019 studio
2873 4981 3001 5037 agas
3036 4977 3092 5021 et
3124 4967 3519 5031 ducas,dt:fen-

1937 5054 2146 5123 dasque
2172 5068 2299 5108 eum
2333 5069 2363 5108 a
2395 5054 2588 5111 bestiis
2619 5072 2730 5111 non
2767 5058 3209 5129 quibuscuuque,
3238 5060 3331 5114 sed
3387 5066 3523 5116 Ara-

1939 5144 2099 5206 bicis,
2168 5152 2283 5199 tum
2352 5148 2735 5216 corporalibus
2815 5166 2939 5221 qua:
3021 5163 3345 5216 cernuntur,
3404 5163 3519 5209 tum

1940 5237 2325 5306 spiritualibus
2366 5255 2489 5308 qua:
2535 5257 2643 5294 non
2702 5252 3029 5298 cernuntur.
3092 5245 3160 5299 Et
3214 5248 3299 5316 (ut
3357 5247 3523 5303 debet

1940 5344 2105 5384 verus
2128 5328 2443 5402 episcopus)
2469 5333 2718 5403 resideas
2747 5348 2936 5393 sancte
2969 5338 3037 5392 ad
3071 5351 3314 5395 sanetam
3344 5357 3519 5403 aram,

1940 5421 2009 5477 de
2067 5437 2173 5489 qua
2228 5421 2327 5475 tibi
2383 5426 2828 5494 participaudum
2882 5439 2990 5493 est,
3040 5432 3202 5486 sicuti
3256 5433 3523 5488 Dominus

1944 5513 2325 5582 pronuntiavit
2365 5517 2587 5587 dignum
2622 5536 2734 5573 esse
2764 5525 3065 5589 operarium
3119 5524 3358 5577 mercede
3399 5541 3520 5578 sua.

1942 5602 2310 5668 Quamobrem
2344 5622 2453 5660 non
2489 5620 2575 5664 est
2614 5612 3071 5680 existimandum,
3105 5615 3272 5669 licere
3304 5614 3399 5668 tibi
3427 5615 3523 5669 diu

1944 5696 2141 5767 quavis
2171 5697 2239 5752 de
2274 5713 2440 5754 causa
2472 5702 2689 5771 abesse,
2710 5705 2839 5774 quia
2871 5705 3054 5775 potius
3089 5705 3402 5763 faciendum
3425 5705 3526 5762 tibi

318 5880 341 5912 ⁸
391 5878 633 5947 Nattam,
691 5893 729 5944 t,
787 5875 873 5932 15.
955 5876 976 5908 ⁸
1030 5874 1236 5931 Ezech.
1279 5891 1464 5944 xxxiv,
1502 5874 1555 5930 8.
1635 5874 1821 5935 τιμία.
1876 5882 1963 5939 l8.
2031 5882 2052 5914 ⁸
2118 5881 2322 5959 Jeretu.
2377 5899 2451 5950 vi,
2518 5885 2606 5941 19.
2685 5887 2705 5919 ’
2768 5885 2870 5943 lsa.
2914 5904 2999 5949 LV,
3045 5890 3094 5945 l.
