3894 6366
416 412 523 478 ἔιὶθ

1502 394 1920 460 ATIIANASH
1959 396 2069 458 ΕΡ.
2114 394 2631 455 PATRIARCILE

3584 397 3675 460 530

416 536 524 589 est,
563 532 621 578 ut
658 519 919 577 celeriter
953 518 1037 574 ire
1081 514 1262 588 possis
1289 511 1357 569 ad
1392 525 1513 568 eam
1544 509 1852 567 Ecclesiam
1883 521 2007 577 quae
2034 512 2079 574 Α
2112 506 2213 571 bit,
2265 524 2480 564 summa
2536 507 2762 565 licentia
2846 507 3212 579 irrepserunt.
3268 509 3399 579 Quae
3458 509 3502 564 si
3560 512 3675 566 talia

418 616 517 670 tibi
551 614 738 669 addita
769 619 939 668 estet
976 606 1389 671 commendata,
1421 613 1482 659 ut
1511 603 1563 658 ei
1606 602 1828 673 praesis;
1893 600 1999 654 hoc

417 721 602 765 autem
643 705 839 769 facies,
868 704 915 760 si
945 702 1103 774 prius
1139 699 1361 755 restitui
1411 695 1610 751 feceris
1653 706 1999 764 quiscunque

418 801 535 856 sive
586 809 641 854 te
682 797 908 855 conscio
946 795 1065 850 sive
1116 807 1227 847 non
1284 789 1510 846 conscio
1561 787 1824 855 subrepta
1881 800 2001 853 esse

418 890 772 955 constiterit;
822 898 883 943 ut
914 885 1149 955 benigne
1186 880 1331 938 Deus
1364 897 1463 936 sua
1516 880 1717 964 cuique
1749 886 1998 935 nostrum

421 984 668 1039 tribuere
701 982 857 1046 velit,
894 978 1045 1049 quod
1076 977 1186 1032 erit
1218 990 1322 1031 suo
1362 986 1613 1043 tempore
1653 970 2003 1043 .jucuudissi-

423 1093 594 1132 mum.
628 1077 761 1141 Quae
792 1071 1013 1143 quidem
1062 1068 1277 1124 sublata
1327 1075 1457 1121 sunt
1499 1065 1569 1120 ab
1620 1065 1689 1121 iis
1729 1065 1825 1134 qui
1864 1064 2006 1119 hanc

421 1169 600 1223 labem
633 1164 909 1236 episcopis
938 1174 1231 1231 aspergere
1263 1159 1477 1221 volunt.
1507 1167 1567 1213 ut
1595 1156 1725 1211 dum
1754 1156 1856 1225 ipsi
1881 1156 2005 1222 aliis

422 1260 760 1315 insidiantur
790 1266 848 1312 et
895 1255 1127 1326 injurias
1164 1253 1449 1322 ingerunt,
1494 1250 1655 1320 culpa
1686 1251 1741 1304 in
1780 1265 1878 1304 eos
1909 1249 2004 1319 qui

422 1354 551 1409 mali
578 1361 827 1422 pastores
860 1358 1011 1413 sunt,
1045 1348 1434 1412 transferatur,
1471 1344 1676 1414 alioqui
1743 1345 2006 1414 quemad-

423 1445 649 1500 modum
712 1443 791 1497 ire
849 1441 1044 1496 licebit
1084 1439 1138 1494 in
1190 1448 1475 1508 aspectum
1523 1451 1718 1491 eorum
1767 1451 2004 1504 quorum

425 1536 625 1591 damna
667 1543 724 1589 et
755 1533 989 1604 injurias
1031 1530 1334 1585 inhumane
1362 1529 1799 1598 contempseris:
1842 1542 1871 1580 a
1896 1542 2008 1595 quo

322 1678 326 1683 .
424 1636 609 1683 tamen
671 1627 820 1682 omni
870 1640 928 1681 se
963 1626 1164 1692 injuria
1197 1623 1512 1679 liberandos
1542 1637 1664 1679 esse
1687 1621 2006 1690 sperabant,

424 1728 521 1775 aut
550 1717 1024 1790 quemadmodum
1083 1732 1347 1787 cogemus
1378 1732 1472 1771 eos
1524 1725 1584 1770 ut
1631 1714 2009 1783 magistratum

429 1814 634 1876 ferant,
662 1812 769 1866 nisi
803 1810 951 1879 quod
986 1811 1282 1869 Zacchaeus
1320 1809 1572 1871 faciebat,
1610 1807 1716 1861 hoc
1738 1806 1878 1864 idem
1912 1821 2012 1860 nos

424 1902 760 1959 fecerimus?
786 1901 884 1957 Ille
920 1902 1069 1957 enim
1100 1902 1147 1957 si
1182 1900 1316 1969 quid
1343 1900 1585 1970 aliquem
1621 1896 2008 1960 defraudabat,
2044 1879 2087 1935 Β

428 1995 697 2051 reddebat
745 1993 1143 2066 quadruplum.
1190 1995 1261 2053 Et
1310 1993 1577 2050 Dominus
1639 1991 1758 2062 pios
1819 2005 2012 2047 omnes

423 2090 589 2161 jubet
614 2089 683 2142 ab
711 2088 944 2144 avaritia
977 2088 1258 2149 abstinere
1289 2105 1302 2142 :
1335 2092 1484 2157 quod
1514 2085 1739 2156 quidem
1775 2085 1868 2154 qui
1900 2099 2012 2140 non

426 2180 622 2238 fecerit
654 2187 711 2236 et
742 2179 1030 2245 docuerit,
1065 2178 1532 2250 quemadmodum
1578 2194 1688 2237 non
1737 2178 1842 2233 erit
1882 2192 2016 2232 ana-

332 2334 343 2337 _
431 2274 620 2328 thema
651 2272 894 2344 populo?
940 2272 1038 2327 Est
1080 2274 1230 2333 enim
1279 2273 1442 2343 pejus
1488 2288 1603 2329 non
1656 2272 1840 2327 facere
1886 2272 2012 2336 hoc,

433 2380 600 2437 quam
627 2365 774 2437 quod
800 2364 1104 2435 Gregorius
1130 2365 1222 2425 ille
1253 2380 1418 2434 quem
1449 2365 1582 2430 dixi,
1619 2363 1772 2419 fecit.
1799 2364 2016 2429 Quanto

434 2458 663 2515 facilius
703 2468 759 2513 et
806 2457 987 2514 levius
1019 2459 1073 2513 id
1109 2458 1243 2515 mali
1278 2468 1437 2528 potes
1462 2458 1785 2527 corrigere?
1813 2458 2018 2528 alioqui

322 2589 351 2615 ι
439 2561 786 2622 utrumque,
835 2551 947 2608 imo
1010 2551 1332 2623 quicunque
1382 2567 1491 2606 non
1544 2551 1931 2616 emendantur,
1988 2568 2019 2608 a

441 2642 666 2701 Christo
701 2644 949 2715 p.incipe
985 2654 1270 2714 pastorum
1311 2644 1633 2714 punientur.
1674 2645 1815 2714 Ergo
1866 2654 2019 2713 post-

444 2753 610 2808 quam
652 2737 756 2791 hoc
790 2737 1119 2807 perfeceris,
1147 2738 1272 2793 veni
1313 2738 1383 2799 ad
1433 2753 1556 2800 nos,
1591 2749 1652 2792 ut
1695 2737 1898 2793 litteris
1933 2753 2024 2793 ac-

440 2828 617 2898 ceptis
664 2844 695 2884 a
754 2828 915 2887 nobis
967 2828 1306 2895 absolvaris,
1369 2838 1427 2891 et
1497 2828 1855 2887 confirmatus
1931 2842 2025 2881 eas

442 2920 587 2975 bona
620 2921 973 2977 conscientia
1003 2920 1069 2975 ad
1105 2935 1309 2975 munus
1331 2921 1607 2991 pastorale
1636 2920 2027 2975 administran-

442 3011 599 3067 dum.
632 3012 886 3077 Quandiu
921 3013 1066 3067 enim
1108 3027 1219 3071 non
1249 3011 1536 3066 vereberis
1579 3011 1692 3065 haec
1741 3025 1861 3079 quae
1891 3009 2028 3065 facis

442 3103 648 3168 facere,
686 3121 789 3160 nos
822 3105 1073 3176 quidem,
1109 3112 1161 3159 te
1187 3120 1215 3157 a
1250 3104 1489 3160 dioecese
1529 3112 1619 3157 tua
1651 3105 1905 3168 absente,
1944 3103 2023 3157 rei

2109 608 2331 670 tamque
2378 602 2565 671 gravia
2612 602 2769 657 vobis
2815 602 3101 667 videntur,
3146 617 3268 673 age,
3324 603 3535 673 optime
3580 605 3674 667 vir,

2105 701 2401 749 contentus
2442 704 2564 752 esto
2603 704 2693 749 tua
2732 695 2963 753 dioecesi
3003 713 3018 762 ;
3069 710 3332 765 permane
3374 697 3430 750 in
3473 712 3568 763 ea;
3598 696 3678 751 fac

2105 787 2183 843 sis
2212 804 2335 843 cum
2373 787 2578 845 'ovibus
2608 789 2718 845 tuis
2751 804 2927 859 usque
2958 788 3029 844 ad
3058 791 3379 860 sanguinem
3416 788 3527 845 illis
3567 788 3675 844 alii-

2105 893 2246 943 xus;
2273 895 2411 949 quas
2441 880 2666 951 quidem
2696 896 2848 937 nunc
2884 881 2940 937 in
2968 881 3247 953 myrtetis,
3276 883 3425 937 inter
3458 883 3592 937 fletis
3624 891 3677 937 et

2108 986 2283 1032 rosas,
2323 982 2486 1042 atque
2519 973 2574 1026 in
2607 974 2893 1029 montibus
2910 974 3094 1029 divina
3127 974 3478 1044 providentia
3495 988 3676 1031 custo-

2107 1064 2211 1118 dit.
2249 1064 2437 1134 Neque
2473 1066 2646 1131 enim,
2695 1067 2838 1136 quod
2868 1066 3241 1123 certissimum
3290 1079 3394 1131 est.
3439 1069 3585 1140 virga
3624 1080 3678 1125 et

2108 1154 2306 1211 baculo
2350 1165 2444 1209 tuo
2496 1157 2758 1226 pastorali
2794 1156 2876 1216 fit.
2935 1159 3078 1212 utin
3117 1159 3337 1231 pascuis
3380 1159 3678 1215 virentibus

2107 1248 2261 1318 pacis
2309 1261 2366 1304 et
2416 1247 2687 1305 bonorum
2743 1250 2989 1306 crelestis
3041 1250 3348 1307 Jerusalem
3417 1267 3495 1307 ea:
3553 1254 3677 1308 sint.

2109 1339 2230 1395 Scis
2260 1342 2430 1405 enim,
2460 1341 2553 1411 qui
2601 1342 2834 1411 amplius
2887 1358 2985 1397 sex
3034 1342 3317 1397 mensibus
3362 1358 3395 1398 a
3446 1344 3679 1398 diuae-ese

2100 1430 2413 1496 abfuerint,
2463 1430 2569 1486 nisi
2609 1447 2707 1486 eos
2735 1432 2921 1502 gravis
2961 1432 3189 1487 morbus
3219 1441 3424 1511 teneat,
3458 1434 3680 1487 canoni-

2112 1522 2217 1582 bus
2261 1534 2320 1579 et
2387 1524 2604 1595 legibus
2653 1523 2931 1579 ﬁrmatum
2962 1538 3104 1589 esse.
3140 1532 3201 1579 ut
3236 1523 3603 1580 sacerdotium
3633 1532 3683 1576 et

2110 1633 2332 1688 gregem
2389 1617 2729 1672 amitterent.
2762 1614 2991 1677 1Verum,
3036 1629 3241 1670 novum
3289 1613 3580 1671 consilium
3629 1616 3686 1667 et

2119 1710 2452 1767 sceleratum
2481 1710 2575 1765 hic
2605 1725 2634 1763 a
2670 1716 2878 1764 nostrae
2912 1709 3091 1763 aetatis
3120 1706 3442 1761 hominibus
3471 1706 3687 1775 excogi-

2117 1811 2289 1858 tatum
2321 1809 2408 1857 est
2437 1819 2451 1855 :
2478 1800 2714 1865 scilicet,
2741 1800 2959 1856 mittitis
2987 1800 3231 1870 aliquem
3262 1799 3359 1869 qui
3390 1799 3531 1853 sciat
3551 1797 3685 1851 mul-

2114 1910 2245 1965 gere
2284 1909 2551 1965 gregem;
2602 1895 2708 1965 ipsi
2745 1908 2876 1950 vero
2920 1895 2975 1949 in
3024 1893 3159 1948 urbe
3202 1892 3684 1963 ConstantinOpoli

2114 1993 2451 2058 exspectatis
2466 1997 2694 2061 propter
2715 1987 3077 2058 praefecturas
3097 1987 3308 2053 civiles,
3327 1985 3687 2056 subscriptio-

2116 2095 2238 2145 nes,
2269 2081 2683 2152 intempestivas
2702 2081 3083 2137 ordinationes
3105 2123 3120 2147 ,
3149 2080 3289 2135 adde
3320 2082 3486 2135 etiam
3512 2079 3688 2137 bullas

2116 2184 2174 2230 et
2202 2175 2428 2230 decreta
2457 2193 2471 2230 :
2501 2184 2558 2231 et
2591 2183 2847 2245 tanquam
2880 2176 3106 2246 impune
3130 2174 3202 2229 sit
3228 2174 3388 2230 vobis
3418 2174 3685 2238 futurum,

2118 2267 2194 2323 ita
2228 2267 2421 2338 procul
2477 2284 2506 2322 a
2540 2267 2766 2323 dioecesi
2800 2266 2960 2322 vobis
3007 2268 3300 2323 commissa
3331 2265 3613 2330 receditis,
3641 2272 3697 2318 et

2118 2363 2225 2443 alia
2258 2363 2597 2435 bujusmodi,
2633 2374 2695 2418 ut
2716 2363 2919 2435 cuique
2956 2363 3114 2429 libet,
3134 2358 3503 2419 committitis.
3526 2359 3697 2430 Opor-

2121 2455 2275 2511 tebat
2308 2456 2515 2524 potius,
2564 2455 2782 2512 cunctis
2832 2455 3108 2526 episcopis
3156 2454 3401 2525 undique
3432 2455 3486 2509 in
3525 2468 3695 2507 unum

2120 2548 2488 2619 congregatis,
2531 2562 2689 2603 suam
2731 2548 2933 2617 cuique
2960 2548 3256 2605 dioecesem
3308 2546 3555 2602 funiculo
3587 2545 3699 2600 dis-

2121 2642 2443 2697 tributionis
2511 2643 2940 2704 circumscribi.
2993 2649 3161 2713 atque
3220 2641 3294 2697 ita
3372 2641 3701 2711 patriarchae

2124 2746 2336 2807 partem
2368 2750 2523 2790 suam
2555 2752 2585 2789 a
2622 2734 2782 2790 vobis
2815 2735 3110 2804 assignari,
3162 2742 3258 2788 aut
3302 2748 3401 2788 vos
3456 2749 3485 2788 a
3524 2735 3701 2803 patri-

2122 2828 2295 2881 archa
2330 2828 2561 2897 privari.
2608 2826 2672 2882 Et
2720 2826 2853 2896 quid
2894 2826 3139 2896 prodest,
3173 2826 3454 2881 laborasse
3503 2840 3603 2881 vos
3649 2824 3735 2891 in_

2124 2920 2418 2991 deligendo
2472 2936 2535 2975 ac
2581 2920 2976 2975 constituendo
3024 2919 3359 2989 patriarcha,
3395 2935 3459 2975 ac
3507 2929 3704 2990 postea

2126 3015 2393 3070 insultare
2424 3024 2480 3070 et
2514 3012 2697 3068 efferri
2725 3014 2778 3067 in
2804 3028 2955 3078 eum,
2987 3021 3042 3070 et
3064 3014 3179 3069 vita
3206 3013 3321 3084 ipsa
3355 3022 3519 3086 atque
3544 3014 3706 3072 factis

2126 3107 2399 3162 irridere?
2428 3107 2597 3173 nulla,
2624 3121 2694 3161 ne
2721 3106 2787 3160 ad
2822 3106 2989 3162 breve
3021 3106 3242 3177 quidem
3264 3115 3509 3177 tempus,
3536 3122 3710 3161 cano~

441 3212 557 3252 non
612 3200 821 3253 erimus
879 3207 985 3253 tuae
1037 3197 1343 3253 vacationis
1395 3210 1700 3266 eorumque
1748 3196 2093 3293 tnaloruntc
2129 3216 2259 3254 num
2314 3209 2368 3254 et
2426 3200 2607 3270 legum
2658 3202 2874 3255 ratione
2922 3199 3153 3256 habita:
3185 3215 3349 3270 quem
3406 3201 3451 3255 si
3502 3200 3709 3255 vestris

442 3301 566 3356 qua:
596 3302 661 3341 ex
694 3288 947 3343 absentia
1000 3296 1058 3343 et
1105 3291 1394 3342 vacatione
1429 3288 1581 3341 nasci
1634 3301 1862 3341 necesse
1901 3297 2019 3353 est;

444 3394 625 3444 neque
691 3396 887 3435 eorum
955 3381 1229 3439 bonorum
1297 3381 1740 3451 intereeptores,
1802 3395 1925 3446 quae
1975 3378 2021 3434 si

442 3472 686 3534 adesses.
718 3488 883 3543 opere
913 3481 968 3529 et
997 3488 1256 3529 sermone
1279 3473 1460 3530 facere
1492 3481 1715 3543 poteras
1748 3480 1805 3527 et
1857 3471 2023 3529 debe-

444 3562 565 3618 bas.
592 3563 876 3619 Concedat
902 3564 1021 3623 tibi“
1040 3562 1371 3635 cunctisque
1398 3561 1660 3617 fidelibus
1686 3561 1852 3629 Deus,
1876 3559 2024 3630 quod

443 3654 796 3710 commodum
823 3663 930 3712 est.

998 3789 1343 3848 EPlSTOLA
1382 3792 1472 3849 IV.

604 3929 931 3984 Athanasius
962 3930 1273 4002 patriarcha
1323 3930 1563 4002 epismpo
1585 3930 1858 4002 Apamea.

515 4046 831 4116 Tertiojam
880 4046 947 4101 ad
983 4054 1035 4101 te
1072 4046 1280 4111 scribo,
1310 4045 1386 4101 mi
1421 4044 1595 4101 frater
1637 4055 1694 4101 et
1738 4047 2029 4103 commini-

446 4143 583 4203 ster,
610 4137 1060 4206 quandoquidem
1105 4137 1252 4191 binis
1302 4136 1442 4192 meis
1488 4137 1684 4192 litteris
1728 4139 2029 4209 superiori-

447 4227 576 4293 bus,
608 4242 745 4297 quas
766 4232 830 4282 ad
866 4237 920 4282 te
946 4228 1223 4295 misi,non
1251 4228 1399 4281 stetit
1432 4228 1646 4285 verbum
1678 4228 1819 4283 velut
1858 4230 2027 4285 inore

445 4320 674 4375 duorum
711 4320 944 4383 testium,
980 4320 1127 4375 sicut
1153 4319 1230 4377 ait
1263 4318 1549 4389 Scriptura
1581 4328 1789 4376 sancta.
1828 4321 2029 4378 Horta.

449 4426 575 4466 mur
597 4427 729 4482 ergo
764 4420 838 4476 te,
867 4412 995 4482 quia
1019 4412 1124 4467 hoc
1147 4412 1239 4483 jus
1268 4413 1508 4482 postulat
1537 4422 1597 4467 ut
1619 4429 1741 4483 qua:
1766 4415 2027 4486 subrepta

449 4510 604 4562 sunt,
637 4502 707 4557 iis
752 4502 959 4572 quibus
1008 4503 1273 4572 subrepta
1308 4515 1432 4561 esse
1473 4513 1694 4558 constat
1729 4506 2031 4560 restituan-

2128 3289 2369 3347 fortasse
2414 3290 2744 3346 libidinibus
2800 3291 3070 3347 resistere
3118 3291 3387 3356 videatis.
3439 3292 3710 3346 continuo

2131 3384 2363 3438 crimina
2396 3384 2625 3451 fingitis,
2652 3393 2709 3440 et
2735 3399 2860 3439 eum
2901 3399 3026 3439 cum
3073 3384 3295 3439 infamia
3327 3394 3494 3457 atque
3539 3384 3716 3441 dede-

2131 3490 2262 3530 core
2291 3476 2496 3547 ejicere
2530 3477 2885 3533 contenditis.
2918 3476 2997 3531 Ad
3030 3476 3163 3547 quid
3188 3494 3328 3533 vero
3353 3493 3581 3535 necesse
3603 3488 3714 3546 est,

2129 3568 2199 3627 ad
2232 3584 2384 3624 suam
2415 3585 2692 3640 quemque
2745 3569 3043 3627 dimeesem
3093 3571 3175 3627 ire
3223 3571 3524 3643 (propriam
3561 3571 3715 3633 dico.

2130 3674 2227 3719 aut
2249 3664 2353 3723 sibi
2379 3665 2844 3737 commendatam)
2870 3665 2975 3739 nisi
2997 3678 3056 3723 ut
3086 3665 3246 3735 lupos
3278 3665 3407 3721 inde
3433 3668 3675 3722 arceatis
3694 3667 3721 3720 ἲ

2128 3755 2288 3824 Quod
2310 3758 2361 3812 si
2393 3757 2628 3814 fortasse
2662 3758 2769 3813 huc
2800 3772 2897 3812 vos
2928 3756 3126 3813 incitat
3156 3766 3214 3812 et
3243 3758 3411 3812 trahit
3446 3768 3560 3813 tum
3592 3770 3719 3814 stu-

2134 3854 2288 3911 dium
2337 3864 2505 3926 atque
2555 3854 2898 3909 desiderium
2928 3852 3255 3909 consulendi
3290 3854 3592 3907 multorum
3626 3868 3719 3908 sa.
3782 3859 3792 3870 ‘

2133 3947 2264 4013 luti,
2318 3947 2484 4019 idque
2532 3948 2691 4003 vobis
2746 3948 3093 4019 propositum
3148 3957 3269 4013 est;
3328 3956 3444 4002 tum
3479 3947 3721 4019 scientia

2136 4048 2246 4093 tam
2279 4039 2449 4094 multa
2480 4048 2538 4093 ut
2568 4038 2701 4094 hinc
2737 4040 2984 4110 possitis,
3016 4039 3185 4093 etiam
3234 4054 3355 4109 qua:
3386 4049 3539 4094 extra
3573 4037 3723 4096 ﬁnes

2136 4121 2445 4187 vestrarum
2467 4132 2777 4187 dimeeseon
2827 4132 3005 4202 posita
3040 4139 3193 4199 sunt,
3243 4131 3602 4202 gubernare:
3649 4131 3723 4186 ad

2135 4222 2598 4294 exstinguendam
2651 4223 2799 4278 sitim
2832 4224 2976 4278 hanc
3010 4225 3291 4294 hujusque
3339 4223 3510 4280 studii
3556 4225 3732 4280 ardo-

2136 4331 2277 4382 rem,
2320 4320 2509 4371 veniat
2544 4316 2601 4370 in
2643 4324 2883 4370 mentem
2919 4316 3067 4371 illius
3099 4317 3191 4370 cui
3231 4316 3465 4385 plurima
3500 4326 3737 4372 sancta-

2136 4419 2259 4461 rum
2293 4405 2607 4459 litterarum
2639 4405 2867 4461 scientia
2899 4406 3162 4478 Theologl
3182 4417 3610 4477 cognomentum
3629 4409 3741 4464 de-

2140 4498 2241 4560 dit,
2278 4498 2542 4568 illiusque
2577 4514 2764 4591 parva:
2791 4497 3136 4555 Sozimorum
3180 4501 3521 4564 dimceseos;
3561 4501 3641 4557 ita
3672 4513 3738 4559 ut

450 4604 581 4649 tur:
622 4605 684 4652 ut
709 4610 835 4649 cum
881 4596 1133 4656 restituta
1168 4594 1395 4660 fuerint,
1448 4595 1565 4666 ipse
1594 4596 1894 4652 Ecclesiam
1933 4598 2030 4652 tibi
2063 4599 2112 4660 ι)
2143 4590 2227 4644 vel
2257 4601 2484 4660 propter
2515 4590 2883 4646 reverentiam
2930 4593 3076 4647 illius
3107 4595 3435 4648 excellentis
3473 4595 3603 4662 viri,
3641 4596 3740 4651 vel

448 4688 890 4743 commendatam
941 4687 1096 4742 adire
1150 4690 1347 4756 possis,
1388 4704 1630 4758 eumque
1681 4690 1959 4745 honorare
2006 4704 2036 4744 a

447 4797 559 4851 quo
588 4790 787 4835 cuncta
815 4790 945 4835 sunt
983 4781 1057 4835 ita
1090 4782 1253 4860 justis
1287 4793 1343 4835 et
1370 4780 1621 4836 mirtlicis
1644 4783 1822 4837 modis
1851 4782 2039 4851 dispo-

451 4874 558 4929 sita
593 4883 759 4944 atque
787 4873 1089 4929 distributa
1118 4882 1180 4928 ut
1219 4874 1306 4929 vel
1341 4889 1505 4945 grues
1545 4889 1647 4929 suo
1674 4882 1924 4943 tempore
1944 4889 2037 4929 ca-

451 4973 608 5029 nant,
646 4981 829 5035 neque
861 4966 974 5021 sint
1010 4965 1164 5021 omni
1210 4975 1463 5034 tempore
1513 4979 1694 5033 neque
1724 4964 1875 5020 omni
1909 4966 2035 5020 loco

451 5058 683 5129 graculi.
715 5058 830 5128 Ego
858 5073 991 5133 vero
1018 5058 1111 5114 cui
1157 5073 1291 5129 grex
1329 5056 1539 5115 Christi
1571 5056 1903 5114 commissus
1928 5066 2051 5122 est,‘

2143 4682 2383 4755 propter‘
2423 4686 2799 4755 aequalitatem
2859 4687 3089 4742 honoris
3140 4704 3251 4757 quo
3306 4691 3557 4743 contenti
3602 4707 3743 4746 esse

2143 4776 2383 4844 debetis,
2433 4780 2667 4847 quisque
2703 4787 2949 4832 vestrum
2996 4778 3137 4832 intra
3168 4794 3301 4833 suos
3335 4794 3392 4834 se
3425 4780 3562 4834 fines
3596 4796 3747 4834 eon-

2145 4869 2338 4925 tiueat.
2375 4868 2747 4937 Quamobrem
2799 4871 3079 4933 existima,
3107 4862 3306 4935 frater,
3358 4870 3550 4925 deberi
3596 4888 3628 4925 a
3684 4883 3747 4924 te

2146 4959 2252 5016 hoc
2278 4976 2452 5031 usque
2492 4960 2561 5015 ad
2603 4961 2956 5031 sanguinem,
2994 4969 3054 5016 ut
3089 4977 3215 5015 cum
3263 4963 3461 5017 ovibus
3494 4963 3602 5018 tuis
3657 4965 3750 5019 sis

2144 5060 2200 5105 et
2232 5052 2404 5107 vivas.
2439 5051 2552 5106 Hoc
2576 5049 2722 5105 idem
2757 5054 2972 5107 caeteris
2997 5052 3277 5122 episc0pis
3305 5053 3549 5107 studium
3581 5063 3749 5120 esto,

453 5151 497 5205 si
545 5150 871 5219 dignitatem
927 5151 1175 5206 muneris
1212 5150 1385 5217 norit,
1439 5149 1692 5219 iniquum
1734 5164 1857 5204 esse
1887 5149 2085 5207 arbiu
2145 5144 2281 5216 ipsis
2333 5144 2559 5215 quidem
2588 5153 2874 5200 eteorum
2926 5145 3190 5216 gregibus
3239 5147 3498 5202 salutare.
3535 5147 3754 5217 Neque

456 5253 594 5307 tror,
638 5258 748 5298 non
797 5259 973 5314 usque
1002 5243 1427 5315 ad'sanguinem
1460 5242 1682 5297 assidue
1715 5242 1768 5295 ei
1809 5241 2036 5297 studere

454 5344 514 5389 et
544 5335 890 5391 incumbere.
916 5333 1031 5391 Nisi
1070 5336 1218 5391 forte
1250 5336 1517 5405 ignoratis
1549 5335 1721 5390 Deum
1756 5350 1900 5399 esse,
1939 5334 2035 5405 qui

455 5428 659 5483 dixerit
685 5445 700 5483 :
730 5426 912 5494 Petre,
945 5443 1097 5481 amas
1127 5427 1248 5480 me?
1274 5442 1433 5496 pasce
1468 5441 1583 5479 oves
1603 5441 1770 5485 meas.
1796 5423 1925 5491 Sed,
1950 5424 2039 5480 hei

457 5521 627 5576 mihi!
663 5536 775 5577 non
809 5522 920 5593 jam
965 5528 1214 5591 pastores
1247 5534 1381 5574 oves
1406 5529 1663 5589 pascunt,
1703 5519 1799 5574 sed
1842 5517 2043 5573 ovibus

456 5626 720 5684 tauquam
749 5629 889 5683 pane
923 5624 1245 5683 pascuntur.
1291 5612 1409 5669 Jam
1444 5612 1736 5669 horribilia
1767 5611 1860 5665 illa
1895 5611 2041 5667 mala

460 5708 729 5761 rnalorum
758 5715 1065 5775 pastorum,
1096 5721 1217 5777 qua:
1251 5704 1518 5776 propheta
1551 5702 1801 5785 Ezechiel
1834 5703 2043 5760 descri-

536 5895 578 5927 "
608 5892 768 5948 Joan.
835 5910 891 5959 x,
950 5894 1038 5949 l2.

2144 5236 2316 5299 enim,
2367 5236 2474 5291 hoc
2522 5235 2826 5306 praesertim
2865 5248 3139 5316 tempore,
3175 5237 3448 5307 supplicia
3497 5237 3753 5309 effugiet

2145 5339 2334 5400 pastor
2364 5329 2461 5398 qui
2506 5344 2633 5384 cum
2680 5344 2844 5400 grege
2883 5346 2993 5385 non
3016 5330 3272 5391 laborat;
3312 5332 3366 5385 in
3396 5347 3560 5402 quem
3600 5348 3756 5403 pro-o

2145 5423 2291 5477 feeto
2335 5422 2631 5476 conveniat
2673 5421 2821 5491 quod
2856 5423 3126 5480 Dominus
3172 5422 3296 5479 ait:
3335 5424 3484 5478 Videt
3539 5423 3756 5495 lupum

2141 5517 2458 5580 venientem,
2494 5523 2544 5568 et
2577 5514 2833 5587 relinquit
2866 5533 3006 5584 oves,
3037 5528 3086 5572 et
3117 5519 3280 5589 fugit,
3313 5528 3360 5571 et
3388 5517 3543 5591 lupus
3586 5522 3757 5592 rapit

2143 5626 2234 5665 eas
2262 5609 2328 5677 ⁸⁸,
2378 5625 2502 5679 qua:
2530 5608 2627 5679 qui
2661 5626 2771 5664 non
2802 5612 2978 5678 audit,
3015 5613 3305 5668 sententia:
3331 5612 3498 5683 hujus
3530 5624 3756 5668 aucto-

2143 5718 2259 5759 rem
2295 5701 2627 5759 contemnit.
2660 5700 2879 5759 Etenim
2910 5704 3017 5761 aisi
3046 5704 3154 5760 hoc
3184 5703 3296 5772 fiat,
3332 5717 3605 5774 quorsum
3634 5706 3757 5760 iste
