3894 6366
225 383 321 447 ξΞί

1644 361 1760 428 Ειη
1773 361 1908 428 5Το
1918 363 2052 426 ῐικΕ.

3363 351 3469 418 522

228 508 408 550 vester
455 503 791 556 coii'reutus;
846 486 977 560 quid
1028 484 1301 542 commodi
1356 483 1566 540 aﬂ'ert?
1605 493 1700 538 aut
1750 483 1795 536 si
1828 516 1871 572 Δ
1901 488 2135 530 numero
2188 473 2548 543 repetiatntlr,
2581 487 2720 541 quos
2754 471 2898 526 Des
2940 471 3160 526 occulto
3189 468 3472 539 suojudi-

227 590 352 659 quid
389 589 518 642 boni
551 589 638 640 hic
670 584 859 654 agitis.
891 581 1084 638 dicite.
1121 579 1235 649 Ego
1263 579 1435 641 enim,
1465 578 1570 632 nisi
1613 587 1798 632 sacer-

227 686 376 737 dotio
407 683 586 736 labem
637 684 955 747 aspergeret
1003 674 1206 736 oratio,
1241 674 1412 727 inuita
1447 672 1802 724 demonstra-

230 791 342 830 Ieui
378 773 637 828 indecora
671 778 728 824 et
757 768 825 820 ab
858 765 1116 820 Ecclesiae
1167 762 1568 816 constitutione
1598 760 1800 819 aliena,

227 882 350 934 qua)
391 880 454 918 es
509 863 615 916 isto
646 871 832 916 vestro
867 857 920 912 in
953 855 1322 910 banc‘urbein
1369 859 1644 908 conventu
1678 865 1802 918 pro-

229 957 580 1012 ficiscuntur.

795 1038 1140 1096 EPISTOLA
1184 1039 1245 1093 ν.

299 1139 624 1197 Athanasius
684 1133 992 1207 patriarcha
1064 1126 1728 1207 Constantinopolimuus,

371 1210 626 1282 episcopis
657 1197 726 1260 αἰί
753 1207 995 1258 dimceses
1035 1219 1160 1255 suas
1194 1197 1660 1272 proﬁciscentibus.

302 1327 358 1381 Si
394 1324 524 1396 quid
569 1334 655 1376 est
701 1319 849 1375 aliud
889 1318 1284 1375 necessarium,
1321 1314 1488 1382 idque
1523 1311 1804 1373 omnibus,

230 1420 468 1476 maxime
497 1427 605 1479 est,
640 1415 839 1468 fratres
869 1421 926 1464 et
959 1419 1338 1478 compastores
1373 1406 1504 1469 mei,
1555 1419 1808 1456 necessa-

232 1513 374 1565 rium
413 1508 716 1576 pr’msertim
756 1503 1033 1571 magistris
1062 1499 1346 1562 Ecclesiae,
1379 1507 1626 1551 sanctam
1654 1494 1808 1550 Scri.

231 1617 448 1672 ptnrain
468 1601 730 1658 revereri,
747 1608 1011 1657 metuere,
1028 1604 1082 1648 rt
1099 1592 1346 1662 diligenti
1371 1592 1808 1659 perscrutatione

228 1695 582 1754 examiuare;
627 1702 792 1760 atque
820 1689 886 1742 ad
920 1685 1253 1757 perﬁcienda
1311 1698 1433 1751 qua:
1461 1683 1512 1733 iu
1543 1695 1607 1734 ea
1651 1695 1809 1731 man-

229 1789 357 1840 data
412 1796 576 1846 sunt.
615 1793 903 1854 promptus
954 1779 1354 1848 espeditosque
1404 1790 1527 1828 esse
1579 1782 1811 1825 cunctos

1902 567 2012 630 cio,
2059 565 2207 636 quod
2256 565 2363 636 ipsi
2411 575 2604 619 notum
2637 572 2740 627 est,
2769 562 2836 616 ad
2868 561 3175 616 vocandum
3212 561 3476 615 invitatos

1903 659 2118 714 miserit
2146 675 2159 724 ;
2187 659 2418 712 obsecro
2437 666 2495 712 et
2521 656 2788 719 obtestor,
2816 671 2883 710 ne
2907 655 3322 717 oblivisCamur,
3341 667 3480 706 neve

1899 752 2052 821 jus‘a
2096 749 2466 818 mandataque
2507 749 2628 818 ejus
2679 748 2775 817 qui
2825 747 2980 802 misit
3034 746 3360 815 abjiciamus
3413 759 3480 799 ac

1905 841 2264 909 uegligamus,
2297 839 2441 893 sicut
2481 838 2518 892 ii
2572 840 2666 908 qui
2697 840 2865 893 corda
2915 837 3122 891 habent
3165 839 3389 905 crapula
3421 845 3479 888 et

1905 932 2375 1010 sollicitudinibus
2421 932 2611 986 mundi
2663 941 2887 1002 gravata
2933 941 2992 985 et
3040 933 3323 999 depressa.
3373 930 3480 996 Qui

1906 1024 2127 1092 quidem
2165 1024 2393 1093 vigilare
2446 1033 2505 1078 et
2546 1035 2708 1078 orare
2753 1024 2892 1093 jussi
2947 1037 3160 1084 sumus,
3217 1032 3475 1090 tanquam

1907 1130 2014 1166 nou
2054 1115 2213 1168 aliter
2239 1115 2428 1168 futura
2456 1124 2728 1168 tormenta
2769 1114 2940 1168 vitare
2970 1114 3265 1182 possimus,
3301 1128 3482 1182 neque

1907 1207 2069 1261 aliter
2088 1222 2272 1261 coram
2304 1208 2418 1261 Deo
2445 1208 2566 1261 sisti
2595 1208 2940 1271 innocentes,
2973 1207 3252 1262 ostensnri
3274 1217 3482 1273 utrum,

1912 1300 2055 1354 uitiis
2090 1300 2236 1354 datis
2267 1301 2334 1354 ad
2369 1315 2616 1355 mensam
2652 1301 2912 1370 negotiati
2955 1301 3244 1363 fuerimus,
3277 1316 3343 1354 an
3381 1316 3483 1370 po-

1912 1394 2023 1447 tius
2069 1396 2123 1448 in
2171 1394 2347 1449 fundo
2394 1404 2561 1464 atque
2613 1395 2839 1448 sudario
2889 1395 3373 1455 occultaverimus.
3427 1403 3488 1448 ut

1911 1487 2135 1556 quidam
2168 1501 2280 1554 prae
2312 1487 2557 1556 nequitia
2582 1495 2639 1541 et
2674 1487 2985 1556 ignorantia
3017 1487 3214 1540 fecisse
3239 1486 3486 1540 accusati

1912 1585 2065 1631 sunt.
2098 1578 2412 1634 llorribiles
2439 1579 2687 1648 profecto
2718 1589 2848 1634 sunt
2894 1579 3056 1632 minae
3087 1579 3249 1632 nobis
3299 1590 3489 1649 pasto-

1915 1671 2070 1723 ribus
2099 1672 2420 1740 propositae,
2457 1671 2562 1727 nisi
2599 1672 3052 1742 vigilaverimu‘s:
3093 1673 3300 1741 quibus
3332 1689 3486 1725 inau-

1914 1763 2102 1816 datum
2134 1764 2601 1833 commissumque
2638 1775 2747 1830 est,
2786 1767 2999 1819 tradere
3030 1766 3338 1826 conservis.
3369 1776 3485 1818 tum

231 1883 602 1944 Christianos,
639 1878 742 1931 nisi
776 1891 1003 1944 prorsus
1033 1872 1348 1935 insaniant;
1377 1868 1642 1922 Dominus
1663 1869 1812 1919 enim
1846 1859 1884 1913 Β
1914 1855 2087 1907 Verbo
2136 1862 2254 1907 lum
2289 1855 2469 1920 Γᾶῡιίδ,
2504 1873 2631 1910 vera
2665 1856 2923 1926 dogmata
2966 1866 3027 1910 el
3071 1859 3196 1910 Vilil‘
3231 1858 3490 1926 ρθιῖεοιευ

230 1985 317 2028 est
344 1975 437 2042 qui
478 1973 733 2024 hortatur
771 1964 1106 2036 perscrutari
1133 1962 1485 2031 Scripturus;
1523 1968 1575 2012 et
1607 1973 1672 2010 es
1703 1957 1810 2018 eis,

234 2077 350 2119 tum
390 2064 694 2134 praeterita.
724 2070 838 2112 tum
875 2059 1137 2125 pleraque
1188 2055 1243 2108 in
1301 2061 1586 2123 posterum
1625 2051 1810 2104 iutura

233 2159 454 2212 discere
483 2165 539 2209 et
586 2157 806 2208 docere.
844 2151 998 2203 llnde
1028 2147 1222 2202 salutis
1256 2161 1368 2200 sua:
1410 2142 1628 2212 cupidis
1663 2155 1811 2195 sem-

236 2268 336 2320 per
363 2251 606 2305 studium
658 2247 762 2300 fuit
795 2245 997 2298 Mosem
1028 2252 1084 2297 et
1116 2241 1415 2310 prophetas
1441 2237 1656 2291 audire.
1677 2233 1816 2288 Ver-

236 2345 368 2397 bum
400 2343 549 2396 enim
596 2342 802 2408 judieat
835 2353 958 2399 nos,
990 2346 1048 2390 ut
1081 2335 1128 2390 is
1161 2335 1255 2402 qui
1303 2330 1527 2386 mentiri
1569 2344 1678 2384 non
1720 2343 1816 2397 po-

237 2443 349 2488 test
412 2431 623 2486 docuit.
689 2430 870 2494 Quare
943 2427 1125 2482 omnis
1191 2425 1476 2494 Scriptura
1547 2419 1817 2475 divinitus

236 2527 506 2593 inSpirata
556 2522 817 2577 salutaris
868 2531 924 2574 et
973 2520 1125 2572 utilis
1167 2529 1253 2572 est
1285 2517 1351 2570 ad
1387 2515 1814 2570 examinandum

235 2621 387 2688 quod
416 2616 758 2672 conveniens
787 2623 871 2667 est
913 2623 970 2666 et
1007 2613 1325 2674 honestum,
1361 2617 1415 2661 et
1451 2610 1514 2660 ad
1551 2607 1817 2660 erudien—

234 2709 372 2762 dum
413 2718 577 2779 atque
615 2705 1035 2777 corrigendum.
1070 2698 1252 2766 Utilis,
1288 2704 1536 2769 inquam,
1581 2714 1690 2752 nou
1719 2714 1813 2752 so-

234 2805 352 2856 lum
404 2801 473 2854 iis
521 2799 616 2869 qui
668 2799 902 2868 turpiter
954 2796 1169 2858 vivunt,
1207 2793 1302 2848 sed
1359 2793 1534 2862 magis
1575 2791 1663 2852 iis,
1723 2791 1818 2860 qui

234 2894 426 2948 Sobrie
476 2903 532 2945 et
577 2891 979 2950 continenter;
1024 2888 1092 2940 iis
1127 2900 1257 2940 vero
1306 2884 1401 2954 qui
1437 2883 1696 2953 pastorali
1734 2885 1819 2934 di-

236 2987 458 3055 gnitate
505 2993 562 3037 et
612 2982 782 3053 gradu
847 2980 1218 3050 qualicuaque
1276 2977 1488 3046 praediti
1540 2987 1593 3028 et
1638 2975 1818 3029 ornati

238 3087 406 3143 sunt,
439 3086 522 3132 est
554 3076 672 3146 ipsa
704 3077 814 3130 vita
847 3083 1076 3134 aeterna,
1119 3083 1175 3127 et
1200 3073 1430 3128 lucerna
1463 3070 1695 3141 pedibus
1725 3085 1821 3124 eo-

240 3184 394 3233 rum,
425 3169 624 3238 viaque
651 3167 966 3220 certissima
999 3167 1066 3219 ad
1110 3163 1394 3218 faciendas
1423 3163 1515 3215 Dei
1550 3161 1814 3231 justitias.

234 3261 324 3316 Ex
350 3276 414 3314 ea
449 3261 596 3314 enim
629 3261 923 3322 discimus,
964 3273 1064 3328 per
1093 3273 1258 3326 quem
1295 3267 1349 3308 et
1381 3271 1411 3308 a
1446 3270 1556 3324 quo
1590 3255 1740 3316 facti,
1767 3264 1822 3307 et

235 3354 311 3409 ad
353 3369 518 3422 quem
578 3352 872 3406 tendamus
915 3368 927 3404 :
981 3350 1184 3420 quibus
1234 3348 1458 3417 quidem
1513 3347 1822 3417 iujunctum

233 3456 328 3502 est
360 3460 565 3500 munus
602 3444 876 3509 docendi;
909 3454 1100 3498 etnon
1141 3452 1448 3510 utcunque,
1480 3441 1575 3493 sed
1608 3442 1679 3492 ita
1726 3455 1824 3507 pa-

237 3536 460 3599 scendi,
484 3545 544 3589 ut
571 3552 700 3589 eum
733 3536 827 3604 qui
855 3549 1081 3604 pascere
1109 3533 1262 3586 dedit
1281 3531 1526 3586 vicissim
1551 3543 1822 3591 antemna,

235 3628 483 3682 scientes
507 3627 632 3697 quis
664 3637 748 3681 est
788 3629 880 3695 qui
916 3627 1093 3691 venit,
1119 3636 1174 3680 et
1209 3625 1409 3679 iterum
1447 3635 1716 3678 venturus
1739 3631 1826 3676 est

235 3720 314 3774 ad
339 3719 703 3790 judicandum
730 3719 888 3774 vivos
917 3730 969 3772 et
1000 3731 1248 3772 mortuos
1273 3735 1287 3772 :
1319 3727 1374 3771 et
1401 3719 1638 3770 scientes
1675 3715 1824 3784 qucd

238 3821 496 3879 pastores
529 3812 622 3880 qui
679 3812 774 3865 Dei
824 3823 1122 3881 praecepta,
1166 3811 1250 3865 vel
1301 3822 1528 3878 propter
1568 3825 1828 3863 reveren-

239 3905 377 3959 tiam
419 3913 474 3958 et
524 3914 728 3959 metum
761 3905 843 3957 vel
876 3913 1104 3974 propter
1133 3903 1458 3958 charitatem
1487 3903 1676 3956 animo
1707 3918 1828 3954 ser-

238 3999 451 4065 variut,
481 3999 548 4052 ad
599 3997 884 4051 dexteram
937 3998 1104 4066 positi
1161 3997 1478 4050 incredibili
1531 3996 1828 4063 splendore

238 4093 581 4162 fulgebunt:
621 4093 713 4158 qui
767 4106 898 4143 vero
941 4107 1052 4144 uou
1107 4090 1408 4150 servarint,
1439 4090 1514 4143 ad
1541 4091 1826 4144 sinistram

237 4191 413 4238 erunt
445 4182 514 4236 ad
563 4197 730 4236 omne
762 4195 942 4252 genus
980 4182 1338 4234 cruciatuum
1387 4179 1632 4233 damnati
1677 4195 1692 4230 :
1747 4187 1824 4243 et,

237 4275 395 4345 quod
426 4281 514 4328 est
549 4271 800 4326 omnium
838 4270 1411 4325 intolerabilissimum
1461 4279 1629 4339 atque
1677 4284 1830 4323 acer-

239 4369 566 4432 bissimum,
599 4364 794 4436 procul
831 4380 861 4418 a
892 4372 1193 4432 conspectu
1231 4361 1324 4416 Dei
1370 4362 1558 4432 ejecti,
1599 4370 1656 4417 et
1702 4376 1828 4431 per-

241 4473 421 4534 petuo
473 4459 829 4516 conscientia:
881 4474 1069 4512 morsu
1113 4457 1414 4525 exagitati;
1455 4471 1647 4510 rursus
1695 4469 1830 4508 vero

1916 1959 2199 2010 normam;
2229 1955 2344 2000 tum
2376 1963 2675 2017 reposcere
2709 1951 2980 2003 rationem
3013 1963 3338 2021 progressus
3371 1953 3489 2020 spi-

1916 2038 2154 2102 ritualis,
2177 2038 2477 2110 vigilanter
2523 2042 2654 2096 tuba
2689 2058 2910 2104 canere,
2940 2059 3008 2098 ne
3053 2046 3332 2114 romphaea
3373 2050 3492 2100 ani-

1917 2146 2061 2184 mam
2092 2133 2332 2203 alicujus
2363 2135 2654 2204 corripiat.
2677 2136 2886 2206 alioqui
2915 2152 2980 2192 ex
3002 2140 3257 2194 manibus
3289 2142 3496 2195 nostris

1917 2226 2302 2293 repetendam,
2343 2231 2583 2298 denique
2614 2228 2960 2284 incessanter
3015 2233 3313 2301 explanare
3368 2250 3493 2303 qua:

1918 2317 1993 2370 sit
2030 2317 2125 2372 Dei
2159 2318 2418 2372 voluntas
2441 2338 2458 2373 :
2491 2331 2546 2374 et
2579 2334 2704 2374 cum
2745 2322 2876 2376 oiim
2907 2323 2974 2376 ad
3013 2324 3117 2379 hoc
3157 2339 3299 2393 Opus
3331 2328 3491 2381 multi

1919 2410 2071 2463 missi
2102 2409 2333 2471 inierint,
2389 2426 2640 2466 nostrum
2675 2422 2761 2467 est
2795 2415 2993 2469 timere
3043 2431 3111 2470 ne
3163 2416 3220 2469 in
3269 2417 3489 2472 labores

1917 2517 2107 2556 eorum
2142 2503 2398 2586 ingressi,
2429 2520 2620 2572 [manas
2643 2504 2838 2559 demus
2862 2507 2908 2561 si
2942 2505 3124 2561 minus
3159 2506 3492 2564 laboremus.

1918 2593 2099 2660 Quod,
2132 2595 2339 2648 utinam
2377 2611 2446 2650 ne
2477 2596 2637 2651 nobis
2663 2599 2884 2653 eveniat
2907 2599 3114 2668 quibus
3136 2599 3334 2655 donata
3360 2613 3496 2657 sunt

1919 2705 2032 2743 non
2091 2689 2274 2744 solum
2308 2706 2431 2758 qua:
2465 2692 2607 2761 typis
2639 2700 2696 2746 et
2727 2690 2993 2763 symbolis
3021 2693 3306 2764 designata
3341 2705 3496 2759 sunt,

1922 2797 2154 2852 qumque
2173 2783 2454 2853 prepbetae
2471 2793 2639 2852 atque
2651 2785 2786 2854 justi
2803 2787 3180 2857 expetierunt,
3202 2789 3298 2843 sed
3323 2792 3492 2845 etiam

1923 2878 2112 2946 gratiae
2139 2877 2554 2947 diSpensatores
2571 2877 2703 2932 facti
2729 2891 2940 2932 simius.
2961 2877 3140 2945 Quare
3169 2881 3272 2935 nisi
3298 2893 3496 2951 aperto

1925 2969 2107 3037 capite
2137 2986 2374 3024 munera
2419 2970 2536 3035 Dei,
2561 2985 2684 3037 qua
2711 2985 2891 3039 neque
2922 2972 3171 3027 oratione
3202 2977 3501 3045 consequi.

1926 3078 2104 3130 neq-ue
2133 3071 2318 3116 mente.
2350 3061 2824 3132 comprehendere
2876 3061 3024 3126 licet,
3058 3073 3328 3134 perpetuo
3363 3083 3506 3137 pra:-

1925 3151 2323 3218 dicaverimus,
2351 3153 2673 3224 quicunque
2727 3154 3049 3224 hujusmodi
3099 3157 3369 3226 dignitate
3409 3175 3508 3229 pa-

1923 3249 2111 3301 storali
2166 3247 2378 3316 praediti
2428 3263 2648 3305 sumus.
2683 3248 2828 3301 haud
2866 3248 3033 3304 dubie
3070 3249 3126 3303 in
3171 3266 3368 3305 manus
3404 3253 3504 3307 Dei

1927 3341 2238 3395 incidemus
2265 3361 2277 3394 :
2315 3341 2450 3407 nisi,
2496 3343 2750 3411 inquam,
2783 3343 3277 3412 praedicaverimus
3309 3357 3507 3414 qucrn-

1925 3435 2221 3488 aclmodum
2263 3449 2329 3488 ex
2380 3435 2561 3488 nihilo
2589 3446 2789 3491 cuncta
2866 3434 3011 3492 Deus
3040 3436 3312 3504 eﬂ‘ecerit,
3341 3455 3507 3509 quam

1926 3527 2274 3581 admirabilia
2307 3525 2585 3582 exsistant
2610 3542 2678 3582 ex
2707 3528 2860 3582 omni
2917 3536 3072 3598 parte
3124 3535 3510 3588 universitatis

1927 3637 2111 3675 rerum
2159 3621 2212 3673 in
2247 3620 2528 3674 hominem
2567 3620 2857 3684 beneﬁcia,
2883 3637 3010 3690 quae
3047 3623 3209 3678 nobis
3238 3628 3514 3694 premissa

1927 3717 1972 3769 si
2023 3715 2279 3768 mandata
2331 3714 2427 3769 Dei
2465 3712 2901 3782 perfecerimus;
2936 3731 3060 3785 quae
3105 3733 3302 3774 rursus
3346 3721 3512 3776 minus

1928 3808 2326 3876 suppliciorum
2366 3808 2666 3877 propositio
2717 3807 2765 3863 si
2816 3823 2926 3862 non
2975 3809 3410 3878 perfecerimus;
3455 3825 3515 3870 et

1930 3903 2030 3954 nisi
2072 3903 2558 3970 prmdieaverimus
2587 3900 2737 3971 quod
2765 3903 2862 3971 qui
2887 3906 3027 3960 male
3055 3907 3338 3972 vixerunt,
3369 3909 3514 3962 irato

1931 3994 2039 4048 Deo
2085 3996 2155 4049 ab
2210 3997 2314 4050 hac
2361 3999 2470 4050 vita
2517 3997 2798 4060 recedent.
2827 3998 3054 4054 demum
3094 4014 3286 4067 pinnas
3327 4001 3512 4055 daturi

1930 4090 2316 4156 sempiternas.
2373 4089 2643 4143 i’rcterea
2684 4099 2941 4159 repetere
2989 4107 3154 4146 voces
3203 4097 3513 4163 propheta-

1933 4196 2078 4243 rum,
2108 4195 2246 4248 quas
2286 4180 2372 4234 illi
2420 4181 2486 4233 ad
2540 4183 2912 4236 revocandum
2946 4202 2975 4237 ιι
3023 4188 3174 4238 vitiis
3224 4189 3348 4240 hum
3377 4203 3510 4240 num

1930 4285 2104 4339 genus
2150 4272 2580 4327 adhibuerunt:
2635 4274 2766 4327 item
2818 4290 3262 4332 commemorare
3309 4279 3516 4333 adven-

1931 4370 2048 4414 tum
2078 4362 2320 4428 Domini,
2349 4373 2408 4417 et
2443 4365 2581 4418 bona
2621 4364 2752 4420 inde
2793 4366 3043 4436 profecta
3073 4384 3088 4422 :
3127 4378 3242 4422 tum
3279 4381 3514 4424 mortem

1933 4455 2281 4524 probrosam,
2349 4456 2696 4526 sepulturam
2747 4469 2804 4512 et
2868 4460 3112 4513 reditum
3180 4461 3248 4516 ad
3317 4466 3512 4526 vitam,

243 4557 346 4628 qui
386 4569 614 4609 munere
648 4553 906 4624 pastorali
945 4563 1092 4608 recte
1121 4553 1370 4606 defuncti
1411 4553 1620 4605 fuerint
1644 4567 1828 4604 coram
1866 4556 1910 4612 ι)
1939 4561 2232 4600 ascensum
2284 4547 2352 4601 ad
2399 4550 2614 4614 oculos,
2674 4550 3000 4606 missionem
3049 4553 3289 4623 Spiritus
3340 4558 3519 4630 sancti

241 4652 470 4722 angelis
507 4659 565 4704 et
605 4649 926 4703 hominibus
968 4645 1365 4708 laudabuntur,
1402 4654 1593 4712 utpote
1644 4641 1826 4710 probi,

244 4741 449 4796 ﬁdeles
508 4747 568 4794 et
619 4738 925 4809 prudentes
979 4746 1147 4806 atque
1179 4735 1342 4803 grati,
1393 4735 1599 4804 quique
1652 4733 1728 4786 sal
1776 4740 1830 4784 et

241 4836 443 4890 lumen
475 4831 686 4886 fuerint
738 4829 1081 4891 hominibus,
1118 4828 1256 4881 nihil
1307 4827 1452 4894 quod
1491 4825 1629 4878 utile
1664 4832 1830 4892 atque

235 4928 611 4983 commodum
639 4936 790 4981 esset
820 4925 1304 4995 praetermittentes
1336 4941 1349 4974 :
1380 4921 1472 4988 qui
1506 4936 1616 4974 non
1645 4919 1831 4972 verbis

244 5024 458 5084 solum,
493 5018 591 5074 sed
633 5019 795 5073 iactis
821 5027 878 5072 et
907 5020 1148 5071 virtutes
1211 5016 1576 5076 tradiderunt,
1617 5023 1672 5066 ct
1701 5012 1829 5065 vitia

239 5113 610 5180 expulerunt,
646 5111 867 5164 cunctis
895 5111 1284 5180 praecipientes
1309 5120 1373 5162 ut
1423 5108 1767 5164 declinarent
1798 5123 1834 5160 a.

241 5209 402 5260 malo
429 5213 486 5258 et
521 5204 762 5256 facerent
801 5202 1030 5256 bonum.
1077 5201 1156 5255 Ad
1201 5201 1346 5270 quod
1376 5201 1598 5273 quidem
1653 5201 1832 5254 bonus

245 5297 405 5350 Deus
432 5295 605 5363 legem
635 5310 744 5347 non
773 5294 1037 5363 scriptam
1064 5302 1276 5348 naturae
1313 5293 1601 5360 insculpsit
1627 5293 1828 5362 gratis:

227 5385 462 5442 deinde
491 5398 683 5438 servos
718 5384 944 5438 mittere
973 5398 1082 5436 non
1116 5383 1352 5441 destitit.
1386 5385 1478 5452 Qui
1505 5385 1830 5437 nuntiarent

239 5479 350 5532 Dei
393 5477 735 5528 voluntatem
771 5490 878 5526 non
917 5475 1091 5529 solum
1145 5474 1393 5527 invitatis
1419 5474 1486 5527 ad
1522 5490 1737 5528 cumam
1773 5485 1830 5528 et

237 5568 502 5636 nUptias,
536 5565 630 5619 sed
667 5566 732 5618 iis
763 5567 930 5618 etiam
985 5565 1081 5633 qui
1113 5574 1275 5617 erant
1303 5565 1359 5617 iu
1389 5565 1490 5618 viis
1513 5575 1570 5617 et
1606 5564 1832 5632 sepibus

231 5675 384 5714 cum
414 5667 612 5710 ornatu
647 5656 884 5726 nuptiali
915 5673 930 5710 ξ
965 5665 1201 5713 caeteros
1229 5655 1376 5708 enim
1413 5671 1522 5708 non
1557 5655 1640 5708 sic
1670 5669 1830 5706 orna:

237 5763 363 5810 eos,
398 5749 615 5802 vincula
648 5757 704 5803 et
730 5747 985 5802 tenebras
1017 5762 1264 5800 manere.
1294 5745 1448 5818 Rogo
1470 5785 1486 5812 ,
1512 5747 1829 5816 quicunque

245 5849 517 5912 pastores
553 5843 914 5911 appellamur,
947 5839 1143 5894 demus
1175 5846 1425 5908 Operam,
1464 5847 1523 5893 ut
1555 5840 1609 5894 in
1637 5852 1826 5896 eorum

506 5943 781 6003 Parnon.
819 5941 938 6003 GR.
1001 5941 1236 6004 CXLII.

1941 4638 2316 4708 tributumque
2347 4639 2666 4694 hominibus
2684 4642 2951 4710 Spiritum
2982 4657 3261 4709 sanctum,
3292 4657 3519 4715 aposto—

1937 4732 2020 4786 los
2055 4733 2259 4788 missos
2291 4734 2347 4787 in
2386 4735 2710 4800 universum
2748 4739 3015 4791 mundqu
3056 4749 3127 4792 ut
3171 4739 3518 4809 baptizareut

1937 4839 2002 4878 ac
2041 4827 2311 4880 docerent
2341 4839 2687 4896 quaecunque
2723 4828 2840 4897 ipse
2879 4844 3102 4885 servare
3143 4843 3516 4900 princeperat;

1938 4918 2138 4986 quibus
2195 4933 2255 4974 se
2305 4919 2565 4974 Christus
2614 4921 2869 4988 promisit
2920 4937 3142 4990 semper
3191 4923 3514 4978 allaturum.

1937 5010 2142 5064 Adluec
2179 5013 2386 5066 instare
2415 5012 2560 5066 diem
2595 5013 2746 5067 illius
2787 5030 3000 5081 magna:
3029 5016 3124 5069 ira:
3149 5025 3204 5069 et
3233 5020 3519 5071 calamita-

1940 5103 2030 5166 tis,
2065 5113 2290 5173 propter
2318 5104 2733 5160 multitudinem
2759 5108 3068 5170 scelerum;
3094 5108 3320 5174 quando
3341 5107 3514 5161 draco

1937 5195 2052 5257 ille,
2080 5212 2146 5249 ex
2176 5196 2502 5265 improviso,
2529 5197 2596 5252 ad
2631 5200 3066 5267 corrumpeudos
3093 5214 3287 5253 onmes
3309 5199 3510 5254 aderit.

1939 5289 2070 5344 item
2096 5289 2226 5344 Elian
2255 5301 2313 5345 et
2343 5291 2528 5345 Enocb
2576 5293 2814 5346 reditum
2845 5293 2912 5345 ad
2958 5292 3389 5346 iucumbendum
3421 5308 3514 5346 sa.-

1936 5380 2036 5434 luti
2063 5381 2352 5435 hominum
2377 5383 2670 5438 adversum
2703 5384 3010 5448 diabolum,
3044 5399 3211 5452 quem
3247 5384 3512 5438 Dominus

1939 5472 2230 5540 praesentia
2254 5469 2527 5527 adventus
2570 5475 2656 5528 sui
2709 5474 2990 5528 destruet.
3041 5474 3316 5527 Praeterea
3367 5477 3518 5527 dice-

1937 5581 2061 5620 mus
2107 5566 2174 5620 de
2226 5566 2510 5634 rapiendis
2557 5567 2773 5621 obviam
2820 5568 3065 5626 Christo.
3119 5569 3343 5636 quando
3391 5566 3518 5620 caeli

1939 5673 2137 5727 magno
2172 5659 2381 5727 impetu
2405 5659 2750 5721 transibunt,
2803 5669 2949 5712 terra
2983 5670 3168 5713 autem
3215 5669 3271 5712 et
3311 5675 3434 5726 quae
3463 5657 3518 5710 in

1936 5750 2057 5820 ipsa
2093 5759 2224 5804 sunt
2268 5765 2436 5820 opera
2468 5761 2796 5804 exurentur.
2823 5749 2955 5816 Qua:
2987 5750 3212 5820 quidem
3254 5767 3375 5804 cum
3419 5765 3520 5802 c.\-

1939 5849 2284 5910 spectentur,
2331 5840 2541 5912 quales,
2573 5855 2784 5909 quaeso,
2819 5855 2883 5896 ac
2928 5857 3093 5910 quam
3143 5850 3365 5895 sanctos
3411 5852 3521 5894 nos.

3075 5935 3146 5992 1⁸1
