3888 6462
389 405 494 469 533

1443 389 1861 454 ATHANASH
1907 384 2014 447 (ΣΡ.
2058 381 2576 446 PATRIARCILE

3531 380 3637 452 ξιΞᾶ

385 534 508 577 esse
537 515 791 587 eportetl
826 511 1101 568 Debemus
1130 509 1298 564 etiam
1347 517 1786 562 commemorare
1814 501 1959 572 judi-
1989 501 2035 558 Δ
2065 497 2297 567 viusque
2328 497 2528 553 fuisset
2554 499 2676 567 igne
2707 507 3067 570 consumptos
3089 512 3235 564 esse,
3257 513 3422 568 quam
3446 503 3637 556 audire

386 613 532 667 cium
564 618 898 669 extremum,
940 603 1203 659 subsellia
1246 600 1516 670 apposita,
1565 596 1956 668 praesidentem

383 701 594 773 judicio
629 697 934 767 Antiquom
968 695 1206 755 dierum,
1241 693 1413 746 libros
1451 698 1696 759 apertos,
1729 687 1957 740 fluvium

387 796 530 865 ignis
558 810 572 848 :
603 791 830 850 deinde.
875 804 972 844 eos
1003 788 1095 858 qui
1147 787 1212 840 ad
1258 786 1540 840 dexteram
1591 789 1777 845 erunt,
1809 794 1958 832 cmu-

386 888 676 942 ntendstos
723 883 888 940 bonis
916 881 1182 950 operibus
1209 892 1572 949 processuros
1605 878 1658 931 in
1713 889 1962 929 resurre-

383 976 624 1030 ctionem
658 975 818 1038 vitai;
845 987 943 1026 eos
981 986 1132 1034 vero,
1160 969 1253 1038 qui
1291 968 1357 1022 ad
1405 969 1712 1034 sinistram,
1743 979 1964 1034 procch

383 1082 548 1120 suros
593 1066 648 1119 in
692 1063 1165 1120 resurrectionem
1191 1059 1409 1130 judicii.
1441 1058 1566 1112 llzec
1596 1066 1747 1115 sunt,
1780 1070 1903 1124 qua:
1929 1070 1958 1106 a

383 1159 544 1212 nobis
577 1165 706 1211 sunt
740 1170 958 1224 semper
989 1153 1207 1224 p0pulis
1241 1151 1598 1214 inculcanda,
1632 1158 1686 1201 et
1711 1148 1960 1200 honesta:

383 1253 510 1306 vitae
565 1249 822 1317 exemplo
868 1245 1328 1307 commendanda,
1379 1253 1548 1310 atque
1583 1239 1952 1294 consulenda-

383 1360 506 1414 qum
535 1342 759 1411 quidem
790 1354 916 1393 eum
953 1338 1065 1393 Deo
1096 1352 1198 1390 nos
1223 1335 1508 1404 copulant.
1547 1331 1663 1385 lloe
1689 1341 1775 1385 est
1823 1331 1956 1382 illud

385 1436 706 1508 Evangelii,
780 1435 955 1487 bonos
1013 1431 1312 1498 lidelesque
1364 1429 1780 1496 dispensatores
1827 1425 1960 1476 dare

384 1531 672 1584 conservis
697 1527 814 1580 suis
849 1526 902 1579 in
944 1535 1191 1593 tempore
1218 1535 1539 1576 mensuram
1576 1517 1789 1571 tritici:
1826 1533 1958 1570 Con-

385 1629 626 1687 lirmarc,
660 1623 912 1690 inquam,
940 1618 1161 1681 fratres,
1194 1624 1253 1668 ut
1283 1614 1620 1682 contemptis
1652 1610 1815 1664 bonis
1846 1619 1959 1662 ter-

382 1717 554 1780 renis,
587 1715 689 1770 soli
719 1712 910 1766 virtuti
945 1720 1002 1766 et
1035 1710 1144 1762 Deo
1175 1709 1514 1761 adhzereant.
1549 1704 1604 1758 In
1639 1705 1725 1757 bis
1769 1702 1958 1772 vigila-

384 1827 466 1876 rc,
495 1820 552 1865 et
592 1809 707 1863 haec
737 1804 990 1862 meditari
1035 1803 1338 1864 debemus,
1389 1799 1616 1864 fratres;
1671 1797 1715 1853 si
1763 1810 1958 1866 magno

382 1903 717 1965 ministerio,
757 1899 846 1954 cui
891 1897 1274 1968 prazsidemus,
1306 1893 1630 1948 satisfacere
1666 1890 1904 1945 velimus
1939 1907 1952 1942 :

382 2015 446 2054 ac
485 2013 594 2050 non
637 1994 826 2066 potius
851 1993 974 2046 illos
1001 1987 1205 2042 imitari
1239 1986 1582 2056 proscriptos
1603 1981 1957 2053 proﬂigatos-

380 2107 487 2163 que
518 2089 970 2158 dispensatores;
1016 2082 1137 2151 qui.
1163 2080 1319 2142 dum,
1347 2087 1407 2132 ut
1429 2079 1537 2132 illis
1569 2075 1812 2138 videtur,
1843 2089 1959 2127 mo-

383 2199 498 2238 ram
526 2180 796 2236 Dominus
831 2176 986 2239 facit,
1027 2175 1201 2230 edunt
1233 2181 1288 2226 et
1327 2179 1561 2242 potant:
1615 2187 1778 2241 quos,
1831 2187 1957 2226 cum

378 2277 618 2338 venerit,
655 2275 824 2333 idem.
857 2281 919 2325 ut
947 2269 1189 2323 minatus
1213 2279 1318 2329 est,
1353 2265 1586 2320 dividet.
1611 2263 1744 2331 Quae
1770 2265 1957 2319 omnia

383 2387 489 2423 non
533 2368 709 2422 solum
746 2380 850 2419 nos
876 2363 1176 2417 inclamare
1202 2359 1490 2423 debemus,
1513 2357 1612 2413 sed
1633 2359 1798 2413 etiam
1827 2357 1959 2412 lide-

381 2463 528 2517 libus
563 2458 880 2515 hominibus
913 2454 1330 2516 commendare,
1355 2452 1454 2521 qui
1489 2453 1704 2520 possint
1731 2460 1788 2506 et
1822 2451 1960 2505 alios

380 2561 618 2621 docere;
659 2556 732 2608 ita
768 2563 825 2603 ut
870 2548 1014 2602 nihil
1047 2547 1120 2601 sit
1167 2544 1506 2610 faciendum,
1547 2544 1695 2614 quod
1733 2559 1763 2598 a
1801 2559 1956 2597 sacra

381 2651 668 2719 Scriptura
700 2647 940 2700 alienmn
987 2641 1080 2696 sit.
1124 2638 1399 2692 Debemus
1433 2643 1696 2706 praeterea
1738 2651 1835 2690 eos
1863 2636 1956 2704 qui

379 2737 763 2812 peccaverint,
793 2732 974 2804 panis
1003 2739 1059 2784 et
1107 2729 1245 2783 locis
1280 2726 1348 2782 ad
1382 2742 1480 2780 eas
1509 2725 1807 2781 solvendas
1859 2726 1960 2779 de-

381 2833 628 2902 scriptis,
684 2829 990 2883 secundum
1043 2837 1288 2879 canones
1333 2819 1557 2875 Patrum
1602 2819 1842 2884 afficere,
1876 2821 1959 2874 di-

381 2933 724 2996 stinguentes
755 2929 1005 2977 sanetum
1037 2933 1068 2972 a
1100 2915 1375 2986 profano:
1413 2913 1581 2984 impie
1609 2915 1757 2968 enim
1787 2924 1958 2984 agunt

381 3021 631 3093 quidam,
663 3015 764 3086 qui
794 3013 1000 3066 multos
1053 3023 1248 3064 eorum
1287 3006 1524 3068 violant.
1551 3020 1734 3075 neque
1767 3006 1959 3061 memi-

382 3123 590 3170 nerunt
604 3109 752 3180 quod
772 3106 1037 3174 scriptum
1056 3110 1176 3157 est:
1202 3099 1364 3168 lmpii
1385 3099 1714 3152 transierunt
1737 3099 1869 3167 ﬁnes
1889 3099 1956 3164 ﬂ;

2063 591 2241 646 illud:
2292 591 2414 645 Non
2469 594 2589 646 novi
2631 609 2719 646 nos
2751 593 2815 650 ".
2860 592 3228 660 Quamobrem
3280 595 3526 650 Paulus:
3563 596 3640 651 Ne

2061 686 2248 739 erretis
2283 685 2347 751 “,
2386 687 2602 756 inquit;
2630 701 2971 742 enumerans
3003 688 3220 743 scilicet
3249 703 3374 758 qua:
3398 704 3429 741 a
3471 705 3641 756 regno

2060 777 2264 832 Christi
2299 788 2493 832 arcent
2521 791 2576 834 et
2599 779 2938 846 excludunt;
2973 795 3098 850 qua:
3127 782 3315 835 omnia
3348 780 3454 835 nisi
3486 781 3643 837 vobis

2061 871 2357 940 discipulis
2386 873 2509 940 ejus
2543 888 2643 927 nos
2672 873 3296 928 commemoraverimus
3335 882 3503 944 atque
3540 873 3638 928 de-

2061 963 2531 1026 nuntiaverimus,
2551 979 2630 1018 va:
2654 964 2814 1018 nobis
2834 965 2846 1018 l
2871 964 3182 1020 Caveamus
3205 980 3337 1034 ergo
3358 982 3426 1018 ne
3449 965 3643 1019 debito

2061 1057 2205 1125 quod
2265 1073 2560 1111 commune
2601 1065 2688 1113 est
2737 1059 2986 1112 omnium
3043 1070 3354 1128 pastorum,
3406 1059 3642 1128 pepulos

2062 1147 2426 1215 fraudemus;
2459 1149 2670 1214 debito,
2714 1150 2962 1219 inquam,
3007 1150 3270 1221 fungendi
3302 1167 3398 1221 pro
3429 1149 3640 1204 Christo

2062 1242 2324 1311 legatione
2352 1243 2418 1303 ’⁸,
2469 1241 2580 1296 Deo
2630 1259 2728 1312 per
2763 1259 2862 1297 nos
2908 1243 3186 1310 hortante,
3221 1259 3290 1298 ne
3332 1244 3426 1313 qui
3465 1243 3640 1298 semel

2063 1334 2376 1403 baptizatus
2412 1335 2727 1389 committat
2762 1343 2822 1388 ut
2847 1339 2914 1390 ad
2943 1339 3168 1405 nuptias
3209 1337 3420 1391 intrare
3447 1336 3641 1406 prohi-

2062 1424 2284 1480 beatur.
2330 1425 2438 1478 Eos
2486 1441 2620 1480 vero
2667 1425 2762 1496 qui
2813 1429 2954 1482 alios
3006 1429 3318 1496 decipiunt,
3374 1439 3641 1497 tauquam

2062 1517 2230 1571 falsos
2259 1519 2561 1585 apostolos,
2598 1520 2950 1589 impostores,
2975 1521 3243 1576 adhibitis
3264 1523 3470 1576 sanctis
3491 1520 3646 1576 Scri-

2061 1608 2239 1676 pturis
2289 1609 2688 1678 redarguamus
2731 1627 2796 1665 ae
2841 1612 3160 1681 prodamus,
3203 1624 3652 1670 commemorato

2061 1693 2529 1770 exeirplmlecetn
2569 1703 2870 1772 virginum,
2902 1720 3124 1774 sagena
3169 1705 3350 1761 missa:
3376 1706 3430 1760 in
3461 1722 3644 1772 mare,

2062 1794 2208 1848 illius
2251 1795 2434 1848 induti
2461 1797 2705 1861 sordide,
2737 1797 2975 1868 aliisque
3002 1799 3342 1870 hujnsmodi.
3373 1801 3504 1855 llaec
3536 1817 3646 1855 ηοω

2062 1897 2147 1942 cte
2179 1889 2382 1958 dieque
2425 1891 2632 1945 debent
2671 1891 2873 1962 singuli
2925 1903 3178 1962 pastores
3216 1895 3479 1966 gregibus
3524 1895 3647 1950 Suis

2064 1983 2342 2038 inculcare
2373 2001 2387 2043 :
2417 2000 2542 2054 qua:
2574 1993 2679 2040 tam
2711 1987 3021 2042 necessaria
3051 1999 3207 2055 sunt,
3236 2005 3398 2060 quam
3433 1999 3522 2045 est
3553 2005 3648 2046 re-

2062 2076 2273 2146 spirare
2336 2079 2629 2134 animanti.
2693 2080 3103 2148 Necessarium,
3175 2083 3422 2153 inquam,
3453 2086 3650 2138 omnia

2055 2169 2264 2240 judicia
2291 2180 2348 2225 et
2372 2171 2691 2226 testimonia
2726 2174 2818 2228 Dei
2855 2174 3214 2240 denuntiare,
3251 2177 3323 2232 ita
3353 2189 3412 2230 ut
3438 2177 3644 2232 ab-hoc

2061 2261 2240 2317 otlicio
2274 2279 2452 2333 neque
2500 2279 2597 2319 eos
2632 2266 2894 2334 superbia
2935 2277 2993 2323 et
3022 2268 3194 2323 elatio
3228 2271 3503 2334 retrahat,
3537 2287 3646 2326 ne—

2060 2372 2168 2426 que
2201 2357 2438 2412 altitudo
2467 2358 2603 2422 diei,
2627 2358 2684 2412 id
2720 2370 2819 2422 est,
2849 2361 3192 2430 prosperitas
3222 2371 3279 2418 et
3307 2365 3595 2432 opulentia
3625 2384 3643 2421 :

2063 2450 2194 2520 quin
2229 2451 2432 2519 potius,
2481 2452 2525 2504 si
2572 2461 2788 2522 tempus
2831 2453 3090 2521 postulet,
3141 2469 3244 2524 pro
3288 2455 3524 2524 legibus,
3589 2467 3648 2513 et

2063 2544 2286 2597 statutis
2317 2544 2521 2599 divinis
2555 2545 2886 2615 sanguinem
2935 2547 3191 2611 fundere,
3220 2549 3484 2619 quoniam
3528 2566 3649 2606 non

2064 2636 2238 2706 possit
2285 2637 2446 2689 aliter
2490 2646 2682 2704 pastor
2728 2635 3014 2692 Christum
3054 2655 3264 2706 amare,
3316 2642 3412 2712 qui
3463 2644 3648 2714 magi-

2062 2736 2239 2781 strum
2275 2726 2481 2781 finibus
2504 2715 2794 2784 charitatis
2829 2729 3290 2800 circumscripsit,
3325 2747 3452 2788 cum
3499 2735 3648 2790 dixit

2062 2817 2356 2888 Apostolus
2381 2835 2394 2871 :
2426 2819 2557 2884 Quis
2584 2837 2677 2875 nos
2707 2823 3025 2892 separabita
3046 2825 3309 2880 cliaritate
3330 2826 3526 2882 Christi
3550 2829 3599 2861 "
3629 2827 3652 2884 ι

2064 2910 2271 2965 Deinde
2301 2911 2609 2966 cavendum
2642 2915 2806 2970 nobis
2853 2925 2960 2983 est,
3013 2934 3084 2973 ne
3145 2919 3242 2975 ulli
3285 2920 3404 2976 cito
3446 2938 3652 2978 manus

2064 3003 2434 3074 imponamus,
2491 3021 2602 3060 non
2659 3017 2790 3062 ante
2826 3008 3029 3076 justam
3076 3019 3320 3076 aetatem,
3370 3027 3480 3066 non
3519 3013 3655 3068 sine

2066 3098 2247 3160 titulo,
2275 3115 2385 3153 non
2419 3112 2574 3155 extra
2611 3101 2749 3156 fines
2777 3103 3060 3158 dimcesis.
3095 3104 3502 3161 Testimonium
3555 3109 3648 3163 di—

373 3205 438 3264 ἐι
474 3205 646 3263 illud:
678 3200 992 3257 Maledicta:
1026 3195 1115 3266 qui
1158 3195 1414 3249 terminos
1437 3211 1469 3245 a
1498 3194 1733 3262 patribus
1766 3194 1962 3263 positos
1992 3205 2030 3258 ο
2065 3199 2197 3245 cant
2228 3208 2338 3246 non
2372 3193 2576 3262 quivis,
2615 3194 2709 3248 sed
2743 3210 2940 3264 graves
2982 3197 3260 3263 homines,
3306 3201 3400 3269 qui
3433 3201 3649 3256 educa-

385 3297 824 3368 transgreditur;
877 3300 934 3345 et
976 3289 1121 3360 quod
1185 3296 1270 3343 est
1338 3287 1392 3340 in
1459 3284 1806 3356 Evangelia:
1859 3284 1963 3351 Qui

383 3391 595 3448 solverit
647 3403 812 3441 unum
849 3401 914 3438 es;
969 3382 1259 3444 mandatis,
1297 3380 1547 3434 minimus
1587 3379 1856 3434 vocabitur
1905 3380 1961 3432 in

384 3501 546 3558 regno
574 3481 846 3546 cartorum,
893 3477 984 3546 qui
1014 3485 1189 3530 autent
1223 3473 1401 3543 fecerit
1429 3482 1478 3527 et
1537 3473 1794 3536 docuerit,
1849 3488 1960 3526 mea

383 3595 519 3652 guns
549 3577 617 3632 ".
663 3571 827 3628 Omni
874 3571 1076 3640 itaun
1135 3565 1323 3621 studio
1372 3564 1733 3620 laborandum
1772 3574 1857 3619 est
1906 3576 1964 3619 ut

383 3663 894 3739 concupiscientias
917 3659 1102 3715 carnis
1131 3674 1255 3728 quae
1285 3657 1525 3712 militant
1551 3657 1818 3711 adversus
1846 3657 1964 3710 ani-

383 3780 560 3825 mum,
611 3765 879 3828 superent
938 3766 1131 3808 omnes
1203 3749 1451 3804 fideles:
1510 3749 1964 3819 admonendique

385 3852 646 3915 subinde,
681 3843 1147 3918 quemadmodum
1199 3841 1399 3896 clamet
1459 3841 1665 3896 Paulus
1702 3857 1797 3896 vas
1846 3841 1966 3895 cle-

386 3946 626 4006 (ﬂouis,
697 3939 978 3995 nemiuem
1037 3949 1230 3990 eorum
1277 3933 1380 4004 qui
1423 3935 1669 4004 peccatis
1727 3950 1959 4004 operam

387 4040 543 4102 dant,
581 4044 969 4105 possessorum
998 4041 1227 4097 regnum
1255 4027 1546 4082 cmlorum.
1576 4027 1680 4092 Qui
1707 4041 1833 4081 cum
1862 4043 1964 4082 nos

388 4133 645 4186 hortetur
674 4137 734 4180 ut
761 4140 889 4179 eum
935 4124 1238 4184 imitemur,
1279 4121 1443 4175 sicuti
1481 4120 1601 4190 ipse
1633 4120 1915 4176 Christum
1947 4139 1962 4188 ;

386 4227 586 4280 beatos
613 4230 869 4295 pastores
899 4215 995 4287 qui
1030 4231 1157 4270 eum
1189 4214 1364 4270 secuti
1393 4214 1706 4283 imitatique
1731 4213 1961 4268 fuerint.

386 4317 633 4375 Tametsi
667 4313 814 4370 enim
849 4327 958 4366 non
991 4311 1102 4365 sint
1144 4307 1450 4364 itnistabiles
1493 4307 1643 4362 illius
1688 4307 1963 4360 excellen-

390 4412 618 4469 tissima
651 4411 888 4464 virtutes
931 4407 1063 4476 (qua
1117 4419 1312 4458 sumus
1339 4402 1555 4473 ignavia
1608 4411 1664 4456 et
1709 4401 1962 4472 inertia),

387 4506 546 4569 illud,
581 4505 834 4573 inquam,
872 4499 1062 4552 vivere
1102 4511 1169 4552 ex
1199 4496 1484 4560 manibus,
1515 4503 1572 4549 et
1603 4493 1961 4564 Evangeliunt

389 4601 508 4653 sine
527 4604 750 4661 sumptu
779 4606 1056 4662 exponere
1083 4606 1098 4643 :
1121 4587 1281 4643 nobis
1308 4598 1488 4641 tamen
1507 4589 1641 4642 satis
1657 4600 1737 4642 est
1759 4587 1802 4641 si
1830 4602 1965 4656 pra:-

388 4696 619 4748 beamus
652 4705 754 4744 nos
782 4685 1074 4754 operarios
1103 4681 1230 4738 cibo
1268 4679 1469 4750 dignos
1491 4723 1504 4747 ,
1538 4695 1602 4735 ac
1639 4696 1749 4736 non
1782 4681 1966 4750 potius

387 4786 526 4838 bona
577 4793 884 4850 pauperum
921 4773 1100 4829 hianti
1148 4787 1249 4826 ore
1295 4771 1648 4825 devoremus.
1699 4769 1965 4824 llortandi

389 4887 676 4948 pnetcrea.
717 4882 778 4927 ut
808 4869 1063 4930 arrectis,
1101 4864 1250 4936 quod
1287 4865 1466 4930 aiunt,
1510 4864 1761 4928 auribus,
1797 4873 1856 4918 et
1883 4865 1967 4916 vi-

388 4974 644 5040 gilantes,
702 4967 1004 5022 clamorem
1045 4960 1200 5015 illum
1248 4959 1444 5013 media:
1501 4958 1700 5020 noctis,
1760 4958 1968 5028 impro-

388 5065 570 5121 visum
603 5069 661 5116 et
704 5058 952 5115 subitum
989 5060 1334 5123 esspcctent.
1372 5065 1443 5107 ne
1477 5049 1621 5104 nihil
1660 5051 1969 5120 cogitantes

389 5167 446 5211 et.
477 5156 532 5210 in
565 5152 776 5208 scelere
801 5147 1081 5218 occupati,
1113 5154 1210 5199 aut
1244 5142 1511 5209 voluptati
1534 5141 1621 5198 vel
1654 5157 1852 5198 somno
1883 5142 1968 5195 in-

387 5249 700 5318 dulgentes.
730 5243 1033 5298 adventum
1053 5239 1210 5294 illum
1244 5237 1682 5292 illustrissimum
1711 5235 1968 5307 pulcher~

389 5338 518 5397 rimi
557 5335 756 5405 Sponsi
790 5349 899 5388 non
939 5331 1204 5387 sentiant.
1251 5329 1323 5386 Ut
1355 5328 1504 5383 enim
1535 5331 1970 5382 admoneremnr

387 5429 726 5502 vigilandum
775 5439 920 5490 esse,
957 5424 1151 5496 horam
1190 5420 1374 5476 noctis
1407 5418 1650 5491 appellat
1680 5416 1968 5478 Dominus.

389 5519 926 5576 illuminatissimum
961 5515 1098 5571 illud
1127 5525 1368 5582 tempus.
1415 5511 1634 5568 Utinam
1678 5523 1974 5578 nunquam

391 5618 504 5669 nati
566 5622 752 5668 essent
813 5610 1020 5682 quibus
1070 5607 1443 5663 claudendum
1495 5614 1602 5670 est,
1655 5612 1712 5659 et
1765 5603 1979 5657 frustra-

391 5707 649 5760 standum
693 5716 858 5774 atque
889 5701 1245 5774 pulsandum,
1276 5699 1486 5770 quibus
1513 5695 1859 5752 tolerabilius
1885 5695 1969 5749 le-

465 5825 504 5855 “
544 5823 703 5877 l’rov.
755 5839 888 5884 xxn,
921 5821 1010 5879 28.
1103 5822 1142 5852 ⁸⁸
1187 5819 1409 5882 Matth.,
1443 5834 1494 5883 v,
1530 5816 1614 5872 19.

391 5906 507 5962 Vm,
545 5894 635 5951 55.

1721 5816 1764 5846 ¹³
1791 5814 1985 5870 Matlll.
2024 5829 2114 5880 vn,
2139 5813 2226 5868 25.

2067 3284 2273 3339 sionem
2311 3285 2430 3352 ejus
2469 3295 2526 3340 et
2575 3301 2760 3341 mores
2784 3289 2996 3354 norint,
3037 3305 3182 3346 anne
3210 3291 3284 3345 sit
3316 3293 3649 3359 iracundus,

2065 3391 2132 3430 an
2174 3379 2472 3447 superbus,
2509 3391 2577 3430 an
2610 3377 2822 3446 ebrius,
2847 3395 2914 3433 an
2947 3396 3168 3449 avarus,
3203 3397 3273 3437 an
3303 3398 3542 3454 pugnas,
3572 3401 3656 3438 air

2065 3474 2246 3536 dicas,
2281 3489 2350 3528 an
2391 3489 2713 3544 percussor,
2769 3490 2839 3529 an
2895 3476 3172 3545 petulans.
3209 3492 3278 3531 an
3313 3478 3643 3535 illiteratus.

2066 3567 2195 3622 Post
2227 3566 2641 3621 ordinationem
2677 3582 2809 3622 vero
2838 3569 3145 3624 curandum
3180 3581 3265 3625 est
3289 3582 3349 3627 ut
3371 3588 3525 3627 sacra
3557 3590 3652 3628 re-

2066 3668 2328 3714 verenter
2377 3675 2443 3714 ac
2490 3659 2745 3730 religiose
2779 3669 3017 3715 tractare
3051 3672 3109 3717 et
3137 3663 3532 3718 administrare
3563 3666 3658 3719 di-

2066 3759 2204 3813 scat,
2247 3752 2512 3823 mysteria
2570 3752 2883 3822 praesertim
2938 3754 3304 3810 Eucharistiae
3354 3771 3417 3811 ac
3466 3757 3656 3826 bapti-

2067 3845 2170 3899 smi
2201 3861 2214 3898 :
2253 3859 2342 3908 ne,
2393 3859 2516 3913 qua:
2567 3842 2916 3899 sanctissima
2960 3855 3111 3913 sunt,
3145 3847 3214 3901 ab
3246 3848 3433 3918 aliquo
3466 3848 3664 3902 delira

2069 3937 2326 3992 indecore
2371 3945 2428 3991 et
2475 3946 2695 3992 temere-
2733 3937 3127 3993 administrare
3177 3939 3510 3997 doceantur.
3559 3943 3662 3997 A‘d

2068 4029 2184 4084 haec
2227 4027 2650 4098 providendum,
2704 4045 2772 4084 ne
2805 4031 2988 4086 cuivis
3043 4040 3229 4102 pateat
3281 4047 3546 4088 ascensus
3597 4035 3654 4088 in

2067 4132 2428 4193 suggestum,
2479 4137 2659 4190 neque
2696 4121 2899 4177 docere
2955 4122 3117 4176 liceat
3153 4125 3205 4177 in
3257 4124 3492 4179 ecclesia
3540 4124 3658 4180 nisi

2067 4214 2117 4268 ei
2151 4213 2248 4283 qui
2275 4213 2527 4267 castitate
2557 4215 2726 4267 etiam
2755 4222 2812 4267 et
2845 4214 3211 4282 temperantia
3240 4225 3412 4285 atque
3437 4215 3659 4285 pietate

2068 4308 2336 4378 prieditus-
2361 4306 2454 4361 sit.
2494 4306 2626 4360 item
2671 4315 2741 4360 ut
2786 4306 2924 4360 nilril
2964 4321 3158 4360 eorum
3199 4323 3322 4376 quae
3359 4307 3437 4362 ad
3474 4309 3656 4363 ederr-

2068 4401 2199 4455 dum
2252 4398 2448 4454 idonea
2479 4408 2630 4462 sunt,
2673 4396 2982 4473 oderantur
3032 4399 3088 4453 in
3149 4399 3404 4464 ecclesia,
3441 4411 3658 4470 praeter

2069 4494 2277 4557 oleum,
2331 4506 2515 4548 ceram
2577 4501 2633 4545 et
2684 4491 2833 4545 thus.
2883 4491 3104 4547 Nemini
3145 4493 3265 4547 sine
3295 4492 3657 4564 probatione;

2073 4598 2168 4643 aut
2215 4602 2326 4656 pro
2360 4600 2594 4640 munere
2629 4584 2977 4639 Eucharistia
3020 4585 3204 4650 detur,
3237 4587 3347 4641 nisi
3375 4589 3656 4658 permissu

2071 4688 2128 4734 et
2171 4693 2436 4732 concessu
2484 4663 2662 4731 Patris
2694 4675 3026 4744 spiritualis.
3074 4674 3155 4730 Ne
3203 4675 3370 4731 liceat
3423 4678 3657 4748 impune

2073 4790 2182 4827 non
2219 4787 2413 4825 vat-are
2448 4770 2501 4824 in
2532 4767 2671 4824 festo
2702 4768 3174 4832 Resurrectionis,
3211 4785 3393 4840 neque
3433 4771 3656 4840 ingredi

2074 4868 2129 4921 in
2166 4868 2303 4919 lines
2328 4863 2602 4917 alterius:
2654 4861 2708 4915 in
2745 4862 3042 4932 conjugiis,
3090 4871 3355 4917 caveatur
3392 4864 3657 4934 pueritia,

2075 4956 2458 5027 propinquitas
2514 4953 2822 5024 sanguinis,
2880 4955 3100 5024 adoptio
3151 4965 3207 5009 et
3259 4957 3540 5027 susceptio
3580 4959 3655 5014 'in

2073 5052 2432 5120 baptismate.
2468 5046 2780 5102 Videndum
2831 5057 2916 5103 est
2970 5048 3162 5114 etiam,
3218 5061 3280 5104 ut
3331 5052 3655 5122 conjugium

2077 5142 2407 5199 non'solum
2438 5141 2648 5196 licitum
2679 5140 2752 5195 sit
2777 5150 2838 5196 et:
2865 5156 3220 5205 concessum.
3253 5143 3348 5197 sed
3385 5144 3655 5197 decorum

2078 5249 2334 5306 quoque:
2370 5250 2458 5294 ne,
2495 5233 2742 5301 inquam,
2775 5232 2954 5300 puella
2987 5233 3103 5287 seni
3138 5233 3329 5296 nubat.
3355 5249 3491 5289 nete
3526 5247 3667 5290 ante

2079 5327 2522 5383 benedictionem
2557 5339 2662 5378 una
2710 5325 2937 5378 cubent.
2981 5325 3198 5395 Jejunia
3233 5327 3484 5392 Quatuor
3515 5337 3660 5381 tem-

2078 5437 2272 5491 porqu
2305 5433 2373 5472 ne.
2407 5418 2714 5479 solvantur,
2737 5432 2922 5486 neque
2947 5419 3158 5487 jejunia
3179 5430 3390 5488 quam»
3411 5429 3661 5476 etsexun

2078 5514 2248 5567 ferias.
2282 5510 2665 5579 Eleetnosyna,
2695 5510 3085 5578 temperantia,
3111 5509 3322 5580 justitia
3351 5520 3407 5562 ct’
3454 5513 3661 5566 veritas

2077 5605 2146 5657 ab
2171 5604 2430 5656 omnibus
2482 5601 2744 5656 fidelibus
2793 5601 3072 5657 colantur.
3125 5600 3354 5658 Solvere
3394 5603 3664 5658 ECCll'SliS

2079 5694 2320 5748 decimas
2343 5700 2398 5747 et
2431 5693 2728 5762 primitias,
2765 5693 3048 5748 celebrare
3080 5692 3383 5749 memorias
3430 5707 3659 5750 saneto-

2309 5813 2349 5842 “
2379 5810 2396 5865 l
2427 5810 2553 5868 Cor.
2586 5828 2659 5879 v1,
2689 5813 2744 5868 9.
2825 5813 2865 5844 ”
2896 5811 3085 5870 llCor.
3116 5827 3174 5878 v,
3199 5810 3290 5868 20.
3414 5813 3458 5845 ’⁸
3493 5813 3650 5869 Rom.
