3894 6366
227 349 329 427 .525

1577 404 1588 416 .
1655 345 2062 423 EPISTOL/E.

3389 347 3494 422 :96

226 501 372 551 rum,
406 463 727 539 meminisse
761 462 1198 552 propinquorum
1227 461 1282 534 in
1313 478 1595 550 precibus,
1631 479 1804 533 absti-
1831 494 1878 549 Α
1907 491 2097 531 curam
2150 477 2396 532 omnium
2429 493 2458 532 a
2491 469 2603 532 Deo
2631 477 2946 548 suscepisti,
2992 478 3159 536 urbes
3204 479 3408 546 deseri,
3437 494 3494 538 et

225 594 361 632 nere
391 591 420 631 a
453 574 839 636 fornicatione.
873 573 1142 644 sanguine
1193 581 1249 627 et
1299 573 1590 636 sull’ocato,
1620 588 1646 625 a
1681 581 1818 642 phr-

225 671 431 740 stigiis,
462 665 962 728 incantationibus,
999 664 1488 720 observationibus
1541 665 1812 730 snpersti-

233 761 411 823 tiasis,
451 759 520 812 ab
547 758 695 812 omni
734 758 920 827 specie
948 756 1388 822 divinationum;
1418 771 1526 810 non
1558 767 1810 823 compre-

229 855 472 906 hendere
490 857 612 906 cuni
652 852 935 914 hwretico,
959 849 1061 904 nisi
1091 851 1161 904 sit
1192 849 1545 919 Sponsorqui
1568 862 1811 904 canones

227 962 454 1001 servare
508 963 620 999 non
673 945 887 1010 didicit,
937 960 1062 997 cum
1104 955 1286 1014 neque
1320 943 1583 1013 baptizari
1628 959 1809 1013 neque

227 1040 562 1094 monachum
599 1037 715 1092 fieri
757 1039 938 1092 liceat.
975 1036 1302 1092 Monachum
1331 1038 1425 1107 qui
1467 1056 1496 1092 a
1532 1049 1812 1093 monaste-

227 1134 311 1188 rio
343 1133 646 1202 aufugerit,
671 1132 765 1197 qui
801 1130 1073 1200 receperit
1098 1142 1189 1184 aut
1210 1131 1500 1196 ordinarit,
1528 1134 1811 1200 puniatur.

232 1223 478 1291 Denique
531 1223 831 1292 repetenda
882 1234 1011 1276 sunt
1056 1237 1112 1276 et
1169 1223 1655 1278 commemoranda
1705 1222 1815 1277 fte-

226 1327 466 1384 quenter
509 1331 538 1368 a
582 1316 860 1384 magistris
912 1314 1188 1382 Ecclesire,
1219 1331 1343 1385 qua:
1379 1315 1567 1370 fideles
1626 1315 1812 1369 facere

227 1405 474 1466 debent;
506 1413 562 1458 et
594 1421 716 1474 quae
742 1415 1001 1472 tanquam
1046 1416 1248 1474 pestes,
1287 1403 1619 1458 abominari.
1647 1403 1812 1457 Com-

232 1497 634 1551 memorandus
689 1495 858 1550 etiam
899 1495 1041 1565 ignis
1079 1495 1189 1560 ille,
1232 1496 1287 1549 in
1323 1496 1810 1550 consummatione

225 1590 415 1644 saaculi
445 1589 874 1659 exspectandus.
910 1589 1050 1642 Tum
1097 1589 1456 1643 exsecrabilis
1494 1589 1583 1642 illa
1619 1587 1810 1641 mundi

228 1685 380 1742 lues,
435 1683 658 1744 nefarii,
695 1685 944 1751 inquam,
977 1682 1307 1744 Antichristi
1342 1682 1633 1747 adventus,
1672 1696 1742 1735 ne
1765 1680 1810 1734 si

225 1793 292 1826 ex
325 1775 651 1844 improviso,
685 1775 822 1828 nihil
858 1772 1276 1843 prameditatis,
1309 1774 1552 1828 adfuerit
1584 1775 1811 1842 iniquus

1916 566 1983 618 ad
2017 579 2118 620 nos
2169 565 2360 620 venire
2394 566 2736 623 habitatores
2765 583 2993 634 earum;
3029 569 3140 623 imo
3188 568 3397 639 potius,
3433 573 3489 626 in

1915 657 2146 728 gratiam
2196 661 2586 730 eplscOporum
2641 661 2747 715 huc
2792 662 3078 730 prohibes.
3130 663 3226 718 Sin
3281 677 3495 728 autem,

1915 766 2014 820 per
2041 751 2270 820 gratiam
2305 752 2424 815 Dei,
2454 752 2560 806 huc
2589 761 2679 806 tua
2705 755 2997 822 prudentia
3025 768 3080 810 et
3102 757 3313 827 judicio
3342 773 3496 813 asse-

1915 844 2126 912 queris,
2163 845 2347 914 puniri
2389 861 2488 900 nos
2515 862 2542 900 a
2575 845 2707 909 Deo,
2744 861 2852 901 non
2881 858 2940 902 ut
2965 864 3279 918 percautus,
3307 856 3402 906 sed
3437 861 3497 906 ut

1915 948 2354 994 convertamur:
2393 953 2494 990 cur
2541 953 2648 990 non
2691 936 2857 1005 jubes
2905 941 3222 1008 pastoribus
3274 943 3494 996 illaruut

1915 1023 2230 1090 civitatum,
2279 1035 2339 1080 ut
2372 1028 2609 1097 quisque
2646 1043 2835 1083 eorum
2877 1045 3000 1084 cmn
3056 1048 3217 1102 grege
3250 1047 3351 1087 suo
3397 1034 3492 1096 sit,

1917 1129 1976 1172 ut
2011 1129 2126 1172 tum
2159 1121 2425 1188 precibus
2465 1122 2576 1175 Deo
2620 1122 2978 1188 adhibendis,
3011 1133 3122 1177 tmn
3158 1126 3494 1180 admonitio-

1916 1213 2079 1270 nibus
2107 1227 2159 1269 et
2196 1215 2680 1287 objurgationibus
2714 1233 2846 1272 suos
2884 1234 2912 1272 a
2951 1220 3194 1288 peccatis
3227 1229 3490 1283 servent;

1915 1318 2084 1378 atque
2123 1309 2196 1362 ita
2230 1309 2400 1362 Deum
2436 1311 2676 1380 placent,
2732 1320 2792 1366 ut
2844 1311 3021 1366 minas
3067 1312 3369 1380 aliquando
3408 1327 3492 1368 re-

1915 1403 2116 1454 mittat.
2151 1400 2231 1454 An
2264 1401 2308 1454 si
2347 1412 2401 1456 tu
2443 1417 2573 1456 oves
2607 1403 2813 1471 pastori
2863 1406 3257 1469 committeres,
3290 1407 3494 1462 deinde

1916 1494 2041 1548 illas
2073 1494 2294 1564 quidem
2329 1494 2630 1552 derelictas
2654 1512 2937 1562 cerneres,
2968 1498 3123 1552 illum
3155 1514 3289 1554 vero
3317 1503 3492 1569 quieti

1914 1603 2028 1642 sua:
2087 1589 2314 1658 suisque
2355 1589 2755 1658 copiditatibus
2808 1591 3095 1661 indulgere
3143 1601 3199 1646 et
3257 1594 3492 1657 servire,

1914 1679 2004 1732 die
2034 1678 2289 1743 obsecro,
2327 1679 2748 1750 relinqueresne
2799 1694 3076 1750 pastorem
3113 1686 3499 1754 impunitum?

1917 1785 2026 1823 non
2062 1772 2305 1840 patimur
2337 1785 2491 1839 oves,
2525 1775 2786 1842 pecudes,
2810 1776 3034 1847 impune
3064 1777 3286 1848 negligi,
3321 1787 3497 1847 etpa-

229 1868 323 1920 itle
373 1877 539 1935 atque
585 1868 881 1935 superbus,
911 1861 1023 1936 ‘qui
1073 1867 1360 1920 extollitur
1423 1883 1590 1936 supra
1645 1883 1808 1920 omne
1842 1862 1886 1920 Β
1919 1863 2118 1918 tiemur
2140 1875 2392 1934 pastores
2419 1869 2728 1923 animarum
2756 1871 2982 1939 impune
3003 1871 3217 1941 seipsos
3239 1888 3494 1942 pascere,

227 1961 380 2028 quod
423 1960 629 2013 dicitur
659 1960 824 2022 Deus,
857 1959 1015 2013 tuulti
1052 1959 1104 2011 in
1151 1974 1398 2013 errorem
1445 1958 1806 2021 inducantur,

227 2053 578 2108 cumcodcm
629 2053 682 2106 in
732 2053 1007 2105 ﬂannnam
1059 2053 1200 2122 ignis
1254 2050 1612 2120 conjiciendi.
1672 2050 1808 2114 lloc,

231 2161 455 2215 precor.
496 2155 781 2213 pastorum
816 2160 956 2212 opus
988 2143 1095 2208 sit;
1133 2144 1249 2197 haec
1286 2158 1419 2197 cura
1449 2151 1503 2196 et
1539 2143 1808 2204 studium,

231 2251 297 2292 ut
321 2255 442 2307 qua:
475 2237 734 2292 l’atribus
762 2237 882 2291 visa
914 2249 1045 2292 sunt
1073 2241 1304 2306 quasque
1340 2236 1416 2290 illi
1450 2248 1708 2290 accurate
1732 2244 1814 2288 te—

229 2343 499 2398 ttuerunt,
536 2332 627 2386 illa
660 2331 726 2385 ad
765 2332 1158 2400 temperandos
1207 2331 1591 2400 regendosque
1622 2329 1813 2382 fideles

227 2426 642 2480 adhibeamus:
677 2438 734 2481 et
783 2427 879 2496 qui
923 2443 987 2481 ea
1035 2442 1146 2480 non
1201 2425 1502 2489 servarint,
1539 2441 1661 2495 quae
1691 2441 1814 2504 ser-

231 2536 386 2583 vare,
418 2535 526 2573 non
560 2519 774 2572 solvere
801 2519 937 2589 jttssi
969 2533 1182 2582 sumus,
1221 2517 1322 2572 hos
1364 2517 1671 2572 maledictis
1696 2531 1816 2587 gra-

229 2611 474 2664 vissimis
501 2612 915 2665 anathematum
943 2611 1263 2665 afﬁciamus.
1298 2610 1440 2666 Ante
1470 2611 1657 2665 omnia
1680 2623 1814 2663 vero

231 2703 550 2772 baptizatos
601 2719 796 2757 onmes
839 2704 1049 2756 hortari
1099 2702 1389 2769 debemus,
1450 2713 1512 2757 ut
1545 2717 1720 2772 usque
1745 2701 1812 2754 ad

176 2851 185 2858 ,
230 2799 562 2866 Sanguinem
618 2795 973 2865 integerrime
1013 2804 1236 2850 servent
1263 2811 1610 2866 quascunque
1653 2793 1817 2850 Chri-

230 2895 354 2942 stus
392 2887 691 2957 praccepit:
726 2888 1065 2943 afﬁrmantes
1111 2891 1320 2958 absque
1368 2890 1635 2957 operibus
1668 2901 1815 2940 mor-

236 2990 388 3034 tuam
423 2991 548 3035 esse
585 2979 781 3044 fidem,
811 2991 868 3035 et
915 2982 1064 3050 quod
1118 2997 1227 3034 non
1274 2982 1456 3036 omnis
1505 2981 1596 3050 qui
1653 2981 1810 3046 dicit,

233 3073 461 3128 Domine
515 3073 761 3135 Domine,
819 3076 1038 3128 intrabit
1086 3076 1137 3128 in
1185 3091 1404 3144 regnum
1460 3075 1711 3128 calorum
1745 3075 1810 3133 ιτς

232 3180 293 3224 et
345 3169 526 3223 illud:
560 3167 667 3235 Qui
704 3184 811 3222 non
844 3183 990 3222 amat
1029 3185 1138 3228 me.
1181 3185 1467 3224 sermones
1509 3183 1662 3223 meos
1701 3183 1811 3221 non

231 3271 437 3314 servat.
475 3261 602 3315 ﬂare
631 3272 684 3315 et
717 3263 820 3315 alia
852 3261 1164 3331 hujusmndi
1207 3277 1272 3315 ex
1311 3261 1522 3316 sanctis
1561 3261 1813 3328 Scriptu-

234 3353 336 3418 ris,
375 3352 484 3406 nisi
511 3353 578 3407 iis
605 3354 699 3423 qui
736 3369 798 3407 ea
832 3355 1086 3424 ignorant
1111 3353 1559 3423 exposuerimns,
1622 3364 1815 3422 quem-

231 3444 537 3498 admodum
565 3447 774 3500 erimus
805 3446 994 3500 ftdeles
1011 3447 1458 3516 dispensatores?
1478 3445 1578 3508 Ne,
1603 3459 1812 3514 quasso,

233 3538 543 3592 oscitanter
571 3548 738 3608 atque
770 3539 1137 3610 negligenter,
1180 3538 1276 3592 sed
1310 3553 1434 3592 cum
1477 3539 1676 3592 timore
1709 3554 1806 3606 pn-

234 3631 348 3682 tius
375 3639 546 3699 atque
577 3639 839 3694 tremore,
887 3633 1006 3686 sine
1059 3631 1169 3685 ulla
1219 3634 1602 3692 cunctatione.
1638 3630 1814 3684 Evan-

230 3724 375 3793 gelia
405 3731 599 3778 sancta
634 3723 1026 3787 edisseramus,
1061 3725 1325 3778 docentes
1366 3724 1567 3778 cadum
1607 3734 1663 3777 et
1704 3733 1815 3776 ter-

231 3831 352 3869 ram
412 3817 732 3879 transitura,
787 3820 951 3871 verba
1006 3823 1192 3870 autem
1263 3817 1384 3885 ejus
1441 3830 1811 3884 nequaquam.

234 3908 498 3962 hicamus
525 3906 729 3962 frustra
753 3907 985 3962 fortasse
1019 3910 1228 3962 dictum
1259 3923 1382 3962 esse
1410 3907 1464 3960 in
1488 3907 1770 3975 Scriptura
1799 3921 1814 3966 ε

226 3995 402 4052 Nemo
432 4009 577 4049 erret
621 4011 640 4050 :
675 4013 838 4051 nemo
886 3998 1109 4066 inquam
1155 4013 1334 4068 neque
1360 4014 1552 4052 eorum
1583 4000 1677 4067 qui
1720 4013 1815 4051 an-

235 4096 322 4140 tea
369 4089 618 4149 fuerunt.
661 4103 836 4157 neque
867 4104 1062 4143 eorum
1109 4089 1204 4161 qui
1244 4099 1434 4159 postea
1481 4100 1665 4143 erunt.
1722 4089 1812 4143 Esi

230 4191 422 4232 autem
462 4179 624 4232 nobis
649 4179 909 4246 primum,
946 4180 1043 4250 qui
1079 4189 1328 4250 pastores
1359 4196 1577 4241 sumus.
1611 4197 1817 4234 navan-

229 4270 368 4322 dum
422 4270 642 4337 virtuti,
675 4271 1102 4341 docendumque
1143 4273 1390 4338 omnino,
1435 4273 1583 4344 quod
1637 4282 1724 4328 est
1762 4275 1817 4329 in

230 4363 445 4418 sanctis
475 4363 802 4434 Scripturis.
831 4381 927 4420 eos
973 4366 1069 4436 qui
1103 4365 1384 4422 Christum
1435 4368 1668 4438 ejusque
1700 4383 1818 4422 sero

231 4472 431 4512 mones
467 4467 788 4512 reverenter
818 4459 1266 4523 observaverint,
1318 4476 1436 4526 eos,
1474 4461 1722 4531 inquatn,
1748 4461 1818 4516 ab

1913 1973 2022 2011 non
2060 1959 2231 2014 oves?
2257 1960 2410 2030 quid,
2446 1977 2654 2031 quzeso,
2685 1963 2827 2032 apud
2857 1963 3027 2017 Deum
3063 1965 3498 2018 excusabimus?

1915 2051 2128 2104 utinam
2167 2065 2237 2106 ne
2276 2053 2410 2106 illud
2445 2053 2610 2107 nobis
2639 2053 3055 2122 exprobretur:
3097 2055 3292 2111 Omnes
3343 2073 3493 2126 qua:-

1915 2147 2042 2190 rtmt
2070 2156 2187 2209 quae
2217 2157 2317 2194 sua
2347 2150 2492 2205 sunt,
2541 2159 2646 2196 non
2686 2160 2803 2212 qua
2840 2144 2966 2198 Iesu
3011 2145 3215 2201 Christi
3241 2148 3307 2201 “.
3339 2146 3496 2213 Quod

1915 2231 2064 2285 enim
2103 2243 2297 2302 preces
2332 2235 2388 2289 ei
2421 2235 2634 2305 vigilias
2681 2240 2793 2305 pra:
2829 2238 3046 2307 ignavia
3096 2254 3205 2294 non
3259 2249 3494 2303 curant,

1916 2336 1970 2378 et
2003 2342 2101 2380 nos
2151 2329 2278 2396 quia
2314 2328 2402 2382 his
2435 2345 2722 2394 vacamus,
2764 2331 2992 2394 rident,
3028 2332 3187 2400 plane
3250 2333 3495 2388 ostendit

1918 2414 2057 2469 nihil
2087 2431 2181 2469 eos
2215 2417 2397 2482 malle,
2434 2435 2613 2489 neque
2666 2421 2816 2476 aliud
2862 2423 2943 2477 eis
2970 2438 3092 2478 esse
3123 2425 3494 2494 propositum,

1917 2522 2080 2575 quam
2117 2509 2459 2577 patriarchas
2488 2528 2727 2579 movere,
2772 2523 2829 2568 et
2877 2527 3104 2571 munera
3135 2518 3386 2589 aecipere
3435 2519 3493 2574 iu

1914 2599 2151 2668 judicio,
2182 2610 2238 2654 et
2267 2613 2465 2657 caetera
2499 2605 2608 2658 alia
2637 2607 2988 2662 committere
3016 2616 3139 2678 quae
3169 2609 3286 2680 ipSe
3318 2620 3497 2665 status

1921 2702 2228 2762 temporum
2255 2697 2467 2772 docuit.
2490 2699 2600 2753 Ant
2631 2701 2796 2770 igitur
2830 2701 2965 2770 jube
3003 2703 3234 2773 singulis
3265 2705 3500 2774 quibus-

1919 2803 2028 2856 que
2057 2788 2124 2842 ad
2153 2789 2427 2845 dimceses
2459 2792 2730 2860 proficisci
2774 2808 2925 2860 suas,
2961 2807 3055 2850 aut
3083 2795 3267 2850 sinant
3299 2812 3386 2852 me
3427 2798 3496 2852 ad

1925 2896 2096 2934 unum
2131 2898 2162 2937 e
2193 2883 2308 2936 suis
2341 2882 2600 2953 gregibus
2636 2883 2752 2948 ire;
2783 2893 2837 2938 et
2873 2901 2959 2939 me
2986 2886 3356 2957 jurejurando
3395 2890 3501 2943 ob-

1923 2976 2186 3045 stringam
2237 2991 2520 3046 nunquam
2562 2977 2630 3031 ab
2661 2991 2727 3031 eo
2775 2977 3180 3043 discessurum,
3219 2980 3320 3050 ipsi
3368 2996 3501 3037 vero

1923 3070 2114 3122 urbem
2169 3069 2705 3140 Constantinopolim
2753 3071 2860 3124 sibi
2905 3071 3052 3126 inter"
3114 3089 3175 3128 se
3219 3075 3498 3128 dividant.

1921 3162 2062 3228 Quid
2102 3163 2250 3216 enim
2284 3162 2560 3217 infelicius
2594 3179 2716 3220 esse
2749 3173 2952 3236 potest.
2995 3181 3161 3236 quam
3185 3168 3240 3222 in
3283 3169 3502 3224 caeteris

1923 3252 2244 3307 civitatibus
2293 3252 2464 3307 licere
2508 3253 2710 3322 cuique
2762 3254 2975 3324 pastori
3028 3270 3178 3320 suos,
3229 3266 3496 3326 quantum

1924 3355 2108 3416 potest
2131 3355 2187 3402 et
2212 3346 2306 3416 jus
2339 3356 2447 3412 est,
2481 3353 2671 3416 regere
2704 3347 2868 3416 atque
2925 3348 3271 3418 gubernare;
3302 3351 3356 3404 in
3385 3353 3499 3407 sola

1924 3455 2057 3494 vero
2087 3440 2190 3495 hac
2222 3440 2359 3493 urbe
2387 3439 2628 3510 judicem
2660 3455 2783 3494 esse
2831 3441 3153 3512 quicunque
3189 3443 3356 3504 velit:
3407 3460 3503 3498 ve-

1922 3546 2046 3586 rum
2075 3533 2122 3586 si
2169 3531 2303 3585 mihi
2356 3531 2558 3596 credis,
2598 3531 3016 3601 religiosissime
3049 3537 3368 3604 imperator,
3420 3537 3504 3591 fac

1923 3637 1984 3679 ut
2016 3626 2118 3680 hos
2169 3627 2352 3695 potius
2393 3624 2611 3678 tristitia
2659 3624 2889 3690 afﬁcias,
2943 3641 3107 3697 quam
3162 3627 3356 3684 Deum.
3410 3630 3504 3685 Et-

1923 3719 2092 3780 enim,
2119 3719 2164 3772 si
2186 3719 2408 3788 quando
2433 3717 2593 3783 alias,
2623 3732 2772 3772 nunc
2797 3720 3038 3775 maxime
3067 3721 3358 3791 episcopos
3375 3736 3500 3776 cum

1921 3811 2181 3880 gregibus
2227 3810 2345 3864 suis
2391 3810 2533 3863 mori
2587 3817 2891 3878 oporteret.
2927 3810 3086 3876 Quod
3141 3813 3186 3866 si
3234 3812 3502 3877 nolueris,

1921 3915 2152 3975 propter
2181 3912 2329 3956 tuam
2359 3917 2486 3973 erga
2528 3915 2626 3957 eos
2662 3904 3050 3969 reverentiam,
3082 3919 3284 3976 cogere
3322 3913 3382 3959 ut
3420 3905 3505 3960 fa-

1923 3997 2069 4050 ciant
2099 3995 2246 4066 quod
2278 3996 2462 4051 facere
2495 3995 2722 4061 debent,
2753 4011 2858 4067 ego
2882 4009 3138 4066 suscepta
3184 4011 3376 4062 causa,
3407 4013 3504 4052 ve.

1921 4087 2029 4143 lint
2070 4087 2270 4153 nolint,
2313 4103 2382 4143 ex
2439 4087 2580 4143 urbe
2619 4087 2842 4158 pellam,
2879 4088 3220 4158 reddamque
3262 4089 3506 4144 audaciae

1924 4181 2086 4252 hujus
2116 4181 2380 4236 rationem
2415 4181 2546 4238 Deo.

2439 4343 2442 4345 λ
2468 4317 2808 4376 EPISTOLA
2848 4320 2960 4376 νη.

1975 4433 2250 4508 Ejusdem,
2283 4431 2354 4492 ad
2383 4437 2622 4492 eumdem
2652 4439 3050 4507 imperatorem,
3075 4443 3139 4496 de
3175 4442 3357 4496 eadem
3391 4458 3467 4496 re.

232 4549 436 4602 eodem
485 4546 709 4603 Christo
755 4549 1121 4611 contitendos,
1155 4552 1526 4607 declarandos
1571 4564 1628 4608 et
1661 4568 1819 4607 coro-
1853 4558 1896 4612 D
1996 4550 2053 4605 Si
2085 4566 2274 4607 verum
2310 4561 2396 4608 est
2419 4553 2566 4622 quod
2593 4553 2703 4608 dici
2739 4555 2880 4610 solet
2909 4556 3003 4625 qui
3036 4572 3259 4627 gregem
3281 4569 3504 4628 pastore

233 4642 478 4707 naudos,
511 4658 575 4696 ac
604 4642 778 4712 gldria
809 4643 1146 4712 sempiterna
1173 4659 1292 4698 esse
1318 4644 1690 4710 honorandos;
1716 4646 1811 4716 qui

232 4750 368 4788 euri)
397 4749 635 4803 corpore
653 4744 710 4789 et
741 4736 939 4805 spiritu
974 4738 1342 4801 honorarunt,
1380 4753 1552 4798 nunc.
1573 4740 1819 4808 inquam,

229 4828 353 4897 jam
382 4829 574 4882 ﬁdeles
603 4842 772 4898 atque
802 4832 1110 4900 prudentes
1142 4831 1476 4893 declaratos,
1496 4831 1562 4884 ad
1599 4832 1822 4901 nuptias

235 4931 300 4974 ct
345 4921 691 4977 immortales
730 4923 849 4978 illas
881 4924 1111 4978 delicias
1159 4926 1551 4987 admittendos,
1598 4935 1656 4978 ut
1693 4941 1820 4978 cum

238 5014 651 5083 palchen-rimo
694 5015 791 5068 illo
819 5031 1027 5084 sponso
1061 5015 1322 5070 Ecclesiae
1357 5017 1590 5070 Domino
1627 5027 1818 5070 nostro

235 5105 375 5160 Jesu
406 5103 626 5160 Christo
655 5121 873 5176 semper
902 5108 1047 5172 sint;
1082 5107 1170 5162 cui
1207 5108 1406 5170 honor,
1437 5117 1494 5162 et
1524 5107 1817 5178 imperium

237 5199 302 5256 in
337 5197 555 5253 siccula.

810 5293 1144 5349 EPISTOLA
1181 5294 1270 5350 Vl.

232 5381 521 5455 Ejusdem,
554 5380 624 5438 ad
675 5387 1072 5454 imperatorem,
1118 5393 1180 5437 int
1231 5385 1410 5453 iubeat
1450 5386 1705 5457 episcdpis
1733 5386 1822 5438 ,ξι-ε

788 5460 853 5510 ad
889 5474 1011 5509 suns
1037 5457 1302 5510 άὶαεςεεεε.

318 5566 384 5622 Si
415 5566 581 5623 urbes
606 5569 662 5620 in
703 5567 929 5622 Oriente
965 5567 1167 5622 vastari
1214 5576 1270 5620 et
1313 5567 1564 5622 iunditus
1596 5567 1826 5622 interire

237 5661 383 5723 scis,
409 5662 556 5728 quod
585 5661 788 5714 malum
825 5661 968 5714 Deus
995 5671 1228 5723 avertat,
1261 5676 1361 5714 cur
1392 5676 1499 5713 non
1523 5661 1704 5730 jubes,
1730 5661 1824 5728 qui

325 5847 370 5879 "
405 5846 600 5904 Matth.
645 5850 859 5917 “1,91.
939 5851 977 5881 "
1016 5850 1253 5920 Pitiiipp.
1304 5867 1360 5920 tt,
1402 5851 1490 5906 “2!.

1928 4644 2131 4714 privat,
2167 4647 2390 4715 utrique
2431 4646 2740 4714 periculum
2791 4662 3002 4713 creare,
3039 4649 3288 4718 profecto
3340 4665 3505 4719 prave

1927 4735 2258 4805 supplicium
2319 4747 2506 4792 manet
2558 4751 2687 4791 eum
2745 4739 2839 4806 qui
2901 4747 3178 4808 pastorem
3232 4749 3385 4794 arcet
3435 4740 3504 4794 ab

1926 4828 2056 4882 ovili
2084 4844 2099 4892 ;
2139 4828 2416 4897 debetque
2449 4830 2544 4898 qui
2595 4838 2787 4899 pastor
2815 4839 2922 4894 est,
2956 4846 3132 4900 usque
3173 4831 3239 4884 ad
3273 4833 3501 4899 sanguio

1928 4932 2052 4975 nem
2104 4935 2206 4990 pro
2251 4935 2415 4990 grege
2450 4921 2660 4976 Christi
2707 4937 2816 4975 non
2871 4923 3233 4993 relinquendo
3284 4925 3505 4980 labouzs

1929 5012 2200 5082 perferre,
2230 5013 2340 5068 nisi
2374 5029 2498 5068 cum
2544 5030 2686 5083 opus
2715 5015 2886 5069 fuerit
2923 5015 2978 5069 in
3028 5015 3243 5086 synodo
3269 5018 3506 5088 singulis

1928 5108 2089 5160 annis
2120 5106 2187 5160 ad
2223 5106 2496 5176 agendum
2541 5108 2612 5161 de
2658 5107 2826 5161 rebus
2856 5107 3188 5161 necessariis
3223 5110 3506 5180 paulisper

1929 5200 2146 5254 abesse.
2177 5197 2393 5262 Ouibus
2419 5199 2722 5264 conclusis,
2759 5200 3021 5255 celeriter
3053 5200 3399 5256 redeundum
3426 5204 3502 5258 illi

1926 5291 2018 5354 sit,
2057 5291 2102 5344 si
2153 5289 2332 5344 credit
2364 5305 2422 5346 se
2452 5290 2804 5352 redditurum
2843 5290 3110 5345 rationem
3143 5307 3362 5348 summo
3403 5311 3506 5364 pa-

1927 5384 2063 5438 stori
2111 5382 2357 5447 Christo,
2396 5392 2454 5438 et
2488 5383 2535 5438 si
2568 5383 2771 5455 dignus
2812 5393 2899 5438 est
2947 5385 3174 5451 nontine
3229 5388 3502 5456 pastoris:

1939 5475 2042 5529 nisi
2085 5475 2226 5528 forte
2251 5475 2419 5528 etiam
2453 5488 2681 5546 propter
2730 5478 3146 5540 necessitatem,
3195 5475 3262 5532 ad
3297 5479 3508 5535 utilita«

1937 5578 2043 5623 tem
2077 5567 2384 5621 animarum
2452 5568 2846 5638 pertinentem,
2883 5569 2954 5623 ab
2983 5570 3314 5640 imperatore
3348 5581 3442 5626 aut
3470 5585 3510 5628 a

1934 5658 2249 5729 patriarcha
2275 5659 2462 5712 statim
2499 5658 2782 5714 rediturus
2817 5669 3060 5713 vocetur.
3091 5659 3248 5727 Quod
3279 5663 3323 5716 si
3349 5663 3510 5715 aliter
