3888 6534
202 492 305 556 L53

1027 485 1128 546 EE
1170 481 1696 545 PROCESSIONE
1739 479 1800 539 S.
1842 475 2215 537 SPIRITUS
2254 472 2546 535 ORATIO
2595 472 2646 534 Ι.

3368 465 3474 532 554

269 610 363 673 ιη’.
398 601 591 666 Βαὸαὶ,
649 598 813 653 πόσον
867 597 995 668 ἐμοὶ
1047 597 1208 667 φέρει
1265 596 1335 648 τά
1397 593 1667 664 εἰρημένα
1724 591 1779 645 :6

1957 590 2043 646 18.
2105 588 2283 658 Papae,
2337 601 2501 657 quam
2560 585 2695 640 mihi
2751 583 3160 655 comprehensu
3218 578 3464 636 difﬁcilia

198 671 528 767 δύσληπτον.
552 695 614 748 Εἰ
640 696 751 763 γὰρ
779 693 808 746 6
865 690 1058 760 Πατὴρ
1106 690 1272 760 γεννᾷ
1306 688 1400 741 τὸν
1433 687 1560 740 Υἰον
1601 685 1676 757 μὴ
1715 683 1779 738 εκ

1914 693 2034 747 unt,
2069 695 2194 751 quae
2243 679 2540 734 dicuntur!
2578 677 2793 732 Etenim
2823 676 2867 731 si
2903 676 3066 731 Pater
3113 681 3342 744 generat
3372 671 3469 726 Fi-

199 809 348 853 τινος
372 789 541 844 τοῦτο
571 786 776 852 λαϐὼν,
819 784 939 838 οὐδὲ
969 786 996 837 6
1026 782 1154 845 Υἱὸς
1184 782 1296 852 ἔχει
1326 780 1388 834 τὸ
1425 778 1652 848 Πνεῦμα
1683 777 1781 830 λαο

201 882 312 935 ϐὼν
339 882 473 936 αὐτὸ
509 877 755 948 φυσικῶς
809 877 961 945 παρὰ
1007 872 1102 927 τοῦ
1136 873 1374 944 Πατρὸς,
1404 872 1465 925 οὐ
1512 869 1783 939 γεννώμε-

204 959 463 1036 νον,’ἁλλ“
517 968 959 1040 ἐκπορευόμενον
989 966 1058 1020 δι’
1120 963 1286 1018 αὐτοῦ
1326 962 1479 1032 παρὰ
1531 962 1624 1015 τοῦ
1678 962 1788 1014 Πα-

1883 777 2040 840 lium,
2065 791 2093 829 a
2123 773 2274 828 nullo
2299 773 2352 828 id
2389 773 2688 843 accipiens,
2712 779 2768 826 et
2787 768 2962 825 Filius
2988 768 3157 823 habet
3179 766 3468 837 Spiritum,

1885 883 2012 924 eum
2042 882 2070 920 a
2104 865 2266 920 Patre
2306 865 2635 920 naturaliter
2683 862 2995 934 accipiens,
3044 875 3156 914 non
3201 858 3470 930 genitum,

1886 959 1980 1014 sed
2011 975 2112 1030 per
2159 957 2416 1016 eumdem
2452 957 2845 1029 procedentem
2895 971 2964 1009 ex
3004 955 3203 1009 Patre:
3242 965 3472 1022 prorsus

201 1066 351 1136 τρὸς,
379 1067 481 1116 οὐκ
512 1056 632 1115 οἶδα
665 1063 820 1113 ποῖον
846 1057 1096 1113 ἐντεῦθεν
1122 1056 1319 1126 ἰδίωμα
1349 1057 1622 1126 πατρικὸν
1646 1054 1788 1118 ἕξειν

1912 1067 2000 1107 ton
2026 1052 2207 1123 capio,
2235 1067 2533 1123 quamnam
2569 1059 2854 1122 paternam
2885 1048 3282 1120 proprietatem
3311 1043 3472 1097 habi-

205 1162 513 1228 φάσκουσιν
542 1157 636 1208 τὸν
671 1154 821 1208 Υῖόν.
859 1154 982 1216 Πῶς
1015 1152 1072 1207 δὲ
1128 1152 1222 1205 καὶ
1251 1151 1517 1218 Θεογόνον
1556 1149 1648 1202 τὸν
1680 1149 1792 1201 Πα-

205 1256 342 1321 τέρα
381 1248 886 1318 κατονομάζουσινς
921 1246 984 1298 Εἰ
1047 1243 1148 1314 μὲν
1185 1243 1267 1296 ὅτι
1311 1240 1442 1294 Θεὸν
1475 1240 1644 1311 γεννᾷ
1697 1238 1792 1292 τὸν

210 1345 360 1409 Υιὸν,
390 1344 608 1413 άληθῶς
643 1341 802 1394 τοῦτο
843 1340 942 1409 τῆς
977 1336 1267 1408 [ἰατρικῆς
1327 1334 1613 1406 ἐξαίρετον
1661 1332 1796 1386 ὐπο-

212 1438 477 1499 στάσεως,
512 1437 540 1487 ὁ
565 1435 622 1488 δὲ
657 1434 787 1496 Υἰδς
826 1433 888 1485 οὐ
935 1431 1223 1498 Θεογόνος,
1277 1429 1408 1483 Υἱὸν
1451 1427 1529 1500 μὴ
1561 1426 1792 1497 γεννῶν.
1829 1473 1834 1478 .

210 1531 272 1584 Εἰ
303 1529 360 1583 δὲ
393 1529 454 1582 τὸ
476 1528 676 1598 γεννᾷν
709 1527 804 1580 καὶ
831 1523 1167 1597 προϐάλλειν
1200 1525 1295 1576 καὶ
1323 1522 1493 1593 ἄμφω
1531 1520 1795 1588 συνάγον-

209 1639 301 1686 τες
349 1623 429 1684 εἰς
481 1621 702 1684 ταυτὸν,
735 1617 998 1686 Θεογόνον
1037 1615 1182 1670 οὕτω
1219 1614 1309 1669 τὸν
1351 1614 1576 1684 Πατέρα
1605 1612 1796 1682 φασὶν,

216 1716 329 1768 ἰδοὺ
362 1711 504 1768 Θεοῦ
536 1714 697 1782 γόνος
735 1712 830 1764 καὶ
852 1712 914 1764 τὸ
942 1708 1187 1780 Πνεῦμα,
1222 1709 1318 1762 καὶ
1343 1705 1462 1769 πῶς
1501 1706 1801 1775 μονογενὴς

216 1811 375 1876 Υἱός;
417 1809 482 1862 Εἰ
507 1806 552 1860 δ’
581 1800 1073 1875 ἀπαρακαλύπτως
1100 1800 1162 1854 τὸ
1193 1797 1525 1871 προϐάλλειν
1557 1798 1805 1865 εἰσάγον-

1894 1155 2078 1202 turum
2121 1153 2414 1200 autumant
2441 1145 2665 1200 Filium.
2699 1142 2766 1196 Et
2801 1139 3082 1211 quomodo
3119 1137 3215 1192 Dei
3261 1134 3476 1207 genito-

1893 1256 2008 1294 rem
2058 1238 2276 1294 Patrem
2324 1237 2671 1308 indigitant?
2725 1235 2781 1290 Si
2830 1233 2976 1305 quod
3026 1233 3195 1286 Deum
3252 1222 3481 1300 generat

1895 1332 2121 1400 Filium,
2152 1346 2283 1387 vere
2314 1331 2420 1386 hoc
2466 1339 2551 1386 εει
2582 1337 2826 1400 paternae
2865 1328 3228 1399 hypostascos
3279 1322 3475 1394 princi-

1895 1442 2089 1497 puum,
2143 1435 2198 1480 at
2250 1423 2420 1480 Filius
2466 1439 2574 1479 non
2635 1421 2805 1479 Deum
2858 1435 3128 1491 generatis
3189 1426 3292 1484 est,
3354 1432 3478 1472 cum

1898 1519 2099 1575 Filium
2131 1534 2243 1573 non
2277 1526 2525 1588 generet.
2579 1516 2636 1573 Si
2687 1531 2818 1571 vero
2863 1529 3147 1586 generare,
3183 1519 3238 1566 et
3272 1509 3477 1580 produ-

1901 1628 2049 1678 cere,
2092 1622 2150 1668 et
2182 1621 2416 1682 utraque
2448 1612 2502 1665 in
2531 1626 2704 1666 unum
2740 1610 3086 1679 colligantes,
3123 1606 3226 1660 hac
3262 1605 3484 1658 ratione

1902 1705 2074 1761 Deum
2105 1715 2459 1776 generantem
2507 1703 2724 1758 Patrem
2769 1702 3070 1773 appellant,
3105 1714 3234 1755 ecce
3289 1708 3347 1753 et
3390 1695 3485 1750 Dei

1904 1796 2053 1854 fetus
2083 1806 2169 1853 est
2211 1796 2482 1866 Spiritus;
2522 1804 2577 1850 ct
2621 1809 2860 1864 quanam
2909 1793 3122 1847 ratione
3167 1790 3487 1860 unigenitus

217 1919 309 1966 τες
339 1901 414 1963 ὠς
445 1900 646 1968 ἰδίωμα
687 1898 990 1966 Πατρικὸν,
1019 1893 1270 1948 ἐντεῦθεν
1323 1890 1803 1955 κατασκευάζουσι

1912 1893 2082 1949 Filius
2109 1891 2260 1948 erit?
2293 1891 2349 1948 Si
2389 1894 2518 1947 item
2556 1889 2866 1960 producere
2895 1897 3088 1959 aperte
3120 1885 3487 1942 insinuantes.

219 1960 486 2065 τὸνμὴ-δι’
517 1960 652 2045 Υἰοῦ
683 1960 991 2060 πεφηνέναι
1021 1987 1081 2041 τὸ
1122 1984 1350 2057 Πνεῦμα
1382 1984 1534 2055 παρὰ
1562 1983 1797 2056 Πατρός,

1912 1999 2170 2060 tanquam
2226 1989 2623 2058 proprietatem
2674 1993 2998 2055 paternam,
3052 1980 3181 2035 inde
3233 1991 3489 2046 compro-

222 2092 286 2142 ἐκ
315 2088 412 2141 τοῦ
474 2088 534 2139 ὲν
603 2087 746 2156 ἀρχῇ
797 2082 1082 2153 ἐκκεῖσθαι
1121 2080 1460 2150 σοφίζονται.
1493 2080 1568 2134 T6
1607 2079 1715 2150 γὰρ
1742 2080 1806 2133 ἐκ

228 2181 450 2250 Πατρδς
487 2177 564 2249 μὴ
591 2177 658 2230 δι’
690 2176 820 2230 Υἰοῦ
853 2175 914 2228 τὸ
953 2174 1182 2244 Πνεῦμα
1223 2175 1318 2227 καὶ
1345 2174 1406 2225 τὸ
1439 2171 1636 2243 ἰδίωμα
1665 2167 1806 2226 εῖναι

224 2271 502 2343 [ἰατρικὸν
527 2273 588 2324 τὸ
615 2268 1009 2340 προϐλητικὺν,
1031 2265 1295 2338 ἄντικρυς
1318 2265 1537 2318 ταυτόν.
1574 2266 1712 2319 Ποία
1749 2265 1806 2317 δὲ

222 2362 417 2435 Γραφὴ
459 2362 520 2416 τδ
583 2361 830 2414 τοιοῦτον
895 2357 1092 2428 ἰδίωμα
1145 2357 1557 2429 παραδίδωσιν;
1612 2357 1808 2412 ἔπειτα

225 2453 342 2516 πῶς
377 2453 439 2504 τὸ
474 2451 677 2523 προσὸν
707 2450 785 2522 τῷ
828 2449 1006 2521 Πατρί
1045 2449 1300 2520 καθάπερ
1335 2450 1476 2521 ἀρχῇ
1509 2450 1807 2522 προϐλητιο

223 2546 321 2599 κον
355 2543 868 2615 συμμερισθήσεται
901 2542 980 2613 τῷ
1007 2541 1118 2613 Υἰῷ
1149 2543 1212 2596 ὲκ
1241 2541 1338 2596 τοῦ
1369 2543 1435 2596 δι’
1465 2543 1632 2597 αὑτοῦ
1663 2540 1806 2598 εἶναι

224 2640 284 2692 τὸ
316 2638 544 2709 Πνεῦμα
578 2639 728 2710 παρὰ
758 2637 1012 2707 Πατρός;
1062 2638 1126 2691 Εἰ
1156 2637 1256 2708 μὲν
1295 2639 1404 2708 γάρ
1448 2639 1509 2690 ὲκ
1541 2637 1636 2690 τοῦ
1677 2637 1805 2692 Υἰοῦ

223 2729 286 2782 τό
318 2729 546 2798 Πνεῦμα
569 2728 721 2796 λέγει
756 2746 841 2792 τις
867 2729 943 2792 ὡς
972 2730 1037 2782 ὲκ
1077 2727 1305 2798 πρώτης
1337 2729 1536 2800 ἀρχῆς,
1566 2729 1720 2786 ἔσται
1743 2730 1807 2800 δὴ

227 2825 324 2878 καὶ
357 2826 384 2876 6
418 2823 546 2886 Υἱὸς
586 2827 726 2876 κατὰ
754 2822 815 2876 τὸ
871 2822 1105 2893 ἀρχικὸν
1171 2825 1434 2886 κοινωνὸς
1467 2823 1543 2894 τῷ
1607 2824 1806 2893 Πατρί.

225 2917 340 2968 Καὶ
374 2916 490 2978 πῶς
536 2915 692 2979 Υἱός;
729 2914 1096 2969 ἀνακόλουθον
1130 2914 1290 2968 τοῦτο
1341 2918 1442 2977 ,καὶ
1473 2916 1700 2972 ἄτοπον.
1743 2917 1808 2970 Εἰ

221 3008 279 3062 δὲ
309 3009 408 3061 καὶ
435 3006 572 3079 αὑτὴ
609 3007 702 3060 τοῦ
763 3007 1089 3077 Πνεύματος
1146 3009 1178 3077 ἡ
1213 3007 1546 3079 ὲκπόρευσις
1581 3010 1646 3062 ὲκ
1711 3007 1808 3064 τοῦ

225 3102 444 3172 Πατρὸς
487 3101 789 3174 διαρρήδην
828 3099 1199 3172 κηρύττεται,
1256 3101 1446 3166 καθὼς
1487 3104 1582 3156 καὶ
1627 3103 1808 3157 πάντα

221 3196 330 3248 ὃσα
363 3194 479 3264 ἔχει
514 3198 541 3248 6
577 3194 727 3258 Υἰὺς,
780 3191 1066 3264 προδήλως
1105 3193 1518 3265 σκιαμαχοῦσιν
1559 3195 1608 3247 οἰ
1659 3195 1808 3250 άντιο

1908 2082 2063 2148 bant,
2093 2097 2204 2136 non
2249 2096 2346 2151 per
2392 2080 2590 2134 Filium
2627 2077 2950 2147 apparuisse
2983 2073 3250 2146 Spiritum
3282 2087 3350 2125 ex
3383 2071 3490 2125 Pa-

1911 2182 2014 2238 tre,
2061 2188 2130 2228 ex
2173 2187 2241 2228 eo
2270 2171 2414 2242 quod
2459 2172 2514 2226 in
2549 2171 2825 2241 principio
2857 2166 3199 2226 effundatur,
3255 2161 3490 2218 subdole

1907 2273 2252 2338 argutantur.
2287 2264 2536 2333 Namque
2575 2278 2640 2317 ex
2673 2262 2835 2316 Patre
2869 2276 2981 2314 non
3010 2274 3105 2329 per
3140 2257 3334 2310 Filium
3361 2255 3452 2323 Spi
3475 2281 3489 2291 -

1909 2362 2100 2428 ritum,
2131 2369 2188 2416 et
2215 2361 2610 2430 proprietatem
2657 2371 2780 2411 esse
2815 2365 3106 2426 paternam
3138 2352 3246 2406 vim
3281 2350 3491 2420 produ-

1909 2452 2069 2508 cendi
2119 2453 2282 2523 plane
2319 2452 2464 2508 idem
2503 2462 2630 2508 est:
2682 2465 2932 2522 quaenam
2967 2457 3150 2502 autem
3201 2441 3490 2514 Scriptura

1911 2547 2072 2601 talem
2102 2548 2494 2616 proprietatem
2547 2546 2758 2600 tradit?
2793 2542 3002 2599 Deinde
3033 2539 3335 2612 quomodo,
3366 2537 3498 2608 qua!

1911 2641 2055 2696 inest
2104 2641 2254 2694 Patri
2299 2640 2471 2695 veluti
2527 2639 2803 2710 principio
2859 2637 3093 2693 facultas
3139 2632 3485 2694 eﬂ‘undendi.

1909 2733 2271 2803 dispartietur
2299 2749 2424 2788 cum
2456 2723 2620 2799 Filio,
2657 2741 2954 2802 propterea
2989 2729 3136 2800 quod
3173 2743 3272 2798 per
3303 2727 3484 2797 ipsum

1909 2834 1992 2880 est
2040 2824 2282 2896 Spiritus
2310 2841 2379 2881 ex
2416 2825 2622 2880 Patre?
2653 2823 2935 2894 SLquidcm
2988 2823 3034 2877 si
3082 2822 3208 2892 quis
3247 2837 3311 2876 ex
3351 2819 3493 2875 Filio

1911 2920 2206 2992 Spiritum,
2247 2929 2307 2975 ut
2337 2937 2406 2976 ex
2435 2920 2618 2990 primo
2656 2919 2934 2990 principio
2976 2925 3207 2980 asserat,
3241 2929 3494 2970 commu-

1911 3016 2117 3070 nicabit
2170 3015 2361 3085 utique
2404 3014 2578 3069 Filius
2625 3012 2794 3077 Patri,
2847 3011 3153 3068 secundum
3205 3009 3350 3080 quod
3401 3009 3494 3062 ille

1912 3110 2248 3182 principium
2281 3116 2388 3174 est,
2421 3117 2476 3164 ct
2509 3117 2623 3163 tum
2665 3106 2947 3178 quomodo
2995 3105 3101 3160 erit
3139 3103 3350 3159 Filius?
3397 3105 3494 3158 sed

1913 3217 2255 3272 consequens
2300 3200 2357 3256 id
2388 3199 2690 3257 absurdum
2724 3209 2829 3267 est,
2875 3215 2979 3254 nec
3023 3197 3306 3254 convenit.
3338 3195 3496 3265 Quod

221 3285 500 3349 τείνοντες
521 3300 534 3315 ο
568 3287 626 3336 ὲν
649 3285 707 3339 δέ
742 3302 806 3354 γε
836 3287 948 3349 τοῖς
977 3286 1462 3358 ’ὲπενηνεγμένοις
1493 3289 1805 3360 προσλαϐώ-

1917 3295 1963 3351 si
1997 3305 2051 3350 et
2079 3296 2196 3365 ipsa
2227 3293 2474 3364 Spiritus
2507 3294 2791 3366 processio
2824 3308 2892 3348 ex
2946 3293 3107 3348 Patre
3153 3291 3331 3362 palam
3382 3291 3501 3346 edi-

229 3379 376 3448 μεθα
408 3381 501 3431 καὶ
527 3379 620 3431 τὸν
648 3379 775 3433 Υἰδν
813 3380 994 3451 ἡμεῖς,
1033 3381 1130 3435 καί
1161 3382 1666 3453 άντεπενέγκωμεν
1715 3384 1814 3454 τῆς

226 3475 486 3541 θεογόνου
519 3474 803 3543 δυνάμεως
837 3474 1049 3546 ἔρημον
1085 3473 1144 3528 ὃν
1176 3474 1238 3529 τὸ
1277 3474 1507 3546 Πνεῦμα
1551 3476 1611 3529 τὸ
1638 3477 1815 3546 ἅγιον,

228 3566 332 3636 ἔρη
345 3583 445 3638 μος
467 3565 542 3620 ὢν
574 3569 666 3621 καὶ
693 3571 722 3622 ό
751 3568 899 3632 Υἰὸς,
927 3568 990 3622 οὐ
1023 3567 1431 3622 κινδυνεύσουσι
1461 3569 1584 3622 κατ’
1613 3570 1814 3634 αὐτοὺς

227 3662 333 3730 τῆς
372 3659 633 3730 θεότητος
663 3664 922 3715 ἐκπεσεῖν
955 3680 968 3727 ;

1923 3388 2092 3454 citur,
2138 3389 2606 3460 quemadmodum
2641 3399 2697 3446 et
2725 3390 2914 3445 omnia
2945 3405 3069 3460 quae
3108 3389 3274 3443 habet
3303 3387 3500 3450 Filius.

1925 3482 2220 3538 manifesto
2251 3484 2564 3539 adversarii
2616 3485 2860 3540 inaniter
2907 3499 3030 3540 cum
3081 3483 3273 3538 umbra
3327 3481 3504 3552 depu-

1926 3587 2117 3647 gnant.
2142 3575 2537 3634 Verumtamen
2575 3579 2629 3634 in
2658 3579 2919 3634 adductis
2966 3594 3068 3634 nos
3105 3579 3310 3634 Filium
3341 3592 3500 3632 assu-

1929 3669 2153 3736 mimus,
2188 3679 2243 3725 ει
2262 3671 2576 3743 objicimus,
2605 3671 2869 3727 facultate
2906 3671 3137 3740 Deipara
3164 3686 3290 3725 cum
3323 3669 3500 3739 Spiri-

234 3765 328 3808 tus
360 3764 589 3810 sanctus
645 3753 850 3822 careat,
874 3765 1168 3828 careatque
1201 3764 1258 3812 et
1330 3755 1447 3828 ipse
1479 3757 1672 3826 Filius,
1736 3774 1919 3818 annon
1962 3767 2267 3822 secundum
2317 3768 2470 3839 ipsos
2520 3768 2589 3824 de
2643 3768 2849 3822 deitate
2903 3767 3066 3838 dejici
3101 3766 3504 3838 periclitabun-

235 3847 371 3904 tur?

309 3944 400 3996 ιδ’.
441 3941 583 4009 Ἐγὼ
631 3940 687 3994 δὲ
722 3941 994 4012 θαυμάζω
1041 3945 1135 3998 καὶ.
1162 3945 1262 4018 τὴν
1307 3947 1488 4002 αὐτῶν
1524 3949 1622 4003 σὺν
1667 3949 1817 4002 ἀντι-

234 4037 388 4090 θέσει
428 4036 812 4108 άντιστροφὴν,
849 4037 920 4091 δι’
947 4033 1015 4110 ἧς
1053 4040 1127 4110 μὴ
1156 4035 1299 4093 εἶναι
1339 4043 1818 4108 κατασκευάζουσι

232 4128 316 4201 τῷ
360 4131 536 4200 Πατρὶ
568 4132 656 4184 τόν
695 4130 817 4186 Υῖδν
853 4133 1160 4200 όμοούσιον.
1203 4135 1265 4187 Εἰ
1298 4135 1406 4204 γὰρ
1432 4135 1494 4188 τὸ
1539 4136 1640 4206 μὲν
1683 4139 1818 4206 ὁμο⁴

236 4224 424 4300 ούσιον
452 4223 819 4293 όμοδὺναμον,
845 4224 905 4278 τὸ
936 4225 992 4278 δὲ
1033 4223 1109 4296 μὴ
1153 4226 1497 4298 ὁμοδύναμον
1533 4227 1658 4299 μηδ’
1692 4230 1824 4300 ὁμο-

236 4316 447 4379 ούσιον,
482 4315 514 4386 ἢ
541 4318 569 4369 6
601 4316 725 4381 Υἰὺς
753 4317 1040 4384 ὁμοούσιος
1071 4317 1148 4386 τῷ
1177 4320 1376 4392 Πατρὶ,
1409 4322 1504 4375 καί
1548 4323 1637 4377 διὰ
1664 4323 1822 4378 τοῦτο

242 4409 345 4458 καί
373 4406 740 4476 ὁμοδύναμος,
770 4407 838 4479 ἢν
872 4407 1134 4463 ὑπέθεντο
1164 4409 1414 4482 δύναμιν,
1440 4413 1535 4465 καί
1568 4415 1822 4482 γεννήσει

1999 3952 2087 4008 19.
2131 3953 2244 4023 Ego
2271 3966 2440 4026 porro
2477 3953 2724 4008 admiror
2754 3951 3080 4008 earumdem
3113 3969 3238 4008 cum
3277 3953 3505 4024 opposi-

1930 4047 2078 4102 tione
2103 4045 2545 4110 conversionem,
2571 4060 2669 4116 per
2695 4059 2860 4115 quam
2888 4041 3088 4099 Filium
3116 4059 3225 4099 non
3253 4044 3502 4116 ejusdem

1926 4155 2049 4196 esse
2078 4156 2202 4196 cum
2265 4141 2426 4196 Patre
2476 4149 2692 4196 natura;
2741 4146 3023 4195 astruunt.
3081 4139 3298 4194 Etenim
3354 4139 3402 4194 si
3451 4139 3506 4193 id

1927 4234 2076 4303 quod
2108 4231 2352 4303 ejusdem
2377 4233 2632 4287 essentia:
2665 4239 2772 4296 est,
2801 4230 3051 4302 ejusdem
3089 4229 3366 4286 facultatis
3398 4239 3506 4294 est,

1929 4335 1985 4378 et
2027 4323 2174 4395 quod
2222 4340 2332 4380 non
2385 4333 2468 4379 est
2503 4323 2750 4396 ejusdem
2799 4322 3104 4390 facultatis,
3141 4338 3324 4394 neque
3358 4323 3506 4393 ejus-

1929 4417 2053 4473 dem
2103 4415 2359 4472 essentize
2399 4425 2509 4480 est,
2545 4425 2641 4470 aut
2672 4415 2846 4470 Filius
2875 4415 3126 4486 ejusdem
3177 4429 3304 4469 cum
3338 4413 3504 4469 Patro

243 4498 471 4561 πάντως
497 4497 646 4566 Υἰδν,
689 4499 722 4570 ἢ
762 4501 859 4571 οὐχ
905 4500 1244 4574 ὁμοδύναμος
1269 4503 1370 4576 τὴν
1413 4507 1672 4577 τοιαύτην
1699 4523 1805 4574 γεν-

1929 4508 2201 4575 essentia,
2265 4507 2502 4579 ideoque
2552 4516 2608 4563 et
2661 4507 2910 4579 ejusdem
2970 4507 3268 4573 facultatis,
3333 4522 3525 4578 quam.

241 4591 475 4662 νητικὴν
518 4593 770 4660 δύναμιν,
809 4593 903 4646 καὶ
955 4595 1076 4647 κατ’
1110 4596 1332 4661 αὐτοὺς,
1367 4597 1474 4651 οὐδ’
1533 4599 1805 4669 όμοούσιος

1929 4601 2033 4670 ipsi
2097 4609 2449 4672 supponunt,
2502 4603 2728 4656 omnino
2776 4599 3066 4672 generabit
3121 4600 3360 4665 Filium;
3413 4608 3509 4652 aut

237 4683 320 4752 τῷ
375 4683 570 4752 Πατρί.
633 4685 742 4737 Καὶ
775 4684 912 4749 πῶς,
966 4686 1154 4754 φασὶν,
1189 4689 1237 4741 εἰ
1291 4688 1379 4742 διὰ
1408 4689 1502 4742 τοῦ
1565 4690 1696 4743 Υἰοῦ
1763 4692 1805 4745 τὲ

1933 4709 2042 4748 non
2075 4703 2158 4749 est
2197 4693 2448 4765 ejusdem
2490 4693 2786 4758 facultatis,
2824 4695 3156 4764 generatim:
3188 4692 3421 4752 scilicet,
3451 4700 3508 4745 et

244 4773 474 4844 Πνεῦμα
505 4775 565 4828 τὸ
591 4774 768 4844 ἅγιον,
798 4779 826 4830 ό
859 4778 1193 4848 Καισαρείας
1219 4779 1470 4844 Λεόντιος
1497 4780 1654 4850 ἔλεγε
1683 4783 1805 4836 κατὲ

1930 4786 2234 4842 secundum
2271 4787 2496 4841 eosdem
2548 4785 2811 4859 non‘erit
2858 4785 3104 4856 ejusdem
3162 4798 3289 4838 cum
3344 4784 3508 4836 Patre

243 4869 510 4934 Νίκαιαν,
539 4869 614 4932 ὡς
649 4873 711 4924 ὲκ
747 4869 848 4941 τῆς
890 4871 1020 4943 ὅλης
1054 4875 1273 4928 συνόδου
1323 4876 1462 4944 πρὸς
1490 4877 1581 4931 τὸν
1609 4875 1805 4931 Φιλόσοι

1929 4878 2207 4934 εεεειιιίιε.
2265 4879 2332 4934 Et
2388 4879 2690 4948 quomodo,
2725 4879 3004 4947 inquiunt,
3054 4877 3099 4931 si
3152 4893 3248 4946 per
3307 4875 3506 4931 Filium

242 4980 349 5032 φον
377 4977 390 4990 ⁸
423 4963 613 5030 Δέχου
657 4965 810 5032 μίαν
836 4967 1090 5033 θεότητα
1138 4965 1244 5020 τοῦ
1272 4968 1505 5036 Πατρός
1546 4969 1656 5023 τοῦ
1691 4987 1805 5037 γεγε

1928 4978 2015 5024 εει
2050 4968 2290 5038 Spiritus
2325 4977 2571 5031 sanctus.
2603 4968 2869 5024 Leontius
2897 4966 3260 5023 Caesariensis
3280 4965 3508 5020 nomine

240 5053 561 5118 νήσαντος
599 5054 708 5106 τὸν
749 5054 885 5107 Υἰὸν
916 5053 1369 5124 ἀνεκφράστως,
1401 5057 1499 5112 καί
1537 5059 1645 5114 τοῦ
1691 5061 1805 5116 Υἱοὶ

1929 5063 2162 5118 Nicaeum
2193 5064 2387 5134 synodi
2421 5065 2486 5118 ad
2519 5063 2910 5134 philosophum
2942 5059 3277 5128 respondet:
3321 5058 3511 5126 Accipe

242 5144 362 5198 τοῦ
386 5144 828 5229 γεγεννημένου
856 5147 925 5212 ἐξ
948 5149 1158 5215 αὐτοῦ,
1182 5150 1278 5204 καί
1312 5153 1420 5206 τοῦ
1443 5153 1616 5221 ἁγίου
1646 5156 1802 5209 Uret}

1932 5170 2096 5207 unum
2133 5154 2394 5209 Deitatem
2434 5153 2634 5218 Patris,
2665 5154 2756 5225 qui
2794 5154 2974 5224 genuit
3005 5151 3198 5206 Filium
3229 5149 3511 5222 ine/fabili-

235 5255 437 5309 ματος
467 5238 574 5292 τοῦ
597 5241 1076 5312 ἐκπορευομένου
1107 5244 1177 5310 ἐξ
1206 5247 1395 5300 αὑτοῦ
1435 5249 1542 5303 τοῦ
1575 5251 1804 5320 Πατρός

1934 5256 2032 5312 ter,
2065 5256 2113 5301 et
2147 5245 2274 5302 Filii
2299 5263 2364 5302 ea:
2392 5263 2452 5300 eo
2477 5247 2664 5317 geniti,
2695 5256 2745 5300 et
2779 5245 3012 5318 Spiritus
3033 5245 3207 5300 sancti
3227 5260 3292 5298 ex
3328 5248 3509 5298 eodem

243 5331 408 5386 ιόἰου
440 5329 508 5384 δὲ
537 5331 710 5398 ὄντος
743 5333 852 5388 τοῦ
896 5334 1072 5402 Υἰοῦ;
1103 5337 1226 5401 Πῶς
1257 5338 1312 5392 δὲ
1338 5340 1431 5392 καὶ
1464 5341 1626 5404 αὐτὸς
1659 5344 1688 5395 6
1717 5344 1800 5396 Kti

1933 5338 2098 5393 Patre
2129 5341 2480 5409 procedentis,
2533 5342 2622 5411 qui
2656 5349 2704 5394 et
2741 5341 2988 5412 praprius
3027 5346 3105 5393 est
3155 5336 3202 5391 F
3207 5337 3288 5393 itii
3310 5339 3333 5394 ἲ
3362 5335 3510 5403 Quo-

245 5441 366 5496 ριος
398 5427 456 5481 ὲν
485 5424 838 5494 Εὑαγγελῖοις
875 5430 1032 5500 φησι,
1066 5429 1129 5482 τὸ
1151 5431 1376 5502 Πνεῦμα
1397 5433 1458 5485 τὸ
1488 5433 1646 5502 ἅγιον
1675 5451 1805 5506 παρέ

1933 5431 2096 5487 modo
2145 5434 2310 5488 etiam
2345 5441 2400 5487 et
2443 5431 2560 5502 ipse
2595 5433 2862 5488 Dominus
2899 5432 2954 5487 in
3009 5431 3304 5501 Evangelia
3352 5428 3511 5488 dicit.

241 5517 345 5571 τοῦ
385 5517 595 5587 Πατρδς
641 5521 1061 5590 ἐκπορεύεσθαι,
1121 5523 1196 5594 μὴ
1246 5524 1563 5594 προστιθεὶς
1614 5527 1696 5592 τὸ,
1741 5528 1805 5582 διέ

1934 5525 2204 5594 Spiritum
2251 5534 2503 5580 sanctum
2536 5539 2564 5578 a
2593 5525 2756 5579 Patre
2789 5523 3110 5593 procedere,
3152 5537 3262 5577 non
3295 5520 3512 5584 addito,

238 5610 344 5665 τοῦ
381 5609 512 5665 Υἰοῦ
538 5627 552 5676 ;
588 5611 732 5682 Πρὸς
761 5615 916 5668 ταῦθ’
948 5617 1111 5686 ἡμεῖς
1137 5616 1314 5681 οῦτως
1350 5618 1805 5691 άνθυποφὲρομεν

1932 5634 2035 5688 ρετ,
2070 5616 2315 5674 Filium?
2343 5617 2441 5673 liis
2489 5632 2590 5674 nos
2627 5617 2704 5672 ita
2733 5619 3070 5690 objicimus:
3109 5616 3288 5684 Quare
3333 5615 3515 5685 Spiriv

239 5704 348 5759 Διὰ
370 5704 422 5756 τί
457 5705 518 5758 τὸ
550 5705 778 5777 Πνεῦμα
813 5706 874 5760 τὸ
903 5707 1082 5777 ἅγιον,
1125 5711 1255 5766 [8.ον
1282 5708 1437 5768 εἶπεν
1489 5716 1518 5768 6
1577 5716 1800 5770 Λεόντιο

1936 5724 2050 5770 tum
2093 5725 2344 5770 sanctum
2389 5715 2676 5786 proprium
2719 5715 2859 5771 dixit
2907 5715 3175 5771 Leontius
3222 5711 3368 5772 Filii.
3401 5723 3513 5764 non

242 5795 344 5849 τοῦ
381 5794 537 5860 Υἰοῦ,
570 5797 648 5868 μὴ
701 5798 892 5869 μέντοι
925 5801 1019 5852 καὶ
1065 5800 1156 5854 τὸν
1207 5803 1335 5856 Υἰὺν
1373 5805 1507 5859 ῐδιον
1552 5803 1694 5860 εἰναι
1735 5807 1805 5860 τοί

1935 5807 2066 5862 item
2101 5817 2157 5864 et
2183 5808 2384 5864 Filium
2425 5809 2708 5880 proprium
2755 5825 2878 5866 esse
2909 5809 3175 5879 Spiritus,
3224 5806 3331 5861 nisi
3363 5802 3514 5874 quod

243 5888 598 5960 ἰῖνεὺματος,
624 5893 672 5944 εἰ
707 5893 784 5962 μὴ
814 5891 907 5945 τὸν
935 5893 1034 5962 μὲν
1067 5895 1182 5965 ᾔδει
1245 5897 1470 5965 άμέσως
1504 5901 1568 5953 ἐκ
1598 5899 1692 5952 τοῦ
1724 5901 1805 5953 Πα

1935 5913 2266 5969 agnosceret
2292 5902 2442 5957 lintre
2475 5904 2700 5973 quidem
2739 5903 3058 5958 immediate
3084 5916 3152 5956 ex
3183 5900 3365 5961 Patre,
3395 5895 3518 5966 Spi-

230 5981 404 6075 πρὸς,
432 5982 494 6036 τὺ
523 5981 580 6037 δὲ
625 5983 713 6038 διὰ
762 5981 858 6036 τοῦ
888 5983 1018 6038 Υἰοῦ
1047 5986 1103 6050 ἐξ
1134 5987 1300 6041 αὐτοῦ
1345 5991 1438 6044 τοῦ
1487 5991 1696 6062 Πατρός
1723 6008 1737 6061 ;
1770 5993 1805 6047 Ε

1939 5994 2105 6051 ritum
2167 6010 2296 6053 vero
2355 6010 2452 6067 per
2499 5995 2700 6054 Filium
2755 6011 2822 6053 ex
2871 5997 3064 6053 eodem
3104 5993 3309 6048 Patre?
3351 5992 3416 6048 Et
3466 5990 3514 6046 si

543 6082 841 6144 ,Ρηιιοιη
893 6081 1012 6144 Gs.
1045 6082 1284 6150 CXLII.

2356 6105 2358 6107 ’
3122 6088 3193 6152 18

259 6163 288 6172 ς
