3876 6364
246 393 333 458 557
1070 392 1169 454 DE
1204 391 1726 459 PROCESSIUNE
1769 391 1829 454 S.
1873 388 2235 451 SPlRITUS
2265 387 2557 450 ORATIO
2594 389 2638 450 Ι.

3378 388 3485 454 558

309 502 409 572 23'.
450 503 575 567 Πῶς
612 501 657 556 6‘
710 502 1097 558 ἐπιϐάλλουσιν
1133 507 1533 575 εὐστοχώτατα,
1587 508 1681 560 καὶ
1728 507 1801 579 τῷ

1982 508 2074 564 22.
2137 504 2424 575 Quo‘modo
2494 505 2661 560 etiam
2723 515 2870 560 recte
2935 502 3065 559 iilud
3118 504 3482 575 conjiciunt:

243 596 446 650 Ηιῑσαν
478 595 656 651 δόσιν
684 595 941 664 ἀγαθὴν,
975 598 1069 652 καί
1104 596 1227 653 πᾶν
1259 598 1503 670 δώρημα
1547 599 1805 667 τέλειον,

241 688 457 742 ἄνωθεν
502 684 656 742 εἶναι
714 689 875 755 παρὰ
930 689 1040 744 τοῦ
1092 688 1214 743 τῶν
1261 691 1477 759 φώτων
1532 695 1763 760 Πατρός
1785 709 1807 758 ;

240 778 381 832 (lubt:
417 779 670 848 λέγουσιν
719 780 974 834 ἐνταυθοῖ
1001 781 1091 835 τδν
1133 782 1283 847 Υίὸν,
1320 784 1415 837 καὶ
1462 784 1523 837 τὸ
1556 784 1805 855 Πνεῦμα,

242 867 449 939 Πατέρα
479 868 535 922 δὲ
566 869 751 922 αὐτῶν
781 871 874 924 τὸν
915 870 1049 924 Θεὸν
1077 873 1151 943 μὴ
1186 874 1481 941 συνιέντες,
1508 875 1585 938 ὡς
1619 878 1668 930 εί
1700 878 1811 931 Πα-

238 962 332 1031 τὴρ
372 961 470 1016 τοῦ
526 964 842 1036 Πνεῦματος
866 966 895 1019 6
939 966 1096 1035 θεὸς,
1124 967 1184 1034 ἐξ
1208 969 1457 1041 ἀνάγκης
1493 972 1553 1026 τὸ
1580 973 1807 1043 Πνεῦμα

239 1054 477 1117 ΥἱόςίὊ
514 1057 703 1128 Πατὴρ
742 1059 848 1129 γὰρ
880 1061 1089 1131 κυρίως
1136 1061 1268 1115 Υίοῦ
1298 1063 1507 1134 Πατήρ.
1555 1066 1662 1119 Καὶ
1692 1067 1809 1130 πῶς

237 1147 267 1201 6
293 1134 464 1215 Λδγος
496 1152 816 1222 μονογενὴς,
863 1154 911 1205 εἰ
945 1155 1038 1205 καὶ
1068 1154 1129 1207 τὸ
1164 1155 1389 1225 Πνεῦμα
1441 1157 1567 1220 Υίός
1596 1175 1611 1225 ;
1665 1159 1808 1212 Ἀλλ’

241 1235 419 1308 ὥσπερ
444 1240 637 1310 Πατὴρ
668 1241 779 1293 τῶν
805 1242 1107 1313 οἰκτιρμῶν
1138 1243 1184 1295 6'
1212 1244 1364 1310 Θεὸς,
1392 1244 1463 1307 ὡς
1502 1246 1675 1308 animo;
1716 1246 1809 1302 καὶ

235 1329 386 1401 δοτὴρ
418 1332 747 1401 οἰκτιρμῶν,
783 1332 926 1388 οὕτω
973 1336 1069 1389 καὶ
1109 1337 1300 1408 Πατὴρ
1334 1338 1443 1391 τῶν
1477 1338 1668 1408 φώτων
1692 1338 1809 1392 ἔστί

235 1439 290 1477 τε
316 1425 410 1477 καὶ
441 1425 792 1494 ὀνομάζεται.
824 1427 984 1480 Φῶτα
1014 1428 1071 1482 δὲ
1116 1430 1320 1494 πάντες
1345 1432 1393 1484 οί
1426 1433 1488 1486 ἐκ
1522 1431 1659 1485 Θεοῦ
1694 1449 1809 1501 φω-

233 1517 432 1587 τισμοὶ,
468 1519 643 1572 πᾶσαι
677 1518 735 1571 αἱ
770 1518 1090 1590 ἰλλάμψεις,
1126 1522 1305 1576 πάντα
1339 1524 1407 1577 τὰ
1441 1524 1674 1596 οὗράνια
1710 1544 1809 1597 χα-

238 1609 496 1679 ρῗσμαιτα,
532 1612 623 1663 καὶ
652 1608 887 1681 λαμπρὰ
912 1612 1108 1675 ταῦτα,
1157 1617 1250 1668 καὶ
1286 1615 1462 1679 δόσεις
1494 1618 1633 1670 είσὶν
1666 1619 1808 1687 ἁγα-

236 1700 341 1766 θαὶ,
359 1703 456 1754 καὶ
482 1703 787 1774 δωρήματα
809 1703 1015 1768 τέλεια,
1039 1706 1260 1761 πάντων
1281 1707 1337 1760 δὲ
1356 1708 1559 1761 τούτων
1581 1710 1809 1779 γενέτης

237 1793 327 1846 καὶ
376 1795 654 1865 παροχεὺς
680 1798 708 1848 6
751 1795 908 1860 Θεὸς,
943 1796 1044 1850 οὐκ
1092 1798 1402 1869 ἀνθρώποις
1438 1804 1618 1873 μὸνον,
1670 1803 1806 1858 ἀλλὰ

1913 601 2077 653 Omne
2102 598 2287 652 datum
2318 596 2533 662 bonum,
2579 605 2631 650 et
2670 613 2821 651 omne
2849 597 3044 650 donum
3081 598 3369 668 perfectum
3394 598 3487 652 de-

1909 705 2071 760 super
2111 700 2187 744 est
2220 705 2285 743 ea:
2316 688 2481 743 Patre
2524 688 2833 744 luminum?
2869 688 3101 745 Lumina
3148 690 3238 745 hic
3285 700 3487 747 vocant

1910 782 2136 851 Filium,
2183 790 2239 837 et
2284 780 2577 851 Spiritum,
2628 781 2845 836 Patrem
2887 797 3021 837 vero
3046 798 3240 837 eorum
3275 784 3483 850 Deum;

1909 888 2013 929 nec
2041 873 2288 945 capiunt,
2321 873 2468 944 quod
2511 874 2556 927 si
2604 873 2750 929 Deus
2784 873 3024 943 Spiritus
3060 874 3220 930 Pater
3249 886 3352 940 est,
3387 893 3487 931 ne-

1909 967 2151 1023 cessario
2183 966 2428 1038 Spiritus
2467 976 2614 1022 esset
2647 966 2843 1023 Filius.
2882 967 3045 1021 Pater
3081 966 3228 1021 enim
3264 968 3487 1043 proprie

1909 1059 2032 1114 Filii
2058 1069 2264 1129 pater:
2311 1067 2369 1115 et
2418 1060 2697 1130 quomodo
2730 1058 2974 1115 Verbum
3020 1059 3388 1130 unigenitum,
3436 1060 3484 1113 si

1911 1148 2149 1220 Spiritus
2176 1149 2343 1205 etiam
2373 1148 2547 1204 Filius
2567 1148 2814 1205 i-st?Sed
2838 1150 3299 1220 quemadmodum
3324 1150 3486 1207 Pater

1910 1240 2328 1296 miscrationum
2374 1240 2520 1297 Deus
2567 1257 2675 1306 εει,
2734 1241 2906 1295 veluti
2955 1256 3120 1297 causa
3177 1240 3490 1296 miseratio-

1911 1348 2062 1398 num,
2107 1344 2164 1389 et
2217 1334 2399 1401 dator,
2429 1334 2509 1390 sic
2540 1344 2597 1390 et
2636 1333 2797 1389 Pater
2827 1334 3099 1390 luminum
3126 1343 3232 1397 est,
3266 1343 3319 1387 et
3352 1333 3490 1387 dici-

1913 1438 2003 1481 tur
2050 1444 2066 1485 :
2121 1426 2354 1483 Lumina
2409 1443 2542 1483 vero
2595 1427 2865 1483 universa:
2930 1426 3368 1482 illuminationes
3419 1439 3488 1480 ex

1911 1517 2044 1584 Deo,
2107 1518 2378 1575 universa:
2427 1519 2864 1583 illustrationes,
2924 1518 3184 1576 universa
3242 1518 3484 1573 coelestia

1909 1625 2165 1678 munera,
2209 1619 2267 1667 et
2296 1612 2558 1682 prmclara
2605 1626 2859 1681 qumque,
2889 1609 3014 1665 data
3055 1621 3184 1664 sunt
3224 1609 3389 1673 bona.
3430 1616 3488 1664 ct
3540 1678 3548 1687 .

1910 1702 2051 1758 dona
2109 1704 2383 1775 perfecta;
2443 1719 2749 1774 eorumque
2808 1705 3055 1758 omnium
3117 1702 3358 1774 genitor,
3430 1709 3486 1757 et

1910 1795 2173 1867 elargitor
2205 1796 2350 1852 Deus
2383 1812 2493 1852 non
2547 1797 2869 1853 hominibus
2904 1805 3136 1865 tantum,
3163 1797 3259 1852 sed
3287 1810 3485 1866 super-

239 1890 329 1939 καὶ
362 1890 479 1950 ταῖς
517 1889 912 1958 ὑπερκοσμῑοις
948 1889 1189 1955 ἁπάσαις
1219 1894 1500 1964 δυνάμεσι.
1552 1895 1671 1967 Χρὴ
1697 1899 1801 1950 τοί⁴

1910 1889 2207 1944 mundanis
2262 1890 2523 1945 omnibus
2577 1890 2899 1945 virtutibus.
2965 1888 3250 1945 Sententia
3302 1890 3486 1955 itaque

235 1995 324 2031 νυν
356 1980 672 2051 ἁπανταχοῦ
724 1981 820 2049 τῆς
851 1982 891 2035 Γ
898 1983 1086 2054 ραφῆς
1130 1986 1384 2057 προσφυῆ
1415 1987 1491 2057 τῷ
1532 1990 1679 2059 ῥητῷ
1707 1989 1806 2060 τὴν

234 2070 470 2124 διάνοιαν
524 2074 799 2146 ἑκζητεῖν,
864 2075 963 2128 καὶ
1008 2078 1432 2150 συνηρτημένην
1488 2080 1658 2151 ἑαυτῇ
1711 2082 1804 2135 καὶ

236 2164 587 2233 συνᾴδουσαν,
622 2167 714 2217 καὶ
748 2165 811 2219 τὸ
839 2167 1018 2222 αίτιον
1052 2166 1221 2231 ὄντως
1253 2170 1430 2223 αἴτιον
1460 2171 1804 2242 ἁρμοδιώτα-

230 2271 339 2320 τον,
371 2257 465 2308 καὶ
509 2256 583 2326 μὴ
630 2257 767 2327 πρὸς
798 2259 1017 2326 ἀνοδίας
1060 2262 1153 2317 καὶ
1188 2262 1473 2333 κρημνοὺς
1521 2264 1808 2329 ὲκτοπίζε-

232 2348 375 2412 σθαι,
410 2349 511 2419 τὴν
542 2347 765 2403 εὐθεῖαν
796 2351 1004 2416 ὲῶντας
1036 2356 1131 2408 καὶ
1174 2354 1411 2425 ἀπλανῆ.

300 2446 405 2510 κγ’.
450 2441 613 2495 ’Δλλὰ
645 2444 738 2495 καὶ
766 2442 827 2496 τὸ
855 2444 1167 2500 τελευταῖον
1203 2447 1384 2501 αὐτῶν
1413 2448 1510 2501 καὶ
1536 2447 1804 2517 δυσάντη-

228 2552 342 2599 τον,
375 2535 498 2587 τζδε
524 2550 539 2566 ’
580 2533 701 2598 Πῶς
730 2538 779 2589 εί
813 2536 899 2590 διὰ
929 2537 1024 2591 τοῦ
1066 2537 1198 2591 Υῐοῦ
1226 2539 1286 2593 τὸ
1312 2540 1537 2609 Πνεῦμα
1566 2542 1735 2603 ἐστὶν,
1779 2543 1807 2594 6

228 2630 389 2695 σοφὸς
449 2628 703 2697 Ἰωάννης
758 2632 945 2699 φησιν,
990 2630 1092 2685 Ἐκ
1133 2631 1240 2685 τοῦ
1284 2631 1422 2686 Υιοῦ
1463 2632 1528 2685 τὸ
1560 2633 1806 2702 Πνεῦμα

219 2723 305 2793 μὴ
330 2722 640 2793 λέγεσθαι,
694 2724 787 2778 καὶ
828 2723 916 2778 ὅτι
940 2728 1132 2796 μόνος
1159 2728 1351 2793 αττιος
1379 2731 1412 2783 ὁ
1440 2727 1643 2797 Πατήρ
1666 2745 1686 2793 ;
1714 2730 1807 2793 Είς

223 2815 390 2868 ταυτὶ)
432 2815 543 2886 γὰρ
589 2816 938 2884 συνάγουσιν,
979 2819 1055 2882 ὡς
1103 2819 1273 2887 ἔοικε,
1318 2821 1380 2873 τὸ
1424 2822 1487 2883 lx
1519 2820 1616 2876 τοῦ
1650 2822 1803 2888 Υἰοῦ,

223 2908 317 2961 καὶ
345 2909 425 2974 τλ,
453 2907 521 2961 δι’
550 2907 703 2962 Υίοῦ.
733 2909 856 2962 Ὅτι
888 2910 987 2978 μὲν
1010 2907 1105 2964 οὖν
1132 2914 1161 2965 6
1193 2913 1379 2976 αὐτὸς.
1416 2914 1465 2965 εί
1496 2915 1590 2967 καὶ
1618 2916 1680 2967 ὲκ
1708 2913 1803 2967 τοῦ

226 3000 440 3070 Πατρὸς
476 2997 587 3054 οἶδε
624 3001 685 3054 τὸ
722 3002 971 3073 Πνεῦμα,
1003 3003 1142 3075 πλὴν
1176 3004 1313 3060 ἀλλὰ
1357 3004 1427 3059 δι’
1458 3005 1612 3074 Υἰοῦ,
1644 3006 1804 3077 δῆλον

223 3092 284 3160 ἐξ
314 3089 390 3147 ὦν
445 3096 501 3147 ὲν
536 3093 717 3158 ἄλλοις
768 3098 936 3179 φησίν
970 3096 1104 3150 αὐτὸ
1140 3097 1362 3166 Πνεῦμα
1414 3097 1564 3163 Υἱοῦ,
1599 3099 1697 3167 οὐχ
1728 3098 1805 3162 ὡς

1906 1980 2045 2036 locis
2078 1982 2133 2036 in
2169 1984 2430 2039 omnibus
2482 1999 2655 2039 sacra:
2687 1984 2987 2053 Scriptura:
3021 1983 3172 2037 dicto
3201 1993 3480 2043 consona;

1905 2082 1957 2127 ct
1988 2073 2318 2145 sibimetipsi
2359 2076 2663 2139 cohaerens,
2706 2076 3180 2149 rcspodndensquc,
3223 2081 3279 2128 et
3314 2086 3481 2139 causa

1904 2181 2033 2221 vere
2062 2182 2249 2230 causa,
2282 2168 2827 2237 familiarissimaque
2861 2167 3155 2238 quwreuda
3178 2175 3283 2232 est,
3318 2164 3486 2219 dede-

1905 2268 2102 2329 cetque
2173 2271 2381 2316 rectam
2442 2262 2586 2315 viam
2657 2261 3101 2329 inerrantemque
3161 2257 3484 2312 deserentes

1905 2352 1973 2407 ad
2009 2364 2287 2425 praerupta
2314 2395 2329 2420 ,
2395 2355 2830 2427 confragosaque
2873 2354 3244 2423 nosmetipsos
3303 2349 3481 2422 conji-

1905 2462 2053 2502 cere.

1974 2542 2063 2596 ‘23.
2101 2541 2442 2599 Postremum
2470 2541 2817 2609 eorumdem,
2847 2558 2911 2597 ac
2942 2543 3103 2613 plane
3131 2542 3361 2598 dificile
3392 2559 3483 2597 ar-

1905 2643 2226 2703 gumentum
2275 2643 2359 2688 est
2393 2635 2721 2700 :Quomodo
2771 2635 2815 2689 si
2852 2650 2950 2703 per
2989 2635 3189 2690 Filium
3242 2634 3484 2705 Spiritus

1906 2737 2128 2780 sanctus
2156 2737 2263 2791 est,
2293 2729 2518 2798 sapiens
2541 2728 2781 2784 Joannes
2810 2730 2987 2798 inquit
3020 2746 3035 2783 :
3071 2729 3154 2783 Ex
3181 2728 3322 2783 Filio
3353 2727 3480 2800 Spi-

1907 2821 2066 2873 ritum
2103 2837 2208 2874 uon
2239 2822 2367 2885 dici,
2396 2830 2444 2875 et
2486 2820 2703 2876 Patrem
2730 2823 2897 2877 solum
2928 2839 3144 2877 causam
3170 2840 3301 2878 esse.
3329 2823 3480 2878 Idem

1906 2915 2052 2965 cnim
2085 2924 2299 2976 rentur,
2329 2923 2389 2970 ut
2427 2924 2679 2984 apparet.
2723 2931 2790 2970 ex
2839 2915 2999 2983 Filio,
3029 2927 3085 2970 et
3117 2932 3214 2986 per
3254 2915 3479 2970 Filium.

1905 3006 2169 3063 Joannem
2208 3008 2392 3077 itaque
2423 3008 2551 3073 licet
2580 3023 2646 3062 ex
2684 3009 2845 3064 Patre
2877 3008 3144 3079 Spiritum
3187 3009 3358 3074 dicat,
3396 3008 3483 3063 ni-

1910 3095 2213 3149 hilominus
2242 3111 2338 3165 pcr
2372 3095 2567 3150 Filium
2602 3098 2909 3168 agnovisse,
2940 3115 3005 3154 ex
3038 3099 3147 3154 illis
3206 3115 3329 3170 qua:
3356 3098 3480 3155 aliis

220 3186 281 3249 ἐξ
310 3185 503 3253 αὐτοῦ,
548 3186 665 3241 ἀλλ’
706 3188 781 3251 ὡς
808 3188 877 3241 δι’
928 3187 1093 3241 αὑτοῦ
1126 3190 1190 3241 ἐκ
1225 3187 1321 3242 τοῦ
1374 3190 1588 3259 Πατρὺς
1635 3192 1801 3245 brato.

1909 3190 1964 3243 in
1994 3188 2133 3243 locis
2162 3188 2319 3253 dicit,
2356 3190 2652 3243 manifesto
2692 3190 3027 3261 colligimus.
3075 3192 3323 3262 Namque
3357 3190 3482 3261 Spi-

220 3279 545 3349 ρευόμενον,
578 3278 638 3344 ἐξ
694 3274 771 3332 ὧν
811 3297 870 3333 τε
918 3282 1056 3351 πρὸς
1097 3281 1302 3351 Κύριον
1350 3283 1408 3334 εν
1441 3281 1632 3352 ὕμνοις
1682 3283 1801 3354 βοᾷ,

218 3372 441 3427 Ἰτίεων
469 3372 674 3440 νέμεις
707 3370 852 3441 ἡμῖν
882 3373 1125 3442 Πνεῦμα
1157 3373 1553 3441 μεταδοτικὸν
1588 3374 1807 3445 ἀγαθό-

216 3481 419 3531 τητος,
452 3464 523 3533 ἐκ
576 3465 807 3532 Πατρός
837 3447 937 3520 διὰ
984 3464 1103 3519 σοῦ
1137 3466 1604 3534 προερχόμενον.
1636 3468 1805 3536 Λέγο-

217 3574 324 3626 μεν
352 3556 409 3608 δὲ
441 3557 530 3609 καὶ
560 3557 743 3625 ἡμεῖς,
781 3555 856 3617 ὡς
901 3556 1001 3609 οὐκ
1026 3556 1094 3610 ἂν
1132 3557 1199 3609 ὲκ
1224 3556 1321 3609 τοῦ
1355 3557 1487 3610 Υἱοῦ
1524 3574 1803 3630 προηγου-

215 3652 402 3718 μένως
434 3649 652 3719 λεχθείη
683 3648 746 3701 τὸ
777 3650 1000 3720 Πνεῦμα
1030 3651 1089 3703 τὸ
1119 3648 1299 3718 ἅγιον,
1323 3649 1439 3703 ἀλλ’
1476 3652 1543 3704 ὲκ
1570 3650 1666 3705 τοῦ
1693 3652 1803 3704 Πα-

210 3742 348 3814 τρὸς
396 3743 487 3798 διὰ
535 3741 632 3796 τοῦ
683 3741 814 3795 Υίοῦ
850 3758 866 3774 ·
904 3741 1081 3814 χρεὼν
1110 3744 1219 3814 γὰρ
1267 3742 1651 3815 ὁμολογεῖσθαι
1698 3744 1801 3813 τὴν

213 3838 506 3908 Πατρικὴν
555 3836 916 3902 ὑπόσταστιν,
972 3837 1149 3908 ἀρχὴν
1190 3839 1286 3891 καὶ
1328 3837 1511 3891 αἰτίαν
1559 3839 1656 3890 καὶ
1704 3835 1800 3889 τοῦ

210 3932 353 3986 Υἰεῦ
393 3932 489 3985 καὶ
523 3930 617 3984 τοῦ
653 3929 971 4001 Πνεῦμα-ξος
998 3931 1187 3984 αὐτοῦ.
1218 3930 1398 3993 Μόνος
1438 3931 1546 4000 γὰρ
1570 3929 1746 3996 αἴτιος
1773 3932 1801 3984 ὁ

209 4028 440 4096 Πατὴρ,
489 4024 584 4078 καὶ
630 4023 731 4077 οὐκ
767 4024 833 4077 ἂν
862 4023 949 4094 εἴη
1001 4025 1179 4078 αἴτιον
1210 4023 1440 4093 ἀρχικὸν
1465 4024 1494 4076 6
1542 4022 1693 4087 Υἱὸς,
1724 4019 1802 4079 ὢν

206 4120 532 4182 αὖτοαίτιος
579 4120 606 4172 6
638 4118 853 4188 Πατήρ.
889 4119 1036 4172 Μίαν
1065 4117 1175 4187 γὰρ
1224 4118 1401 4189 ἀρχὴν
1434 4117 1526 4171 τὸν
1576 4118 1800 4189 Πατέρα

205 4214 304 4265 τὸν
338 4213 583 4284 ἄναρχον
626 4211 1037 4281 δογματίζομεν
1064 4213 1161 4263 καὶ
1209 4211 1442 4272 κτίσεως
1475 4210 1571 4264 καὶ
1605 4209 1798 4283 θεότη-

201 4325 330 4372 τος,
362 4306 467 4377 τῆς
496 4306 725 4367 κτίσεως
761 4303 1075 4375 ποιητικὴν,
1106 4302 1344 4375 φυσικὴν
1369 4303 1469 4373 τῆς
1521 4303 1796 4374 θεότητος.

212 4403 275 4454 'd
315 4404 421 4472 μὲν
449 4398 543 4453 οὖν
573 4403 636 4452 ἐκ
672 4396 771 4452 τοῦ
805 4396 936 4451 Υίοῦ
967 4398 1030 4450 τὸ
1061 4397 1288 4465 Πνεῦμα
1326 4396 1525 4465 λέγων,
1564 4396 1800 4465 ὑποψίαν

200 4497 446 4563 παρέχει
485 4490 601 4554 τοῦ,
637 4491 728 4543 τὸν
773 4490 902 4543 Υἱν
952 4489 1305 4558 δογματίζειν
1335 4488 1529 4559 ἔχοντα
1566 4489 1627 4543 τὸ
1659 4505 1798 4560 προ-

1908 3281 2075 3335 ritum
2103 3282 2179 3335 ait
2211 3281 2332 3335 Filii
2362 3297 2472 3337 non
2507 3293 2768 3353 tanquam
2802 3301 2869 3339 ex
2913 3285 3054 3352 ipso,
3096 3286 3189 3339 sed
3219 3294 3479 3354 tanquam

1907 3389 2004 3444 per
2029 3373 2207 3443 ipsum
2242 3388 2308 3428 ex
2340 3374 2497 3429 Patre
2526 3377 2910 3444 procedentem
2935 3393 2951 3442 ;
2973 3386 3086 3431 tum
3113 3393 3178 3430 ex
3206 3377 3335 3441 illis,
3358 3378 3483 3446 qui-

1906 3466 2014 3521 bus
2071 3466 2137 3520 ad
2194 3466 2489 3521 Dominum
2542 3468 2594 3522 in
2646 3469 2864 3539 hymnis
2892 3470 3139 3524 clamat:
3184 3469 3482 3538 Propitium

1904 3561 2146 3615 exhibeas
2177 3562 2323 3615 nobis
2358 3559 2639 3629 Spiritum,
2674 3563 2764 3629 qui
2794 3563 3079 3617 bonitatem
3109 3562 3387 3632 elargitur,
3417 3579 3482 3617 ea:

1904 3651 2072 3706 Patre
2103 3669 2195 3716 per
2237 3662 2286 3707 te
2318 3654 2705 3722 procedentem.
2746 3655 2858 3708 Nos
2904 3671 3124 3724 quoque
3181 3654 3481 3708 asscrimus

1903 3759 2185 3815 nunquam
2214 3761 2282 3800 ει
2306 3745 2446 3799 Filio
2479 3746 2874 3801 autecedenter
2892 3746 3001 3800 dici
3025 3762 3184 3816 posse
3211 3746 3478 3816 Spiritum

1903 3844 2180 3900 sanctum,
2217 3836 2313 3891 sed
2340 3853 2406 3891 ex
2437 3837 2601 3893 Patre
2648 3851 2748 3907 per
2781 3836 3019 3904 Filium;
3050 3853 3285 3907 namque
3317 3852 3445 3894 asse
3467 3866 3479 3879 -

1904 3926 2073 3979 renda
2104 3938 2188 3981 est
2222 3926 2456 3981 Paterna
2489 3928 2805 3997 hypostasis
2836 3927 3170 3998 principium
3219 3937 3277 3983 et
3309 3943 3476 3984 causa

1901 4029 1957 4073 et
1987 4018 2107 4072 Filii
2135 4029 2192 4074 ει
2229 4019 2403 4089 ipsius
2432 4018 2696 4089 Spiritus.
2717 4019 2880 4075 Solus
2940 4019 3089 4074 cnim
3121 4019 3282 4073 Pater
3312 4034 3476 4077 causa

1902 4119 2010 4177 cst,
2054 4110 2340 4181 Filiusque
2372 4128 2652 4182 nunquam
2694 4112 2914 4168 dicetur
2957 4113 3131 4182 prima
3164 4126 3328 4166 causa
3380 4125 3480 4166 eoo

1903 4218 2023 4259 rum
2073 4218 2310 4273 quorum
2361 4205 2475 4273 ipsa
2525 4219 2691 4259 causa
2735 4206 2900 4259 Pater
2944 4215 3048 4259 est.
3100 4203 3280 4259 Unum
3328 4202 3478 4258 enim

1902 4298 2238 4369 principium
2272 4298 2514 4362 Patrem,
2551 4298 2647 4368 qui
2692 4299 2813 4354 sine
2848 4298 3119 4367 principio
3148 4308 3253 4360 est,
3284 4295 3479 4351 decer-

1901 4391 2116 4452 nimus,
2174 4401 2231 4445 et
2299 4400 2591 4454 creaturae,
2639 4402 2697 4446 et
2755 4391 3091 4452 divinitatis,
3153 4389 3475 4443 etiectivnm

1902 4493 2188 4547 creaturae,
2229 4482 2538 4538 divinitatis
2571 4464 2844 4537 naturale.
2873 4480 2974 4548 Qui
3010 4480 3195 4550 itaque
3237 4495 3303 4532 ex
3333 4476 3475 4532 Filio

198 4586 499 4657 ϐλητικὸν,
534 4584 609 4648 ὡς
638 4587 668 4639 6
695 4583 884 4655 Πατὴρ
915 4583 975 4634 τὸ
1009 4582 1347 4649 γεννητικόν.
1385 4583 1495 4635 Καὶ
1521 4580 1610 4633 διὰ
1637 4580 1797 4633 τοῦτο

1907 4573 2171 4645 Spiritum
2215 4575 2438 4641 astruit,
2493 4575 2869 4644 suspicionem
2920 4574 3120 4644 injicit,
3152 4588 3220 4626 ue
3270 4571 3475 4625 Filium

196 4699 380 4751 φησίν
424 4681 451 4730 6
496 4680 638 4740 θεῖος
688 4670 841 4739 οὗτος
889 4676 1051 4745 ἀρὴρ,
1098 4675 1185 4726 ὅτι
1229 4671 1332 4728 Ἐκ
1376 4671 1488 4726 τοῦ
1559 4671 1697 4725 Υίοῦ
1730 4670 1795 4725 τὸ

193 4776 463 4843 Πνεῦμα
511 4775 582 4827 οὐ
620 4770 898 4839 λέγομεν.
941 4769 1001 4821 ’0
1044 4768 1101 4820 δὲ
1133 4768 1310 4835 λέγων
1348 4768 1409 4819 ὲκ
1453 4764 1550 4818 τοῦ
1581 4766 1794 4836 [ἰατρὸς

190 4874 261 4926 τὸ
299 4869 533 4939 Πνεῦμα
561 4866 649 4919 διὰ
697 4865 795 4918 τοῦ
847 4863 1003 4926 Υίοῦ,
1053 4862 1341 4934 προδήλως
1380 4860 1655 4931 ὁμολογεῖ,
1701 4859 1796 4912 τὸν

192 4964 438 5032 Πατέρα
478 4959 640 5029 μόνον
671 4957 847 5013 αἴτιον
896 4953 1038 5009 εἶναι
1086 4956 1184 5024 τῆς
1216 4954 1309 5007 τοῦ
1360 4952 1677 5023 Πνεῦματος
1706 4954 1797 5004 ὲκ-

194 5058 555 5123 πορεὺσεως.
595 5052 780 5105 Πάντα
810 5052 921 5121 γὰρ
961 5050 1063 5102 ὅσα
1095 5048 1209 5119 ἔχει
1236 5049 1266 5101 6
1298 5047 1446 5112 Υἱὸς,
1479 5045 1652 5107 οὕτως
1682 5044 1796 5113 ἔχει

190 5148 397 5203 λαϐὼν
450 5147 595 5200 αὐτὰ
623 5146 776 5217 παρὰ
801 5143 900 5197 τοῦ
942 5142 1179 5214 Πατρδς,
1209 5139 1488 5203 οὐσιωδὼς
1525 5138 1794 5206 δηλονότι,

192 5242 301 5294 καὶ
340 5237 615 5308 φυσικῶς,
647 5237 724 5301 ὡς
754 5236 958 5309 κυρίως
986 5235 1115 5299 Υἱὸς
1152 5236 1217 5289 ὲκ
1249 5233 1451 5306 κυρίως
1484 5233 1721 5303 Πατρός.

270 5519 383 5575 κδ’.
409 5514 475 5571 Εἰ
508 5515 565 5571 δὲ
598 5516 694 5569 καὶ
715 5514 794 5585 τῷ
826 5513 959 5586 ἱερῷ
998 5512 1262 5585 Συμϐόλῳ
1304 5511 1402 5583 τῆς
1432 5511 1672 5573 πίστεως
1698 5510 1800 5563 οὐκ

194 5609 684 5680 εμπεριείληπται
726 5608 786 5661 τὸ
813 5606 879 5661 δι’
911 5606 1045 5661 Υίοῦ
1086 5607 1147 5659 τὸ
1181 5602 1409 5675 Πνεῦμα
1455 5603 1516 5657 τδ
1543 5601 1702 5670 ἅγιον
1733 5604 1797 5655 ὲκ

190 5702 304 5756 τοῦ
359 5702 576 5774 Πατρὺς
630 5699 1052 5773 εκπορεύεσθαι,
1085 5697 1391 5769 θαυμάζειν
1416 5696 1479 5749 οὐ
1524 5697 1652 5767 χρή.
1688 5696 1797 5748 Καὶ

191 5793 381 5867 ἕτερα
418 5796 530 5865 γὰρ
571 5792 682 5846 τῶν
711 5793 1032 5860 ἀναγκαίων
1079 5790 1141 5842 οὐ
1194 5788 1444 5859 περιέχει
1481 5787 1544 5839 τὸ
1585 5784 1798 5855 Σύμϐο-

190 5889 324 5957 λον,
350 5887 450 5942 καὶ
477 5887 540 5941 τὸ
574 5885 639 5957 δὴ
680 5884 1137 5954 ἀναγκαιότατον,
1183 5883 1267 5936 ὃτι
1295 5883 1351 5935 τὸ
1383 5881 1540 5949 ἅγιον
1573 5879 1798 5950 Πνεῦμα

1901 4676 2112 4722 asserat
2144 4667 2253 4721 vim
2284 4667 2628 4738 producendi
2670 4666 2725 4721 in
2755 4681 2814 4722 se
2847 4667 3078 4730 habere,
3110 4662 3478 4734 quemadmo-

1900 4760 2033 4815 dum
2063 4760 2230 4816 habet
2261 4761 2421 4815 Pater
2450 4762 2562 4817 vim
2594 4759 2917 4832 generandi.
2948 4759 3357 4828 Proptereaque
3389 4754 3476 4810 di-

1900 4856 2063 4909 vinus
2111 4852 2200 4907 hic
2246 4853 2332 4908 vir
2363 4854 2439 4907 ait
2467 4871 2480 4908 :
2519 4852 2604 4907 Ea:
2634 4851 2775 4907 Filio
2804 4849 3065 4922 Spiritum
3096 4865 3199 4903 non
3230 4849 3470 4903 dicimus.

1900 4944 2002 5011 Qui
2031 4958 2164 4999 vero
2196 4944 2333 4998 dicit
2382 4943 2654 5014 Spiritum
2692 4959 2761 4997 ex
2788 4942 2949 4997 Patre
2992 4956 3092 5011 per
3134 4940 3355 5003 Filium,
3385 4953 3477 5008 pa-

1899 5038 2006 5090 lam
2045 5035 2248 5090 fatetur
2302 5036 2521 5091 Patrem
2552 5036 2730 5090 solum
2762 5048 2984 5088 causam
3020 5047 3142 5087 esse
3174 5029 3478 5100 processio-

1901 5129 1991 5184 nis
2041 5128 2300 5197 Spiritus.
2351 5127 2707 5195 Quaecunque
2754 5125 2903 5180 enim
2961 5124 3131 5179 habet
3175 5122 3371 5183 Filius.
3402 5119 3477 5176 ita

1901 5223 2064 5277 habet
2101 5232 2160 5276 ut
2200 5222 2483 5291 accipiens
2528 5235 2591 5274 ea
2629 5235 2659 5273 a
2711 5219 2891 5283 Patre,
2929 5216 3303 5273 essentialiter
3330 5214 3477 5269 scili-

1900 5326 2008 5381 cet,
2074 5325 2130 5370 et
2192 5315 2540 5380 naturaliter,
2600 5323 2857 5384 tanquam
2913 5312 3137 5382 proprie
3190 5309 3363 5365 Filius
3410 5322 3478 5362 ex

1900 5410 2125 5481 proprie
2154 5410 2339 5465 Patre.

1972 5501 2336 5564 24..Etiamsi
2387 5516 2517 5558 vero
2565 5502 2623 5557 in
2674 5515 2833 5559 sacro
2858 5500 3121 5574 Symbolo
3177 5498 3305 5555 fidei
3368 5513 3479 5555 non

1901 5595 2408 5669 comprehendatur
2449 5611 2548 5668 per
2580 5594 2778 5652 Filium
2832 5594 3099 5679 Spiritum
3139 5600 3396 5649 sanctum
3448 5606 3481 5644 a

1901 5690 2064 5745 Patre
2106 5688 2434 5759 procedere,
2464 5704 2574 5744 non
2604 5698 2715 5755 est,
2745 5703 2845 5744 cur
2875 5686 3235 5743 admiremur.
3268 5682 3402 5737 Nam
3424 5691 3483 5736 et

1902 5783 2008 5836 alia
2038 5797 2102 5837 es
2134 5782 2464 5838 necessariis
2510 5782 2834 5854 Symbolum
2884 5796 2996 5836 non
3027 5766 3302 5840 contine’t,
3334 5783 3391 5832 ει
3424 5774 3482 5827 id

1904 5875 2050 5948 quod
2082 5877 2315 5932 maxime
2348 5875 2603 5932 omnium
2652 5872 3028 5931 necessarium
3076 5880 3182 5936 est,
3208 5866 3483 5939 Spiritum
