3888 6466
293 417 395 487 5θί

1148 432 1247 494 DE
1278 434 1805 501 PROCESSIONE
1838 442 1895 505 S.
1943 445 2304 513 SPIRITUS
2345 452 2638 516 ORATIO
2682 455 2723 519 ἱ.

3446 447 3561 513 562-
3604 534 3620 546 υ

289 540 534 608 ήνιγκες
563 540 724 607 δίξαν
754 543 854 613 οὐχ
892 544 1264 616 ὑγιαίνουσαν,
1302 550 1472 622 ἀπείη
1509 551 1566 607 δὲ
1599 554 1693 608 καὶ
1722 554 1866 624 γνώ-

1969 562 2305 630 sunctitate,
2361 566 2511 621 illius
2579 565 2883 632 liilaritati,
2918 575 2972 622 et
3026 566 3320 638 dejectioni
3362 575 3419 622 et
3480 565 3546 622 ad

293 645 407 698 μης
436 627 610 695 οὕτως
647 632 795 704 εχειν
828 634 1092 706 ἔφασκες,
1140 638 1282 694 οὕτω
1322 645 1563 711 φρονεῖν,
1598 644 1742 700 οὕτω
1774 665 1864 700 πι-

293 719 511 774 στεύειν
562 723 1002 793 διατεινόμενος,
1061 730 1294 801 στότερον
1342 732 1410 787 ἂν
1465 736 1748 807 ὴρεμαίως
1817 740 1866 794 οἰ

290 806 527 880 πλησίον
551 829 647 867 σου
665 814 766 886 τὴν
787 815 881 870 τοῦ
906 818 1079 890 δυσφή
1092 838 1194 890 μου
1222 826 1397 896 προσή
1407 806 1827 897 καντοπάροδον
1848 849 1862 897 ;

292 902 411 955 Οὐκ
440 902 507 958 ἂν
538 905 793 962 ἀντεῖπον
816 926 833 978 ς
860 910 961 965 οὐκ
990 913 1057 967 ἂν
1094 914 1152 979 ἐξ
1178 916 1425 981 ἐναντίας
1460 937 1554 973 σου
1589 920 1826 991 ἔστησαν
1851 940 1864 988 ;

304 995 449 1063 Ἐγὼ
503 999 606 1068 μὲν
653 997 836 1072 οἶμαι,
900 1007 1036 1076 μηδὲ
1086 997 1178 1062 τὸν
1229 1014 1428 1066 οἰκεῖον
1476 1017 1618 1083 σφᾶς
1669 1017 1866 1083 αὐτοὺς

288 1088 667 1154 ἂπεγνωκέναι
711 1094 1085 1168 καθηγεμόνα,
1123 1102 1255 1173 πρὶν
1283 1104 1449 1158 αὐτὸν
1477 1108 1868 1164 ἀποσκευάσα-

292 1179 422 1235 σθαι
453 1182 514 1235 τὺ
543 1185 879 1257 ἀπόϐλητον,
914 1191 1009 1244 καὶ
1042 1195 1163 1258 ταῖς
1196 1195 1291 1248 τοῦ
1335 1197 1678 1269 ἀναθέματος
1705 1204 1866 1272 ἀραῖς

290 1274 634 1332 ἔνδικὼτατα
661 1283 1070 1339 καθυποϐαλεῖν
1097 1301 1111 1318 ·
1143 1288 1261 1340 ἐκεῖ
1280 1288 1335 1341 δὲ
1361 1289 1672 1344 τούναντίον
1695 1293 1862 1350 ἅπαν.

292 1367 356 1419 Ol
391 1367 501 1437 γὰρ
533 1369 630 1441 τῆς
668 1373 1062 1447 οἰκουμενικῆς
1093 1379 1481 1449 συνελεύσεως,
1522 1385 1611 1437 καί
1645 1385 1867 1456 μάλισθ’

288 1457 407 1513 ὅσοι
436 1462 538 1531 τὴν
586 1466 741 1538 ἰερὰν
768 1469 992 1541 Γραφὴν
1026 1474 1585 1549 ὲπιστημονικὼτεροι
1639 1481 1733 1534 καὶ
1780 1498 1866 1535 σο-

294 1551 531 1627 φώτεροι
564 1559 670 1613 τῶν
694 1561 959 1618 λιϐέλλων
998 1568 1091 1621 καὶ
1121 1568 1448 1641 ἀμφοτέρων
1480 1572 1562 1635 είς
1603 1574 1867 1643 ἀκρόασιν

291 1644 808 1719 ὕπαντγνωσμένων
837 1656 1044 1727 κοινὴν,
1077 1657 1153 1723 ὡς
1181 1659 1276 1713 ἕνα
1302 1663 1523 1726 τούτους
1550 1665 1863 1735 κεκρίκασι,

289 1738 370 1807 τῷ
400 1740 475 1812 μὴ
509 1742 744 1814 Θατέρου
790 1747 1023 1820 θάτερον
1070 1752 1470 1821 παραλλάττειν
1512 1772 1565 1809 τι
1614 1756 1738 1810 κατ’
1776 1759 1861 1812 εὑ-

292 1832 534 1889 σέϐειαν.
581 1837 843 1909 ᾜδεισσν
869 1843 976 1912 γὰρ
1002 1843 1246 1914 ἀκριϐῶς
1288 1846 1415 1911 τοὺς
1447 1847 1555 1901 τῶν
1588 1847 1865 1921 θεοφόρων

290 1923 554 1996 Πατέρων
603 1931 958 2001 προέχοντας.
1010 1934 1080 1988 δι’
1109 1936 1240 1991 Υἰοῦ
1272 1940 1373 2011 τὴν
1414 1940 1506 1994 τοῦ
1545 1941 1866 2012 Πνεῠματος

287 2014 621 2089 ἐκπύρωσιν
671 2017 814 2078 εἰναι
873 2024 1333 2096 τεθεολογηκότας
1372 2033 1436 2087 ὲκ
1487 2032 1580 2087 τοῦ
1628 2035 1861 2107 Πατρδις,

286 2107 421 2172 τούς
446 2126 507 2163 τε
551 2112 702 2183 παρὰ
737 2117 946 2187 Πατρδς
979 2118 1373 2189 διηγγελκότας
1404 2125 1538 2179 αὐτὸ
1567 2128 1865 2196 ἐκπορευὸ-

292 2215 475 2270 μενον,
506 2205 609 2259 οὐκ
655 2206 1030 2279 ἀνῃνσμένους
1063 2212 1124 2266 τδ
1156 2212 1223 2267 δι’
1248 2213 1400 2272 Υίοῦ.
1441 2218 1502 2273 Εἰ
1544 2219 1725 2273 τοίνυν
1756 2221 1865 2284 τοῖς

285 2288 354 2341 ὲκ
373 2289 468 2343 τοῦ
502 2292 715 2365 Πατρός
765 2299 1011 2368 είρηκόσι
1058 2301 1120 2353 τὸ
1162 2301 1387 2374 Πνεῦμα
1432 2305 1865 2377 ἐκπορευόμενον

284 2381 391 2434 οὐκ
429 2384 727 2454 ἀπεέρηται
779 2389 917 2455 ὅλως
948 2391 1008 2445 τὸ
1038 2391 1114 2445 δι’
1153 2394 1310 2459 Υιοῦ,
1351 2398 1464 2460 τοῖς
1511 2396 1565 2450 δέ
1600 2415 1663 2467 γε
1713 2399 1868 2470 διαρ-

286 2472 506 2544 θρῶσαι
548 2478 649 2548 τὴν
680 2482 743 2534 ἐκ
791 2482 1006 2554 Πατρὸς
1056 2487 1503 2557 ἐκπόρευσινιτοῦ
1546 2490 1865 2563 Πνεῦματος

285 2567 423 2636 παρ’
448 2569 616 2624 αὑτοῦ
638 2576 1017 2646 κεκινημένος
1040 2578 1135 2632 τοῦ
1162 2579 1304 2634 Πνεύ
1312 2598 1480 2652 ματος
1513 2585 1859 2658 προσερρέθη

282 2657 349 2712 τὸ
372 2660 450 2714 δι’
495 2664 652 2731 Υίοῦ,
689 2665 914 2738 εὔδηλον
935 2671 1016 2725 ὃτι
1046 2672 1364 2743 σύμπαντες
1397 2679 1445 2730 οἰ
1482 2677 1577 2733 τοῦ
1607 2657 1859 2750 Πνεύμαέ

285 2767 403 2816 τος,
437 2752 536 2808 οὔκ
571 2758 748 2824 ἄλλως
780 2762 843 2814 ἐκ
875 2762 972 2817 τοῦ
1027 2766 1240 2838 Πατρδς
1279 2769 1410 2823 αὐτὸ
1444 2772 1861 2845 πεφρονήκασιν

279 2846 711 2918 ἐκπορεύεσθαι,
741 2856 791 2909 εἰ
821 2856 897 2926 μὴ
920 2858 993 2912 δι’
1017 2858 1171 2924 Υἰοῦ,
1199 2863 1471 2933 μηδεμίαν
1501 2867 1861 2937 παρείσδυσιν

280 2939 508 3012 ἔχοντες
537 2945 631 3000 τοῦ
663 2949 1059 3021 ἐναντιοὶογεῖν
1107 2955 1166 3008 ὲν
1197 2956 1403 3020 αὐτοῖς,
1434 2958 1614 3030 ἄκρας
1639 2959 1695 3012 δὲ
1722 2960 1862 3030 μᾶλ-

281 3032 380 3086 λον
430 3041 751 3107 συμφωνίας
782 3041 950 3112 οὔσης
998 3045 1056 3098 ὲν
1092 3047 1205 3108 τοῖς
1254 3047 1453 3115 ἁγίοις,
1496 3050 1683 3105 καὶτὸ
1728 3050 1860 3105 αὐτὸ

281 3128 560 3184 τῶν.ὅλων
603 3136 1051 3202 πεπαιδευμένων
1080 3144 1319 3211 φρονεῖν,
1353 3143 1449 3199 καὶ
1492 3144 1591 3214 τῆς
1638 3144 1860 3217 ἀγάπης

283 3222 383 3274 καὶ
413 3222 659 3296 εἰρήνης,
689 3228 780 3281 καὶ
809 3231 1067 3299 ὁμονοίας
1098 3233 1268 3288 όντων
1292 3236 1348 3288 ὲν
1377 3236 1678 3308 Πνεῦματι,
1715 3239 1860 3296 καθὰ

1971 653 2323 713 tolerandum
2386 659 2635 715 facilitati
2704 660 2938 715 maxime
3005 660 3197 716 ﬁdens.
3256 659 3311 716 Si
3383 676 3547 730 quam

1967 747 2262 817 aliquando
2316 752 2630 821 opinionem
2684 768 2795 808 non
2844 767 3031 806 sanam
3071 752 3125 806 in
3163 751 3408 806 medium
3464 762 3548 807 at-

1970 839 2263 907 tulisti,et
2323 852 2376 899 te
2442 843 2518 898 ita
2580 854 2765 900 tenere
2833 843 3233 906 contenderes.
3273 844 3345 899 ita
3421 860 3547 898 scn-

1971 928 2096 992 tire,
2133 930 2206 987 ita
2265 935 2492 991 credere
2553 935 2752 992 obnixe
2814 934 3147 1001 alﬁrmares,
3186 952 3255 990 an
3302 936 3395 1006 qui
3453 952 3551 990 auo

1970 1019 2129 1077 diunt
2182 1024 2477 1096 prepinqui
2546 1027 2709 1083 tacite
2783 1028 3158 1098 blasphemam
3224 1029 3544 1098 opinionem

1969 1115 2466 1182 persentiscerent?
2496 1116 2691 1173 Annon
2729 1119 3214 1175 contradicerent?
3234 1119 3429 1174 Annon
3456 1123 3550 1176 ad-

1966 1218 2184 1260 versum
2214 1217 2264 1263 te
2292 1208 2473 1262 omnia
2497 1209 2908 1283 facerent?Ego
2936 1227 3064 1267 sane
3085 1211 3341 1268 existimo
3370 1228 3549 1283 neque

1968 1298 2250 1368 proprium
2287 1301 2572 1358 ductorem
2610 1305 2832 1361 eosdem
2861 1306 3001 1362 velle
3038 1322 3456 1379 recognoscere,
3493 1310 3548 1364 ni

1969 1390 2124 1458 prius
2151 1392 2434 1462 rejiculam
2462 1396 2777 1465 opinionem
2796 1397 3083 1470 abiecerit,
3109 1410 3165 1457 et
3185 1402 3552 1459 anathematis

1967 1479 2104 1537 diris
2118 1483 2424 1554 justissime
2438 1487 2755 1559 subiecerit.
2772 1490 2850 1546 lbi
2872 1507 3001 1547 vero
3022 1501 3193 1548 totum
3209 1496 3547 1551 contrarium

1967 1575 2218 1646 contigit.
2248 1577 2376 1634 Nam
2401 1581 2494 1650 qui
2538 1582 2593 1637 in
2628 1584 2993 1641 universalem
3025 1601 3375 1657 congressum
3412 1604 3549 1644 con-

1967 1679 2251 1737 venerant,
2274 1681 2330 1726 et
2363 1673 2704 1743 potissimum
2729 1676 2784 1732 in
2837 1678 3010 1735 sacris
3047 1679 3246 1735 litteris
3292 1682 3551 1738 scientio-

1969 1774 2077 1825 res,
2105 1768 2161 1815 et
2216 1764 2597 1833 sapientiores,
2624 1784 2746 1824 cum
2773 1778 3002 1842 uterque
3042 1771 3258 1829 libellus
3300 1774 3419 1831 aliis
3458 1790 3553 1830 an-

1968 1848 2249 1909 dientibus
2299 1854 2577 1927 legeretur
2600 1867 2856 1931 tanquam
2878 1879 3044 1919 unum
3064 1865 3403 1935 iudicarunt,
3423 1883 3548 1923 cum
3574 1904 3597 1919 .

1969 1956 2112 1999 unus
2140 1944 2210 2001 ab
2235 1947 2344 2003 alio
2387 1950 2441 2005 in
2484 1952 2668 2015 nullo,
2705 1956 2851 2024 quod
2899 1957 2967 2012 ad
3014 1958 3273 2028 pietatem
3320 1959 3547 2025 laceret,

1970 2034 2324 2107 discreparet.
2352 2042 2518 2098 Plane
2572 2045 2844 2116 siquidem
2879 2049 3168 2113 callebant,
3202 2051 3347 2108 inter
3370 2050 3550 2108 Deite-

1972 2144 2064 2184 ros
2091 2130 2276 2187 Patres
2306 2136 2632 2204 prmeipnos,
2670 2154 2780 2208 per
2814 2140 3008 2195 Filium
3057 2139 3293 2212 Spiritus
3320 2160 3548 2215 proces-

1968 2222 2179 2277 sionem
2214 2238 2334 2281 esse
2361 2241 2390 2280 a
2426 2229 2587 2285 Patre
2621 2245 2997 2301 asseverasse;
3029 2250 3234 2307 eosque
3264 2239 3358 2308 qui
3392 2239 3551 2295 illum

1964 2329 2030 2369 ex
2068 2314 2228 2372 Patre
2253 2321 2723 2391 pronuntiassent,
2751 2342 2860 2382 non
2893 2328 3165 2397 respuisse
3193 2345 3289 2400 per
3316 2330 3548 2390 Filium.

1964 2407 2021 2464 Si
2065 2410 2251 2482 itaque
2285 2413 2352 2469 ab
2390 2415 2456 2470 iis
2486 2417 2578 2485 qui
2603 2432 2673 2495 ex
2719 2418 2879 2475 Patre
2916 2419 3331 2479 alllrtnaverunt
3372 2424 3543 2494 Spiri-

1965 2509 2079 2555 tum
2113 2503 2432 2572 procedere,
2463 2523 2570 2563 non
2602 2509 2849 2579 rejicitur
2889 2511 3114 2567 omnino
3138 2555 3153 2577 ,
3184 2530 3277 2585 per
3299 2513 3495 2570 Filium
3522 2532 3543 2572 :

1962 2591 2032 2645 ab
2059 2592 2127 2647 iis
2158 2608 2316 2661 vero,
2344 2595 2435 2666 qui
2464 2598 2750 2655 enucleate
2782 2600 3127 2656 tradiderunt
3178 2601 3419 2673 Spiritus
3474 2618 3543 2658 ex

1962 2682 2124 2740 Patre
2172 2688 2578 2756 processinncm
2608 2729 2623 2751 ,
2651 2689 2720 2745 ab
2781 2690 2973 2746 eodem
3016 2692 3225 2773 Spiritu
3267 2694 3541 2761 excitatis,

1961 2776 2210 2862 additum
2244 2777 2367 2845 fuit,
2405 2796 2500 2850 per
2534 2780 2759 2849 Filium,
2787 2782 3138 2838 manifestum
3177 2794 3263 2873 est
3316 2787 3543 2843 univer-

1960 2884 2073 2936 sos,
2109 2873 2257 2942 quie
2311 2873 2517 2945 Spiritu
2549 2885 2696 2938 sunt,
2744 2893 2852 2931 non
2897 2878 3059 2933 aliter
3108 2894 3172 2933 ex
3207 2879 3367 2935 Patre
3411 2896 3537 2936 eum

1962 2965 2281 3033 procedere,
2312 2981 2476 3037 quam
2517 2983 2614 3038 per
2672 2968 2872 3025 Filium
2921 2969 3160 3025 sensisse
3185 3010 3200 3037 ,
3233 2985 3357 3026 cum
3388 2973 3538 3028 nulla

1962 3055 2016 3110 in
2054 3055 2162 3113 illis
2184 3058 2324 3115 ratio
2352 3060 2766 3116 contradicendi
2795 3060 3160 3129 interveniat;
3187 3062 3298 3118 imo
3328 3077 3540 3120 summe

1963 3148 2108 3205 inter
2144 3167 2204 3208 se
2256 3153 2430 3210 sancti
2475 3155 2834 3222 conveniunt,
2893 3155 3152 3227 doctique
3186 3170 3380 3213 omnes
3432 3156 3540 3212 hoc

1961 3239 2105 3296 idem
2156 3242 2422 3308 sentiunt,
2479 3260 2768 3311 amorem,
2813 3260 3026 3316 pacem,
3077 3255 3243 3315 atque
3277 3244 3538 3299 unionem

280 3314 349 3385 δὴ
382 3319 478 3370 καὶ
521 3319 571 3409 οἰ
602 3321 665 3374 τδ
715 3322 858 3393 ἱερὸν
903 3325 1139 3396 μάθημα
1176 3329 1620 3400 παραδεδωκότες
1652 3334 1858 3389 συνοδι-

1963 3335 2359 3406 amplectentes
2421 3337 2476 3392 in
2549 3314 3296 3410 Spirituaqucmadmodum
3354 3345 3408 3391 et
3442 3337 3537 3408 qui

283 3409 419 3473 κῶς.
446 3404 702 3468 Κάκεῖνοι
730 3417 840 3486 γὰρ
871 3418 1013 3474 κατὰ
1038 3419 1136 3491 τὴν
1166 3422 1339 3494 αὐτὴν
1369 3422 1576 3480 ἔννοιαν
1608 3426 1859 3498 ἱερογρα-

282 3501 462 3571 φικῶς
491 3504 553 3559 τὸ
601 3507 847 3563 τοιοῦτον
878 3510 1145 3576 ἐξέθεντο,
1172 3513 1357 3583 λόγοις
1403 3518 1718 3589 οἰκονομίας
1759 3522 1860 3592 τὴν

281 3595 470 3668 φωνὴν
499 3603 1055 3675 παρασιωπήσαντες,
1090 3606 1166 3677 τῷ
1196 3623 1254 3660 τε
1281 3609 1414 3679 πρὸς
1439 3610 1573 3665 ἄλλα
1602 3612 1858 3668 σπεύδειν

282 3688 600 3757 ἐπείγοντα,
640 3694 848 3766 καὶτῷ
897 3696 1006 3750 τῶν
1055 3698 1444 3766 αἰρετιζόντων
1492 3703 1583 3757 τὸν
1629 3704 1859 3774 θόρυϐον

281 3778 666 3835 ἀποσείεσθαι.
699 3781 777 3835 Δι’
816 3785 883 3854 ἢν
912 3784 1092 3839 αἰτίαν
1120 3786 1241 3839 οὐδὲ
1269 3788 1402 3841 Θεὸν
1439 3789 1500 3843 τὸ
1548 3791 1770 3862 Πνεῦμα
1798 3793 1859 3847 τὸ

281 3868 443 3938 ἅγιον
497 3872 684 3941 σαφῶς
730 3873 876 3928 οὕτω
925 3876 1018 3931 καὶ
1066 3877 1326 3950 καθαρῶς
1376 3884 1854 3956 προσηγόρευσαν,

278 3962 361 4031 τῷ
396 3961 471 4033 μὴ
500 3964 646 4035 ἔχειν
680 3967 742 4020 ἐκ
764 3966 874 4020 τῶν
907 3969 1259 4038 Εὑαγγελίων
1283 3973 1521 4045 ἑτοίμως
1551 3978 1651 4050 τὴν
1684 3995 1856 4049 προσ-

279 4057 516 4124 ηγορίαν
548 4059 944 4115 πιστώσασθαι.
974 4062 1105 4118 Τίδ’
1141 4064 1251 4119 ἔδει
1297 4068 1434 4138 πρὸς
1470 4069 1734 4137 διαλέξεις
1761 4076 1857 4127 καὶ

280 4147 427 4221 ὑπὲρ
457 4151 571 4205 τῶν
611 4154 876 4209 τοιούτων
909 4158 1101 4225 φωνῶν
1133 4161 1333 4230 χωρεῖν
1375 4161 1591 4228 αὐτοὺς,
1642 4169 1737 4219 καὶ
1768 4167 1853 4221 λο-

280 4250 573 4317 γομαχεῖν,
611 4249 706 4303 καὶ
737 4251 830 4305 τὸν
868 4251 1038 4307 πολὺν
1086 4254 1394 4312 κλονεῖσθαι
1426 4257 1575 4328 λαὸν,
1610 4261 1730 4318 ἐνὸν
1760 4266 1858 4317 καὶ

279 4335 460 4401 ἄλλως
510 4341 921 4415 ἀναντιρῤήτως
963 4345 1062 4416 τὴν
1110 4349 1308 4422 εὐσεϐῆ
1343 4353 1712 4423 κρατύνεσθαι
1762 4361 1857 4412 καὶ

278 4429 564 4501 ὀρθόδοξον
592 4435 801 4491 ἔννοιαν
826 4452 841 4501 ;

351 4532 469 4591 κς¹.
504 4527 627 4583 Ὅτι
656 4528 713 4582 δὲ
762 4531 820 4584 τὸ
845 4533 908 4585 ἐκ
938 4536 1151 4607 Πατρός
1193 4537 1374 4609 λέγειν
1421 4543 1855 4616 ἐκπορευόμενον

1960 3442 2170 3484 sacram
2205 3430 2348 3487 hanc
2384 3431 2692 3488 doctrinam
2724 3432 2887 3504 plena
2931 3431 3142 3504 synodo
3171 3430 3536 3487 tradiderunt.

1960 3519 2038 3576 illi
2064 3523 2265 3578 etenim
2297 3524 2487 3580 eodem
2529 3541 2693 3581 sensu
2747 3525 2920 3581 sacris
2959 3525 3129 3582 innixi
3165 3521 3387 3580 Litteris
3429 3523 3538 3579 hoc

1957 3628 2331 3688 exposuerunt
2374 3633 2405 3675 e
2454 3618 2761 3687 prodeuntia:
2834 3617 3049 3688 legibus
3090 3632 3278 3672 vocem
3329 3616 3538 3671 obtice-

1960 3720 2212 3776 sceutes;
2271 3717 2399 3765 tunc
2452 3709 2520 3764 ad
2555 3710 2659 3765 alia
2692 3708 3054 3777 procuranda,
3091 3717 3142 3764 et
3175 3706 3535 3762 sectariorum

1959 3804 2222 3873 strepitus
2278 3802 2720 3873 comprimendos
2765 3802 3009 3857 intenti:
3071 3802 3304 3872 ideoque
3358 3816 3535 3871 neque

1960 3894 2223 3965 Spiritum
2273 3903 2521 3952 sanctum
2582 3896 2743 3967 plane
2791 3906 2847 3951 et
2876 3895 3023 3951 clare
3059 3892 3229 3949 Deum
3284 3908 3532 3964 pronun-

1962 3988 2186 4056 tiarunt,
2217 4003 2340 4043 cum
2381 4004 2491 4043 non
2531 3987 2797 4043 baberent
2852 3987 2905 4042 in
2947 3995 3203 4058 promptu
3246 3984 3448 4056 quibus
3479 3984 3538 4039 id

1956 4097 2022 4136 ex
2054 4079 2361 4153 Evangeliis
2419 4081 2861 4153 comprobarent.
2911 4080 2980 4136 Et
3033 4080 3165 4151 quid
3231 4095 3370 4152 opus
3415 4088 3538 4135 erat

1957 4192 2053 4232 eos
2111 4191 2211 4246 pro
2259 4175 2347 4231 bis
2401 4176 2650 4240 vocibus,
2716 4173 3184 4244 disputationibus
3239 4173 3536 4243 verbisque

1958 4271 2239 4326 decertare
2260 4310 2274 4334 ,
2307 4271 2602 4339 turbasque
2642 4269 2788 4324 ciere
2825 4270 2877 4321 in
2905 4265 3106 4337 populo
3125 4303 3140 4329 ,
3166 4280 3289 4322 cum
3314 4273 3539 4335 possent

1958 4364 2062 4417 alia
2102 4364 2315 4418 ratione
2377 4361 2827 4433 irrel’ragabiliter
2867 4361 3011 4431 piam
3063 4358 3535 4429 ortltodoxamque

1958 4455 2286 4511 sententiam
2322 4454 2676 4510 constabilire
2707 4455 2729 4508 ἰ

2027 4550 2119 4604 26.
2154 4546 2355 4603 Verum
2388 4564 2454 4604 ex
2481 4549 2640 4604 Patre
2665 4563 2914 4605 asserere
2940 4548 3237 4620 procedere
3268 4546 3536 4616 Spiritum

275 4620 341 4671 τὸ
370 4619 599 4691 Πνεῦμα
622 4624 681 4676 ab
706 4625 882 4692 ᾶγιον,
916 4628 1012 4680 καὶ
1038 4629 1099 4683 τὸ
1124 4632 1188 4685 ἐκ
1220 4632 1429 4706 Πατρὸς
1452 4635 1521 4690 δι’
1550 4637 1701 4706 Υίοῦ,
1724 4656 1856 4693 ταυ-

1962 4647 2234 4705 sanctum,
2264 4648 2318 4694 et
2346 4655 2411 4696 ex
2445 4639 2601 4695 Patre
2625 4656 2723 4711 per
2760 4619 2956 4696 Filium
2996 4656 3159 4695 sensu
3214 4639 3355 4694 idem
3389 4652 3534 4699 esse.

273 4711 372 4764 τὸν
407 4715 532 4767 κατ’
586 4716 818 4782 ἔννοιαν,
852 4720 913 4772 οὐ
967 4719 1250 4794 διάφορον,
1289 4727 1353 4781 ἐκ
1382 4728 1491 4783 τῶν
1540 4732 1638 4801 τῆς
1682 4733 1855 4805 αὐτῆς

276 4804 523 4878 ἑϐδόμης
554 4810 776 4864 συνόδου
808 4813 1131 4884 πρακτικῶν
1175 4818 1552 4889 ἐναργέστατα
1584 4804 1856 4896 καταφαί-

276 4916 455 4956 νεται.
474 4901 597 4955 τῶν
624 4904 820 4974 Τόμων
832 4907 957 4978 ’γὰρ
983 4908 1491 4981 ὑπανεγνωςμένων
1531 4917 1850 4986 συνοδικῶς,

276 4993 378 5049 τοῦ
405 5012 468 5049 τε
494 4997 556 5050 τὸ
586 4996 811 5069 Πνεῦμα
842 5001 902 5053 τδ
946 5000 1103 5070 ἅγιον
1133 5004 1196 5056 ὲκ
1225 5005 1321 5058 τοῦ
1358 5007 1571 5078 Πατρδς
1614 5009 1684 5063 δι’
1724 5011 1855 5066 Υίοῦ

274 5083 679 5153 διασαφοῦντος
706 5088 1164 5160 ἐκπορευόμενον,
1202 5095 1296 5146 καὶ
1333 5094 1451 5159 τοῦ,
1474 5096 1660 5162 ἁῖδίως
1685 5101 1853 5153 hmo-

279 5176 580 5248 ρευόμενον
604 5180 667 5232 ἐκ
698 5179 792 5233 τοῦ
821 5180 959 5235 Θεοῦ
990 5184 1086 5236 καὶ
1115 5183 1331 5253 Πατρδς
1356 5186 1417 5239 τὸ
1442 5188 1573 5241 αὐτὸ
1604 5190 1851 5261 Πνεῦμα,

275 5269 715 5338 διαγορεύοντος,
748 5273 775 5325 ό
821 5272 921 5342 μὲν
949 5277 1061 5330 τῶν
1087 5280 1188 5348 τῆς
1233 5280 1454 5335 συνόδου
1491 5285 1708 5338 σεπτῶν
1742 5287 1854 5340 Πα-

274 5364 475 5433 τέρων,
507 5364 681 5430 οὕτως
728 5366 956 5437 ἔχουσαν
988 5372 1086 5438 τὴν
1111 5372 1342 5445 γνώμην
1382 5375 1701 5447 ἐξήνεγκεν.
1748 5379 1855 5435 Ἐν

266 5455 532 5527 μηδεμιᾷ
558 5458 767 5529 erro/(1
789 5462 1288 5531 παραλλάττοντα
1311 5468 1413 5522 καί
1440 5472 1512 5524 τὰ
1530 5470 1646 5525 νῦν
1673 5472 1854 5544 ἀναγ-

271 5551 588 5608 νωσθέντα
633 5553 703 5608 ἐκ
759 5554 872 5625 τῆς
921 5556 1255 5630 Ἀνατολῆς
1300 5562 1647 5634 πεμφθέντα
1699 5568 1851 5635 πρὸς

276 5641 579 5715 Ταράσιον
603 5646 712 5700 τὸν
746 5648 1075 5718 ἁγιώτατον
1103 5652 1590 5723 ἁρχιεπισκοπον
1634 5659 1734 5713 καὶ
1766 5662 1849 5715 οἰ-

270 5741 641 5810 κουμενικὸν
670 5743 1066 5813 πατριάρχην,
1096 5746 1203 5802 τοῦ
1235 5751 1338 5803 ὑπ’
1367 5750 1558 5807 αὐτοῦ
1591 5769 1849 5825 προομο-

268 5833 641 5900 James-inec
688 5835 832 5901 ὅρου
878 5836 982 5902 τῆς
1030 5840 1287 5907 πίστεως
1337 5845 1548 5911 εὑρὼν,
1599 5848 1763 5916 κάγὼ
1815 5851 1847 5903 ό

268 5923 524 5993 ἀνάξιος
561 5929 796 5993 τούτοις
844 5932 1216 6004 συντίθεμαι.
1265 5937 1325 5991 ’0
1370 5937 1424 5991 δὲ
1465 5942 1718 6011 τοιαύτην
1769 5934 1845 5996 ὧν

1962 4747 2063 4788 nec
2111 4731 2414 4798 diversum,
2461 4748 2528 4788 ex
2576 4735 2715 4790 actis
2757 4733 3004 4806 ejusdem
3052 4732 3297 4803 septimae
3340 4733 3536 4802 synodi

1958 4826 2302 4897 apertissime
2341 4826 2636 4883 evincitur.
2683 4825 2815 4881 Nam
2870 4841 2995 4882 cum
3041 4826 3172 4880 tomi
3215 4824 3271 4880 in
3325 4824 3536 4896 synodo

1958 4917 2082 4973 lecti
2124 4904 2379 4984 fuissent,
2428 4918 2519 4974 ille
2547 4916 2826 4983 videlicet,
2853 4917 2946 4987 qui
2980 4914 3246 4986 Spiritum
3281 4925 3533 4971 sanctum

1956 5023 2023 5063 ex
2068 5006 2229 5063 Patre
2281 5024 2381 5079 per
2410 5006 2607 5064 Filium
2657 5005 3049 5078 procedentem
3108 5004 3377 5070 allirmat;
3416 5011 3531 5057 tum

1957 5100 2120 5165 alius,
2154 5099 2249 5171 qui
2279 5100 2348 5155 ab
2370 5108 2579 5156 aeterno
2611 5097 2999 5172 procedentem
3044 5111 3113 5153 ex
3149 5097 3261 5152 Deo
3289 5105 3346 5152 et
3372 5096 3535 5152 Patre

1954 5196 2210 5253 eumdem
2257 5194 2526 5267 Spiritum
2573 5194 2788 5258 asserit,
2840 5209 2984 5249 unus
3010 5208 3077 5249 ex
3135 5190 3330 5265 synodi
3373 5206 3535 5277 vene-

1955 5287 2143 5344 randis
2168 5287 2424 5343 Patribus
2458 5286 2788 5343 sententiam
2816 5294 2891 5340 tta
2920 5299 2980 5340 se
3013 5284 3308 5339 habentem
3338 5290 3532 5353 protu-

1953 5382 2057 5439 lit:
2099 5383 2231 5440 Cum
2290 5383 2490 5451 scripta
2518 5420 2533 5444 ,
2567 5396 2686 5452 qua
2720 5396 2861 5435 nunc
2896 5379 3030 5435 lecta
3054 5417 3071 5443 ,
3116 5388 3165 5433 et
3199 5394 3267 5432 es
3320 5376 3535 5433 Oriente

1955 5478 2116 5531 missa
2163 5484 2286 5531 sunt
2323 5475 2394 5531 ad
2428 5474 2709 5530 Tareninus
2739 5472 3135 5529 sanctissimum
3172 5467 3532 5539 archiepisco-

1952 5584 2079 5638 pum
2136 5578 2184 5623 et
2240 5568 2619 5637 peanaenicum
2667 5565 3031 5634 patriarcham
3064 5564 3119 5617 in
3173 5559 3322 5615 nullo
3373 5574 3534 5615 sensu

1951 5664 2252 5733 discrepare
2284 5676 2316 5714 ιι
2361 5658 2664 5727 deﬁnitione
2700 5656 2825 5725 ﬁdei
2857 5655 2922 5710 ab
2961 5655 3145 5710 eadem
3170 5653 3363 5706 emissa
3391 5666 3534 5704 com-

1950 5757 2179 5824 periar»,
2216 5770 2310 5823 ego
2342 5766 2546 5821 quoque
2565 5750 2810 5819 indignus
2841 5747 3126 5803 assentior.
3156 5744 3529 5844 Alius-eorum.

1949 5865 2075 5920 qua:
2099 5846 2296 5912 audiit,
2326 5845 2656 5901 sententiam
2688 5844 2827 5898 hanc
2860 5840 3044 5896 dedit:
3077 5837 3288 5933 Scripta
3314 5832 3531 5933 ⁷ΐῗιιινιισὶί

1947 5940 2266 5998 sanctissimi
2318 5937 2694 6011 archiepiscopi
2743 5943 2791 5989 et
2842 5929 3144 5988 acumeniri
3182 5926 3525 5998 patriarchor,
