3888 6490
305 379 407 446 567

1476 367 1900 430 NICEPHORI
1943 366 2371 434 BLEMMIDB

3447 374 3552 439 568

301 500 448 550 tione
479 501 533 546 et
562 490 819 562 agricola,
861 495 1106 552 etsator,
1149 489 1278 543 licet
1320 494 1433 542 tum
1472 488 1684 542 nullum
1741 485 1866 556 ipsis

1983 486 2278 558 μοχθοῦσιν
2315 491 2468 560 ὅμως
2500 489 2589 543 διὰ
2616 488 2715 562 τὴν
2745 489 2990 557 ἔκϐασιν,
3033 491 3112 564 τῷ
3153 492 3424 564 κρείττονι
3451 499 3553 567 τῆς

298 588 733 643 emolumentum
759 583 851 648 sit,
875 582 945 638 ob
979 590 1237 637 eventum
1268 581 1626 636 nihilominus
1655 580 1870 635 labores

299 686 719 749 praaassumunt,
764 692 858 747 spe
907 676 1133 731 meliore
1187 669 1548 741 corroborati,
1605 672 1869 744 quidquid

299 771 408 825 illis
449 768 728 824 adversari
756 779 936 838 posset
959 769 1321 831 exeutientes,
1354 775 1709 837 terrentesque
1734 765 1869 820 nihil

297 861 407 916 'llis
438 862 660 916 evenire
686 876 866 930 p05se,
896 860 1040 930 quod
1092 875 1242 930 spem
1293 859 1608 924 frustretur,
1638 859 1721 914 vel
1765 859 1869 913 mi-

298 961 451 1008 nuat.
483 952 774 1022 Propterea
806 961 862 1006 tu
895 967 1112 1022 quoque
1144 952 1426 1021 sapientire
1471 951 1634 1007 foetus
1661 993 1674 1017 ,
1707 959 1869 1020 atque

298 1046 572 1110 alumnus,
631 1044 871 1099 nomium
932 1046 1030 1099 hac
1078 1047 1131 1100 in
1192 1045 1328 1100 urbe
1391 1055 1558 1112 mota,
1605 1060 1725 1114 qure
1758 1044 1868 1114 jam

297 1146 574 1208 eruperat,
607 1137 912 1208 dogmatiea
952 1139 1270 1208 quaestione,
1305 1137 1371 1192 de
1405 1153 1466 1192 ea
1493 1137 1755 1207 providus
1788 1152 1872 1192 ra-

298 1234 477 1286 tiones
503 1231 757 1300 exposcis
802 1230 870 1285 ab
899 1231 965 1284 iis
989 1245 1127 1300 quos
1173 1230 1267 1285 tibi
1318 1230 1530 1284 futuros
1571 1231 1870 1300 morigeros

303 1324 650 1388 existimasti,
677 1324 802 1379 licet
832 1324 950 1378 aliis
979 1323 1175 1378 studiis
1207 1331 1318 1376 tum
1348 1323 1606 1392 temporis
1637 1336 1871 1392 occupa-

297 1429 510 1485 rentur,
539 1427 592 1475 et
625 1420 817 1489 petitio
850 1419 940 1472 illa
973 1434 1080 1473 non
1113 1427 1322 1472 tantum
1355 1417 1620 1472 molestiae
1653 1432 1867 1484 secum,

297 1518 560 1577 quantum
613 1509 970 1580 providentiae
1015 1509 1301 1574 aﬂerebat,
1340 1516 1396 1563 et
1443 1509 1496 1562 in
1557 1509 1734 1580 capite
1785 1523 1872 1564 sa-

297 1604 502 1672 pientis
551 1603 678 1668 illis,
733 1603 825 1672 qui
885 1620 972 1658 res
1026 1603 1314 1674 concipere
1353 1611 1624 1673 poterant,
1684 1602 1872 1657 oculos

297 1696 445 1752 illius
478 1697 900 1767 pra-nuntiabat,
933 1714 995 1752 ea
1026 1713 1148 1768 quae
1196 1695 1441 1752 nondum
1471 1705 1648 1760 erant,
1676 1695 1871 1752 melius

293 1790 668 1858 prmvidentis,
698 1805 862 1860 quam
893 1805 1084 1845 eorum
1115 1806 1236 1861 qua:
1260 1791 1371 1860 jam
1406 1797 1555 1854 sunt,
1599 1789 1870 1844 exsisten-

295 1855 426 1934 tiam
479 1855 811 1949 capiant—illi
847 1882 938 1951 qui
991 1897 1053 1936 ea
1089 1855 1300 1936 tantum
1351 1897 1473 1952 quae
1523 1889 1650 1934 ante
1703 1876 1871 1948 pedes
1902 1855 1943 1910 Β

292 1983 442 2038 sunt,
468 1973 801 2044 intelligunt.
830 1974 966 2028 Cum
991 1989 1119 2029 vero
1148 1989 1294 2029 nunc
1336 1974 1502 2028 rebus
1537 1973 1612 2028 ita
1641 1985 1871 2041 poscen-

295 2066 462 2128 tibus,
495 2081 773 2130 vocemur,
797 2081 903 2121 non
937 2065 1138 2130 dicam,
1169 2066 1264 2120 sed
1295 2065 1710 2136 eompellamur,
1742 2061 1870 2116 licet

291 2157 509 2212 inﬁrma
537 2168 700 2229 atque
739 2175 880 2230 aegra
910 2159 1223 2215 valetudine
1250 2158 1444 2223 simus,
1489 2156 1554 2212 ad
1588 2152 1870 2227 petitionis

292 2252 634 2308 rxactionem
693 2261 887 2323 atque_
924 2253 1287 2316 solutionem,
1349 2251 1518 2306 veluti
1581 2249 1866 2321 cujusdam

292 2344 596 2415 pmscripti
630 2344 933 2414 vectigalis,
967 2353 1022 2400 et
1059 2345 1195 2399 satis
1213 2345 1322 2415 jam
1355 2342 1508 2398 dilati
1545 2341 1738 2407 debiti,
1774 2341 1868 2395 ha-

295 2437 394 2492 bes
414 2450 721 2508 opportune
742 2437 956 2493 fructus
982 2451 1169 2491 eorum
1195 2452 1319 2507 qua:
1346 2445 1504 2491 antea
1528 2435 1865 2506 projeceras;

294 2531 465 2586 babes
498 2541 761 2601 quantum
787 2531 946 2586 nobis
972 2530 1318 2586 imbecillitas
1348 2528 1530 2586 carnis
1558 2527 1869 2598 mentisque

293 2623 581 2692 permittit.

363 2716 414 2771 2.
452 2715 594 2771 Ante
617 2717 801 2771 omnia
837 2715 1021 2787 itaque
1050 2715 1187 2770 scito
1224 2715 1632 2786 processionem
1661 2713 1714 2770 in
1746 2713 1868 2785 Spi-

292 2809 402 2863 ritu
441 2817 629 2864 sancto
662 2809 881 2864 modum
918 2807 1258 2864 exsistentiae
1283 2820 1448 2872 esse,‘
1473 2816 1527 2863 et
1565 2805 1869 2878 bypostati-

292 2916 413 2955 eam
474 2901 900 2970 proprietatem,
963 2899 1423 2972 quemadmodum
1471 2908 1556 2955 est
1617 2899 1673 2953 in
1729 2897 1867 2953 Filio

1980 581 2192 645 ἐλπίδος
2229 582 2605 654 νευροὺμενοι,
2663 583 2978 638 τούναντίον
3012 585 3424 656 ἀποσειόμενοι,
3455 588 3551 642 καὶ

1988 672 2063 735 ὡς
2096 673 2183 725 ἐπ’
2225 673 2448 728 ἔλαττον
2476 670 2564 728 οἷα
2596 676 2856 745 μηδέποτ’
2887 675 3150 745 ἐσόμενον
3179 677 3550 748 λογιζόμενοι,

1977 765 2054 834 τῷ
2080 782 2162 818 τοι
2191 768 2284 820 καὶ
2312 768 2376 822 σὺ
2404 770 2597 837 σοφίας
2634 769 2883 838 μαίευμα
2910 771 3006 823 καὶ
3043 770 3343 840 τιθήνημα,
3380 773 3554 841 μήπω

1979 862 2348 932 κεκινημένης
2389 863 2642 916 ἐνταυθοῖ
2673 864 2773 933 τῆς
2806 864 2907 935 ἤδη
2941 865 3396 935 συνερῤηγμένης
3430 865 3553 933 δογ-

1980 953 2220 1023 ματικῆς
2272 955 2648 1025 συξητήσεως,
2698 955 2924 1024 φθάνεις
2977 956 3310 1028 ὲξῃτημένος
3356 957 3552 1025 λόγους

1979 1043 2108 1111 περὶ
2138 1043 2360 1116 ταύτης,
2397 1046 2455 1111 ἐξ
2485 1037 2560 1099 ὧν
2595 1046 2947 1118 τεθάρρηκας
2987 1047 3196 1116 ἑτέροις
3232 1047 3554 1115 ὲνασχολου-

1981 1141 2157 1210 μένων
2185 1140 2486 1210 τηνικαῦτα
2515 1142 2923 1212 σπουδάσμασι,
2956 1144 3049 1196 καὶ
3074 1139 3142 1214 ἦν
3170 1145 3203 1213 ἡ
3246 1143 3461 1208 αἴτησις
3489 1144 3550 1197 οὐ

1977 1231 2136 1284 τόσον
2163 1233 2330 1304 ἑαυτῇ
2381 1236 2804 1305 συνεπαγομένη
2834 1235 2893 1288 τὸ
2924 1235 3200 1306 φορτικὸν,
3230 1237 3355 1290 ὅσον
3398 1237 3461 1306 δὴ
3492 1237 3555 1290 τὸ

1980 1323 2336 1392 προοπτικδν,
2384 1325 2486 1376 κᾶν
2517 1327 2580 1394 τῇ
2611 1326 2818 1395 κεφαλῇ
2841 1325 2941 1379 τοῦ
2970 1327 3138 1396 σοφοῦ
3182 1329 3292 1390 τοῖς
3325 1345 3388 1396 γε
3421 1328 3552 1394 ξυν-

1983 1415 2118 1467 ιέναι
2178 1414 2498 1485 δυναμένοις
2540 1417 2669 1481 τοὺς
2700 1417 3021 1488 ὀφθαλμοὺς
3049 1418 3216 1472 αὐτοῦ
3242 1420 3546 1488 καταγγέλο

1979 1505 2146 1560 λουσα
2194 1507 2262 1560 τὰ
2303 1509 2470 1579 μήπω
2521 1510 2656 1564 ὄντα
2703 1512 3093 1583 προορωμένου
3145 1513 3330 1578 πλέον,
3373 1514 3406 1583 ἠ
3451 1516 3555 1585 τὴν

1978 1599 2088 1653 τῶν
2121 1600 2291 1654 ὄντων
2324 1603 2649 1668 ὑπόστασιν,
2684 1606 2732 1658 oi
2787 1609 3078 1660 κατανοεῖν
3113 1607 3381 1678 ᾑρημένοι
3415 1609 3558 1677 μόνα

1979 1693 2045 1746 τὰ
2077 1692 2134 1744 ἐν
2186 1694 2363 1749 ποσίν.
2407 1696 2562 1750 Ἐπεὶ
2597 1697 2651 1751 δὲ
2687 1697 2782 1752 νῦν
2816 1701 2880 1770 τῇ
2932 1699 3095 1767 φύσει
3139 1699 3249 1753 τῶν
3291 1701 3558 1770 πραγμάο

1978 1803 2106 1847 των.
2137 1788 2238 1839 οὐκ
2268 1787 2334 1841 ἂν
2390 1789 2655 1859 φαίημεν,
2706 1791 2787 1845 ὅτι
2822 1792 3162 1863 κεκλήμεθα,
3217 1794 3418 1863 μᾶλλον
3454 1794 3557 1864 μὲν

1971 1877 2066 1932 οὖν
2096 1877 2213 1932 ἀλλ’
2247 1880 2584 1951 ἡπείγμεθα,
2623 1884 2717 1937 καί
2760 1901 2843 1937 τοι
2874 1885 2934 1938 τδ
2981 1884 3140 1954 σῶμα
3191 1884 3558 1956 νοσηλευόμε-

1973 1987 2072 2036 νοι,
2111 1970 2250 2043 πρὸς
2284 1975 2384 2043 τὴν
2407 1972 2503 2027 τοῦ
2531 1977 2836 2046 αἰτήματος
2862 1975 3153 2047 εῐσπραξιν
3185 1977 3278 2030 καὶ
3300 1977 3558 2030 ἀπότισιν

1971 2059 2062 2118 οἶά
2092 2083 2236 2131 τινος
2261 2065 2572 2139 ὡρισμένου
2603 2069 2772 2140 φόρου
2797 2069 2888 2122 καὶ
2915 2069 3116 2132 ίκανῶς
3145 2069 3554 2140 ἀφωσιωμένου

1970 2157 2306 2230 ὀφλήματος,
2341 2160 2487 2231 ἔχεις
2514 2162 2610 2215 τοῦ
2663 2162 3267 2234 προκαταϐεὸλημένου
3307 2163 3407 2232 τὴν
3434 2165 3559 2215 ἐπι-

1971 2255 2219 2322 καρπίαν
2263 2255 2404 2307 κατὰ
2441 2256 2652 2326 καιρόν.
2699 2257 2888 2327 Ἔχεις
2937 2257 2982 2310 δ’
3013 2256 3282 2328 ὁπόσηνή
3327 2257 3386 2310 ὲν
3418 2258 3557 2327 ἡμῖν

1971 2346 2228 2400 ἀσθένεια
2270 2348 2371 2419 τῆς
2421 2349 2623 2419 σαρκὸς
2669 2348 2782 2419 ἅμα
2815 2349 2909 2404 καὶ
2958 2349 3057 2419 τῆς
3091 2347 3332 2412 διανοίας
3369 2365 3554 2419 παρα-

1970 2442 2157 2511 χωρεῖ.

2044 2703 2110 2774 β’.
2141 2705 2363 2775 Πρῶτον
2400 2705 2500 2775 μὲν
2547 2705 2640 2759 οὖν
2669 2706 2779 2760 ἴσθι
2830 2706 2928 2775 τὴν
2962 2707 3295 2776 ὲκπόρευσιν
3323 2707 3414 2759 ἐπὶ
3454 2706 3552 2760 τοῦ

1969 2795 2127 2866 ἁγίου
2186 2795 2528 2865 ῐινεύματος,
2577 2797 2779 2866 τρόπον
2809 2793 3119 2866 ὑπάρξεως,
3176 2794 3554 2865 ὑποστατικὴν

1972 2890 2234 2962 ἰδιότητα,
2274 2889 2459 2953 καθώς
2491 2891 2638 2943 ἐστιν
2666 2892 2698 2961 ἡ
2729 2892 2982 2961 γέννησις
3007 2892 3096 2944 ἐπὶ
3137 2888 3230 2942 τοῦ
3267 2889 3419 2951 Υίοῦ,
3457 2889 3554 2942 καὶ

294 2993 648 3059 nascibilitas,
683 3003 739 3048 et
762 2993 814 3048 in
855 2994 1015 3049 Patre
1040 2993 1456 3048 innascibilitas.
1491 2990 1628 3046 Illud
1655 2989 1864 3046 etenim

1977 2983 2002 3054 ἡ
2035 2983 2334 3053 ἁγεννησία
2367 2982 2460 3034 ἐπὶ
2482 2982 2578 3035 τοῦ
2625 2983 2858 3052 Πατρός.
2909 2983 3055 3036 Αὐτὸ
3089 2983 3200 3051 γάρ
3231 2980 3292 3033 τὸ
3348 2981 3424 3050 μὴ
3463 2996 3554 3047 γε-

292 3086 594 3156 ingenitum
655 3103 797 3152 esse,
839 3097 896 3141 et
920 3086 1186 3156 genitum,
1244 3095 1299 3141 et
1347 3085 1663 3155 procedere,
1720 3085 1866 3138 hunc

1977 3075 2286 3144 γεννῆσθαι,
2336 3073 2433 3130 καλ⁷
2487 3074 2547 3128 τὸ
2583 3073 2968 3143 γεγεννῆσθαι,
3015 3073 3110 3126 καὶ
3156 3071 3216 3125 τὸ
3256 3068 3557 3140 ἐκπορεύε-

291 3178 514 3246 quidem
545 3178 786 3243 Patrem,
818 3179 969 3232 illum
1001 3177 1222 3241 Filium,
1276 3177 1423 3231 hunc
1464 3190 1594 3231 vero
1615 3214 1630 3240 ,
1658 3174 1727 3231 de
1755 3190 1865 3245 quo

1977 3169 2121 3235 σθαι,
2144 3169 2239 3221 τὸν
2273 3167 2373 3237 μὲν
2401 3167 2641 3239 Πατέρα,
2669 3166 2759 3220 τον
2791 3167 2847 3219 δὲ
2878 3167 3027 3232 Υίδν,
3054 3167 3116 3219 τὸ
3151 3166 3206 3218 δὲ
3233 3163 3380 3218 τοῦθ’
3410 3165 3552 3234 ὅπερ

290 3271 514 3336 dicitur,
544 3269 808 3340 Spiritum
838 3281 1084 3325 sanctum
1117 3268 1480 3338 nuncupavit,
1513 3275 1574 3322 ut
1602 3269 1656 3322 in
1697 3267 1864 3322 rebus

291 3360 612 3431 theologicis
638 3361 1038 3430 pertractandis
1054 3361 1286 3416 eximius
1315 3359 1613 3430 Gregorius
1641 3359 1739 3414 ait.
1760 3358 1863 3425 Qui

288 3469 423 3508 vero
454 3454 514 3507 τὸ
557 3453 852 3523 procedere
883 3453 939 3508 in
993 3452 1198 3524 Spiritu
1243 3462 1432 3508 saneto
1473 3453 1865 3524 homonymum

290 3545 597 3610 aﬂirmant,
640 3545 917 3617 assignent
957 3546 1118 3600 aliam
1197 3561 1425 3612 vocem,
1477 3561 1598 3616 quae
1647 3546 1869 3616 proprie

291 3641 662 3696 exsistentiatn
726 3639 967 3711 Spiritus
1039 3639 1210 3695 sancti
1261 3648 1450 3705 notet;
1510 3641 1596 3694 sin
1643 3639 1864 3703 minus,

291 3734 795 3796 innaseibilitatem,
847 3743 904 3788 et
955 3731 1379 3788 naseibilitatem
1418 3732 1473 3787 in
1514 3733 1635 3787 aliis
1665 3731 1868 3786 divinis

291 3827 682 3900 bvpostasibus
711 3825 905 3882 eodem
936 3833 1162 3896 stupore
1196 3825 1561 3895 liomonymon
1593 3831 1866 3880 astruant.

291 3922 509 3977 Etenim
562 3918 622 3972 τὸ
662 3917 956 3987 procedere
987 3933 1111 3973 cum
1165 3915 1352 3974 rebus.
1383 3915 1506 3971 aliis
1564 3931 1864 3984 annexum,

290 4027 483 4067 eorum
559 4011 886 4080 quibuscum
971 4010 1360 4072 construitur,
1423 4008 1866 4078 coniunctionem

289 4103 646 4173 signiﬁcabit,
685 4102 839 4157 verbi
900 4089 1072 4170 gratia
1110 4118 1123 4156 :
1187 4099 1410 4155 Flavius
1447 4116 1511 4154 ea:
1548 4101 1711 4154 Edent
1745 4117 1869 4170 pro-

290 4197 459 4259 cedit;
489 4204 544 4250 et
590 4196 732 4248 hoc:
782 4193 1103 4247 Procedebat
1139 4193 1284 4262 foras
1309 4233 1324 4258 ,
1361 4203 1408 4246 et
1461 4192 1773 4264 loquebatur
1810 4195 1866 4248 in

291 4290 556 4360 idipsum;
620 4297 997 4342 verumtamen
1054 4285 1262 4356 Spiritu
1323 4296 1513 4341 sancto
1566 4302 1865 4352 annexum,

292 4386 466 4453 ipsam
506 4390 563 4438 et
589 4381 758 4437 solam
791 4379 1026 4450 Spiritus
1055 4380 1228 4434 sancti
1258 4380 1633 4434 exsistentiam
1651 4379 1864 4451 signiﬁ-

1973 3261 2191 3327 λέγεται
2225 3261 2452 3331 Πνεῦμα
2501 3261 2679 3328 ἅγιον,
2713 3262 3180 3331 προσηγόρευσεν,
3217 3257 3293 3322 ὥς
3324 3274 3489 3327 φησιν
3521 3257 3552 3308 ό

1974 3357 2144 3419 πολὺς
2185 3357 2242 3408 ἐν
2283 3353 2538 3426 θεολογίᾳ
2593 3354 2922 3426 Γρηγόριος.
2959 3354 3021 3407 Οἱ
3068 3352 3112 3406 δ’
3138 3352 3431 3423 ὁμώνυμον
3457 3351 3554 3404 ἐπὶ

1916 3488 1926 3498 ι
1972 3451 2066 3504 τοῦ
2105 3449 2264 3518 ἁγίου
2301 3447 2620 3519 Πνεῦματος
2649 3448 2891 3512 τιθέντες
2921 3449 2981 3502 τὸ
3011 3446 3436 3519 ἐκπορεύεσθαι,
3467 3446 3555 3500 δό-
3585 3497 3587 3499 ,

1971 3559 2154 3596 τωσαν
2185 3541 2382 3611 ἑτέραν
2400 3541 2585 3612 φωνὴν
2605 3540 2706 3612 τῆς
2729 3541 2824 3594 τοῦ
2848 3539 3005 3614 ἁγίου
3031 3539 3349 3610 Πνεύματος
3375 3536 3556 3608 ὑπάρ-

1975 3634 2111 3702 ξεως
2141 3635 2288 3698 ίδίως
2318 3636 2688 3707 σημαντικὴν,
2721 3635 2754 3708 ἢ
2789 3635 2897 3707 μὴν
2932 3635 3028 3689 καὶ
3065 3633 3163 3705 τὴν
3194 3633 3548 3702 άγεννησίαν,

1975 3728 2070 3779 καὶ
2100 3726 2199 3796 τὴν
2234 3726 2488 3798 γέννησιν
2518 3727 2613 3781 ἐπὶ
2637 3726 2746 3781 τῶν
2780 3727 2958 3780 ἄλλων
2998 3725 3096 3794 τῆς
3126 3725 3384 3793 θεότητος
3414 3722 3551 3775 ὑπο-

1975 3820 2222 3872 στάσεων
2251 3819 2392 3888 μετὰ
2421 3820 2518 3890 τῆς
2547 3819 2718 3889 αὐτῆς
2746 3817 3133 3891 παραπληξίας
3163 3814 3552 3887 ὀμωνυμείτω-

1974 3928 2096 3966 σαν.
2129 3911 2265 3966 Μεθ’
2297 3911 2504 3982 ἐτέρων
2531 3911 2632 3983 μὲν
2653 3911 2760 3982 γάρ
2789 3913 3132 3984 πραγμάτων
3162 3909 3222 3965 τὸ
3255 3907 3550 3979 ἐκπορεύε-

1973 4005 2103 4058 σθαι
2134 4007 2580 4075 συνταττόμενον,
2630 3998 2712 4069 oi;
2744 4003 2810 4058 ἂν
2852 4005 3230 4068 συντάττοιτο,
3284 4003 3550 4074 δηλώσειε

1971 4099 2033 4154 τδ
2066 4099 2424 4170 κατάλληλον,
2479 4099 2555 4165 ὠς
2583 4099 2663 4165 τὸ,
2720 4100 2998 4168 Ποταμὸς
3028 4099 3097 4164 ἐξ
3146 4098 3323 4167 Ἐὂὲμ
3370 4097 3551 4151 ἐκπο-

1965 4197 2227 4266 ρεύεται,
2276 4195 2371 4250 καὶ
2413 4195 2839 4264 Ἑξεπορεύετο
2867 4197 3005 4263 ἔξω,
3054 4197 3153 4251 καί
3193 4194 3404 4249 ἐλάλει
3445 4192 3544 4248 ἐπὶ

1970 4290 2038 4344 τὸ
2068 4290 2237 4344 αὐτό.
2272 4288 2432 4342 Κατὰ
2457 4289 2512 4341 δὲ
2542 4289 2636 4343 τοῦ
2672 4289 2832 4358 ἁγίου
2868 4288 3186 4361 Πνεύματος
3216 4287 3546 4358 εὑρισκόμε-

1971 4399 2084 4445 νον,
2115 4381 2284 4453 αὐτὴν
2309 4382 2400 4434 καὶ
2439 4381 2608 4451 μόνην
2641 4383 2896 4451 σημαίνει
2930 4384 3029 4453 τὴν
3061 4381 3154 4434 τοῦ
3187 4381 3344 4447 ἁγίου
3374 4379 3548 4431 [Ινεύ-

293 4486 404 4543 ‹-ίιι,
434 4478 562 4530 utin
593 4473 920 4544 Evangeliis,
949 4472 1044 4543 qui
1075 4473 1224 4528 solus
1241 4473 1459 4544 sapiens
1487 4483 1593 4536 est,
1619 4473 1860 4529 tradidit.

1977 4493 2142 4545 ματος
2169 4473 2423 4546 ὓπαρξιν,
2450 4472 2632 4536 καθὼς
2663 4474 2720 4526 ὲν
2752 4473 3105 4541 Εὑαγγελίοις
3135 4474 3161 4524 ὁ
3194 4469 3353 4540 μόνος
3384 4470 3546 4538 σοφὸς

289 4566 547 4638 Progredi
594 4579 750 4631 vero,
779 4575 835 4620 et
878 4563 1162 4635 effulgere,
1196 4574 1253 4620 et
1307 4565 1352 4618 si
1387 4565 1516 4634 quid
1553 4566 1729 4621 simile
1759 4578 1863 4633 est,

1977 4567 2348 4637 παραδέδωκε.
2389 4567 2462 4620 Τὸ
2491 4566 2546 4620 δέ
2577 4584 2639 4632 γε
2687 4567 3078 4638 προέρχεσυαι,
3112 4566 3206 4619 καὶ
3238 4565 3297 4618 τὸ
3338 4564 3549 4634 ἐκλάμο

294 4658 420 4713 aliis
483 4659 649 4713 rebus
714 4672 958 4713 connexa
1021 4657 1160 4712 alios
1220 4671 1417 4712 sensus
1472 4658 1861 4725 prmsel‘erunt;

291 4751 454 4805 veluti
491 4768 503 4806 :
542 4750 890 4823 Progreditur
921 4750 1075 4817 Rex;
1110 4759 1165 4805 et
1198 4765 1210 4803 :
1247 4750 1385 4805 Justi
1413 4751 1679 4822 fulgebunt
1733 4753 1865 4806 sicut

207 4875 215 4879 --
289 4843 387 4908 sol,
417 4859 536 4914 qua:
570 4844 625 4898 in
687 4844 888 4898 divinis
943 4852 1244 4911 assumpta,
1283 4844 1334 4895 in
1383 4842 1591 4912 Spiritu
1641 4843 1863 4911 quidem

1974 4673 2122 4721 πειν,
2161 4658 2254 4710 καὶ
2287 4658 2341 4711 εί
2363 4674 2414 4710 τι
2443 4657 2708 4721 τοιοῦτον,
2743 4657 2925 4720 ἄλλοις
2962 4656 3062 4728 μὲν
3113 4654 3206 4710 καὶ
3239 4655 3380 4709 αὐτὰ
3423 4671 3550 4708 συν-

1973 4751 2236 4820 τιθέμενα
2265 4750 2611 4821 πράγμασιν,
2644 4749 2808 4814 άλλας
2844 4750 3056 4811 ἐννοίας
3103 4750 3438 4815 εἰσάγουσιν,
3473 4748 3550 4811 ὡς

1972 4848 2056 4914 τὺ,
2103 4847 2460 4918 Προέρχεται
2492 4850 2526 4902 ὁ
2568 4846 2890 4914 βασιλεὺς,
2934 4849 3046 4912 καὶ,
3077 4849 3139 4900 οι
3186 4846 3402 4900 δίκαιοι
3447 4844 3550 4898 ὲκ-

289 4937 532 5007 Spiritus
599 4937 771 4992 sancti
823 4937 1200 4993 exsistentiam
1267 4934 1600 5004 signiﬁcant,
1637 4937 1688 4990 in
1737 4936 1866 4991 Filio

1977 4943 2332 5010 λάμψουσιν
2362 4941 2442 5005 ὡς
2477 4944 2506 4994 ὁ
2538 4939 2735 5008 ἥλιος,
2779 4943 2836 4994 ἐν
2877 4940 3126 5012 θεολογίᾳ
3165 4941 3222 4995 δὲ
3255 4939 3551 5009 παραλαμ-

288 5038 470 5084 autem
499 5026 660 5092 Filii;
701 5039 758 5084 et
788 5029 1121 5092 testimonia,
1158 5041 1280 5096 quae
1341 5027 1574 5095 plurima
1613 5038 1760 5094 sunt,
1803 5045 1870 5084 ex

286 5123 462 5178 sacris
497 5121 743 5186 Litteris,
779 5123 832 5175 in
872 5131 1126 5190 promptu
1161 5128 1289 5174 sunt
1323 5120 1685 5190 perquirenti.

1975 5034 2270 5105 61v6;J.ava,
2325 5037 2390 5106 τῇ
2449 5035 2550 5104 μὲν
2609 5035 2737 5104 περὶ
2780 5034 2873 5088 τοῦ
2925 5033 3243 5104 Πνεύματος
3297 5033 3397 5105 τὴν
3452 5030 3548 5086 τοῦ

1974 5126 2296 5199 Πνεύματος
2363 5128 2723 5199 σημαίνουσιν
2771 5127 3029 5200 ὓπαρξιν,
3071 5130 3135 5200 τῇ
3181 5129 3237 5182 δὲ
3270 5127 3401 5197 περὶ
3450 5124 3550 5178 τοῦ

287 5215 442 5277 Υἰοῦ,
480 5213 575 5285 τὴν
602 5213 696 5266 τοῦ
728 5213 886 5278 Υεοῡ,
926 5213 1020 5266 καὶ
1051 5212 1150 5274 τὰς
1190 5213 1500 5282 μαρτυρίας
1565 5213 1789 5286 εὐχερὲς
1819 5215 1899 5286 τῷ
1941 5216 2250 5292 βουλομένῳ
2305 5221 2507 5285 πολλάς
2576 5239 2641 5291 γε
2677 5222 2844 5288 οὔσας
2887 5225 2950 5278 ὲκ
2997 5225 3094 5294 τῆς
3138 5223 3291 5294 ἱερᾶς
3321 5223 3552 5294 Γραφῆς

284 5307 672 5377 ἀναλέγεσθαι.

354 5405 409 5458 5.
433 5401 920 5457 Verumenimvero
952 5399 1193 5471 Spiritus
1224 5402 1399 5456 sancti
1453 5401 1860 5471 processionem

283 5511 348 5550 ex
379 5495 542 5549 Patre
577 5508 674 5564 per
703 5493 902 5547 Filium
934 5508 1056 5548 esse
1096 5493 1402 5564 multojam
1439 5507 1596 5548 antea
1639 5495 1694 5549 in
1729 5510 1862 5550 con-

281 5589 446 5644 fessis
475 5595 619 5652 erat,
651 5596 706 5641 et
735 5601 908 5656 usque
933 5585 1000 5640 ad
1036 5585 1150 5641 haec
1177 5597 1366 5642 nostra
1411 5598 1655 5657 tempora
1686 5603 1716 5642 a
1755 5587 1864 5658 piis

285 5679 604 5736 hominibus
635 5678 924 5743 asseritur,
983 5688 1038 5733 et
1092 5678 1263 5735 veluti
1311 5694 1607 5735 commune
1662 5679 1858 5748 dogma

283 5773 542 5830 Ecclesiae
568 5773 854 5845 recipitur.
883 5771 991 5829 Sed
1023 5788 1131 5829 non
1165 5773 1258 5829 diu
1309 5785 1414 5836 est,
1450 5789 1516 5828 ex
1580 5788 1690 5844 quo
1723 5790 1859 5828 non-

287 5870 421 5929 nulli
451 5867 679 5924 ridicule
711 5866 997 5935 dicam,an
1027 5867 1336 5924 miserrime
1366 5865 1717 5933 aﬁecti,dum
1751 5866 1860 5921 vel-

2039 5410 2109 5472 γ¹.
2145 5400 2220 5456 'l'b
2247 5402 2302 5456 δὲ
2334 5401 2434 5474 τὴν
2458 5402 2552 5456 ’τοῦ⁹
2586 5403 2744 5471 ἁγίου
2776 5402 3094 5472 Πνεύματος
3125 5399 3457 5471 ἒκπόρευσιν
3476 5393 3548 5452 δι’

1968 5496 2102 5550 Υίοῦ
2135 5491 2277 5548 εἶναι
2327 5495 2481 5566 παρὰ
2512 5495 2729 5564 Πατρὸς
2759 5495 3198 5565 ὁμολογούμενον
3237 5488 3307 5564 ἦν
3337 5493 3547 5546 ἀνέκαο

1968 5590 2080 5653 θεν,
2120 5589 2214 5643 καὶ
2264 5588 2368 5652 ἕως
2406 5588 2566 5658 ἡμῶν
2595 5591 2707 5652 τοῖς
2749 5589 3003 5642 εὐσεϐέσι
3035 5589 3130 5643 καὶ
3173 5586 3548 5656 πρεσϐευόμε-

1969 5699 2080 5748 νον,
2113 5682 2204 5733 καὶ
2229 5675 2316 5734 οἷα
2349 5681 2523 5751 δόγμα
2555 5682 2733 5734 κοινὶν
2763 5680 3186 5750 ἁνατεθειμένον
3210 5683 3274 5751 τῇ
3312 5677 3546 5750 Ἐκκλη-

1971 5775 2063 5844 σία
2119 5772 2214 5828 τοῦ
2280 5775 2439 5828 Θεοῦ.
2477 5775 2681 5845 Καιρδς
2717 5775 2763 5828 δ’
2818 5776 2879 5828 οὐ
2932 5775 3122 5841 πολὺς,
3171 5772 3230 5838 ἐξ
3283 5772 3343 5826 οὗ
3397 5787 3546 5834 τινες

1967 5867 2169 5922 ἔπαθόν
2193 5885 2243 5920 τι
2272 5868 2638 5935 γελοιότατον,
2671 5869 2701 5940 ἢ
2731 5867 2930 5948 μᾶλλον
2958 5867 3153 5934 εἰπεῖν,
3181 5865 3538 5928 ἀθλιώτατον,
