3888 6478
209 414 318 481 569

1023 415 1120 476 DE
1164 415 1688 476 PROCESSIONE
1725 417 1785 478 S.
1832 415 2198 478 SPIRITUS
2241 414 2529 475 ORATIO
2573 417 2660 480 ΙΙ.

3375 423 3477 485 5το

213 532 535 604 βυλόμενοι
564 531 675 604 γὰρ
708 532 772 586 ἐκ
815 531 1136 602 περιουσίας
1183 528 1420 594 ἀνελεῖν,
1451 528 1534 591 τδ,
1586 529 1655 582 ἐκ
1683 527 1779 582 τοί

1896 531 2010 584 lent
2050 530 2276 599 penitus
2301 544 2366 584 ea:
2395 528 2528 584 Filio
2565 529 2781 596 tollere,
2813 545 2922 586 una
2963 545 3088 587 cum
3121 545 3188 586 eo
3237 535 3476 588 sustule-

221 625 386 690 Υιοῦ,
421 625 736 678 συνανεῖλαν
763 623 912 692 αὐτῷ
943 626 1035 676 καὶ
1063 624 1145 689 τὸ,
1181 623 1258 675 δι’
1293 623 1451 688 Υἱοῦ,
1486 621 1581 674 καὶ
1613 622 1679 674 τὰ
1709 623 1788 674 δι-

211 717 472 786 δάγματα
496 713 604 767 τῶν
632 713 905 766 τοσούτων
925 714 1118 780 ἁγίων,
1149 714 1284 766 ὅπου
1322 713 1423 781 μὲν
1446 709 1512 782 ἧν
1540 730 1622 777 τις
1653 712 1791 783 λαὸὴ

214 809 474 870 δοκοῦσα,
511 807 860 877 ῖιέστρεψαν,
909 809 1044 859 ὅπου
1078 806 1123 859 δ’
1167 806 1266 859 οῦκ
1295 801 1362 876 ἦν
1408 805 1681 873 οὐδαμῶς,
1715 805 1788 867 ῶς

213 901 530 968 ἀσύμφωνα
582 900 744 968 δῆθεν
793 903 904 962 τοῖς
967 899 1180 961 πολλοῖς
1235 897 1642 968 διεκρούσαντο.
1680 898 1790 950 Καὶ

217 995 354 1046 ὅπου
395 995 492 1063 μὲν
517 990 584 1064 ἦν
610 993 669 1044 τὸ
698 993 760 1045 ὲκ
785 991 878 1044 τοῦ
918 992 1128 1061 [Ἰατρὸς
1158 991 1267 1044 εἴτε
1303 991 1645 1061 προχεῖσθαι,
1678 991 1790 1044 εἴτε

215 1087 584 1158 προέρχεσθαι
619 1087 675 1138 τὸ
712 1085 935 1153 Πνεῦμα
962 1085 1019 1136 τὸ
1062 1083 1237 1152 ἅγιον,
1273 1085 1365 1136 ἐπὶ
1395 1085 1492 1154 τῆς
1525 1085 1790 1154 ἐκπορεύ-

214 1199 354 1244 σεως
381 1179 747 1250 παρεδέξαντο
774 1179 842 1232 τὰ
881 1179 1125 1248 ὀνόματα
1150 1195 1164 1209 °
1195 1179 1328 1232 ὅπου
1359 1179 1416 1232 δὲ
1456 1178 1516 1232 τὸ
1545 1180 1614 1232 δι’
1653 1181 1783 1234 Υίοῦ

213 1275 563 1340 προσέκειτο,
595 1271 694 1341 τὴν
726 1272 993 1341 πρόχυσιν
1024 1272 1139 1323 ἐκεῖ
1159 1272 1252 1324 καὶ
1282 1270 1380 1338 τὴν
1416 1271 1663 1341 πρόοδον,
1691 1271 1786 1324 καὶ

211 1366 342 1418 εἴτι
381 1365 508 1420 ἄλλο
539 1363 781 1418 τοιοῦτον
811 1363 932 1418 ἀντὶ
965 1363 1062 1434 τῆς
1091 1364 1298 1433 δωρεᾶς
1340 1363 1679 1436 ὲξειλήφασι.

283 1564 346 1618 δ’.
385 1564 606 1626 Σύνεσις
639 1563 693 1617 δὲ
720 1563 950 1633 οὐδεμία
981 1564 1408 1632 συνεωρακέναι,
1441 1563 1658 1632 πρῶτον
1687 1563 1787 1633 μὲν

208 1659 296 1712 ὅτι
347 1658 532 1712 πολλοὶ
564 1656 675 1710 τῶν
733 1657 910 1723 ἁγίων
970 1656 1231 1726 [Ιατέρων
1286 1655 1654 1726 ὲδογμὰτισαν
1693 1657 1787 1709 καὶ

207 1751 334 1804 ὶίαν
368 1751 684 1820 σαφέστατα
712 1750 770 1802 τὸ
805 1749 892 1801 διὰ
920 1747 1017 1802 τοῦ
1046 1747 1178 1801 Υίοῦ
1209 1747 1268 1802 τὸ
1298 1747 1520 1816 Πνεῦμα
1544 1746 1606 1799 τὸ
1629 1747 1784 1815 ἅγιον

206 1843 308 1898 τοῦ
341 1845 558 1915 Πατρδς
608 1842 1026 1914 ἐκπορεύεσθαι,
1057 1841 1119 1894 τὸ
1147 1841 1203 1894 δὲ
1253 1841 1326 1909 μὴ
1359 1841 1447 1894 διὰ
1499 1839 1592 1893 τοῦ
1629 1839 1781 1904 Υίοῦ,

206 1938 321 1992 τῶν
349 1938 485 1990 ὅλων
514 1936 690 1997 οὐδεὶς
715 1938 783 2006 τῇ
815 1935 1068 2004 Θεολογῖᾳ
1103 1933 1425 2003 προσέθετο,
1463 1931 1604 2002 πλὴν
1633 1934 1679 1984 εί
1708 1932 1782 2003 μή
1816 1907 1861 1965 Β
1891 1909 2020 2006 eid"

205 2045 292 2089 τις
323 2027 536 2094 εἰσάγει
560 2027 620 2078 τὸ
653 2025 747 2078 τοῦ
772 2025 1122 2095 Θεοδωρήτου
1155 2022 1484 2090 φιλόνεικον.
1520 2019 1599 2072 Δι’
1634 2020 1662 2072 ὃ
1689 2022 1782 2073 καὶ

206 2120 515 2191 κοθῄργβο,
577 2123 673 2171 καὶ
739 2118 1184 2188 ἁποκεκήρυκτο,
1239 2115 1340 2168 κᾶν
1391 2113 1620 2184 ὕστερον
1685 2131 1780 2168 κα-

205 2213 502 2276 τεγνωκὼς
551 2211 647 2266 καὶ
678 2211 841 2275 αὐτὸς
881 2210 1098 2274 ἑαυτοῦ,
1125 2210 1216 2262 καὶ
1258 2209 1385 2272 τοὺς
1424 2208 1661 2271 οἰκείους
1691 2207 1781 2260 λό-

206 2324 365 2375 γους,
387 2308 500 2359 ὅσοι
521 2306 621 2376 τῆς
652 2304 986 2373 Θεοστυγοῦς
1007 2304 1204 2373 ἔριδος,
1237 2303 1780 2372 ἀποσκευασάμενος,

205 2401 270 2453 οῦ
311 2401 419 2469 μὴν
455 2399 592 2452 ἀλλὰ
622 2399 715 2452 καὶ
753 2401 871 2461 ταῖς
902 2396 994 2450 τοῦ
1048 2396 1391 2464 ἀναϐέματος
1424 2397 1586 2466 ἀραῖς
1616 2395 1783 2449 καθυ-

209 2491 487 2557 ποὸαλὼν,
523 2491 679 2561 μόλις
703 2491 846 2544 οὕτω
886 2489 1270 2558 προσδέδεκτο.

279 2672 342 2730 ε’.
377 2675 643 2746 Δεύτερον
672 2674 752 2738 δὲ,
793 2673 856 2726 τὸ
890 2673 1007 2737 πῶς
1048 2672 1114 2730 ἂν
1145 2674 1257 2745 ἔχοι
1294 2677 1323 2728 6
1356 2675 1482 2740 Υἱὸς
1525 2678 1783 2746 χορηγεῖν

206 2771 270 2821 τὸ
313 2769 561 2837 Πνεῦμα,
602 2768 678 2839 μὴ
723 2769 865 2822 κατά
903 2785 1024 2820 τινα
1059 2769 1247 2838 σχέσιν
1288 2767 1482 2839 ἑτέραν
1516 2769 1613 2838 τῆς
1648 2770 1782 2838 ὁμο-

206 2862 522 2930 ουσιότητος
553 2860 904 2931 ιξικειωμένον
944 2860 1126 2931 αὐτῷς
1161 2861 1222 2913 ΕΞ
1256 2861 1366 2929 γὰρ
1396 2859 1458 2912 τὸ
1493 2860 1782 2930 όμοούσιον

207 2953 385 3006 αἴτιον
415 2953 492 3022 τῷ
520 2953 632 3022 mg»
662 2955 760 3022 τῆς
791 2953 1057 3024 χορηγίας
1083 2955 1178 3008 τοῦ
1211 2954 1607 3026 Πνεύματος,ἢ
1639 2956 1782 3020 τινὸς

208 3046 320 3098 τῶν
376 3045 574 3110 ἄλλων,
623 3039 699 3098 ὧν
739 3047 882 3116 ἔχειν
934 3046 1160 3112 λέγεται
1210 3049 1362 3122 παρὰ
1417 3047 1512 3100 τοῦ
1562 3048 1692 3101 Υίοῦ
1722 3052 1782 3102 τὸ

211 3137 459 3207 Πνεῦμα,
509 3139 631 3190 ἐπεὶ
660 3137 852 3210 ὥσπερ
905 3140 932 3191 6
969 3139 1096 3201 Υἱὸς
1141 3139 1545 3210 τῷιηνεύματι
1587 3142 1783 3210 όμοού-

210 3247 350 3293 σιον,
386 3231 530 3283 οὕτω
558 3231 652 3283 καὶ
677 3233 736 3284 τὸ
763 3232 986 3301 Πνεῦμα
1009 3231 1086 3300 τῷ
1114 3232 1244 3302 Υἱῷ,
1280 3236 1510 3302 χορηγεῖ
1531 3232 1629 3286 δὲό
1653 3234 1777 3298 Υίὸς

207 3323 270 3374 τὸ
307 3323 552 3391 Πνεῦμα,
587 3325 891 3394 χορηγήσοι
925 3324 991 3377 ἂν
1023 3325 1113 3377 καὶ
1147 3327 1205 3377 τ’)
1251 3324 1467 3394 Πνεῦμα
1500 3327 1594 3379 τὸν
1628 3326 1778 3382 Υἱόν.

211 3416 376 3469 Ἰὅιον
422 3417 484 3469 τὸ
516 3417 740 3487 Πνεῦμα
774 3418 866 3470 τοῦ
915 3418 1069 3482 Υῖοῦ,
1114 3419 1242 3481 ἴδιος
1277 3419 1342 3471 ἂν
1393 3419 1604 3487 λέγοιτο
1635 3424 1728 3475 καὶ
1755 3426 1782 3476 6

208 3510 334 3574 Υἱὸς
360 3510 454 3564 τοῦ
486 3511 822 3580 Πνεύματος.
866 3512 1212 3566 ’Δποστέλλει
1245 3516 1272 3566 6
1293 3512 1418 3577 Υἱὸς
1448 3515 1508 3566 τὸ
1532 3515 1779 3586 Πνεῦμα,

206 3604 304 3655 καὶ
339 3603 503 3665 αὐτὸς
533 3603 610 3666 ὡς
648 3603 782 3666 Θεὸς
815 3604 1248 3674 ἀνταποπαλείη
1289 3606 1442 3676 παρὰ
1477 3607 1570 3660 τοῦ
1609 3608 1780 3660 Ilvati-

212 3713 408 3765 ματος.
454 3698 669 3750 Ἐκεῖνα
727 3697 880 3752 λαλεῖ
930 3699 990 3750 τὸ
1040 3698 1287 3768 Πνεῦμα,
1327 3702 1428 3752 ὅσα
1490 3703 1557 3754 ἂν
1591 3699 1782 3754 ἀκούοι

210 3793 363 3860 παρὰ
394 3790 490 3843 τοῦ
526 3791 680 3853 Υίοῦ,
716 3793 809 3846 καὶ
840 3793 868 3845 6
897 3793 1027 3857 Υἱὸς
1075 3795 1263 3847 ἐκεῖνα
1304 3795 1551 3865 λαλήσει,
1582 3797 1682 3848 ὅσα
1714 3795 1780 3849 ἂν

206 3885 461 3938 ἀκούσειε
494 3889 644 3956 παρὰ
680 3886 772 3940 τοῦ
821 3889 1159 3957 Πνεύματος.
1209 3890 1304 3944 Ἐκ
1339 3889 1434 3942 τοῦ
1485 3891 1611 3943 Υῖοῦ
1640 3891 1781 3960 λαμ-

207 3981 366 4032 ὅὰνει
395 3981 455 4033 τὸ
490 3982 661 4050 Πνεῦ;,
680 3999 733 4041 α,
762 3983 998 4053 λήψαιτο
1045 3984 1139 4036 καὶ
1167 3984 1194 4035 6
1224 3983 1352 4044 Υίὸς
1379 3985 1441 4036 ἐκ
1466 3983 1563 4036 τοῦ
1612 3982 1782 4036 Πνεύ-

208 4089 402 4141 ματος.
457 4075 557 4126 Δια
609 4076 702 4128 τοῦ
756 4075 890 4128 Υιοῦ
921 4076 982 4128 τὸ
1039 4075 1260 4144 Πνεῦμα
1312 4076 1647 4129 συνάπτεται
1702 4076 1780 4144 τῷ

206 4167 409 4236 Πατρῖ,
456 4168 551 4220 καὶ
581 4171 606 4220 6
645 4168 770 4231 Υίῖς
817 4169 904 4221 διὰ
957 4168 1049 4220 τοῦ
1086 4168 1403 4237 Πνεύματος
1457 4169 1781 4222 συνάπτοιτο

203 4260 284 4327 τῷ
319 4261 509 4328 οἰκείῳ
542 4260 737 4329 Πατρί.
769 4259 909 4312 Ὅσα
955 4260 1067 4330 ἔχει
1099 4261 1158 4312 τὸ
1201 4259 1446 4330 Πνεῦμα,
1483 4263 1636 4329 παρὰ
1685 4261 1778 4315 τοῦ

202 4353 382 4417 Λόγου
411 4353 542 4423 ἔχει,
579 4354 670 4405 καὶ
699 4355 726 4406 6
756 4353 882 4416 Υἱὸς
911 4356 1009 4406 ὅσα
1036 4353 1168 4424 ἔχει,
1196 4353 1352 4406 ταῦτ’
1387 4334 1450 4408 ἂν
1478 4355 1594 4424 ἔχοι
1628 4355 1779 4424 παρὰ

201 4446 301 4498 τοῦ
334 4447 676 4515 Πνεύματος.
712 4447 810 4499 Διὰ
839 4446 934 4499 τοῦ
970 4447 1290 4516 Πνεύματος
1323 4450 1350 4501 6
1385 4447 1509 4512 Υἱὸς
1539 4451 1774 4518 ἐνεργεῖ,

201 4538 461 4606 ἐνεργοίη
499 4539 594 4591 καὶ
634 4538 694 4589 τὸ
728 4536 950 4607 Πνεῦμα
1000 4537 1088 4589 διὰ
1118 4539 1208 4590 τοῦ
1249 4538 1400 4591 Υἱοῦ.
1452 4536 1630 4591 Eiicth
1661 4541 1776 4592 ἐστι

1894 631 2017 675 runt
2043 631 2100 676 et
2133 638 2230 690 per
2251 619 2536 685 Filium,et
2572 629 2848 675 tantorum
2876 623 3099 678 Patrum
3123 623 3473 688 documenta,

1892 713 2074 782 siqua
2110 711 2380 782 captionis
2423 711 2659 765 dabatur
2713 727 2863 778 ausa,
2919 725 3330 782 pervenerunt,
3386 716 3470 768 sin

1891 821 2025 860 vero
2065 806 2210 859 nulla
2246 804 2568 874 apparebat,
2609 815 2722 857 tum
2757 805 2872 869 illa,
2913 815 3168 874 tauquam
3196 823 3318 875 qure
3346 823 3470 858 eum

1893 897 2080 950 multis
2114 896 2233 950 aliis
2276 912 2382 950 non
2420 895 2802 956 convenirent,
2862 897 3196 966 rejer-erunt.
3230 899 3296 952 Et
3355 899 3468 950 ubi-

1890 1003 2108 1058 cunque
2153 998 2271 1042 erat
2313 1003 2378 1042 ex
2423 988 2580 1043 Putre
2616 989 2730 1042 sive
2761 988 2993 1052 edundi,
3047 991 3163 1042 sive
3216 1006 3470 1042 emanare

1890 1081 2153 1154 Spiritum
2191 1093 2472 1145 sanetum,
2523 1082 2590 1137 de
2642 1083 2993 1152 processimte
3048 1099 3210 1137 voces
3241 1099 3468 1151 accept--

1891 1185 2041 1240 runt,
2095 1176 2412 1246 ubicunque
2447 1191 2576 1229 vero
2621 1191 2716 1245 per
2774 1173 2968 1228 Filium
3002 1191 3285 1228 annexum
3327 1187 3466 1236 erat,

1889 1269 2212 1325 etinsionem
2270 1269 2364 1334 ibi,
2423 1279 2475 1324 el
2508 1270 2942 1326 emanationem,
2985 1277 3038 1321 et
3071 1270 3115 1321 si
3153 1269 3285 1337 quid
3321 1269 3466 1322 aliud

1888 1361 2109 1426 simile,
2185 1377 2282 1430 pro
2335 1361 2520 1426 dono,
2577 1369 2633 1414 et
2693 1374 2922 1414 munere
2979 1359 3087 1412 dici
3160 1361 3468 1415 contende-

1892 1461 2038 1507 runt.

1959 1545 2012 1599 4.
2047 1544 2236 1614 Neque
2270 1543 2375 1598 ulla
2407 1543 2516 1598 illis
2543 1543 2836 1612 prudentia
2871 1541 3051 1597 adfuit
3089 1541 3460 1597 discernendi.

1887 1637 2132 1691 Primum
2164 1635 2382 1706 quidem
2441 1636 2642 1690 multos
2679 1645 2899 1688 sanctos
2928 1635 3119 1690 Patres
3145 1644 3201 1688 et
3233 1635 3469 1696 apertis-

1887 1727 2022 1782 sime
2047 1728 2272 1782 omnino
2317 1727 2619 1782 sancivisse
2651 1743 2747 1795 per
2785 1726 2981 1781 Filium
3033 1725 3299 1794 Spiritum
3334 1742 3464 1779 san-

1887 1827 2035 1871 ctum
2061 1832 2128 1872 ex
2188 1817 2348 1872 Patre
2385 1816 2706 1887 procedere,
2744 1825 2800 1870 at
2833 1831 2930 1885 per
2960 1817 3155 1870 Filium
3187 1831 3293 1870 non
3331 1832 3466 1885 pro-

2030 1924 2088 1962 re
2152 1909 2360 1964 nullum
2395 1951 2408 1972 ,
2461 1909 2590 1963 dum
2653 1909 2719 1963 de
2772 1909 2940 1962 rebus
2997 1907 3200 1962 divinis
3257 1915 3464 1976 ageret,

1890 2001 2207 2066 aliirmasse,
2239 2002 2337 2056 nisi
2372 2003 2495 2070 quis
2518 2001 2622 2054 hoc
2652 2019 2681 2055 a
2713 2001 3062 2055 Theodoreto
3091 1999 3468 2054 contentionis

1890 2092 2023 2146 vitio
2055 2093 2259 2146 dictum
2290 2093 2342 2147 in
2395 2085 2636 2146 medium
2683 2093 2898 2151 aderat,
2935 2101 3158 2159 propter
3182 2089 3327 2160 quod
3370 2091 3466 2143 de-

1891 2185 2102 2255 positus
2147 2194 2202 2238 et
2222 2186 2562 2254 proscriptus
2597 2193 2716 2248 est;
2747 2183 2871 2236 licet
2903 2191 3090 2251 postea
3113 2183 3467 2246 semetipsum

1889 2275 2286 2337 condemnans,
2329 2275 2676 2330 sermonibus
2705 2275 2942 2344 propriis
2981 2290 3119 2344 quos
3167 2289 3463 2328 exsecran-

1891 2370 1973 2423 dae
2036 2368 2408 2424 contentionis
2457 2367 2640 2423 studio
2706 2368 3019 2430 eti'utierat,
3078 2367 3370 2437 ablegatis,
3410 2375 3467 2422 et

1890 2460 2255 2516 anathematis
2308 2460 2443 2515 diris
2472 2460 2752 2523 subactis.
2807 2463 2900 2516 vix
2937 2457 3156 2513 tandem
3207 2465 3465 2528 receptus

1889 2555 1980 2608 sit.

1961 2644 2016 2699 5.
2067 2642 2322 2699 Secundo
2375 2657 2528 2707 vero,
2564 2657 2804 2712 quonam
2854 2643 3021 2697 modo
3075 2649 3258 2710 posset
3298 2640 3469 2696 Filius

1891 2732 2155 2802 Spiritum
2184 2731 2391 2800 largiri,
2429 2732 2534 2786 nisi
2585 2743 2731 2787 esset
2763 2748 2886 2787 cum
2925 2748 2990 2786 eo
3019 2733 3197 2802 aliqua
3231 2733 3335 2785 alia
3367 2733 3468 2785 ha-

1889 2821 2176 2892 bitudine,
2239 2841 2403 2896 quam
2463 2825 3046 2880 consubstantialitatis
3093 2825 3466 2894 conjunetus?

1891 2917 2132 2980 Etenim,
2165 2917 2211 2972 si
2267 2917 2818 2972 eonsubstantialitas
2849 2933 3011 2972 causa
3048 2918 3103 2971 in
3140 2916 3281 2971 Filio
3315 2927 3462 2971 esset

1889 3007 2342 3078 suppeditationis
2376 3008 2636 3077 Spiritus,
2655 3009 2770 3062 sive
2804 3007 3033 3062 alterius
3059 3007 3363 3077 cujuSpiam
3395 3023 3463 3060 ex

1889 3099 1956 3154 iis
1998 3116 2119 3170 quae
2165 3099 2404 3170 Spiritus
2444 3101 2649 3155 habere
2698 3101 2904 3154 dicitur
2944 3118 2972 3155 a
3031 3102 3188 3163 Filio,
3243 3102 3463 3170 quando

1888 3190 2343 3258 quemadmodum
2385 3191 2629 3262 ejusdem
2661 3193 2914 3246 essentiae
2961 3201 3048 3247 est
3093 3209 3218 3246 cum
3253 3193 3460 3260 Spiritu

1804 3274 1848 3337 C
1883 3280 2096 3346 Filius;
2147 3283 2218 3335 ita
2271 3293 2326 3337 et
2381 3283 2618 3352 Spiritus
2673 3300 2797 3338 eum
2854 3281 3012 3350 Filio,
3072 3285 3302 3353 largitur
3331 3300 3461 3337 vero

1887 3371 2056 3426 Filius
2086 3371 2371 3441 Spiritum,
2404 3375 2782 3444 suppeditaret
2839 3391 3058 3445 quoque
3107 3376 3304 3430 Filium
3337 3377 3462 3444 Spi-

1885 3464 2062 3516 ritus:
2094 3463 2350 3532 proprius
2377 3474 2458 3518 est
2495 3465 2615 3520 Filii
2653 3466 2915 3535 Spiritus,
2961 3468 3218 3536 proprius
3246 3466 3459 3520 dicere-

1885 3562 1974 3606 tur
2011 3561 2064 3606 et
2104 3553 2273 3608 Filius
2321 3554 2594 3623 Spiritus;
2648 3557 2818 3609 mittit
2860 3556 3028 3610 Filius
3077 3555 3367 3624 Spiritum,
3401 3564 3458 3610 et

1885 3644 2000 3711 ipse
2042 3654 2097 3697 ut
2127 3645 2270 3700 Deus
2304 3655 2491 3701 contra
2523 3647 2833 3701 mitteretur
2862 3663 2889 3700 a
2931 3647 3135 3716 Spiritu
3165 3665 3179 3712 ;
3212 3649 3456 3718 loquitur

1884 3735 2142 3805 Spiritus,
2184 3752 2521 3808 quaecunque
2560 3756 2587 3790 a
2627 3739 2764 3792 Filio
2795 3739 3041 3801 audit,et
3069 3739 3238 3792 Filius
3269 3740 3458 3808 loque-

1883 3840 2037 3883 retur
2072 3845 2410 3900 quaecunque
2449 3845 2477 3884 a
2529 3830 2736 3900 Spiritu
2791 3830 3048 3894 audiret;
3084 3847 3149 3884 ex
3184 3830 3320 3884 Filio
3360 3845 3455 3884 ae-

1882 3921 2016 3989 cipit
2050 3921 2309 3992 Spiritus,
2344 3924 2621 3992 acciperet
2668 3933 2722 3978 et
2752 3931 2820 3977 ex
2863 3921 3073 3993 Spiritu
3110 3924 3320 3989 Filius;
3359 3939 3455 3994 per

1883 4011 2081 4068 Filium
2131 4014 2368 4084 Spiritus
2422 4017 2776 4086 coniungitur
2804 4017 2970 4078 Patri,
3018 4026 3075 4072 et
3131 4016 3303 4070 Filius
3355 4031 3453 4084 per

1883 4104 2144 4174 Spiritum
2178 4107 2400 4176 proprio
2434 4108 2578 4162 Patri
2607 4109 3072 4178 coniungeretur;
3114 4123 3453 4178 qmccunque

1882 4197 2046 4252 habet
2077 4199 2334 4270 Spiritus,
2363 4218 2393 4255 a
2420 4200 2554 4255 Filio
2598 4201 2765 4256 habet
2785 4243 2799 4265 ,
2833 4212 2888 4257 et
2916 4201 3086 4256 Filius
3111 4217 3454 4270 quaecunque

1882 4291 2069 4356 habet,
2095 4308 2157 4346 ea
2192 4293 2419 4348 haberet
2470 4309 2499 4348 a
2542 4293 2782 4365 Spiritu;
2834 4312 2931 4366 per
2959 4295 3223 4365 Spiritutn
3283 4294 3454 4348 Filius

1880 4393 2161 4450 operatur,
2193 4395 2248 4437 et
2272 4382 2510 4452 Spiritus
2533 4401 2629 4452 per
2661 4386 2858 4440 Filium
2887 4395 3243 4456 Operaretur;
3273 4387 3452 4454 imago

1878 4479 1962 4524 est
2001 4469 2123 4525 Filii
2155 4471 2416 4540 Spiritus,
2459 4481 2514 4528 et
2550 4475 2722 4530 Filius
2769 4476 2948 4546 imago
2980 4476 3219 4545 Spiritus
3253 4483 3400 4529 esset
3435 4491 3449 4526 :

1882 4562 2043 4616 talem
2081 4564 2353 4625 ordinem,
2407 4576 2770 4636 naturamque
2802 4567 2966 4620 habet
3001 4567 3240 4636 Spiritus
3268 4565 3334 4619 ad
3366 4565 3454 4619 Fi-

201 4631 300 4683 τοῦ
338 4629 469 4683 Υίοῦ
507 4633 568 4683 τὸ
605 4631 850 4700 Πνεῦμα,
901 4632 1000 4683 καὶ
1042 4632 1070 4684 6
1109 4631 1234 4694 Υἱὸς
1265 4631 1429 4685 εἰκὼν
1458 4632 1524 4685 ἂν
1561 4633 1644 4702 εἴη
1677 4631 1772 4685 τοῦ

1889 4654 2038 4717 lium,
2073 4658 2288 4724 qualem
2330 4656 2500 4711 Filius
2535 4627 2700 4712 habei
2746 4659 2811 4712 ad
2868 4627 3102 4721 Patrem,
3157 4659 3317 4712 talem
3355 4657 3451 4710 ha-

208 4724 554 4791 ΙΙνεύματος.
578 4724 848 4793 Τοιαύτην
867 4723 1018 4786 τάξιν
1043 4724 1135 4776 καὶ
1154 4723 1312 4792 φύσιν
1337 4723 1452 4793 ἔχει
1471 4724 1530 4778 τὸ
1553 4724 1776 4794 Πνεῦμα

201 4820 344 4887 προς
375 4819 466 4870 τὸν
491 4817 640 4882 Υίον,
689 4817 808 4870 οἷαν
839 4817 868 4870 6
917 4818 1040 4882 Υἱὸς
1078 4817 1190 4888 ἔχει
1243 4819 1380 4888 πρὸς
1411 4821 1502 4873 τὸν
1533 4820 1776 4890 Πατέρα⁸

199 4910 471 4980 τοιαύτην
511 4909 576 4963 ἂν
629 4911 741 4980 ἔχοι
778 4911 871 4964 καὶ
915 4913 943 4964 6
977 4911 1102 4973 Υἱὸς
1151 4911 1286 4978 πρὸς
1317 4912 1378 4963 τὸ
1413 4911 1636 4982 Πνεῦμα
1683 4913 1778 4964 καὶ

199 5001 362 5065 τάξιν
391 5003 484 5055 καὶ
514 5003 695 5070 φύσιν,
723 5004 843 5056 οἵαν
873 5002 1006 5055 αὐτὸ
1035 5003 1169 5074 πρὸς
1195 5003 1285 5054 τὸν
1324 5004 1566 5074 Πατέρα.
1601 5004 1778 5058 Πολλὰ

201 5097 276 5149 τὰ
311 5099 535 5149 τοιαῦτα
561 5112 574 5126 ο
610 5098 747 5158 τέως
779 5097 834 5148 δὲ
884 5096 980 5148 καὶ
1013 5095 1121 5148 ἀπὸ
1152 5097 1261 5147 τῶν
1297 5097 1778 5168 ἀπηριθμημένων

201 5190 304 5256 ὅγε
343 5189 418 5256 μὴ
454 5189 630 5258 πάντη
678 5187 1170 5258 ἁπῃναιὸευμένος,
1203 5191 1297 5243 καὶ
1345 5189 1779 5260 ἀπονενοημένος

201 5286 270 5353 τῇ
310 5281 539 5352 ἀληθείᾳ
581 5281 891 5335 κατάθοιτο.

279 5369 356 5437 ς’.
413 5375 606 5444 Ζητεῖς
672 5381 1007 5450 μαρτυρίας,
1055 5372 1130 5434 ὦν
1177 5379 1380 5450 ἀρτίως
1429 5380 1774 5450 είρήκαμεν;

205 5466 478 5529 Πλείστας
512 5468 740 5539 ἐναγχόε
771 5488 853 5526 σοι
902 5475 1410 5544 προκεκομίκαμεν.
1447 5475 1627 5543 Τόμον
1656 5473 1778 5526 ὅλον

203 5562 650 5630 ἐγκεχειρικότες
678 5565 935 5619 τοιούτων
968 5567 1189 5636 μεστόν.
1223 5567 1414 5636 Ὅμως
1443 5567 1510 5620 ἂν
1541 5567 1597 5634 ἐξ
1631 5567 1777 5620 ἑκεί-

204 5667 318 5703 νων
370 5651 647 5706 κάνταῦθα
699 5653 962 5723 βραχείας
1012 5657 1167 5719 τινὰς
1227 5657 1646 5727 παραθήσομεν.
1723 5655 1780 5709 ’0

202 5742 390 5796 τοίνυν
419 5745 489 5796 τὰ
537 5743 657 5797 θεῖα
690 5746 859 5811 πολὺς
901 5747 1240 5814 Ἀθανάσιος,
1279 5752 1338 5803 ὲν
1377 5749 1477 5820 μὲν
1524 5752 1602 5822 τῷ
1635 5749 1779 5803 κατὰ

215 5835 522 5905 ’Δρειανῶν
577 5840 778 5910 πρώτῳ
809 5842 934 5894 τάδε
987 5844 1193 5912 φησίνο
1240 5847 1302 5897 '0
1336 5843 1405 5897 δὲ
1462 5845 1664 5911 Σωτὴρ
1714 5842 1780 5896 τὸ

202 5928 476 6000 ἔμπαλιν
507 5934 650 6000 Θεὸς
695 5933 798 6001 ὢν,
837 5936 931 5990 καί
975 5936 1047 6004 τῇ
1083 5937 1370 6006 ,βασιλείᾳ
1413 5938 1515 5992 τοῦ
1550 5941 1778 6008 ΙΙαῖρὸς

1881 4746 2038 4801 heret
2071 4756 2126 4800 et
2160 4747 2331 4801 Filius
2361 4748 2425 4801 ad
2459 4747 2726 4817 Spiritum
2772 4757 2826 4802 et
2860 4748 3136 4814 ordinem,
3183 4758 3238 4801 et
3289 4757 3449 4802 natu-

1882 4854 2017 4902 ram,
2063 4839 2277 4908 qualem
2328 4841 2442 4908 ipse
2477 4838 2717 4908 Spiritus
2770 4839 2837 4893 ad
2889 4840 3127 4894 Patrem.
3163 4838 3329 4893 Multa
3367 4839 3454 4893 his

1882 4931 2084 4985 similia
2114 4940 2262 4985 sunt.
2290 4930 2510 4986 Interim
2533 4942 2738 4997 autem,
2764 4941 2816 4983 et
2834 4947 2896 4984 ex
2917 4931 3000 4986 his
3024 4947 3143 5000 quae
3166 4940 3450 4984 numerata

1877 5021 1986 5092 jam
2016 5032 2165 5084 sunt,
2200 5022 2292 5092 qui
2322 5023 2546 5076 omnino
2573 5021 2959 5077 verecundiam
3009 5037 3118 5075 non
3172 5021 3450 5091 deposuit.

1879 5120 1934 5164 et
1965 5127 2189 5181 prorsus
2248 5112 2451 5166 oblitus
2499 5096 2582 5166 sui
2625 5126 2734 5165 non
2781 5119 2886 5175 est,
2915 5110 3132 5166 veritati
3163 5125 3450 5166 assensum

1882 5202 2166 5272 prtebebit.
2833 5223 2836 5226 ’
3081 5211 3089 5218 ·

1951 5384 2005 5437 6.
2039 5381 2373 5437 Testimonia
2403 5383 2510 5454 jam
2559 5381 2832 5437 dictorum
2887 5383 3183 5453 exposcis?
3207 5383 3452 5438 Plurima

1880 5475 2044 5546 paulo
2100 5483 2228 5529 ante
2287 5474 2611 5537 obtulimus,
2673 5489 2797 5528 cum
2838 5482 3048 5528 tomum
3109 5474 3459 5532 traderemus

1881 5567 2076 5621 hormn
2125 5567 2574 5630 refertissimum;
2633 5566 2990 5620 nihilominus
3045 5582 3110 5620 ex
3159 5565 3226 5621 iis
3273 5574 3329 5620 et
3365 5565 3456 5619 hic

1879 5661 2142 5716 nonnulla
2209 5675 2567 5730 apponemus.
2655 5659 3036 5715 Divinissimus
3117 5660 3456 5716 Athanasius

1884 5765 2074 5810 contra
2107 5754 2339 5808 Arianos
2375 5753 2634 5806 Oratione
2678 5753 2794 5806 haec
2823 5751 3024 5806 habet:
3061 5751 3293 5806 Rursum
3334 5767 3458 5805 vero

1881 5846 2132 5902 Salvator
2157 5847 2295 5900 Deus
2329 5848 2603 5910 cuiatem,
2657 5844 2933 5898 dominatu
2971 5843 3153 5896 Patris
3205 5851 3454 5912 perpetuo

1883 5941 2166 6011 imperans,
2191 5949 2237 5993 et
2280 5939 2530 6006 Spiritum
2577 5945 2818 5991 sanctum
2843 5935 3023 5989 unicus
3050 5937 3157 6002 ipse
3197 5933 3452 5999 larqicns.
