3876 6364
403 378 507 445 δτι

1583 382 2019 446 NICEPIIORI
2067 381 2505 445 BLEMMIDIE

3579 371 3685 440 572
3755 445 3762 449 ,

404 500 540 554 Item
575 517 588 552 :
619 497 801 566 Neque
843 501 982 554 enim
1027 517 1090 554 ex
1123 503 1296 572 seipso
1329 499 1560 566 Spiritus
1591 503 1824 575 {squitur
1851 545 1866 569 ,
1899 503 1990 557 sed

2116 501 2187 557 iel
2215 501 2597 566 βασιλεύων,
2629 498 2739 554 τοῦ
2771 513 2835 552 τε
2859 495 3202 568 [Ινεύματος
3237 493 3345 550 τοῦ
3375 493 3548 563 ἁγΙου
3577 497 3685 550 αὐ-

419 591 643 645 Verbum
674 600 770 654 est,
801 595 940 664 quod
990 593 1140 648 illum
1182 597 1354 666 (lignis
1385 596 1776 651 subministrat.
1808 597 1942 652 Item
1971 613 1986 650 :

412 686 644 753 Denique
673 687 1112 758 quemadmodum
1137 698 1262 743 ante
1301 691 1723 746 incarnationem
1765 690 1989 745 Verbum

408 792 528 830 cum
565 786 715 838 esset.
750 780 950 832 sanctis
983 779 1144 834 veluti
1170 783 1441 852 proprium
1475 781 1734 853 Spiritum
1766 783 1994 854 elargie-

410 871 586 928 batur.
624 871 700 925 sic
728 879 777 925 et
803 873 957 926 homo
987 874 1158 944 factus
1195 872 1401 944 Spiritu
1446 875 1743 942 sanctificat
1789 891 1992 929 omnes.

413 963 481 1017 Et
516 963 674 1017 tertia
701 965 992 1020 oratione:
1029 964 1089 1020 Si
1141 964 1372 1037 Spiritus
1419 968 1540 1030 scit,
1598 967 1765 1022 multo
1827 965 1993 1042 magis

413 1057 512 1108 scit
557 1053 816 1117 Verbum.
871 1073 976 1127 qua
1024 1057 1246 1113 Verbum
1287 1071 1397 1125 est,
1433 1075 1497 1114 ex
1523 1077 1623 1126 quo
1659 1069 1706 1113 el
1757 1058 1995 1128 Spiritus

417 1143 627 1212 accipit.
688 1145 956 1200 Rursum:
1011 1145 1348 1220 Qua'cunque
1405 1150 1565 1203 habet
1617 1147 1868 1220 Spiritus.
1931 1167 1994 1206 ea

419 1235 566 1290 habet
601 1254 632 1290 a
681 1235 860 1292 Verbo.
892 1240 1025 1294 Illud
1062 1251 1242 1296 autem
1270 1259 1282 1296 :
1309 1241 1614 1312 Quicunque
1645 1245 1838 1299 dixerit
1871 1263 1996 1300 eone

421 1335 505 1382 tra
540 1327 732 1382 Filium
771 1332 1016 1395 hominis,
1050 1335 1348 1388 remittetur
1379 1337 1446 1401 ei,
1481 1353 1766 1406 exponens
1813 1339 1892 1393 ait
1933 1342 1996 1396 «ιο

417 1417 682 1476 Christo:
717 1421 838 1492 Ipse
875 1424 1094 1480 Verbum
1147 1426 1245 1480 Dei
1274 1445 1390 1482 cum
1429 1431 1517 1495 sit,
1562 1432 1671 1501 ipse
1699 1447 1793 1503 per
1825 1431 2000 1502 Spiri-

421 1521 533 1566 tum
564 1515 744 1568 omnia
774 1528 1048 1587 operatur.
1072 1519 1139 1574 Et
1167 1519 1234 1573 ad
1267 1519 1624 1592 Serapionem
1645 1524 1996 1596 episcopum:

427 1601 613 1674 lmago
645 1603 770 1660 Filii
796 1607 1008 1672 dicitur,
1047 1619 1094 1663 et
1125 1618 1200 1664 est
1256 1611 1509 1681 Spiritus.
1544 1613 1718 1670 Item:
1755 1613 1931 1671 Filius
1967 1637 1999 1672 a

429 1691 590 1748 Patre
619 1697 828 1766 quidem
856 1700 1083 1754 mittitur
1101 1744 1114 1766 ,
1152 1704 1262 1773 ipse
1300 1721 1419 1759 vero
1441 1703 1695 1777 Spiritum
1730 1709 1928 1773 mittit;
1955 1717 2001 1763 et

429 1781 601 1841 Filius
633 1789 842 1858 quidem
895 1789 1110 1845 Patrem
1167 1793 1451 1864 glori/ient,
1485 1796 1713 1854 dicens:
1755 1817 1774 1850 ι
1817 1799 2000 1862 Pater,

425 1892 518 1944 ego
547 1888 596 1931 te
621 1879 936 1950 glorificari.
963 1903 980 1934 ι
1004 1881 1233 1955 Spiritus
1268 1897 1443 1941 autem
1476 1888 1741 1959 gloriﬁcat
1775 1891 2002 1946 Filium:

371 1967 386 1978 ’
434 1989 453 2021 ι
483 1971 580 2026 Ille
636 1977 798 2040 enim,
841 1995 858 2027 ι
914 1977 1022 2036 ait.
1064 1998 1082 2032 ι
1117 1996 1198 2033 me
1258 1979 1599 2050 glori/icabit.
1634 2002 1653 2036 ι
1695 1983 1761 2038 Et
1831 1983 2004 2040 Filius

425 2065 630 2135 inquit:
666 2085 684 2117 ι
709 2065 838 2133 Quae
872 2071 1053 2124 audivi
1084 2089 1115 2124 a
1145 2071 1324 2137 Patre,
1351 2076 1458 2130 ha'c
1473 2084 1523 2128 et
1543 2075 1726 2140 loquor
1751 2080 2000 2132 mundo.)

429 2155 660 2228 Spiritus
691 2175 754 2214 ex
787 2161 921 2217 Filio
951 2167 1141 2236 accipit
1171 2182 1190 2220 :
1237 2185 1257 2219 ι
1301 2167 1374 2222 De
1408 2184 1521 2222 meo
1553 2169 1714 2234 enim,
1755 2189 1773 2222 ι
1813 2172 2004 2242 inquit,

436 2270 455 2303 ι
495 2255 732 2322 accipiet,
757 2265 808 2310 et
829 2259 1169 2314 annuntiabit
1195 2260 1356 2314 vobis.
1387 2279 1402 2312 ι
1438 2261 1505 2316 Et
1528 2261 1694 2318 Filius
1725 2265 1776 2318 in
1799 2268 2008 2320 nomine

433 2345 609 2401 Patris
640 2350 778 2402 venit
810 2368 828 2406 :
861 2369 878 2401 ι
915 2347 1144 2422 Spiritus
1173 2363 1350 2408 autem
1376 2365 1612 2420 sanctus,
1642 2375 1660 2408 ι
1690 2359 1790 2424 ait,
1813 2376 1830 2409 ι
1855 2375 2008 2426 quem

435 2441 604 2494 mittet
636 2441 800 2496 Pater
845 2445 898 2498 in
953 2445 1164 2499 nomine
1199 2463 1334 2503 meo.
1385 2468 1403 2500 ι
1446 2448 1630 2507 Talem
1687 2452 1923 2507 ordinem
1959 2461 2008 2508 et

433 2541 685 2587 naturam
719 2553 835 2590 cum
867 2539 1057 2592 habeat
1085 2539 1314 2610 Spiritus
1336 2543 1406 2596 ad
1432 2542 1644 2610 Filium,
1675 2546 1886 2616 qualem
1915 2547 2010 2601 ha-

432 2627 512 2681 bet
548 2627 717 2683 Fil'us
741 2631 810 2684 ad
843 2630 1080 2696 Patrem,
1109 2637 1367 2705 quomodo
1415 2639 1504 2708 qui
1540 2640 1676 2694 hunc
1709 2651 2009 2696 creaturam

435 2728 607 2782 uocat,
649 2736 751 2774 non
783 2723 919 2776 item
955 2735 1002 2778 et
1053 2726 1116 2779 de
1145 2725 1277 2780 Filio
1317 2731 1611 2784 necessario
1643 2732 1878 2787 sentiet?
1914 2731 2010 2788 Et-

434 2812 571 2866 enim
594 2815 641 2866 si
669 2814 900 2885 Spiritus
919 2827 992 2872 est
1015 2829 1262 2875 creatura
1284 2819 1430 2885 Filii,
1453 2823 1768 2897 subsequens
1796 2827 2010 2881 omnino

432 2904 593 2975 fuerit
641 2907 922 2974 afﬁrmare
967 2913 1197 2978 eosslem,
1261 2924 1310 2968 et
1374 2912 1604 2972 Verbum
1667 2917 1846 2972 Patris
1901 2935 2012 2974 esse

431 3006 756 3054 creaturam.
787 2999 1010 3071 Magnus
1053 3013 1164 3058 tum
1193 3003 1246 3059 in
1287 3006 1538 3076 agendis,
1575 3017 1688 3063 tum
1742 3011 1796 3062 in
1833 3011 1974 3065 medi

433 3091 614 3146 tandis
672 3092 926 3158 Basilius,
983 3093 1053 3150 de
1112 3095 1217 3151 (ide
1276 3107 1519 3154 tractans
1573 3099 1626 3152 in
1687 3099 2006 3156 Asceticis:

2033 631 2043 646 .
2095 592 2199 660 τὸς
2228 592 2315 646 ὢν
2357 591 2621 664 χορηγὸς
2666 591 2880 662 μόνος.
2921 589 3031 644 Kal.
3079 589 3245 644 πάλιν
3277 607 3291 620 '
3325 589 3408 644 Οὐ
3435 589 3546 658 γὰρ
3579 587 3682 658 ἀφ’

2093 688 2314 743 ἑαυτοῦ
2345 689 2412 742 τὸ
2454 687 2700 756 Πνεῦμα
2720 684 2920 749 λαλεῖ,
2963 684 3103 740 ἀλλ’
3143 687 3177 740 ό
3228 687 3420 754 Λόγος
3448 681 3622 737 ἐστὶν
3651 684 3685 736 ό

2094 781 2272 835 τοῦτο
2322 779 2528 851 διδοὺς
2587 779 2712 846 τοῖς
2765 779 2981 846 ἀξίοις.
3035 780 3146 833 Καὶ
3195 776 3351 842 αὖθις
3381 793 3397 809 ο
3449 776 3685 846 Ἀμέλει

2094 871 2300 942 ὥσπερ
2329 873 2443 942 πρὸ
2470 872 2581 940 τῆς
2607 873 2814 939 eras-0,;
2831 871 3124 938 ωπήσεως
3149 871 3340 940 Λόγος
3364 867 3450 924 ὢν
3475 867 3686 940 ἐχορή-

2096 983 2186 1035 γει
2217 966 2344 1031 τοῖς
2399 966 2588 1036 ἁγίοις
2633 967 2712 1032 ὠς
2744 965 2904 1019 rem
2944 965 3010 1020 τὸ
3057 961 3324 1032 Πνεῦμα.
3379 963 3535 1018 οὕτω
3582 961 3684 1015 καὶ

2097 1061 2410 1128 ἄνθρωπος
2469 1077 2565 1131 τεν
2580 1061 2814 1130 άμενος,
2876 1058 3102 1129 ἁγιάζει
3151 1057 3296 1124 τοὺς
3335 1056 3570 1122 πάντας
3606 1053 3684 1119 τῷ

2099 1155 2418 1222 Πνεύματι.
2467 1152 2555 1206 Ἐν
2617 1152 2695 1222 τῷ
2749 1153 2922 1222 τρίτῳ
2951 1151 3010 1204 δὲ
3065 1149 3174 1204 τῶν
3214 1148 3441 1203 αὐτῶνο
3499 1151 3568 1202 Ei
3616 1147 3686 1202 τὸ

2099 1248 2343 1316 Πνεῦμα
2377 1243 2522 1314 οἶδε,
2564 1243 2776 1312 πολλῷ
2817 1243 3064 1315 μᾶλλον
3102 1248 3136 1298 ό
3165 1244 3379 1312 Λόγος,
3415 1237 3457 1315 ᾗ
3491 1242 3686 1308 Λόγος

2099 1341 2292 1405 ἐστὶν,
2326 1336 2474 1406 οἶδε,
2519 1339 2658 1407 παρ’
2697 1335 2769 1396 οὗ
2817 1340 2915 1392 real
2965 1337 3032 1392 τὸ
3077 1337 3320 1407 Πνεῦμα
3369 1335 3684 1406 λαμϐάνει.

2104 1432 2144 1484 1(
2157 1431 2211 1484 αἰ
2241 1425 2418 1492 αὖοιςο
2454 1429 2563 1484 Kal
2593 1429 2712 1482 ὅσα
2742 1429 2870 1497 ἔχει
2899 1427 2965 1482 τὸ
2996 1427 3260 1498 Πνεῦμα,
3301 1425 3490 1480 ταῦτα
3519 1425 3686 1492 παρὰ

2103 1523 2208 1576 τοῦ
2245 1526 2441 1590 Λόγου
2471 1520 2615 1591 ἔχει.
2641 1521 2716 1574 Τὸ
2735 1519 2807 1584 δ’,
2827 1522 2927 1586 Ὃς
2949 1520 3028 1574 ἂν
3053 1521 3198 1588 εἴπῃ
3226 1519 3378 1574 κατὰ
3406 1518 3511 1573 τοῦ
3545 1515 3686 1574 Υιοῦ

2103 1615 2210 1669 τοῦ
2232 1615 2572 1681 ἀνθρώπου,
2609 1612 2981 1682 ἀφεθήσεται
3042 1613 3226 1679 αὐτῷ,
3281 1610 3686 1682 διερμηνεὺων,

2107 1713 2240 1780 φησῖ
2274 1709 2401 1779 περὶ
2429 1707 2522 1762 τοῦ
2550 1707 2811 1778 Χριστοῦ,
2844 1707 2952 1769 ὅτι,
2986 1708 3180 1771 Αὐτὸς
3224 1707 3417 1776 Λόγος
3459 1705 3546 1759 ὢν
3579 1705 3689 1760 τοῦ

2109 1801 2280 1866 Θεοῦ,
2296 1803 2480 1866 αὐτὸς
2502 1801 2602 1856 διὰ
2625 1801 2732 1856 τοῦ
2757 1802 3100 1871 Πνεύματιις
3125 1799 3356 1870 ἐνεργεῖ
3373 1801 3445 1854 τὰ
3466 1799 3688 1854 πάντα.

2111 1895 2250 1964 Πρὸς
2301 1892 2628 1963 Σεραπίωνα
2680 1891 2739 1945 δὲ
2781 1892 2872 1946 τὶν
2928 1891 3275 1944 ὲπίσκοπονο
3333 1888 3529 1944 Εικὼν
3581 1887 3690 1942 τοῦ

2115 1985 2254 2042 ΥΙοῦ
2280 1986 2544 2055 λέγεται,
2577 1984 2678 2038 καὶ
2707 1984 2839 2038 ἐστὶ
2870 1984 2937 2038 τὸ
2969 1983 3235 2046 Πνεῦμα.
3273 1983 3385 2036 Καὶ
3415 1983 3601 2036 πάλιν·
3637 1981 3692 2034 ὀ
3768 1968 3771 1969 ν

2102 2080 2220 2151 μὲν
2254 2081 2388 2146 Υἱὸς
2427 2081 2587 2148 παρὰ
2618 2078 2722 2133 τοῦ
2752 2075 2985 2147 Πατρός
3013 2074 3480 2137 ἀποστέλλεται,
3505 2071 3694 2139 αὐτὸς

2107 2173 2178 2227 ee
2211 2172 2276 2226 τὸ
2320 2171 2560 2242 Πνεῦμα
2604 2170 2975 2226 ἀποστέλλει
2999 2183 3016 2202 ο
3052 2169 3151 2224 καὶ
3179 2170 3213 2222 ό
3247 2166 3360 2237 μὲν
3411 2166 3544 2233 Υἱὸς
3582 2165 3694 2219 τὸν

2110 2264 2344 2332 Πατέρα
2372 2261 2626 2326 δοξάζει.
2658 2263 2876 2331 λέγων,
2907 2260 3118 2327 Πάτερ,
3157 2259 3274 2330 ἐγώ
3304 2273 3378 2313 σε
3401 2257 3692 2323 ἐδόξασα,

2109 2357 2178 2411 τὸ
2211 2356 2280 2410 δὲ
2328 2355 2572 2424 Πνεῦμα
2606 2353 2839 2418 δοξάζει
2888 2353 2996 2408 τὸν
3036 2353 3194 2407 Υιόν.
3249 2349 3522 2415 Ἐκεῖνος
3559 2350 3694 2420 γὰρ,

2111 2450 2298 2518 φησιν,
2330 2446 2436 2518 ἐμὲ
2479 2445 2752 2512 δοξάσει.
2801 2445 2910 2501 Kal
2949 2448 2983 2500 ό
3025 2444 3140 2514 μὲν
3199 2447 3334 2510 rrec
3369 2443 3587 2514 φησιν,
3625 2445 3694 2498 Ἀ

2111 2541 2350 2609 ἤκουσα
2368 2540 2530 2608 παρὰ
2548 2538 2655 2593 τοῦ
2687 2538 2940 2606 Πατρός,
2964 2537 3152 2592 ταῦτα
3171 2537 3266 2592 καὶ
3289 2536 3460 2592 ,ια-λῶ
3483 2539 3571 2604 εὶς
3587 2535 3697 2590 τὸν

2111 2635 2366 2704 κόσμον,
2391 2632 2456 2686 τὸ
2492 2631 2560 2686 δὲ
2587 2631 2834 2702 Πνεῦμα
2860 2633 2928 2686 ἐκ
2956 2631 3064 2686 τοῦ
3098 2631 3236 2686 Υιοῦ
3260 2630 3696 2702 λαμϐάνει.Ἐκ

2111 2727 2218 2780 τοῦ
2235 2725 2380 2794 ἐμοῦ
2405 2727 2532 2796 γὰρ,
2551 2725 2726 2794 φησι,
2749 2723 3033 2793 λήψεται.
3059 2723 3170 2778 Καὶ
3186 2725 3219 2776 ὁ
3235 2723 3352 2794 μὲν
3377 2723 3598 2790 Υἱὸςὲν
3621 2721 3700 2789 τῷ

2113 2819 2359 2888 ὀνόματι
2388 2816 2494 2870 τοῦ
2518 2816 2748 2884 Πατρὸς
2773 2812 2938 2887 ἦλθε,
2965 2816 3037 2870 Τὸ
3062 2815 3130 2869 δὲ
3153 2815 3392 2878 Πνεῦμα
3415 2816 3479 2868 τὸ
3501 2815 3698 2886 ἅγιον,

2110 2911 2324 2980 φησιν,
2353 2909 2386 2964 ὃ
2442 2908 2664 2978 πέμψει
2709 2911 2741 2962 ό
2773 2907 2978 2977 Πατὴρ
3025 2908 3095 2962 ἐν
3140 2906 3219 2974 τῷ
3273 2909 3526 2977 ὀνόματί
3553 2925 3697 2978 μου.

2119 3001 2409 3066 Τοιαύτην
2467 2999 2536 3052 δὲ
2613 2997 2786 3062 τάξιν
2845 2997 2944 3052 real
3020 2999 3213 3067 φύσιν
3269 2998 3521 3067 ἔχοντος
3593 2997 3702 3050 τοῦ

2117 3093 2462 3162 Πνεύματος
2486 3091 2640 3160 πρὸς
2665 3091 2772 3144 τὸν
2810 3090 2972 3153 Υἱὸν,
2996 3091 3132 3145 οἵαν
3153 3090 3279 3159 ἔχει
3315 3094 3347 3145 ό
3384 3090 3516 3155 Υἱὸς
3549 3075 3702 3156 πρὶς

391 3249 397 3252 _
432 3183 598 3240 Patre
623 3185 856 3242 mittente
882 3185 1104 3251 Filium.
1143 3188 1286 3245 Filio
1331 3193 1566 3247 mittente
1602 3191 1864 3264 Spiritum
1887 3210 2013 3248 san-

2116 3186 2222 3240 τὸν
2259 3185 2514 3252 Πατέρα,
2552 3183 2680 3249 πῶς
2714 3185 2748 3238 ό
2779 3183 2961 3238 τοῦτο
3008 3183 3232 3252 κτίσμα
3275 3181 3490 3252 λέγων,
3526 3183 3600 3234 οὐ
3637 3183 3703 3235 τὸ

435 3285 596 3333 ctum.
626 3278 759 3334 Item
785 3299 796 3334 :
831 3280 1060 3352 Spiritus
1089 3292 1324 3345 sanctus,
1359 3287 1448 3354 qui
1489 3286 1654 3350 docet,
1677 3295 1726 3340 et
1749 3288 2016 3340 memoria:

435 3366 688 3437 suggerit,
716 3383 1036 3438 quiet-inique
1065 3387 1097 3422 a
1129 3367 1262 3424 Filio
1296 3371 1550 3425 audierit.
1583 3370 1644 3426 Et.
1689 3371 1754 3425 ad
1782 3371 2014 3440 Amphi-

437 3458 682 3514 lochium
715 3461 994 3518 seribens:
1025 3463 1168 3519 Unus
1200 3481 1318 3518 vero
1339 3473 1411 3518 est
1443 3473 1490 3518 et
1523 3463 1752 3536 Spiritus
1777 3473 2011 3532 sanctus,

439 3551 531 3620 qui
593 3559 643 3605 et
680 3553 791 3624 ipse
851 3553 1194 3624 singulariter
1239 3557 1570 3620 enuntiatur,
1614 3566 1664 3610 et
1711 3572 1804 3628 per
1853 3573 2014 3610 unum

443 3646 637 3702 Fi!ium
671 3653 767 3704 uni
799 3648 952 3704 Patri
997 3650 1356 3720 conjungitur.
1384 3650 1452 3704 Et
1493 3649 1558 3704 ad
1598 3649 1819 3704 fratrem
1855 3665 2015 3704 suum

440 3738 584 3794 inter
622 3749 844 3796 sanctos
871 3741 1335 3810 sapientissimum
1381 3740 1707 3812 Gregorium
1739 3742 1806 3796 de
1855 3741 2016 3796 ditl‘e-

441 3829 622 3888 rentia
678 3831 935 3888 essentne
982 3841 1038 3886 et
1106 3832 1473 3903 hypastasis:
1537 3831 2016 3899 Quemadmodum,

440 3924 540 3992 ait,
576 3926 633 3980 in
687 3929 1016 3996 catena,qui
1071 3942 1234 3981 unam
1289 3929 1676 3982 extremitatem
1709 3927 1920 3996 arripit,
1971 3935 2020 3980 et

443 4018 592 4074 aliud
625 4029 916 4075 extremum
940 4036 1050 4075 una
1077 4038 1196 4075 cum
1228 4036 1290 4074 ea
1321 4021 1566 4082 attrahit,
1593 4021 1668 4076 sic
1695 4031 1742 4075 et
1773 4022 1865 4092 qui
1901 4018 2024 4088 Spi-

444 4113 602 4166 ritum
637 4113 822 4178 traxit,
859 4127 953 4180 per
981 4128 1098 4167 eum
1134 4122 1184 4168 et
1225 4111 1431 4167 Filium
1457 4111 1620 4167 simul
1658 4111 1863 4178 traxit;
1889 4120 1938 4166 et
1975 4111 2024 4164 si

444 4204 560 4268 quis
595 4201 788 4257 Filium
823 4219 938 4256 rere
989 4207 1307 4274 susceperit,
1349 4202 1556 4256 habebit
1591 4204 1765 4272 ipsum
1799 4208 2025 4272 utraque

445 4310 510 4348 ex
542 4303 714 4366 parte,
745 4297 843 4350 hac
871 4293 1110 4356 Patrem.
1150 4293 1246 4349 illa
1282 4292 1844 4366 proprium-Spiritum
1914 4311 2024 4347 una

445 4404 620 4442 secum
653 4388 949 4442 ducentem.
1003 4386 1178 4458 Neque
1231 4389 1371 4442 enim
1421 4406 1452 4442 a
1487 4387 1670 4453 Patre,
1702 4387 1793 4458 qui
1819 4403 2025 4458 semper

447 4481 500 4532 in
533 4479 696 4534 Patre
729 4489 822 4544 est,
851 4479 1128 4550 prtescindi
1175 4488 1383 4550 potest;
1419 4495 1580 4550 neque
1614 4498 1645 4534 a
1685 4477 1888 4550 Spiritu
1923 4495 2026 4532 un-

2115 3280 2261 3333 αὐτὸ
2295 3277 2558 3346 καὶπερὶ
2611 3277 2718 3332 τοῦ
2761 3275 2903 3331 Υἱοῦ
2945 3276 3015 3341 ἐξ
3064 3275 3331 3345 ἀνάγκης
3363 3275 3702 3345 φρονήσεις

2117 3377 2184 3428 Ei
2219 3373 2328 3440 γάρ
2365 3373 2496 3426 ἐστι
2545 3371 2613 3426 τὸ
2662 3370 2907 3442 Πνεῦμα
2957 3371 3065 3425 τοῦ
3097 3371 3233 3426 Υἱοῦ
3283 3373 3526 3438 κτίσμα,
3557 3370 3706 3424 ἀκό-

2115 3468 2344 3520 λουθον
2374 3463 2452 3520 ἂν
2485 3465 2579 3532 εἴη
2619 3463 2828 3533 λέγειν
2855 3463 3079 3530 αὐτοὺς
3111 3463 3208 3517 καὶ
3247 3461 3352 3516 τὸν
3373 3463 3571 3531 Λόγον
3596 3461 3704 3516 τοῦ

2121 3559 2352 3628 Πατρός
2406 3553 2564 3612 εἶναι
2617 3555 2860 3626 κτίσμα.
2915 3556 2974 3610 Ὀ
3032 3558 3208 3626 μέγας
3267 3557 3324 3609 ὲν
3363 3555 3571 3624 θεωρίᾳ
3611 3556 3708 3607 καὶ

2119 3653 2316 3724 πράξει
2358 3652 2640 3716 Βασίλειος
2669 3654 2800 3719 περὶ
2823 3649 2928 3720 τῆς
2962 3649 3206 3714 πίστεως
3232 3647 3620 3718 διαλαμϐάνων
3648 3649 3707 3700 ἐν

2119 3749 2230 3809 τοῖς
2274 3747 2620 3815 ’Δσκητικοῖς
2645 3761 2658 3776 ·
2689 3747 2802 3800 Τοῦ
2819 3744 2936 3814 μὲν
2965 3744 3198 3812 Πατρὸς
3223 3742 3570 3812 πέμποντος
3599 3741 3709 3795 τὸν

2129 3840 2288 3902 Υἰὸν,
2321 3841 2428 3896 τοῦ
2460 3839 2528 3893 δὲ
2561 3839 2698 3895 Υἱοῦ
2725 3837 3072 3908 πέμποντος
3103 3838 3168 3892 τὸ
3220 3836 3396 3906 ἅγιον
3435 3835 3704 3904 Πνεῦμα.

2122 3933 2235 3988 Καὶ
2269 3931 2454 3999 πάλιν,
2489 3933 2556 3987 Τὸ
2583 3929 2834 3999 Πνεῦμα
2863 3929 2930 3983 τὸ
2957 3928 3134 3998 ἅγιον
3160 3926 3226 3980 τὸ
3257 3925 3578 3988 ὃιδάσιιιν,
3608 3924 3710 3978 καὶ

2122 4023 2594 4094 ὐπομιμνῆσκον
2622 4021 2843 4085 πάντα,
2875 4023 2994 4076 ὅσα
3037 4021 3116 4074 ἂν
3159 4019 3370 4074 ἀκούοι
3410 4017 3573 4086 παρὰ
3601 4017 3708 4072 τοῦ

2133 4117 2292 4172 Υιοῦ.
2333 4117 2702 4172 Ἐπιστέλλων
2747 4117 2804 4170 δὲ
2857 4117 2995 4188 πρὸς
3050 4113 3426 4184 Ἀμφιλόχιον,
3477 4113 3591 4166 ‘Er
3639 4109 3709 4164 δὲ

2125 4211 2225 4264 real
2259 4211 2322 4264 τὸ
2353 4210 2528 4279 ἅγιον
2562 4209 2828 4280 Πνεῦμα,
2857 4209 3014 4278 φησὶ,
3047 4207 3144 4261 real
3173 4207 3322 4260 αὐτὸ
3361 4201 3712 4274 μοναδικῶς

2123 4287 2673 4370 ἐξαγγελλόμενον,
2708 4301 2807 4358 ual
2838 4301 2916 4354 δι’
2946 4299 3087 4366 ἑνὸς
3121 4297 3259 4352 Υιοῦ
3293 4295 3372 4364 τῷ
3394 4297 3484 4352 ἐνὶ
3521 4298 3709 4366 Πατρι

2125 4393 2618 4460 συναπτόμενον.
2682 4392 2824 4459 Πρδις
2859 4389 2915 4443 δὲ
2957 4387 3046 4441 τὸν
3110 4387 3342 4456 ἀδελφὺν
3391 4384 3560 4439 αὐτοῦ
3615 4386 3710 4438 τὴν

2097 4483 2292 4554 -σοφδν
2333 4485 2391 4537 ἐν
2449 4483 2630 4552 ἁγίοις
2676 4482 3007 4552 Γρήγοριον,
3042 4479 3174 4552 περὶ
3214 4480 3482 4549 διαφορᾶς
3513 4477 3711 4541 οὐσίας

447 4589 608 4638 quam
659 4563 1026 4626 dissociabitur
1059 4573 1292 4643 proprio.
1318 4573 1406 4644 qui
1429 4574 1606 4628 omnia
1639 4575 1696 4628 in
1736 4574 1848 4646 ipso
1893 4587 2013 4644 ope-

2125 4578 2220 4632 καὶ
2254 4577 2626 4640 ὑποστάσεως,
2687 4575 2941 4643 ⁸⁸Ωσπερ,
2982 4574 3170 4644 φησιν,
3219 4573 3289 4636 ἐξ
3341 4573 3645 4638 ἁλύσεως,
3677 4575 3711 4625 ό

449 4673 623 4717 ratur.
644 4663 708 4718 Et
747 4664 798 4716 in
827 4662 1256 4718 Antirrhetieis:
1291 4661 1433 4718 Unus
1468 4663 1604 4718 Deus
1637 4681 1755 4718 cum
1778 4663 2025 4726 sit,Deus

451 4757 624 4812 Filius
648 4766 874 4834 paterna
904 4764 1100 4810 natura
1133 4765 1184 4810 et
1214 4766 1436 4825 paterno
1465 4758 1710 4824 nomine;
1741 4774 1878 4812 unus
1907 4773 2026 4811 cum

448 4850 515 4902 sit
551 4849 803 4902 Dominus
839 4845 1031 4907 Filius,
1062 4847 1318 4902 Dominus
1344 4847 1522 4913 Pater,
1543 4849 1790 4919 imaginis
1817 4849 2030 4902 nomine

451 4943 730 5003 vocitatus,
765 4950 1020 5011 tanquam
1048 4940 1320 5010 exemplar
1347 4940 1497 5015 illius
1529 4950 1576 4995 et
1617 4942 1844 5012 genitor,
1877 4942 1950 4996 sic
1981 4949 2029 4994 et

455 5033 686 5106 Spiritus
734 5033 995 5088 Dominus
1053 5051 1085 5087 a
1147 5033 1367 5088 Domino
1403 5050 1590 5088 nomen
1621 5035 1796 5099 habet,
1851 5051 1883 5088 a
1927 5049 2030 5104 quo

451 5127 909 5189 subministratur,
969 5132 1018 5178 et
1078 5124 1330 5180 Dominus
1373 5127 1437 5180 ab
1485 5127 1717 5198 imagine
1775 5124 2030 5198 Spiritus,

453 5219 670 5290 quando
709 5227 758 5273 et
815 5217 958 5272 Deus
1001 5217 1234 5288 Spiritus
1279 5219 1343 5273 ab
1392 5221 1570 5274 eodem
1615 5221 2030 5292 cognominetur.

457 5312 908 5384 Sapientissimus
937 5313 1193 5385 Cyrillus,
1243 5313 1310 5369 ad
1359 5315 1750 5384 imperatorem
1781 5313 2034 5369 Theodo-

455 5411 596 5462 sium
615 5407 681 5462 ile
713 5407 938 5462 Christo
964 5426 977 5462 :
1037 5407 1294 5463 Liberans
1323 5411 1462 5464 enim
1493 5425 1525 5463 a
1549 5409 1774 5482 peccatis
1800 5425 1919 5464 eum
1946 5407 2036 5476 qui

458 5501 559 5573 ipsi
597 5501 852 5565 attineret,
905 5502 1118 5572 proprio
1155 5502 1392 5572 deinceps
1429 5503 1581 5572 ungit
1615 5499 1839 5571 Spiritu,
1882 5517 2037 5570 quem

460 5594 697 5648 immittit
727 5593 835 5662 ipse
862 5603 1113 5666 tanquam
1143 5611 1208 5648 ex
1271 5593 1376 5647 Deo
1415 5593 1574 5647 Patre
1607 5591 1865 5654 Verbum;
1895 5601 1944 5644 et
1973 5606 2038 5645 ea:

459 5687 676 5760 propria
699 5693 890 5742 natura
930 5687 1074 5742 nobis
1103 5687 1375 5753 emittens,
1417 5695 1466 5740 et
1501 5695 1759 5756 tanquam
1814 5699 1925 5736 rem
1957 5683 2040 5736 in—

460 5777 808 5844 carnationis,
843 5779 1234 5850 dispensatione
1255 5793 1581 5832 communem
1605 5774 1802 5846 ponens
1825 5784 2039 5848 propter

465 5869 708 5926 unionem
759 5873 956 5938 etiam,
1017 5882 1070 5926 ut
1125 5874 1278 5927 homo
1325 5869 1672 5942 corporaliter
1717 5869 2036 5938 insuﬁiabat.

2127 4667 2234 4723 τοῦ
2263 4668 2405 4735 ἐνὸς
2430 4669 2620 4738 ἄκρου
2653 4667 2985 4737 ἁψάμενος,
3037 4665 3134 4718 και
3175 4663 3241 4719 τὸ
3278 4663 3486 4732 ἕτερον
3518 4663 3711 4732 ἀκρον

2125 4759 2664 4823 συνεπεσπάσατο,
2703 4759 2892 4826 οὕτως
2937 4761 2970 4814 ό
3017 4757 3083 4812 τὸ
3119 4757 3362 4828 Πνεῦμα
3407 4757 3708 4824 ἑλκύσας,

2128 4853 2202 4906 δι’
2235 4853 2423 4906 αὐτοῦ
2475 4853 2574 4906 καὶ
2619 4853 2727 4905 τόν
2774 4851 2908 4905 Υιὸν
2953 4850 3481 4920 cvi-speluncam,
3528 4849 3629 4904 καὶ
3657 4851 3711 4904 ει

2129 4942 2238 4996 τὸν
2261 4942 2399 4996 Υιὸν
2424 4940 2664 5009 ἀληθῶς
2705 4959 2792 5008 τις
2821 4941 3013 5003 λάϐοι,
3044 4940 3167 5004 ἕξει
3205 4939 3393 4994 αὐτὸν
3415 4939 3712 5006 ἑκατέρω-

2131 5041 2256 5102 θεν,
2294 5033 2378 5103 πῆ
2399 5033 2517 5103 μὲν
2549 5035 2654 5088 τὸν
2684 5033 2906 5088 ἑαυτοῦ
2931 5033 3184 5101 Πατέρα,
3228 5032 3314 5102 πῆ
3347 5031 3417 5086 δὲ
3445 5033 3512 5086 τὸ
3555 5031 3715 5086 ἴδιον

2132 5130 2374 5198 Πνεῦμα
2401 5127 2926 5196 συνεπαγόμενον.
2953 5126 3104 5180 Οὔτε
3130 5125 3241 5196 γὰρ
3274 5125 3381 5178 τοῦ
3415 5123 3650 5192 Πατρός
3680 5125 3716 5178 ό

2133 5223 2226 5278 ἀεὶ
2261 5224 2345 5276 ὢν
2373 5222 2446 5277 ἐν
2476 5221 2556 5287 τῷ
2583 5220 2764 5288 Πατρὶ
2797 5217 3216 5288 ἀποτμηθῆναι
3261 5216 3540 5280 δύναται,
3571 5213 3716 5269 οὔτε

2133 5315 2243 5369 τοῦ
2275 5315 2622 5382 Πνεῦματος
2669 5311 2816 5366 πετὲ
2851 5307 3341 5377 διαῖευχθιξσεται
3388 5306 3496 5362 τοῦ
3527 5305 3712 5369 ιδίου,

2135 5405 2170 5458 ό
2199 5405 2398 5456 πάντα
2425 5403 2497 5454 ἐν
2541 5399 2702 5464 αὐτῷ
2735 5397 3017 5468 ἐνεργῶν.
3065 5399 3152 5450 Ἐν
3181 5395 3238 5448 δὲ
3268 5397 3381 5460 τοῖς
3426 5394 3714 5465 Ἀντιρρη-

2135 5497 2329 5556 ﬂuore,
2373 5491 2549 5559 Ἓνὸς
2575 5490 2752 5556 ὄντος
2787 5490 2894 5544 τοῦ
2937 5487 3110 5554 Θεοῦ,
3144 5487 3290 5554 Θεὸς
3327 5489 3360 5541 ό
3401 5487 3556 5552 Υἱὸς,
3587 5489 3716 5540 Ha-

2137 5585 2310 5655 τρικῆ
2337 5586 2539 5656 φύσει,
2577 5583 2674 5638 καὶ
2707 5579 2978 5651 Πατρικῷ
3017 5580 3285 5650 ὀνόματι,
3313 5579 3412 5632 καὶ
3439 5577 3580 5643 ἐνὸς
3606 5576 3712 5629 ὄν-

2139 5697 2240 5744 τος
2285 5679 2508 5746 Κυρίου
2538 5677 2644 5732 τοῦ
2688 5675 2846 5740 Υιοῦ,
2880 5677 3097 5742 Κύριος
3127 5677 3159 5728 ό
3212 5671 3432 5740 Πατὴρ,
3485 5669 3564 5736 τῷ
3599 5669 3716 5738 τῆς

2140 5771 2380 5838 εἰκόνος
2405 5769 2648 5840 ὀνόματι
2669 5769 3066 5836 καλούμενος,
3087 5766 3168 5832 ὡς
3193 5767 3580 5835 πρωτότυπος
3605 5763 3718 5815 αὑ-

2145 5865 2246 5932 τῆς
2287 5864 2382 5918 καὶ
2418 5861 2744 5933 γεννήτιιψ,
2796 5861 2948 5914 οὕτω
2989 5859 3084 5913 καὶ
3116 5857 3178 5913 τὸ
3231 5857 3470 5927 Πνεῦμα
3498 5854 3717 5922 Κύριος
