3876 6364
407 391 515 457 575

1561 393 1992 456 NICEPHOBI
2034 392 2462 455 BLEMMIDA!

3557 389 3662 455 576

400 512 496 557 hoc
520 504 778 573 siquidem
808 504 1134 561 validissimo
1170 514 1480 576 argumento
1510 507 1580 560 ad
1618 518 1765 562 tuam
1791 509 1976 575 impie-

2100 504 2351 574 Πνεῦμα,
2384 503 2543 558 διατι
2564 502 2652 573 μὴ
2689 502 2823 572 Υἱὸς
2859 502 2998 560 Υιοῦ
3023 504 3090 558 τὸ
3120 501 3363 571 Πνεῦμα
3387 500 3616 569 εἴρηται
3643 516 3665 567 ;

401 603 562 649 tatem
615 598 953 651 astruendam
986 615 1109 654 usus
1169 615 1242 653 es.
1300 599 1402 653 Aut
1442 601 1579 654 enim
1614 598 1846 664 Filium,
1883 610 1976 654 aut

398 696 703 741 creaturam
742 689 897 756 jubes
928 708 1033 746 non
1077 702 1287 747 tenere:
1318 702 1368 746 et
1399 693 1538 762 quod
1575 690 1749 747 Filius
1779 709 1980 746 nuncu-

401 791 560 851 patus
580 798 684 836 non
702 792 799 848 est,
824 783 938 837 ideo
965 794 1265 839 creaturam
1299 801 1408 840 esse
1430 786 1587 856 impie
1609 786 1800 841 asseris
1822 785 1977 840 illum

399 876 489 942 qui
536 890 794 931 creatura:
829 894 989 932 causa
1025 889 1121 945 est,
1171 881 1262 949 qui
1302 888 1602 933 creaturam
1652 881 1975 948 sanctiﬁcat,

402 973 451 1018 et
485 966 718 1035 deiﬁcat,
752 971 841 1038 qui
879 972 1123 1035 Domini,
1164 972 1358 1043 Deique
1392 972 1746 1045 appellatione
1776 974 1980 1047 gloriﬁ-

400 1067 572 1122 catur,
613 1063 703 1132 qui
749 1063 961 1119 divinas
994 1065 1215 1134 complet
1259 1068 1609 1135 aper-ationes.
1641 1066 1772 1123 Cum
1803 1069 1980 1138 itaque

401 1152 763 1221 appellatione
797 1154 922 1211 Filii
949 1159 1195 1228 indignus
1234 1159 1632 1230 tibijudicetur,
1656 1169 1912 1229 tanquam
1944 1180 1977 1218 a

402 1243 565 1298 Patre
612 1255 662 1299 et
711 1247 852 1303 Filio
884 1249 1109 1313 alienus,
1162 1254 1434 1306 considera
1484 1271 1719 1322 quanam
1771 1256 1979 1311 ratione

402 1335 563 1391 Filios
595 1338 756 1407 efﬁcit
794 1357 880 1395 eos
930 1346 1019 1413 qui
1061 1346 1486 1409 sanctiﬁcantur.
1517 1348 1670 1414 Quod
1721 1350 1767 1403 si
1798 1363 1853 1403 tu
1884 1366 1980 1421 per

403 1428 666 1500 Spiritum
696 1431 869 1489 Filius
898 1435 992 1491 Dei
1013 1454 1085 1499 es,
1114 1440 1375 1508 quomodo
1411 1440 1692 1509 Spiritusa
1724 1443 1982 1513 ﬁliatione

404 1521 612 1578 alienus
641 1534 717 1580 est
737 1527 764 1581 ?
795 1526 925 1582 Item
951 1545 966 1586 :
1003 1529 1234 1584 Dicimus
1265 1534 1445 1602 itaque
1474 1535 1749 1604 afﬁrmare
1778 1535 1826 1590 F
1829 1538 1980 1591 ilium

2094 598 2287 666 Τούτῳ
2310 600 2421 666 γὰρ
2446 595 2821 667 ἰσχυροτάτῳ
2842 597 2995 665 πρὸς
3021 594 3137 665 τὴν
3165 594 3453 650 ἀσέϐειαν
3477 591 3662 661 ἐχρήο

2086 704 2197 747 σω.
2234 690 2317 745 Ἢ
2340 689 2450 758 γὰρ
2507 689 2664 754 Υιὸν,
2697 689 2736 760 ἢ
2768 691 2993 757 κτίσμα
3036 688 3307 752 κελεύεις
3335 683 3522 740 νοεῖν.
3556 681 3666 737 Καὶ

2087 786 2177 839 ὅτι
2209 784 2296 854 μὴ
2341 785 2477 850 Υἱὸς
2507 783 2875 853 ὠνόμασται,
2905 784 3004 839 διὰ
3033 782 3210 837 τοῦτο
3238 781 3461 849 κτΙσμα
3486 774 3664 843 εἶναι,

2079 875 2491 947 βλασφημεῖς,
2528 875 2597 930 τὸ
2624 876 2735 945 τῆς
2763 876 3016 941 κτίσεως
3045 876 3261 935 αἴτιον,
3302 874 3370 926 τὸ
3398 872 3511 938 τῆς
3545 870 3671 923 κτί-

2086 986 2243 1035 σεως
2289 970 2647 1040 ἁγιαστικὸν
2696 970 2796 1025 καὶ
2853 970 3155 1034 θεοποιὸν,
3193 968 3260 1023 τὸ
3292 967 3511 1034 Κυρίου
3565 962 3666 1017 καὶ

2090 1062 2241 1118 Θεοῦ
2275 1062 2677 1131 δοξαζόμενον
2708 1063 2975 1131 ὀνόματι,
3027 1063 3096 1116 τὸ
3138 1060 3257 1116 τῶν
3299 1062 3479 1115 θείων
3501 1057 3673 1123 svsp-

2084 1149 2263 1223 γειῶν
2292 1153 2697 1220 πληρωτικόν.
2743 1152 2906 1206 Ἐπεὶ
2940 1148 3055 1206 οὖν
3092 1151 3349 1216 ἀνάξιόν
3391 1165 3491 1202 σοι
3534 1145 3673 1216 scal-

2086 1254 2251 1300 rsrat
2286 1245 2396 1312 τῆς
2429 1244 2537 1299 τοῦ
2592 1244 2729 1299 Υἰοῦ
2762 1245 3171 1314 προσηγορίας
3215 1244 3296 1308 ὡς
3345 1242 3672 1307 ἀλλότριον

2088 1336 2319 1403 Πατρὸς
2346 1335 2444 1389 και
2492 1335 2649 1401 Υιοῦ,
2698 1335 2948 1403 σκέψαι,
2991 1332 3119 1401 πῶς
3151 1333 3319 1400 υἱοὺς
3347 1330 3674 1399 ἀπεργάζε-

2086 1447 2183 1484 ται
2217 1432 2359 1498 τοὺς
2391 1430 2841 1499 ἁγιαζομένους.
2877 1433 2947 1486 ει
2979 1431 3050 1486 δὲ
3092 1431 3177 1486 σὺ
3214 1431 3313 1484 διὰ
3344 1428 3451 1485 τοῦ
3480 1427 3675 1482 Πνεύο

2082 1539 2276 1593 ματος
2295 1523 2426 1591 mc
2451 1522 2621 1587 Θεοῦ,
2646 1524 2770 1589 πῶς
2796 1524 2863 1576 τὸ
2885 1524 3132 1594 Πνεῦμα
3149 1522 3331 1588 ξένον
3358 1523 3674 1586 υιότητος;

404 1630 469 1668 ex
498 1613 652 1681 Filio,
683 1618 928 1674 Triadem
968 1621 1023 1676 in
1056 1623 1409 1681 multitudinis
1438 1629 1699 1682 deitatum
1727 1631 1983 1700 suspicio-

2100 1616 2200 1670 Καὶ
2230 1612 2422 1678 αὖθις·
2488 1615 2759 1686 Δέγομεν
2802 1613 2919 1674 οὖν
2952 1617 3043 1671 ὅτι
3088 1618 3158 1671 τὸ
3190 1614 3387 1670 ειπεῖν
3431 1612 3572 1668 Υιὸν
3602 1611 3675 1676 ἐξ

405 1721 522 1759 nem
553 1711 808 1774 homines,
840 1713 930 1781 qui
954 1714 1007 1767 id
1040 1718 1329 1777 audissent.
1364 1720 1777 1789 adduxisset;in
1807 1740 1983 1791 prom-

2100 1705 2257 1770 Υιοῦ,
2283 1707 2396 1776 τὴν
2426 1707 2638 1775 Τριάδα
2664 1708 2776 1777 τῆς
2798 1709 3083 1776 θεότητος
3110 1710 3199 1773 εις
3227 1710 3502 1773 πλήθους
3528 1706 3679 1759 iuro-

405 1806 496 1868 ptu
522 1815 749 1871 namque
778 1811 894 1857 erat
933 1807 1220 1875 suspicari,
1249 1811 1385 1864 sicut
1420 1808 1594 1867 Filius
1626 1829 1690 1867 ex
1721 1811 1862 1867 Filio
1890 1828 1980 1885 ge-

2100 1800 2243 1869 ιζ’ίαν
2274 1800 2589 1871 προσῆγεν
2611 1802 2967 1870 ἀνθρώποις,
2991 1801 3353 1856 ἀκούσασιν.
3388 1799 3680 1867 Ἔτοιμον

406 1902 621 1949 neratus
654 1906 750 1959 est.
783 1900 857 1953 ita
879 1916 941 1955 ea:
963 1903 1058 1957 hoc
1092 1920 1275 1959 rursus
1313 1904 1478 1961 alium
1509 1919 1826 1978 prognatum
1849 1924 1982 1976 esse,

2100 1892 2203 1962 γὰρ
2233 1888 2312 1963 ἦν
2341 1894 2693 1958 ὑπολαϐεῖν,
2719 1895 2802 1961 ὡς
2827 1895 2998 1964 εἴπερ
3030 1893 3166 1960 Υἱὸς
3190 1892 3259 1958 ἐξ
3300 1892 3437 1947 Υιοῦ
3473 1889 3681 1961 γελέν-

405 1994 457 2038 et
479 2001 662 2041 rursus
697 1987 885 2053 alium,
919 2000 968 2044 et
996 1994 1070 2047 sic
1108 1995 1234 2050 item
1264 1995 1440 2067 plures
1484 1999 1617 2054 alios
1657 2018 1817 2054 unum
1868 2011 1985 2071 post

2100 2000 2285 2051 νηται,
2324 1985 2420 2037 καὶ
2449 1985 2517 2039 ἐκ
2545 1986 2761 2039 τούτου
2792 1985 2979 2040 πάλιν
3005 1984 3209 2053 ἔτερος
3237 1983 3315 2039 ἂν
3337 1986 3431 2052 ειη
3473 1999 3678 2054 γεγεν-

407 2077 597 2132 alium.
637 2078 926 2152 Propterea
965 2100 1029 2139 es:
1079 2085 1186 2141 Deo
1211 2088 1417 2159 quidem
1436 2107 1545 2145 esse
1581 2091 1863 2162 Spiritum,
1890 2110 1989 2162 pa-

408 2169 519 2226 lam
567 2174 848 2245 Apostolus
898 2179 1082 2246 edixit,
1121 2182 1345 2237 dicens:
1400 2202 1419 2234 ι
1449 2181 1731 2254 Spiritum,
1780 2188 1870 2257 qui
1925 2203 1989 2242 ex

412 2263 522 2319 Deo
549 2276 644 2326 est.
677 2271 992 2340 accepimus.
1028 2292 1046 2325 ι
1083 2273 1152 2327 Et
1188 2291 1282 2346 per
1309 2272 1511 2330 Filium
1538 2296 1798 2350 apparere
1830 2280 1990 2350 plane

411 2358 809 2427 demonstravit,
835 2380 954 2418 cum
976 2364 1233 2435 Spiritum
1262 2369 1415 2426 illum
1450 2384 1681 2429 vocasset
1710 2378 1785 2431 uti
1815 2376 1908 2431 Dei
1939 2388 1988 2432 et

410 2463 636 2507 mentem
690 2454 885 2511 Christi
934 2460 1150 2527 insuper
1176 2478 1440 2530 asserens,
1472 2469 1916 2537 quemadmodum
1940 2479 1990 2524 et

411 2540 512 2599 Dei
552 2541 810 2612 Spiritum
860 2560 917 2602 ut
949 2551 1197 2610 hominis.
1235 2553 1441 2610 Filium
1470 2573 1591 2612 vero
1642 2557 1774 2612 Filii
1818 2559 1991 2614 dicere

412 2635 572 2698 mvit,
623 2646 681 2689 ut
726 2653 863 2693 unus
893 2643 1100 2711 quidem
1160 2644 1321 2700 Pater
1354 2655 1404 2701 et
1462 2645 1622 2714 Deus,
1672 2636 1762 2718 qui
1786 2665 1993 2719 semper

412 2724 579 2781 Pater
601 2743 913 2798 perseverat,
938 2743 987 2789 et
1004 2746 1080 2790 est
1106 2737 1170 2791 ub
1196 2749 1394 2795 aeterno
1419 2742 1559 2813 quod
1578 2747 1654 2795 est
1671 2758 1690 2796 :
1718 2757 1855 2796 unus
1874 2760 1991 2799 vero

414 2816 589 2875 Filius
637 2825 957 2891 sempiterna
1012 2832 1351 2895 generatione
1405 2845 1691 2905 generatus
1742 2838 1833 2909 qui
1879 2837 1993 2890 sine

412 2913 672 2982 principio
711 2926 788 2970 est
819 2935 936 2972 cum
970 2919 1150 2989 Patre,
1188 2932 1237 2977 et
1268 2923 1441 2981 Filius
1474 2944 1625 2983 uerus
1670 2929 1765 2984 Dei
1789 2945 1995 3001 semper

412 3013 511 3073 est,
546 3008 637 3078 qui
668 3019 743 3062 est
779 3011 916 3067 Deus
957 3012 1175 3070 Verbum
1220 3025 1271 3071 et
1295 3019 1586 3077 Dominus:
1621 3038 1754 3077 unus
1786 3033 1835 3076 et
1873 3020 1995 3092 Spi-

414 3100 548 3155 ritus
577 3115 791 3160 sanctus
824 3122 941 3163 vere
962 3107 1195 3180 Spiritus
1225 3124 1461 3170 sanctus.

487 3378 542 3433 9.
580 3378 646 3433 Et
674 3394 863 3449 quare,
896 3380 1095 3450 inquit,
1122 3381 1358 3451 Spiritus
1385 3383 1650 3437 descendit
1680 3382 1750 3438 ad
1790 3381 1995 3438 Filium

417 3470 473 3523 in
497 3471 670 3537 specie
698 3469 972 3532 columbw.
1004 3474 1052 3526 si
1081 3473 1292 3527 omnino
1325 3488 1388 3527 ex
1419 3473 1554 3528 Filio
1581 3487 1694 3529 erat
1721 3475 1747 3529 7
1781 3474 1884 3541 Qui
1914 3476 1994 3530 ita

416 3565 599 3624 sentit,
628 3564 795 3618 modis
818 3563 1061 3619 omnibus
1081 3566 1137 3618 in
1166 3566 1269 3619 duo
1293 3564 1563 3620 Christum
1594 3583 1758 3621 unum
1789 3565 1994 3633 dividit,

419 3663 476 3709 ut
497 3671 561 3709 ex
586 3654 721 3710 Filio
756 3655 852 3711 Dei
873 3654 1131 3726 Spiritum
1154 3666 1399 3712 sanctum
1426 3658 1739 3712 descendere
1771 3658 1914 3713 dicat
1942 3660 1997 3712 in

422 3748 599 3817 ﬁlium
632 3750 877 3804 hominis.
902 3750 1137 3805 Dicimus
1169 3750 1345 3821 itaque
1374 3768 1479 3806 non
1501 3751 1720 3807 aliunde
1745 3768 1904 3823 quam
1935 3750 1999 3805 de

420 3843 551 3897 caelo
577 3844 631 3897 in
662 3844 946 3897 Dominum
976 3842 1233 3916 Spiritum
1259 3844 1566 3898 descendere
1588 3844 1839 3909 decuisse,
1862 3844 2000 3898 unde

424 3936 584 3990 etiam
616 3953 716 3990 vox
744 3936 922 3991 Patris
967 3938 1195 4003 advenit,
1235 3947 1291 3992 ut
1362 3937 1620 3993 caelestem
1655 3953 1767 3993 esse
1810 3939 2001 4007 con/ir-

424 4036 619 4092 maret,
651 4036 701 4081 et
730 4026 927 4081 Filium
956 4044 1071 4082 rere
1104 4028 1217 4095 Dei,
1259 4029 1350 4100 qui
1400 4031 1453 4083 in
1486 4039 1630 4084 terra
1661 4029 1999 4085 abluebatur.

425 4118 629 4173 Deinde
672 4127 730 4173 ut
761 4120 812 4173 in
843 4122 1103 4175 hominem
1148 4132 1363 4195 prapter
1376 4123 1816 4191 dispensationem
1844 4136 2003 4192 super

427 4211 632 4267 Filium
673 4214 909 4285 Spiritus
951 4216 1235 4270 descendit.
1287 4214 1402 4270 Hoc
1450 4225 1507 4270 et
1559 4213 2003 4288 sapieptissimns

424 4302 612 4358 docuit
642 4302 896 4374 Cyrinus,
937 4312 1259 4375 prophetam
1289 4305 1499 4362 Joelem
1520 4318 1804 4374 exponens
1831 4320 1846 4358 :
1885 4302 2003 4369 Qua

425 4399 563 4451 enim
604 4408 698 4462 est,
744 4399 842 4463 ait,
880 4397 1017 4453 Deus
1065 4406 1115 4451 et
1166 4414 1230 4452 ea:
1268 4397 1381 4451 Deo
1422 4398 1707 4452 secundum
1752 4404 2003 4449 naturam

425 4485 593 4542 Filius
633 4488 653 4557 (
678 4500 957 4559 generatus
978 4489 1116 4542 enim
1150 4504 1265 4543 vere
1297 4497 1371 4543 est
1400 4502 1464 4542 ea:
1498 4485 1608 4540 Deo
1644 4484 1812 4541 Patre
1836 4482 1853 4557 )
1877 4502 2003 4555 pro-

2088 2081 2371 2149 νημένος,
2396 2081 2494 2134 καὶ
2527 2079 2717 2133 πάλιν
2742 2078 2959 2145 ἄλλος,
2982 2080 3081 2132 καὶ
3106 2077 3205 2131 ἐπὶ
3237 2075 3475 2144 πλῆθος
3503 2074 3677 2140 ἑξῆς.

2089 2173 2193 2228 Διὰ
2222 2173 2297 2241 δὴ
2330 2173 2509 2228 τοῦτο
2547 2172 2614 2227 τὸ
2660 2174 2774 2242 μὲν
2810 2173 2880 2227 ἐκ
2915 2170 3065 2226 Θεοῦ
3104 2171 3168 2225 τὸ
3220 2169 3459 2238 Πνεῦμα
3496 2165 3679 2230 εἶναι,

2089 2260 2321 2332 τρανῶς
2372 2260 2754 2331 ἁνεκήρυξεν
2796 2263 2830 2316 ό
2888 2260 3286 2323 Ἀπόστολος,
3336 2255 3553 2327 λέγων,
3588 2256 3683 2310 ὅτι

2097 2358 2167 2411 Τὸ
2207 2356 2457 2425 Πνεῦμα
2481 2359 2544 2409 τὸ
2574 2355 2643 2409 ἐκ
2690 2354 2799 2409 τοῦ
2836 2353 2986 2410 Θεοῦ
3017 2351 3335 2420 ἐλάϐομεν,
3372 2352 3469 2405 καὶ
3502 2350 3571 2404 τὸ
3602 2348 3681 2403 δι’

2098 2450 2238 2506 ΥΙοῦ
2287 2450 2625 2518 πεφηνέναι
2679 2447 2876 2517 σαφὲς
2911 2446 3229 2515 πεποιήκει
3257 2444 3390 2499 Υιοῦ
3430 2441 3679 2513 Πνεῦμα

2093 2542 2401 2611 ὀνομάσας
2428 2542 2576 2597 αὺτὸ
2608 2542 2874 2609 καθάπερ
2907 2538 3079 2604 Θεοῦ,
3112 2537 3209 2593 καὶ
3235 2536 3390 2591 νοῦν
3418 2533 3681 2604 Χριστοῦ

2094 2636 2467 2708 προσειπὼν,
2516 2635 2782 2702 καθάπερ
2823 2632 2923 2686 καὶ
2974 2631 3125 2687 Θεοῦ
3165 2629 3407 2699 Πνεῦμα
3458 2629 3541 2693 ὠς
3568 2626 3681 2681 τοῦ

2099 2728 2443 2800 ἀνθρώπου,
2479 2728 2620 2782 Υιὸν
2648 2726 2716 2781 δὲ
2750 2724 2857 2781 τοῦ
2885 2722 3021 2779 me
3052 2723 3408 2792 προσειπεῖν
3451 2720 3683 2791 ἐφυλά-

2096 2823 2263 2889 ξατο,
2294 2823 2395 2877 ἵνα
2427 2815 2514 2888 εἷς
2544 2819 2662 2890 μὲν
2690 2821 2892 2887 Πατὴρ
2936 2817 3035 2873 καὶ
3071 2820 3237 2883 Θεὸς,
3271 2819 3304 2871 ό
3338 2815 3429 2871 ἀεὶ
3475 2814 3683 2883 Πατὴρ

2094 2916 2411 2986 διαμένων.
2448 2914 2543 2968 καὶ
2601 2912 2689 2966 ὢν
2720 2912 2925 2977 ἀϊδίως
2968 2911 3001 2965 ὅ
3062 2910 3252 2964 ἐστιν.
3292 2904 3397 2974 Εἷς
3447 2907 3517 2961 δὲ
3545 2908 3683 2974 Flag-

2095 3009 2267 3078 ἀϊδίῳ
2296 3005 2581 3079 γεννήσει
2610 3003 3075 3076 γεγεννημένος,
3101 3007 3135 3060 ό
3161 3004 3426 3072 ἄναρχος
3454 3001 3580 3057 σὺν
3600 2997 3684 3066 τῷ

2095 3103 2305 3173 Harp},
2333 3103 2465 3167 Υἱὸς
2500 3101 2792 3169 ἀληθινὸς
2830 3098 2999 3162 Θεοῦ,
3035 3097 3125 3153 ἀεὶ
3150 3096 3256 3164 ὢν,
3284 3096 3317 3150 ὅ
3345 3097 3501 3157 ἐστι,
3535 3094 3684 3160 Θεὸς

2020 3230 2069 3293 c
2097 3196 2292 3265 Λόγος
2322 3194 2417 3249 καὶ
2444 3195 2681 3261 Κύριος,
2717 3192 2788 3247 ἓν
2819 3191 2889 3245 δὲ
2914 3190 3012 3246 καὶ
3039 3189 3105 3244 τὸ
3134 3188 3375 3259 Πνεῦμα
3408 3185 3476 3241 τὸ
3506 3186 3686 3256 ἅγιον

2103 3287 2346 3357 ἀληθῶς
2384 3287 2556 3357 ἅγιον
2586 3285 2848 3356 Πνεῦμα.

2168 3380 2232 3435 θ’.
2279 3383 2388 3434 Καὶ
2417 3381 2517 3433 ἳνα
2559 3378 2629 3444 tl,
2670 3381 2827 3448 φησὶ,
2875 3378 2942 3432 τὸ
2977 3377 3223 3448 Πνεῦμα
3248 3373 3555 3443 κατῆλθεν
3581 3372 3685 3427 ἐπὶ

2096 3475 2204 3530 τὸν
2242 3477 2383 3529 Υἱόν
2409 3475 2479 3528 ἐν
2517 3473 2663 3527 εῖδει
2691 3471 3069 3542 περιστερᾶς,
3100 3473 3271 3540 εἴπερ
3318 3465 3397 3540 ἦν
3428 3469 3585 3533 ὅλως
3612 3468 3683 3521 ἐκ

2098 3568 2205 3624 τοῦ
2250 3567 2429 3634 Υἱοῦ;
2455 3566 2703 3633 Πάντως
2741 3566 2961 3621 ό-οὕτω
2985 3564 3250 3635 φρονῶν,
3282 3566 3368 3630 εις
3390 3562 3500 3616 δύο
3527 3561 3685 3616 διαι-

2090 3662 2195 3733 ρεῖ
2214 3664 2321 3716 τὸν
2350 3659 2459 3715 ἕνα
2498 3660 2781 3728 Χριστιῒν,
2815 3659 2917 3712 ἵνα
2948 3657 3016 3711 ἐκ
3063 3657 3171 3712 τοῦ
3202 3655 3337 3711 Υιοῦ
3386 3654 3493 3709 τοῦ
3531 3653 3686 3710 Θεοῦ

2100 3754 2467 3812 καταϐαῖνον
2510 3754 2652 3820 εἴπῃ
2705 3751 2771 3806 τὸ
2824 3750 3067 3820 Πνεῦμα
3098 3749 3197 3802 ἐπὶ
3252 3747 3358 3801 τὸν
3410 3747 3548 3801 Υιόν
3577 3745 3689 3800 τοῦ

2099 3851 2233 3918 duo;
2251 3852 2438 3903 ώπου.
2473 3846 2740 3916 Λέγομεν
2765 3839 2898 3907 οὖν,
2938 3845 3018 3910 ὡς
3067 3845 3178 3897 οὐκ
3205 3843 3468 3898 ἄλλοθεν
3492 3838 3690 3912 ἐχρῆν

2101 3942 2365 3998 κατιέναι
2415 3940 2481 3995 τὸ
2534 3938 2781 4008 Πνεῦμα
2809 3935 2911 3990 ἐπὶ
2963 3936 3072 3989 τὸν
3117 3937 3354 4003 Κύριον,
3384 3935 3422 4002 ἣ
3465 3933 3531 3987 ἐκ
3567 3931 3691 3989 τῶν

2102 4033 2398 4104 οὐρανῶν,
2441 4033 2586 4088 ὅθεν
2628 4030 2726 4085 καὶ
2770 4031 2808 4099 ἠ
2841 4029 3012 4100 φωνή
3059 4028 3168 4083 τοῦ
3203 4027 3453 4097 Πατρὸς,
3493 4027 3573 4094 ὡς
3608 4025 3689 4080 ἂν

2102 4129 2391 4199 οὐράνιον
2410 4123 2562 4183 εἶναι
2583 4125 2983 4194 πιστώσηται,
3020 4126 3119 4179 καὶ
3152 4125 3292 4177 my
3320 4122 3510 4187 ὅντως
3536 4122 3691 4176 Θεοῦ

2104 4224 2212 4275 τὸν
2241 4220 2341 4275 ἐπὶ
2388 4218 2503 4289 γῆς
2546 4216 3011 4285 βαπτιζόμενον.
3054 4217 3305 4273 Ἔπειτα
3350 4212 3447 4267 καὶ
3487 4214 3566 4279 ὠς
3603 4213 3693 4280 εις

2103 4312 2423 4381 ἄνθρωπον
2471 4310 2570 4365 διὰ
2614 4311 2731 4379 τὴν
2776 4309 3128 4379 οἰκονομίαν
3168 4307 3270 4363 ἐπὶ
3304 4306 3412 4362 τὸν
3448 4307 3589 4364 Υιὸν
3619 4306 3692 4360 τὸ

2106 4402 2352 4472 Πνεῦμα
2400 4400 2770 4472 κατέρχεται.
2801 4398 2978 4454 Τοῦτο
3008 4400 3106 4453 καὶ
3133 4402 3162 4453 ὁ
3213 4397 3529 4468 σοφώτατος
3580 4396 3690 4450 ἐδι-

2104 4491 2231 4557 δαξε
2294 4492 2585 4565 Κύριλλος,
2612 4492 2705 4545 τὸν
2750 4490 3048 4561 προφήτην
3091 4488 3246 4561 Ίωὴλ
3296 4488 3692 4558 ἐξηγούμενος.

426 4583 575 4648 prius
602 4583 716 4652 ejus
745 4591 794 4635 et
827 4583 881 4635 in
910 4597 970 4635 eo
1025 4579 1257 4652 Spiritus
1292 4590 1409 4645 est;
1463 4577 1907 4651 quemadmodum
1955 4585 1995 4631 et

2108 4578 2194 4659 ’ῌ
2219 4584 2337 4657 μὲν
2357 4584 2470 4655 γάρ
2497 4585 2692 4648 ἐστιν,
2718 4583 2924 4648 εῐπὼν,
2957 4582 3104 4652 Θεὸς
3129 4583 3226 4637 καὶ
3262 4582 3330 4636 ἐκ
3356 4581 3506 4636 Θεοῦ
3538 4580 3695 4635 κατὰ

427 4676 495 4727 de
524 4675 639 4743 ipso
689 4674 797 4727 Deo
841 4684 890 4727 et
924 4672 1089 4726 Patre
1140 4672 1478 4744 intelligitur.
1516 4671 1636 4738 Qua
1671 4685 1793 4724 vero
1832 4669 2004 4739 factus

428 4776 506 4822 est
539 4768 712 4833 homo,
740 4777 789 4820 et
850 4768 1003 4822 modo
1064 4777 1244 4822 nostro
1282 4766 1554 4837 apparuit,
1616 4764 1872 4818 ascititius
1921 4761 2005 4816 illi

426 4877 534 4915 esse
568 4859 800 4930 Spiritus
825 4860 1054 4925 dicitur;
1088 4858 1358 4914 descendit
1383 4860 1523 4912 enim
1561 4872 1722 4926 super
1742 4856 1917 4926 ipsum
1949 4856 2005 4909 in

422 4952 594 5019 specie
619 4951 893 5014 columbae,
920 4966 1041 5004 cum
1090 4951 1380 5003 secundum
1412 4963 1504 5002 nos
1534 4947 1729 5016 factus,
1778 4957 1834 4999 ut
1867 4944 2003 5013 dixi,

426 5055 689 5113 tanquam
714 5060 851 5097 unus
876 5059 941 5098 ex
984 5045 1129 5098 nobis
1154 5058 1247 5113 per
1277 5042 1724 5113 dispensationem
1761 5040 2007 5111 baptiza-

426 5146 594 5190 retur.
642 5136 776 5191 Tum
803 5146 852 5191 et
879 5138 1124 5208 praprius
1153 5136 1321 5204 ipsius
1356 5132 1591 5205 Spiritus
1634 5135 1863 5189 donatus
1905 5132 2007 5204 ipsi

425 5232 618 5284 dicitur
640 5238 855 5297 propter
877 5227 1304 5293 humanitatem;
1331 5238 1379 5282 et
1410 5229 1521 5282 hcce
1566 5235 1648 5281 est
1686 5226 2004 5280 exinanitio.

426 5321 562 5377 Cum
583 5323 764 5393 itaque
787 5332 842 5377 ut
865 5323 1018 5376 homo
1052 5332 1271 5392 propter
1296 5320 1745 5392 dispensationem
1780 5318 2007 5389 accipie-

426 5417 517 5472 bat
551 5415 813 5486 Spiritum
839 5431 1016 5477 suum,
1065 5415 1332 5468 undenam
1378 5413 1533 5468 illum
1569 5413 1670 5466 nisi
1707 5412 1771 5466 de
1799 5410 1926 5466 calo
1955 5413 2011 5465 in

429 5512 514 5565 sui
541 5511 777 5582 gloriam
817 5508 1035 5562 debebat
1062 5510 1296 5579 accipere
1316 5507 1342 5561 Ρ
1391 5504 1517 5561 Post
1547 5505 1845 5576 passionem
1867 5520 2008 5571 vero,

429 5616 479 5659 et
521 5603 981 5668 resurrectionem,
1022 5601 1143 5671 jam
1189 5600 1580 5670 dispensatione
1608 5597 1860 5667 perfecta,
1909 5613 2012 5652 non

427 5698 617 5764 accipit
642 5696 902 5767 Spiritum
924 5703 1191 5758 sanctum,
1220 5693 1310 5748 sed
1329 5692 1608 5764 elargitur,
1644 5701 1692 5745 et
1719 5707 1782 5745 ea:
1813 5696 1976 5745 semet
1987 5718 2010 5732 -

429 5798 543 5854 ipso
607 5794 924 5847 transmittit
972 5808 1065 5864 per
1106 5792 1533 5864 insuﬁlationem,
1568 5790 1708 5860 facta
1741 5789 1856 5860 ipso
1890 5788 2011 5841 edo-

433 5904 575 5955 cens,
620 5903 713 5957 per
754 5903 871 5942 eum
922 5904 953 5941 a
989 5884 1151 5941 Patre
1212 5885 1509 5958 procedere.
1571 5880 1791 5937 Interim
1836 5882 2014 5953 itaque

2107 4678 2303 4748 φύσιν
2352 4680 2385 4732 ό
2445 4676 2578 4743 Υἱὸς
2629 4675 3006 4748 (γεγέννηται
3035 4677 3147 4745 γὰρ
3196 4672 3435 4741 ἀληθῶς
3465 4674 3535 4728 ἐκ
3580 4671 3696 4729 τοῦ

2112 4772 2262 4827 Θεοῦ
2294 4770 2392 4825 καὶ
2429 4770 2707 4838 Πατρός),
2749 4768 2909 4823 tam
2949 4766 3139 4823 αὐτοῦ
3177 4782 3242 4820 τε
3274 4765 3371 4820 καὶ
3416 4765 3488 4819 ἐν
3529 4761 3700 4827 αὐτῷ

2109 4863 2207 4917 και
2232 4864 2304 4928 ἐξ
2331 4861 2520 4917 αὐτοῦ
2551 4860 2618 4915 τὸ
2640 4861 2882 4931 Πνεῦμα
2907 4861 3037 4915 ἐστι
3067 4858 3334 4927 καθάπερ
3356 4857 3563 4927 ἀμέλει
3591 4856 3699 4911 και

2107 4957 2206 5011 ἐπ’
2234 4955 2423 5011 αὐτοῦ
2457 4954 2688 5009 νοεῖται
2736 4953 2844 5009 τοῦ
2879 4952 3031 5009 Θεοῦ
3059 4952 3158 5008 καὶ
3205 4953 3459 5019 Πατρός.
3496 4943 3579 5022 ’ᾟ
3621 4948 3700 5003 es

2110 5050 2360 5123 γέγονεν
2405 5048 2719 5115 ἅνθρωπος
2765 5046 2868 5101 και
2909 5050 3144 5115 πέφηνε
3179 5042 3312 5099 καθ’
3336 5039 3518 5111 ἡμᾶς,
3544 5042 3703 5095 ἐπα-

2111 5143 2259 5198 κτὸν
2289 5140 2451 5207 αὐτῷ
2476 5136 2631 5195 εἷναι
2661 5138 2729 5192 τὸ
2761 5137 3007 5207 Πνεῦμα
3037 5137 3295 5207 λέγεται.
3325 5132 3703 5203 Καταπεφοί-

2112 5250 2256 5301 τηκε
2288 5232 2397 5303 γὰρ
2420 5231 2514 5285 ἐπ’
2537 5230 2726 5285 αὐτὸν
2752 5228 2824 5282 ἐν
2854 5228 3001 5282 εῖδει
3030 5224 3410 5296 περιστερᾶς,
3435 5225 3535 5279 ὅτε
3559 5225 3698 5279 καθ’

2112 5322 2273 5394 ἡμᾶς
2295 5322 2578 5392 γεγονὼς,
2595 5321 2676 5388 ὠς
2694 5318 2874 5390 ἔφην,
2896 5319 2977 5386 ὡς
2998 5314 3089 5385 εἷς
3106 5317 3175 5384 ἐξ
3201 5316 3374 5388 ἡμῶν
3394 5317 3705 5384 οἰκονομι-

2115 5417 2238 5487 κῶς
2257 5417 2616 5479 ἐσαπτιζετο.
2657 5418 2794 5471 Τότε
2815 5418 2915 5470 και
2947 5413 3018 5468 τὸ
3047 5412 3205 5467 ἴδιον
3232 5409 3423 5466 αὐτοῦ
3451 5408 3707 5480 Πνεῦμα

2113 5512 2296 5569 δοτὸν
2313 5509 2473 5578 αὑτῷ
2492 5510 2752 5580 λέγεται,
2767 5506 2868 5562 διὰ
2888 5508 2954 5563 τὸ
2970 5505 3378 5576 ἀνθρώπινον
3396 5502 3498 5558 καὶ
3518 5502 3705 5557 τοῦτό

2116 5605 2291 5657 ἐστιν
2324 5603 2361 5671 ἡ
2408 5600 2685 5666 κένωσις.
2729 5598 2898 5654 Ἐπεὶ
2942 5596 3094 5670 γοῦν
3121 5595 3204 5662 ὡς
3245 5594 3559 5662 ἄνθρωπος
3593 5589 3707 5644 διὰ

2118 5694 2234 5764 τὴν
2251 5693 2605 5764 οἰκονομίαν
2634 5689 2879 5760 ἐδέχετο
2904 5690 2968 5744 τὸ
2997 5686 3244 5757 Πνεῦμα
3265 5682 3477 5748 αὐτοῦ,
3509 5682 3706 5736 πόθεν

2119 5788 2239 5844 ἔδει
2280 5787 2459 5842 τοῦτο
2492 5785 2799 5855 δέχεσθαι,
2830 5786 2881 5840 εὶ
2905 5780 2991 5853 μὴ
3020 5780 3142 5837 ἀπὸ
3165 5777 3288 5834 τῶν
3309 5774 3585 5847 οὐρανῶν
3608 5778 3709 5842 εἰς

2121 5880 2310 5948 δόξαν
2337 5877 2525 5934 αὑτοῦ
2547 5894 2566 5944 ;
2593 5876 2752 5934 Μετὰ
2769 5874 2836 5929 δὲ
2864 5874 2929 5929 τὸ
2956 5872 3145 5940 πάθος
3169 5870 3267 5927 καὶ
3293 5870 3407 5937 τὴν
3437 5865 3709 5926 ἀνάστα·
