3876 6364
402 362 506 429 583

1498 362 1510 373 '
1582 351 2009 416 NICEPHORI
2048 352 2471 416 ΒιΕΜΜιῡΑζ

3560 353 3667 420 εει

400 497 528 539 rens
559 480 793 538 Verbum
842 490 900 536 et
931 478 1227 549 Spiritum.
1256 476 1317 533 in
1350 475 1603 533 confesso
1655 490 1821 548 porro
1865 483 1968 537 est.

2078 476 2207 542 παρ’
2239 475 2478 543 ἑκάτερα
2516 474 2698 545 φέρων
2730 473 2903 544 Λόγον
2935 475 3033 528 καὶ
3059 471 3310 544 Πνεῦμα.
3358 472 3668 545 Ὠμολόγη-

398 592 525 635 esse
562 574 933 645 principium;
976 582 1034 630 et
1072 573 1120 629 si
1146 582 1407 642 tanquam
1443 587 1473 626 a
1516 570 1787 641 principio
1812 569 1973 623 Patre

398 669 637 726 Verbum
661 678 717 722 et
750 666 1027 738 Spiritus,
1064 673 1121 720 et
1156 680 1265 720 non
1294 663 1434 718 alius
1480 677 1577 733 per
1614 661 1806 726 alium,
1848 660 1973 713 Dei-

401 762 530 817 tatis
559 760 758 815 divisio
797 758 1187 824 introducitur,
1239 764 1601 827 praeterquam
1633 752 1777 824 quod
1839 751 1976 808 Ver-

400 854 532 909 bum
559 863 616 909 et
649 850 891 923 Spiritus
919 852 988 906 ab
1021 851 1255 906 invicem
1310 865 1419 903 non
1468 847 1972 917 distinguerentur.

397 945 684 1013 Quomodo
708 945 855 1001 enim
886 958 1055 998 unum
1098 950 1241 998 esset
1275 940 1478 996 Trias?
1528 938 1595 996 Et
1645 938 1693 993 si
1746 937 1799 991 id
1861 952 1969 991 non

395 1039 585 1103 fuerit,
629 1037 907 1107 quomodo
954 1034 1477 1106 incircumscripta?
1518 1034 1769 1101 Quonam
1813 1030 1974 1085 modo

397 1148 522 1188 cum
552 1132 693 1186 Filio
730 1130 993 1200 Spiritus,
1036 1129 1494 1201 quemadmodum
1526 1127 1699 1183 Filius
1715 1142 1840 1181 cum
1872 1124 1976 1179 Pa-

399 1234 481 1279 tre
518 1224 817 1278 secundum
853 1221 1107 1276 eumdem
1171 1220 1548 1291 Tbeologum:
1612 1217 1802 1273 Omnia
1834 1234 1975 1286 quie-

395 1332 599 1386 cunque
623 1315 775 1369 Pater
809 1315 983 1376 habet,
1005 1324 1131 1368 sunt
1174 1312 1325 1376 Filii,
1385 1322 1581 1383 printer
1615 1311 1840 1382 ingeniti
1873 1328 1971 1365 ra-

398 1412 629 1474 tionem;
665 1411 846 1461 omnia
904 1422 1020 1476 qua
1076 1408 1227 1461 habet
1293 1404 1489 1470 Filius,
1545 1412 1669 1458 sunt
1717 1403 1971 1474 Spiritus,

396 1510 609 1570 excepta
648 1501 1025 1571 generatione;
1064 1496 1439 1565 dedecebatque
1480 1497 1694 1549 omnino
1751 1494 1973 1564 deﬁcere

398 1591 688 1661 aliquando
716 1600 808 1645 aut
842 1590 1036 1644 Filium
1071 1587 1245 1651 Patri.
1279 1598 1371 1642 aut
1417 1587 1675 1660 Spiritum
1725 1587 1893 1653 Filio;
1926 1594 1975 1640 et

398 1700 561 1735 unam
587 1682 816 1752 gloriam
855 1680 1036 1736 Patris
1065 1681 1416 1751 agnoscimus,
1454 1681 1711 1749 (aqualem
1761 1696 1876 1733 cum
1914 1695 1974 1732 eo

401 1773 665 1844 Unigeniti
693 1776 983 1833 honorem;
1034 1790 1195 1826 unam
1234 1771 1353 1825 Filii
1384 1782 1430 1825 et
1464 1770 1691 1842 Spiritus
1724 1773 1970 1843 gloriam.

398 1863 581 1934 Neque
627 1872 844 1919 sustinet
902 1866 1066 1920 Pater
1111 1864 1247 1918 Filio
1310 1866 1531 1935 privari,
1584 1880 1748 1932 neque
1804 1862 1972 1919 Filius

394 1953 596 2025 Spiritu
631 1966 856 2023 sancto;
891 1966 949 2010 et
997 1957 1300 2010 secundum
1363 1970 1617 2025 magnum
1676 1955 1972 2010 Basiliuut:

399 2040 863 2113 Quemadmodum
896 2065 950 2102 se
979 2046 1136 2101 habet
1165 2044 1336 2101 Filius
1371 2047 1440 2101 ad
1464 2046 1707 2117 Patrem,
1744 2049 1818 2100 ita
1858 2045 1979 2118 Spi-

400 2142 532 2194 ritus
587 2144 654 2194 ad
709 2141 963 2196 Filium?
1000 2149 1058 2195 et
1133 2139 1292 2210 plane
1372 2139 1677 2193 secundum
1728 2140 1976 2194 divinum

397 2236 795 2291 Athanasium:
837 2234 1089 2288 Eamdem
1146 2234 1405 2287 unitatem
1455 2233 1608 2286 habet
1643 2230 1875 2304 Spiritus
1908 2232 1979 2286 ad

399 2325 631 2391 Filium,
667 2343 827 2396 quam
862 2325 1015 2380 habet
1046 2323 1210 2378 Filius
1250 2324 1320 2377 ad
1348 2323 1565 2377 Patrem
1596 2326 1622 2380 2

480 2420 569 2473 15.
609 2418 751 2484 Quid
795 2434 958 2487 porro
1001 2417 1264 2484 impediet
1302 2416 1601 2487 aliquando
1648 2415 1828 2479 eﬂ'ari,
1859 2432 1980 2486 quae

400 2526 466 2567 ex
494 2512 661 2565 altera
722 2520 877 2581 parte
909 2507 1287 2579 respondent?
1316 2514 1537 2579 penitus
1574 2509 1735 2562 nihil.
1790 2507 1893 2564 Sed
1932 2508 1976 2563 si

401 2606 576 2662 Filius
608 2615 907 2675 generatur
945 2621 973 2658 a
1011 2604 1200 2666 Putre,
1262 2602 1501 2674 Spiritus
1541 2619 1635 2672 pcr
1666 2603 1864 2658 Filium
1909 2604 1979 2659 ab

403 2702 600 2754 eodem
630 2699 792 2753 Patre
830 2696 1099 2767 procedit,
1130 2695 1650 2755 omneabsurdum.
1681 2705 1845 2765 atque
1880 2696 1981 2749 im-

401 2792 687 2864 probabile
709 2792 867 2861 longe
901 2792 960 2846 iit
1001 2810 1013 2844 :
1049 2807 1284 2860 namque
1316 2790 1631 2845 Ostenditur
1664 2791 1808 2847 Deus
1831 2793 1981 2861 prin-

400 2883 627 2953 cipium,
660 2892 718 2936 et
749 2882 1013 2946 medium,
1038 2893 1094 2936 et
1121 2881 1263 2949 ﬁnis,
1296 2898 1396 2952 per
1449 2883 1714 2952 seipsum,
1762 2893 1816 2938 et
1878 2899 1980 2953 per

401 2992 466 3032 ea
493 2991 615 3047 qua:
645 2990 711 3030 ex
744 2974 863 3045 ipso
892 2984 1022 3029 sunt
1048 2991 1065 3042 ;
1089 2985 1143 3030 et
1164 2975 1473 3031 necessario
1499 2976 1683 3031 Deitas
1714 2974 1974 3031 Trinitas.

401 3067 580 3126 Unum
611 3070 814 3124 etenim
852 3068 1093 3123 medium
1124 3068 1264 3123 ratio
1312 3071 1485 3135 novit,
1540 3069 1683 3139 quod
1730 3070 1776 3125 si
1805 3071 1978 3141 ;plura

2077 584 2168 619 ται
2198 566 2255 620 δὲ
2306 566 2399 620 καὶ
2426 568 2459 642 η
2490 567 2656 639 ἀρχὴ.
2690 568 2785 621 καὶ
2829 565 2990 637 εἴπερ
3015 566 3092 631 ὡς
3123 564 3182 631 ἐξ
3209 566 3386 637 ἀρχῆς
3428 562 3525 618 τοῦ
3553 566 3667 620 lla.-

2073 662 2205 730 τρδς
2250 660 2421 727 Λόγος
2451 660 2547 714 καὶ
2584 658 2829 730 Πνεῦμα,
2880 660 2953 729 μὴ
3002 658 3092 712 διὰ.
3123 658 3359 729 θατέρου
3406 656 3661 730 θάτερον,

2078 751 2350 825 διαίρεσις
2383 754 2668 822 εἰσάγεται
2695 756 2793 823 τῆς
2818 754 3097 823 θεότητος.
3140 751 3338 824 Ἀπείη
3369 750 3427 804 δὲ
3458 751 3556 805 καὶ
3580 750 3666 814 τὸ,

2075 843 2506 916 ἀντιδιῃρημένα
2556 839 2698 897 εἶναι
2744 842 2917 911 Λόγον
2953 843 3050 895 καὶ
3102 839 3351 910 Πνεῦμα.
3402 839 3525 903 ῐΙῶς
3554 838 3667 910 γάρ

2076 932 2200 996 Eva;
2235 935 2265 1003 ἠ
2308 934 2522 1005 Τριὰς;
2554 934 2616 987 ΕΞ
2648 931 2723 1003 μὴ
2749 932 2911 985 τοῦτο
2951 932 3029 996 δὲ,
3062 930 3177 990 πῶς
3206 929 3663 1001 ἀπερίγραπτοςς

2077 1026 2212 1082 Τίνα
2243 1028 2301 1082 δὲ
2334 1028 2541 1098 τρόπον
2569 1027 2710 1097 μετά
2743 1024 2837 1080 τοῦ
2873 1024 3002 1080 Υἱοῦ
3030 1026 3087 1078 τὸ
3121 1023 3367 1093 Πνεῦμα,
3402 1021 3663 1092 καθάπερ

2075 1122 2102 1175 ὁ
2130 1120 2256 1183 Υἱὸς
2298 1120 2441 1190 μετά
2469 1120 2564 1173 τοῦ
2597 1120 2829 1190 “acpbe.
2862 1118 3004 1173 κατά
3035 1118 3128 1169 τὸν
3155 1116 3324 1170 αὐτὸν
3349 1115 3655 1182 Θεολόγονς

2076 1212 2282 1269 Πάντα
2302 1213 2424 1268 ὅσα
2454 1216 2486 1268 ό
2507 1213 2710 1280 Πατὴρ
2734 1212 2842 1266 τοῦ
2876 1210 3037 1272 Υίοῦ,
3069 1208 3241 1275 πλὴν
3262 1207 3663 1277 ἁπεννησίας.

2075 1306 2282 1362 Πάντα
2313 1306 2432 1360 ὅσα
2460 1309 2494 1361 ὁ
2523 1306 2654 1373 Υἱὸς
2695 1305 2802 1361 τοῦ
2834 1304 3208 1374 llr-stipatos,
3240 1302 3413 1370 πλὴν
3447 1299 3665 1372 γεννή-

2074 1418 2233 1468 σεως
2262 1417 2279 1434 ·
2307 1401 2406 1456 καὶ
2439 1402 2554 1455 οὐκ
2586 1401 2854 1468 ἔπρεπεν
2886 1400 3200 1454 ἐλλείπειν
3231 1396 3400 1459 ποτὲ,
3444 1396 3484 1465 ἡ
3527 1396 3667 1450 nor

2076 1496 2281 1564 Hatpi,
2311 1495 2349 1564 ἣ
2386 1495 2629 1564 Πνεῦμα
2671 1492 2803 1560 Υίῷ.
2838 1493 2945 1547 Καὶ
2987 1495 3138 1562 μίαν
3158 1492 3275 1561 μὲν
3310 1489 3503 1553 δόξαν
3548 1491 3665 1543 Πα-

2075 1589 2214 1656 τρός
2268 1586 2668 1657 γινώσκομεν,
2726 1586 2840 1656 τὴν
2878 1584 3196 1655 ὁμοτιμίαν
3240 1584 3346 1639 τοῦ
3394 1584 3665 1651 Mavors-

2074 1680 2243 1747 νοῦς,
2270 1682 2419 1750 μίαν
2446 1680 2514 1733 δὲ
2550 1680 2709 1746 Υιοῦ,
2733 1680 2849 1746 τὴν
2878 1679 2984 1734 τοῦ
3007 1678 3379 1746 Πνεύματος.
3409 1675 3518 1730 Καὶ
3548 1675 3664 1730 οὐκ

2075 1772 2359 1842 ἀνέχεται
2386 1774 2585 1841 Πατὴρ
2629 1775 2769 1826 Υίύν
2799 1771 3216 1841 ζημιούμενος,
3252 1769 3395 1825 οὐδὲ
3440 1769 3563 1835 Υἱός
3597 1767 3667 1821 τό

2078 1869 2321 1937 Πνεῦμα
2362 1869 2428 1922 τὸ
2458 1868 2651 1937 ἅγιον.
2704 1866 2815 1922 Καὶ
2853 1866 2969 1929 πῶς
2997 1866 3141 1919 κατά
3168 1866 3261 1919 τὸν
3295 1866 3473 1934 μέγαν
3500 1862 3664 1917 Βασί-

2077 1963 2223 2016 λειον
2245 1979 2259 1995 ο
2296 1962 2396 2027 Ὠς
2440 1965 2472 2015 ό
2513 1962 2646 2027 Υἱὸς
2680 1961 2835 2029 πρὸς
2879 1960 2989 2014 τόν
3017 1959 3253 2028 Πατέρα
3295 1959 3443 2027 ἔχει,
3471 1956 3666 2023 οὕτως

2077 2056 2142 2109 τό
2175 2052 2437 2119 Πνεῦιια²
2461 2055 2611 2122 πρὸς
2646 2053 2756 2107 τὸν
2791 2054 2931 2107 Υίόν
2957 2069 2976 2119 ;
3012 2059 3110 2106 καὶ
3152 2052 3292 2105 κατά
3321 2052 3414 2105 τὸν
3448 2051 3517 2103 τὰ
3545 2051 3665 2103 θεῖα

2078 2145 2251 2200 πολὺν
2318 2146 2662 2212 Ἀθανάσιον,
2719 2144 2838 2214 Τὴν
2890 2146 3090 2213 αὐτὴν
3122 2145 3379 2212 ἑνότητα
3418 2144 3548 2212 ἔχει
3594 2140 3662 2195 τὸ

2078 2235 2322 2304 Πνεῦμα
2356 2235 2422 2289 τό
2471 2235 2647 2306 ἅγιον
2675 2236 2829 2306 πρὸς
2866 2237 2974 2292 τὸν
3003 2236 3158 2304 Υίὸν,
3196 2236 3278 2305 ἢν
3319 2240 3351 2291 ό
3378 2237 3510 2303 Υἱὸς
3537 2235 3666 2304 ἔχει

2077 2332 2230 2398 πρὸς
2257 2330 2364 2383 τὸν
2400 2330 2632 2397 Πατέρα
2666 2347 2685 2397 ;

2153 2418 2236 2474 ιε’.
2268 2420 2334 2473 Ti
2370 2420 2425 2474 δὲ
2460 2423 2551 2474 καὶ
2581 2420 2642 2474 τὸ
2665 2421 2932 2490 ἀπεῖργον
2959 2419 3217 2489 λέγεσθαί
3243 2439 3317 2493 πη
3352 2420 3445 2476 καὶ
3465 2420 3538 2474 τά
3567 2419 3667 2474 ἀν-

2077 2512 2383 2581 τίστροφας
2418 2514 2639 2576 πάντως
2687 2513 2876 2566 οὐθέν’
2905 2514 3043 2568 ἀλλὰ
3075 2513 3169 2567 τοῦ
3199 2514 3331 2568 Υἱοῦ
3375 2515 3662 2583 γεννωμξο

2078 2621 2171 2657 νου
2204 2604 2356 2674 παρά
2386 2604 2480 2657 τοῦ
2515 2607 2626 2659 [In
2641 2606 2753 2676 ρός,
2782 2607 2875 2660 τοῦ
2912 2607 2967 2660 δὲ
3005 2607 3323 2678 Πνεύματος
3353 2608 3663 2676 ἐκπορευο-

2083 2696 2247 2766 μένου
2274 2695 2342 2749 δι’
2375 2696 2507 2749 Υἱοῦ
2539 2698 2674 2768 τεῖρ’
2707 2699 2874 2752 αὑτοῦ
2900 2700 2993 2752 τοῦ
3024 2701 3262 2771 Πατρὸς,
3294 2700 3404 2753 πᾶν
3430 2699 3660 2764 ἄτοπον,

2080 2787 2188 2839 πᾶν
2220 2786 2483 2839 ἀδύνατον
2515 2786 2874 2856 ἀπελήλαται.
2912 2789 3202 2842 Δείκνυται
3236 2793 3344 2859 γὰρ
3392 2789 3535 2858 ἀρχὴ
3566 2792 3668 2840 καὶ

2082 2880 2247 2949 μέσον
2282 2880 2378 2934 καὶ¹
2419 2881 2577 2940 τέλος
2603 2883 2631 2934 ό
2670 2881 2824 2947 Θεὸς,
2864 2881 2934 2934 δι’
2968 2881 3161 2934 ἑαυτοῦ
3188 2884 3286 2934 καὶ
3330 2882 3441 2934 τῶν
3471 2881 3532 2946 ἐξ
3564 2880 3668 2933 αὑ-

2078 2970 2193 3037 τοῦ,
2226 2975 2321 3026 καὶ
2367 2973 2681 3042 ἀναγκαίως
2725 2974 2758 3044 ή
2786 2972 2977 3044 θεότης
3007 2974 3202 3045 Τριάς.
3235 2973 3332 3027 Ἐν
3355 2975 3464 3043 γὰρ
3502 2972 3668 3044 μέσον

2077 3062 2218 3119 οἶδεν
2250 3066 2278 3119 ό
2306 3065 2463 3136 λόγος
2488 3082 2503 3099 ο
2557 3066 2823 3120 πλειόνων
2862 3066 2915 3121 δ’.
2950 3067 3380 3139 ὑποτιθεμένων,
3414 3065 3572 3120 οὐδὲν
3597 3067 3662 3118 τὸ

402 3168 809 3231 supponantur,
862 3162 1104 3216 medium
1141 3162 1366 3217 omnino
1398 3163 1607 3217 nullum
1633 3163 1740 3218 erit
1770 3181 1786 3219 :
1841 3162 1974 3217 Pro-

2086 3159 2251 3229 μέσον
2281 3158 2451 3221 ὅντως
2494 3160 2630 3215 ἐστί.
2665 3160 2770 3213 Διὰ
2797 3159 2976 3215 τοῦτο
3003 3162 3197 3229 μονὰς
3221 3162 3310 3227 εις
3344 3158 3540 3216 δυάδα
3571 3176 3666 3214 κιο

404 3262 584 3325 pterea
637 3256 812 3308 unitas
850 3255 907 3309 in
965 3257 1187 3327 dyadem
1236 3265 1380 3310 mota
1430 3255 1486 3309 in
1527 3255 1770 3310 Triadem
1814 3259 1978 3314 stetit.

406 3343 499 3400 Sic
531 3346 717 3416 itaque
768 3355 822 3401 et
855 3346 1191 3417 principium
1254 3346 1476 3418 proprie
1507 3348 1880 3419 principium;
1924 3358 1981 3403 et

326 3491 331 3496 .
401 3452 523 3508 quas
551 3452 616 3492 es
650 3437 941 3507 principio,
975 3448 1031 3492 et
1062 3439 1116 3492 in
1158 3438 1433 3509 principio
1456 3449 1641 3505 erunt,
1671 3440 1726 3494 in
1779 3441 1981 3511 seipsis

401 3546 669 3585 summam
717 3531 972 3586 unionem
1001 3571 1017 3597 ,
1074 3546 1458 3606 summamque
1510 3533 1977 3590 consociationem

402 3621 508 3675 sibi
538 3630 594 3676 et
618 3622 764 3678 inter
791 3639 850 3678 se
874 3622 1229 3691 viudicantia,
1260 3633 1317 3680 et
1348 3626 1415 3679 ad
1447 3626 1783 3696 principium
1813 3641 1977 3681 unam

404 3711 512 3766 viui
551 3712 840 3768 indivisam
875 3715 1285 3784 prmscferentia
1313 3725 1480 3787 atque
1512 3716 1804 3772 infinitam.
1862 3716 1966 3775 Ubi

401 3806 545 3858 enim
572 3805 812 3860 medium
843 3822 973 3862 vere
1006 3808 1249 3863 medium
1273 3819 1380 3872 est,
1444 3810 1522 3865 ibi
1573 3820 1630 3864 et
1679 3826 1870 3876 unum,
1920 3820 1978 3868 et

405 3894 497 3949 ubi
525 3898 655 3952 unio
679 3908 786 3962 est,
840 3914 905 3954 ea
942 3900 1246 3955 secundum
1279 3901 1444 3957 unius
1498 3902 1974 3972 participationem

403 3990 683 4060 gignitur:
743 3992 798 4045 in
848 4000 1058 4047 tantum
1111 4008 1387 4064 namque,
1444 4008 1566 4063 qua:
1620 3996 1770 4050 unita
1824 4006 1975 4063 sunt,

406 4083 693 4148 uniuntur,
723 4084 779 4139 in
816 4096 1082 4154 quantum
1120 4100 1246 4142 vere
1280 4086 1444 4142 unius
1480 4088 1833 4158 participant.
1862 4088 1977 4143 lloc

403 4187 457 4231 et
518 4180 728 4232 externi
788 4181 1127 4237 subobscure
1184 4183 1464 4253 imaginuti
1505 4195 1653 4240 sunt.
1716 4185 1874 4241 Unde
1918 4195 1977 4241 et

402 4269 507 4323 tria
530 4270 738 4337 omnia,
761 4282 818 4327 et
871 4282 955 4327 ter
984 4272 1188 4345 ubique
1248 4276 1550 4332 secundum
1584 4292 1857 4333 summam
1910 4292 1974 4333 ac

401 4372 648 4416 mutuam
687 4363 1076 4420 cohaerentiam
1118 4367 1602 4438 philosophantur.
1654 4368 1790 4424 llinc
1841 4369 1972 4424 inti-

2081 3252 2337 3321 νηθεῖσα
2379 3251 2556 3321 μέχρι
2618 3252 2862 3320 Τριόδος
2896 3252 3071 3321 ἔστη.
3130 3251 3322 3316 Οὕτως
3352 3252 3449 3307 οὖν
3501 3252 3662 3322 καὶὴ

2080 3345 2227 3415 ἀρχὴ
2256 3345 2462 3415 κυρίως
2506 3346 2674 3416 ἀρχὴ,
2709 3348 2804 3399 καὶ
2834 3347 2904 3401 τὰ
2930 3349 2993 3399 ἐκ
3042 3348 3141 3416 τῆς
3174 3345 3373 3420 ἀρχῆς,
3420 3348 3477 3401 εν
3506 3361 3566 3397 τε
3589 3345 3661 3417 τῇ

2082 3441 2222 3510 ἀρχῇ
2254 3441 2346 3491 καὶ
2373 3440 2431 3491 ἐν
2458 3438 2736 3513 ἀλλήλοις,
2764 3438 2944 3511 ἄκραν
2974 3439 3070 3493 καὶ
3096 3438 3195 3509 τὴν
3229 3440 3447 3507 ῑνωσιν,
3478 3439 3662 3512 ἄκραν

2080 3533 2176 3585 καὶ
2207 3532 2307 3601 τὴν
2354 3533 2634 3601 συμφυῒαν
2681 3530 2955 3603 αὐχοῦντα
3002 3531 3098 3586 καὶ
3129 3533 3265 3599 πρὸς
3302 3531 3534 3602 ἄλληλα,
3562 3534 3665 3587 καὶ

2080 3625 2219 3694 πρὸς
2244 3624 2346 3695 τὴν
2375 3625 2571 3695 ἀρχὴν,
2603 3624 2663 3679 ἓν
2695 3626 2899 3697 κράτος
2922 3626 3235 3699 ἀδιαίρετον
3277 3628 3661 3701 παριστῶντα,

2080 3715 2175 3768 καὶ
2204 3714 2452 3786 ἄπειρον.
2488 3717 2670 3770 Ὅπου
2701 3716 2809 3788 γὰρ
2832 3717 2894 3771 τὸ
2926 3718 3090 3789 μέσον
3119 3716 3288 3785 ὄντως
3321 3722 3511 3790 μέσον,
3541 3722 3665 3775 ἐκεῖ

2080 3808 2172 3859 καὶ
2194 3806 2254 3859 τὺ
2273 3806 2352 3873 ἓν,
2383 3806 2477 3861 καὶ
2510 3807 2645 3862 ὅπου
2675 3809 2893 3870 lunata
2926 3811 3069 3863 κατά
3103 3812 3202 3882 τὴν
3230 3811 3467 3884 μετοχὴν
3504 3812 3659 3879 γίνε-

2074 3915 2166 3954 ται
2199 3901 2293 3954 τοῦ
2324 3901 2471 3964 ἑνός.
2506 3902 2666 3955 Κατά
2691 3902 2952 3956 τοσοῦτον
2999 3904 3107 3975 γάρ
3143 3904 3387 3959 ὲνοῦνται
3420 3909 3488 3959 τά
3514 3907 3662 3978 ἡνω-

2080 3994 2238 4066 μένα,
2268 3995 2501 4049 καθόσον
2532 3998 2753 4066 μετέχει
2778 3996 2872 4050 τοῦ
2906 3997 3078 4062 ὅντως
3109 3998 3246 4064 ἑνός.
3279 3997 3453 4053 Τοῦτο
3485 4002 3580 4053 καὶ
3601 3999 3659 4055 οι

2078 4085 2312 4157 θύραθεν
2341 4088 2603 4158 ἀμυδρῶς
2632 4090 3084 4162 ἑφαντάσθησαν.
3114 4090 3280 4146 Ὀθεν
3312 4094 3408 4146 καὶ
3434 4094 3503 4147 τά
3525 4093 3663 4163 τρία

2078 4183 2278 4246 πάντα,
2310 4182 2404 4234 καὶ
2447 4183 2506 4235 τὸ
2540 4183 2664 4253 τρὶς
2712 4182 2912 4255 πάντη,
2949 4186 3093 4237 κατά
3138 4185 3239 4254 τὴν
3279 4185 3457 4253 ἄκραν
3487 4186 3659 4255 ἀλλιγ-

2076 4272 2299 4341 λευγίαν
2351 4274 2782 4345 ἐφιλοσόφησαν.
2825 4277 3107 4333 Ἐντεῦθεν
3157 4278 3387 4349 ἄπειρον
3428 4279 3663 4351 ὑπειλη-

2077 4370 2237 4434 φέναι
2273 4369 2418 4432 τινὲς
2467 4368 2530 4422 τὸ
2564 4372 2673 4424 πᾶν
2706 4371 3115 4442 ἐπλανήθησαν,
3151 4374 3225 4440 μὴ
3274 4372 3659 4444 διακρίναντες

402 4452 578 4506 nilum
610 4454 861 4509 nonnulli
895 4455 998 4509 huc
1030 4460 1346 4514 universum
1377 4470 1777 4524 asseverantes.
1809 4462 1969 4517 aber-

2078 4459 2260 4513 οὐσίαν
2292 4461 2527 4525 κτίσεως
2556 4452 2651 4516 καὶ
2681 4462 2958 4534 θεότητος,
3006 4465 3140 4536 μηδι
3172 4467 3477 4531 συνιδόντες
3511 4470 3562 4521 τί
3590 4469 3656 4521 τὸ

401 4547 591 4592 raruut
621 4553 653 4592 a
682 4541 936 4609 veritate,
964 4560 1090 4600 cum
1136 4548 1348 4603 nullum
1403 4550 1786 4606 discernerent
1829 4552 1972 4606 inter

398 4641 709 4687 creaturam
758 4644 815 4690 et
843 4636 1111 4692 Deitatetn
1147 4640 1466 4707 discrimen,
1496 4660 1678 4716 neque
1706 4653 1971 4716 caperent

397 4723 528 4792 quid
562 4728 634 4779 sit
663 4726 716 4780 id
756 4729 900 4798 quod
935 4740 1155 4799 natura,
1188 4744 1245 4790 et
1295 4736 1426 4805 quid
1471 4737 1617 4807 quod
1670 4739 1969 4809 participa-

400 4813 547 4870 tione
572 4827 678 4883 est,
714 4831 766 4874 et
789 4834 1054 4892 quantum
1080 4827 1229 4895 quod
1268 4832 1597 4898 productum
1629 4840 1732 4898 est,
1771 4847 1802 4888 a
1832 4848 1966 4903 pro-

396 4905 647 4964 duetrice
676 4925 839 4967 causa
867 4925 923 4970 et
951 4916 1227 4987 principio
1256 4918 1495 4974 ditl'erat.
1520 4919 1965 4980 Demonstrntum

2074 4555 2258 4622 φύσει,
2295 4553 2391 4608 καὶ
2415 4558 2468 4607 τί
2494 4556 2554 4609 τὸ
2590 4557 2831 4624 μεθέξει,
2862 4560 2959 4613 καὶ
2989 4559 3155 4612 πόσον
3181 4560 3244 4614 τὸ
3289 4561 3654 4632 παρηγμένον

2072 4646 2172 4717 τῆς
2212 4650 2568 4718 παρακτικῆς
2595 4648 2774 4713 αἰτίας
2810 4654 2904 4705 καὶ
2930 4654 3102 4725 ἀρχῆς
3137 4652 3521 4710 ἀπολείπεται.
3554 4654 3656 4709 Δέ-

2071 4737 2280 4791 δεικται
2310 4738 2522 4810 λοιπὸν,
2552 4744 2602 4796 εί
2628 4745 2723 4797 καὶ
2750 4744 2839 4797 διὰ
2877 4743 3153 4815 βραχέων,
3178 4748 3295 4800 ἀλλ’
3321 4747 3414 4802 οὖν
3441 4748 3651 4812 ἱκανῶς

2073 4830 2154 4905 τῷ
2189 4848 2246 4899 γε
2278 4836 2486 4904 κρίνειν
2510 4837 2865 4909 ἐπισταμένῳ
2896 4840 2956 4893 τὸ
2986 4841 3206 4911 ἀληθὲς,
3241 4841 3316 4905 ὡς
3342 4843 3443 4897 οὐκ
3469 4844 3652 4908 ἄλλως

2075 4926 2317 4995 πέφυκεν
2366 4928 2765 5000 ἐκπορεύεσθαι
2791 4934 2851 4985 τὸ
2882 4932 3108 5002 Πνεῦμα
3150 4933 3211 4986 τὸ
3253 4934 3409 5002 ἅγιον
3441 4936 3506 4987 ἑκ
3534 4935 3654 4989 Πα-

392 5005 479 5049 est
508 4994 717 5066 itaque,
749 5001 852 5055 etsi
901 5005 1203 5071 succincte,
1253 5007 1472 5063 abunde
1527 5009 1885 5069 nihilominus
1914 5015 1967 5071 ei

2078 4994 2193 5089 τρδς
2220 5020 2270 5072 εί
2293 5020 2369 5091 μὴ
2397 5021 2465 5075 δι’
2493 4994 2648 5091 Ῠίιιῦ,
2677 5024 2861 5090 καθὼς
2892 4994 3252 5099 ὲθεοὶῖόγησαν
3281 4994 3329 5082 οι
3356 5027 3448 5082 τοῦ
3481 5029 3653 5082 lived.

393 5086 488 5154 qui
518 5091 802 5147 veritatem
844 5093 1152 5165 djiudicare
1188 5100 1363 5167 novit,
1401 5102 1552 5158 nulla
1593 5103 1696 5160 alia
1751 5106 1963 5164 ratione

2074 5127 2267 5181 ματος.

394 5176 661 5287 Spiritum
696 5195 945 5242 sanctum
1000 5205 1063 5244 ex
1117 5190 1277 5247 Patre
1332 5195 1631 5265 procedere
1688 5198 1791 5254 nisi
1858 5215 1955 5271 per
1994 5176 2221 5271 Filium,
2288 5207 2755 5277 quemadmodum
2823 5210 3017 5269 eodem
3062 5211 3272 5287 Spiritu
3319 5210 3485 5270 amati
3538 5220 3651 5268 tra-

393 5275 676 5339 uiderunt.
