3888 6528
1091 586 1294 603 M

1290 437 1542 498 SEllMO
1586 438 1683 497 AD
1725 438 2133 498 MONACHOS
2169 438 2384 501 SUOS.

3361 444 3467 506 {~86

1522 771 2104 865 MONITUM

297 1121 621 1190 Opusculum
648 1126 991 1196 subsequens
1020 1125 1188 1182 edidit
1232 1125 1545 1193 Dositheus,
1582 1121 2110 1194 Hierosolymitanus
2157 1120 2468 1189 patriarcha
2527 1120 2937 1184 schismatieus,
2964 1120 3020 1174 in
3078 1118 3269 1190 ΤΟΜῼ
3303 1120 3469 1173 APA-

232 1209 379 1273 IlﬂX,
411 1208 778 1275 lassia31698,
803 1214 894 1281 qui
928 1222 1075 1267 totus
1104 1212 1328 1281 scriptis
1371 1211 1831 1268 heterodoxorum
1876 1211 2087 1281 placitis
2120 1208 2439 1265 faventibus
2475 1209 2752 1266 conﬂatus
2791 1219 2895 1266 est.
2929 1210 3088 1266 Certe
3112 1208 3358 1264 doctrina
3394 1209 3463 1263 de

235 1301 570 1365 processione
594 1298 829 1369 Spiritus
864 1309 1039 1356 sancti
1064 1301 1121 1355 in
1155 1302 1256 1356 hoc
1289 1315 1543 1356 sermone
1585 1299 1781 1353 tradita
1816 1314 1939 1355 cum
1986 1313 2048 1352 ea
2094 1312 2257 1367 quam
2313 1295 2638 1353 Blemmides
2667 1300 2722 1352 in
2772 1299 3051 1369 opusculis
3091 1297 3466 1367 superioribus

233 1388 585 1453 propuguavit
635 1389 911 1444 conciliari
964 1393 1188 1445 omnino
1220 1405 1327 1445 non
1372 1397 1570 1458 potest.
1603 1386 1718 1443 Sub
1754 1386 1943 1443 eodem
2011 1386 2172 1439 titqu
2212 1400 2529 1441 sermonem
2581 1387 2747 1443 istum
2783 1396 3000 1443 exstare
3042 1386 3117 1443 ait
3163 1386 3464 1441 Bandiuius

233 1468 314 1541 (ιι,
339 1473 463 1544 599)
492 1472 779 1533 Florentiae
810 1478 862 1532 in
913 1478 1182 1533 biblioth.
1221 1477 1783 1541 Mediceo-Laurent.,
1805 1475 1929 1530 cod.
1965 1473 2054 1540 16,
2079 1474 2216 1545 plut.
2247 1471 2337 1539 87,
2370 1490 2427 1531 n.
2464 1475 2552 1530 l7.

242 1711 549 1725 ~————

1368 1877 1506 1933 ΤΟΥ
1535 1878 1938 1936 ΣΟΦΩΤΑΤΟΥ
1983 1878 2326 1939 ΜΟΝΑΧΟΥ

606 2045 1599 2181 ΝΙΚΗΦΟΡΟΥ
1676 2050 2025 2183 ΤΟΥ
2095 2028 3083 2186 ΒΛΕΜΜΙΔΟΥ

1452 2279 1630 2335 ΠΡΟΣ
1660 2279 1839 2334 ΤΟΥΣ
1865 2281 2251 2341 ΜΟΝΑΧΟΥΣ

957 2395 1097 2449 ΤΟΥ
1121 2394 1669 2451 ΔΝΕΓΕΡΘΕΝΤΟΣ
1698 2396 1857 2450 HAP’
1882 2398 2109 2454 ΑΥΤΟΥ
2169 2402 2731 2459 ΦΡΟΝΤΙΣἹἮΡΙΟΥ

899 2556 1003 2610 ΕΚ
1055 2556 1186 2611 ΤΟΥ
1244 2557 1502 2612 ΤΡΙΤΟΥ
1560 2556 1802 2612 ΑΥΤΟΥ
1850 2558 2157 2614 ΒΙΒΛΙΟΥ
2229 2560 2404 2617 ΠΕΡΙ
2467 2563 2781 2620 ΠΙΣΤΕΩΣ

1635 2720 2033 2810 ΛΟΓΟΣ.

1364 3072 1936 3139 SAPIENTISSIMI
1968 3074 2319 3141 MONACHI

765 3250 1803 3412 NICEPHORI
1909 3260 2981 3418 BLEMMlD/E

785 3490 801 3500 ’
896 3532 1000 3592 AD
1034 3528 1458 3594 MONACHOS
1487 3530 1965 3594 MONASTERII
2004 3534 2105 3594 AB
2143 3534 2313 3598 IPSO
2360 3534 2799 3600 EXSTRUCTI

1191 3778 1295 3835 EX
1333 3777 1601 3841 TERTIO
1624 3779 1880 3840 IPSIUS
1933 3782 2151 3842 LIBRO
2188 3783 2289 3840 DE
2318 3782 2503 3840 FIDE

1605 3957 2048 4051 SERMO.

298 4306 429 4371 Τοῖς
458 4308 626 4371 ὁσίοις
663 4308 757 4363 τοῦ
788 4307 1057 4363 Δεσπὸτου
1097 4304 1335 4378 Χριστοῦ
1373 4306 1468 4359 τοῦ
1498 4306 1672 4371 δντος,
1700 4305 1797 4360 καὶ

1972 4306 2190 4360 Sanctis
2210 4304 2336 4360 ﬂeri
2358 4304 2562 4359 Christi
2596 4304 2849 4371 viventis,
2872 4311 2926 4361 et
2954 4305 3145 4363 electis
3174 4306 3479 4376 discipulis.

223 4401 512 4464 ἐκλεκτοῖς
539 4403 824 4470 φοιτηταῖς
848 4402 875 4454 ὁ
904 4401 1024 4455 κατ’
1056 4398 1312 4465 εὐδοκίαν
1343 4398 1510 4453 αὐτοῦ
1542 4400 1637 4453 καὶ
1661 4415 1798 4469 χρηο

223 4495 468 4564 πότητα
500 4493 720 4564 κτήτωρ
752 4492 845 4545 τοῦ
875 4490 998 4545 καθ’
1031 4490 1179 4561 ἱεροῦ
1227 4490 1670 4560 φροντιστηρίου,
1702 4491 1796 4544 Nt-

222 4586 474 4655 κηφὸρος
499 4586 554 4637 ὲν
589 4582 915 4653 μονάζουσιν
942 4583 1121 4652 ἱερεὺς
1144 4581 1379 4652 γηραιὸς
1408 4581 1665 4650 ἀσθενὴς,
1690 4579 1801 4634 τῶν

219 4675 330 4742 τῆς
363 4675 519 4743 ὑμῶν
564 4675 841 4744 ὁσιότητος
891 4672 1066 4743 εὐχῶν
1095 4672 1337 4743 ἐπιδεὴς,
1369 4672 1468 4742 τὴν
1519 4671 1803 4742 παροῦσαν

221 4766 386 4835 ὑμῶν
448 4767 755 4836 ὑπόμνησιν
809 4765 867 4830 ἐξ
928 4767 1155 4833 ἀγάπης
1202 4763 1572 4834 ὑπαγορεύω,
1622 4764 1804 4834 πάσης

224 4859 408 4927 αὐτὴν
447 4856 848 4920 ὑποτυπώσεως
871 4858 1065 4925 ἑτέρας
1095 4857 1582 4927 προεκτιθέμενος.

314 4949 537 5018 Ἐπειδὴ
564 4950 673 5019 γὰρ
719 4947 1025 5020 πρώτιστον
1053 4947 1133 5019 τῷ
1168 4947 1487 5019 Χριστιανῷ
1535 4949 1632 5003 καὶ
1670 4948 1807 5002 πάν-

221 5059 343 5095 των
361 5042 794 5108 ἀναγκαιότατον
816 5041 1015 5093 ειδέναι
1041 5040 1140 5110 τὴν
1162 5040 1465 5105 εὐσέϐειαν,
1482 5040 1573 5094 καὶ
1600 5038 1808 5108 ταύτην

219 5134 581 5198 ἀσπάζεσθαι
608 5133 901 5203 καὶταύτῃ
925 5131 1115 5201 συζῇν,
1146 5131 1239 5184 καὶ
1269 5131 1416 5201 ζωῆς
1452 5131 1552 5200 τῆς
1603 5129 1810 5201 παρού-

219 5244 336 5299 σης
385 5225 745 5296 συνεκδημεῖν
770 5266 784 5289 ,
813 5224 964 5291 ἄξιόν
1003 5227 1120 5278 ιστι
1154 5223 1435 5277 πιστεύειν
1476 5223 1571 5276 καὶ
1618 5222 1812 5290 ὁμολο-

213 5322 351 5387 γεῖν
380 5317 478 5370 καὶ
515 5316 806 5387 κηρύττειν
830 5317 1001 5386 ἡμᾶς,
1034 5317 1117 5371 ὅτι
1149 5313 1281 5377 Θεὸς
1323 5306 1404 5375 εἷς
1446 5314 1612 5376 ἔστιν.
1646 5314 1813 5382 ἤγουν

210 5410 389 5463 οὐσία
432 5410 531 5479 μία
557 5408 833 5478 θεότητος.
858 5408 1242 5477 ἀκατάληπτος
1286 5406 1380 5460 καὶ
1424 5406 1815 5475 ἀπρόσιτος,ὲν

216 5502 381 5573 τρισὶ
409 5500 641 5562 τελείαις
666 5503 785 5563 ταῖς
821 5500 1155 5554 ὑποστάσεσι
1188 5498 1265 5569 τῷ
1287 5499 1462 5568 Πατρὶ
1476 5499 1571 5550 καὶ
1603 5497 1680 5568 τῷ
1700 5498 1816 5569 Υἱῷ

210 5597 324 5649 καὶ
355 5594 433 5664 τῷ
453 5594 592 5664 ἁγίῳ
626 5594 925 5663 Πνεύματι.
951 5593 1238 5653 Ἀκτιστος
1262 5592 1289 5643 ὁ
1332 5588 1542 5659 Πατὴρ,
1563 5588 1817 5652 ἄκτιστος

202 5687 240 5737 ὁ
284 5686 447 5750 Υἱὸς,
491 5685 744 5739 ἆκτιστον
794 5685 856 5737 τὸ
903 5681 1125 5752 Πνεῦμα
1190 5681 1252 5735 es
1292 5681 1469 5748 ἅγιον.
1509 5678 1570 5733 ’0
1618 5679 1807 5752 Πατὴρ

1900 4398 1991 4469 qui
2046 4398 2346 4451 secundum
2394 4396 2511 4467 ejus
2567 4396 2826 4466 placitum
2861 4404 2916 4453 et
2963 4397 3257 4453 bonitatem
3311 4399 3486 4453 domi-

1901 4504 2008 4544 nus
2060 4503 2183 4542 sunt
2240 4488 2439 4543 sacrati
2506 4488 2845 4552 monasterii,
2924 4487 3263 4558 Nicephorus
3342 4492 3486 4544 inter

1903 4578 2201 4635 tirouacbos
2253 4579 2529 4640 sacerdos.
2567 4594 2755 4645 senex,
2797 4580 3013 4646 debilis,
3039 4582 3344 4638 sanctitatis
3397 4598 3484 4635 ve-

1904 4679 2031 4726 strae
2092 4686 2315 4741 precum
2378 4671 3013 4741 indigens,praesentem
3048 4676 3213 4728 vestri
3278 4690 3489 4727 memn-

1905 4764 2038 4819 riam
2079 4780 2144 4819 ex
2174 4763 2442 4819 charitate
2471 4778 2726 4836 suggero,
2766 4781 2885 4821 eam
2922 4781 3033 4836 prae
3074 4769 3225 4822 omni
3257 4766 3486 4823 demon—

1908 4858 2167 4912 stratione
2200 4872 2501 4927 exponens.

1979 4949 2113 5004 Cum
2164 4965 2351 5005 revera
2404 4953 2638 5020 primum
2691 4962 2777 5008 est
2824 4950 3139 5008 Christiano
3191 4952 3399 5008 homini
3432 4960 3486 5008 et

1911 5047 2040 5094 ante
2061 5039 2247 5094 omnia
2280 5041 2515 5097 maxime
2540 5044 2933 5107 necessarium,
2952 5043 3207 5114 pietatem
3237 5059 3485 5108 noscere,

1911 5130 2186 5199 amplecti,
2217 5146 2340 5185 cum
2386 5147 2447 5186 ea
2494 5135 2807 5190 conversari
2845 5145 2898 5190 et
2931 5135 3183 5206 ιιι-τοξοειιί
3206 5136 3314 5190 vita
3364 5151 3487 5205 per-

1912 5223 2174 5294 egrinari,
2209 5222 2432 5294 dignum
2476 5235 2562 5283 est
2594 5226 2882 5285 credamus
2931 5240 2987 5283 et
3041 5229 3401 5285 conﬁteamur
3434 5241 3487 5285 et

1914 5322 2275 5391 praedicemus
2305 5324 2564 5394 quoniam
2598 5340 2743 5380 unus
2764 5333 2851 5380 est
2873 5326 3036 5390 Deus,
3064 5325 3167 5381 hoc
3195 5334 3301 5389 est,
3325 5326 3482 5381 unica

1915 5416 2217 5470 substantia
2241 5416 2566 5482 divinitatis,
2601 5417 3202 5488 incomprehensibilis,
3240 5418 3486 5473 inacces-

1917 5505 2112 5573 sibilis,
2141 5507 2194 5561 iu
2225 5508 2404 5563 tribus
2442 5499 2704 5579 perfectis
2731 5512 3004 5581 personis,
3037 5510 3219 5576 Patre,
3258 5509 3399 5566 Filio
3432 5521 3486 5566 ct

1919 5606 2107 5653 sancto
2129 5596 2354 5667 Spiritu.
2374 5578 2651 5655 Increatus
2675 5578 2854 5670 Pater,
2875 5601 3150 5656 iucreatus
3170 5600 3363 5668 Filius,
3400 5604 3486 5656 in-
3524 5578 3546 5597 θ

1915 5698 2130 5744 creatus
2163 5689 2398 5759 Spiritus
2416 5693 2954 5764 sanctumllngenitus
2974 5693 3175 5762 Pater;
3205 5710 3312 5749 non
3335 5694 3488 5765 inge-

204 5779 553 5846 ἀγέννητος,
575 5777 603 5828 ὁ
629 5776 755 5839 Υἱὸς
786 5776 887 5829 οὐκ
927 5776 1246 5844 ἀγέννητοςσ
1278 5773 1536 5842 ἐγέννησε
1576 5772 1687 5844 γὰρ
1707 5775 1799 5826 τὸν

1914 5780 2056 5836 nitus
2081 5779 2273 5848 Filius,
2294 5783 2481 5853 genuit
2499 5784 2644 5840 enim
2660 5784 2859 5842 Filium
2877 5785 3038 5843 Pater
3054 5787 3372 5843 anteomnia
3388 5800 3488 5841 sae-

206 5868 358 5919 Υἱὸν
379 5870 407 5919 ὁ
427 5868 613 5937 Πατὴρ
638 5866 742 5937 πρὸ
771 5867 987 5919 πάντων
1003 5864 1110 5917 τῶν
1133 5862 1344 5917 αἰώνων
1367 5861 1681 5933 θεοπρεπῶς
1702 5877 1717 5893 ⁸
1743 5864 1805 5919 τὸ

1914 5871 2033 5925 cuia
2057 5872 2357 5938 divinitus;
2405 5890 2506 5931 nec
2549 5877 2764 5947 genitus
2802 5892 2900 5933 nec
2931 5878 3201 5949 ingenitus
3250 5876 3487 5947 Spiritus

472 5964 740 6023 ιἈτιιοι..
781 5963 925 6021 ϐπ..
966 5960 1203 6022 CXLII.

3075 5965 3144 6029 i9
