3888 6490
226 436 332 500 389

1283 439 1554 505 “SEREIO
1593 439 1691 500 AD
1726 438 2136 500 MONACHOS
2173 440 2412 504 bUOS..

3362 432 3469 494 590

225 571 354 622 της,
411 554 725 626 ὑπέρδοξος.
761 554 1175 628 ὑπέρλαμπρος,
1220 557 1256 628 ἠ
1290 557 1430 626 αὖτὴ
1469 559 1582 622 τοῖς
1605 558 1808 629 τρισίν.

1934 559 2102 616 isdem
2132 565 2216 616 est
2231 559 2781 628 supersuhstantiale.
2809 558 2898 614 Sic
2921 571 3053 612 sane
3084 565 3194 610 tres
3227 569 3474 624 personae

235 647 572 716 ὀμοουσίως
596 665 654 701 τε
678 649 788 711 τοῖς
823 649 1006 710 αὐτοῖς
1033 651 1128 704 καὶ
1163 651 1443 722 όμοτίμως
1475 652 1537 705 τὸ
1564 652 1797 723 ὐπερού-

1906 667 2074 707 unum
2106 662 2230 723 apte
2273 662 2403 708 sunt
2437 650 2758 716 inconfusae,
2798 650 3176 721 personalibus
3232 648 3477 719 proprie-

229 753 369 794 σιον.
406 737 564 793 Οὕτω
596 757 676 793 τοι
709 741 779 794 τὰ
801 740 932 810 τρία
955 741 1013 795 ἓν
1038 741 1323 813 ἀραρότως
1339 745 1479 798 είσὶν
1504 743 1792 814 ἀσύγχυτα

1934 743 2124 814 itibus,
2156 751 2212 802 et
2243 753 2369 800 sunt
2407 752 2463 800 et
2493 741 2812 800 creduntur.

229 835 356 895 ταῖς
370 833 763 894 ὑποστατικαῖς
779 833 1025 902 ίδιότησι,
1043 837 1136 890 καὶ
1153 836 1284 889 ὄντα
1297 836 1393 890 καὶ
1410 836 1799 906 πιστευόμενα.

321 927 545 997 Ἰδιότης
567 927 631 980 ’δὲ
671 926 768 980 καὶ
797 925 995 994 ἰδίωμα
1028 927 1126 979 καὶ
1164 928 1296 981 ῐδιον
1325 927 1540 996 λέγεται
1570 928 1632 982 τὸ
1675 929 1805 1000 μιᾶς

239 1019 476 1086 ἑκάστης
531 1018 1039 1089 χαρακτηριστικδν
1084 1018 1438 1084 ὑποστάσεως
1488 1019 1801 1090 γνώρισμα,

231 1111 330 1164 διὰ
371 1112 435 1164 τὸ
467 1109 646 1171 ἱδικῶς
689 1109 886 1181 ἐκείνῳ
918 1111 1066 1181 μόνῳ
1106 1111 1414 1181 προσεῖναι,
1464 1111 1542 1184 τῷ
1567 1109 1628 1165 οὗ
1659 1114 1807 1164 ἔστιν

241 1204 397 1266 ἴδιον,
435 1204 496 1256 οὑ
530 1203 636 1273 μὴν
666 1205 759 1257 καὶ
795 1203 940 1273 ἄλλῳ
990 1204 1120 1258 τινί.
1148 1203 1222 1256 Τὸ
1253 1205 1362 1275 γὰρ
1409 1205 1500 1258 καὶ
1531 1203 1676 1275 ἄλλῳ
1703 1202 1813 1256 τινὶ

243 1295 471 1364 προσὶν,
497 1293 656 1348 τοῦτο
702 1293 881 1348 κοινὸν
911 1295 1002 1348 κοιλ⁵
1033 1295 1134 1352 οὐκ
1167 1295 1320 1350 ίδιον.
1375 1289 1503 1349 οἷον
1556 1295 1687 1349 ίδιον
1714 1295 1809 1350 τοῦ

233 1389 460 1458 Πατρὶς
489 1387 549 1439 τὸ
593 1387 909 1457 ἀγέννητον,
938 1387 1096 1440 τοῦτο
1133 1386 1324 1450 ίδικῶς
1361 1387 1506 1458 μόνῳ
1547 1387 1813 1458 πρόσεστι

246 1477 326 1548 τῷ
360 1477 555 1546 Πατρί.
589 1479 766 1541 Μόνος
796 1479 906 1548 γὰρ
928 1479 955 1530 ό
986 1478 1178 1550 Πατὴρ
1210 1465 1534 1549 ἀγέννητος,
1560 1479 1684 1533 ἐπεὶ
1720 1480 1816 1533 καὶ

251 1570 416 1639 μόνος
473 1571 682 1640 Πατήρ.
711 1570 872 1623 Ἴδιον
919 1569 1015 1623 τοῦ
1054 1568 1186 1623 Υίοῦ
1225 1569 1287 1622 τὸ
1334 1571 1610 1641 γεννητόν.
1652 1571 1815 1625 ἰδιον

249 1661 346 1714 τοῦ
394 1661 550 1730 ἁγίου
595 1660 913 1731 Πνεύματος
961 1661 1023 1715 τὸ
1062 1662 1459 1732 ικπορεύεσθαι
1514 1664 1666 1733 παρά
1718 1663 1816 1717 τοῦ

250 1755 493 1825 Πατρός.
515 1753 652 1808 Οὔτε
681 1755 740 1809 δὲ
766 1757 826 1808 τὸ
850 1753 1071 1823 Πνεῦμα
1104 1756 1358 1822 γεννᾶται
1396 1755 1455 1809 τὸ
1483 1755 1659 1824 ἀγιον,
1693 1754 1818 1809 οὔτε

238 1850 280 1902 ὁ
315 1848 444 1912 Υἱός
471 1847 850 1918 ἐκπορεύεται.
875 1847 948 1899 Τὸ
971 1850 1156 1917 μέντοι
1186 1846 1446 1901 ἀκτιστον
1497 1849 1596 1901 καὶ
1625 1848 1822 1919 ἀπερί-

249 1958 501 2012 γραπτον
533 1942 629 1995 καὶ
662 1939 986 2011 ὕπερούσιον
1019 1941 1112 1994 καὶ
1137 1941 1204 1993 τὰ
1241 1939 1488 2006 τοιαῦτα,
1531 1939 1685 1993 κοινά
1710 1941 1821 1993 Πα-

248 2033 383 2104 τρδς
422 2035 518 2088 καὶ
548 2033 678 2086 Υίοῢ
711 2035 804 2086 καὶ
834 2033 993 2100 ἀγίου
1031 2031 1379 2103 Πνεύματος·
1414 2032 1502 2086 διὰ
1535 2032 1696 2086 τοῦτο
1727 2032 1823 2088 καὶ

246 2131 352 2196 τῆς
388 2126 538 2190 θείας
574 2125 788 2197 φύσεως
855 2125 1126 2197 ἰδιώματα
1174 2125 1466 2194 λέγονταιο
1511 2126 1611 2196 τῆς
1668 2126 1823 2190 θείας

1982 927 2294 998 Proprietas
2354 938 2482 980 vero
2524 932 2579 980 et
2629 922 2828 978 idioma
2870 931 2922 978 et
2959 920 3236 993 proprium
3281 919 3481 975 dicitur

1912 1019 2346 1090 uniuscujusque
2379 1031 2621 1088 persona.
2652 1015 2865 1084 signum
2885 1011 3178 1084 peculiare,
3198 1019 3479 1080 propterea

1911 1110 2058 1183 quod
2111 1111 2240 1166 huic
2274 1117 2496 1164 tantum
2549 1106 2841 1161 conveniat
2891 1103 3132 1174 proprie,
3186 1101 3343 1170 cujus
3400 1109 3484 1152 est

1910 1204 2211 1274 proprium,
2247 1217 2349 1259 nec
2408 1211 2585 1256 tamen
2617 1200 2708 1254 alii
2744 1197 2996 1268 cuipiam.
3022 1193 3178 1263 Quod
3213 1196 3354 1248 enim
3387 1194 3480 1247 alii

1909 1295 2148 1366 cuipiam
2179 1295 2451 1361 convenit,
2475 1293 2526 1350 id
2549 1306 2839 1348 commune
2860 1296 2944 1348 est
2969 1295 3022 1344 et
3043 1303 3151 1343 non
3175 1286 3481 1359 proprium.

1912 1387 1988 1445 Ut
2012 1387 2193 1443 Patris
2220 1388 2500 1458 pr0prium
2539 1395 2624 1442 est
2649 1399 2776 1441 esse
2821 1383 3150 1456 ingenitum,
3183 1380 3328 1451 quod
3363 1397 3486 1450 pro-

1915 1477 2034 1550 prie
2086 1477 2233 1532 Patri
2286 1477 2467 1532 solum
2520 1474 2802 1538 convenit.
2843 1475 2999 1531 solus
3033 1473 3179 1528 enim
3206 1473 3366 1528 Pater
3403 1482 3490 1528 est

1917 1571 2226 1643 ingenitus,
2249 1569 2375 1640 quia
2413 1577 2468 1626 el
2499 1569 2650 1626 solus
2679 1569 2859 1633 Pater,
2900 1568 3023 1623 Filii
3063 1566 3341 1637 proprium
3409 1574 3495 1619 est

1917 1679 2039 1720 esse
2063 1664 2348 1736 genitum;
2379 1672 2431 1719 et
2459 1661 2692 1734 Spiritus
2713 1662 2907 1726 sancti,
2934 1660 3270 1732 procederea
3298 1657 3489 1713 Patre:

1915 1769 2022 1810 nec
2071 1754 2218 1810 enim
2279 1754 2520 1826 gignitur
2569 1752 2807 1824 Spiritus
2854 1759 3100 1815 sanctus.
3165 1765 3268 1805 nec
3321 1747 3493 1804 Filius

1921 1846 2188 1918 procedit.
2218 1847 2472 1903 Attamen
2498 1856 2716 1902 creatos
2751 1861 2858 1900 non
2898 1859 3018 1901 esse
3046 1857 3148 1898 nec
3171 1841 3374 1906 ﬁnitos,
3396 1841 3493 1898 sed

1921 1953 2045 1994 esse
2075 1939 2656 2010 supersuhstantiales,
2681 1949 2735 1993 et
2761 1937 2867 1993 alia
2901 1935 3211 2006 hujusmodi
3246 1947 3498 1990 commu-

1925 2031 2014 2085 nia
2054 2039 2181 2086 sunt
2211 2041 2267 2087 et
2301 2030 2446 2086 Patri
2474 2044 2529 2087 et
2575 2030 2711 2086 Filio
2737 2039 2790 2085 et
2824 2028 3058 2100 Spiritui
3100 2033 3314 2089 sancto,
3351 2039 3494 2093 pro—

1920 2131 2216 2192 ptereaque
2239 2121 2500 2177 dicuntur
2531 2121 2726 2178 divinae
2771 2128 2987 2175 naturae
3018 2119 3274 2174 idiomata
3305 2135 3320 2172 :
3355 2114 3498 2170 divi-

255 2220 360 2289 μὲν
399 2221 613 2286 φύσεως
643 2221 724 2274 ὅτι
781 2220 988 2288 φυσικά
1041 2219 1136 2272 καὶ
1172 2218 1271 2288 οὐχ
1330 2218 1672 2273 ὑποστατικά
1701 2221 1817 2283 ταῖς

1934 2232 2009 2272 nat
2029 2219 2248 2288 quidem
2265 2226 2496 2282 naturae,
2513 2217 2640 2288 quia
2659 2215 2930 2272 naturalia
2951 2222 3009 2271 et
3033 2229 3140 2270 non
3164 2210 3492 2284 personalia:
3534 2236 3537 2239 -

248 2277 437 2382 ⁴τρισὶν
467 2277 747 2381 ὁμοτίμως
777 2277 1049 2382 προσόντα
1094 2311 1206 2380 τῆς
1232 2277 1490 2380 θεότητος
1517 2277 1820 2366 ὐποστάσεξ

1934 2277 2102 2367 tribus
2135 2327 2290 2382 seque
2317 2277 2698 2368 convenientia
2725 2309 3035 2366 Divinitatis
3089 2308 3494 2381 hypostasibus,

257 2418 351 2455 σιν
377 2417 393 2432 ⁸
432 2402 699 2472 ἰδιώματα
738 2403 818 2469 δὲ,
850 2402 926 2466 ώς
951 2402 1085 2473 ἄλλῃ
1115 2404 1268 2474 πάσῃ
1294 2401 1456 2471 φύσει
1486 2401 1626 2474 πλὴν
1651 2403 1821 2478 μόνης

250 2495 355 2565 τῆς
373 2495 522 2559 Θείας
545 2495 734 2557 οὐσίας
759 2495 994 2564 πάμπαν
1014 2493 1313 2562 ἀμέθεκτα,
1336 2494 1465 2565 μήτ’
1489 2494 1822 2567 ἀνθρώποις,

251 2585 388 2658 μήτ’
409 2587 666 2656 ἀγγέλοις
690 2587 826 2651 ὅλως
857 2585 1293 2658 ὲνθεωρούμενα.

331 2771 595 2826 Καλεῐται
641 2771 700 2826 δὲ
749 2771 898 2842 καὶὴ
933 2771 1088 2825 οὐσία
1143 2770 1238 2827 καὶ
1271 2769 1436 2842 φύσις
1494 2771 1590 2826 καὶ
1642 2774 1826 2845 μορφὴ

254 2862 481 2927 κοινῶς,
519 2864 555 2932 ἡ
599 2862 710 2916 τῶν
768 2863 948 2926 ίδικῶς
992 2865 1164 2918 ὄντων
1219 2861 1511 2936 περιοχικὴ
1542 2864 1719 2930 ούσία,
1750 2865 1829 2930 ώς

256 2951 400 3008 οὖσα
439 2954 549 3007 ἀεί·
594 2952 756 3023 φύσις
801 2954 882 3020 δὲ,
925 2955 1001 3019 ώς
1050 2956 1262 3025 φύουσα
1315 2957 1418 3020 τὰς
1456 2955 1826 3021 ὑποστάσεις·

259 3044 448 3115 μορφὴ
470 3045 549 3112 δὲ,
580 3046 658 3108 ώς
686 3047 825 3100 ὅλων
853 3047 962 3101 τῶν
991 3049 1378 3120 μορφωμάτων
1403 3049 1513 3103 τῶν
1538 3049 1630 3104 ὑπ’
1656 3050 1828 3122 αὐτὴν

263 3137 389 3206 ἦτοι
419 3137 528 3191 τῶν
561 3142 927 3210 χαρακτήρων
974 3141 1338 3214 συλληπτική.
1372 3141 1456 3197 Τά
1484 3143 1543 3198 δὲ
1574 3143 1828 3215 περιεχό-

259 3245 399 3294 μενα
420 3230 670 3299 λέγονται
702 3235 797 3286 καὶ
835 3233 1016 3304 ἄτομα
1035 3238 1128 3289 καὶ
1156 3234 1508 3302 ὑποστάσεις,
1532 3237 1628 3293 καὶ
1657 3239 1826 3309 πρόσ-

256 3338 406 3376 ωπα.
444 3322 552 3375 Καὶ
592 3323 768 3391 ἀτομα
805 3325 904 3394 μὲν
955 3327 1042 3382 διὰ
1085 3327 1146 3384 τὸ
1192 3329 1362 3401 μηδὲν
1415 3330 1597 3384 αὐτῶν
1654 3331 1828 3401 τομὴν

255 3411 381 3480 ἦτοι
415 3413 680 3484 διαίρεσιν
736 3416 1125 3489 ἐπιδέχεσθαι·
1164 3422 1265 3492 τῆς
1316 3423 1426 3494 γὰρ
1475 3421 1826 3494 ἀνθρωπίνης

255 3500 474 3567 οὐσίας,
509 3505 704 3556 ταυτὸν
750 3505 796 3558 δ’
847 3509 1023 3561 εἰπεῖν
1052 3509 1498 3582 ἀνθρωπότητος,
1551 3516 1634 3577 είς
1691 3516 1823 3578 τοὺς

258 3589 386 3692 κατ’
416 3590 667 3692 αἴσθησιν
694 3594 1017 3692 ἀνθρώπους
1052 3598 1466 3673 διαιρουμένης,
1520 3604 1698 3670 οὐδεὶς
1731 3607 1828 3659 αὕ-
1857 3633 1900 3692 C

260 3681 376 3731 τῶν
408 3681 486 3742 είς
515 3683 709 3748 ἄλλους
741 3685 1062 3755 ἀνθρώπους
1101 3689 1398 3760 τέμνεσθαι
1427 3691 1676 3761 δύναται,
1717 3697 1832 3762 ζῶα

259 3769 465 3839 λογικά
496 3777 590 3830 καὶ
635 3776 828 3847 θνητὰ,
861 3778 952 3831 νοῦ
990 3781 1085 3833 καὶ
1117 3784 1431 3853 ἐπιστήμης
1471 3785 1699 3843 δεκτικά
1733 3790 1832 3842 καὶ

260 3865 410 3918 κατὰ
430 3864 620 3920 τοῦτον
642 3867 732 3920 τὸν
747 3868 903 3938 λόγον
925 3871 976 3923 oi
1005 3872 1097 3926 ἐπὶ
1115 3873 1319 3945 μέρους
1343 3875 1604 3943 ἅπαντες,
1627 3877 1829 3950 ἄτομα.

277 3961 636 4025 ’Υποστάσεις
661 3963 720 4016 δὲ
757 3963 832 4027 ὡς
882 3964 987 4018 ὐπδ
1017 3967 1115 4038 τὴν
1146 3968 1306 4037 φύσιν
1337 3969 1552 4025 ἑστῶτα
1587 3973 1681 4026 καὶ
1735 3973 1833 4043 μὲ-

259 4064 430 4103 νοντα
471 4049 701 4104 καθόλου
732 4052 934 4125 ταύτης
988 4055 1156 4125 οὔσης
1191 4059 1285 4112 καὶ
1316 4058 1706 4132 θεωρουμένης
1749 4065 1835 4118 ὲν-

261 4140 641 4211 ⁴νοηματικῶς,
673 4144 782 4198 τῶν
817 4143 874 4199 δὲ
920 4149 1167 4218 μερικῶν
1199 4149 1393 4216 ὅντων,
1424 4153 1520 4206 καὶ
1576 4154 1636 4208 τὸ
1692 4153 1834 4210 εἶναι

266 4231 505 4299 ἑχόντων
533 4235 954 4304 πραγματικῶς.
987 4239 1261 4310 ιιρόσωπα
1312 4242 1388 4308 δὲ,
1429 4243 1564 4298 διότι
1595 4245 1833 4301 ἕκαστον

267 4321 452 4374 αὐτῶν
476 4323 679 4376 οίκιῖον
702 4324 815 4395 ἔχει
845 4329 1175 4402 χαρακτῆρα
1209 4333 1324 4396 τοῖς
1369 4337 1576 4399 λοιποῖς
1607 4338 1836 4392 ἀκοινώ-

267 4428 457 4481 νητον.
494 4413 797 4486 Τοιγαροῦν
842 4418 936 4472 ἐπὶ
988 4420 1088 4490 τῆς
1140 4421 1395 4495 θεότητος
1435 4428 1567 4496 μίαν
1616 4431 1836 4498 οὐσίαν,

265 4503 436 4572 φύσιν
471 4505 617 4574 μίαν,
645 4510 740 4563 καὶ
768 4509 898 4578 μίαν
930 4511 1146 4583 μορφὴν
1171 4513 1595 4588 δογματίζομεν.
1619 4522 1836 4593 Ἀτομα

266 4597 328 4650 δὲ
349 4597 504 4666 τρία,
539 4601 687 4669 τρεῖς
737 4600 1085 4670 ὑποστάσεις.
1142 4607 1270 4676 τρία
1331 4610 1601 4681 πρόσωπα
1660 4631 1836 4684 χαραο

267 4687 473 4756 κτῆρσι
493 4689 870 4761 καταλλήλας,
899 4693 1076 4748 είτουν
1105 4695 1383 4767 ίδιώμασι,
1423 4703 1833 4772 γνωριζόμενα.

268 4776 581 4849 Χαρακτὴρ
627 4781 684 4835 δὲ
731 4783 950 4851 λέγεται
989 4785 1091 4855 τῆς
1120 4790 1398 4860 πατρικῆς
1424 4792 1777 4859 ὑποστάσεως
1810 4797 1840 4850 ό

272 4868 428 4933 Υίὶς,
462 4871 562 4941 οὐχ
615 4873 698 4926 ὅτι
734 4875 897 4938 αὐτός
930 4878 1046 4930 ἑστι
1082 4879 1145 4932 τδ
1178 4879 1308 4934 ἴδιον
1359 4883 1453 4936 τοῦ
1489 4885 1723 4957 Πατρός.
1753 4887 1837 4950 τίς

1929 2404 2190 2461 idiomata
2223 2422 2352 2461 vero
2400 2413 2588 2477 utpote
2620 2405 2845 2462 cuilibet
2879 2403 2971 2460 alii
3005 2412 3232 2468 natura},
3260 2409 3490 2470 excepta

1930 2496 2046 2554 sola
2097 2497 2279 2553 divina
2335 2498 2667 2560 substantia.
2707 2495 2932 2553 omnino
2959 2511 3067 2550 non
3101 2491 3494 2566 participanda.

1931 2604 2032 2645 nec
2089 2590 2147 2644 iu
2214 2589 2527 2646 hominibus
2584 2605 2689 2645 nec
2748 2589 2805 2644 in
2862 2587 3072 2660 angelis
3124 2585 3350 2642 omnino
3415 2585 3498 2638 iu-

1929 2689 2140 2750 specta.

1999 2770 2240 2829 Vocatur
2272 2780 2452 2828 autem
2510 2770 2748 2828 essentia
2811 2769 3165 2842 (substantia)
3214 2779 3268 2825 et
3303 2782 3494 2823 natura

1935 2871 1991 2918 et
2029 2863 2203 2919 forma
2243 2865 2650 2933 communiter;
2691 2865 2927 2920 essentia
2953 2862 3242 2918 includens
3287 2877 3350 2916 ea
3381 2876 3504 2930 quae

1931 2963 2063 3010 sunt
2115 2956 2374 3026 propria.
2429 2963 2620 3025 utpote
2675 2971 2798 3026 quae
2847 2967 2932 3012 est
2987 2969 3240 3024 semper;
3307 2963 3498 3007 natura

1930 3061 2063 3104 vero
2107 3055 2296 3116 utpote
2350 3049 2656 3118 producens
2703 3062 2982 3118 personas,
3014 3058 3068 3102 et
3106 3046 3280 3101 forma
3314 3057 3502 3114 utpote

1933 3153 2126 3194 omnes
2179 3138 2384 3204 formas
2421 3141 2524 3195 sub
2565 3141 2683 3211 ipsa
2714 3149 2770 3196 et
2813 3141 2964 3211 signa
3006 3141 3499 3209 comprobat-lens.

1932 3229 2065 3296 Quae
2092 3240 2274 3287 autem
2327 3232 2702 3300 includuntur,
2732 3231 2986 3288 dicuntur
3011 3243 3068 3290 et
3114 3233 3418 3298 individua,
3447 3243 3504 3288 et

1933 3320 2253 3394 hypostases
2305 3331 2360 3377 et
2420 3338 2689 3394 personae.
2725 3323 3009 3379 individua
3059 3325 3317 3396 quidem,
3377 3340 3502 3380 cum

1935 3413 2145 3469 nullum
2218 3429 2403 3471 eorum
2494 3417 2789 3472 sectionem
2857 3418 2942 3473 vel
3013 3417 3332 3473 divisionem
3410 3415 3506 3471 ad-

1937 3505 2152 3560 mittere
2213 3508 2406 3577 possit.
2490 3506 2739 3564 Essentia
2768 3509 2913 3564 enim
2964 3509 3224 3572 humana,
3257 3519 3310 3564 et
3344 3521 3402 3563 ut
3431 3512 3503 3564 ita

1933 3596 2499 3664 dieam,humanitate
2552 3601 2608 3654 in
2660 3599 2974 3656 hominibus
3025 3601 3379 3657 sensibilibus
3411 3602 3500 3654 die

1933 3686 2070 3756 visa,
2108 3703 2272 3743 nemo
2296 3690 2490 3744 horum
2524 3689 2580 3746 in
2612 3691 2732 3746 aliis
2761 3691 3070 3747 hominibus
3105 3693 3267 3746 dividi
3296 3701 3502 3762 potest;

1936 3787 2065 3834 sunt
2094 3780 2350 3836 animalia
2405 3781 2748 3837 rationabilia
2773 3791 2829 3838 et
2858 3783 3129 3850 mortalia,
3188 3782 3505 3854 intelligen-

1937 3869 2025 3926 tiae
2075 3878 2130 3926 et
2180 3873 2420 3927 scientia:
2476 3872 2724 3942 capacia,
2765 3883 2819 3928 et
2848 3873 2999 3942 juxta
3044 3875 3186 3930 hanc
3236 3877 3504 3934 rationem

1937 3972 2128 4014 omnes
2157 3959 2356 4028 singuli
2405 3971 2532 4015 sunt
2590 3961 2894 4017 indiviJua.
2957 3963 3288 4034 Iiypostases
3353 3981 3502 4032 vero,

1937 4049 2091 4119 quasi
2138 4053 2240 4105 sub
2293 4061 2486 4105 natura
2541 4053 2742 4108 stantia
2807 4057 3194 4126 manentiaque
3239 4057 3340 4111 hac
3388 4058 3504 4127 ipsa

1936 4144 2230 4200 exsistente
2283 4144 2736 4216 corisidexataqite
2791 4147 2843 4201 in
2880 4149 3104 4216 specie,
3156 4152 3508 4221 partibusque

1936 4235 2326 4290 exsistentibus
2356 4246 2411 4291 et
2449 4251 2570 4292 esse
2630 4237 2954 4295 habentibus
3013 4241 3062 4294 in
3117 4257 3192 4298 re.
3255 4240 3509 4298 Persona:

1937 4337 2138 4391 autem,
2172 4327 2301 4398 quia
2349 4331 2774 4398 unumquodque
2807 4331 3001 4386 horum
3033 4334 3309 4404 proprium
3347 4334 3509 4388 habet

1938 4418 2330 4487 characterem,
2361 4421 2570 4475 caeteris
2593 4435 2700 4476 non
2720 4436 3085 4478 communem.
3119 4425 3212 4480 Sic
3250 4425 3413 4494 igitur
3440 4426 3510 4480 de

1943 4511 2254 4575 Divinitate,
2286 4527 2448 4566 unam
2476 4517 2796 4578 essentiam,
2839 4530 3002 4568 unam
3037 4526 3308 4581 naturam,
3339 4531 3504 4569 unam

1945 4600 2176 4656 formant
2211 4601 2672 4673 dogmatizamus;
2699 4603 2978 4659 individua
3009 4606 3139 4671 tria,
3184 4607 3510 4675 liypostascs

1943 4702 2077 4758 tres,
2125 4711 2382 4765 personas
2411 4708 2520 4750 tres
2555 4712 2675 4764 qua:
2704 4696 3116 4752 characteribus
3171 4699 3511 4752 convenien-

1944 4785 2109 4850 tibus,
2163 4789 2215 4842 id
2261 4798 2367 4852 est,
2424 4787 2773 4843 idiomatibus
2830 4795 3156 4844 noscuntur.
3215 4786 3515 4842 Character

1941 4877 2161 4948 quidem
2217 4887 2453 4949 paternae
2512 4881 2870 4952 hypostaseos
2899 4879 3100 4933 dicitur
3153 4877 3346 4938 Filius,
3405 4892 3514 4931 non

270 4960 384 5030 γὰρ
418 4961 485 5014 ἂν
540 4963 698 5017 τοῦτο
726 4965 1048 5038 ὑπονοήσειε
1096 4968 1256 5038 λόγου
1292 4975 1685 5046 μετεσχηκώςς
1719 4977 1827 5031 ἀλλ’

1939 4969 2084 5039 quod
2117 4969 2234 5040 ipse
2256 4968 2324 5024 sit
2347 4971 2622 5040 propriqu
2643 4970 2837 5034 Patris,
2857 4969 2979 5039 quis
3005 4968 3147 5023 enim
3173 4967 3304 5021 illud
3338 4969 3521 5036 suspi-

271 5054 357 5106 ὅτι
388 5053 524 5106 καθὸ
555 5055 740 5126 πατὴρ
759 5058 788 5109 ό
815 5057 1003 5128 Πατὴρ
1037 5059 1102 5112 ὲκ
1124 5059 1218 5114 τοῦ
1244 5061 1388 5132 ἔχειν
1412 5063 1540 5118 Υίδν
1560 5083 1840 5140 χαρακτη-

281 5139 496 5212 ρῖζεται
530 5144 625 5196 καὶ⁸
681 5145 1032 5214 γνωρίζεται.
1065 5150 1158 5202 καὶ
1188 5151 1270 5204 ὅτι
1298 5151 1474 5206 πάντα
1510 5155 1580 5208 τὰ
1603 5155 1698 5209 τοῦ
1727 5139 1843 5211 Πα-

277 5235 410 5300 τρδς
442 5233 580 5302 ἔχων
603 5235 632 5287 ό
663 5235 786 5312 Υἱὸς
821 5239 877 5290 ἐν
915 5239 1093 5310 ἑαυτῷ
1131 5241 1310 5311 μένων
1333 5244 1458 5308 Υἱὸς
1485 5246 1727 5302 δείκνυσι
1751 5251 1844 5304 τὸν

277 5323 341 5388 ἐξ
367 5317 449 5386 οὗ,
481 5323 728 5397 καθάπερ
757 5328 920 5382 είκὼν
957 5330 1126 5384 αὐτοῦ
1163 5336 1368 5404 φυσικὴ
1406 5337 1500 5389 καὶ
1527 5339 1847 5410 ἀπαράλλα-

273 5430 406 5474 κτος
429 5430 444 5443 ο
477 5415 558 5466 διὸ
588 5415 681 5468 καί
711 5433 894 5487 φησιν·
936 5419 1000 5472 '0
1029 5422 1303 5490 ἑωρακὼς
1350 5425 1454 5494 ἐμὲ
1481 5427 1706 5494 ἑώρακε
1741 5431 1847 5483 τὸν

273 5504 528 5574 Πατέρα.
563 5507 703 5571 Νοῦς
732 5508 789 5563 δι
814 5509 891 5563 ὢν
912 5515 940 5565 ό
964 5513 1203 5584 ἄναρχος
1225 5519 1385 5585 φύσει
1415 5518 1546 5583 Θεὸς
1569 5521 1847 5590 όμοφυοῦς

271 5597 514 5668 ὑπάρχει
541 5601 714 5668 Λόγου
741 5607 1104 5674 πηγαστικόςο
1133 5609 1321 5681 Πατὴρ
1341 5612 1396 5665 δὲ
1416 5611 1514 5674 ὦν,
1532 5615 1847 5682 γεννητικός

270 5691 429 5743 ἐστιν
447 5693 739 5761 ὁμοουσίου
770 5696 900 5750 Υίοῦ
923 5715 936 5731 ·
961 5700 1050 5755 διὰ
1081 5701 1234 5755 τοῦτο
1265 5708 1356 5758 καί
1391 5705 1482 5758 τοῦ
1510 5705 1646 5759 Θεοῦ
1670 5705 1846 5773 Λόγος

353 5869 376 5902 ¹
407 5864 564 5924 Joan.
605 5885 712 5940 xw,
746 5872 804 5928 9.

1951 5075 2171 5120 caretur
2213 5067 2412 5120 mentis
2445 5064 2708 5134 compos?
2746 5065 2838 5118 sed
2893 5063 3036 5132 quod
3079 5061 3241 5116 Pater
3272 5071 3328 5114 ut
3361 5073 3522 5131 pater

1949 5155 2304 5228 distinguitur
2327 5166 2382 5212 et
2412 5158 2656 5210 noscitur
2677 5171 2738 5215 ex
2763 5169 2830 5208 eo
2856 5155 2996 5222 quod
3029 5153 3225 5208 F.lium
3257 5152 3441 5212 habet,
3469 5160 3524 5205 et

1949 5247 2079 5318 quia
2106 5249 2286 5302 omnia
2319 5246 2495 5300 Patris
2525 5246 2731 5300 habens
2763 5243 2954 5310 Filius,
2981 5246 3033 5298 in
3068 5261 3128 5299 se
3171 5257 3400 5297 maneas
3435 5241 3528 5296 Fi-

1949 5337 2076 5401 lius,
2103 5341 2374 5389 monstrat
2398 5336 2540 5388 unde
2571 5335 2663 5399 sit,
2695 5343 2950 5403 tanquam
2987 5332 3167 5401 imago
3194 5331 3314 5400 ejus
3361 5341 3530 5386 uatu-

1951 5432 2082 5484 ralis
2109 5445 2208 5483 nec
2237 5429 2582 5498 discrepans;
2637 5429 2840 5484 idcirco
2863 5439 2916 5482 et
2950 5429 3025 5482 ait
3060 5445 3074 5482 :
3106 5428 3212 5492 Qui
3256 5427 3390 5480 uidit
3419 5443 3526 5493 me,

1949 5523 2077 5577 vidit
2117 5519 2405 5584 Patrem’,
2437 5521 2671 5591 Spiritus
2721 5535 2844 5575 cum
2879 5520 2952 5572 sit
3000 5520 3112 5583 ille,
3165 5517 3259 5586 qui
3323 5526 3530 5573 natura
3588 5536 3608 5552 υ

1951 5617 2158 5682 absque
2191 5611 2456 5684 principio
2489 5624 2590 5678 est,
2636 5613 2777 5668 Deus
2801 5612 2925 5666 ibus
2955 5622 3036 5667 est
3074 5611 3220 5664 verbi
3271 5610 3532 5676 ejusdem

1954 5716 2192 5771 natura;
2247 5703 2407 5760 Pater
2455 5720 2579 5758 cum
2641 5704 2740 5770 sit,
2802 5703 2971 5773 gignit
3027 5700 3219 5755 Filium
3269 5700 3528 5770 ejusdem
