3876 6364
399 321 497 387 591

1558 312 2000 377 NICEPHORI
2026 312 2459 374 'BLEMMIB.E

3539 305 3656 370 .592

398 436 670 494 essentiae.
726 432 845 506 ipse
874 434 968 490 Dei
1006 434 1243 490 Verbum
1275 442 1332 489 et
1359 431 1536 489 Patris
1584 430 1758 488 Filius
1827 431 1971 494 idem

2082 431 2175 487 καὶ
2208 429 2335 493 Υἱὸς
2367 428 2460 483 τοῦ
2498 427 2709 500 Πατρὸς
2733 428 2761 481 ό
2797 424 2976 490 αὐτός.
3002 423 3184 487 Οὗτος
3209 424 3237 477 ό
3274 422 3403 489 Υἱὸς
3424 423 3526 478 καὶ
3553 425 3658 479 Λό-

388 539 504 584 est.
575 526 671 583 llic
705 538 785 583 est
817 526 990 583 Filius
1033 536 1088 582 et
1133 525 1371 581 Verbum
1429 524 1522 579 Dei
1558 533 1612 580 et
1647 524 1850 583 Patris.
1891 536 1978 592 pet

2090 540 2187 593 γος
2227 521 2321 576 τοῦ
2352 521 2490 576 Θεοῦ
2526 523 2620 576 καὶ
2656 519 2891 593 [ἰατρὸς.
2927 518 2995 573 δι’
3024 513 3087 574 οὗ
3129 520 3312 573 πᾶσαν
3354 518 3455 586 τὴν
3481 520 3661 573 κτίσιν

397 639 558 701 quem
590 638 806 678 omnem
859 623 1194 677 creationem
1225 632 1280 675 ut
1312 636 1408 691 per
1429 620 1705 688 propriam
1771 617 1988 684 sapien-

398 720 529 775 tiam
549 718 954 788 potentiamque
972 717 1178 771 creavit
1198 714 1392 779 Pater;
1411 715 1527 785 ipse
1547 713 1689 768 enim
1709 720 1795 766 est
1809 709 1988 765 Patris

399 811 667 881 sapientia
687 818 742 864 et
781 808 1043 878 potentia,
1075 807 1163 862 hic
1191 815 1412 877 promer
1478 820 1600 867 nos,
1659 800 1986 858 benevolen-

399 905 471 958 tia
503 902 768 974 genitoris
794 911 969 957 semet
998 900 1325 956 incarnavit.
1360 899 1416 953 In
1471 898 1629 953 Patre
1682 897 1983 957 exsistens,

395 1009 452 1053 et
502 997 787 1053 nobiscum
827 995 1029 1057 lactus,
1068 1008 1192 1048 nam
1229 1007 1336 1047 non
1372 1000 1458 1046 est
1487 991 1699 1051 finitus,
1750 995 1804 1041 et
1857 984 1982 1041 car-

398 1105 543 1156 nem,
571 1088 831 1151 animam,
862 1095 1121 1149 mentem,
1150 1083 1436 1144 rationem,
1456 1069 1814 1140 volttiilatem,
1848 1076 1980 1138 vim,

396 1180 582 1234 omnia
623 1179 832 1233 homini
868 1193 987 1247 quae
1018 1186 1212 1231 natura
1247 1174 1604 1236 conveniunt,
1661 1168 1977 1237 assumpsit,

398 1287 499 1326 nec
557 1273 821 1342 ipsarum,
860 1284 995 1339 quae:
1055 1275 1176 1335 post
1240 1269 1471 1335 primam
1531 1263 1747 1330 cuipam
1786 1261 1844 1314 in
1883 1274 1979 1312 nos

397 1364 633 1417 inductae
673 1369 801 1415 sunt
849 1361 1158 1431 passiones.
1210 1373 1348 1424 quas
1395 1372 1499 1411 non
1541 1355 1757 1424 attingit
1786 1365 1983 1422 expro-

391 1455 596 1520 bratio,
650 1469 847 1523 expers
872 1453 1091 1514 mansit,
1121 1450 1212 1505 sed
1246 1460 1301 1503 et
1329 1454 1426 1504 ista
1470 1457 1692 1517 propter
1722 1459 1977 1511 magnam

385 1546 835 1618 ’(iudnlgentiam)
869 1543 1388 1599 conideseen’siunrm
1439 1541 1684 1607 admisit,
1714 1548 1770 1592 ut
1806 1538 1978 1593 refor-

399 1648 571 1693 maret
620 1638 679 1693 in
746 1636 939 1693 melius
1021 1652 1235 1691 onmem
1314 1635 1732 1699 humanitatem,
1793 1640 1847 1687 ct
1909 1644 1977 1684 ne

392 1728 554 1798 plura
645 1728 848 1796 dicam,
919 1728 1199 1798 perfectus
1256 1726 1420 1780 homo
1478 1724 1657 1779 factus
1720 1729 1805 1779 est
1864 1735 1970 1776 non

396 1822 698 1876 secundum
742 1820 1077 1889 phantasiam
1142 1829 1233 1872 aut
1265 1816 1884 1886 0pilil0ltﬂﬂ,«St‘d'Vet‘e
1917 1822 1970 1868 et

395 1910 675 1963 evidenter
703 1909 865 1963 homo
911 1907 1113 1971 factus,
1165 1907 1308 1962 sicut
1329 1917 1608 1968 et.vnos.ct
1637 1920 1801 1976 supra
1845 1919 1966 1958 nos.

396 2001 552 2057 Sicut
591 2010 642 2055 et
665 2016 765 2055 nos
799 2019 812 2055 :
848 2001 974 2070 quia
1006 2010 1307 2070 conceptus
1339 2001 1391 2053 in
1427 2009 1584 2053 utero
1613 1996 1881 2062 mulieris,
1915 1996 1969 2050 in

394 2110 462 2149 eo
496 2094 781 2157 formatus,
845 2104 1090 2163 gestatus
1143 2103 1409 2162 quantum
1466 2100 1517 2145 et
1576 2089 1854 2160 quomodo
1884 2090 1968 2143 lex

396 2182 868 2252 naturmjuberet,
899 2197 1050 2236 more
1091 2181 1390 2236 infantium
1429 2189 1512 2236 est
1545 2189 1753 2249 partus.
1793 2177 1971 2247 Supra

397 2286 546 2327 nos:
584 2271 713 2341 quia
751 2259 1047 2342 conceptio
1072 2287 1139 2326 ex
1196 2272 1406 2341 Spiritu
1458 2282 1650 2325 sancto
1699 2269 1798 2324 luit
1852 2269 1973 2324 sine

395 2362 763 2431 copulatione,
822 2373 978 2418 extra
1042 2364 1317 2418 carnalem
1370 2362 1704 2433 voluptatem
1741 2400 1758 2428 ,
1811 2369 1973 2414 extra

397 2455 755 2527 (moventem)
786 2457 1173 2524 cogitationem
1201 2454 1475 2511 turbidam
1505 2472 1521 2522 ;
1546 2456 1795 2523 corporis
1827 2469 1977 2507 com-

400 2548 678 2617 paginatio
726 2564 793 2601 ex
848 2548 1159 2617 purissimis
1189 2547 1292 2602 fuit
1342 2548 1709 2617 virgineisqtte
1759 2545 1974 2614 Sangui-

401 2641 596 2704 nibns;
649 2642 1023 2711 perfectioque
1060 2640 1430 2695 ‘formationis
1483 2640 1665 2708 operis
1697 2654 1761 2694 ex
1796 2639 1974 2707 primo

399 2731 687 2801 principio,
707 2747 769 2785 ex
790 2732 906 2802 ipsa
927 2732 1282 2800 conceptione.
1304 2731 1423 2798 ;'Slt'
1442 2731 1586 2785 enim
1607 2729 1833 2784 decebat
1849 2728 1976 2796 quia

399 2827 518 2878 sine
571 2825 815 2889 semine;
859 2825 1307 2895 partus~absquc
1355 2823 1601 2894 pariendi
1654 2822 1830 2892 pomis
1878 2837 1976 2891 pa-

400 2917 594 2971 rientis
639 2916 1006 2987 virginitatem
1036 2931 1146 2970 non
1178 2918 1388 2971 vitiaiit
1408 2915 1977 2985 :mansit-cuim'ipsa

397 3010 551 3079 virgo
587 3018 643 3063 et
697 3019 820 3078 post
847 3018 1088 3079 partum,
1140 3011 1285 3064 sicut
1332 3019 1451 3065 erat
1505 3019 1559 3062 et
1605 3016 1731 3061 ante
1761 3014 1975 3076 partum

2088 618 2164 681 ὡς
2196 616 2265 672 δι’
2293 616 2506 681 οἰκείας
2533 615 2720 683 σοφίας
2752 631 2810 667 τε
2850 615 2946 667 καὶ
2971 613 3253 682 δυνάμεως
3288 609 3628 681 ἔδημιούργη
3649 639 3663 652 -

2090 726 2182 761 σεν
2207 711 2234 761 ό
2263 707 2455 778 Πατήρ
2479 723 2492 736 '
2526 706 2687 770 αὐτὸς
2717 706 2827 776 γάρ
2866 707 3017 758 ἐστιν
3044 706 3077 774 ἡ
3114 702 3208 757 τοῦ
3250 704 3463 773 Πατρὸς
3499 702 3666 770 σοφία

2089 804 2179 856 καὶ
2217 802 2481 873 δύναμις·
2516 795 2673 861 οὗτος
2715 799 2782 854 δι’
2820 800 2966 869 ἡμᾶς
3014 798 3235 868 εὐδοκία⁸
3280 796 3373 850 τοῦ
3408 811 3664 864 γεγεννη-

2087 896 2244 959 κότος
2298 896 2461 949 αὐτὸν
2493 892 2940 966 ὲνηνθρώπησεν.
2981 892 3068 945 Ἐν
3127 891 3206 963 τῷ
3256 892 3433 958 [lupi
3464 889 3541 943 ὣν
3569 888 3667 941 καὶ

2089 989 2211 1060 μεθ’
2234 989 2393 1060 ἡμῶν
2424 988 2691 1058 γεγονὼς,
2724 986 3142 1058 ἁπερίγραπτος
3165 987 3299 1056 γὰρ,
3333 988 3425 1039 καὶ
3459 985 3663 1054 σάρκα,

2076 1076 2282 1153 ψυχὴν,
2349 1080 2495 1147 νοῦν,
2549 1081 2727 1149 λόγον,
2800 1080 3041 1150 θέλησιν.
3113 1080 3414 1147 ἐνέργειαν,
3483 1077 3666 1131 πάντα

2082 1175 2152 1227 τὰ
2217 1175 2360 1228 κατὰ
2420 1174 2584 1242 etiam
2672 1174 2749 1246 τῷ
2826 1172 3101 1243 ὀνθρὼπῳ
3184 1173 3456 1243 προσόντα
3493 1185 3662 1240 προσ-

2082 1266 2300 1335 είληφε,
2336 1266 2460 1336 μηδ’
2489 1266 2672 1321 αὐτῶν
2727 1266 2836 1319 τῶν
2896 1267 3037 1333 μετὰ
3069 1262 3168 1332 τὴν
3216 1262 3441 1333 πρώτην
3475 1261 3660 1329 ἀμαρο

2082 1359 2202 1412 τίαν
2230 1359 2673 1430 ἐπεισαχθέντων
2717 1359 2848 1429 ἡμῖν
2883 1355 3095 1423 παθῶν,
3125 1351 3200 1412 ὧν
3226 1355 3288 1411 ού
3318 1355 3663 1409 καθικνεῖται

2086 1452 2303 1523 μῶμος,
2337 1451 2531 1522 μείνας
2561 1451 2861 1521 ἀπείρατος
2882 1450 3052 1505 ’.ἀλλὰ
3084 1451 3175 1503 καὶ
3218 1448 3395 1503 ταῦτα
3416 1446 3506 1501 διὰ
3534 1446 3663 1498 πολ-

2080 1543 2178 1614 λὴν
2213 1543 2623 1612 συγκατάὁασιν
2657 1542 3104 1614 προσηκάμενος,
3138 1543 3225 1595 ἵνα
3274 1538 3664 1612 μετασκευάσῃ

2081 1639 2216 1707 πρὸς
2243 1636 2302 1690 τὸ
2324 1639 2570 1707 κρεῖττον
2593 1638 2775 1690 πᾶσαν
2797 1635 3330 1707 τὴνάνθρωπότητα,
3355 1633 3447 1686 καὶ
3472 1629 3671 1696 ἁπλῶς¹

2081 1728 2258 1781 εἰπεῖν
2285 1727 2488 1788 τέλειος
2517 1728 2741 1795 γέγονεν
2763 1727 3069 1798 ἄνθρωπος,
3092 1727 3154 1780 οὗ
3174 1726 3314 1780 κατὰ
3334 1721 3661 1793 φαντασίαν,

2075 1820 2109 1891 ἢ
2175 1820 2417 1891 δόκησιν,
2470 1819 2586 1873 ἀλλ’
2641 1819 2810 1881 ὅντως
2861 1822 2957 1874 καὶ
3014 1820 3260 1891 ἐναργῶς
3292 1818 3541 1888 ὑπάρξας
3570 1815 3668 1871 ἄν·

2077 1914 2310 1985 θρωπος,
2344 1913 2469 1968 καθ’
2498 1915 2648 1984 ἡμᾶς
2673 1913 2811 1984 ὁμοῦ
2840 1914 2932 1968 καὶ
2961 1914 3099 1985 ὑπερ
3123 1915 3271 1986 ἡμᾶς
3291 1930 3306 1945 ·
3334 1911 3471 1967 καθ’
3508 1911 3663 1981 ἡμᾶς

2075 2007 2157 2060 ὃτι
2190 2003 2526 2077 συλληφθεὶς
2557 2007 2615 2059 ὲν
2638 2006 2827 2077 μήτρᾳ
2856 2005 3138 2075 γυναικὸς,
3176 2003 3558 2070 ζωοπλασθεὶς
3600 2002 3661 2054 ὲν

2078 2099 2240 2169 αὐτῇ.
2272 2095 2639 2168 κυοφορηθεὶς
2668 2096 2755 2165 ἐφ’
2775 2097 2901 2150 ὅσον
2930 2095 3023 2150 καὶ
3059 2095 3240 2159 καθὼς
3261 2098 3288 2150 ό
3316 2094 3418 2163 τῆς
3437 2095 3661 2163 φύσεως

2075 2188 2247 2243 ἐδίδου
2299 2189 2463 2256 νόμος
2518 2187 2713 2259 ἐτέχθη
2771 2188 3200 2259 βρεφοπρεπῶς.
3255 2186 3429 2258 ’Υπὲρ
3482 2186 3662 2255 ἡμᾶς,

2076 2280 2329 2352 ὅτιπερὴ
2365 2278 2629 2352 σύλληψις
2685 2280 2746 2346 ἐξ
2786 2282 2943 2348 ἁγίου
2977 2281 3320 2352 Πνεύματος,
3372 2282 3507 2350 ἄτερ
3540 2295 3667 2333 συν·

2076 2373 2345 2444 δυασμοῦ.
2388 2376 2660 2444 σαρκικῆς
2715 2368 2875 2438 ἐκτὸς
2939 2374 3154 2443 ἡδονῆς,
3186 2373 3354 2445 χωρίς
3380 2387 3524 2436 τινος
3556 2373 3663 2441 ἑμ-

2077 2465 2287 2530 παθοῦς
2341 2466 2696 2537 ἑννοήματος,
2737 2467 2770 2537 ἡ
2816 2464 2912 2520 τοῦ
2967 2465 3223 2536 σώματος
3269 2463 3542 2533 σύμπηξις
3594 2464 3664 2515 ἐκ

2078 2558 2369 2625 πανάγνων
2389 2556 2638 2628 αἱμάτων
2667 2557 3039 2627 παρθενικῶν,
3091 2558 3124 2626 ἡ
3156 2555 3535 2627 τελεσιουργία
3559 2551 3662 2608 τοῦ

2081 2650 2364 2719 σχήματος
2411 2649 2476 2702 εκ
2526 2648 2748 2720 πρώτης
2798 2650 2976 2720 ἀρχῆς
3005 2649 3064 2714 ἐξ
3094 2648 3265 2717 αὐτῆς
3305 2648 3404 2718 τῆς
3457 2646 3667 2716 συλλή-

2076 2740 2226 2811 ψεως
2250 2755 2264 2770 °
2299 2739 2445 2793 οὕτω
2477 2740 2827 2814 γὰρέπρεπε
2856 2741 2935 2811 τῷ
2969 2740 3090 2812 δίχα
3137 2742 3368 2811 σπορᾶς.
3410 2742 3469 2793 ’0
3502 2738 3668 2802 τόκος

2072 2834 2208 2888 ἄνευ
2238 2832 2481 2897 ὠδίνων
2529 2831 2629 2903 τῂν
2659 2834 2761 2903 τῆς
2816 2833 3154 2904 γειναμένης
3210 2832 3513 2904 παρθενίαν
3558 2831 3668 2886 οὐκ

2079 2925 2409 2996 ἐλυμήνατο.
2431 2925 2737 2996 Μεμένηκε
2766 2925 2876 2997 γὰρ
2911 2926 3055 3000 αὕτη
3088 2927 3361 2998 παρθένος
3396 2928 3491 2980 καὶ
3519 2923 3669 2995 μετὰ

2081 3018 2259 3080 τόκον,
2283 3017 2473 3087 ὥσπερ
2499 3014 2571 3089 ,ἢν
2602 3020 2697 3071 καὶ
2727 3017 2834 3088 πρὸ
2862 3019 3022 3072 τόκου
3054 3020 3150 3072 καὶ
3171 3019 3280 3087 πρὸ
3316 3016 3667 3086 συλλήψεως,

398 3110 449 3153 et
487 3112 610 3155 ante
673 3102 1085 3171 conceptionem
1115 3140 1131 3165 .
1186 3115 1309 3172 qua:
1363 3112 1420 3156 et
1459 3115 1552 3173 per
1603 3108 1772 3153 totam
1808 3100 1971 3152 vitam

2082 3107 2112 3179 ἢ
2146 3107 2238 3161 καὶ
2267 3109 2356 3161 διὰ
2394 3107 2531 3179 βίου
2573 3106 2778 3170 παντὸς
2824 3107 3212 3178 ἀειπάρθενος,
3267 3106 3538 3179 ἄχραντός
3595 3119 3665 3156 τε

401 3205 618 3261 semper
666 3193 816 3263 \irgo
866 3194 970 3250 fuit
1021 3211 1265 3265 puraque
1297 3204 1351 3249 et
1394 3196 1767 3260 immaculata,
1810 3196 1976 3249 talem

401 3285 544 3336 enim
585 3284 825 3340 decebat
855 3301 975 3340 esse
1024 3286 1349 3356 quze'Deum
1382 3293 1617 3355 pareret.
1650 3286 1805 3341 Sicut
1836 3300 1932 3341 nos
1961 3301 1978 3344 :

398 3377 530 3446 quia
575 3392 777 3446 corpus
822 3379 888 3433 de
920 3379 1051 3432 limo
1082 3379 1384 3448 assumpsit
1416 3386 1467 3433 et
1499 3377 1857 3447 corruptibile
1912 3391 1979 3429 ex

398 3481 641 3539 quatuor
699 3472 1021 3541 compositis
1047 3472 1394 3535 humoribus,
1422 3470 1764 3524 -\'iViflC8lllti)
1799 3469 1980 3523 anima

406 3561 571 3627 trina,
598 3564 779 3617 calore
812 3563 1000 3618 innato
1025 3573 1080 3619 et
1098 3563 1440 3618 naturalibus
1465 3563 1676 3616 viribus
1709 3561 1977 3627 habitum,

405 3653 534 3708 fami
567 3664 619 3708 et
647 3654 735 3709 siti
762 3663 816 3709 et
850 3654 973 3713 aliis
1002 3653 1384 3709 innocentibus
1420 3652 1545 3707 vitae
1572 3651 1980 3706 inﬁrmitatibus

404 3748 735 3817 subjectum.
778 3746 964 3816 .Supra
998 3762 1135 3803 nos:
1168 3750 1295 3816 quia
1325 3762 1431 3802 non
1464 3762 1610 3801 mere
1647 3746 1810 3800 homo
1840 3752 1979 3810 erat,

401 3843 497 3898 sed
525 3842 690 3896 homo
719 3857 824 3895 una
851 3852 905 3897 et
954 3842 1118 3906 Deus,
1169 3856 1275 3896 non
1304 3841 1451 3896 enim
1486 3855 1517 3895 c
1545 3840 1654 3896 Deo
1683 3854 1982 3896 conversus

406 3935 462 3989 in
523 3936 800 4013 hominem
857 3950 1012 3991 suam
1050 3936 1483 3990 incarnationem
1554 3933 1819 4004 perfecit;
1885 3932 1982 3987 sed

405 4043 631 4084 manens
661 4027 802 4083 Deus
829 4031 970 4098 quoi
1005 4037 1146 4093 erat,
1167 4026 1358 4084 Tactus
1391 4038 1473 4083 est
1490 4027 1670 4082 homo
1700 4024 1847 4096 quod
1871 4040 1981 4080 non

404 4134 563 4186 erat;
620 4137 724 4175 non
761 4122 815 4175 in
868 4120 1109 4176 divinam
1158 4134 1408 4176 naturam
1442 4130 1657 4175 mutans
1688 4120 1980 4173 humanam

404 4230 569 4282 quam
599 4215 916 4284 assumpsit,
949 4217 1045 4270 sed
1081 4215 1131 4268 in
1166 4216 1401 4285 propriis
1432 4213 1695 4268 limitibus
1718 4222 1982 4267 constan-

407 4316 511 4361 tem
545 4310 683 4363 banc
713 4306 974 4363 deilicans
996 4323 1203 4362 summa
1242 4310 1442 4361 unione
1472 4326 1487 4357 .-
1517 4303 1982 4375 quemadmodum

2083 3201 2176 3254 καὶ
2224 3200 2582 3271 ἀκηλίδωτος.
2614 3197 2893 3268 Τοιαύτην
2937 3200 3044 3268 γὰρ
3085 3198 3329 3270 ἔπρεπεν
3376 3192 3517 3250 εἷναι
3555 3194 3664 3263 τὴν

2082 3290 2352 3345 τεκοῦσαν
2382 3289 2536 3344 Θεόν.
2578 3287 2720 3342 Καθ’
2759 3288 2902 3360 ἡμᾶς
2939 3288 3022 3341 ὅτι
3056 3288 3216 3358 σῶμα
3255 3286 3439 3358 χοῖκὸν
3467 3286 3672 3340 ἀνελά-

2090 3382 2214 3435 ϐετο
2249 3382 2342 3434 καὶ
2375 3380 2616 3450 φθαρτὸν
2652 3381 2717 3433 ἐκ
2760 3378 2869 3432 τῶν
2908 3378 3189 3447 τεσσάρων
3230 3376 3671 3447 συντεθειμένων

2082 3474 2297 3544 χυμῶν,
2330 3472 2475 3543 ψυχῇ
2498 3472 2755 3543 τριμερεῖ
2782 3468 3241 3542 ζωοποιούμενον,
3271 3471 3499 3542 ἐμφύτῳ
3537 3468 3674 3540 θερ-

2087 3565 2173 3636 μῷ
2207 3566 2304 3618 καὶ
2330 3563 2616 3633 δυνάμεσι
2651 3562 2912 3631 φυσικαῖς
2945 3560 3340 3628 διοικούμενον,
3370 3559 3535 3630 πείνῃ
3566 3562 3675 3614 καὶ

2081 3658 2229 3728 δίψῃ,
2260 3657 2352 3711 καὶ
2379 3656 2699 3719 tanaim;
2728 3656 3089 3727 ἀνεγκλήτοις
3118 3655 3218 3725 τῆς
3251 3653 3468 3724 φύσεως
3494 3654 3670 3709 ἀσθε-

2081 3752 2321 3819 νήμασιν
2387 3750 2771 3820 ὑποκείμενον.
2829 3748 3005 3820 Ὑπὲρ
3054 3748 3229 3819 ἡμᾶς,
3259 3747 3342 3800 ὅτι
3399 3746 3459 3799 ού
3504 3744 3672 3816 ψιλὸς

2083 3843 2369 3915 ἄνθρωπος
2398 3838 2489 3915 ἦν,
2522 3841 2638 3895 ἀλλ’
2664 3841 2948 3913 ἄνθρωπος
2966 3840 3105 3910 ὁμοῦ
3128 3841 3226 3894 καὶ
3254 3839 3390 3902 Θεός
3410 3855 3424 3870 ·
3458 3838 3520 3892 οὐ
3552 3843 3671 3906 γὰρ

2082 3937 2310 4007 τραπεὶς
2338 3937 2403 3989 ἐκ
2432 3935 2525 3989 τοῦ
2548 3931 2685 3988 εἶναι
2706 3934 2863 3999 Θεὸς,
2901 3934 2980 3997 είς
3007 3934 3067 3988 τὸ
3086 3933 3340 4003 γενέσθαι
3375 3933 3672 4004 ἄνθρωπος

2084 4032 2185 4101 τὴν
2218 4030 2428 4084 οἰκείαν
2460 4027 2882 4101 ὲνανθρὼπησιν
2935 4026 3271 4094 ιξετάλεσεν,
3296 4025 3436 4080 ἀλλὰ
3464 4024 3669 4095 μείνας

2084 4123 2216 4185 Θεὸς
2248 4124 2386 4193 ὅπερ
2417 4117 2506 4193 ἦν,
2539 4121 2764 4191 γέγονεν
2794 4120 3081 4191 ἄνθρωπος
3126 4120 3263 4190 ὅπερ
3295 4118 3398 4173 οὐκ
3426 4114 3519 4189 ἦν,
3558 4118 3671 4171 οὐκ

2084 4214 2164 4277 είς
2203 4213 2355 4268 θείαν
2386 4213 2560 4282 ⁴φύσιν
2588 4214 2688 4284 τὴν
2719 4210 3074 4283 ἀνθρωπίνην
3112 4210 3275 4280 φύσιν
3317 4207 3668 4279 μεταὸαλὼν,

2084 4307 2152 4379 ἢν
2187 4305 2575 4378 προσείληφεν,
2610 4304 2726 4357 ἀλλ’
2763 4305 2823 4358 ἐν
2872 4305 2986 4375 τοῖς
3032 4302 3265 4364 νοίκείοις
3296 4303 3447 4372 ὅροις
3474 4300 3671 4371 μείνα-

405 4399 550 4450 enim
573 4397 716 4451 ferro
742 4398 880 4467 ignis
905 4397 1112 4462 unitos,
1150 4396 1282 4449 iliud
1315 4409 1380 4451 ex
1407 4395 1555 4447 omni
1586 4402 1737 4464 parte
1758 4393 1978 4464 quidem

2088 4415 2206 4465 σαν,
2240 4396 2450 4458 θεὼσας
2476 4394 2651 4466 αὐτὴν
2684 4395 2773 4448 διὰ
2804 4394 2906 4464 τῆς
2934 4395 3115 4469 ἄκρας
3158 4392 3437 4457 ὲνὼσεως·
3470 4391 3672 4461 ὥσπερ

404 4488 760 4544 concalefacit
780 4499 1079 4544 nectamen
1100 4503 1128 4542 a
1154 4499 1344 4543 natura
1370 4487 1493 4542 ferri
1518 4496 1772 4554 separat;
1798 4486 1977 4555 ipsum

403 4581 563 4645 enim,
602 4590 655 4633 et
679 4589 799 4647 post
821 4580 1256 4643 calefactionem,
1285 4586 1467 4632 manet
1489 4576 1691 4631 ferrum
1721 4577 1981 4647 ignitum-

2087 4491 2199 4561 γὰρ
2238 4488 2315 4559 τῷ
2343 4488 2549 4559 σιδήρῳ
2590 4488 2650 4541 τὸ
2680 4486 2791 4559 πῦρ
2839 4486 3135 4557 ἑνούμενον
3175 4485 3376 4548 ὑλικῶς
3427 4484 3675 4553 Extirpa!

2090 4582 2190 4653 μὲν
2214 4579 2404 4644 αὑτὸν,
2429 4579 2602 4649 τῆςδὲ
2629 4578 2723 4632 τοῦ
2757 4579 2980 4649 σιδήρου
3002 4577 3231 4649 ,φύσεως
3264 4578 3365 4631 ούκ
3387 4575 3670 4643 ἐξίστησι,

404 4685 512 4740 que
535 4682 588 4726 et
621 4682 703 4726 est
736 4681 790 4726 et
822 4672 1062 4735 dicitur;
1097 4670 1289 4725 eodem
1324 4670 1483 4725 modo
1518 4668 1733 4724 mortali
1772 4677 1978 4721 natura:

2092 4676 2245 4747 μένει
2281 4675 2392 4746 γὰρ
2424 4670 2581 4737 οὗτος
2629 4672 2723 4727 καὶ
2753 4672 2897 4742 μετὰ
2921 4671 3021 4743 τὴν
3072 4672 3387 4737 ἐκπύρωσιν
3414 4670 3672 4740 σίδηρος,

406 4766 594 4819 nuittts
624 4763 716 4817 Dei
751 4763 922 4819 Filius
953 4773 1007 4817 ct
1041 4760 1277 4817 Verbum
1311 4773 1365 4816 et
1399 4761 1564 4821 Dens.
1595 4762 1735 4814 banc
1756 4756 1978 4826 quidem

2091 4769 2186 4822 καὶ
2206 4765 2605 4836 πεπυρωμένος
2634 4765 2852 4835 σίδηρός
2879 4763 3076 4817 ιστίτε
3102 4764 3194 4816 καὶ
3221 4760 3460 4830 λέγεται,
3483 4775 3679 4813 τοιου-

404 4856 678 4912 deilicavit
706 4871 851 4911 neca
882 4865 1026 4911 statu
1053 4856 1269 4909 mortali
1294 4853 1570 4924 separavit
1593 4869 1610 4919 ;
1630 4861 1814 4906 manet
1836 4852 1978 4905 enim

2082 4859 2360 4931 τοτρόπως
2399 4860 2470 4928 τῇ
2507 4856 2728 4928 βροτείᾳ
2761 4856 2922 4925 φύσει
2955 4859 2984 4910 ὸ
3025 4856 3163 4919 Υἱὸς
3217 4856 3313 4907 καὶ
3350 4853 3523 4919 Λόγος
3562 4849 3675 4904 τοῦ

400 4951 522 5021 ipsa
554 4949 801 5005 mortalis
829 4960 883 5006 et
912 4960 1034 5018 post
1067 4949 1469 5004 deitirationem
1522 4955 1742 5006 natura.
1776 4951 1985 4998 morta-

397 5044 591 5112 iisque.
609 5052 696 5098 est
726 5052 783 5099 et
810 5042 1011 5097 dicitur
1036 5040 1282 5097 dei‘ﬂcata
1316 5048 1535 5102 natura,
1575 5037 1824 5092 deitlcata
1855 5049 1985 5091 caro

405 5153 529 5191 cum
568 5138 767 5191 anima
836 5135 1134 5205 spirituali,
1186 5133 1499 5190 rationabili
1560 5131 1884 5202 volentequ
1931 5135 1988 5185 et

420 5240 691 5301 speranlc.

477 5327 615 5379 Cum
647 5330 830 5383 autem
871 5320 1118 5394 spurium
1147 5320 1218 5377 sit
1246 5328 1303 5376 et
1344 5328 1536 5377 contra
1576 5328 1825 5375 naturam
1856 5332 1986 5387 pec-

2080 4951 2218 5007 Θεοῦ
2251 4952 2347 5006 καί⁵
2397 4950 2530 5014 Θεὸς
2577 4949 2822 5014 ἑνωθεὶς,
2856 4950 3059 5004 team:
3113 4948 3216 5019 μὲν
3247 4947 3441 5016 αὐτ-ὴν.
3471 4944 3569 4999 τοῦ
3605 4944 3676 4998 δὲ

2087 5044 2337 5118 βροτείαν
2370 5040 2516 5112 εἶναι
2576 5043 2742 5115 φύσιν
2787 5043 2960 5115 αὐτὴν
2993 5043 3095 5097 ούκ
3143 5042 3434 5113 ιξάστησε.
3490 5041 3679 5096 Μένει

2093 5140 2204 5209 γὰρ
2230 5136 2388 5207 ,αὕτη
2417 5120 2640 5210 βροτεία
2674 5135 2836 5205 ῷύσις
2868 5137 2960 5190 καὶ
2994 5135 3135 5206 μετὰ
3172 5136 3276 5206 τὴν
3301 5135 3518 5189 θέωσιν.
3549 5133 3680 5189 Καὶ

2093 5229 2406 5301 uacuum;
2438 5229 2600 5299 φύσις
2635 5226 2855 5299 βροτεέα
2904 5227 2999 5282 καὶ
3031 5225 3253 5295 λέγεται
3284 5226 3379 5279 καὶ
3411 5223 3548 5288 ἔστι,
3578 5240 3679 5277 τε-
3707 5235 3715 5239 ‘

2080 5324 2336 5394 ,θεωμένη
2367 5321 2504 5392 σὰρξ
2536 5322 2676 5393 μετὰ
2719 5318 2902 5391 ψυχῆς
2954 5320 3168 5390 νοερᾶς,
3214 5316 3461 5388 λογικῆς,
3503 5316 3683 5387 θελη-

403 5429 612 5483 eatum,
637 5416 940 5471 forinsecus
965 5416 1019 5487 (a
1047 5413 1201 5482 loris)
1234 5412 1396 5469 enim
1429 5414 1613 5479 nobis,
1668 5411 1717 5466 si
1766 5410 1978 5482 quando

2084 5415 2262 5483 τικῆς,
2294 5417 2378 5467 ave
2389 5413 2680 5486 ργητικῆς.

407 5524 537 5567 non.
571 5509 856 5580 vigilemus
919 5506 1339 5579 (abstineamus)
1365 5547 1380 5569 ,
1424 5506 1763 5576 supervenit.
1795 5502 1901 5558 hoc
1932 5510 1978 5557 et

2154 5507 2310 5561 Ἐπεὶ
2332 5508 2393 5561 δὲ
2430 5506 2581 5561 νόθον
2625 5508 2660 5578 ἠ
2688 5505 2943 5578 ,ἁμαρτία
2983 5503 3077 5559 καὶ
3110 5503 3264 5574 παρὰ
3317 5501 3498 5572 φύσιν,
3535 5501 3684 5570 [ﬁui-

403 5603 605 5660 merito
662 5601 811 5657 Deus
858 5600 1094 5658 Verbum
1144 5618 1254 5657 non
1311 5600 1571 5666 admisit,
1619 5614 1743 5653 cum
1791 5612 1978 5653 rursus

2090 5599 2187 5653 θεν
2254 5600 2363 5673 γαρ
2404 5600 2547 5670 ἡμῖν
2605 5599 2736 5654 ὅταν
2923 5599 3187 5668 νήφωμεν
3236 5595 3623 5667 ἐπεισέρχεται
3656 5636 3680 5661 ,

405 5706 745 5767 assumptam
802 5705 1050 5750 naturam
1100 5704 1268 5751 totam
1322 5692 1639 5755 deificavit,
1686 5691 1975 5746 inaccessa

2089 5691 2296 5761 ταύτην
2345 5690 2569 5753 είκότως
2619 5692 2650 5744 ό
2709 5690 2842 5754 Θεὸς
2904 5689 3078 5757 Λόγος
3132 5689 3191 5742 ού
3272 5688 3680 5758 προσελάϐετο.

394 5790 545 5862 juste
568 5788 772 5846 utensit
794 5787 1063 5855 doilicata,
1083 5796 1137 5845 et
1165 5786 1484 5843 omnimodo
1511 5784 1713 5840 intacta
1732 5794 1976 5855 peccato.

2090 5785 2258 5842 Πάλιν
2314 5783 2436 5839 ἐπεὶ
2486 5781 2583 5855 τὴν
2642 5781 3083 5854 προσληφθεῖσαν
3131 5781 3291 5852 φύσιν
3333 5782 3463 5852 ὅλην
3499 5780 3677 5833 ἐθόω-
