3888 6478
268 441 380 510 δ”ι7

1309 449 1574 512 SERMO
1610 449 1712 510 AD
1754 449 2173 511 MONACHOS
2209 447 2424 510 SUOS.

3391 445 3394 448 ’
3439 439 3564 507 ίι98”
3589 469 3594 474 ·

269 555 533 626 Χριστοῦ,
573 553 838 626 μετέσχεν
889 557 983 609 ὑπ’
1043 553 1210 612 αὑτοῦ
1245 558 1341 612 τοῦ
1387 562 1562 628 Δὸγου
1607 561 1695 615 διὰ
1743 561 1846 630 τὴν

1983 559 2124 614 anda
2167 569 2289 622 est;
2346 566 2613 629 quantum
2671 565 2852 611 autem
2907 571 3011 610 non
3045 565 3162 610 erat
3215 569 3405 624 capax,
3439 573 3546 608 non

267 651 487 715 ἕνωσιν,
525 648 595 702 δι’
627 648 696 717 ῆν
745 649 842 703 καὶ
871 649 1070 704 σεπτόν
1113 651 1256 713 ἐστι,
1288 653 1383 705 καὶ
1438 654 1817 724 προσκυνητόν
1842 669 1857 682 ·

267 741 400 796 ὅσον
423 741 480 796 δέ
507 743 606 796 οὑκ
631 737 699 813 ἦν
719 741 970 797 δεκτικὸν
997 744 1058 798 οὑ
1091 745 1378 815 μετέσχεν,
1408 744 1495 800 ἵνα
1557 747 1860 801 κάντεῦθεν

267 835 330 888 τό
351 849 410 888 τε
437 834 692 906 διάφορον
718 835 826 890 τῶν
848 837 1065 906 φύσεων
1092 837 1185 890 τοῦ
1219 835 1480 908 Χριστοῦ,
1500 841 1562 894 τό
1587 857 1648 892 τε
1691 857 1860 910 μονα-

269 925 424 980 δικδν
453 929 547 982 τοῦ
585 929 882 998 προσώπου
915 930 1302 998 γινώσκωμεν.

345 1017 736 1088 Πρεσσεύομεν
769 1023 952 1076 τοίνυν
975 1024 1068 1076 ἐπὶ
1098 1020 1342 1095 Χριστοῦ
1384 1024 1515 1094 μίαν
1555 1023 1860 1080 ὑπόστασιν
1891 1051 1894 1054 ι

273 1109 564 1176 σύνθετον,
591 1113 652 1162 ἐκ
701 1111 796 1166 δύο
831 1114 1258 1186 συντεθειμὲνην
1309 1115 1562 1184 φύσεων,
1601 1117 1859 1187 θεότητος

271 1203 522 1273 θηλονύτί
581 1205 678 1258 καὶ
732 1206 1192 1277 ἁνθρωπότητυς,
1253 1208 1511 1278 ἀλλήλαις
1561 1211 1861 1280 ήνωμένων

273 1298 400 1352 κατ’
431 1298 602 1366 αὑτὴν
623 1298 721 1370 τὴν
753 1299 848 1353 τοῦ
877 1301 1054 1369 Λόγου
1079 1301 1401 1360 ὑπόστασιν.
1432 1303 1532 1358 Διὰ
1564 1306 1724 1359 τοῦτο
1749 1305 1860 1378 γὰρ

273 1390 372 1439 καὶ
405 1387 507 1458 τὴν
553 1390 818 1458 τοιαύτην
873 1389 1070 1444 ἕνωσιν
1105 1391 1230 1444 καθ’
1267 1393 1576 1448 ὑπόστασιν
1599 1395 1860 1464 λέγομεν,

274 1479 360 1532 ὅτι
392 1477 490 1548 μία
515 1479 814 1543 ὑπόστασις
849 1481 913 1534 ἐκ
949 1482 1060 1535 τῶν
1100 1483 1270 1551 τριῶν
1303 1485 1406 1553 τῆς
1439 1483 1700 1556 θεότητος
1729 1487 1862 1541 ὑπο-

277 1574 540 1636 στάσεων,
591 1575 712 1644 ἥτις
745 1578 894 1630 ἐστὶν
939 1577 973 1645 ή
1010 1577 1104 1630 τοὺ
1157 1573 1310 1640 Υίοῦ,
1348 1580 1448 1640 τὰς
1518 1579 1616 1634 δύο
1667 1579 1863 1650 φύσεις

277 1666 539 1735 ἀλλήλαις
571 1669 782 1740 ἥνωσεν
809 1670 1135 1739 ἁσυγχύτως
1183 1673 1242 1726 ἐν
1271 1674 1440 1744 ἐαυτῇ
1491 1691 1552 1727 τι
1601 1677 1696 1728 καὶ
1731 1675 1862 1729 καθ’

275 1758 474 1826 αὑτήν.
498 1761 573 1814 οὑ
595 1761 703 1830 γὰρ
743 1761 958 1831 ὑπέστη
986 1763 1112 1816 καθ’
1135 1764 1292 1828 αὐτὸ,
1333 1765 1440 1818 κᾶν
1465 1765 1773 1835 ἀκαριαίως
1803 1765 1863 1820 τὸ

275 1848 376 1903 τοῦ
415 1850 655 1917 Χριστοῦ
711 1850 1052 1920 ἀνθρώπινον
1109 1855 1186 1919 ὼς
1229 1855 1296 1908 ἂν
1351 1856 1652 1920 ὑπᾶστασις
1702 1856 1862 1911 τοῦτο

277 1939 513 2008 λέγοιτο.
563 1942 671 1996 Καὶ
711 1942 820 2012 γὰρ
849 1943 948 1996 οὑκ
993 1947 1160 2013 ἐχρῆν
1189 1961 1200 1976 ·
1244 1946 1296 1998 τί
1333 1947 1440 2013 γὰρ
1473 1943 1542 2016 ἦν
1573 1947 1632 2000 τὸ
1662 1947 1858 2018 κέρδος

279 2032 418 2100 ήμῐν
445 2032 506 2085 τὸ
542 2031 812 2104 θεωθῆναι
847 2036 976 2105 μίαν
1011 2039 1314 2091 ὑπόστασιν
1341 2057 1356 2104 ;
1386 2041 1524 2093 ἀλλὰ
1565 2042 1668 2111 τὴν
1697 2040 1859 2109 φύσιν

275 2125 310 2176 6
354 2124 490 2188 Θεὸς
537 2125 711 2193 Λόγος
767 2127 827 2180 ἐν
871 2127 1055 2200 ἐαυτῷ
1105 2129 1480 2198 προσελάδετο
1529 2133 1712 2184 πᾶσαν
1762 2130 1860 2199 τῆς

279 2218 722 2290 ἁνθρωπότητος,
755 2223 841 2276 ἵνα
875 2224 1057 2298 θεώσῃ
1099 2230 1306 2288 πάντας
1340 2228 1508 2296 ἡμᾶς.
1536 2229 1702 2280 Ὅθεν
1730 2230 1861 2298 μιᾶς

281 2309 640 2376 ὑποστάσεως
673 2315 1022 2386 κηρύττομεν
1055 2321 1146 2369 τὸν
1200 2319 1458 2386 Χριστὸν,
1501 2323 1598 2376 καὶ
1632 2320 1726 2374 δύο
1763 2321 1864 2389 φύ-

285 2420 428 2458 σεων
461 2407 758 2476 ήνωμένων
781 2409 1045 2477 ἀλλήλαις
1076 2413 1398 2482 ἀσυγχύτως
1428 2413 1626 2467 ἕνωσιν
1655 2413 1858 2484 ἄκραν,

281 2497 610 2566 ἀδιαιρέτων
643 2503 926 2569 μενουσῶν
956 2504 1177 2568 ὰῖδίως,
1236 2504 1299 2558 ἐκ
1351 2523 1410 2558 τε
1467 2507 1715 2576 ἀλλήλων
1767 2508 1863 2561 καὶ

280 2592 386 2660 τῆς
415 2593 768 2658 ὑποστάσεως
797 2595 920 2649 καθ’
955 2599 1022 2668 ήν
1065 2599 1330 2670 ήνωνται.
1379 2601 1502 2653 Τῶν
1556 2601 1620 2654 δέ
1646 2601 1864 2670 φύσεων

281 2689 531 2757 ἐχουσῶν
569 2691 632 2744 τὸ
679 2691 988 2763 ἀσύγχυτον
1039 2697 1136 2750 καὶ
1181 2697 1252 2750 τὰ
1304 2699 1580 2766 προσόντα
1631 2699 1862 2764 ταύταις

280 2777 592 2847 ἁσύγχυτα,
623 2783 726 2845 τὰς
783 2783 1032 2853 θελήλσεις
1068 2787 1162 2841 καὶ
1195 2787 1294 2849 τὰς
1357 2791 1656 2858 ἐνεργείας
1696 2792 1864 2863 φημί.

281 2872 455 2925 Μένει
491 2872 624 2940 γοῦν
649 2876 682 2944 ή
711 2875 867 2946 θεῖκὴ
900 2875 1120 2948 θέλησις
1149 2879 1324 2945 θεῖκὴ,
1359 2885 1454 2935 καὶ
1479 2887 1511 2952 ή
1538 2885 1636 2937 ἀνθ
1647 2886 1876 2958 ρωπική

284 2964 456 3018 πάλιν
483 2965 833 3040 avem-mat],
866 2970 1008 3041 πλὴν
1035 2971 1352 3043 τεθεωμένη
1391 2975 1479 3028 διὰ
1502 2976 1602 3044 τὴν
1644 2977 1872 3036 ἕνωσιν,

283 3056 474 3110 Τοῦτο.
517 3061 622 3112 κάν
648 3062 768 3123 ταῖς
815 3063 1128 3131 ἐνεργείαις
1172 3063 1526 3130 γιιιώσκεται.
1553 3067 1657 3120 Δύο
1685 3069 1867 3124 τοίνυν

283 3149 540 3221 Θελήσεις
588 3155 645 3205 ἐν
691 3153 767 3222 τῷ
809 3157 1054 3228 Χριστῳ.
1087 3157 1274 3211 Θέλων
1306 3160 1363 3214 δέ
1402 3165 1498 3216 καὶ
1543 3162 1666 3216 κατ’
1697 3162 1866 3234 ἄμφω

1963 652 2325 724 participavit,
2360 659 2420 706 u't
2439 650 2634 706 eximie
2684 665 2900 720 quoque
2921 649 3279 705 diﬁ'ereuliam
3323 658 3550 703 natura-

1971 763 2094 804 rum
2136 746 2514 816 unitatemque
2584 759 2831 815 persona:
2883 756 3298 817 cognoscamus.

2033 1027 2378 1084 veneramur
2412 1027 2579 1096 igitur
2626 1025 2690 1080 in~
2728 1023 2950 1080 Christo
2989 1039 3154 1080 unam
3211 1024 3562 1096 hypostasim‘

1965 1119 2357 1190 compositam,
2390 1117 2605 1172 duobus
2633 1116 2990 1187 compositam
3054 1117 3287 1181 naturis,
3346 1119 3549 1172 divini-

1965 1221 2073 1268 tate
2123 1211 2792 1268 scilicet'et'hnmanltate
2840 1210 2946 1266 sibi
2995 1211 3228 1266 invicem
3267 1211 3434 1267 unitis
3456 1226 3549 1268 se-

1962 1307 2205 1362 cundum
2251 1306 2425 1376 ipsam
2462 1304 2626 1360 Verbi
2675 1305 3043 1376 byposlasim;
3083 1306 3204 1360 ideo
3231 1305 3373 1361 enim
3406 1304 3550 1359 hanc

1964 1400 2224 1455 unionem
2259 1401 2499 1456 dicimus
2531 1399 2835 1455 secundum
2873 1399 3243 1468 hyposutsitn,
3270 1397 3397 1466 quia
3441 1413 3549 1452 una

1963 1493 2299 1566 hypostasis,
2335 1494 2477 1549 inter
2512 1501 2624 1550 tres
2676 1493 2988 1548 divinitatis
3050 1493 3397 1564 hypostases,
3427 1507 3551 1562 quae

1963 1596 2050 1643 est
2083 1587 2398 1660 hypostasls
2427 1586 2577 1653 Filii,
2617 1587 2756 1641 duas
2785 1596 3011 1641 naturas
3039 1586 3181 1639 inter
3226 1601 3284 1640 se
3317 1587 3547 1639 invicem

1965 1681 2142 1736 univit
2173 1681 2466 1736 inconfuse
2515 1681 2570 1735 in
2622 1682 2824 1751 seipsa.
2870 1692 2924 1736 et
2981 1679 3284 1737 secundum
3317 1681 3489 1749 ipsam
3532 1694 3546 1745 ;

1969 1789 2076 1829 non
2131 1771 2277 1827 enim
2312 1772 2557 1827 substitit
2594 1772 2902 1828 secundum
2960 1786 3040 1833 se,
3077 1769 3174 1825 vel'
3217 1785 3385 1824 unum
3435 1783 3553 1822 mo-

1971 1874 2236 1930 mentum,
2266 1867 2585 1920 humanitas
2617 1864 2846 1930 Christi,
2881 1864 2954 1918 ita
2997 1873 3055 1918 ut
3088 1863 3180 1917 illa
3237 1861 3551 1933 lt’ypostasis

1971 1960 2274 2022 diceretur,
2302 1970 2356 2012 et
2384 1974 2574 2013 revera
2611 1973 2718 2013 non
2765 1957 3076 2024 oportebat.
3106 1954 3246 2022 Quid
3272 1955 3418 2009 enim
3471 1955 3554 2008 lu-

1972 2058 2050 2110 cri
2083 2055 2242 2108 nobis
2274 2055 2321 2108 si
2349 2054 2601 2108 deiﬁcata
2662 2052 2852 2107 luisset
2894 2066 3000 2105 una
3054 2048 3414 2122 hypostasis?
3445 2047 3575 2104 Sed“

1975 2153 2120 2205 Deus
2153 2147 2395 2203 Verbum
2424 2149 2478 2202 in
2506 2147 2691 2216 seipso
2727 2143 3028 2214 assumpsit
3082 2151 3252 2196 totam
3296 2151 3568 2196 naturam‘

1975 2244 2332 2296 humanitatis
2374 2252 2432 2294 ut
2468 2255 2570 2294 nos
2621 2254 2818 2294 omnes
2861 2237 3166 2302 deilicarel,
3206 2233 3350 2289 unde
3389 2233 3553 2288 unius

1965 2335 2333 2406 ,hypostaseos
2371 2347 2490 2387 esse
2510 2331 2788 2388 Christum
2819 2328 3205 2399 prtedieamus.
3237 2335 3292 2380 et
3318 2323 3552 2379 duarum

1972 2435 2296 2480 naturarum
2340 2423 2482 2478 inter
2529 2436 2588 2478 se
2619 2435 2834 2476 summa
2868 2419 3074 2474 unione
3129 2417 3407 2472 unitarum
3463 2415 3554 2468 iu-

1971 2517 2218 2582 confuse,
2261 2517 2314 2572 in
2356 2524 2733 2584 aeternumque
2795 2510 3133 2568 manentium
3198 2507 3551 2563 indivisarum

1973 2611 2041 2664 ab
2075 2609 2308 2664 invicem
2351 2615 2512 2676 atque
2541 2603 2820 2678 hypustasi
2851 2601 3149 2659 secundum
3169 2613 3331 2669 quam
3351 2595 3556 2652 uniun-

1975 2713 2085 2758 tur.
2117 2702 2337 2757 Naturis
2383 2715 2512 2754 vero
2567 2698 2902 2754 habentibus
2928 2711 3052 2750 esse
3098 2691 3446 2749 inconl‘usas.
3501 2698 3558 2742 et

1975 2795 2267 2851 incottl'usa
2329 2803 2463 2849 sunt
2514 2807 2636 2863 quae
2689 2792 2772 2848 eis
2827 2789 3164 2846 conveniunt
3202 2802 3216 2838 :
3249 2785 3558 2841 voluntates

1976 2889 2100 2944 dico
2129 2898 2184 2943 et
2211 2889 2565 2958 operationes
2607 2902 2622 2941 :
2654 2895 2838 2938 manet
2871 2884 3036 2952 igitur
3078 2881 3261 2935 divina
3303 2877 3557 2933 voluntas

1975 2979 2188 3044 divina,
2223 2988 2276 3036 et
2322 2993 2524 3034 rursus
2559 2977 2800 3032 humana
2843 2975 3104 3037 humana,
3152 2980 3378 3040 excepto
3410 2966 3555 3035 qnml

1975 3086 2029 3130 ct
2069 3090 2167 3143 per
2204 3073 2461 3127 unionem
2497 3071 2747 3125 deilicata
2783 3067 2872 3132 sit,
2897 3064 3112 3135 quodet
3141 3059 3558 3132 operationibus

1977 3168 2358 3236 cognoscitur.
2399 3166 2518 3219 Duo
2549 3173 2681 3226 sunt
2737 3162 2904 3230 igitur
2953 3159 3006 3212 i-n
3040 3157 3268 3212 Christo
3297 3152 3555 3208 volttnla-

281 3240 388 3339 τας
419 3241 702 3311 ἐθελήσειεν
719 3245 854 3297 κατ’
880 3247 1048 3316 ἄμφω
1074 3264 1134 3302 τε
1160 3251 1254 3310 τὰς
1281 3251 1567 3319 ἐνεργείας
1603 3253 1869 3323 ἐνεργῶν,

1981 3271 2083 3313 tes.
2125 3256 2326 3311 Vuleus
2359 3263 2540 3310 autem
2569 3251 2868 3308 secundum
2898 3252 3036 3303 duas
3069 3245 3406 3306 voluntates,
3430 3257 3558 3311 ope-

283 3327 370 3394 εἷς
413 3335 442 3386 6
475 3336 656 3398 αὐτὸς
688 3339 716 3389 6
763 3337 1155 3408 θεάνθρωπος,
1212 3341 1286 3410 μὴ
1342 3343 1734 3414 διαιρούμενος
1789 3349 1871 3409 είς

283 3424 422 3480 Θεὸν
450 3426 653 3490 ιδικῶς.
698 3431 794 3482 καὶ
816 3433 896 3491 είς
927 3431 1216 3502 ἄνθρωπον
1242 3435 1454 3498 ίδικώς,
1487 3435 1602 3488 ἀλλ’
1628 3431 1708 3499 εἷς
1732 3439 1873 3506 ἁμε-

289 3519 492 3588 ρίστως
526 3521 790 3590 ὑπάρχων
813 3524 947 3586 Θεὸς
975 3527 1068 3578 καὶ
1095 3525 1384 3597 ἄνθρωπος
1406 3529 1434 3580 6
1455 3529 1639 3594 αὑτδς,
1670 3531 1874 3584 ταυτὸν

283 3611 336 3666 δ’
363 3614 536 3664 εἰπεῖν
564 3611 696 3675 Θεὸς
725 3615 819 3666 καὶ
845 3609 1004 3686 ⁵ἀνήρ
1026 3631 1040 3648 ο
1073 3617 1200 3670 ὅθεν
1233 3617 1562 3690 θεανδρικὴν
1590 3621 1875 3690 ἐνέργειαν

285 3707 322 3757 6
380 3705 552 3759 είπῶν
611 3707 674 3758 οὑ
745 3706 1014 3777 σύγχυσιν
1075 3713 1198 3775 ταῖς
1253 3715 1514 3781 φυσικοῖς
1572 3713 1874 3784 ἐνεργείαις

287 3799 782 3866 είσήγαγεν,ἁλλὰ
813 3803 914 3866 τὴν
974 3805 1053 3863 είς
1098 3803 1268 3873 ἄκρον
1296 3803 1480 3857 αὑτῶν
1526 3807 1876 3875 παρέστησεν

289 3891 490 3943 ἕνωσιν
521 3892 616 3946 καὶ
653 3893 715 3946 τὸ
733 3894 1038 3949 τεθεῶσθαι
1067 3897 1544 3967 τὴνιὰνθρωπίνην
1571 3900 1874 3970 ἐνέργειαν.

291 3981 510 4051 Ὠσπερ
539 3983 650 4053 γὰρ
682 3986 739 4037 ἐν
777 3985 1000 4055 Χριστῷ
1035 3987 1122 4040 διὰ
1149 3987 1250 4057 τῆς
1293 3987 1541 4051 ἐνώσεως
1581 3989 1614 4060 ή
1665 3989 1879 4061 ἀνθρω-

293 4075 426 4143 πίνη
467 4075 702 4128 τεθέωτο
737 4075 922 4144 φύσις,
955 4077 1100 4130 οὕτω
1130 4077 1196 4148 δὴ
1226 4080 1322 4132 καὶ
1356 4079 1389 4150 ή
1423 4079 1648 4150 θέλησις
1686 4095 1878 4133 συντε-

293 4167 470 4220 Θέωτο
497 4170 592 4220 καὶ
622 4169 656 4236 ή
690 4169 964 4239 ἐνέργεια.
999 4169 1090 4223 sit
1120 4173 1217 4224 καὶ
1253 4171 1754 4242 τερατουργοὼτος
1784 4175 1881 4227 αὑ-

289 4260 390 4312 τοῦ
423 4262 538 4322 τοῖς
575 4259 778 4325 θεῖκοῖς
822 4264 1160 4330 ἐνεργήμασι
1212 4265 1281 4317 τὰ
1334 4265 1664 4334 ἀνθρωπικὰ
1720 4283 1880 4320 συνε-

293 4351 580 4418 ζεύγνυτο,
599 4354 708 4404 κάκ
737 4352 848 4405 τῶν
871 4351 1238 4422 ἀνθρωπικῶν
1270 4355 1692 4424 ἐνεργημάτων,
1719 4355 1892 4423 λόγου-

291 4445 542 4512 δηλονότι
569 4447 663 4497 καὶ
693 4444 838 4514 ἁφῆς
881 4447 972 4497 καὶ
1009 4445 1122 4498 τῶν
1156 4447 1515 4512 τοιούτων,.αί
1559 4446 1883 4517 θεοσημεῖαι

293 4539 652 4604 προέὃαινοψ
687 4539 944 4608 καθάπερ
975 4537 1198 4608 σιδήρου
1222 4540 1496 4609 τμητικοὺ
1529 4539 1882 4610 ’κυρωθέντος

213 4715 216 4718 ’
300 4723 442 4791 μετὰ
471 4727 569 4792 τῆς
601 4723 850 4786 καύσεως
885 4721 1130 4791 γίνεται,
1154 4725 1250 4776 καὶ
1274 4726 1307 4794 ή
1339 4723 1538 4787 καῦσις
1575 4725 1894 4794 ἀχώριστός..

297 4817 422 4868 ἐστι
448 4815 547 4883 τῆς
578 4814 754 4883 τομῆς
785 4815 879 4868 καὶ
914 4815 952 4886 ή
979 4815 1090 4868 τῶν
1138 4815 1232 4868 δύο
1281 4815 1576 4885 ἐνεργειῶν
1607 4815 1890 4887 συνδρομὴ

295 4906 362 4959 τὸ
385 4909 588 4960 ἐνιαῐον
614 4907 857 4978 είσφέρει
883 4909 1114 4972 ταύταις
1127 4909 1191 4962 οὑ
1213 4911 1358 4963 κατὰ
1385 4910 1570 4978 φύσιν,
1596 4910 1740 4963 ἀλλὰ·
1761 4910 1887 4962 καθ’

293 4999 520 5052 ἕνωσιν.
568 4995 632 5052 Ὀ
659 4999 842 5052 τοίνυν
891 4999 1220 5071 θεανδρ.κὴν
1252 5001 1433 5070 φήσας
1475 5000 1761 5068 ἐνέργειαν
1799 5002 1890 5054 διὰ

303 5095 406 5164 μὲν
428 5093 530 5174 τῆς
562 5094 750 5163 ἐνικῆς
802 5096 1090 5164 προφορᾶς
1137 5095 1198 5147 τὸ
1230 5095 1328 5158 τὰς
1372 5094 1466 5148 δύο
1504 5095 1784 5165 ἐνεργείας
1829 5095 1888 5149 ἐν

301 5185 448 5241 εἶναι
479 5191 547 5258 τῇ
588 5189 906 5240 συλνελεύσει
957 5189 1053 5241 καὶ
1107 5189 1181 5259 μὴ
1235 5189 1622 5259 διακεκρίσθαι
1679 5188 1886 5252 ταύτας

303 5281 715 5350 πραγματικῶς
770 5280 864 5334 ἀπ’
903 5280 1152 5350 ἀλλήλων
1201 5281 1544 5350 δεδήλωκενο
1589 5283 1646 5332 ἐν
1701 5279 1757 5332 δὲ
1811 5279 1889 5349 τῷ

283 5375 484 5426 ἐἰπεῖν
516 5373 880 5444 θιανδρικὴν,
907 5373 1060 5426 θείαν
1091 5373 1336 5444 δηλονότι
1387 5372 1481 5426 καὶ
1513 5371 1796 5442 ἀνδρικὴν,
1829 5373 1890 5424 τὸ

300 5467 414 5520 τῶν
465 5467 760 5536 ἐνεργεῶν
805 5469 873 5538 τῇ
929 5467 1088 5537 φύσει
1145 5467 1402 5537 διάφορον
1451 5467 1548 5519 καὶ
1600 5466 1738 5536 μετά
1790 5466 1889 5531 τὴν

301 5556 500 5609 ἐνωσιν
527 5555 751 5623 ἔδειξεν.
799 5557 1012 5621 Ἀλλως
1051 5557 1108 5611 δὲ
1143 5559 1238 5611 δύο
1289 5557 1413 5610 τινὰ.
1453 5557 1748 5626 δηλοῦντος
1791 5555 1888 5609 τοῦ

303 5645 406 5712 τῆς
443 5647 722 5717 ἐνεργείας
750 5647 1042 5718 ὀνόματος,
1075 5647 1330 5720 ἐνέργεια
1361 5647 1468 5717 γὰρ
1499 5649 1705 5715 φυσική
1741 5648 1888 5700 ἐστιν

307 5740 339 5806 ἡ
371 5741 470 5802 τῆς
505 5739 828 5809 ἐνοικούσης
873 5743 938 5811 τῇ
973 5740 1134 5810 φύσει
1183 5739 1470 5810 δυνάμεως
1508 5737 1776 5810 πρόϐασις
1809 5739 1890 5801 εἰς

314 5832 481 5899 ἔργου
525 5831 668 5894 τινθς
716 5831 1095 5903 ἐκπλήρωσιν,
1141 5833 1210 5904 ﬁt
1241 5850 1263 5896 ;
1309 5833 1364 5885 ὲν
1397 5829 1472 5901 τῷ
1503 5831 1743 5901 ἐνεργεῖν
1777 5829 1888 5900 ἔχει

315 5926 376 5976 τὸ
429 5920 592 5992 εἶναι,
629 5924 876 5998 καθὼςή
919 5925 1146 5998 δύναμις
1200 5930 1254 5980 ἐν
1307 5927 1381 5997 τῷ
1441 5923 1741 5995 πεφνκὲ-αι
1793 5927 1888 5978 καὶ

1979 3367 2110 3406 rans
2141 3351 2444 3404 set‘undum
2490 3347 2630 3402 duas
2679 3346 3054 3416 operationrs.
3089 3341 3241 3396 Unus
3293 3337 3438 3392 idem
3473 3346 3559 3390 cst

1979 3441 2127 3497 Deus
2160 3443 2349 3502 homo,
2389 3454 2499 3492 non
2533 3437 2748 3492 divisus
2775 3436 2830 3489 in
2855 3435 2963 3489 lieo
3000 3431 3220 3501 proprie
3259 3439 3312 3484 et
3341 3428 3563 3483 homine

1977 3535 2218 3604 preprie,
2262 3531 2360 3588 sed
2395 3546 2536 3585 unus
2571 3530 2740 3584 modo
2777 3525 3101 3582 indivisihili
3139 3525 3280 3578 Deus
3313 3533 3365 3575 et
3397 3522 3502 3576 ίιοιι
3525 3536 3560 3572 o

1957 3627 2124 3681 idem
2162 3635 2270 3692 est,
2309 3625 2436 3679 aliis
2491 3623 2696 3686 verbis,
2749 3623 2890 3675 Deus
2951 3631 3003 3674 et
3037 3620 3140 3672 vir.
3179 3617 3332 3672 [inde
3371 3614 3563 3668 divino

1981 3719 2192 3772 virilem
2229 3715 2606 3785 operatiOnem
2659 3715 2870 3778 dicens,
2923 3727 3030 3765 non
3069 3709 3448 3764 confusionem
3507 3707 3560 3757 in

1980 3805 2264 3860 naturales
2295 3804 2648 3876 operationes
2671 3803 2912 3865 induxit,
2939 3803 3034 3856 sed
3055 3815 3245 3855 earum
3275 3800 3328 3851 in
3347 3813 3562 3850 sumunt

1984 3900 2246 3954 unionem
2311 3898 2620 3968 proposuit,
2670 3905 2724 3950 et
2763 3893 3166 3949 deilicatiouem
3229 3889 3566 3960 operationis

1983 3992 2257 4047 humana}.
2322 3988 2796 4056 Quemadmodum
2861 3985 3008 4038 enim
3063 3984 3114 4035 in
3171 3981 3414 4042 Christo,
3471 3994 3566 4048 per

1984 4083 2242 4138 unionem
2280 4081 2530 4136 deiiicata
2567 4089 2650 4134 est
2685 4080 2921 4132 humana
2971 4086 3190 4138 natura,
3245 4076 3317 4128 ita
3351 4087 3484 4128 sane
3513 4082 3568 4124 et

1985 4175 2242 4231 voluntas
2273 4189 2380 4228 una
2437 4171 2694 4229 tleilicata
2756 4170 2880 4235 fuit,
2923 4180 2974 4224 et
2999 4169 3248 4238 operatio
3274 4178 3308 4235 ;-
3331 4166 3568 4233 ideoque

1983 4278 2040 4326 et
2077 4268 2342 4323 miracula
2378 4267 2550 4322 edens
2588 4263 2864 4326 Christus,
2923 4263 3123 4317 divinis
3153 4259 3568 4330 Operationihus

1987 4361 2258 4416 humanas
2299 4359 2690 4428 coniungebat,
2724 4365 2774 4410 et
2815 4371 2882 4409 ex
2940 4354 3197 4409 humanis
3223 4350 3568 4421 operationi-

1986 4451 2094 4506 bus
2123 4449 2285 4504 V-erbi
2321 4449 2623 4508 evidenter,
2674 4455 2931 4512 tat-tuque
2973 4451 3025 4498 et
3062 4443 3188 4497 aliis
3231 4439 3566 4511 huiusmodi.

1991 4539 2088 4594 Dei
2123 4537 2604 4593 tnauilestationes
2641 4535 2938 4606 prodibant
2973 4551 2992 4588 ι
3023 4529 3300 4605 quomodo
3360 4529 3564 4584 lerrum

193 4629 246 4703 ‘Il
295 4633 396 4683 καὶ
439 4631 732 4698 τὲμποντος
763 4633 860 4684 καὶ
887 4631 1138 4694 καίοντος
1167 4632 1226 4683 ἐν
1253 4631 1459 4697 ταυτιῖ),
1503 4632 1597 4685 καὶ
1644 4633 1677 4703 ὴ
1737 4633 1873 4702 tropi

1993 4639 2211 4686 acutum
2264 4629 2600 4695 ardensque,
2659 4637 2713 4681 et
2763 4635 2916 4680 secat
2943 4635 3022 4693 ,et-
3044 4625 3150 4677 urit
3213 4623 3380 4684 idem,
3409 4629 3464 4674 et
3511 4621 3568 4671 lit.

1996 4739 2125 4779 cum
2165 4723 2385 4777 ustione
2413 4720 2588 4776 sectio
2619 4726 2672 4772 et
2705 4717 2851 4772 ustio
2886 4713 3274 4784 inseparabilis
3301 4719 3383 4766 est
3415 4725 3442 4764 a
3477 4725 3568 4770 se-

1993 4818 2199 4877 ctione,
2229 4824 2284 4870 et
2309 4814 2540 4868 duarum
2568 4811 2947 4880 operationutn
2981 4822 3283 4861 concursus
3302 4805 3566 4858 unitatem

1993 4911 2079 4964 his
2107 4909 2340 4965 inducit.
2365 4923 2474 4960 non
2510 4905 2810 4960 secundum
2837 4910 3114 4966 naturam,
3146 4900 3248 4954 sed—
3267 4897 3567 4953 secundum

1995 5003 2280 5056 unionem.
2319 4997 2421 5065 Qui
2458 4996 2784 5064 igiturdixit
2819 4994 3005 5049 divino
3057 4990 3264 5043 virilem
3296 4986 3570 5055 operatio-

1991 5109 2140 5154 ncnt,
2171 5092 2328 5145 unica
2361 5089 2738 5144 enuntiatione
2763 5083 3006 5142 ostendit
3048 5083 3188 5137 duas
3217 5081 3568 5150 operatioues

1991 5199 2160 5238 unum
2189 5182 2321 5254 quid
2345 5195 2468 5236 esse
2497 5195 2790 5242 concursu,
2825 5193 2924 5232 nec
2977 5177 3030 5229 in
3077 5193 3132 5229 re
3181 5173 3303 5228 illas
3331 5172 3398 5226 ab
3431 5173 3572 5226 invi-

1993 5291 2112 5332 cem
2175 5273 2572 5334 discrituinuri.
2612 5273 2703 5326 sed
2761 5272 2888 5340 quia
2927 5271 3061 5323 dixit
3109 5267 3296 5321 divino
3331 5265 3567 5326 virilem,

1990 5366 2230 5420 divinam
2263 5365 2474 5417 scilicet
2506 5373 2556 5417 et
2587 5362 2824 5424 virilem,
2854 5362 3236 5426 opt-rationum
3261 5355 3568 5409 naturalem

1991 5456 2351 5513 dilierentiam
2382 5455 2462 5509 vel
2495 5463 2617 5523 post
2653 5455 2910 5508 unionem
2937 5452 3198 5506 ostendit.
3228 5450 3406 5502 Aliter
3441 5463 3569 5502 vett.)

1991 5551 2099 5606 duo
2131 5549 2383 5619 quaedam
2413 5546 2691 5602 indicante
2727 5546 3064 5615 operationis
3097 5543 3338 5604 nomine,
3375 5556 3570 5610 opera-

1991 5645 2068 5698 tio
2092 5645 2238 5697 enim
2273 5640 2560 5704 naturalis,
2603 5648 2687 5694 est
2715 5649 2926 5692 natura:
2961 5635 3280 5690 inhtcrentis
3313 5633 3570 5701 putentia:

1995 5734 2276 5806 processio
2309 5729 2378 5786 ad
2418 5730 2654 5800 alicujus
2695 5731 2884 5800 operis
2921 5727 3314 5796 impletioucm,
3347 5737 3469 5792 qua
3511 5725 3568 5778 itt

1991 5825 2328 5897 operantium
2369 5825 2532 5878 habet
2579 5839 2724 5884 esse,
2761 5823 2903 5877 sicut
2955 5820 3196 5890 putentia
3234 5819 3393 5872 habet
3447 5830 3570 5871 esse

1995 5922 2046 5975 in
2083 5935 2148 5974 eo
2181 5919 2322 5989 quod
2359 5919 2423 5970 sit
2461 5935 2484 5969 ιι
2537 5925 2726 5970 natura
2766 5925 2818 5969 ct
2879 5915 3072 5983 possit,
3127 5911 3327 5968 dicitur
3377 5925 3571 5966 rursus
