3876 6364
445 345 555 414 603

443 462 783 538 bypostasim
807 474 1068 537 perpetuo
1089 466 1364 544 Christus.
1385 467 1600 528 Nomen
1627 474 1848 544 quidem
1878 475 2021 534 Deus
2046 482 2099 544 Α

445 556 580 621 Θεὸς
609 556 817 612 indicat
855 559 1076 628 quidem
1133 561 1284 630 quod
1343 563 1559 633 agendi,
1597 566 1743 634 quod
1801 568 2024 624 creandi

444 663 620 721 capax
649 659 732 705 est
762 663 783 719 ;
822 650 1022 706 fecisse
1051 652 1195 706 enim
1220 661 1305 708 est
1362 656 1608 724 posuisse
1635 656 1810 712 θεῖναι
1847 670 1898 715 ει
1929 662 2024 731 qui

447 744 579 801 fecit
603 752 688 799 est
713 745 807 815 qui
861 747 1045 817 posuit
1113 747 1249 814 θείς,
1284 750 1758 808 evidentissimum
1808 770 2025 825 quoque

446 840 691 907 estquod
722 855 987 909 proponat
1017 843 1388 911 operationem
1414 845 1806 914 (spectantem)
1836 848 2020 903 θεατι-

448 931 555 998 κῆς
581 932 710 1003 (qua
741 943 1037 1001 spectetur;
1060 940 1360 1004 spectando
1394 939 1668 994 idoneam.
1703 940 1837 995 Nam
1871 942 2021 1011 ipso-

448 1039 571 1079 rum
600 1041 720 1091 qua:
749 1027 989 1080 nondum
1026 1027 1164 1081 facta
1205 1040 1334 1084 sum
1363 1032 1521 1100 quasi
1585 1033 1688 1087 sub
1743 1033 1916 1088 oculis
1946 1034 2030 1102 ja-

1618 358 2044 426 NICEP'HOM
2087 363 2526 431 ΒιΕΜΜιΜι

3591 370 3685 438 θοι

2127 481 2448 552 ποιητικὸν,
2485 481 2583 534 καὶ
2638 480 2699 534 τὸ
2763 478 3182 552 δημιουργικδν,
3245 480 3422 534 θεῖναι
3480 483 3587 549 γὰρ
3635 489 3686 540 τι

2135 574 2384 640 ποιῆσαι,
2433 574 2526 628 καὶ
2581 574 2695 630 θεὶς
2737 576 2765 626 6
2801 576 3056 642 ποιήσας.
3097 575 3487 644 ἀριδηλότερον
3518 578 3572 629 δὲ
3600 580 3686 648 τῆς

2135 664 2397 733 θεατικῆς
2437 665 2722 735 ἐνεργείας
2764 666 2883 718 ἐστὶ
2911 668 3347 736 παραστατικόν.
3381 667 3494 721 Καὶ
3525 669 3688 724 αὐτῶν

2131 757 2240 827 γὰρ
2271 757 2383 809 τῶν
2439 759 2605 826 μήπω
2663 756 2974 824 γενομένων
3019 758 3093 820 ὼς
3126 756 3221 810 ὑπ’
3251 758 3376 826 ὄψιν
3436 761 3688 827 κειμέγων

2133 847 2333 916 θεατής
2383 851 2531 901 ἐστιν
2570 847 2597 898 ὁ
2629 847 2784 909 Θεὸς,
2819 848 3016 917 ἔφορος
3065 863 3126 900 τε
3178 849 3292 901 τῶν
3322 849 3459 902 ὅλων
3491 851 3692 916 ἁπαξα-

2131 941 2304 1006 πλῶςω
2370 941 2595 994 Πάντων
2652 940 2710 993 δὲ
2762 941 2873 993 τῶν
2926 942 3210 1010 ὀνομάτων
3246 944 3579 1012 οἰκειότερον
3620 947 3689 1013 τῷ

2127 1031 2356 1102 ἀνάρχῳ
2399 1033 2497 1086 καὶ
2529 1033 2744 1103 ἀπείρῳ
2773 1035 2870 1085 καὶ
2908 1036 3240 1102 παραγωγεῖ
3292 1035 3399 1086 τῶν
3449 1035 3580 1088 ποτὲ
3629 1037 3694 1107 μὴ

451 1118 693 1172 centium
727 1126 1007 1186 spectator
1035 1129 1122 1174 est
1157 1119 1322 1186 Deus,
1359 1135 1408 1177 et
1452 1123 1728 1192 inspector
1779 1124 2024 1178 omnium

2136 1125 2300 1178 Βντων
2347 1124 2406 1177 τὸ
2434 1123 2509 1176 ὧν
2536 1141 2549 1154 υ
2582 1125 2665 1178 ὅτι
2713 1141 2772 1176 τε
2803 1125 2888 1177 ἀεί
2935 1127 3050 1178 ἐστι
3085 1125 3249 1195 μόνος
3280 1127 3467 1190 αὐτὸς,
3501 1129 3594 1180 καὶ
3621 1127 3695 1181 ὅτι

453 1210 774 1266 universim.
825 1212 1194 1280 Omniumque
1241 1216 1520 1269 nominum
1575 1219 1918 1286 aptissimum
1980 1219 2030 1273 ei

2131 1218 2285 1286 πηγὴ
2311 1219 2408 1270 τοῦ
2439 1213 2579 1271 εἶναι
2613 1217 2775 1287 μόνος
2817 1218 3004 1280 αὑτός.

450 1303 545 1373 qui
572 1303 840 1373 principio
868 1320 1085 1370 carens,
1136 1307 1438 1366 immensus
1473 1319 1578 1375 est,
1631 1321 1686 1366 et
1727 1328 1848 1382 qua:
1892 1327 2001 1366 non
2053 1323 2210 1366 erant
2267 1313 2487 1378 educit,
2517 1321 2648 1367 est:
2692 1311 2835 1384 (ens)
2888 1329 2914 1364 ιν
2939 1313 3033 1384 qui
3068 1322 3170 1384 Aest
3205 1329 3231 1366 ι
3273 1320 3321 1367 et
3379 1317 3516 1384 quia
3562 1329 3699 1374 scm-

451 1412 549 1467 per
622 1399 775 1454 solus
833 1400 950 1469 ipse
997 1409 1104 1466 est,
1178 1411 1234 1458 et
1282 1405 1406 1469 quia
1442 1402 1557 1476 (τοῦ
1583 1377 2122 1476 εεδε)’”εκεὶειειιιίίε
2143 1405 2264 1460 fons
2289 1405 2400 1473 ipse
2439 1377 2613 1460 solus.
2700 1377 2713 1384 ‘
2958 1377 2972 1384 ς
3059 1377 3129 1392 δ’

523 1493 626 1558 Qui
658 1495 712 1548 in
741 1496 950 1554 sanctis
970 1509 1049 1554 est
1084 1498 1424 1571 Nicephorus
1468 1497 1796 1555 Blemmides
1823 1516 1853 1555 a
1906 1516 2033 1571 rege

449 1585 662 1647 Jtmnne
701 1595 848 1648 Duca
884 1595 950 1648 de
978 1596 1329 1664 proressioue
1399 1593 1730 1650 sanctissimi
1793 1594 2033 1666 Spiritus

456 1689 868 1757 interrogatus:
908 1685 1094 1742 Utrum
1133 1696 1277 1743 recte
1306 1690 1546 1744 sentiant
1585 1688 1766 1745 Latini
1828 1703 2030 1754 necne,

455 1783 537 1836 sic
569 1781 888 1852 respondit:
926 1797 1022 1837 eos
1047 1783 1149 1836 etsi
1190 1782 1741 1851 linguaduascausas
1765 1782 2029 1838 inducere

453 1877 538 1930 vel
571 1876 680 1929 duo
710 1873 974 1944 principia
1039 1885 1312 1939 recusent,
1363 1875 1491 1928 dum
1544 1890 1738 1930 rursus
1766 1889 1833 1928 ex
1890 1872 2028 1928 Filio
2057 1907 2102 1966 Β

457 1968 724 2037 Spiritum
765 1966 1066 2036 procedere
1099 1967 1310 2027 dicunt.
1353 1967 1404 2019 in
1438 1983 1504 2021 eo
1537 1967 1812 2036 praecipue
1846 1976 2028 2020 mente

455 2059 590 2121 falli,
625 2069 680 2113 et
705 2057 847 2126 quod
889 2058 1075 2112 verbis
1118 2058 1394 2125 refugiunt
1426 2059 1484 2112 in
1513 2057 1749 2129 idipsum
1773 2055 2030 2126 operibus

453 2149 728 2213 converti,
770 2149 961 2203 eadem
1020 2150 1167 2204 enim
1225 2161 1396 2220 agunt
1447 2164 1512 2204 ac
1543 2148 1587 2204 si
1641 2149 1767 2219 quis
1798 2167 1815 2200 ι
1850 2149 2031 2202 homi-

457 2259 578 2297 nem
623 2241 851 2296 »όὶεειιε
881 2241 1127 2296 intendat
1163 2241 1460 2311 (includat)
1528 2242 1704 2312 ipsum
1741 2249 1795 2296 et
1827 2239 2029 2295 animal

457 2352 602 2401 esse,
635 2352 742 2390 non
764 2336 949 2390 dicere
977 2351 992 2399 ;
1021 2346 1074 2388 et
1103 2335 1398 2406 quomodo,
1434 2349 1659 2404 quaque
1689 2335 1905 2390 ratione
1935 2347 2036 2406 eos

457 2444 753 2484 conversos
785 2429 1125 2482 inveniamus
1158 2427 1210 2481 iu
1237 2428 1286 2481 id
1319 2427 1465 2496 quod
1535 2427 1810 2498 refugiunt
1844 2443 1912 2482 ex
1959 2442 2030 2484 eo

459 2532 642 2593 patere
672 2538 686 2574 :
727 2524 770 2577 si
801 2523 944 2593 gigni
979 2519 1196 2587 Filium,
1227 2531 1282 2576 et
1328 2522 1618 2591 procedere
1654 2520 1918 2591 Spiritum
1952 2523 2035 2578 in-

457 2617 755 2670 veniuntur
791 2615 1008 2684 propria
1051 2612 1366 2667 differenti-ae
1422 2611 1774 2683 bypostaticze
1823 2613 2031 2668 utrius-

460 2719 591 2771 que,
627 2713 897 2770 quatenus
914 2703 1154 2772 gignitur
1182 2699 1354 2755 Filius
1387 2717 1609 2757 causam
1645 2703 1826 2767 habet,
1852 2702 2032 2773 quo:ul

461 2797 539 2859 id,
570 2797 779 2850 Patrem
812 2811 828 2864 ;
859 2805 1130 2864 quatenus
1191 2795 1437 2865 procedit
1485 2797 1723 2866 Spiritus
1772 2797 1840 2854 de
1895 2797 2034 2854 Filio

460 2906 681 2959 quoque
712 2907 934 2945 causam
977 2892 1163 2952 habet.
1199 2893 1378 2960 quoad
1439 2890 1516 2956 id,
1564 2891 1757 2947 Filium
1793 2908 2032 2964 quoque.

468 2983 526 3037 Si
562 2984 722 3037 Pater
761 2985 987 3052 gignens
1019 2985 1213 3039 Filium
1255 3000 1418 3040 causa
1472 2986 1591 3053 ejus
1636 2994 1740 3050 est,
1780 2988 2036 3043 emittens

465 3076 731 3144 Spiritum
770 3091 935 3129 causa
962 3077 1083 3146 ejus
1105 3087 1192 3131 est
1223 3092 1239 3144 ;
1290 3077 1384 3132 sed
1411 3088 1464 3132 et
1491 3077 1663 3133 Filius
1687 3079 1884 3132 emittit
1912 3078 2035 3151 Spi-

465 3173 653 3238 ritum,
694 3154 931 3241 Spiritus
974 3175 1142 3240 igtllll’
1168 3188 1336 3227 causa
1385 3181 1470 3228 est
1506 3185 1560 3229 et
1610 3172 1803 3229 Filius.
1837 3176 1919 3242 Si,
1952 3192 2036 3230 se-

465 3265 704 3317 cundum
744 3266 1048 3327 veritatem,
1105 3275 1161 3320 et
1202 3265 1546 3320 traditionem
1578 3267 1818 3336 pietatis,
1853 3276 1908 3322 et
1936 3266 2033 3323 Pa-
2061 3248 2104 3307 ο

468 3366 608 3409 trum
663 3355 994 3420 doctrinam.
1049 3359 1152 3427 (τὸ)
1191 3359 1488 3426 procedere
1540 3371 1595 3414 et
1632 3360 1911 3429 processio
1969 3360 2037 3416 de

466 3450 668 3515 Spiritu
700 3461 889 3504 sancto
913 3451 1076 3515 dicta,
1103 3465 1164 3503 ea
1202 3451 1546 3505 inveniantur
1575 3467 1695 3522 qum
1725 3454 2038 3521 signiﬁcent

465 3543 742 3608 quoumdo
807 3542 872 3595 sit
906 3558 934 3594 ο
979 3539 1162 3606 Patre,
1200 3550 1254 3596 et
1311 3543 1662 3613 hypustaticae
1715 3544 2037 3600 diﬂ'erentia

463 3648 588 3702 erga
622 3633 816 3686 Filium
848 3634 1156 3688 discretivae
1215 3635 1496 3705 proprium
1550 3635 1878 3700 admittitur,
1924 3653 2034 3692 non

465 3735 643 3779 tamen
675 3724 816 3793 quod
871 3726 1078 3780 indicet
1130 3740 1256 3779 eum
1292 3741 1358 3782 eo
1411 3726 1880 3796 coniunctionem.
1919 3729 2036 3783 sive

463 3826 852 3874 cottnaturam.
887 3831 979 3870 seu
1033 3817 1686 3872 consubstantialitatem.
1726 3817 1904 3888 Hujus
1937 3832 2038 3872 au-

466 3919 576 3959 tt'ttt
603 3923 767 3962 causa
799 3905 960 3962 Pater
985 3919 1090 3972 est,
1122 3909 1215 3963 sed
1238 3909 1290 3962 id
1324 3910 1486 3964 habet
1531 3909 1621 3963 ille
1656 3909 1811 3979 juxta
1862 3910 2036 3979 ipsos,

464 4011 514 4053 et
541 4017 601 4052 ex
644 3999 934 4064 Filiuquid
989 4002 1121 4053 nihil
1159 4000 1304 4054 aliud
1373 4000 1465 4055 dat
1494 4000 1707 4072 (igitur)
1761 4001 1919 4070 illttd,
1981 4013 2038 4058 et

465 4100 699 4161 posilttttt
725 4093 788 4144 de
821 4091 974 4155 Filio,
1003 4094 1093 4146 sed
1127 4109 1288 4162 quam
1339 4095 1522 4163 prtius
1549 4104 1606 4148 ut
1629 4111 1692 4149 ex
1722 4094 1904 4152 Patre.
1937 4096 2032 4150 Sic

464 4201 597 4239 sane
628 4184 789 4236 etiam
823 4183 886 4238 de
947 4183 1082 4237 Filio
1117 4184 1379 4251 Spiritum
1438 4195 1688 4241 sanctum
1742 4187 2039 4256 procedere

461 4281 811 4347 proponitur.
844 4275 959 4331 Duo
990 4276 1156 4347 igitur
1179 4292 1361 4333 causa:
1394 4278 1655 4346 Spiritus,
1680 4280 1895 4336 scilicet
1919 4281 2039 4351 ejus

461 4387 591 4440 qua:
639 4371 686 4424 ri
720 4371 951 4440 obtingit
993 4371 1349 4442 bypostaticm
1397 4372 1770 4441 proprietatis,
1815 4373 1866 4427 id
1929 4381 2036 4436 est,

459 4463 857 4533 processionis,
888 4463 1039 4517 omni
1091 4463 1253 4518 modo
1283 4465 1683 4521 conducuntur.
1741 4464 1846 4530 Qui
1905 4465 2038 4520 dicit

459 4559 633 4626 igitur
670 4557 864 4611 Filium
895 4572 923 4610 a
957 4555 1319 4626 Patre,gigni,
1347 4573 1456 4611 non
1489 4565 1668 4612 autem
1725 4558 1869 4612 hunc
1915 4557 2036 4627 ejus

453 4665 688 4702 causam
716 4663 840 4702 esse
867 4648 1173 4711 contendit,
1210 4650 1438 4702 omnino
1469 4650 1752 4703 mentitur.
1794 4648 1849 4702 Si
1887 4649 2035 4703 enim

458 4743 725 4811 gignitur,
762 4755 982 4795 causam
1015 4740 1177 4795 habet
1205 4740 1368 4794 etiam
1399 4741 1452 4795 id
1508 4743 1653 4796 unde
1679 4742 1940 4812 gignitur.
1976 4741 2040 4796 Et

456 4835 558 4903 qui
596 4833 728 4887 dicit
783 4832 1048 4899 Spiritum
1106 4833 1398 4902 procedere
1437 4835 1504 4888 de
1552 4832 1732 4900 Patre,
1785 4849 1885 4889 nec
1923 4835 2042 4905 ejus

457 4942 684 4982 causam
752 4935 806 4980 et
877 4929 1020 4979 hunc
1078 4941 1235 4991 esse,
1273 4926 1554 4986 mentitur,
1598 4941 1723 4979 nam
1777 4942 1872 4995 per
1920 4942 2045 4995 pro-

462 5021 773 5074 ccssionem
809 5019 1015 5074 inducit
1047 5029 1099 5072 et
1149 5019 1292 5072 hunc
1327 5019 1444 5086 ejus
1475 5032 1697 5072 causam
1728 5033 1870 5078 esse.
1915 5032 2038 5072 cum

460 5130 531 5165 «ιιι
566 5101 1081 5180 hocprocedlt.Qui
1119 5111 1252 5164 dicit
1307 5113 1573 5178 Spiritqu
1637 5111 1931 5178 procedere
1987 5121 2040 5164 et

461 5209 532 5257 de
561 5204 718 5265 Filio,
750 5220 854 5256 non
892 5213 1070 5257 autent
1099 5214 1152 5256 et
1171 5219 1390 5257 causam
1412 5205 1528 5271 ejus
1554 5205 1698 5257 hunc
1723 5217 1846 5258 esse
1872 5203 2025 5264 dicit.

466 5293 756 5347 mentitur.
782 5295 1182 5348 (lottcludeutt-s
1210 5295 1376 5364 igitur
1398 5295 1742 5349 declaramus
1787 5293 1859 5348 ita
1896 5293 2041 5364 quod

466 5387 820 5448 uatmaliter,
877 5385 928 5438 in
989 5387 1074 5441 bis
1128 5375 1250 5455 quae
1299 5387 1510 5449 dicunt,
1560 5388 1946 5457 blasphemant
1987 5395 2043 5440 et

468 5489 699 5547 propter
741 5479 1136 5548 blasphemiam
1181 5480 1592 5547 teprobatorum
1623 5479 2039 5548 judicahuntur.

465 5573 584 5627 Etsi
618 5574 761 5624 enim
819 5571 1028 5625 additio
1072 5574 1487 5634 concederetur,
1533 5572 1675 5640 quod
1721 5571 2042 5624 naturaliter

462 5663 771 5719 ('sttttalutt'
829 5663 1014 5727 adest,
1045 5674 1094 5716 et
1127 5660 1227 5714 etsi
1252 5661 1753 5716 admittereturnon
1778 5674 1897 5714 esse
1932 5673 2043 5712 ma-

2069 4601 2112 4658 Ι)

2181 1557 2186 1563 ,
2221 1501 2280 1555 Ὀ
2312 1503 2369 1554 ἐν
2397 1501 2574 1568 ἁγίοις
2606 1501 2920 1572 Νικηφόρος
2967 1503 2995 1555 6
3044 1503 3357 1572 Βλεμμεδης
3405 1505 3562 1574 παρᾶ
3613 1508 3697 1560 τοῦ

2135 1592 2402 1666 ,ασιλέως
2445 1594 2694 1648 Ἰωάννου
2745 1593 2840 1648 τοῦ
2877 1594 3056 1649 Δούκα
3103 1597 3236 1666 περὶ
3289 1598 3391 1666 τῆς
3443 1599 3704 1670 ἐκπορεύ-

2134 1705 2273 1753 σεως
2305 1687 2400 1742 τοῦ
2445 1687 2718 1753 παναγίου
2753 1686 3073 1755 Πνεύματος
3131 1689 3466 1760 ἐρωτηθεὶς,
3515 1693 3565 1744 el
3610 1709 3702 1745 κα·

2133 1783 2242 1846 λῶς
2285 1781 2543 1853 φρονοῦσι
2575 1783 2795 1837 Λατῖνοι
2823 1781 2855 1852 ἢ
2893 1780 2981 1844 οὓ.
3015 1781 3290 1850 ἀπεκρίθη
3326 1780 3524 1842 οὕτως’
3555 1782 3629 1845 ὠς
3656 1785 3702 1836 ει

2131 1878 2229 1930 καὶ
2259 1879 2326 1947 τῇ
2364 1875 2587 1946 γλώσσῃ
2612 1875 2673 1928 τὸ
2710 1875 2808 1928 δύο
2845 1876 3090 1942 εἰσάγειν
3129 1875 3301 1936 αῐτια.
3334 1875 3366 1944 ἢ
3409 1875 3508 1930 δύο
3539 1877 3706 1946 ἀρχὰς

2132 1968 2561 2038 ἀποφεύγουσιν,
2586 1968 2722 2022 ἀλλὰ
2755 1967 2850 2021 καὶ
2876 1968 3042 2022 πάλιν
3073 1969 3136 2021 ἐκ
3166 1968 3262 2020 τοῦ
3284 1967 3418 2022 Υῐοῦ
3449 1968 3514 2021 τὸ
3547 1969 3704 2022 Πνεῦ-

2135 2077 2209 2132 μα
2239 2061 2485 2128 λέγοντες
2515 2059 2916 2131 ἐκπορεύεσθαι
2961 2064 3042 2124 εἰς
3089 2059 3250 2114 τοῦτο
3283 2061 3488 2128 μᾶλλον
3520 2061 3602 2131 τῷ
3625 2062 3708 2116 νοῒ

2131 2155 2460 2208 ἐκπίπτουσι
2488 2153 2586 2225 (Ι).
2646 2155 2758 2207 Καὶ
2791 2153 2820 2208 6
2862 2153 2954 2207 διὰ
3005 2153 3186 2220 λόγων
3216 2154 3708 2225 ἀποδιδράσκουσιν

2133 2248 2216 2310 εἰς
2245 2245 2393 2300 τοῦτ’
2423 2247 2556 2300 αὐτὸ
2601 2246 2690 2300 διὰ
2721 2246 2829 2298 τῶν
2862 2245 3041 2316 ἔργων
3075 2247 3529 2315 περιτρέπονται.
3569 2247 3713 2300 Ταυο

2133 2342 2226 2394 τδν
2251 2340 2358 2411 γὰρ
2394 2340 2664 2405 ποιοῦσιν,
2696 2340 2771 2401 ὼς
2802 2342 2856 2395 ετ
2899 2357 2986 2404 τις
3033 2339 3324 2408 ἄνθρωπον
3363 2338 3567 2407 λέγων,
3611 2340 3714 2392 ενι.

2137 2450 2332 2488 σταται
2366 2435 2461 2488 καὶ
2492 2433 2633 2498 ζῶον
2680 2432 2754 2504 μὴ
2785 2434 2966 2502 λέγειν
3007 2428 3147 2486 εἶναι
3201 2432 3384 2486 αὐτόν.
3424 2432 3541 2486 Καὶ
3574 2433 3716 2495 ὅπως

2136 2528 2233 2581 καὶ
2286 2525 2395 2578 τίνι
2421 2524 2566 2595 λόγῳ
2599 2525 3103 2596 περιτρεπομένους
3135 2525 3339 2588 αὐτοὺς
3387 2525 3718 2595 εὑρίσκομεν

2135 2617 2216 2679 εις
2247 2617 2386 2687 ὅπερ
2416 2618 2848 2686 ἀπαγορεύουσι,
2891 2616 3052 2685 δῆλον
3083 2617 3334 2670 ἐντεῦθεν
3369 2632 3385 2648 ο
3425 2617 3475 2670 εἰ
3499 2615 3564 2668 τὸ
3595 2631 3720 2684 γεν-

2137 2709 2335 2762 νᾶσθαι
2379 2707 2470 2761 τὸν
2519 2707 2650 2762 Υἱδν
2689 2709 2784 2761 καὶ
2835 2705 3235 2776 ἐκπορεύεσθαι
3269 2705 3330 2758 τδ
3361 2704 3597 2773 Πνεῦμα
3629 2707 3720 2774 τῆς

2137 2799 2509 2869 ὕποστατικῆς
2561 2801 2828 2866 διαφορᾶς
2863 2801 3143 2869 ἑκατέρων
3179 2799 3554 2869 τυγχάνουσιν
3597 2799 3721 2862 ἴδια,

2136 2892 2275 2946 καθὸ
2333 2895 2592 2961 γεννᾶται
2637 2895 2665 2947 6
2697 2893 2825 2955 Υἱὸς
2882 2892 3032 2946 κατὰ
3079 2891 3240 2946 τοῦτο
3273 2894 3450 2946 αἴτιον
3487 2890 3725 2961 ἔχειτὸν

2141 2985 2397 3056 Πατέρα’
2437 2985 2575 3038 καθὸ
2626 2986 2994 3053 ἐκπορεύεται
3043 2984 3102 3038 τὸ
3141 2985 3363 3053 Πνεῦμα
3396 2986 3496 3037 καὶ
3533 2987 3603 3037 ἐκ
3634 2984 3724 3037 τοῦ

2139 3077 2271 3132 Υιοῦ
2295 3119 2310 3143 ,
2351 3078 2490 3132 κατὰ
2543 3079 2702 3132 τοῦτο
2739 3077 2913 3132 αἴτιον
2939 3078 3050 3148 ἔχει
3080 3080 3177 3134 καὶ
3241 3079 3334 3131 τὸν
3362 3079 3516 3131 Υῐόν.
3577 3077 3645 3132 Et
3700 3080 3727 3131 6

2139 3171 2329 3241 Πατὴρ
2363 3169 2569 3238 γεννῶν
2603 3172 2696 3224 τὸν
2747 3170 2875 3224 Υἱὸν
2911 3171 3082 3232 αἴτιος
3129 3170 3296 3224 αὑτοῦ
3343 3171 3527 3236 ἐστιν,
3567 3172 3732 3224 ἐκπο-

2141 3263 2314 3333 ρεύων
2364 3264 2420 3317 δέ
2469 3265 2530 3316 τδ
2582 3261 2807 3327 Πνεῦμα
2855 3263 3033 3326 αἴτιος
3083 3263 3254 3317 αὐτοῦ
3301 3267 3502 3327 ἐστιν,
3565 3266 3731 3318 ἐκποο

2144 3355 2293 3428 ρεύει
2331 3355 2388 3408 δὲ
2429 3354 2488 3408 τὸ
2522 3353 2749 3423 Πνεῦμα
2783 3351 2881 3406 καὶ
2918 3353 2947 3406 6
2987 3354 3138 3416 Υἱὸς.
3175 3353 3352 3416 αἴτιος
3402 3355 3510 3406 καὶ
3547 3355 3580 3407 6
3611 3354 3740 3417 Υῑδς

2138 3448 2247 3518 ἄρα
2270 3446 2364 3501 τοῦ
2403 3446 2743 3515 Πνεύματος.
2776 3447 2840 3498 Et
2880 3446 3027 3498 κατά
3066 3447 3165 3516 τὴν
3197 3445 3465 3514 ἀλήθειαν
3511 3446 3616 3498 καὶ
3645 3445 3738 3513 τὴν

2136 3539 2237 3610 τῆς
2276 3537 2560 3601 εὐσεϐείας
2609 3536 2916 3607 παράδοσιν
2967 3537 3066 3590 καὶ⁸
3127 3537 3227 3607 τὴν
3289 3537 3403 3591 τῶν
3467 3536 3742 3605 Πατέρων

2140 3631 2492 3686 διδασκαλίαν
2536 3630 2598 3683 τὸ
2626 3629 3025 3700 ἐκπορεύεσθαι
3067 3630 3163 3682 καὶ
3195 3630 3229 3700 ἡ
3269 3629 3621 3698 ἑκπόρευσις
3653 3629 3742 3683 ἐπὶ

2139 3723 2235 3777 τοῦ
2277 3725 2433 3792 ἁγίου
2481 3723 2752 3792 λεγόμενα
2809 3721 3128 3790 Πνεύματος
3190 3720 3286 3774 τοῦ
3339 3721 3462 3784 πῶς
3503 3721 3626 3776 ἀπὸ
3655 3718 3745 3774 τοῦ

2140 3817 2354 3886 Πατρδς
2400 3810 2543 3869 εἶναι
2578 3815 2915 3884 τυγχάνουσι
2953 3813 3268 3882 δηλωτικὰ,
3305 3813 3403 3866 καὶ
3441 3814 3558 3882 τῆς
3605 3813 3738 3866 ὕπο-

2141 3911 2404 3979 sumit:
2443 3910 2711 3980 διαφορᾶς
2745 3907 2846 3978 τῆς
2891 3907 3028 3978 πρὸς
3059 3907 3152 3960 τὸν
3183 3906 3311 3960 Υἰδν
3342 3905 3746 3976 γνωριστικῆς

2141 4005 2270 4061 ἴδιον
2298 4005 2648 4074 ὡμολόγηται
2673 4044 2688 4068 ,
2719 4005 2996 4069 ούμενουν
3028 4003 3130 4068 τῆς
3175 4000 3310 4070 πρὸς
3355 4001 3540 4054 αὐτὸν
3582 4016 3750 4053 συνα-

2139 4096 2319 4166 φείας,
2354 4097 2532 4149 εῐτουν
2581 4093 2860 4160 συμφυΐας
2902 4093 2935 4162 ἢ
2969 4092 3392 4161 δμοουσιότητος
3422 4091 3752 4144 δεικτικόν.

2142 4190 2346 4245 Τούτου
2373 4187 2418 4241 δ’
2451 4188 2624 4246 αἴτιος
2652 4188 2680 4239 6
2725 4187 2941 4253 Πατήρ.
2974 4185 3130 4252 Ἔχει
3166 4184 3224 4237 δὲ
3267 4183 3429 4236 τοῦτο
3473 4186 3617 4236 κατ’
3659 4181 3754 4235 αύ-

2140 4283 2268 4345 τοὺς
2300 4281 2398 4335 καὶ
2428 4281 2492 4334 ἐκ
2521 4281 2615 4333 τοῦ
2649 4276 2802 4331 Υῐοῦ.
2831 4279 2953 4330 Ὀτι
3004 4276 3172 4344 μηδὲν
3216 4275 3345 4329 ἄλλο
3375 4275 3627 4329 δ’δωσιν
3667 4273 3759 4328 οῦν

2139 4375 2201 4428 τὸ
2233 4374 2328 4427 καὶ⁸
2361 4372 2645 4441 τιθέμενον
2677 4371 2769 4424 ἐπὶ
2802 4369 2901 4421 τοῦ
2947 4368 3111 4429 Υἰοῦ,
3161 4367 3296 4421 ἀλλὰ
3327 4365 3554 4432 μᾶλλον
3585 4365 3670 4428 ὼς
3699 4369 3762 4419 ἐκ

2141 4467 2236 4520 τοῦ
2271 4465 2507 4535 Πατρός.
2551 4464 2708 4518 Οὕτω
2755 4462 2821 4531 δὴ
2853 4462 2948 4514 καὶ
2998 4462 3062 4514 ἐκ
3105 4459 3201 4512 τοῦ
3239 4458 3374 4512 Υἱοῦ
3406 4458 3481 4512 τὺ
3516 4457 3767 4528 Πνεῦμα⁵

2142 4560 2204 4613 τὸ
2236 4559 2394 4628 ἅγιον
2422 4555 2827 4626 ἐκπορεύεσθαι
2860 4553 3158 4624 παριστᾷν.
3192 4549 3297 4603 Δύο
3330 4549 3450 4618 ἄρα
3499 4551 3579 4603 τὰ
3612 4549 3766 4602 αῐτια

2143 4648 2235 4703 τοῦ
2271 4647 2586 4718 Πνεύματος
2611 4684 2626 4710 ,
2659 4646 2838 4699 εἷτουν
2888 4645 2987 4712 τῆς
3039 4641 3564 4712 ἀποκληρωθείσης
3613 4639 3767 4709 αὐτῷ

2145 4742 2519 4810 ὕποστατικῆς
2579 4739 2860 4807 ἰδιότητος,
2924 4736 3026 4804 τῆς
3086 4735 3491 4801 ἐκπορεύσεως
3551 4734 3771 4804 δηὶαδὴ

2144 4834 2288 4886 κατὰ
2319 4832 2498 4885 πάντα
2539 4831 2741 4901 τρόπον
2772 4829 3087 4896 συνάγεται.
3132 4825 3192 4879 Ὀ
3227 4826 3404 4894 λέγων
3441 4827 3772 4893 γεννᾶσθαι

2150 4925 2242 4978 τὸν
2273 4923 2402 4977 Υἱὸν
2445 4923 2506 4975 ἐκ
2533 4922 2628 4974 τοῦ
2663 4921 2894 4988 Πατρδς,
2929 4918 3004 4988 μὴ
3035 4919 3128 4970 καὶ
3179 4916 3354 4968 αἴτιον
3389 4917 3460 4969 δὲ
3502 4919 3770 4987 ἀπισχυι

2152 5019 2439 5087 ριζόμενος
2493 5014 2684 5068 τοῦτον
2720 5013 2908 5076 αὐτοῦ,
2943 5011 3204 5080 ψεύδεται
3242 5011 3507 5074 πάντως.
3554 5012 3628 5066 Εἰ
3662 5011 3773 5081 γὰρ

2148 5112 2432 5178 γεννᾶται,
2467 5108 2560 5160 καὶ
2589 5109 2764 5159 αἴτιον
2797 5105 2910 5174 ἔχει
2939 5105 3001 5156 τὸ
3025 5104 3081 5170 ἐξ
3129 5101 3190 5155 οῦ
3231 5103 3550 5170 γεννᾶται.
3605 5106 3718 5158 Καὶ
3750 5107 3776 5156 6

2147 5203 2324 5269 λέγων
2350 5200 2752 5268 ἐκπορεύεσθαι
2775 5198 2836 5249 τὸ
2870 5197 3096 5265 Πνεῦμα
3125 5197 3218 5248 καί
3255 5198 3316 5247 ἐκ
3358 5193 3474 5247 τοῦ
3517 5195 3776 5267 Πατρδς,

2155 5294 2230 5365 μὴ
2291 5295 2386 5346 καὶ
2439 5291 2610 5345 αἴτιον
2663 5290 2720 5342 δὲ
2775 5287 2941 5342 αὐτοῦ
2992 5286 3151 5340 τοῦτο
3207 5285 3408 5353 λέγων,
3466 5287 3774 5355 ψεύδεται.

2150 5388 2466 5453 Συνεισάγει
2511 5385 2620 5452 γὰρ
2647 5383 2737 5436 διὰ
2768 5382 2865 5449 τῆς
2907 5380 3288 5450 ἐκπορεύσεως
3326 5377 3435 5431 καὶ
3489 5381 3564 5434 τὸ
3602 5383 3778 5434 αἱτιον

2147 5477 2313 5531 αὑτοῦ
2396 5472 2577 5527 εἶναι’
2651 5473 2883 5541 ἐπείπερ
2965 5471 3024 5534 ἐξ
3102 5468 3266 5522 αὑτοῦ
3335 5470 3778 5540 ἐκπορεύεται.

2161 5569 2221 5622 Ὃ
2247 5568 2423 5636 λέγων
2453 5564 2854 5634 ἐκπορεύεσθαι
2877 5564 2938 5616 τὸ
2964 5560 3190 5631 Πνεῦμα
3221 5562 3314 5614 καὶ
3338 5561 3411 5614 ἐκ
3451 5563 3574 5615 τοῦ
3616 5560 3780 5624 Υἰοῦ,

2157 5663 2230 5732 μὴ
2289 5661 2384 5714 καὶ
2437 5659 2610 5712 αἴτιον
2646 5657 2702 5711 δὲ
2750 5657 2917 5711 αὐτοῦ
2976 5655 3168 5710 τοῦτον
3225 5655 3435 5724 λέγων,
3464 5656 3781 5726 ψεύδεται.

530 5845 604 5912 (i)
643 5848 759 5901 Hace
799 5847 880 5911 qui
911 5847 1094 5908 poterit
1157 5839 1388 5892 conriliel
1418 5855 1524 5889 eum
1553 5838 1610 5888 iis
1632 5854 1742 5903 qnze
1765 5843 1958 5888 esst-ant
1989 5849 2133 5898 supra
2171 5836 2262 5885 col.
2293 5835 2398 5885 55L

2707 5914 2736 5925 ε
