3876 6364
373 359 478 430 615

1571 354 1994 417 NICEPHORI
2028 351 2454 414 BLEMMIDJ’.

3525 345 3634 409 616

375 478 429 531 in
462 473 659 529 falmlis
693 488 820 543 saga
849 472 1006 527 Circe
1038 469 1091 525 in
1119 483 1246 524 sues
1275 483 1550 538 canesque
1576 467 1939 522 trausfurma-
1967 512 1974 524 .

2082 467 2124 529 ίς
2187 467 2404 535 χοίρους
2464 463 2555 517 καὶ
2606 461 2775 525 κύνας
2842 459 3247 529 μετεϐάλοντος
3303 460 3478 530 χοῖροι
3533 464 3635 530 μὲν

379 567 500 620 bat?
534 564 592 617 Et
641 566 714 617 illi
765 565 987 634 quidem
1025 577 1151 618 sues
1185 561 1364 616 ell‘ecti
1414 559 1660 623 fuerunt,
1689 560 1816 629 quia
1864 572 1959 612 vo-

377 659 644 721 luptatum
693 658 746 711 in
781 673 938 711 caeno
987 671 1109 712 sese
1143 655 1496 719 volutabam;
1544 669 1710 708 canes
1751 663 1954 716 autem,

381 752 504 820 quia
537 751 684 804 rabie
723 751 958 820 quadam
993 759 1157 819 atque
1188 750 1401 804 insania
1430 749 1630 803 conciti
1674 746 1742 800 ad
1785 747 1963 814 impu-

379 846 532 901 dicos
568 861 780 900 amores
832 845 1083 899 ruebant.
1116 845 1300 914 Itaque
1333 843 1444 912 regi
1497 842 1650 896 valde
1703 842 1957 895 idoneum

381 948 466 993 est
498 937 763 992 rationale
807 936 1069 1006 sapientis
1105 936 1371 990 doctrina:
1408 950 1435 987 a
1465 932 1735 987 Mercurio
1769 931 1959 984 inven-

385 1043 496 1083 tum
553 1031 922 1098 pharmacum,
963 1029 1107 1098 quod
1136 1028 1438 1096 petulantes
1472 1023 1768 1093 voluptatis
1815 1023 1960 1077 vires

383 1128 716 1188 compescat,
754 1128 1006 1188 tanquam
1076 1119 1166 1172 illa
1219 1119 1271 1170 in
1328 1115 1526 1170 fabulis
1584 1114 1750 1168 herba
1813 1115 1958 1167 dicta

385 1212 544 1280 moly.
598 1210 711 1264 lmo
751 1210 863 1280 regi
897 1225 1034 1279 opus
1090 1218 1174 1264 est
1211 1207 1390 1278 gladio
1425 1207 1683 1275 ancipite,
1717 1207 1811 1276 qui
1855 1221 1968 1277 nou.

384 1309 501 1354 sine
526 1302 768 1372 sapiente
797 1301 1024 1358 consilio
1049 1301 1248 1354 bonum
1278 1298 1550 1354 deteriore
1575 1297 1916 1352 discriminet
1943 1313 1958 1354 ς

387 1395 458 1446 ita
498 1406 554 1445 ut
588 1395 841 1446 virtutem
871 1394 973 1448 sibi
1004 1393 1246 1447 vindiCet
1279 1401 1444 1462 atque
1482 1392 1725 1453 adserat,
1757 1392 1952 1444 vitium

388 1484 611 1551 rept-Ilat
663 1495 824 1553 atque
867 1485 1115 1554 castiget.
1161 1485 1252 1537 Sic
1302 1484 1447 1538 enim
1501 1491 1554 1536 et
1607 1480 1804 1554 Ulyxes
1853 1499 1960 1536 non

387 1576 562 1628 solum
613 1576 727 1644 ipse
777 1575 965 1630 Circes
1019 1576 1423 1630 incantamenta
1485 1575 1719 1641 vitavit,
1774 1591 1959 1628 verum

388 1668 554 1720 etiam
602 1667 800 1730 socios,
830 1670 919 1737 qui
971 1668 1112 1723 inid
1165 1669 1365 1722 malum
1416 1668 1785 1731 iucurreraut,
1831 1668 1962 1722 libe-

393 1760 553 1813 ravit.
589 1758 848 1813 Similiter
898 1760 1042 1830 regis
1099 1760 1334 1815 oliicium
1385 1769 1471 1813 est
1520 1777 1624 1813 non
1675 1760 1850 1813 solum
1904 1767 1962 1813 ut
1996 1799 2038 1852 Β

397 1853 515 1922 ipse
572 1851 640 1904 ab
689 1852 942 1906 omnibus
973 1851 1314 1922 voluptatum
1371 1851 1640 1906 illecebris
1677 1851 1816 1904 liber
1860 1850 1963 1903 im-

395 1943 685 2011 munisque
723 1943 814 2006 sit,
846 1957 1031 1996 verum
1084 1943 1247 1996 etiam
1295 1952 1352 1996 ut
1403 1943 1543 1996 alios
1596 1940 1843 1995 homines
1893 1940 1962 1995 ab

398 2034 482 2088 his
520 2033 768 2100 expediat
815 2042 928 2087 tum
971 2033 1219 2087 oratione
1255 2047 1352 2087 sua
1404 2043 1516 2087 tum
1555 2033 1851 2102 exemplo:
1891 2033 1960 2086 ita

396 2132 454 2177 ut
481 2125 650 2178 sacris
682 2125 898 2194 hymnis
934 2134 1195 2192 perpetuo
1223 2124 1488 2178 celebrari
1521 2139 1580 2178 se
1611 2125 1816 2178 audiat.
1841 2122 1962 2178 Jam

397 2215 442 2269 si
484 2216 690 2270 cordati
735 2215 1137 2284 prudentesque
1180 2215 1428 2270 homines
1487 2230 1816 2284 magnopere
1866 2217 1969 2268 do-

395 2309 532 2373 lent,
587 2323 711 2362 cum
757 2325 784 2360 a
840 2323 964 2376 rege
1004 2306 1254 2362 subditus
1298 2307 1502 2377 aliquis
1551 2307 1601 2360 in
1647 2306 1966 2376 captivitate

397 2399 539 2468 apud
588 2399 774 2454 hostes
829 2399 1081 2454 detentus
1124 2399 1444 2468 negligitur;
1499 2407 1705 2468 quanto
1755 2398 1968 2453 tristius

2059 557 2359 628 γινόμενοι,
2389 557 2464 619 ὡς
2501 555 2812 624 κυλιόμενοι
2857 554 2915 606 ὲν
2962 553 3040 623 τῷ
3073 553 3321 624 βορϐόρῳ
3361 553 3472 606 τῶν
3503 553 3638 622 ἠδο-

2061 652 2186 704 νῶν·
2244 651 2405 713 κύνες
2453 649 2532 710 δὲ,
2590 647 2662 710 ὡς
2725 645 3032 710 λυσσῶντες
3097 649 3190 700 καὶ
3248 643 3638 715 ἐκμαινόμενοι

2063 742 2200 812 πρδς
2253 742 2380 805 τοὺς
2433 742 2682 807 ἀσελγεῖς
2707 739 2947 808 ·έρωτας
2969 757 2983 771 ο
3026 739 3104 808 τῷ
3135 740 3191 794 δὲ
3225 739 3439 809 βασιλεῖ
3469 755 3639 791 κατα-

2061 834 2195 887 πολύ
2235 835 2380 886 ἐστιν
2412 833 2686 901 εὐπρεπὲς
2737 835 2798 886 τὸ
2831 835 2982 902 παρὰ
3031 831 3127 884 τοῦ
3165 830 3375 903 Ἐρμοῦ
3408 831 3508 894 τῆς
3540 827 3637 881 τοῦ

2059 927 2218 994 λόγου
2275 927 2468 994 σοφίας
2527 927 2820 993 φάρμακον
2893 925 3148 993 λογικὸν,
3213 921 3630 986 ἐναντιούμενον

2061 1020 2200 1087 πρὸς
2245 1019 2344 1080 τὰς
2374 1018 2712 1081 ἀκολάστους
2743 1018 3004 1087 δυνάμεις
3056 1017 3154 1084 τῆς
3180 1016 3399 1085 ἡδονῆς,
3435 1013 3629 1075 ὦτ’-τερ

2062 1113 2119 1162 ἐν
2149 1111 2225 1180 τῷ
2273 1111 2427 1181 μύθῳ
2467 1110 2662 1180 βοτάνη
2720 1128 2807 1173 τις
2855 1108 3124 1177 λεγομένη
3151 1105 3322 1176 μῶλυ
3356 1105 3428 1172 (5)
3451 1117 3470 1136 ⁹
3504 1103 3644 1158 ἀλλὰ

2061 1212 2124 1280 δὴ
2175 1212 2269 1263 καὶ
2321 1209 2576 1276 δίστομον
2633 1205 2786 1273 ξίφος
2837 1203 2900 1254 τὸ
2953 1200 3188 1271 χωρίζων
3235 1199 3375 1266 μετὰ
3409 1196 3641 1261 συνετῆς

2061 1304 2315 1374 γνώσεως
2374 1302 2436 1355 τὸ
2488 1301 2650 1354 καλὸν
2701 1300 2763 1350 ὲκ
2818 1295 2912 1350 τοῦ
2952 1294 3228 1365 χείρονος·
3279 1295 3375 1346 καὶ
3425 1291 3486 1343 τὺ
3541 1289 3642 1352 μὲν

2065 1401 2228 1454 καλὸν
2287 1399 2363 1460 ὼς
2408 1395 2684 1464 ὠφέλιμον
2719 1391 3017 1462 προκρίνον
3055 1387 3148 1442 καὶ
3180 1386 3466 1448 συνιστῶν,
3492 1383 3553 1437 τι
3584 1382 3644 1436 δι

2063 1491 2324 1551 ἐναντίον,
2357 1487 2664 1544 ἀποδιῶκόν
2694 1503 2754 1539 τε
2789 1484 2884 1538 καὶ
2921 1480 3275 1551 μεμφόμενον
3300 1495 3314 1511 ο
3345 1476 3493 1531 οὕτω
3523 1476 3636 1544 γὰρ

2063 1588 2160 1640 καὶ
2195 1585 2490 1645 Ὀδυσσεὺς
2521 1583 2581 1634 οὗ
2618 1581 2778 1651 μόνον
2831 1579 3062 1647 ἐξέφυγε
3110 1577 3209 1638 τὰς
3256 1574 3516 1644 γοητείας
3543 1573 3646 1640 τῆς

2063 1678 2301 1746 Κίρκης,
2337 1675 2472 1728 ἀλλὰ
2511 1671 2607 1726 καὶ
2658 1672 2786 1734 τοὺς
2832 1671 3105 1733 παθόντας
3147 1669 3494 1739 ἠλευθέρωσε
3547 1665 3644 1732 φί-

2064 1767 2190 1830 λους
2217 1781 2234 1800 ⁶
2263 1767 2356 1819 καὶ
2398 1765 2492 1818 τὸν
2527 1763 2753 1834 βασιλέα
2776 1762 2999 1830 πρέπει,
3036 1759 3123 1812 ῖνα
3173 1758 3235 1811 οὐ
3286 1757 3446 1827 μόνον
3481 1753 3646 1817 αὐτὸς

2069 1860 2290 1930 ὑπάρχῃ
2317 1855 2616 1918 ἀδούλωτος
2670 1854 2765 1907 καὶ
2815 1850 3244 1920 πεφυλαγμένος
3279 1848 3388 1902 ἀπὸ
3448 1845 3647 1899 πασῶν

2068 1949 2456 2022 ἡδονῶν,ἀλλα
2501 1948 2594 2000 καὶ
2641 1946 2765 2006 τοὺς
2819 1944 3012 2005 ἄλλους
3073 1941 3352 2008 ἐλευθεροῖ
3406 1937 3502 1991 καὶ
3553 1937 3647 1991 διὰ

2067 2043 2229 2108 λόγου
2277 2040 2372 2093 καὶ
2404 2039 2818 2106 ύποδείγματος,
2851 2035 2948 2088 καὶ
2995 2035 3181 2104 ὓμνων
3221 2033 3386 2101 ἱερῶν
3417 2031 3644 2083 ἀκούειν

2069 2133 2334 2202 διηνεκῶς
2365 2131 2467 2201 (ί).
2500 2130 2562 2183 Εί
2593 2129 2726 2198 γοῦν
2778 2129 3026 2200 μεγάλην
3062 2127 3316 2198 προξενεῖ
3357 2127 3536 2197 λύπην
3563 2126 3648 2188 είς

2069 2228 2200 2288 τοὺς
2244 2225 2516 2292 νουνεχεῖς
2551 2223 2642 2277 καὶ
2675 2223 2976 2292 φρονίμους
3014 2222 3338 2290 ἀνθρώπους
3366 2220 3428 2272 rb
3471 2235 3649 2289 παρο-

2077 2321 2176 2391 ρᾷν
2237 2318 2326 2372 τδν
2387 2315 2615 2386 βασιλέα
2667 2316 3016 2385 αίχμάλωτον
3066 2315 3129 2367 τὸ
3192 2315 3454 2385 ὑπήκοοι,
3490 2313 3650 2383 πόσῳ

2079 2411 2278 2484 μᾶλλόν
2307 2411 2423 2463 ἐστι
2452 2406 2698 2479 λυπηρὸν
2734 2407 2827 2460 καὶ
2876 2405 3161 2476 ὀδυνηρὸν,
3195 2406 3291 2459 ἐὰν
3329 2407 3356 2458 ὁ
3389 2406 3651 2475 βασιλεὺς

403 2491 794 2560 molestiusque
829 2499 934 2557 est,
967 2493 1010 2547 si
1044 2491 1183 2546 forte
1218 2507 1310 2546 rex
1343 2501 1537 2562 sponte
1567 2507 1666 2547 sua
1696 2491 1971 2563 pudendis

2082 2499 2420 2563 οἰκειοθελῶς
2468 2498 2814 2566 αἰχμάλωτος
2859 2497 3088 2565 γένηται
3120 2495 3228 2549 ὑπὸ
3271 2496 3380 2548 τῶν
3406 2497 3650 2564 αίσχρῶν

399 2584 771 2652 voluptatibus
827 2584 1015 2647 servit,
1069 2599 1236 2654 seque
1295 2583 1430 2638 risui
1485 2593 1648 2653 atque
1711 2584 1974 2638 conviciis

2082 2592 2284 2663 ἡδονῶν
2305 2631 2319 2652 ,
2356 2590 2452 2643 καὶ
2481 2591 2558 2650 είς
2609 2588 2812 2651 ὄνειδος
2843 2589 2936 2642 καὶ
2985 2588 3201 2656 γέλωτα
3227 2591 3476 2658 καταστῇ
3501 2605 3515 2654 ;
3545 2588 3654 2642 xiv

401 2679 768 2750 adpetendum
803 2678 1066 2732 exhibet?
1090 2678 1179 2746 qui
1216 2678 1432 2731 etiamsi
1475 2677 1527 2729 in
1561 2677 1797 2731 tenebris
1836 2677 1968 2730 faci-

2082 2681 2188 2752 γὰρ
2223 2681 2534 2750 κρύπτηται
2562 2677 2659 2732 καὶ
2692 2677 2967 2748 σπουδάζῃ
3008 2677 3314 2742 λανθάνειν,
3349 2678 3484 2730 ἀλλὰ
3531 2679 3656 2732 δια-

404 2787 536 2825 nora
570 2785 664 2824 sua
695 2769 981 2824 continuere
1010 2779 1242 2838 satagat,
1273 2785 1436 2824 verax
1483 2781 1658 2823 tamen
1691 2769 1974 2824 conScien-

2083 2774 2278 2840 φυγεῖν
2308 2771 2367 2824 οὐ
2397 2771 2620 2824 δύναται
2669 2768 2730 2822 τὸ
2763 2768 2864 2838 τῆς
2899 2770 3262 2839 συνειδήσεως
3307 2769 3527 2840 ἀληθὲς,
3558 2773 3656 2826 καὶ

404 2863 492 2912 ηιξ
518 2877 630 2916 suae
659 2861 1036 2916 testimonium
1081 2861 1318 2932 eli‘ugere
1351 2863 1561 2933 nequit,
1591 2863 1794 2934 Deique
1837 2879 1974 2934 prae-

2088 2864 2324 2936 μάλιστα
2374 2863 2468 2916 τὸν
2525 2863 2593 2916 τὰ
2657 2863 2879 2932 κρυπτὰ
2928 2863 3196 2933 βλέποντα
3262 2867 3659 2935 παντεπόπτην

404 2955 590 3006 sertim
645 2954 1041 3008 omnituentem
1081 2957 1325 3017 oculum,
1361 2955 1453 3024 qui
1495 2965 1720 3011 secretae
1761 2971 1974 3028 quoque

2082 2955 2360 3026 ὀφθαλμὸν
2413 2954 2508 3008 τοῦ
2561 2953 2721 3016 Θεοῦ,
2776 2954 2871 3007 καὶ
2925 2956 2992 3007 τὰ
3050 2956 3150 3024 τῆς
3201 2956 3463 3026 αἰσχύνης
3519 2957 3662 3028 ἔργα

405 3044 760 3112 turpitudinis
787 3060 952 3115 opera
996 3047 1124 3102 odio
1159 3050 1528 3117 prosequitur.
1561 3049 1768 3104 Praeter
1810 3064 1974 3119 quam

2091 3049 2395 3118 μισοῦντα·
2427 3050 2560 3103 ὅπου
2617 3064 2672 3100 τε
2729 3047 2798 3100 τὰ
2843 3049 3064 3103 πλείονα
3117 3049 3208 3104 καὶ
3266 3051 3313 3103 oi
3377 3052 3660 3121 ἄνθρωποι

405 3137 548 3203 quod
577 3137 822 3192 homines
861 3153 1078 3208 quoque
1108 3140 1369 3210 pleraque
1409 3141 1720 3207 observant,
1751 3143 1974 3211 risuque

2087 3144 2377 3216 βλέποντες
2418 3141 2763 3210 καταγελῶσι
2800 3143 2900 3194 καὶ
2929 3141 3270 3208 διασύρουσι,
3307 3147 3396 3197 καὶ
3423 3146 3450 3196 ὁ
3483 3119 3664 3212 γέλως

405 3239 458 3281 οι
509 3227 810 3284 maledictis
858 3229 1146 3297 diﬂerunt;
1187 3247 1360 3302 eaque
1406 3233 1590 3289 irrisio
1633 3235 1686 3289 in
1733 3234 1974 3292 futurum

2085 3237 2523 3310 παραπέμπεται
2567 3233 2662 3287 καὶ
2693 3236 2772 3297 είς
2824 3235 2950 3296 τοὺς
2981 3235 3183 3304 ἑφεξῆς
3226 3237 3449 3304 χρόνους
3475 3253 3489 3267 ο
3531 3239 3665 3290 πολ-

408 3336 624 3388 quoque
677 3331 893 3392 tempus
957 3338 1303 3394 propagatur.
1363 3325 1503 3383 Ecce
1570 3329 1716 3382 enim
1782 3330 1974 3386 multos

2083 3330 2208 3391 λοὺς
2273 3328 2382 3397 γὰρ
2455 3326 2724 3397 βλέπομεν
2779 3329 2837 3380 ὲν
2895 3327 3006 3390 τοῖς
3077 3328 3371 3396 ἱστορικοῖς
3431 3328 3669 3398 βιϐλίοις

407 3411 658 3466 videmus
699 3413 751 3465 in
809 3415 1078 3470 historicis
1113 3417 1268 3473 libris
1316 3417 1541 3474 infamia
1594 3434 1923 3490 conspersos
1963 3438 1974 3476 :

2088 3420 2497 3493 ὑϐριζομένους⁸
2540 3421 2641 3473 καὶ
2671 3419 2960 3484 πλείστους
2988 3421 3414 3490 ἔπαινουμένονς
3445 3423 3538 3478 διὰ
3560 3424 3667 3491 τὴν

411 3505 674 3570 plurimos
722 3506 848 3560 item
906 3517 1125 3577 propter
1170 3525 1330 3565 suum
1366 3511 1718 3568 honestorum
1754 3529 1974 3584 operum

2085 3513 2216 3582 περὶ
2244 3513 2314 3564 τὰ
2359 3511 2502 3564 καλὰ
2553 3509 2790 3580 σπουδὴν
2825 3511 3031 3576 αὐτῶν,
3067 3513 3164 3564 καὶ
3207 3516 3287 3573 είς
3315 3515 3542 3566 αἰωνίαν
3565 3514 3668 3568 καὶ

408 3597 650 3651 studium
684 3597 844 3653 laude
877 3609 1160 3664 mactatos,
1196 3609 1363 3671 atque
1392 3613 1610 3658 aeterna;
1635 3613 1974 3673 posterorum

2084 3605 2311 3676 διηνεκῆ
2369 3604 2594 3674 μνήμην
2637 3603 3134 3675 περιλαλωμένους
3163 3606 3256 3659 xui.
3297 3601 3669 3678 παραπεμπο-

411 3689 686 3742 memoria:
737 3693 958 3759 perenni
1003 3707 1126 3746 cum
1176 3691 1322 3748 fama
1353 3693 1601 3750 traditos.
1633 3695 1742 3750 Rex
1771 3696 1974 3753 Graeco-

2091 3698 2313 3768 μένους.
2368 3696 2632 3761 Βασιλεὺς
2700 3696 2968 3768 Ἐλλήνων
3035 3697 3403 3770 Ἀλέξανδρος,
3432 3703 3670 3768 νικήσας

413 3793 531 3830 rum
561 3778 867 3833 Alexander
897 3789 1020 3849 post
1046 3781 1314 3836 devictum
1349 3781 1594 3847 Darium,
1635 3783 1772 3837 ﬁlias
1824 3784 1974 3852 hujus

2091 3792 2336 3860 Δαρεῖον,
2366 3790 2459 3843 καὶ
2502 3787 2606 3852 τὰς
2639 3788 2852 3842 ἐκείνου
2885 3789 3193 3862 θυγατέρας
3221 3790 3295 3854 ὡς
3329 3792 3670 3862 προτίμησιν

414 3870 817 3936 ρυιι·1ιτίιιιι1ἱιιθ
867 3873 1002 3925 mira
1051 3874 1395 3943 conspicuas,
1426 3889 1524 3929 ceu
1561 3875 1858 3929 maximum
1908 3875 1988 3928 vi-

414 3960 599 4016 ctorite
657 3964 936 4032 premium
989 3965 1091 4018 sibi
1147 3966 1380 4032 oblatas,
1415 3981 1484 4018 ne
1533 3965 1718 4020 videre
1763 3966 1987 4036 quidem

418 4067 609 4120 passus
645 4063 765 4120 est;
795 4056 998 4124 aitque,
1044 4065 1204 4126 turpe
1258 4057 1396 4121 fore,
1425 4057 1471 4111 si
1515 4056 1560 4112 is
1608 4056 1700 4126 qui
1733 4057 1882 4112 viros
1913 4057 1988 4111 vi-

416 4146 600 4204 cisset.
630 4160 660 4199 a
707 4144 924 4200 feminis
952 4148 1284 4202 vinceretur.
1312 4149 1435 4219 Cyri
1473 4147 1754 4203 Medorum
1796 4149 1990 4204 Persa-

420 4253 648 4304 rumque
679 4238 821 4304 regis
854 4253 948 4305 par
984 4242 1155 4294 virtus
1191 4239 1311 4296 fuit.
1343 4239 1479 4295 Nam
1509 4249 1563 4296 et
1597 4241 1684 4296 hic
1712 4242 1990 4310 superatis

417 4343 534 4382 acie
567 4329 825 4400 Assyriis,
862 4339 1022 4398 atque
1061 4333 1128 4385 ab
1178 4333 1420 4387 exercitu
1455 4348 1578 4399 suo,
1606 4335 1989 4390 manubiarum

2093 3881 2194 3949 τῆς
2229 3879 2386 3948 νίκης
2441 3879 2530 3932 διὰ
2579 3877 2639 3931 τὸ
2673 3878 3036 3949 ύπερόολικδν
3083 3880 3177 3934 τοῦ
3223 3881 3452 3948 κάλλους
3499 3899 3671 3954 προσ.

2089 3972 2363 4039 αγομένας
2412 3969 2580 4040 αὐτῷ.
2615 3971 2736 4024 οὐδὲ
2791 3971 2921 4023 ίδεῖν
2975 3972 3304 4038 κατεδέξατο
3329 3986 3343 4002 ⁸
3375 3971 3546 4026 είττὼν
3578 3975 3672 4028 αἱ·

2094 4061 2296 4130 σχύνης
2323 4061 2476 4128 ἄξιον
2502 4057 2641 4115 εἶναι
2673 4064 2897 4131 νικῆσαι
2929 4063 3030 4130 μὲν
3060 4063 3282 4134 ἄνδρας,
3318 4063 3422 4118 ὑπὸ
3465 4081 3669 4134 γυναι-

2095 4153 2207 4208 κῶν
2235 4154 2291 4208 δὲ
2313 4154 2638 4224 ἡττηθῆναι.
2672 4155 2902 4224 ’Ὅμοιον
2931 4155 2988 4210 δὲ
3014 4155 3189 4223 τούτῳ
3222 4158 3447 4229 ἐποίησε
3483 4159 3672 4228 Κύρος

2093 4247 2122 4299 ὁ
2146 4245 2251 4299 τῶν
2295 4245 2494 4314 Μήδων
2553 4245 2647 4298 καὶ
2678 4245 2908 4316 Περσῶν
2949 4246 3206 4315 βασιλεύς
3231 4263 3244 4279 ο
3280 4250 3508 4316 νικήσας
3559 4249 3675 4320 γὰρ

2095 4338 2185 4390 τὸν
2217 4336 2452 4405 πόλεμον
2485 4336 2804 4407 Ἀσσυρίων,
2834 4339 2929 4390 καὶ
2960 4338 3110 4407 παρὰ
3141 4337 3233 4392 τοῦ
3259 4340 3675 4408 στρατεύματος

423 4422 666 4476 nomine.
722 4421 1004 4475 Sosiorum
1068 4423 1250 4492 regina
1305 4423 1561 4489 donatus,
1619 4441 1741 4494 quae
1799 4426 1970 4496 insign

2096 4428 2196 4494 τὴν
2228 4428 2335 4479 τῶν
2372 4427 2616 4481 Σουσίων
2663 4428 2911 4495 βασιλίδα
2961 4429 3040 4498 (5)
3089 4429 3164 4492 ὡς
3215 4431 3456 4498 λάφυρον
3495 4431 3678 4484 λαδὼν

421 4511 590 4566 {oi-ina
617 4516 925 4580 praesumat,
958 4515 1153 4584 regina:
1183 4517 1228 4572 is
1262 4517 1477 4587 quidem
1513 4533 1761 4588 magnam
1799 4533 1988 4576 curam

420 4609 618 4678 gessit;
646 4611 959 4678 ceteroquin
993 4611 1164 4679 ipsam
1194 4614 1438 4679 aspicere
1463 4611 1753 4677 recusavit,
1783 4611 1990 4679 dicens,

419 4713 556 4766 opus
596 4714 718 4753 esse
772 4709 830 4754 ut
877 4700 1150 4770 pudicitia:
1199 4715 1351 4771 reges
1405 4701 1662 4758 custodes
1697 4701 1846 4767 (iant,
1885 4717 1992 4757 non

421 4789 800 4859 insidiatores;
857 4801 971 4846 tum
1031 4791 1158 4860 quia
1216 4790 1270 4845 id
1320 4805 1635 4861 supremam
1674 4793 1992 4864 dignitatem

423 4883 599 4943 decet,
659 4891 771 4934 tum
824 4883 949 4952 quia
1013 4881 1271 4952 pudicitia
1326 4881 1702 4936 fortitudinem
1755 4883 1994 4953 pruden-

426 4974 662 5041 tiamque
708 4982 996 5027 conservat
1041 4981 1095 5027 et
1141 4975 1378 5041 cepulat.
1412 4970 1622 5027 Revera
1658 4975 1750 5042 qui
1804 4990 1863 5029 se
1898 4991 1994 5029 vo-

428 5067 693 5131 luptatum
732 5062 999 5116 famulitio
1045 5060 1327 5126 addicunt,
1362 5076 1425 5116 ac
1458 5061 1721 5117 furiosum
1756 5063 1990 5119 femina-

428 5169 546 5208 rum
581 5167 820 5206 amorem
861 5166 970 5223 prae
996 5167 1053 5208 se
1082 5150 1288 5220 ferunt,
1323 5151 1620 5224 eﬂ‘usisque
1654 5155 1985 5225 habenislad

507 5359 584 5426 (5)
616 5357 803 5427 Odyss.
843 5373 898 5418 ι.
927 5358 1057 5413 505.

500 5431 576 5500 (4)
616 5429 858 5500 Ilynmus
889 5444 1078 5500 reapse
1109 5429 1412 5485 laudntivus
1439 5445 1466 5482 a
1501 5428 1694 5486 Photio
1723 5432 1984 5497 scriptus,

430 5498 592 5568 atque
626 5513 721 5551 ore
749 5499 1010 5571 Ecclesiae
1050 5498 1226 5556 dictus
1256 5501 1322 5555 ad
1372 5500 1632 5554 Basiliuzn
1691 5504 1988 5571 imperato-

431 5587 567 5634 rem,
597 5578 777 5623 esstat
818 5571 870 5620 in
913 5569 1244 5622 melodorum
1281 5571 1608 5624 iueditoruzn
1642 5569 1828 5626 codice
1854 5571 1986 5624 Bar-

432 5641 641 5697 berinn,
676 5639 742 5692 de
766 5652 872 5706 quo
929 5638 1144 5708 locutus
1198 5655 1317 5692 sum
1378 5639 1430 5692 in
1464 5643 1664 5708 prioris
1701 5643 1990 5695 voluminis

435 5710 769 5780 praefatione,
798 5725 850 5776 p.
879 5707 968 5762 Η.
996 5707 1216 5762 Videtur
1247 5725 1377 5780 ergo
1414 5707 1471 5762 in
1493 5709 1803 5765 Graecorum
1841 5727 1990 5764 more

434 5777 664 5844 positum
727 5777 915 5846 fuisse,
981 5787 1035 5832 ut
1073 5777 1341 5850 principes
1399 5796 1530 5834 suos
1586 5796 1759 5835 sacrzs
1815 5793 1966 5835 etut

2100 4519 2188 4572 διὰ
2212 4520 2312 4588 τὴν
2341 4519 2435 4572 τοῦ
2469 4519 2700 4583 κάλλους
2748 4521 3078 4592 ὑπερϐολὴν,
3107 4521 3307 4592 πολλὴν
3356 4522 3456 4590 μὲν
3501 4523 3678 4593 αὐτῆς

2103 4611 2400 4679 ἐποιήσατο
2442 4611 2786 4681 ἐπιμέλειαν,
2840 4614 2970 4666 ίδεῖν
3024 4613 3081 4666 δὲ
3137 4614 3368 4674 οὐδόλως
3418 4613 3680 4683 ἠξίωσεν,

2102 4704 2527 4774 ἀποφηνάμενος
2564 4705 2815 4772 φύλακας
2864 4701 3002 4760 εἶναι
3035 4707 3140 4777 χρὴ
3171 4707 3269 4777 τῆς
3318 4706 3684 4776 σωφροσύνης

2102 4795 2224 4859 τοὺς
2281 4795 2543 4866 βασιλεῖς,
2577 4795 2692 4849 ἀλλ’
2726 4797 2825 4850 ούκ
2871 4799 3216 4863 έπιόούλους,
3249 4799 3338 4852 διά
3377 4815 3432 4850 τε
3475 4801 3536 4850 τὸ
3574 4800 3683 4866 μὲ-

2103 4886 2262 4954 γεθος
2311 4887 2410 4953 τῆς
2454 4885 2635 4952 ἀξίας,
2683 4888 2776 4940 καὶ
2812 4889 2893 4941 ὅτι
2944 4890 3266 4961 σωφροσύνη
3298 4889 3554 4960 ἀνδρείαν
3584 4895 3687 4943 καὶ

2096 4980 2358 5049 φρόνησιν
2405 4980 2624 5050 συνέχει
2657 4997 2715 5033 τε
2761 4980 2858 5033 καὶ
2905 4981 3165 5034 συνάπτει
3191 4995 3206 5012 ο
3245 4983 3306 5036 τὸ
3347 4981 3457 5052 γὰρ
3485 4982 3694 5035 δουλω-

2094 5066 2253 5136 θῆναι
2315 5071 2435 5131 ταῖς
2487 5071 2702 5139 ἡδοναῖς
2761 5073 2855 5125 καὶ
2930 5075 3310 5143 γυναικομανῆ
3362 5077 3686 5142 φαίνεσθαι,

2097 5159 2192 5210 καὶ
2242 5156 2431 5228 ὥσπερ
2462 5159 2548 5212 διὰ
2603 5159 2822 5228 χαλινοῦ
2872 5161 3006 5230 πρὸς
3051 5162 3118 5215 τὰ
3170 5162 3370 5233 αἰσχρὰ
3406 5164 3679 5234 φέρεσθαι

2097 5361 2316 5437 hymnis
2348 5360 2864 5437 celebrarent.__Nisi
2889 5365 3041 5437 torte
3070 5363 3410 5437 Nicephorus
3435 5365 3692 5437 respicit

2098 5433 2283 5504 petius
2317 5433 2383 5486 ad
2421 5433 2652 5504 hymnos
2687 5435 2832 5496 illos,
2869 5435 2935 5488 de
2965 5439 3170 5503 quibus
3207 5433 3377 5490 'l’lato
3423 5433 3688 5504 Lngvut.

2099 5518 2152 5572 p.
2187 5503 2292 5558 800
2326 5517 2446 5570 sqq.
2473 5503 2562 5556 ed.
2587 5502 2740 5557 Serr.
2777 5504 2868 5558 Vel
2900 5502 3285 5572 explicandum
3312 5514 3420 5573 est,
3458 5502 3573 5560 tum
3594 5523 3694 5559 sa-

2096 5574 2198 5626 cris
2235 5574 2721 5642 Ityvnnisiperpetuo
2759 5575 3071 5630 audiendis.

2169 5643 2245 5711 (ὅ)
2273 5645 2414 5715 Lege
2437 5643 2865 5715 Xenophontem
2929 5643 3130 5715 Cyrop.
3158 5646 3252 5701 lib.
3287 5662 3341 5709 ν,
3370 5646 3421 5701 Ι.
3465 5643 3690 5701 Addere

2099 5711 2588 5852 lligp)b‘ait"t’lrixcap;
2606 5714 2828 5783 majoris
2858 5711 3192 5786 exemplum,
3221 5717 3364 5787 quod
3400 5728 3486 5773 est
3537 5716 3685 5784 apud

2400 5821 2413 5846 ,
2473 5823 2488 5847 ,
2597 5820 2613 5838 .
