3888 6460
239 349 352 414 649

1497 352 1596 414 DE
1640 349 1880 412 REGIS
1920 345 2282 412 OFFICIlS.

3411 345 3518 411 650

238 479 358 518 των
389 464 690 526 ἐπιστάτας
717 463 813 519 καὶ
839 465 1132 538 ἄρχοντας,
1159 466 1254 519 καὶ.
1274 464 1401 530 τοὺς
1419 466 1501 530 είς
1533 463 1821 538 διατροχὴν

1937 478 2044 531 que
2085 464 2384 517 conferret.
2424 462 2488 518 Et
2540 471 2720 521 tamen
2767 463 2854 520 his
2903 459 3081 531 actis,
3129 460 3198 518 ab
3245 477 3355 519 uno
3407 463 3517 518 Deo

238 558 645 626 τεταγμένους.
675 561 768 612 καὶ
790 562 974 613 πᾶσαν
1022 559 1328 628 ἀσφάλειαν
1371 561 1688 632 ἐμηχανᾶτο
1725 557 1830 612 ’καὶ

240 651 652 720 κατοχύρωσιν.
686 652 877 721 Ὅμως
909 655 1003 707 καλ⁸
1044 654 1218 708 ταῦτα
1249 658 1430 710 πάντα
1474 656 1664 718 ποιῶν,
1721 656 1830 710 ἀπὸ

245 744 414 812 μόνου
443 744 538 797 τοῦ
594 745 826 814 ὑψίστου
855 747 992 800 Θεοῦ
1024 748 1219 817 ἤλπιζε
1252 749 1348 802 κοιλ⁵
1384 749 1692 820 προσεδόκα
1727 747 1829 816 τὴν

243 834 669 903 ἀπολύτρωσιν’
703 837 799 891 καὶ
843 836 1018 892 νύκτα
1075 841 1172 892 καὶ
1207 840 1425 909 ἡμέραν
1459 842 1520 892 ὲν
1564 839 1826 910 συντριϐῇ

241 927 476 996 καρδίας
499 928 682 997 ἐζήτει
722 931 817 982 καὶ
851 931 1156 1000 παρεκάλει
1209 931 1310 1000 τὴν
1360 931 1686 1004 ἀπαλλαγὴν
1717 932 1829 983 τῶν

239 1017 471 1070 δεινῶν·
507 1022 595 1074 διὰ
639 1021 802 1074 τοῦτο
851 1023 978 1076 οὐδὲ
1004 1023 1114 1076 τῶν
1169 1025 1404 1078 ἐλπίδων
1437 1027 1714 1095 ἀπέτυχεν
1739 1039 1754 1056 ⁸
1800 1026 1828 1077 ὁ

237 1112 356 1180 γὰρ
384 1113 720 1184 Σεναχερεὶμ
753 1118 780 1170 ὁ
815 1117 1024 1188 θρασὺς
1078 1119 1174 1171 καὶ
1216 1119 1528 1190 ὑπέρογκος
1586 1120 1705 1189 ἅμα
1749 1118 1828 1191 τῷ

244 1207 582 1276 προσϐαλεῖν
615 1213 682 1280 τῇ
709 1209 863 1282 χώρᾳ
892 1214 1002 1264 τῶν
1027 1211 1326 1280 Ἰουδαίων,
1365 1213 1472 1266 ὑπὸ
1501 1214 1708 1277 δειλίας
1733 1231 1830 1284 με-

240 1301 481 1363 τάμελος
499 1300 764 1370 γεγονὼς.
803 1304 1009 1374 ἤρξατο
1039 1305 1266 1374 φεύγειν
1295 1320 1309 1336 ⁸
1355 1308 1484 1371 τοὺς
1501 1307 1558 1360 δὲ
1590 1319 1828 1378 στρατη.

239 1396 375 1460 γοὺς
393 1394 560 1448 αὑτοῦ
599 1399 734 1465 μετὰ
761 1396 960 1452 πολλοῦ
985 1399 1401 1470 στρατεύματος
1432 1402 1626 1454 ἐκεῖσε
1661 1403 1827 1456 κατέ-

239 1486 397 1552 λιπε,
439 1487 532 1542 τὸν
559 1491 796 1560 πόλεμον
817 1493 1002 1556 αὐτοῖς
1042 1493 1395 1562 ἀναθέμενος.
1426 1493 1738 1578 ’ᾼπέστειλε
1767 1497 1825 1578 εει

240 1581 326 1649 τῷ
353 1583 565 1652 βασιλεῖ
594 1581 819 1657 Ἐζεκίᾳ
847 1587 1155 1658 γράμματα
1191 1581 1542 1658 βλασφημίας
1569 1591 1662 1642 καὶ
1686 1589 1827 1644 ὀνει-

235 1675 473 1744 δισμοὺς
505 1677 721 1748 ἔχοντα,
781 1679 927 1752 ἆπερ
967 1680 997 1733 ὁ
1053 1679 1218 1750 σοφὸς
1267 1681 1523 1752 βασιλεὺς
1553 1681 1822 1750 ἀναγνοὺς

237 1771 340 1822 καὶ
365 1769 466 1841 τὴν
491 1771 727 1841 καρδίαν
761 1773 1017 1843 πληγεὶς,
1055 1775 1195 1843 μετὰ
1222 1771 1486 1844 πλείστης
1515 1773 1694 1843 λύπης
1727 1773 1822 1827 καὶ

1938 556 2209 611 altissimo
2226 555 2455 612 salutem
2486 560 2858 628 exspectabat,
2890 569 2943 612 et
2969 560 3059 613 diu
3093 555 3366 629 noctuque
3391 574 3515 613 cum

1939 651 2124 705 cordis
2191 651 2274 705 sui
2335 653 2668 708 contritione
2723 654 3191 723 propulsationem
3245 653 3514 708 malorum

1940 743 2284 810 implorabat.
2320 744 2500 810 Quare
2530 761 2705 815 neque
2739 762 2864 813 spes
2891 747 3015 816 ej'us
3053 747 3168 801 lusa
3221 745 3342 800 fuit.
3391 747 3518 800 Ete-

1939 837 2050 889 nim
2077 839 2249 890 audax
2281 837 2371 890 ille
2402 846 2456 892 et
2483 840 2756 909 superbus
2789 840 3217 896 Seuacherimus
3262 840 3427 894 simul
3454 855 3516 894 ac

1939 928 2252 983 ludatorum
2288 931 2564 1001 regionem
2601 934 2800 1002 attigit,
2833 934 3026 988 timore
3055 933 3281 1002 resipnit
3304 937 3518 1002 lugam-

1938 1037 2048 1092 que
2078 1026 2413 1092 capessivit;
2447 1025 2620 1081 duces
2658 1034 2839 1081 tamen
2866 1042 2996 1082 suos
3022 1026 3226 1081 ibidem
3269 1028 3513 1096 reliquit,

1937 1115 2140 1184 quibus
2176 1117 2302 1172 belli
2365 1133 2636 1174 summam
2684 1120 2983 1174 mandavit.
3035 1117 3177 1174 Tum
3233 1121 3298 1175 ad
3333 1137 3514 1191 regem

1939 1208 2189 1265 Ezeeiam
2241 1208 2458 1267 litteras
2506 1212 2862 1283 blasphemiis
2911 1214 3286 1286 conviciisque
3327 1217 3517 1286 plenas

1939 1299 2109 1365 misit,
2143 1293 2342 1371 quibus
2370 1317 2466 1359 rex
2504 1313 2659 1360 catus
2692 1305 2855 1360 lectis
2878 1345 2892 1368 ,
2927 1305 3095 1361 corde
3125 1301 3514 1378 ingemiscens,

1938 1393 2108 1448 multo
2143 1411 2265 1450 cum
2300 1412 2536 1453 maerore
2570 1407 2734 1468 atque
2761 1397 2965 1467 eiulatu
2999 1400 3065 1454 ad
3091 1402 3348 1472 templum
3383 1418 3518 1457 con-

1937 1485 2154 1554 tendit;
2183 1485 2368 1557 ibique
2391 1487 2588 1544 iterum
2622 1490 2762 1546 lecta
2781 1489 3030 1560 cpistola,
3064 1491 3256 1560 Deum,
3292 1503 3351 1550 ut
3377 1494 3517 1548 blas-

1935 1577 2276 1648 phemiarum
2327 1582 2470 1637 ultor
2519 1584 2693 1650 ﬁeret,
2736 1585 2824 1642 his
2863 1587 3045 1642 verbis
3113 1588 3324 1660 rogavit
3362 1604 3377 1644 :
3412 1588 3517 1643 Re-

1933 1671 2106 1739 spice,
2135 1669 2364 1727 Domine
2391 1677 2756 1746 exercituum,
2787 1694 2909 1749 qua:
2955 1681 3202 1735 convicia
3239 1681 3513 1736 Senachu-

1935 1763 2106 1819 rimus
2151 1764 2431 1823 dementia
2489 1765 2748 1838 fastuque
2810 1771 2986 1826 elatus
3041 1772 3308 1828 adversus
3355 1782 3509 1826 tuum

238 1864 559 1935 στεναγμοῦ
607 1867 1025 1936 καταλαμϐάνει
1057 1867 1196 1937 πρὸς
1224 1867 1318 1920 τδν
1350 1867 1477 1921 ναόν
1497 1882 1514 1900 ⁶
1572 1869 1668 1921 καὶ
1694 1867 1821 1923 ἀνα-

1931 1859 2308 1914 sauctuarium
2344 1861 2664 1933 conjecerit.
2703 1863 2878 1919 Serva
2927 1880 3029 1921 nos
3064 1866 3130 1920 de
3159 1881 3323 1921 manu
3371 1867 3514 1937 ejus,

234 1961 410 2027 γνοὺς
438 1963 493 2011 ὲν
528 1959 607 2030 τῷ
635 1960 767 2030 ἱερῷ
799 1960 898 2031 τὴν
925 1962 1242 2033 ἐπιστολὴν.
1280 1962 1372 2014 τὸν
1401 1961 1536 2015 Θεδν
1554 1961 1827 2031 προκαλεί

235 2053 501 2120 γενέσθαι
533 2052 642 2105 τῶν
670 2052 1180 2124 βλασφημουμένων
1206 2054 1521 2124 ἐκδικητὴν,
1564 2054 1824 2109 ἱκετεύων

233 2144 470 2198 τοιαῦτα
501 2140 636 2212 (5|l'
669 2158 691 2197 ι
731 2146 1049 2215 ’Ὶδε,Κύριε
1069 2144 1320 2209 Σαϐαὼθ,
1345 2147 1445 2200 ὅσα
1476 2147 1824 2216 Σεναχερεὶμ

233 2238 300 2302 ἐξ
327 2237 581 2299 ἀπονοίας
617 2239 711 2290 καὶ
777 2237 1062 2306 ἐπάρσεως
1110 2237 1385 2291 ὠνείδισεν
1430 2240 1510 2301 είς
1542 2237 1602 2290 τὸ
1643 2239 1823 2306 ἅγιον.

235 2333 426 2384 Σῶσον
459 2334 608 2402 ἡμᾶς
639 2323 703 2384 ἒκ
751 2330 939 2402 χειρὸς
979 2331 1171 2398 αὐτοῦ,
1203 2333 1473 2385 Δέσποτα·
1517 2333 1710 2400 γνώτω
1741 2331 1823 2384 ὅτι

237 2427 309 2480 σὺ
342 2423 392 2478 εί
419 2427 580 2495 μόνος
613 2425 781 2487 θεὸν
823 2445 842 2476 ι
879 2425 931 2478 τί
971 2421 1100 2489 οὗνς
1131 2427 1159 2479 ὁ
1197 2428 1310 2488 τοῖς
1344 2428 1675 2494 στεναγμοῖς
1712 2424 1826 2479 τῶν

236 2516 326 2577 είς
347 2515 513 2567 αὐτὸν
541 2514 855 2584 ἠλπικότων
875 2513 1117 2585 ἕτοιμος,
1146 2517 1174 2569 δ
1193 2517 1497 2586 συντρίϐων
1526 2517 1823 2585 πολέμους,

233 2611 264 2661 ὁ
294 2609 655 2662 καταϐάλλων
719 2609 1125 2678 ὑπερηφάνους,
1155 2612 1183 2663 ὁ
1223 2610 1473 2664 θανατῶν
1512 2611 1752 2677 ἀσεϐεῖς,
1797 2613 1825 2665 ὁ

236 2703 326 2766 είς
358 2702 487 2774 ᾅδου
518 2701 775 2770 κατάγων
811 2701 1198 2770 ἁμαρτωλοὺς,
1239 2701 1523 2756 δεκαοκτὼ
1553 2703 1823 2772 μυριάδας

234 2799 354 2849 τῶν
388 2795 688 2865 πολεμίων,
723 2794 862 2847 ἁλλά
896 2794 993 2849 καὶ
1027 2795 1275 2864 χιλιάδας
1309 2795 1493 2848 αὐτῶν
1541 2794 1726 2858 πέντε,
1766 2798 1824 2848 ὲν

238 2892 348 2962 μιᾷ
400 2891 558 2943 νυκτὶ
587 2891 817 2958 άναιρείυ
847 2889 942 2942 καὶ
982 2888 1036 2941 oi
1088 2890 1191 2958 τὴν
1245 2887 1340 2942 τοῦ
1387 2887 1524 2942 Θεοῦ
1567 2889 1723 2942 πόλιν
1762 2892 1822 2943 ὲν

234 2985 498 3055 συντόμῳ
531 2982 949 3054 ὶγκαυχὼμενοι
974 2983 1312 3036 καταδαλείν
1341 2982 1539 3046 ἀθλίως
1563 2983 1658 3036 καὶ
1688 2983 1826 3055 παρ’

231 3077 438 3131 ἐλπίδα
470 3077 840 3133 ἀποϐάλλουσι
874 3077 973 3146 τὴν
997 3075 1165 3147 ζωὴν,
1197 3076 1292 3129 καὶ
1323 3077 1380 3128 ὲν
1417 3077 1518 3148 μιᾷ
1543 3078 1685 3149 ῥοπῇ
1705 3079 1825 3147 uix-

234 3174 645 3246 μαλωτίζονται
685 3173 784 3236 τάς
811 3172 1026 3243 ψυχάς·
1054 3172 1211 3240 μόλις
1247 3171 1307 3225 δὲ
1347 3171 1377 3225 ὁ
1413 3171 1707 3242 Ἀσσύριος
1729 3189 1828 3243 τη-
1853 3207 1896 3265 C

231 3267 474 3323 νικαῦτα
534 3266 632 3322 τὸν
689 3266 916 3336 ὄλεθρον
947 3265 1226 3335 ἐκφυγὼν,
1275 3264 1422 3328 ὅπως
1456 3265 1522 3320 ἂν
1563 3265 1820 3337 αἴσθησιν

227 3363 394 3418 λάϐοι
420 3362 521 3432 τῆς
549 3361 645 3415 τοῦ
691 3361 1192 3432 βλασφημουμένου
1232 3360 1539 3429 δυνάμεως,
1577 3361 1726 3423 ὅπως
1754 3359 1821 3414 ἂν

228 3455 503 3526 αἰσχύνην
534 3454 884 3524 περιδάλοιτο
918 3453 993 3518 ὡς
1014 3452 1246 3525 ἔνδυμα.
1299 3453 1397 3505 καὶ
1427 3451 1653 3522 ἀτιμίας
1677 3454 1820 3526 πλη-

231 3551 440 3622 ρωθείη
492 3549 553 3606 τὸ
580 3552 894 3622 πρόσωπον,
937 3552 1034 3605 καὶ
1064 3551 1518 3622 κατεγνωσμένος
1561 3553 1660 3623 τὴν
1705 3553 1816 3606 τῶν

230 3643 540 3699 Νινευίτῶν
560 3641 864 3697 καταλάδοι
886 3657 901 3672 ⁸
932 3643 1162 3714 ὕστερον
1195 3643 1348 3712 παρὰ
1377 3644 1486 3695 τῶν
1507 3643 1672 3696 αὑτοῦ
1693 3643 1820 3696 παίο

233 3738 348 3789 δων
381 3739 827 3805 κατασφάττεται
849 3752 864 3768 ⁸
897 3737 1058 3802 ἀξίαν
1086 3735 1365 3806 τιμωρίαν
1393 3734 1640 3798 δλὺςμῦς
1675 3735 1816 3805 μετά

236 3829 601 3902 βλασφημίας
629 3831 890 3898 ἐκμανεὶς
920 3829 1066 3882 κατά
1112 3827 1207 3882 τοῦ
1241 3826 1610 3898 πεποιηκότος
1655 3826 1814 3882 Θεοῦ.

233 3923 505 3986 Βασιλεὺς
537 3923 802 3986 Ἰουδαίας
832 3918 900 3984 ἦν
947 3924 974 3975 ὁ
1009 3920 1281 3989 Ἰωσαφάτ
1310 3920 1423 3992 (52)
1463 3920 1676 3975 πολλῶν
1725 3924 1817 3974 καὶ

230 4017 518 4089 διαφόρων
577 4017 748 4070 ἐθνῶν
798 4015 1286 4087 συμφωνησάντων
1335 4013 1458 4068 κατ’
1510 4014 1699 4076 αὑτοῦ,
1759 4012 1818 4078 ἐξ

233 4115 493 4181 ἀνάγκης
551 4110 648 4164 καὶ
673 4108 834 4172 αὐτὸς
868 4108 1007 4178 μετὰ
1043 4107 1280 4176 σπουδῆς
1337 4107 1647 4177 ἡτοιμάσοη
1678 4105 1839 4177 πρὸς.

230 4206 630 4276 ἀντιμάχησιν,
666 4202 1027 4274 συναθροίσας
1055 4201 1152 4256 καὶ
1171 4199 1517 4263 καθοπλίσας
1542 4199 1619 4264 ὡς
1652 4198 1816 4267 ἔπρε-

237 4315 314 4353 πε
333 4299 425 4352 τὸν
455 4299 658 4352 οίκείον
689 4295 840 4361 λαὸν,
878 4293 972 4350 καὶ
997 4295 1068 4349 τὰ
1098 4298 1196 4367 τῆς
1229 4296 1537 4367 πολεμικῆς
1566 4290 1815 4350 ’καθόσον

229 4389 306 4465 ἦν
343 4391 571 4446 δυνατδν
638 4385 1064 4462 προδιαθέμενος
1097 4391 1316 4458 ἄριστα.
1375 4389 1520 4461 Πλὴν
1551 4387 1674 4442 οὔτε
1737 4388 1815 4459 τῷ

233 4483 439 4552 πλήθει
459 4482 572 4534 τῶν
591 4479 976 4549 πολεμούντων
1016 4479 1128 4548 (53)
1165 4478 1496 4550 ἐθάρρησεν,
1543 4478 1667 4532 οὔτε
1703 4481 1814 4542 τοϊς

1932 1947 2180 2006 Domine.
2217 1951 2433 2009 Sentiat
2479 1955 2568 2009 ille
2603 1956 2772 2011 Deum
2807 1967 2858 2014 te
2880 1973 3024 2014 esse.
3059 1957 3200 2024 Quid
3237 1975 3368 2031 ergo
3402 1963 3513 2034 egit

1930 2042 2020 2096 ille
2047 2045 2140 2114 qui
2172 2047 2512 2115 sperantium
2543 2051 2780 2120 gemitus
2817 2052 2937 2107 sine
2965 2069 3119 2108 mora
3149 2056 3393 2119 exaudit.
3417 2057 3510 2125 qui

1929 2136 2066 2192 bella
2097 2139 2418 2210 confringit,
2457 2144 2722 2212 superbos
2765 2146 3045 2216 deprimit,
3093 2149 3290 2216 impios
3318 2151 3512 2204 interi-

1927 2229 2049 2295 mu,
2082 2243 2396 2300 peccatores
2429 2236 2494 2288 ad
2519 2235 2726 2292 inferos
2761 2238 3040 2293 detrahit?
3078 2239 3325 2295 "ostium
3363 2255 3514 2297 octo.

1928 2322 2080 2392 ginta
2124 2321 2370 2394 quinque
2401 2327 2572 2382 millia
2610 2344 2718 2383 una
2751 2339 2912 2386 nocte
2956 2333 3178 2388 occidit.
3224 2337 3400 2405 Atque
3435 2336 3510 2390 ita

1929 2415 2021 2484 qui
2057 2413 2150 2471 Dei
2184 2417 2461 2471 civitatem
2503 2419 2652 2474 brevi
2684 2435 2744 2474 se
2778 2431 3038 2491 capturos
3067 2421 3373 2492 jactabant,
3408 2426 3511 2480 mi-

1929 2525 2051 2567 sere
2109 2520 2273 2584 atque
2330 2513 2608 2583 insperato
2654 2515 2821 2570 vitam
2875 2518 3511 2587 amiserunt;hormque

1930 2619 2212 2664 momento
2244 2624 2369 2664 cum
2402 2609 2694 2664 animabus
2724 2612 2839 2666 suis
2871 2611 2922 2665 in
2957 2611 3328 2683 captivitatem
3363 2613 3512 2669 deci-

1928 2699 2147 2754 derunt.
2195 2699 2308 2754 Rex
2346 2715 2476 2755 vero
2512 2701 2773 2775 Assyrius
2806 2704 2894 2759 vix
2949 2713 3078 2758 tunc
3116 2707 3344 2761 exitium
3374 2706 3514 2762 vita-

1930 2794 2044 2860 vit;
2081 2793 2335 2850 videlicet
2377 2807 2433 2853 ut
2472 2799 2593 2865 ejus
2641 2795 2918 2861 Numinis,
2957 2797 3102 2868 quod
3159 2799 3512 2869 blasphemiis

1931 2886 2165 2951 laeserat,
2233 2890 2343 2944 vim
2389 2900 2752 2962 agnosceret;
2812 2900 2870 2946 ut
2903 2892 3205 2963 ignominia
3249 2903 3508 2963 tanquam

1929 2989 2082 3034 veste
2108 2981 2483 3047 oblimaretur,
2508 2994 2560 3040 et
2585 2985 2751 3039 facies
2777 2985 2894 3056 ejus
2928 2987 3134 3054 pudore
3158 2986 3470 3044 rubesceret
3491 3027 3509 3054 ,

1932 3081 2096 3142 atque
2123 3076 2194 3127 ita
2216 3073 2285 3129 ab
2303 3077 2557 3133 omnibus
2583 3078 2908 3134 exsibilatus
2934 3077 3163 3136 Niniven
3204 3090 3512 3138 revertere-

1936 3179 2041 3223 tur.
2073 3165 2359 3225 Postremo
2399 3179 2584 3226 tamen
2619 3187 2646 3224 a
2681 3171 3003 3228 suisliberis
3039 3172 3388 3237 interﬁcitur.
3426 3153 3512 3230 di-

1927 3277 2063 3330 gnas
2111 3264 2343 3319 crimine
2381 3280 2576 3334 pmnas
2629 3267 2810 3332 luens,
2848 3252 3138 3337 propterea
3172 3269 3316 3338 quod
3359 3267 3508 3325 blas-

1925 3355 2174 3424 phemias
2195 3356 2461 3430 adversus
2496 3359 2662 3412 Deum
2703 3367 3010 3414 creatorem
3059 3359 3264 3417 furiose
3289 3373 3510 3418 eructa-

1923 3461 2100 3506 verat.
2157 3449 2355 3517 ludam
2399 3469 2496 3507 rex
2530 3451 2885 3526 Josaphatus,
2925 3455 3114 3509 multis
3155 3445 3503 3527 diversisque

1922 3545 2141 3615 populis
2175 3547 2443 3601 adversus
2471 3561 2596 3602 eum
2628 3547 3092 3616 conspirantibus,
3143 3547 3260 3617 ipse
3290 3551 3507 3619 Quoque

1923 3641 2253 3694 necessitate
2303 3648 2531 3695 coactus
2584 3640 2685 3694 fuit
2720 3640 2786 3694 ad
2834 3640 3133 3712 parandam
3193 3641 3384 3696 sedulo
3413 3641 3508 3696 de-

1921 3732 2248 3796 fensionem,
2293 3733 2553 3803 pepulum
2587 3750 2747 3789 suum
2784 3733 3185 3790 conscribendo
3222 3735 3501 3802 armisque

1923 3826 2263 3892 instruendo,
2297 3842 2520 3897 remque
2558 3827 2809 3884 bellicam
2844 3843 2944 3900 pro
3000 3830 3156 3898 copia
3203 3839 3258 3884 et
3289 3828 3496 3885 viribus

1919 3917 2283 3987 disponendo.
2335 3917 2381 3975 Is
2427 3927 2610 3974 tamen
2665 3935 2843 3990 neque
2895 3918 3218 3976 bellatorum
3268 3936 3497 3976 numero

1920 4011 2254 4073 conﬁdebat,
2312 4027 2492 4081 neque
2521 4013 2723 4077 armis,
2772 4028 2950 4082 neque
3002 4013 3201 4083 peritia
3260 4014 3496 4079 bellica;

1920 4119 2109 4158 verum
2147 4105 2309 4159 unice
2339 4106 2405 4158 ad
2439 4105 2637 4160 fortem
2666 4115 2721 4160 et
2751 4107 3131 4162 auxiliatorem
3164 4117 3219 4164 et
3246 4108 3500 4177 omnipo-

1921 4193 2122 4251 tentem
2162 4197 2328 4251 Deum
2369 4196 2757 4268 Confugiebat;
2793 4199 3024 4270 ideoque
3051 4199 3308 4270 jejunans
3339 4211 3392 4256 et
3424 4202 3502 4256 la-

1917 4305 2171 4360 crymans
2200 4300 2313 4345 tum
2335 4307 2428 4345 rex
2457 4301 2570 4346 ttnn
2593 4304 2824 4348 cunctus
2849 4293 3084 4363 pepulus
3119 4295 3166 4348 ei
3195 4294 3498 4364 subjectus,

1919 4395 2209 4453 postquam
2263 4385 2429 4439 Deum
2477 4385 2583 4439 sibi
2618 4386 3004 4454 conciliat-unt,
3039 4386 3105 4441 ad
3141 4386 3343 4442 bellum
3373 4404 3498 4458 pro-

1918 4479 2093 4546 gressi
2148 4484 2296 4540 sunt,
2329 4481 2383 4532 et
2409 4479 2723 4533 collectitite
2758 4479 2997 4533 hostium
3042 4480 3379 4535 multitudini
3406 4497 3500 4535 oc-

232 4575 451 4638 ὅπλοις,
475 4573 599 4628 οὔτε
619 4567 860 4645 manus
889 4572 980 4627 τδν
1013 4572 1253 4641 πόλεμον
1305 4571 1570 4642 ἐμπειρίᾳ
1595 4587 1612 4605 ο
1679 4571 1818 4626 ἀλλὰ

1926 4573 2236 4625 currerunt.
2261 4570 2399 4648 Quid
2430 4571 2600 4627 inde?
2627 4570 2962 4642 Josaphatus
3000 4590 3092 4629 rex
3123 4575 3338 4630 excelso
3365 4591 3500 4644 quo-

228 4669 317 4730 είς
350 4667 512 4737 μόνον
539 4665 634 4720 τὸν
665 4666 930 4736 κραταιὸν
959 4665 1058 4719 καὶ
1108 4664 1302 4734 βοηθὸν
1328 4665 1421 4718 καὶ
1481 4663 1816 4719 παντοδύνα-

233 4775 340 4829 μον
362 4759 498 4811 Θεὸν
527 4757 886 4827 καταφυγώνο
902 4755 1010 4830 ’καὶ
1042 4755 1133 4810 διά
1162 4754 1418 4828 νηστείας
1440 4756 1538 4809 καὶ
1562 4755 1814 4826 δακρύων

226 4852 258 4902 ὃ
287 4867 350 4903 τι
369 4849 626 4919 βασιλεὺς
655 4853 746 4901 καὶ
771 4851 800 4902 δ
827 4846 921 4902 ὑπ’
947 4847 1111 4902 αὐτὸν
1139 4847 1283 4910 ἅπας
1328 4845 1458 4910 λαὸς
1488 4849 1813 4917 ποιήσαντες

225 4941 466 5011 εὐμενῆ.
484 4937 656 5004 οὕτως
685 4934 856 5010 ἦλθεν
891 4939 971 5002 είς
997 4936 1347 5007 πόλεμονκαὶ
1378 4937 1813 5008 ἀντιπαράταξιν

224 5033 335 5102 τῆς
363 5031 699 5102 πολλαχόθεν
731 5030 1096 5100 συναχθείσης
1149 5028 1370 5099 ἐκείνης
1408 5031 1692 5100 στρατιάς.
1746 5029 1814 5084 Τί

224 5127 296 5180 τὸ
328 5123 580 5179 ἐντεῦθεν
608 5139 630 5191 ς’
667 5123 728 5177 '0
785 5122 884 5193 μὲν
925 5121 1187 5193 βασιλεὺς
1227 5121 1496 5191 Ἰωσαφάτ
1531 5121 1624 5175 ἐπί
1668 5138 1814 5186 τινος

224 5218 442 5290 ὑψηλοῦ
487 5219 582 5272 καὶ
655 5218 938 5289 μετεώρου
997 5218 1169 5270 τόπου
1208 5217 1503 5286 συνάγεται
1533 5231 1547 5247 ’
1589 5215 1687 5269 καλ⁸
1744 5218 1813 5269 τά

223 5313 343 5366 τῶν
372 5311 715 5366 ὑπεναντίων
779 5308 1169 5380 στρατεύματα
1222 5311 1348 5363 κατ’
1385 5309 1636 5376 ἀλλήλων
1691 5309 1811 5378 μεθ’

222 5406 413 5476 ὁρμῆς
465 5405 758 5473 φέρονται·
818 5405 914 5458 καὶ
957 5402 1248 5471 Ἰδουμαῖοι
1308 5404 1408 5473 μὲν
1453 5402 1560 5456 ὑπὸ
1591 5403 1813 5456 Μωασι-

221 5500 340 5552 τῶν
376 5495 846 5567 καῖ’Δμμανιτῶν
881 5493 1199 5562 φονευονται
1231 5497 1497 5567 πρότερον
1525 5509 1541 5524 ο
1575 5495 1738 5548 πάλιν
1754 5495 1811 5562 δὲ

225 5591 432 5662 μικρὸν
458 5588 688 5660 ὕστερον
742 5587 910 5658 ἄμφω
945 5587 1116 5641 ταῦτα
1159 5589 1228 5642 τὰ
1265 5588 1398 5658 γένη
1429 5579 1814 5641 κατακτείνον-

221 5700 320 5738 ται
343 5683 438 5737 ὑπ’
467 5684 716 5753 άλλῆλων
734 5698 749 5713 ο
784 5685 880 5736 καὶ
908 5683 936 5734 ὁ
970 5681 1224 5753 βασιλεὺς
1253 5683 1390 5752 μετὰ
1414 5681 1506 5735 τοῦ
1533 5681 1628 5735 ὑπ’
1649 5680 1810 5735 αὑτὸν

305 5796 420 5866 (5|)
449 5795 514 5850 IV
549 5796 684 5864 Reg.
721 5813 852 5861 vix;
887 5797 992 5852 lsa.
1028 5812 1236 5851 xum.

307 5870 425 5940 (5‘2)
463 5868 504 5922 ll
535 5870 773 5938 Paralip.
803 5885 894 5922 xx.

481 5970 750 6031 Parnm.
787 5968 903 6028 Gn.
937 5964 1177 6026 CXL".

1918 4665 2040 4719 dam
2100 4666 2154 4719 in
2209 4663 2333 4720 loco
2362 4680 2492 4720 cum
2552 4665 2668 4722 suis
2703 4666 2876 4738 copiis
2932 4669 3220 4736 constitit;
3273 4668 3495 4724 Idumaei

1915 4763 2105 4809 autem
2141 4770 2170 4808 a
2205 4754 2456 4812 Moabitis
2484 4769 2646 4828 atque
2674 4755 3003 4814 Ammanitis
3034 4759 3165 4811 cardi
3187 4771 3493 4827 cmpcruut.

1917 4846 2125 4902 Deinde
2160 4848 2418 4904 similiter
2464 4849 2519 4905 hi
2549 4850 2660 4905 duo
2698 4849 2965 4920 postremi
3016 4850 3200 4920 populi
3254 4852 3394 4904 inter
3425 4839 3491 4903 ἐει

1913 4939 2198 5011 digladiati
2236 4950 2364 4997 sunt
2403 4953 2568 5012 atque
2618 4941 2961 4997 occiderunt.
3007 4939 3118 4996 ltex
3156 4951 3336 4995 autem
3369 4958 3493 4995 cum

1917 5033 2140 5103 proprio
2171 5035 2417 5088 exercitu
2457 5033 2516 5088 in
2550 5031 2773 5092 sublimi
2805 5035 3026 5104 specula
3066 5049 3125 5089 se
3167 5036 3493 5098 continens,

1915 5121 2080 5181 caedis
2107 5128 2318 5183 hostilis
2345 5125 2557 5183 otiusus
2587 5136 2865 5199 spectator
2895 5135 3039 5194 erat,
3075 5126 3203 5180 dum
3237 5129 3496 5181 universa

1889 5203 2345 5288 alienigenarum
2369 5221 2663 5275 multitudo
2687 5221 2884 5291 partim
2914 5223 3184 5290 captivata
3214 5216 3335 5286 fuit,
3370 5238 3500 5292 par-

1923 5314 2016 5364 tim
2051 5312 2259 5366 occisa.
2318 5311 2458 5368 Tum
2511 5315 2720 5370 auctori
2766 5316 3141 5388 prodigiorum
3204 5316 3350 5380 Deo,
3403 5320 3496 5388 qui

1919 5403 2078 5456 unica
2112 5404 2409 5462 voluntatis
2457 5410 2507 5462 vi
2551 5412 2733 5464 omnia
2787 5412 3017 5481 peragit,
3056 5412 3260 5482 quique
3290 5421 3495 5466 tantam

1916 5497 2206 5550 victoriam
2263 5499 2713 5572 triumphumque
2768 5503 3110 5557 referendum
3165 5513 3494 5569 curaverat.

1914 5591 2175 5645 concordi
2231 5593 2379 5660 regis
2417 5593 2774 5665 universique
2817 5600 3088 5652 exercitus
3141 5613 3272 5651 voce
3308 5598 3497 5668 gralia:

1919 5681 2210 5751 persoluta:
2246 5693 2374 5736 sunt
2427 5684 2776 5757 hymnusque
2807 5688 2986 5744 dictus
3017 5705 3030 5743 :
3069 5704 3192 5743 nam
3233 5689 3351 5743 siue
3383 5686 3495 5744 nilo

1987 5793 2102 5864 (55)
2138 5793 2309 5849 Codd.
2345 5794 2643 5866 πολεμίων.

3079 5959 3227 6023 21·
