  <div class='ocr_page' id='page_1' title='image "/cluster/home/n/w/nwhite01/storage/ocr_20150623/142/hvd.32044012457388/333.png"; bbox 0 0 3876 6364; ppageno 0'>
   <div class='ocr_carea' id='block_1_1' title="bbox 290 279 396 342">
    <p class='ocr_par' dir='ltr' id='par_1_1' title="bbox 290 279 396 342">
     <span class='ocr_line' id='line_1_1' title="bbox 290 279 396 342; baseline -0.009 0"><span class='ocrx_word' id='word_1_1' title='bbox 290 279 396 342; x_wconf 84' lang='grc'><strong>655</strong></span> 
     </span>
    </p>
   </div>
   <div class='ocr_carea' id='block_1_2' title="bbox 1499 281 2402 353">
    <p class='ocr_par' dir='ltr' id='par_1_2' title="bbox 1499 281 2402 353">
     <span class='ocr_line' id='line_1_2' title="bbox 1499 281 2402 353; baseline 0.012 -10"><span class='ocrx_word' id='word_1_2' title='bbox 1499 281 1929 348; x_wconf 84' lang='lat' dir='ltr'><strong>NICEPHORI</strong></span> <span class='ocrx_word' id='word_1_3' title='bbox 1967 287 2402 353; x_wconf 64' lang='lat' dir='ltr'><strong>BLEMMIDIE</strong></span> 
     </span>
    </p>
   </div>
   <div class='ocr_carea' id='block_1_3' title="bbox 3453 289 3560 365">
    <p class='ocr_par' dir='ltr' id='par_1_3' title="bbox 3453 289 3560 365">
     <span class='ocr_line' id='line_1_3' title="bbox 3453 289 3560 365; baseline -0.009 0"><span class='ocrx_word' id='word_1_4' title='bbox 3453 289 3560 365; x_wconf 79' lang='lat'><strong><em>656</em></strong></span> 
     </span>
    </p>
   </div>
   <div class='ocr_carea' id='block_1_4' title="bbox 287 389 1866 484">
    <p class='ocr_par' dir='ltr' id='par_1_4' title="bbox 287 389 1860 463">
     <span class='ocr_line' id='line_1_4' title="bbox 287 389 1860 463; baseline 0.005 -19"><span class='ocrx_word' id='word_1_5' title='bbox 287 389 640 460; x_wconf 62' lang='lat' dir='ltr'><strong>praeiudicata</strong></span> <span class='ocrx_word' id='word_1_6' title='bbox 693 389 952 447; x_wconf 87' lang='lat' dir='ltr'><strong>vitiorum</strong></span> <span class='ocrx_word' id='word_1_7' title='bbox 987 393 1351 450; x_wconf 77' lang='lat' dir='ltr'><strong>conscientia.</strong></span> <span class='ocrx_word' id='word_1_8' title='bbox 1391 392 1592 451; x_wconf 80' lang='lat' dir='ltr'><strong>Verum</strong></span> <span class='ocrx_word' id='word_1_9' title='bbox 1625 397 1715 454; x_wconf 90' lang='lat' dir='ltr'><strong>ille</strong></span> <span class='ocrx_word' id='word_1_10' title='bbox 1739 414 1860 463; x_wconf 83' lang='lat' dir='ltr'><strong>rex,</strong></span> 
     </span>
    </p>
   </div>
   <div class='ocr_carea' id='block_1_5' title="bbox 1973 389 3558 484">
    <p class='ocr_par' dir='ltr' id='par_1_5' title="bbox 1973 401 3558 484">
     <span class='ocr_line' id='line_1_5' title="bbox 1973 401 3558 484; baseline 0.008 -30"><span class='ocrx_word' id='word_1_11' title='bbox 1973 401 2060 456; x_wconf 69' lang='grc' dir='ltr'><strong>ἐπὶ</strong></span> <span class='ocrx_word' id='word_1_12' title='bbox 2081 405 2194 468; x_wconf 79' lang='grc' dir='ltr'>τοῖς</span> <span class='ocrx_word' id='word_1_13' title='bbox 2229 405 2426 469; x_wconf 80' lang='grc' dir='ltr'>κακοῐς</span> <span class='ocrx_word' id='word_1_14' title='bbox 2461 406 2947 478; x_wconf 82' lang='grc' dir='ltr'>προκατάγνωσις.</span> <span class='ocrx_word' id='word_1_15' title='bbox 3003 409 3148 466; x_wconf 79' lang='grc' dir='ltr'>Ἀλλ’</span> <span class='ocrx_word' id='word_1_16' title='bbox 3193 411 3223 466; x_wconf 98' lang='lat'><strong>6</strong></span> <span class='ocrx_word' id='word_1_17' title='bbox 3275 412 3558 484; x_wconf 75' lang='grc' dir='ltr'>βασιλεὺς.</span> 
     </span>
    </p>
   </div>
   <div class='ocr_carea' id='block_1_6' title="bbox 291 482 1864 558">
    <p class='ocr_par' dir='ltr' id='par_1_6' title="bbox 291 482 1864 558">
     <span class='ocr_line' id='line_1_6' title="bbox 291 482 1864 558; baseline 0.006 -23"><span class='ocrx_word' id='word_1_18' title='bbox 291 482 386 552; x_wconf 89' lang='lat' dir='ltr'><strong>qui</strong></span> <span class='ocrx_word' id='word_1_19' title='bbox 419 496 590 538; x_wconf 79' lang='lat' dir='ltr'><strong>vanas</strong></span> <span class='ocrx_word' id='word_1_20' title='bbox 617 483 950 554; x_wconf 71' lang='lat' dir='ltr'><strong>cupiditates</strong></span> <span class='ocrx_word' id='word_1_21' title='bbox 1006 482 1163 540; x_wconf 82' lang='lat' dir='ltr'><strong>freno</strong></span> <span class='ocrx_word' id='word_1_22' title='bbox 1201 493 1443 550; x_wconf 86' lang='lat' dir='ltr'><strong>euercet,</strong></span> <span class='ocrx_word' id='word_1_23' title='bbox 1481 496 1650 558; x_wconf 89' lang='lat' dir='ltr'><strong>caput</strong></span> <span class='ocrx_word' id='word_1_24' title='bbox 1704 504 1864 544; x_wconf 89' lang='lat' dir='ltr'><strong>suum</strong></span> 
     </span>
    </p>
   </div>
   <div class='ocr_carea' id='block_1_7' title="bbox 287 576 1866 648">
    <p class='ocr_par' dir='ltr' id='par_1_7' title="bbox 287 576 1866 648">
     <span class='ocr_line' id='line_1_7' title="bbox 287 576 1866 648; baseline 0.006 -19"><span class='ocrx_word' id='word_1_25' title='bbox 287 584 608 631; x_wconf 81' lang='lat' dir='ltr'><strong>constanter</strong></span> <span class='ocrx_word' id='word_1_26' title='bbox 652 576 705 630; x_wconf 89' lang='lat' dir='ltr'><strong>in</strong></span> <span class='ocrx_word' id='word_1_27' title='bbox 734 577 934 632; x_wconf 65' lang='lat' dir='ltr'><strong>coelum</strong></span> <span class='ocrx_word' id='word_1_28' title='bbox 968 593 1140 648; x_wconf 85' lang='lat' dir='ltr'><strong>usque</strong></span> <span class='ocrx_word' id='word_1_29' title='bbox 1173 579 1453 636; x_wconf 88' lang='lat' dir='ltr'><strong>sublatum</strong></span> <span class='ocrx_word' id='word_1_30' title='bbox 1492 590 1662 648; x_wconf 86' lang='lat' dir='ltr'><strong>tenet,</strong></span> <span class='ocrx_word' id='word_1_31' title='bbox 1716 599 1866 638; x_wconf 74' lang='lat' dir='ltr'><strong>sute-</strong></span> 
     </span>
    </p>
   </div>
   <div class='ocr_carea' id='block_1_8' title="bbox 287 667 1870 744">
    <p class='ocr_par' dir='ltr' id='par_1_8' title="bbox 287 667 1870 744">
     <span class='ocr_line' id='line_1_8' title="bbox 287 667 1870 744; baseline 0.004 -22"><span class='ocrx_word' id='word_1_32' title='bbox 287 684 396 738; x_wconf 85' lang='lat' dir='ltr'><strong>qne</strong></span> <span class='ocrx_word' id='word_1_33' title='bbox 425 667 706 739; x_wconf 82' lang='lat' dir='ltr'><strong>dignitatis</strong></span> <span class='ocrx_word' id='word_1_34' title='bbox 731 681 785 724; x_wconf 90' lang='lat' dir='ltr'><strong>et</strong></span> <span class='ocrx_word' id='word_1_35' title='bbox 817 670 1005 741; x_wconf 67' lang='lat' dir='ltr'><strong>gloria:</strong></span> <span class='ocrx_word' id='word_1_36' title='bbox 1042 672 1429 728; x_wconf 80' lang='lat' dir='ltr'><strong>celsitudinem</strong></span> <span class='ocrx_word' id='word_1_37' title='bbox 1485 675 1870 744; x_wconf 87' lang='lat' dir='ltr'><strong>splendorem-</strong></span> 
     </span>
    </p>
   </div>
   <div class='ocr_carea' id='block_1_9' title="bbox 287 765 1868 836">
    <p class='ocr_par' dir='ltr' id='par_1_9' title="bbox 287 765 1868 836">
     <span class='ocr_line' id='line_1_9' title="bbox 287 765 1868 836; baseline 0.005 -22"><span class='ocrx_word' id='word_1_38' title='bbox 287 779 394 831; x_wconf 86' lang='lat' dir='ltr'><strong>que</strong></span> <span class='ocrx_word' id='word_1_39' title='bbox 431 765 837 834; x_wconf 79' lang='lat' dir='ltr'><strong>contemplans,</strong></span> <span class='ocrx_word' id='word_1_40' title='bbox 875 766 1196 820; x_wconf 83' lang='lat' dir='ltr'><strong>mendacem</strong></span> <span class='ocrx_word' id='word_1_41' title='bbox 1237 767 1491 836; x_wconf 84' lang='lat' dir='ltr'><strong>quemvis</strong></span> <span class='ocrx_word' id='word_1_42' title='bbox 1542 783 1868 824; x_wconf 64' lang='lat' dir='ltr'><strong>sermuncno</strong></span> 
     </span>
    </p>
   </div>
   <div class='ocr_carea' id='block_1_10' title="bbox 291 857 1869 934">
    <p class='ocr_par' dir='ltr' id='par_1_10' title="bbox 291 857 1869 934">
     <span class='ocr_line' id='line_1_10' title="bbox 291 857 1869 934; baseline 0.006 -25"><span class='ocrx_word' id='word_1_43' title='bbox 291 862 401 911; x_wconf 91' lang='lat' dir='ltr'><strong>lum</strong></span> <span class='ocrx_word' id='word_1_44' title='bbox 430 857 585 912; x_wconf 78' lang='lat' dir='ltr'><strong>tloCci</strong></span> <span class='ocrx_word' id='word_1_45' title='bbox 615 857 769 926; x_wconf 79' lang='lat' dir='ltr'><strong>facit,</strong></span> <span class='ocrx_word' id='word_1_46' title='bbox 809 860 975 915; x_wconf 92' lang='lat' dir='ltr'><strong>nullis</strong></span> <span class='ocrx_word' id='word_1_47' title='bbox 1034 862 1351 916; x_wconf 89' lang='lat' dir='ltr'><strong>scurrilium</strong></span> <span class='ocrx_word' id='word_1_48' title='bbox 1387 862 1673 918; x_wconf 84' lang='lat' dir='ltr'><strong>hominum</strong></span> <span class='ocrx_word' id='word_1_49' title='bbox 1711 864 1869 934; x_wconf 85' lang='lat' dir='ltr'><strong>nugis</strong></span> 
     </span>
    </p>
   </div>
   <div class='ocr_carea' id='block_1_11' title="bbox 1978 493 3561 578">
    <p class='ocr_par' dir='ltr' id='par_1_11' title="bbox 1978 493 3561 578">
     <span class='ocr_line' id='line_1_11' title="bbox 1978 493 3561 578; baseline 0.008 -32"><span class='ocrx_word' id='word_1_50' title='bbox 1978 493 2338 568; x_wconf 78' lang='grc' dir='ltr'><strong>αὐτοκράτωρ</strong></span> <span class='ocrx_word' id='word_1_51' title='bbox 2385 496 2498 550; x_wconf 86' lang='grc' dir='ltr'><strong>τῶν</strong></span> <span class='ocrx_word' id='word_1_52' title='bbox 2541 498 2848 569; x_wconf 81' lang='grc' dir='ltr'>ἀλογίστων</span> <span class='ocrx_word' id='word_1_53' title='bbox 2887 503 3100 574; x_wconf 69' lang='grc' dir='ltr'>ὁρμῶν,</span> <span class='ocrx_word' id='word_1_54' title='bbox 3157 503 3257 576; x_wconf 83' lang='grc' dir='ltr'>τὴν</span> <span class='ocrx_word' id='word_1_55' title='bbox 3314 506 3561 578; x_wconf 80' lang='grc' dir='ltr'>κεφαλὴν</span> 
     </span>
    </p>
   </div>
   <div class='ocr_carea' id='block_1_12' title="bbox 1974 585 3563 668">
    <p class='ocr_par' dir='ltr' id='par_1_12' title="bbox 1974 585 3563 668">
     <span class='ocr_line' id='line_1_12' title="bbox 1974 585 3563 668; baseline 0.011 -31"><span class='ocrx_word' id='word_1_56' title='bbox 1974 585 2089 655; x_wconf 75' lang='grc' dir='ltr'>ἔχει</span> <span class='ocrx_word' id='word_1_57' title='bbox 2115 588 2524 660; x_wconf 78' lang='grc' dir='ltr'>ἐστηριγμένην</span> <span class='ocrx_word' id='word_1_58' title='bbox 2558 593 2615 646; x_wconf 73' lang='grc' dir='ltr'>ἐν</span> <span class='ocrx_word' id='word_1_59' title='bbox 2641 593 2859 665; x_wconf 85' lang='grc' dir='ltr'>οὐρανῷ</span> <span class='ocrx_word' id='word_1_60' title='bbox 2883 612 2898 626; x_wconf 89' lang='grc'><strong>·</strong></span> <span class='ocrx_word' id='word_1_61' title='bbox 2932 596 3030 650; x_wconf 75' lang='grc' dir='ltr'><strong>καὶ</strong></span> <span class='ocrx_word' id='word_1_62' title='bbox 3085 597 3147 651; x_wconf 86' lang='grc' dir='ltr'><strong>τὺ</strong></span> <span class='ocrx_word' id='word_1_63' title='bbox 3195 596 3401 668; x_wconf 73' lang='grc' dir='ltr'>ὑψηλὸν</span> <span class='ocrx_word' id='word_1_64' title='bbox 3459 599 3563 668; x_wconf 81' lang='grc' dir='ltr'>τῆς</span> 
     </span>
    </p>
   </div>
   <div class='ocr_carea' id='block_1_13' title="bbox 1973 677 3564 762">
    <p class='ocr_par' dir='ltr' id='par_1_13' title="bbox 1973 677 3564 762">
     <span class='ocr_line' id='line_1_13' title="bbox 1973 677 3564 762; baseline 0.009 -31"><span class='ocrx_word' id='word_1_65' title='bbox 1973 677 2170 733; x_wconf 82' lang='grc' dir='ltr'>ἑαυτοῦ</span> <span class='ocrx_word' id='word_1_66' title='bbox 2224 681 2393 752; x_wconf 83' lang='grc' dir='ltr'>τιμῆς</span> <span class='ocrx_word' id='word_1_67' title='bbox 2455 685 2550 737; x_wconf 75' lang='grc' dir='ltr'>καὶ</span> <span class='ocrx_word' id='word_1_68' title='bbox 2613 684 2798 750; x_wconf 77' lang='grc' dir='ltr'>ἀξίας-</span> <span class='ocrx_word' id='word_1_69' title='bbox 2828 688 2924 741; x_wconf 81' lang='grc' dir='ltr'>καὶ</span> <span class='ocrx_word' id='word_1_70' title='bbox 2980 687 3373 762; x_wconf 79' lang='grc' dir='ltr'><strong>λαμπρότητος</strong></span> <span class='ocrx_word' id='word_1_71' title='bbox 3433 691 3564 761; x_wconf 79' lang='grc' dir='ltr'>βλέ-</span> 
     </span>
    </p>
   </div>
   <div class='ocr_carea' id='block_1_14' title="bbox 1973 773 3563 854">
    <p class='ocr_par' dir='ltr' id='par_1_14' title="bbox 1973 773 3563 854">
     <span class='ocr_line' id='line_1_14' title="bbox 1973 773 3563 854; baseline 0.006 -28"><span class='ocrx_word' id='word_1_72' title='bbox 1973 789 2116 836; x_wconf 87' lang='grc' dir='ltr'>πων,</span> <span class='ocrx_word' id='word_1_73' title='bbox 2160 773 2360 838; x_wconf 76' lang='grc' dir='ltr'>παντὸς</span> <span class='ocrx_word' id='word_1_74' title='bbox 2395 775 2566 847; x_wconf 70' lang='grc' dir='ltr'>ψευδῆ</span> <span class='ocrx_word' id='word_1_75' title='bbox 2593 779 2689 832; x_wconf 78' lang='grc' dir='ltr'>καὶ</span> <span class='ocrx_word' id='word_1_76' title='bbox 2724 779 2936 850; x_wconf 80' lang='grc' dir='ltr'>μάταια</span> <span class='ocrx_word' id='word_1_77' title='bbox 2989 781 3263 850; x_wconf 87' lang='grc' dir='ltr'>λέγοντος,</span> <span class='ocrx_word' id='word_1_78' title='bbox 3306 782 3563 854; x_wconf 79' lang='grc' dir='ltr'><strong>οὐδαμῶς</strong></span> 
     </span>
    </p>
   </div>
   <div class='ocr_carea' id='block_1_15' title="bbox 1973 867 3562 946">
    <p class='ocr_par' dir='ltr' id='par_1_15' title="bbox 1973 867 3562 946">
     <span class='ocr_line' id='line_1_15' title="bbox 1973 867 3562 946; baseline 0.008 -29"><span class='ocrx_word' id='word_1_79' title='bbox 1973 867 2365 936; x_wconf 77' lang='grc' dir='ltr'>ἐπιστρέφεται</span> <span class='ocrx_word' id='word_1_80' title='bbox 2386 885 2400 899; x_wconf 87' lang='grc'><strong>·</strong></span> <span class='ocrx_word' id='word_1_81' title='bbox 2443 872 2628 940; x_wconf 82' lang='grc' dir='ltr'>πάσης</span> <span class='ocrx_word' id='word_1_82' title='bbox 2650 873 2923 942; x_wconf 75' lang='grc' dir='ltr'>φλυαρίας</span> <span class='ocrx_word' id='word_1_83' title='bbox 2951 873 3182 938; x_wconf 70' lang='grc' dir='ltr'>οὐδόὶως</span> <span class='ocrx_word' id='word_1_84' title='bbox 3207 874 3421 940; x_wconf 74' lang='grc' dir='ltr'>ἀκούει,</span> <span class='ocrx_word' id='word_1_85' title='bbox 3456 893 3562 946; x_wconf 83' lang='grc' dir='ltr'>μη-</span> 
     </span>
    </p>
   </div>
   <div class='ocr_carea' id='block_1_16' title="bbox 291 951 1866 1046">
    <p class='ocr_par' dir='ltr' id='par_1_16' title="bbox 291 951 1841 1046">
     <span class='ocr_line' id='line_1_16' title="bbox 291 951 1841 1046; baseline 0.003 -43"><span class='ocrx_word' id='word_1_86' title='bbox 291 966 478 1005; x_wconf 91' lang='lat' dir='ltr'><strong>aurem</strong></span> <span class='ocrx_word' id='word_1_87' title='bbox 512 951 738 1022; x_wconf 84' lang='lat' dir='ltr'><strong>praebet,</strong></span> <span class='ocrx_word' id='word_1_88' title='bbox 779 954 1071 1046; x_wconf 48' lang='lat' dir='ltr'><strong>quia‘nihil</strong></span> <span class='ocrx_word' id='word_1_89' title='bbox 1104 955 1158 1009; x_wconf 93' lang='lat' dir='ltr'><strong>in</strong></span> <span class='ocrx_word' id='word_1_90' title='bbox 1191 971 1249 1010; x_wconf 89' lang='lat' dir='ltr'><strong>se</strong></span> <span class='ocrx_word' id='word_1_91' title='bbox 1307 955 1738 1028; x_wconf 85' lang='lat' dir='ltr'><strong>reprehensione</strong></span> <span class='ocrx_word' id='word_1_92' title='bbox 1791 959 1841 1009; x_wconf 92' lang='lat' dir='ltr'><strong>di</strong></span> 
     </span>
    </p>
   </div>
   <div class='ocr_carea' id='block_1_17' title="bbox 1973 951 3564 1046">
    <p class='ocr_par' dir='ltr' id='par_1_17' title="bbox 1973 957 3564 1038">
     <span class='ocr_line' id='line_1_17' title="bbox 1973 957 3564 1038; baseline 0.008 -30"><span class='ocrx_word' id='word_1_93' title='bbox 1973 957 2056 1009; x_wconf 78' lang='grc' dir='ltr'>ὀὲν</span> <span class='ocrx_word' id='word_1_94' title='bbox 2089 959 2353 1026; x_wconf 73' lang='grc' dir='ltr'><strong>ἐπίψογον</strong></span> <span class='ocrx_word' id='word_1_95' title='bbox 2411 962 2697 1028; x_wconf 78' lang='grc' dir='ltr'><strong>γινώσκων</strong></span> <span class='ocrx_word' id='word_1_96' title='bbox 2749 963 2834 1027; x_wconf 83' lang='grc' dir='ltr'><strong>είς</strong></span> <span class='ocrx_word' id='word_1_97' title='bbox 2863 964 3060 1018; x_wconf 63' lang='grc' dir='ltr'>ἑαυτόν</span> <span class='ocrx_word' id='word_1_98' title='bbox 3091 980 3107 998; x_wconf 78' lang='grc' dir='ltr'><strong><em>ο</em></strong></span> <span class='ocrx_word' id='word_1_99' title='bbox 3139 965 3335 1034; x_wconf 76' lang='grc' dir='ltr'>ὥσπερ</span> <span class='ocrx_word' id='word_1_100' title='bbox 3392 967 3507 1038; x_wconf 80' lang='grc' dir='ltr'><strong>γάρ</strong></span> <span class='ocrx_word' id='word_1_101' title='bbox 3532 969 3564 1019; x_wconf 89' lang='lat'><strong>6</strong></span> 
     </span>
    </p>
   </div>
   <div class='ocr_carea' id='block_1_18' title="bbox 288 1044 1869 1118">
    <p class='ocr_par' dir='ltr' id='par_1_18' title="bbox 288 1044 1869 1118">
     <span class='ocr_line' id='line_1_18' title="bbox 288 1044 1869 1118; baseline 0.003 -24"><span class='ocrx_word' id='word_1_102' title='bbox 288 1058 454 1108; x_wconf 63' lang='lat' dir='ltr'><strong>gnum</strong></span> <span class='ocrx_word' id='word_1_103' title='bbox 512 1044 781 1112; x_wconf 84' lang='lat' dir='ltr'><strong>agnoscit.</strong></span> <span class='ocrx_word' id='word_1_104' title='bbox 812 1044 991 1100; x_wconf 89' lang='lat' dir='ltr'><strong>Sicuti</strong></span> <span class='ocrx_word' id='word_1_105' title='bbox 1047 1046 1193 1101; x_wconf 88' lang='lat' dir='ltr'><strong>enim</strong></span> <span class='ocrx_word' id='word_1_106' title='bbox 1250 1047 1341 1102; x_wconf 87' lang='lat' dir='ltr'><strong>ille</strong></span> <span class='ocrx_word' id='word_1_107' title='bbox 1372 1049 1466 1118; x_wconf 85' lang='lat' dir='ltr'><strong>qui</strong></span> <span class='ocrx_word' id='word_1_108' title='bbox 1509 1047 1869 1118; x_wconf 77' lang='lat' dir='ltr'><strong>vituperanda</strong></span> 
     </span>
    </p>
   </div>
   <div class='ocr_carea' id='block_1_19' title="bbox 289 1143 1866 1216">
    <p class='ocr_par' dir='ltr' id='par_1_19' title="bbox 289 1143 1866 1216">
     <span class='ocr_line' id='line_1_19' title="bbox 289 1143 1866 1216; baseline 0.003 -25"><span class='ocrx_word' id='word_1_109' title='bbox 289 1152 454 1206; x_wconf 79' lang='lat' dir='ltr'><strong>opera</strong></span> <span class='ocrx_word' id='word_1_110' title='bbox 484 1148 724 1206; x_wconf 81' lang='lat' dir='ltr'><strong>exercet,</strong></span> <span class='ocrx_word' id='word_1_111' title='bbox 778 1156 842 1195; x_wconf 87' lang='lat' dir='ltr'><strong>ex</strong></span> <span class='ocrx_word' id='word_1_112' title='bbox 879 1144 1175 1214; x_wconf 88' lang='lat' dir='ltr'><strong>semetipso</strong></span> <span class='ocrx_word' id='word_1_113' title='bbox 1225 1144 1581 1216; x_wconf 75' lang='lat' dir='ltr'><strong>ignominiam</strong></span> <span class='ocrx_word' id='word_1_114' title='bbox 1633 1143 1816 1198; x_wconf 85' lang='lat' dir='ltr'><strong>haurit</strong></span> <span class='ocrx_word' id='word_1_115' title='bbox 1849 1158 1866 1210; x_wconf 82' lang='lat'><strong>;</strong></span> 
     </span>
    </p>
   </div>
   <div class='ocr_carea' id='block_1_20' title="bbox 290 1231 1868 1308">
    <p class='ocr_par' dir='ltr' id='par_1_20' title="bbox 290 1231 1868 1308">
     <span class='ocr_line' id='line_1_20' title="bbox 290 1231 1868 1308; baseline 0.006 -26"><span class='ocrx_word' id='word_1_116' title='bbox 290 1233 362 1284; x_wconf 90' lang='lat' dir='ltr'><strong>ita</strong></span> <span class='ocrx_word' id='word_1_117' title='bbox 387 1231 480 1300; x_wconf 82' lang='lat' dir='ltr'><strong>qui</strong></span> <span class='ocrx_word' id='word_1_118' title='bbox 510 1231 858 1289; x_wconf 83' lang='lat' dir='ltr'><strong>laudabiliter</strong></span> <span class='ocrx_word' id='word_1_119' title='bbox 884 1235 1043 1298; x_wconf 85' lang='lat' dir='ltr'><strong>vivit,</strong></span> <span class='ocrx_word' id='word_1_120' title='bbox 1075 1236 1186 1306; x_wconf 89' lang='lat' dir='ltr'><strong>jam</strong></span> <span class='ocrx_word' id='word_1_121' title='bbox 1212 1237 1326 1306; x_wconf 92' lang='lat' dir='ltr'><strong>ipse</strong></span> <span class='ocrx_word' id='word_1_122' title='bbox 1358 1253 1455 1308; x_wconf 91' lang='lat' dir='ltr'><strong>per</strong></span> <span class='ocrx_word' id='word_1_123' title='bbox 1511 1252 1570 1292; x_wconf 88' lang='lat' dir='ltr'><strong>se</strong></span> <span class='ocrx_word' id='word_1_124' title='bbox 1621 1239 1868 1292; x_wconf 87' lang='lat' dir='ltr'><strong>honora-</strong></span> 
     </span>
    </p>
   </div>
   <div class='ocr_carea' id='block_1_21' title="bbox 288 1325 1868 1392">
    <p class='ocr_par' dir='ltr' id='par_1_21' title="bbox 288 1325 1868 1392">
     <span class='ocr_line' id='line_1_21' title="bbox 288 1325 1868 1392; baseline 0.006 -16"><span class='ocrx_word' id='word_1_125' title='bbox 288 1325 538 1380; x_wconf 74' lang='lat' dir='ltr'><strong>tissimus</strong></span> <span class='ocrx_word' id='word_1_126' title='bbox 566 1336 672 1392; x_wconf 87' lang='lat' dir='ltr'><strong>est,</strong></span> <span class='ocrx_word' id='word_1_127' title='bbox 699 1328 916 1385; x_wconf 90' lang='lat' dir='ltr'><strong>etiamsi</strong></span> <span class='ocrx_word' id='word_1_128' title='bbox 945 1345 1068 1385; x_wconf 91' lang='lat' dir='ltr'><strong>eum</strong></span> <span class='ocrx_word' id='word_1_129' title='bbox 1124 1331 1365 1386; x_wconf 75' lang='lat' dir='ltr'><strong>sexcenti</strong></span> <span class='ocrx_word' id='word_1_130' title='bbox 1421 1331 1604 1387; x_wconf 87' lang='lat' dir='ltr'><strong>stultis</strong></span> <span class='ocrx_word' id='word_1_131' title='bbox 1639 1331 1868 1388; x_wconf 68' lang='lat' dir='ltr'><strong>maledi-</strong></span> 
     </span>
    </p>
   </div>
   <div class='ocr_carea' id='block_1_22' title="bbox 289 1413 1868 1497">
    <p class='ocr_par' dir='ltr' id='par_1_22' title="bbox 289 1413 1868 1497">
     <span class='ocr_line' id='line_1_22' title="bbox 289 1413 1868 1497; baseline 0.009 -30"><span class='ocrx_word' id='word_1_132' title='bbox 289 1413 393 1472; x_wconf 66' lang='lat' dir='ltr'><strong>cti&#39;s</strong></span> <span class='ocrx_word' id='word_1_133' title='bbox 421 1430 756 1490; x_wconf 80' lang='lat' dir='ltr'><strong>oppugnent.</strong></span> <span class='ocrx_word' id='word_1_134' title='bbox 789 1421 943 1487; x_wconf 83' lang='lat' dir='ltr'><strong>Quod</strong></span> <span class='ocrx_word' id='word_1_135' title='bbox 973 1425 1016 1478; x_wconf 89' lang='lat' dir='ltr'><strong>si</strong></span> <span class='ocrx_word' id='word_1_136' title='bbox 1047 1423 1188 1480; x_wconf 79' lang='lat' dir='ltr'><strong>forte</strong></span> <span class='ocrx_word' id='word_1_137' title='bbox 1225 1434 1381 1481; x_wconf 90' lang='lat' dir='ltr'><strong>actus</strong></span> <span class='ocrx_word' id='word_1_138' title='bbox 1411 1425 1614 1497; x_wconf 87' lang='lat' dir='ltr'><strong>aliquis</strong></span> <span class='ocrx_word' id='word_1_139' title='bbox 1632 1426 1868 1481; x_wconf 82' lang='lat' dir='ltr'><strong>damna-</strong></span> 
     </span>
    </p>
   </div>
   <div class='ocr_carea' id='block_1_23' title="bbox 288 1511 1870 1589">
    <p class='ocr_par' dir='ltr' id='par_1_23' title="bbox 288 1511 1870 1589">
     <span class='ocr_line' id='line_1_23' title="bbox 288 1511 1870 1589; baseline 0.008 -27"><span class='ocrx_word' id='word_1_140' title='bbox 288 1511 415 1566; x_wconf 82' lang='lat' dir='ltr'><strong>bilis</strong></span> <span class='ocrx_word' id='word_1_141' title='bbox 450 1511 630 1579; x_wconf 79' lang='lat' dir='ltr'><strong>fuerit,</strong></span> <span class='ocrx_word' id='word_1_142' title='bbox 669 1513 715 1570; x_wconf 91' lang='lat' dir='ltr'><strong>is</strong></span> <span class='ocrx_word' id='word_1_143' title='bbox 763 1517 955 1572; x_wconf 92' lang='lat' dir='ltr'><strong>sedulo</strong></span> <span class='ocrx_word' id='word_1_144' title='bbox 1010 1518 1370 1588; x_wconf 82' lang='lat' dir='ltr'><strong>corrigendus</strong></span> <span class='ocrx_word' id='word_1_145' title='bbox 1417 1528 1536 1585; x_wconf 88' lang='lat' dir='ltr'><strong>est;</strong></span> <span class='ocrx_word' id='word_1_146' title='bbox 1586 1519 1870 1589; x_wconf 85' lang='lat' dir='ltr'><strong>multoque</strong></span> 
     </span>
    </p>
   </div>
   <div class='ocr_carea' id='block_1_24' title="bbox 291 1609 1866 1686">
    <p class='ocr_par' dir='ltr' id='par_1_24' title="bbox 291 1609 1866 1686">
     <span class='ocr_line' id='line_1_24' title="bbox 291 1609 1866 1686; baseline 0.006 -28"><span class='ocrx_word' id='word_1_147' title='bbox 291 1609 596 1676; x_wconf 76' lang='lat' dir='ltr'><strong>impensius</strong></span> <span class='ocrx_word' id='word_1_148' title='bbox 640 1624 803 1678; x_wconf 84' lang='lat' dir='ltr'><strong>quam</strong></span> <span class='ocrx_word' id='word_1_149' title='bbox 825 1609 1081 1683; x_wconf 62' lang='lat' dir='ltr'><strong>Egyptii</strong></span> <span class='ocrx_word' id='word_1_150' title='bbox 1106 1613 1378 1679; x_wconf 83' lang='lat' dir='ltr'><strong>solebant,</strong></span> <span class='ocrx_word' id='word_1_151' title='bbox 1409 1615 1550 1686; x_wconf 89' lang='lat' dir='ltr'><strong>apud</strong></span> <span class='ocrx_word' id='word_1_152' title='bbox 1578 1630 1720 1684; x_wconf 86' lang='lat' dir='ltr'><strong>quos</strong></span> <span class='ocrx_word' id='word_1_153' title='bbox 1744 1614 1866 1669; x_wconf 87' lang='lat' dir='ltr'><strong>ani-</strong></span> 
     </span>
    </p>
   </div>
   <div class='ocr_carea' id='block_1_25' title="bbox 290 1703 1867 1777">
    <p class='ocr_par' dir='ltr' id='par_1_25' title="bbox 290 1703 1867 1777">
     <span class='ocr_line' id='line_1_25' title="bbox 290 1703 1867 1777; baseline 0.004 -25"><span class='ocrx_word' id='word_1_154' title='bbox 290 1716 506 1755; x_wconf 88' lang='lat' dir='ltr'><strong>marum</strong></span> <span class='ocrx_word' id='word_1_155' title='bbox 527 1703 884 1775; x_wconf 81' lang='lat' dir='ltr'><strong>purgationes</strong></span> <span class='ocrx_word' id='word_1_156' title='bbox 915 1705 969 1759; x_wconf 91' lang='lat' dir='ltr'><strong>in</strong></span> <span class='ocrx_word' id='word_1_157' title='bbox 1007 1722 1157 1760; x_wconf 90' lang='lat' dir='ltr'><strong>more</strong></span> <span class='ocrx_word' id='word_1_158' title='bbox 1184 1708 1376 1777; x_wconf 70' lang='lat' dir='ltr'><strong>posita:</strong></span> <span class='ocrx_word' id='word_1_159' title='bbox 1416 1715 1594 1760; x_wconf 87' lang='lat' dir='ltr'><strong>erant.</strong></span> <span class='ocrx_word' id='word_1_160' title='bbox 1626 1704 1723 1761; x_wconf 92' lang='lat' dir='ltr'><strong>Sin</strong></span> <span class='ocrx_word' id='word_1_161' title='bbox 1762 1706 1867 1759; x_wconf 90' lang='lat' dir='ltr'><strong>ali-</strong></span> 
     </span>
    </p>
   </div>
   <div class='ocr_carea' id='block_1_26' title="bbox 289 1798 1869 1870">
    <p class='ocr_par' dir='ltr' id='par_1_26' title="bbox 289 1798 1869 1870">
     <span class='ocr_line' id='line_1_26' title="bbox 289 1798 1869 1870; baseline 0.003 -22"><span class='ocrx_word' id='word_1_162' title='bbox 289 1805 372 1849; x_wconf 79' lang='lat' dir='ltr'><strong>ter</strong></span> <span class='ocrx_word' id='word_1_163' title='bbox 399 1813 487 1852; x_wconf 90' lang='lat' dir='ltr'><strong>res</strong></span> <span class='ocrx_word' id='word_1_164' title='bbox 524 1801 617 1864; x_wconf 89' lang='lat' dir='ltr'><strong>sit,</strong></span> <span class='ocrx_word' id='word_1_165' title='bbox 650 1798 980 1855; x_wconf 88' lang='lat' dir='ltr'><strong>maledicum</strong></span> <span class='ocrx_word' id='word_1_166' title='bbox 1029 1800 1253 1870; x_wconf 89' lang='lat' dir='ltr'><strong>quidem</strong></span> <span class='ocrx_word' id='word_1_167' title='bbox 1292 1817 1389 1856; x_wconf 82' lang='lat' dir='ltr'><strong>ceu</strong></span> <span class='ocrx_word' id='word_1_168' title='bbox 1456 1801 1724 1856; x_wconf 80' lang='lat' dir='ltr'><strong>furiosum</strong></span> <span class='ocrx_word' id='word_1_169' title='bbox 1769 1801 1869 1854; x_wconf 83' lang='lat' dir='ltr'><strong>ali-</strong></span> 
     </span>
    </p>
   </div>
   <div class='ocr_carea' id='block_1_27' title="bbox 287 1894 1865 1965">
    <p class='ocr_par' dir='ltr' id='par_1_27' title="bbox 287 1894 1865 1965">
     <span class='ocr_line' id='line_1_27' title="bbox 287 1894 1865 1965; baseline 0.004 -23"><span class='ocrx_word' id='word_1_170' title='bbox 287 1907 448 1959; x_wconf 80' lang='lat' dir='ltr'><strong>quem</strong></span> <span class='ocrx_word' id='word_1_171' title='bbox 506 1894 919 1963; x_wconf 86' lang='lat' dir='ltr'><strong>despiciendum</strong></span> <span class='ocrx_word' id='word_1_172' title='bbox 971 1911 1113 1957; x_wconf 86' lang='lat' dir='ltr'><strong>esse,</strong></span> <span class='ocrx_word' id='word_1_173' title='bbox 1187 1907 1348 1952; x_wconf 83' lang='lat' dir='ltr'><strong>vetus</strong></span> <span class='ocrx_word' id='word_1_174' title='bbox 1397 1898 1726 1965; x_wconf 81' lang='lat' dir='ltr'><strong>sapienSque</strong></span> <span class='ocrx_word' id='word_1_175' title='bbox 1781 1896 1865 1949; x_wconf 77' lang='lat' dir='ltr'><strong>lex</strong></span> 
     </span>
    </p>
   </div>
   <div class='ocr_carea' id='block_1_28' title="bbox 289 1985 1864 2060">
    <p class='ocr_par' dir='ltr' id='par_1_28' title="bbox 289 1985 1864 2060">
     <span class='ocr_line' id='line_1_28' title="bbox 289 1985 1864 2060; baseline 0.003 -23"><span class='ocrx_word' id='word_1_176' title='bbox 289 1994 494 2039; x_wconf 86' lang='lat' dir='ltr'><strong>monet.</strong></span> <span class='ocrx_word' id='word_1_177' title='bbox 531 1985 672 2040; x_wconf 78' lang='lat' dir='ltr'><strong>Nam</strong></span> <span class='ocrx_word' id='word_1_178' title='bbox 712 1988 969 2058; x_wconf 80' lang='lat' dir='ltr'><strong>quicla&#39;m</strong></span> <span class='ocrx_word' id='word_1_179' title='bbox 1002 2000 1167 2059; x_wconf 84' lang='lat' dir='ltr'><strong>atque</strong></span> <span class='ocrx_word' id='word_1_180' title='bbox 1221 1991 1274 2044; x_wconf 91' lang='lat' dir='ltr'><strong>in</strong></span> <span class='ocrx_word' id='word_1_181' title='bbox 1319 1993 1533 2060; x_wconf 89' lang='lat' dir='ltr'><strong>angulis</strong></span> <span class='ocrx_word' id='word_1_182' title='bbox 1565 1991 1864 2058; x_wconf 82' lang='lat' dir='ltr'><strong>maledicit,</strong></span> 
     </span>
    </p>
   </div>
   <div class='ocr_carea' id='block_1_29' title="bbox 289 2080 1862 2154">
    <p class='ocr_par' dir='ltr' id='par_1_29' title="bbox 289 2080 1862 2154">
     <span class='ocr_line' id='line_1_29' title="bbox 289 2080 1862 2154; baseline 0.004 -23"><span class='ocrx_word' id='word_1_183' title='bbox 289 2080 422 2135; x_wconf 84' lang='lat' dir='ltr'><strong>nihil</strong></span> <span class='ocrx_word' id='word_1_184' title='bbox 461 2081 509 2135; x_wconf 86' lang='lat' dir='ltr'><strong>ei</strong></span> <span class='ocrx_word' id='word_1_185' title='bbox 538 2082 757 2137; x_wconf 88' lang='lat' dir='ltr'><strong>nocebit</strong></span> <span class='ocrx_word' id='word_1_186' title='bbox 785 2085 878 2154; x_wconf 85' lang='lat' dir='ltr'><strong>qui</strong></span> <span class='ocrx_word' id='word_1_187' title='bbox 911 2084 980 2137; x_wconf 90' lang='lat' dir='ltr'><strong>ab</strong></span> <span class='ocrx_word' id='word_1_188' title='bbox 1011 2084 1268 2139; x_wconf 81' lang='lat' dir='ltr'><strong>omnibus</strong></span> <span class='ocrx_word' id='word_1_189' title='bbox 1305 2101 1412 2138; x_wconf 86' lang='lat' dir='ltr'><strong>uno</strong></span> <span class='ocrx_word' id='word_1_190' title='bbox 1435 2099 1532 2138; x_wconf 92' lang='lat' dir='ltr'><strong>ore</strong></span> <span class='ocrx_word' id='word_1_191' title='bbox 1581 2083 1862 2139; x_wconf 85' lang='lat' dir='ltr'><strong>laudatur.</strong></span> 
     </span>
    </p>
   </div>
   <div class='ocr_carea' id='block_1_30' title="bbox 285 2172 1857 2246">
    <p class='ocr_par' dir='ltr' id='par_1_30' title="bbox 285 2172 1857 2246">
     <span class='ocr_line' id='line_1_30' title="bbox 285 2172 1857 2246; baseline 0.004 -24"><span class='ocrx_word' id='word_1_192' title='bbox 285 2172 438 2238; x_wconf 78' lang='lat' dir='ltr'><strong>Quod</strong></span> <span class='ocrx_word' id='word_1_193' title='bbox 474 2173 521 2229; x_wconf 91' lang='lat' dir='ltr'><strong>si</strong></span> <span class='ocrx_word' id='word_1_194' title='bbox 552 2172 694 2228; x_wconf 83' lang='lat' dir='ltr'><strong>forte</strong></span> <span class='ocrx_word' id='word_1_195' title='bbox 724 2176 881 2230; x_wconf 88' lang='lat' dir='ltr'><strong>dolor</strong></span> <span class='ocrx_word' id='word_1_196' title='bbox 909 2177 1110 2246; x_wconf 85' lang='lat' dir='ltr'><strong>aliquis</strong></span> <span class='ocrx_word' id='word_1_197' title='bbox 1136 2176 1383 2232; x_wconf 84' lang='lat' dir='ltr'><strong>maledici</strong></span> <span class='ocrx_word' id='word_1_198' title='bbox 1416 2176 1658 2246; x_wconf 76' lang='lat' dir='ltr'><strong>linguam</strong></span> <span class='ocrx_word' id='word_1_199' title='bbox 1689 2176 1857 2240; x_wconf 86' lang='lat' dir='ltr'><strong>acuit,</strong></span> 
     </span>
    </p>
   </div>
   <div class='ocr_carea' id='block_1_31' title="bbox 286 2267 1866 2335">
    <p class='ocr_par' dir='ltr' id='par_1_31' title="bbox 286 2267 1866 2335">
     <span class='ocr_line' id='line_1_31' title="bbox 286 2267 1866 2335; baseline 0.003 -20"><span class='ocrx_word' id='word_1_200' title='bbox 286 2281 422 2321; x_wconf 74' lang='lat' dir='ltr'><strong>sane</strong></span> <span class='ocrx_word' id='word_1_201' title='bbox 476 2267 693 2335; x_wconf 83' lang='lat' dir='ltr'><strong>expedit</strong></span> <span class='ocrx_word' id='word_1_202' title='bbox 728 2270 806 2322; x_wconf 84' lang='lat' dir='ltr'><strong>rei</strong></span> <span class='ocrx_word' id='word_1_203' title='bbox 853 2267 1092 2323; x_wconf 90' lang='lat' dir='ltr'><strong>radicem</strong></span> <span class='ocrx_word' id='word_1_204' title='bbox 1147 2268 1516 2325; x_wconf 82' lang='lat' dir='ltr'><strong>exscindere:</strong></span> <span class='ocrx_word' id='word_1_205' title='bbox 1555 2283 1667 2333; x_wconf 82' lang='lat' dir='ltr'><strong>quo</strong></span> <span class='ocrx_word' id='word_1_206' title='bbox 1723 2269 1866 2320; x_wconf 81' lang='lat' dir='ltr'><strong>l‘acto</strong></span> 
     </span>
    </p>
   </div>
   <div class='ocr_carea' id='block_1_32' title="bbox 286 2361 1866 2430">
    <p class='ocr_par' dir='ltr' id='par_1_32' title="bbox 286 2361 1866 2430">
     <span class='ocr_line' id='line_1_32' title="bbox 286 2361 1866 2430; baseline 0.001 -17"><span class='ocrx_word' id='word_1_207' title='bbox 286 2375 509 2429; x_wconf 83' lang='lat' dir='ltr'><strong>germen</strong></span> <span class='ocrx_word' id='word_1_208' title='bbox 546 2375 767 2430; x_wconf 87' lang='lat' dir='ltr'><strong>quoque</strong></span> <span class='ocrx_word' id='word_1_209' title='bbox 795 2375 1122 2416; x_wconf 83' lang='lat' dir='ltr'><strong>exarescere</strong></span> <span class='ocrx_word' id='word_1_210' title='bbox 1144 2375 1306 2415; x_wconf 90' lang='lat' dir='ltr'><strong>nemo</strong></span> <span class='ocrx_word' id='word_1_211' title='bbox 1362 2376 1468 2415; x_wconf 93' lang='lat' dir='ltr'><strong>non</strong></span> <span class='ocrx_word' id='word_1_212' title='bbox 1505 2361 1727 2415; x_wconf 83' lang='lat' dir='ltr'><strong>videbit.</strong></span> <span class='ocrx_word' id='word_1_213' title='bbox 1773 2362 1866 2414; x_wconf 85' lang='lat' dir='ltr'><strong>Sic</strong></span> 
     </span>
    </p>
   </div>
   <div class='ocr_carea' id='block_1_33' title="bbox 285 2450 1866 2524">
    <p class='ocr_par' dir='ltr' id='par_1_33' title="bbox 285 2450 1866 2524">
     <span class='ocr_line' id='line_1_33' title="bbox 285 2450 1866 2524; baseline 0 -18"><span class='ocrx_word' id='word_1_214' title='bbox 285 2453 432 2506; x_wconf 81' lang='lat' dir='ltr'><strong>enim</strong></span> <span class='ocrx_word' id='word_1_215' title='bbox 451 2468 510 2508; x_wconf 87' lang='lat' dir='ltr'><strong>se</strong></span> <span class='ocrx_word' id='word_1_216' title='bbox 540 2452 712 2522; x_wconf 82' lang='lat' dir='ltr'><strong>gessit</strong></span> <span class='ocrx_word' id='word_1_217' title='bbox 744 2452 1028 2524; x_wconf 86' lang='lat' dir='ltr'><strong>Philippus</strong></span> <span class='ocrx_word' id='word_1_218' title='bbox 1061 2468 1176 2506; x_wconf 83' lang='lat' dir='ltr'><strong>rex.</strong></span> <span class='ocrx_word' id='word_1_219' title='bbox 1233 2450 1367 2505; x_wconf 86' lang='lat' dir='ltr'><strong>Nam</strong></span> <span class='ocrx_word' id='word_1_220' title='bbox 1422 2466 1547 2505; x_wconf 92' lang='lat' dir='ltr'><strong>eum</strong></span> <span class='ocrx_word' id='word_1_221' title='bbox 1579 2451 1866 2506; x_wconf 80' lang='lat' dir='ltr'><strong>Parmenio</strong></span> 
     </span>
    </p>
   </div>
   <div class='ocr_carea' id='block_1_34' title="bbox 293 2543 1866 2615">
    <p class='ocr_par' dir='ltr' id='par_1_34' title="bbox 293 2543 1866 2615">
     <span class='ocr_line' id='line_1_34' title="bbox 293 2543 1866 2615; baseline 0.002 -19"><span class='ocrx_word' id='word_1_222' title='bbox 293 2546 439 2615; x_wconf 75' lang='lat' dir='ltr'><strong>apud</strong></span> <span class='ocrx_word' id='word_1_223' title='bbox 472 2560 598 2600; x_wconf 88' lang='lat' dir='ltr'><strong>eum</strong></span> <span class='ocrx_word' id='word_1_224' title='bbox 661 2555 953 2602; x_wconf 81' lang='lat' dir='ltr'><strong>accusaret</strong></span> <span class='ocrx_word' id='word_1_225' title='bbox 1001 2543 1334 2601; x_wconf 77' lang='lat' dir='ltr'><strong>Nicanorem</strong></span> <span class='ocrx_word' id='word_1_226' title='bbox 1373 2545 1487 2614; x_wconf 85' lang='lat' dir='ltr'><strong>regi</strong></span> <span class='ocrx_word' id='word_1_227' title='bbox 1541 2545 1866 2601; x_wconf 84' lang='lat' dir='ltr'><strong>maledicere</strong></span> 
     </span>
    </p>
   </div>
   <div class='ocr_carea' id='block_1_35' title="bbox 295 2633 1865 2708">
    <p class='ocr_par' dir='ltr' id='par_1_35' title="bbox 295 2633 1865 2708">
     <span class='ocr_line' id='line_1_35' title="bbox 295 2633 1865 2708; baseline -0.003 -17"><span class='ocrx_word' id='word_1_228' title='bbox 295 2637 545 2704; x_wconf 63' lang='lat' dir='ltr'><strong>solitum,</strong></span> <span class='ocrx_word' id='word_1_229' title='bbox 575 2633 862 2708; x_wconf 89' lang='lat' dir='ltr'><strong>Philippus</strong></span> <span class='ocrx_word' id='word_1_230' title='bbox 898 2636 974 2690; x_wconf 88' lang='lat' dir='ltr'><strong>rei</strong></span> <span class='ocrx_word' id='word_1_231' title='bbox 1001 2651 1226 2690; x_wconf 86' lang='lat' dir='ltr'><strong>causam</strong></span> <span class='ocrx_word' id='word_1_232' title='bbox 1257 2643 1512 2691; x_wconf 89' lang='lat' dir='ltr'><strong>accurate</strong></span> <span class='ocrx_word' id='word_1_233' title='bbox 1541 2633 1865 2702; x_wconf 84' lang='lat' dir='ltr'><strong>vestigavit;</strong></span> 
     </span>
    </p>
   </div>
   <div class='ocr_carea' id='block_1_36' title="bbox 285 2728 1868 2803">
    <p class='ocr_par' dir='ltr' id='par_1_36' title="bbox 285 2728 1868 2803">
     <span class='ocr_line' id='line_1_36' title="bbox 285 2728 1868 2803; baseline -0.001 -21"><span class='ocrx_word' id='word_1_234' title='bbox 285 2747 523 2803; x_wconf 79' lang='lat' dir='ltr'><strong>rumque</strong></span> <span class='ocrx_word' id='word_1_235' title='bbox 559 2731 923 2802; x_wconf 86' lang='lat' dir='ltr'><strong>comperisset</strong></span> <span class='ocrx_word' id='word_1_236' title='bbox 950 2729 1277 2786; x_wconf 76' lang='lat' dir='ltr'><strong>Nicanorem</strong></span> <span class='ocrx_word' id='word_1_237' title='bbox 1332 2739 1575 2796; x_wconf 80' lang='lat' dir='ltr'><strong>egestate</strong></span> <span class='ocrx_word' id='word_1_238' title='bbox 1611 2743 1676 2782; x_wconf 92' lang='lat' dir='ltr'><strong>ac</strong></span> <span class='ocrx_word' id='word_1_239' title='bbox 1725 2728 1868 2780; x_wconf 83' lang='lat' dir='ltr'><strong>fame</strong></span> 
     </span>
    </p>
   </div>
   <div class='ocr_carea' id='block_1_37' title="bbox 287 2821 1865 2896">
    <p class='ocr_par' dir='ltr' id='par_1_37' title="bbox 287 2821 1865 2896">
     <span class='ocr_line' id='line_1_37' title="bbox 287 2821 1865 2896; baseline -0.004 -17"><span class='ocrx_word' id='word_1_240' title='bbox 287 2825 484 2896; x_wconf 89' lang='lat' dir='ltr'><strong>premi,</strong></span> <span class='ocrx_word' id='word_1_241' title='bbox 519 2825 698 2880; x_wconf 90' lang='lat' dir='ltr'><strong>lautas</strong></span> <span class='ocrx_word' id='word_1_242' title='bbox 719 2824 938 2880; x_wconf 86' lang='lat' dir='ltr'><strong>divitias</strong></span> <span class='ocrx_word' id='word_1_243' title='bbox 993 2824 1048 2878; x_wconf 93' lang='lat' dir='ltr'><strong>in</strong></span> <span class='ocrx_word' id='word_1_244' title='bbox 1085 2823 1414 2879; x_wconf 87' lang='lat' dir='ltr'><strong>maledicum</strong></span> <span class='ocrx_word' id='word_1_245' title='bbox 1456 2821 1688 2877; x_wconf 87' lang='lat' dir='ltr'><strong>contulit</strong></span> <span class='ocrx_word' id='word_1_246' title='bbox 1718 2836 1735 2888; x_wconf 85' lang='grc'><strong>;</strong></span> <span class='ocrx_word' id='word_1_247' title='bbox 1771 2821 1865 2891; x_wconf 90' lang='lat' dir='ltr'><strong>qui</strong></span> 
     </span>
    </p>
   </div>
   <div class='ocr_carea' id='block_1_38' title="bbox 285 2911 1871 2987">
    <p class='ocr_par' dir='ltr' id='par_1_38' title="bbox 285 2911 1871 2987">
     <span class='ocr_line' id='line_1_38' title="bbox 285 2911 1871 2987; baseline -0.004 -15"><span class='ocrx_word' id='word_1_248' title='bbox 285 2920 482 2975; x_wconf 87' lang='lat' dir='ltr'><strong>deinde</strong></span> <span class='ocrx_word' id='word_1_249' title='bbox 517 2918 775 2974; x_wconf 85' lang='lat' dir='ltr'><strong>laudandi</strong></span> <span class='ocrx_word' id='word_1_250' title='bbox 798 2911 1207 2987; x_wconf 82' lang='lat' dir='ltr'><strong>extollendique</strong></span> <span class='ocrx_word' id='word_1_251' title='bbox 1231 2915 1600 2971; x_wconf 78' lang='lat' dir='ltr'><strong>benefactoris</strong></span> <span class='ocrx_word' id='word_1_252' title='bbox 1637 2913 1721 2969; x_wconf 88' lang='lat' dir='ltr'><strong>sui</strong></span> <span class='ocrx_word' id='word_1_253' title='bbox 1752 2912 1871 2968; x_wconf 87' lang='lat' dir='ltr'><strong>nul-</strong></span> 
     </span>
    </p>
   </div>
   <div class='ocr_carea' id='block_1_39' title="bbox 285 3010 1870 3083">
    <p class='ocr_par' dir='ltr' id='par_1_39' title="bbox 285 3010 1870 3083">
     <span class='ocr_line' id='line_1_39' title="bbox 285 3010 1870 3083; baseline -0.004 -17"><span class='ocrx_word' id='word_1_254' title='bbox 285 3013 398 3067; x_wconf 88' lang='lat' dir='ltr'><strong>lmn</strong></span> <span class='ocrx_word' id='word_1_255' title='bbox 433 3016 590 3068; x_wconf 87' lang='lat' dir='ltr'><strong>tlnem</strong></span> <span class='ocrx_word' id='word_1_256' title='bbox 630 3013 862 3066; x_wconf 77' lang='lat' dir='ltr'><strong>faciebat</strong></span> <span class='ocrx_word' id='word_1_257' title='bbox 890 3029 904 3066; x_wconf 90' lang='lat'><strong>:</strong></span> <span class='ocrx_word' id='word_1_258' title='bbox 932 3027 1037 3083; x_wconf 91' lang='lat' dir='ltr'><strong>qua</strong></span> <span class='ocrx_word' id='word_1_259' title='bbox 1069 3027 1127 3066; x_wconf 91' lang='lat' dir='ltr'><strong>re</strong></span> <span class='ocrx_word' id='word_1_260' title='bbox 1151 3010 1371 3080; x_wconf 84' lang='lat' dir='ltr'><strong>cognita</strong></span> <span class='ocrx_word' id='word_1_261' title='bbox 1425 3024 1544 3072; x_wconf 80' lang='lat' dir='ltr'><strong>rex,</strong></span> <span class='ocrx_word' id='word_1_262' title='bbox 1577 3023 1675 3076; x_wconf 90' lang='lat' dir='ltr'><strong>per</strong></span> <span class='ocrx_word' id='word_1_263' title='bbox 1728 3022 1870 3078; x_wconf 61' lang='lat' dir='ltr'><strong>prai-</strong></span> 
     </span>
    </p>
   </div>
   <div class='ocr_carea' id='block_1_40' title="bbox 1970 1048 3564 1130">
    <p class='ocr_par' dir='ltr' id='par_1_40' title="bbox 1970 1048 3564 1130">
     <span class='ocr_line' id='line_1_40' title="bbox 1970 1048 3564 1130; baseline 0.006 -29"><span class='ocrx_word' id='word_1_264' title='bbox 1970 1051 2039 1102; x_wconf 79' lang='grc' dir='ltr'><strong>τά</strong></span> <span class='ocrx_word' id='word_1_265' title='bbox 2060 1049 2162 1122; x_wconf 82' lang='grc' dir='ltr'>τῆς</span> <span class='ocrx_word' id='word_1_266' title='bbox 2199 1048 2411 1122; x_wconf 80' lang='grc' dir='ltr'>ὕϐρεως</span> <span class='ocrx_word' id='word_1_267' title='bbox 2437 1053 2578 1123; x_wconf 74' lang='grc' dir='ltr'>ἔργα</span> <span class='ocrx_word' id='word_1_268' title='bbox 2607 1055 2866 1124; x_wconf 76' lang='grc' dir='ltr'><strong>πράττων</strong></span> <span class='ocrx_word' id='word_1_269' title='bbox 2923 1056 3022 1127; x_wconf 79' lang='grc' dir='ltr'><strong>ἀφ’</strong></span> <span class='ocrx_word' id='word_1_270' title='bbox 3074 1058 3274 1112; x_wconf 77' lang='grc' dir='ltr'>ἑαυτοῦ</span> <span class='ocrx_word' id='word_1_271' title='bbox 3335 1057 3450 1130; x_wconf 74' lang='grc' dir='ltr'>ἔχει</span> <span class='ocrx_word' id='word_1_272' title='bbox 3499 1058 3564 1112; x_wconf 76' lang='grc' dir='ltr'><strong>τὺ</strong></span> 
     </span>
    </p>
   </div>
   <div class='ocr_carea' id='block_1_41' title="bbox 1969 1143 3564 1219">
    <p class='ocr_par' dir='ltr' id='par_1_41' title="bbox 1969 1143 3564 1219">
     <span class='ocr_line' id='line_1_41' title="bbox 1969 1143 3564 1219; baseline 0.006 -22"><span class='ocrx_word' id='word_1_273' title='bbox 1969 1143 2192 1214; x_wconf 76' lang='grc' dir='ltr'>ἄτιμον,</span> <span class='ocrx_word' id='word_1_274' title='bbox 2229 1145 2402 1210; x_wconf 82' lang='grc' dir='ltr'>οὕτως</span> <span class='ocrx_word' id='word_1_275' title='bbox 2429 1149 2460 1200; x_wconf 97' lang='lat'><strong>6</strong></span> <span class='ocrx_word' id='word_1_276' title='bbox 2488 1147 2560 1202; x_wconf 84' lang='grc' dir='ltr'><strong>τά</strong></span> <span class='ocrx_word' id='word_1_277' title='bbox 2580 1150 2813 1204; x_wconf 74' lang='grc' dir='ltr'>ἐπαίνου</span> <span class='ocrx_word' id='word_1_278' title='bbox 2841 1151 2970 1219; x_wconf 76' lang='grc' dir='ltr'>ἄξια</span> <span class='ocrx_word' id='word_1_279' title='bbox 3004 1153 3175 1207; x_wconf 86' lang='grc' dir='ltr'>ποιῶν</span> <span class='ocrx_word' id='word_1_280' title='bbox 3195 1153 3408 1208; x_wconf 72' lang='grc' dir='ltr'>οἴκοθέν</span> <span class='ocrx_word' id='word_1_281' title='bbox 3441 1153 3564 1207; x_wconf 61' lang='grc' dir='ltr'>ἑστι</span> 
     </span>
    </p>
   </div>
   <div class='ocr_carea' id='block_1_42' title="bbox 1973 1239 3566 1318">
    <p class='ocr_par' dir='ltr' id='par_1_42' title="bbox 1973 1239 3566 1318">
     <span class='ocr_line' id='line_1_42' title="bbox 1973 1239 3566 1318; baseline 0.006 -27"><span class='ocrx_word' id='word_1_282' title='bbox 1973 1241 2328 1308; x_wconf 84' lang='grc' dir='ltr'>τιμιώτατος,</span> <span class='ocrx_word' id='word_1_283' title='bbox 2372 1239 2479 1296; x_wconf 82' lang='grc' dir='ltr'>κᾶν</span> <span class='ocrx_word' id='word_1_284' title='bbox 2524 1243 2711 1312; x_wconf 83' lang='grc' dir='ltr'>μυρίοι</span> <span class='ocrx_word' id='word_1_285' title='bbox 2762 1246 3010 1313; x_wconf 76' lang='grc' dir='ltr'>ματαίως</span> <span class='ocrx_word' id='word_1_286' title='bbox 3057 1245 3390 1318; x_wconf 67' lang='grc' dir='ltr'>ἑξυϐρίζωσι</span> <span class='ocrx_word' id='word_1_287' title='bbox 3438 1244 3566 1302; x_wconf 85' lang='grc' dir='ltr'>κατ’</span> 
     </span>
    </p>
   </div>
   <div class='ocr_carea' id='block_1_43' title="bbox 1973 1330 3563 1406">
    <p class='ocr_par' dir='ltr' id='par_1_43' title="bbox 1973 1330 3563 1406">
     <span class='ocr_line' id='line_1_43' title="bbox 1973 1330 3563 1406; baseline 0.006 -24"><span class='ocrx_word' id='word_1_288' title='bbox 1973 1330 2166 1386; x_wconf 84' lang='grc' dir='ltr'>αὐτοῦ.</span> <span class='ocrx_word' id='word_1_289' title='bbox 2201 1331 2262 1384; x_wconf 82' lang='lat' dir='ltr'><strong>El</strong></span> <span class='ocrx_word' id='word_1_290' title='bbox 2291 1332 2396 1403; x_wconf 72' lang='grc' dir='ltr'>μὲν</span> <span class='ocrx_word' id='word_1_291' title='bbox 2421 1335 2484 1388; x_wconf 82' lang='grc' dir='ltr'>τὸ</span> <span class='ocrx_word' id='word_1_292' title='bbox 2513 1335 2677 1406; x_wconf 74' lang='grc' dir='ltr'>ἔργον</span> <span class='ocrx_word' id='word_1_293' title='bbox 2738 1337 3142 1406; x_wconf 82' lang='grc' dir='ltr'>καταγνώσεώς</span> <span class='ocrx_word' id='word_1_294' title='bbox 3180 1341 3330 1394; x_wconf 65' lang='grc' dir='ltr'>εστιν</span> <span class='ocrx_word' id='word_1_295' title='bbox 3386 1339 3563 1406; x_wconf 77' lang='grc' dir='ltr'>ἄξιον,</span> 
     </span>
    </p>
   </div>
   <div class='ocr_carea' id='block_1_44' title="bbox 1971 1423 3560 1504">
    <p class='ocr_par' dir='ltr' id='par_1_44' title="bbox 1971 1423 3560 1504">
     <span class='ocr_line' id='line_1_44' title="bbox 1971 1423 3560 1504; baseline 0.006 -29"><span class='ocrx_word' id='word_1_296' title='bbox 1971 1423 2335 1496; x_wconf 74' lang='grc' dir='ltr'><strong>ἐπιμελητέον</strong></span> <span class='ocrx_word' id='word_1_297' title='bbox 2411 1427 2561 1504; x_wconf 80' lang='grc' dir='ltr'>πάσῃ</span> <span class='ocrx_word' id='word_1_298' title='bbox 2631 1429 2836 1501; x_wconf 78' lang='grc' dir='ltr'>σπουδῇ</span> <span class='ocrx_word' id='word_1_299' title='bbox 2899 1429 3299 1502; x_wconf 79' lang='grc' dir='ltr'>διορθώσασθαι</span> <span class='ocrx_word' id='word_1_300' title='bbox 3353 1430 3514 1486; x_wconf 77' lang='grc' dir='ltr'>τοῦτο</span> <span class='ocrx_word' id='word_1_301' title='bbox 3542 1444 3560 1462; x_wconf 74' lang='grc' dir='ltr'><strong><em>ο</em></strong></span> 
     </span>
    </p>
   </div>
   <div class='ocr_carea' id='block_1_45' title="bbox 1972 1515 3563 1594">
    <p class='ocr_par' dir='ltr' id='par_1_45' title="bbox 1972 1515 3563 1594">
     <span class='ocr_line' id='line_1_45' title="bbox 1972 1515 3563 1594; baseline 0.004 -27"><span class='ocrx_word' id='word_1_302' title='bbox 1972 1515 2153 1586; x_wconf 82' lang='grc' dir='ltr'>πολλῷ</span> <span class='ocrx_word' id='word_1_303' title='bbox 2181 1516 2385 1586; x_wconf 81' lang='grc' dir='ltr'>μᾶλλον</span> <span class='ocrx_word' id='word_1_304' title='bbox 2411 1517 2545 1588; x_wconf 80' lang='grc' dir='ltr'>παρ’</span> <span class='ocrx_word' id='word_1_305' title='bbox 2568 1518 2598 1572; x_wconf 85' lang='lat'><strong>6</strong></span> <span class='ocrx_word' id='word_1_306' title='bbox 2623 1520 2940 1588; x_wconf 80' lang='grc' dir='ltr'>Δίγύπτιοι,</span> <span class='ocrx_word' id='word_1_307' title='bbox 2973 1520 3097 1576; x_wconf 80' lang='grc' dir='ltr'>καθ’</span> <span class='ocrx_word' id='word_1_308' title='bbox 3125 1521 3222 1585; x_wconf 83' lang='grc' dir='ltr'><strong>οὑς</strong></span> <span class='ocrx_word' id='word_1_309' title='bbox 3261 1517 3406 1594; x_wconf 84' lang='grc' dir='ltr'>εῐχον</span> <span class='ocrx_word' id='word_1_310' title='bbox 3451 1521 3563 1576; x_wconf 76' lang='grc' dir='ltr'><strong>ἀπὸ</strong></span> 
     </span>
    </p>
   </div>
   <div class='ocr_carea' id='block_1_46' title="bbox 1974 1607 3559 1686">
    <p class='ocr_par' dir='ltr' id='par_1_46' title="bbox 1974 1607 3559 1686">
     <span class='ocr_line' id='line_1_46' title="bbox 1974 1607 3559 1686; baseline 0.006 -26"><span class='ocrx_word' id='word_1_311' title='bbox 1974 1607 2268 1674; x_wconf 79' lang='grc' dir='ltr'>συνηθείας</span> <span class='ocrx_word' id='word_1_312' title='bbox 2325 1613 2503 1664; x_wconf 86' lang='grc' dir='ltr'>ποιεῖν</span> <span class='ocrx_word' id='word_1_313' title='bbox 2553 1612 2878 1683; x_wconf 81' lang='grc' dir='ltr'>καθαρμοὺς</span> <span class='ocrx_word' id='word_1_314' title='bbox 2939 1613 3050 1668; x_wconf 82' lang='grc' dir='ltr'>τῶν</span> <span class='ocrx_word' id='word_1_315' title='bbox 3104 1613 3292 1686; x_wconf 79' lang='grc' dir='ltr'>ψυχῶν</span> <span class='ocrx_word' id='word_1_316' title='bbox 3317 1613 3429 1686; x_wconf 71' lang='grc'><strong>(56)</strong></span> <span class='ocrx_word' id='word_1_317' title='bbox 3459 1614 3559 1670; x_wconf 72' lang='grc' dir='ltr'><strong>ἐί</strong></span> 
     </span>
    </p>
   </div>
   <div class='ocr_carea' id='block_1_47' title="bbox 1970 1695 3566 1779">
    <p class='ocr_par' dir='ltr' id='par_1_47' title="bbox 1970 1695 3566 1779">
     <span class='ocr_line' id='line_1_47' title="bbox 1970 1695 3566 1779; baseline 0.006 -27"><span class='ocrx_word' id='word_1_318' title='bbox 1970 1699 2016 1752; x_wconf 85' lang='grc' dir='ltr'>δ’</span> <span class='ocrx_word' id='word_1_319' title='bbox 2036 1695 2151 1765; x_wconf 78' lang='grc' dir='ltr'>οὖν,</span> <span class='ocrx_word' id='word_1_320' title='bbox 2184 1700 2347 1755; x_wconf 80' lang='grc' dir='ltr'>άλλ’ὁ</span> <span class='ocrx_word' id='word_1_321' title='bbox 2375 1702 2634 1774; x_wconf 81' lang='grc' dir='ltr'>φλυαρῶν</span> <span class='ocrx_word' id='word_1_322' title='bbox 2657 1704 2733 1767; x_wconf 86' lang='grc' dir='ltr'><strong>ὡς</strong></span> <span class='ocrx_word' id='word_1_323' title='bbox 2801 1706 3129 1776; x_wconf 83' lang='grc' dir='ltr'>μαινόμενος</span> <span class='ocrx_word' id='word_1_324' title='bbox 3172 1707 3324 1774; x_wconf 65' lang='grc' dir='ltr'>ἄξιος</span> <span class='ocrx_word' id='word_1_325' title='bbox 3380 1723 3566 1779; x_wconf 84' lang='grc' dir='ltr'>παρα-</span> 
     </span>
    </p>
   </div>
   <div class='ocr_carea' id='block_1_48' title="bbox 1976 1793 3565 1870">
    <p class='ocr_par' dir='ltr' id='par_1_48' title="bbox 1976 1793 3565 1870">
     <span class='ocr_line' id='line_1_48' title="bbox 1976 1793 3565 1870; baseline 0.006 -26"><span class='ocrx_word' id='word_1_326' title='bbox 1976 1793 2280 1849; x_wconf 76' lang='grc' dir='ltr'>ϐλέπεσθαι</span> <span class='ocrx_word' id='word_1_327' title='bbox 2309 1809 2324 1826; x_wconf 77' lang='grc' dir='ltr'><strong>ο</strong></span> <span class='ocrx_word' id='word_1_328' title='bbox 2357 1794 2563 1866; x_wconf 82' lang='grc' dir='ltr'>ἀρχαία</span> <span class='ocrx_word' id='word_1_329' title='bbox 2587 1797 2684 1850; x_wconf 78' lang='grc' dir='ltr'>καὶ</span> <span class='ocrx_word' id='word_1_330' title='bbox 2712 1800 2974 1868; x_wconf 84' lang='grc' dir='ltr'>νουνεχής</span> <span class='ocrx_word' id='word_1_331' title='bbox 3001 1800 3118 1852; x_wconf 67' lang='grc' dir='ltr'>ἔστι</span> <span class='ocrx_word' id='word_1_332' title='bbox 3138 1797 3298 1852; x_wconf 79' lang='grc' dir='ltr'>τοῦτο</span> <span class='ocrx_word' id='word_1_333' title='bbox 3333 1797 3565 1870; x_wconf 87' lang='grc' dir='ltr'>νομοθε-</span> 
     </span>
    </p>
   </div>
   <div class='ocr_carea' id='block_1_49' title="bbox 1970 1885 3567 1963">
    <p class='ocr_par' dir='ltr' id='par_1_49' title="bbox 1970 1885 3567 1963">
     <span class='ocr_line' id='line_1_49' title="bbox 1970 1885 3567 1963; baseline 0.006 -27"><span class='ocrx_word' id='word_1_334' title='bbox 1970 1885 2061 1937; x_wconf 81' lang='grc' dir='ltr'><strong>σία</strong></span> <span class='ocrx_word' id='word_1_335' title='bbox 2100 1900 2115 1917; x_wconf 80' lang='grc' dir='ltr'><strong><em>ο</em></strong></span> <span class='ocrx_word' id='word_1_336' title='bbox 2148 1885 2303 1938; x_wconf 79' lang='grc' dir='ltr'>οὐδὲν</span> <span class='ocrx_word' id='word_1_337' title='bbox 2333 1885 2443 1956; x_wconf 84' lang='grc' dir='ltr'><strong>γάρ</strong></span> <span class='ocrx_word' id='word_1_338' title='bbox 2463 1886 2722 1958; x_wconf 69' lang='grc' dir='ltr'>βλάψειεν</span> <span class='ocrx_word' id='word_1_339' title='bbox 2748 1891 2778 1942; x_wconf 89' lang='lat'><strong>6</strong></span> <span class='ocrx_word' id='word_1_340' title='bbox 2799 1891 2856 1943; x_wconf 79' lang='grc' dir='ltr'>ὲν</span> <span class='ocrx_word' id='word_1_341' title='bbox 2895 1890 3240 1962; x_wconf 84' lang='grc' dir='ltr'>παραϐύστῳ</span> <span class='ocrx_word' id='word_1_342' title='bbox 3264 1892 3360 1946; x_wconf 71' lang='grc' dir='ltr'><strong>καὶ</strong></span> <span class='ocrx_word' id='word_1_343' title='bbox 3385 1891 3567 1963; x_wconf 68' lang='grc' dir='ltr'><strong>γωνίᾳ⁸</strong></span> 
     </span>
    </p>
   </div>
   <div class='ocr_carea' id='block_1_50' title="bbox 1970 1976 3567 2056">
    <p class='ocr_par' dir='ltr' id='par_1_50' title="bbox 1970 1976 3567 2056">
     <span class='ocr_line' id='line_1_50' title="bbox 1970 1976 3567 2056; baseline 0.005 -26"><span class='ocrx_word' id='word_1_344' title='bbox 1970 1976 2208 2047; x_wconf 77' lang='grc' dir='ltr'>ὑϐρίζων</span> <span class='ocrx_word' id='word_1_345' title='bbox 2237 1980 2329 2032; x_wconf 74' lang='grc' dir='ltr'><strong>τὸν</strong></span> <span class='ocrx_word' id='word_1_346' title='bbox 2399 1979 2506 2033; x_wconf 83' lang='grc' dir='ltr'><strong>ὑπὸ</strong></span> <span class='ocrx_word' id='word_1_347' title='bbox 2557 1981 2776 2035; x_wconf 88' lang='grc' dir='ltr'>πάντων</span> <span class='ocrx_word' id='word_1_348' title='bbox 2834 1981 2912 2045; x_wconf 83' lang='grc' dir='ltr'><strong>ὡς</strong></span> <span class='ocrx_word' id='word_1_349' title='bbox 2969 1983 3068 2053; x_wconf 80' lang='grc' dir='ltr'><strong>ἀφ’</strong></span> <span class='ocrx_word' id='word_1_350' title='bbox 3123 1984 3245 2048; x_wconf 68' lang='grc' dir='ltr'>ινδς</span> <span class='ocrx_word' id='word_1_351' title='bbox 3290 1983 3567 2056; x_wconf 86' lang='grc' dir='ltr'>στόματος</span> 
     </span>
    </p>
   </div>
   <div class='ocr_carea' id='block_1_51' title="bbox 1969 2071 3557 2149">
    <p class='ocr_par' dir='ltr' id='par_1_51' title="bbox 1969 2071 3557 2149">
     <span class='ocr_line' id='line_1_51' title="bbox 1969 2071 3557 2149; baseline 0.007 -28"><span class='ocrx_word' id='word_1_352' title='bbox 1969 2071 2384 2141; x_wconf 72' lang='grc' dir='ltr'>ἐπαινούμενον.</span> <span class='ocrx_word' id='word_1_353' title='bbox 2412 2071 2474 2126; x_wconf 85' lang='grc' dir='ltr'><strong>Εί</strong></span> <span class='ocrx_word' id='word_1_354' title='bbox 2497 2072 2545 2128; x_wconf 88' lang='grc' dir='ltr'>δ’</span> <span class='ocrx_word' id='word_1_355' title='bbox 2579 2074 2710 2138; x_wconf 75' lang='grc' dir='ltr'>ἴσως</span> <span class='ocrx_word' id='word_1_356' title='bbox 2741 2075 2838 2128; x_wconf 82' lang='grc' dir='ltr'>καὶ</span> <span class='ocrx_word' id='word_1_357' title='bbox 2855 2074 3002 2148; x_wconf 86' lang='grc' dir='ltr'>λύπη</span> <span class='ocrx_word' id='word_1_358' title='bbox 3045 2094 3130 2142; x_wconf 90' lang='grc' dir='ltr'><strong>τις</strong></span> <span class='ocrx_word' id='word_1_359' title='bbox 3155 2077 3255 2149; x_wconf 83' lang='grc' dir='ltr'>τὴν</span> <span class='ocrx_word' id='word_1_360' title='bbox 3294 2077 3403 2132; x_wconf 82' lang='grc' dir='ltr'>άπὸ</span> <span class='ocrx_word' id='word_1_361' title='bbox 3459 2076 3557 2132; x_wconf 79' lang='grc' dir='ltr'>τοῦ</span> 
     </span>
    </p>
   </div>
   <div class='ocr_carea' id='block_1_52' title="bbox 1969 2161 3562 2241">
    <p class='ocr_par' dir='ltr' id='par_1_52' title="bbox 1969 2161 3562 2241">
     <span class='ocr_line' id='line_1_52' title="bbox 1969 2161 3562 2241; baseline 0.004 -26"><span class='ocrx_word' id='word_1_362' title='bbox 1969 2161 2289 2232; x_wconf 76' lang='grc' dir='ltr'>ὑϐρίζοντος</span> <span class='ocrx_word' id='word_1_363' title='bbox 2318 2164 2591 2236; x_wconf 89' lang='grc' dir='ltr'>λοιδορίαν</span> <span class='ocrx_word' id='word_1_364' title='bbox 2615 2167 2897 2237; x_wconf 78' lang='grc' dir='ltr'>ἐγέννησε,</span> <span class='ocrx_word' id='word_1_365' title='bbox 2951 2169 3104 2235; x_wconf 81' lang='grc' dir='ltr'>ἀξιον</span> <span class='ocrx_word' id='word_1_366' title='bbox 3151 2169 3383 2241; x_wconf 65' lang='grc' dir='ltr'>ἐκκόψαι</span> <span class='ocrx_word' id='word_1_367' title='bbox 3455 2168 3562 2241; x_wconf 75' lang='grc' dir='ltr'>τὴν</span> 
     </span>
    </p>
   </div>
   <div class='ocr_carea' id='block_1_53' title="bbox 1971 2255 3564 2334">
    <p class='ocr_par' dir='ltr' id='par_1_53' title="bbox 1971 2255 3564 2334">
     <span class='ocr_line' id='line_1_53' title="bbox 1971 2255 3564 2334; baseline 0.004 -23"><span class='ocrx_word' id='word_1_368' title='bbox 1971 2255 2129 2326; x_wconf 72' lang='grc' dir='ltr'>ῥίζαν</span> <span class='ocrx_word' id='word_1_369' title='bbox 2158 2270 2173 2284; x_wconf 87' lang='grc'>·</span> <span class='ocrx_word' id='word_1_370' title='bbox 2205 2257 2298 2310; x_wconf 74' lang='grc' dir='ltr'>καὶ</span> <span class='ocrx_word' id='word_1_371' title='bbox 2334 2259 2443 2321; x_wconf 77' lang='grc' dir='ltr'><strong>πᾶς</strong></span> <span class='ocrx_word' id='word_1_372' title='bbox 2474 2275 2560 2322; x_wconf 88' lang='grc' dir='ltr'><strong>τις</strong></span> <span class='ocrx_word' id='word_1_373' title='bbox 2589 2260 2656 2314; x_wconf 75' lang='grc' dir='ltr'>ἂν</span> <span class='ocrx_word' id='word_1_374' title='bbox 2690 2261 2789 2314; x_wconf 84' lang='grc' dir='ltr'>ίδοι</span> <span class='ocrx_word' id='word_1_375' title='bbox 2835 2263 3045 2332; x_wconf 83' lang='grc' dir='ltr'>ταχέως</span> <span class='ocrx_word' id='word_1_376' title='bbox 3089 2263 3564 2334; x_wconf 83' lang='grc' dir='ltr'>συναπομαραινό-</span> 
     </span>
    </p>
   </div>
   <div class='ocr_carea' id='block_1_54' title="bbox 1973 2349 3560 2428">
    <p class='ocr_par' dir='ltr' id='par_1_54' title="bbox 1973 2349 3560 2428">
     <span class='ocr_line' id='line_1_54' title="bbox 1973 2349 3560 2428; baseline 0.006 -28"><span class='ocrx_word' id='word_1_377' title='bbox 1973 2365 2134 2416; x_wconf 89' lang='grc' dir='ltr'>μενον</span> <span class='ocrx_word' id='word_1_378' title='bbox 2155 2349 2249 2402; x_wconf 76' lang='grc' dir='ltr'>καὶ</span> <span class='ocrx_word' id='word_1_379' title='bbox 2277 2349 2337 2403; x_wconf 82' lang='grc' dir='ltr'>τὸ</span> <span class='ocrx_word' id='word_1_380' title='bbox 2372 2349 2688 2424; x_wconf 75' lang='grc' dir='ltr'>βλάστημα.</span> <span class='ocrx_word' id='word_1_381' title='bbox 2725 2354 2959 2424; x_wconf 80' lang='grc' dir='ltr'>Ὅμοιον</span> <span class='ocrx_word' id='word_1_382' title='bbox 2990 2355 3098 2428; x_wconf 81' lang='grc' dir='ltr'><strong>γὰρ</strong></span> <span class='ocrx_word' id='word_1_383' title='bbox 3129 2357 3224 2410; x_wconf 80' lang='grc' dir='ltr'>καὶ</span> <span class='ocrx_word' id='word_1_384' title='bbox 3249 2359 3276 2410; x_wconf 90' lang='lat'><strong>6</strong></span> <span class='ocrx_word' id='word_1_385' title='bbox 3297 2355 3560 2428; x_wconf 79' lang='grc' dir='ltr'>βασιλεὺς</span> 
     </span>
    </p>
   </div>
   <div class='ocr_carea' id='block_1_55' title="bbox 1969 2441 3560 2520">
    <p class='ocr_par' dir='ltr' id='par_1_55' title="bbox 1969 2441 3560 2520">
     <span class='ocr_line' id='line_1_55' title="bbox 1969 2441 3560 2520; baseline 0.006 -27"><span class='ocrx_word' id='word_1_386' title='bbox 1969 2441 2194 2514; x_wconf 77' lang='grc' dir='ltr'>ἐποίησε</span> <span class='ocrx_word' id='word_1_387' title='bbox 2243 2445 2514 2510; x_wconf 75' lang='grc' dir='ltr'>Φίλιππος</span> <span class='ocrx_word' id='word_1_388' title='bbox 2547 2461 2563 2479; x_wconf 86' lang='grc'><strong>·</strong></span> <span class='ocrx_word' id='word_1_389' title='bbox 2601 2448 2726 2502; x_wconf 75' lang='grc' dir='ltr'>ἐπεὶ</span> <span class='ocrx_word' id='word_1_390' title='bbox 2750 2448 2860 2519; x_wconf 82' lang='grc' dir='ltr'><strong>γὰρ</strong></span> <span class='ocrx_word' id='word_1_391' title='bbox 2889 2449 2918 2503; x_wconf 82' lang='grc'>6</span> <span class='ocrx_word' id='word_1_392' title='bbox 2953 2450 3287 2520; x_wconf 82' lang='grc' dir='ltr'>Παρμενίων</span> <span class='ocrx_word' id='word_1_393' title='bbox 3316 2449 3560 2520; x_wconf 80' lang='grc' dir='ltr'>κατήγο-</span> 
     </span>
    </p>
   </div>
   <div class='ocr_carea' id='block_1_56' title="bbox 1971 2537 3562 2614">
    <p class='ocr_par' dir='ltr' id='par_1_56' title="bbox 1971 2537 3562 2614">
     <span class='ocr_line' id='line_1_56' title="bbox 1971 2537 3562 2614; baseline 0.004 -27"><span class='ocrx_word' id='word_1_394' title='bbox 1971 2552 2066 2606; x_wconf 87' lang='grc' dir='ltr'><strong>ρος</strong></span> <span class='ocrx_word' id='word_1_395' title='bbox 2093 2537 2311 2605; x_wconf 74' lang='grc' dir='ltr'>ἐγένετο</span> <span class='ocrx_word' id='word_1_396' title='bbox 2328 2538 2467 2608; x_wconf 80' lang='grc' dir='ltr'>πρὸς</span> <span class='ocrx_word' id='word_1_397' title='bbox 2500 2540 2664 2594; x_wconf 77' lang='grc' dir='ltr'>αὑτὸν</span> <span class='ocrx_word' id='word_1_398' title='bbox 2691 2540 2768 2606; x_wconf 84' lang='grc' dir='ltr'><strong>ὡς</strong></span> <span class='ocrx_word' id='word_1_399' title='bbox 2791 2543 2820 2595; x_wconf 87' lang='lat'><strong>6</strong></span> <span class='ocrx_word' id='word_1_400' title='bbox 2861 2541 3126 2614; x_wconf 83' lang='grc' dir='ltr'>Νικάνωρ</span> <span class='ocrx_word' id='word_1_401' title='bbox 3156 2542 3410 2614; x_wconf 72' lang='grc' dir='ltr'>ἐξύϐρισε</span> <span class='ocrx_word' id='word_1_402' title='bbox 3434 2539 3562 2596; x_wconf 83' lang='grc' dir='ltr'>κατ’</span> 
     </span>
    </p>
   </div>
   <div class='ocr_carea' id='block_1_57' title="bbox 1968 2628 3562 2709">
    <p class='ocr_par' dir='ltr' id='par_1_57' title="bbox 1968 2628 3562 2709">
     <span class='ocr_line' id='line_1_57' title="bbox 1968 2628 3562 2709; baseline 0.005 -29"><span class='ocrx_word' id='word_1_403' title='bbox 1968 2628 2158 2695; x_wconf 80' lang='grc' dir='ltr'>αὐτοῦ,</span> <span class='ocrx_word' id='word_1_404' title='bbox 2191 2631 2440 2701; x_wconf 83' lang='grc' dir='ltr'>ἀκριϐῶς</span> <span class='ocrx_word' id='word_1_405' title='bbox 2464 2635 2493 2686; x_wconf 93' lang='lat'><strong>6</strong></span> <span class='ocrx_word' id='word_1_406' title='bbox 2513 2633 2780 2698; x_wconf 75' lang='grc' dir='ltr'>Φίλιππος</span> <span class='ocrx_word' id='word_1_407' title='bbox 2799 2634 3188 2707; x_wconf 79' lang='grc' dir='ltr'>άνεψηλάφησε</span> <span class='ocrx_word' id='word_1_408' title='bbox 3212 2637 3315 2709; x_wconf 76' lang='grc' dir='ltr'>τὴν</span> <span class='ocrx_word' id='word_1_409' title='bbox 3337 2635 3522 2692; x_wconf 71' lang='grc' dir='ltr'>αἰτίαν</span> <span class='ocrx_word' id='word_1_410' title='bbox 3542 2650 3562 2667; x_wconf 75' lang='grc' dir='ltr'><strong><em>ο</em></strong></span> 
     </span>
    </p>
   </div>
   <div class='ocr_carea' id='block_1_58' title="bbox 1969 2722 3566 2797">
    <p class='ocr_par' dir='ltr' id='par_1_58' title="bbox 1969 2722 3566 2797">
     <span class='ocr_line' id='line_1_58' title="bbox 1969 2722 3566 2797; baseline 0.004 -21"><span class='ocrx_word' id='word_1_411' title='bbox 1969 2725 2063 2776; x_wconf 74' lang='grc' dir='ltr'>καὶ</span> <span class='ocrx_word' id='word_1_412' title='bbox 2086 2722 2186 2794; x_wconf 80' lang='grc' dir='ltr'>τὴν</span> <span class='ocrx_word' id='word_1_413' title='bbox 2222 2722 2319 2777; x_wconf 79' lang='grc' dir='ltr'>τοῦ</span> <span class='ocrx_word' id='word_1_414' title='bbox 2352 2725 2676 2796; x_wconf 81' lang='grc' dir='ltr'>Νικάνωρος</span> <span class='ocrx_word' id='word_1_415' title='bbox 2714 2727 2824 2782; x_wconf 81' lang='grc' dir='ltr'>άπὸ</span> <span class='ocrx_word' id='word_1_416' title='bbox 2857 2727 3017 2797; x_wconf 79' lang='grc' dir='ltr'>λιμοῦ</span> <span class='ocrx_word' id='word_1_417' title='bbox 3047 2729 3257 2782; x_wconf 73' lang='grc' dir='ltr'>ἔνδειαν</span> <span class='ocrx_word' id='word_1_418' title='bbox 3288 2728 3383 2782; x_wconf 80' lang='grc' dir='ltr'>καὶ</span> <span class='ocrx_word' id='word_1_419' title='bbox 3438 2727 3566 2782; x_wconf 79' lang='grc' dir='ltr'>στέ-</span> 
     </span>
    </p>
   </div>
   <div class='ocr_carea' id='block_1_59' title="bbox 1971 2813 3566 2891">
    <p class='ocr_par' dir='ltr' id='par_1_59' title="bbox 1971 2813 3566 2891">
     <span class='ocr_line' id='line_1_59' title="bbox 1971 2813 3566 2891; baseline 0.008 -27"><span class='ocrx_word' id='word_1_420' title='bbox 1971 2829 2130 2884; x_wconf 92' lang='grc' dir='ltr'>ρησιν</span> <span class='ocrx_word' id='word_1_421' title='bbox 2159 2813 2436 2885; x_wconf 85' lang='grc' dir='ltr'>εὑρηκὼς,</span> <span class='ocrx_word' id='word_1_422' title='bbox 2461 2814 2697 2883; x_wconf 75' lang='grc' dir='ltr'>εὔπορον</span> <span class='ocrx_word' id='word_1_423' title='bbox 2730 2816 2823 2872; x_wconf 81' lang='grc' dir='ltr'>καὶ</span> <span class='ocrx_word' id='word_1_424' title='bbox 2885 2817 3147 2873; x_wconf 83' lang='grc' dir='ltr'>πλούσιον</span> <span class='ocrx_word' id='word_1_425' title='bbox 3195 2820 3288 2874; x_wconf 79' lang='grc' dir='ltr'><strong>τὸν</strong></span> <span class='ocrx_word' id='word_1_426' title='bbox 3351 2819 3566 2891; x_wconf 80' lang='grc' dir='ltr'>δυσφη-</span> 
     </span>
    </p>
   </div>
   <div class='ocr_carea' id='block_1_60' title="bbox 1972 2905 3564 2983">
    <p class='ocr_par' dir='ltr' id='par_1_60' title="bbox 1972 2905 3564 2983">
     <span class='ocr_line' id='line_1_60' title="bbox 1972 2905 3564 2983; baseline 0.004 -23"><span class='ocrx_word' id='word_1_427' title='bbox 1972 2905 2180 2976; x_wconf 87' lang='grc' dir='ltr'>μοῦντα</span> <span class='ocrx_word' id='word_1_428' title='bbox 2209 2907 2516 2975; x_wconf 80' lang='grc' dir='ltr'>ἀπέδειξεν.</span> <span class='ocrx_word' id='word_1_429' title='bbox 2558 2908 2618 2983; x_wconf 73' lang='grc' dir='ltr'>’β</span> <span class='ocrx_word' id='word_1_430' title='bbox 2667 2910 2724 2964; x_wconf 77' lang='grc' dir='ltr'>δὲ</span> <span class='ocrx_word' id='word_1_431' title='bbox 2775 2909 2963 2966; x_wconf 77' lang='grc' dir='ltr'>ἔκτοτε</span> <span class='ocrx_word' id='word_1_432' title='bbox 3023 2913 3126 2968; x_wconf 78' lang='grc' dir='ltr'><strong>οὐκ</strong></span> <span class='ocrx_word' id='word_1_433' title='bbox 3176 2911 3416 2967; x_wconf 71' lang='grc' dir='ltr'>ιπαύετο</span> <span class='ocrx_word' id='word_1_434' title='bbox 3466 2911 3564 2966; x_wconf 74' lang='grc' dir='ltr'><strong>τὸν</strong></span> 
     </span>
    </p>
   </div>
   <div class='ocr_carea' id='block_1_61' title="bbox 1971 3000 3562 3077">
    <p class='ocr_par' dir='ltr' id='par_1_61' title="bbox 1971 3000 3562 3077">
     <span class='ocr_line' id='line_1_61' title="bbox 1971 3000 3562 3077; baseline 0.006 -26"><span class='ocrx_word' id='word_1_435' title='bbox 1971 3000 2270 3071; x_wconf 80' lang='grc' dir='ltr'>εὐεργέτην</span> <span class='ocrx_word' id='word_1_436' title='bbox 2330 3003 2732 3074; x_wconf 82' lang='grc' dir='ltr'>ἀποσεμνύνων</span> <span class='ocrx_word' id='word_1_437' title='bbox 2785 3014 2882 3061; x_wconf 78' lang='grc' dir='ltr'>καὶ</span> <span class='ocrx_word' id='word_1_438' title='bbox 2921 3005 3224 3072; x_wconf 66' lang='grc' dir='ltr'>ἑκοειάζων</span> <span class='ocrx_word' id='word_1_439' title='bbox 3258 3021 3272 3036; x_wconf 78' lang='grc'><strong>⁸</strong></span> <span class='ocrx_word' id='word_1_440' title='bbox 3315 3005 3562 3077; x_wconf 81' lang='grc' dir='ltr'>μαθόντα</span> 
     </span>
    </p>
   </div>
   <div class='ocr_carea' id='block_1_62' title="bbox 285 3091 1866 3173">
    <p class='ocr_par' dir='ltr' id='par_1_62' title="bbox 285 3100 1862 3173">
     <span class='ocr_line' id='line_1_62' title="bbox 285 3100 1862 3173; baseline -0.006 -11"><span class='ocrx_word' id='word_1_441' title='bbox 285 3123 478 3163; x_wconf 87' lang='lat' dir='ltr'><strong>concm</strong></span> <span class='ocrx_word' id='word_1_442' title='bbox 513 3105 653 3160; x_wconf 89' lang='lat' dir='ltr'><strong>edici</strong></span> <span class='ocrx_word' id='word_1_443' title='bbox 679 3106 893 3173; x_wconf 84' lang='lat' dir='ltr'><strong>publice</strong></span> <span class='ocrx_word' id='word_1_444' title='bbox 930 3105 982 3159; x_wconf 92' lang='lat' dir='ltr'><strong>in</strong></span> <span class='ocrx_word' id='word_1_445' title='bbox 1019 3103 1225 3159; x_wconf 88' lang='lat' dir='ltr'><strong>ditionc</strong></span> <span class='ocrx_word' id='word_1_446' title='bbox 1253 3117 1351 3158; x_wconf 88' lang='lat' dir='ltr'><strong>sua</strong></span> <span class='ocrx_word' id='word_1_447' title='bbox 1380 3101 1584 3172; x_wconf 84' lang='lat' dir='ltr'><strong>jussit;</strong></span> <span class='ocrx_word' id='word_1_448' title='bbox 1610 3100 1862 3155; x_wconf 83' lang='lat' dir='ltr'><strong>nimirum</strong></span> 
     </span>
    </p>
   </div>
   <div class='ocr_carea' id='block_1_63' title="bbox 1973 3091 3563 3173">
    <p class='ocr_par' dir='ltr' id='par_1_63' title="bbox 1973 3091 3563 3170">
     <span class='ocr_line' id='line_1_63' title="bbox 1973 3091 3563 3170; baseline 0.008 -25"><span class='ocrx_word' id='word_1_449' title='bbox 1973 3091 2027 3145; x_wconf 77' lang='grc' dir='ltr'>δὲ</span> <span class='ocrx_word' id='word_1_450' title='bbox 2057 3093 2215 3147; x_wconf 83' lang='grc' dir='ltr'>τοῦτο</span> <span class='ocrx_word' id='word_1_451' title='bbox 2247 3093 2341 3148; x_wconf 73' lang='grc' dir='ltr'>τὸν</span> <span class='ocrx_word' id='word_1_452' title='bbox 2373 3094 2625 3163; x_wconf 79' lang='grc' dir='ltr'>βασιλέα,</span> <span class='ocrx_word' id='word_1_453' title='bbox 2649 3097 2870 3168; x_wconf 83' lang='grc' dir='ltr'>κήρυκα</span> <span class='ocrx_word' id='word_1_454' title='bbox 2919 3098 3137 3170; x_wconf 67' lang='grc' dir='ltr'>πέμψαι</span> <span class='ocrx_word' id='word_1_455' title='bbox 3206 3102 3303 3154; x_wconf 72' lang='grc' dir='ltr'>καὶ</span> <span class='ocrx_word' id='word_1_456' title='bbox 3357 3101 3563 3170; x_wconf 81' lang='grc' dir='ltr'>διαφη-</span> 
     </span>
    </p>
   </div>
   <div class='ocr_carea' id='block_1_64' title="bbox 287 3194 1867 3270">
    <p class='ocr_par' dir='ltr' id='par_1_64' title="bbox 287 3194 1867 3270">
     <span class='ocr_line' id='line_1_64' title="bbox 287 3194 1867 3270; baseline -0.004 -18"><span class='ocrx_word' id='word_1_457' title='bbox 287 3199 566 3270; x_wconf 78' lang='lat' dir='ltr'><strong>principes</strong></span> <span class='ocrx_word' id='word_1_458' title='bbox 589 3208 702 3253; x_wconf 91' lang='lat' dir='ltr'><strong>tum</strong></span> <span class='ocrx_word' id='word_1_459' title='bbox 734 3199 955 3253; x_wconf 84' lang='lat' dir='ltr'><strong>laudum</strong></span> <span class='ocrx_word' id='word_1_460' title='bbox 998 3205 1116 3251; x_wconf 91' lang='lat' dir='ltr'><strong>tum</strong></span> <span class='ocrx_word' id='word_1_461' title='bbox 1152 3197 1313 3256; x_wconf 87' lang='lat' dir='ltr'><strong>etiam</strong></span> <span class='ocrx_word' id='word_1_462' title='bbox 1351 3194 1769 3250; x_wconf 84' lang='lat' dir='ltr'><strong>maledictorum</strong></span> <span class='ocrx_word' id='word_1_463' title='bbox 1794 3194 1867 3248; x_wconf 59' lang='lat' dir='ltr'><strong>si-</strong></span> 
     </span>
    </p>
   </div>
   <div class='ocr_carea' id='block_1_65' title="bbox 286 3287 1865 3360">
    <p class='ocr_par' dir='ltr' id='par_1_65' title="bbox 286 3287 1865 3360">
     <span class='ocr_line' id='line_1_65' title="bbox 286 3287 1865 3360; baseline -0.005 -12"><span class='ocrx_word' id='word_1_464' title='bbox 286 3293 456 3348; x_wconf 86' lang='lat' dir='ltr'><strong>bimet</strong></span> <span class='ocrx_word' id='word_1_465' title='bbox 483 3301 738 3346; x_wconf 88' lang='lat' dir='ltr'><strong>auctores</strong></span> <span class='ocrx_word' id='word_1_466' title='bbox 787 3291 924 3346; x_wconf 85' lang='lat' dir='ltr'><strong>tieri.</strong></span> <span class='ocrx_word' id='word_1_467' title='bbox 959 3290 1205 3360; x_wconf 80' lang='lat' dir='ltr'><strong>Namque</strong></span> <span class='ocrx_word' id='word_1_468' title='bbox 1267 3287 1595 3342; x_wconf 87' lang='lat' dir='ltr'><strong>Nicanorem</strong></span> <span class='ocrx_word' id='word_1_469' title='bbox 1633 3302 1865 3357; x_wconf 88' lang='lat' dir='ltr'><strong>egenum</strong></span> 
     </span>
    </p>
   </div>
   <div class='ocr_carea' id='block_1_66' title="bbox 291 3379 1865 3457">
    <p class='ocr_par' dir='ltr' id='par_1_66' title="bbox 291 3379 1865 3457">
     <span class='ocr_line' id='line_1_66' title="bbox 291 3379 1865 3457; baseline -0.006 -17"><span class='ocrx_word' id='word_1_470' title='bbox 291 3396 460 3457; x_wconf 87' lang='lat' dir='ltr'><strong>atque</strong></span> <span class='ocrx_word' id='word_1_471' title='bbox 497 3383 813 3440; x_wconf 83' lang='lat' dir='ltr'><strong>famelicum</strong></span> <span class='ocrx_word' id='word_1_472' title='bbox 843 3383 1122 3438; x_wconf 79' lang='lat' dir='ltr'><strong>beneﬁciis</strong></span> <span class='ocrx_word' id='word_1_473' title='bbox 1155 3381 1448 3436; x_wconf 90' lang='lat' dir='ltr'><strong>cumulans</strong></span> <span class='ocrx_word' id='word_1_474' title='bbox 1482 3395 1548 3435; x_wconf 80' lang='lat' dir='ltr'><strong>ex</strong></span> <span class='ocrx_word' id='word_1_475' title='bbox 1578 3379 1865 3434; x_wconf 85' lang='lat' dir='ltr'><strong>obtrecta-</strong></span> 
     </span>
    </p>
   </div>
   <div class='ocr_carea' id='block_1_67' title="bbox 287 3469 1868 3538">
    <p class='ocr_par' dir='ltr' id='par_1_67' title="bbox 287 3469 1868 3538">
     <span class='ocr_line' id='line_1_67' title="bbox 287 3469 1868 3538; baseline -0.005 -6"><span class='ocrx_word' id='word_1_476' title='bbox 287 3489 409 3535; x_wconf 87' lang='lat' dir='ltr'><strong>tore</strong></span> <span class='ocrx_word' id='word_1_477' title='bbox 433 3477 902 3534; x_wconf 84' lang='lat' dir='ltr'><strong>l&#39;erventissimum</strong></span> <span class='ocrx_word' id='word_1_478' title='bbox 930 3476 1268 3530; x_wconf 80' lang='lat' dir='ltr'><strong>laudatorem</strong></span> <span class='ocrx_word' id='word_1_479' title='bbox 1294 3474 1378 3528; x_wconf 90' lang='lat' dir='ltr'><strong>sui</strong></span> <span class='ocrx_word' id='word_1_480' title='bbox 1402 3471 1678 3528; x_wconf 75' lang='lat' dir='ltr'><strong>effecerat.</strong></span> <span class='ocrx_word' id='word_1_481' title='bbox 1709 3469 1868 3538; x_wconf 84' lang='lat' dir='ltr'><strong>Quod</strong></span> 
     </span>
    </p>
   </div>
   <div class='ocr_carea' id='block_1_68' title="bbox 172 3569 1857 3644">
    <p class='ocr_par' dir='ltr' id='par_1_68' title="bbox 172 3569 1857 3644">
     <span class='ocr_line' id='line_1_68' title="bbox 172 3569 1857 3644; baseline -0.004 -15"><span class='ocrx_word' id='word_1_482' title='bbox 172 3569 180 3582; x_wconf 85' lang='grc'><em>’</em></span> <span class='ocrx_word' id='word_1_483' title='bbox 285 3575 331 3629; x_wconf 89' lang='lat' dir='ltr'><strong>si</strong></span> <span class='ocrx_word' id='word_1_484' title='bbox 367 3573 510 3629; x_wconf 79' lang='lat' dir='ltr'><strong>forte</strong></span> <span class='ocrx_word' id='word_1_485' title='bbox 570 3574 880 3644; x_wconf 89' lang='lat' dir='ltr'><strong>improbum</strong></span> <span class='ocrx_word' id='word_1_486' title='bbox 927 3571 1131 3642; x_wconf 83' lang='lat' dir='ltr'><strong>aliquid</strong></span> <span class='ocrx_word' id='word_1_487' title='bbox 1182 3570 1250 3626; x_wconf 89' lang='lat' dir='ltr'><strong>ad</strong></span> <span class='ocrx_word' id='word_1_488' title='bbox 1310 3569 1455 3640; x_wconf 86' lang='lat' dir='ltr'><strong>regis</strong></span> <span class='ocrx_word' id='word_1_489' title='bbox 1495 3583 1657 3624; x_wconf 82' lang='lat' dir='ltr'><strong>aures</strong></span> <span class='ocrx_word' id='word_1_490' title='bbox 1699 3569 1857 3624; x_wconf 83' lang='lat' dir='ltr'><strong>deve-</strong></span> 
     </span>
    </p>
   </div>
   <div class='ocr_carea' id='block_1_69' title="bbox 289 3662 1866 3738">
    <p class='ocr_par' dir='ltr' id='par_1_69' title="bbox 289 3662 1866 3738">
     <span class='ocr_line' id='line_1_69' title="bbox 289 3662 1866 3738; baseline -0.004 -15"><span class='ocrx_word' id='word_1_491' title='bbox 289 3670 427 3732; x_wconf 89' lang='lat' dir='ltr'><strong>niat,</strong></span> <span class='ocrx_word' id='word_1_492' title='bbox 466 3682 568 3738; x_wconf 92' lang='lat' dir='ltr'><strong>par</strong></span> <span class='ocrx_word' id='word_1_493' title='bbox 619 3676 705 3722; x_wconf 90' lang='lat' dir='ltr'><strong>est</strong></span> <span class='ocrx_word' id='word_1_494' title='bbox 765 3667 834 3720; x_wconf 85' lang='lat' dir='ltr'><strong>de</strong></span> <span class='ocrx_word' id='word_1_495' title='bbox 902 3665 1000 3720; x_wconf 89' lang='lat' dir='ltr'><strong>illo</strong></span> <span class='ocrx_word' id='word_1_496' title='bbox 1046 3664 1452 3736; x_wconf 84' lang='lat' dir='ltr'><strong>diligentiorem</strong></span> <span class='ocrx_word' id='word_1_497' title='bbox 1500 3662 1866 3732; x_wconf 78' lang='lat' dir='ltr'><strong>quaestionem</strong></span> 
     </span>
    </p>
   </div>
   <div class='ocr_carea' id='block_1_70' title="bbox 286 3756 1869 3829">
    <p class='ocr_par' dir='ltr' id='par_1_70' title="bbox 286 3756 1869 3829">
     <span class='ocr_line' id='line_1_70' title="bbox 286 3756 1869 3829; baseline -0.002 -17"><span class='ocrx_word' id='word_1_498' title='bbox 286 3758 543 3826; x_wconf 88' lang='lat' dir='ltr'><strong>institui;</strong></span> <span class='ocrx_word' id='word_1_499' title='bbox 595 3773 762 3829; x_wconf 87' lang='lat' dir='ltr'><strong>reque</strong></span> <span class='ocrx_word' id='word_1_500' title='bbox 835 3767 1142 3827; x_wconf 89' lang='lat' dir='ltr'><strong>comperta,</strong></span> <span class='ocrx_word' id='word_1_501' title='bbox 1213 3765 1534 3828; x_wconf 84' lang='lat' dir='ltr'><strong>peccantem</strong></span> <span class='ocrx_word' id='word_1_502' title='bbox 1590 3756 1869 3826; x_wconf 88' lang='lat' dir='ltr'><strong>corrigere</strong></span> 
     </span>
    </p>
   </div>
   <div class='ocr_carea' id='block_1_71' title="bbox 286 3849 1870 3922">
    <p class='ocr_par' dir='ltr' id='par_1_71' title="bbox 286 3849 1870 3922">
     <span class='ocr_line' id='line_1_71' title="bbox 286 3849 1870 3922; baseline -0.003 -17"><span class='ocrx_word' id='word_1_503' title='bbox 286 3861 504 3922; x_wconf 86' lang='lat' dir='ltr'><strong>oportet</strong></span> <span class='ocrx_word' id='word_1_504' title='bbox 535 3868 641 3906; x_wconf 91' lang='lat' dir='ltr'><strong>non</strong></span> <span class='ocrx_word' id='word_1_505' title='bbox 674 3850 1057 3914; x_wconf 86' lang='lat' dir='ltr'><strong>inclementer,</strong></span> <span class='ocrx_word' id='word_1_506' title='bbox 1086 3856 1147 3903; x_wconf 89' lang='lat' dir='ltr'><strong>ut</strong></span> <span class='ocrx_word' id='word_1_507' title='bbox 1183 3865 1250 3905; x_wconf 91' lang='lat' dir='ltr'><strong>ne</strong></span> <span class='ocrx_word' id='word_1_508' title='bbox 1286 3864 1448 3920; x_wconf 57' lang='lat' dir='ltr'><strong>paena</strong></span> <span class='ocrx_word' id='word_1_509' title='bbox 1484 3849 1740 3903; x_wconf 86' lang='lat' dir='ltr'><strong>meritum</strong></span> <span class='ocrx_word' id='word_1_510' title='bbox 1774 3863 1870 3902; x_wconf 75' lang='lat' dir='ltr'><strong>ex-</strong></span> 
     </span>
    </p>
   </div>
   <div class='ocr_carea' id='block_1_72' title="bbox 287 3939 1868 4018">
    <p class='ocr_par' dir='ltr' id='par_1_72' title="bbox 287 3939 1868 4018">
     <span class='ocr_line' id='line_1_72' title="bbox 287 3939 1868 4018; baseline -0.002 -21"><span class='ocrx_word' id='word_1_511' title='bbox 287 3944 464 3997; x_wconf 74' lang='lat' dir='ltr'><strong>cedat.</strong></span> <span class='ocrx_word' id='word_1_512' title='bbox 518 3941 574 3997; x_wconf 91' lang='lat' dir='ltr'><strong>ld</strong></span> <span class='ocrx_word' id='word_1_513' title='bbox 614 3942 762 3997; x_wconf 84' lang='lat' dir='ltr'><strong>enim</strong></span> <span class='ocrx_word' id='word_1_514' title='bbox 798 3942 880 3997; x_wconf 91' lang='lat' dir='ltr'><strong>vel</strong></span> <span class='ocrx_word' id='word_1_515' title='bbox 939 3941 1183 3996; x_wconf 76' lang='lat' dir='ltr'><strong>maxime</strong></span> <span class='ocrx_word' id='word_1_516' title='bbox 1214 4015 1217 4018; x_wconf 87' lang='lat'><em>_</em></span> <span class='ocrx_word' id='word_1_517' title='bbox 1248 3957 1427 4012; x_wconf 87' lang='lat' dir='ltr'><strong>regem</strong></span> <span class='ocrx_word' id='word_1_518' title='bbox 1481 3941 1659 3996; x_wconf 87' lang='lat' dir='ltr'><strong>decet.</strong></span> <span class='ocrx_word' id='word_1_519' title='bbox 1712 3939 1868 3995; x_wconf 83' lang='lat' dir='ltr'><strong>Multi</strong></span> 
     </span>
    </p>
   </div>
   <div class='ocr_carea' id='block_1_73' title="bbox 286 4032 1870 4106">
    <p class='ocr_par' dir='ltr' id='par_1_73' title="bbox 286 4032 1870 4106">
     <span class='ocr_line' id='line_1_73' title="bbox 286 4032 1870 4106; baseline 0 -16"><span class='ocrx_word' id='word_1_520' title='bbox 286 4035 432 4092; x_wconf 87' lang='lat' dir='ltr'><strong>enim</strong></span> <span class='ocrx_word' id='word_1_521' title='bbox 468 4035 726 4104; x_wconf 75' lang='lat' dir='ltr'><strong>iniuriam</strong></span> <span class='ocrx_word' id='word_1_522' title='bbox 754 4036 1039 4106; x_wconf 87' lang='lat' dir='ltr'><strong>patiuntur</strong></span> <span class='ocrx_word' id='word_1_523' title='bbox 1068 4035 1136 4101; x_wconf 86' lang='lat' dir='ltr'><strong>ab</strong></span> <span class='ocrx_word' id='word_1_524' title='bbox 1169 4034 1552 4090; x_wconf 87' lang='lat' dir='ltr'><strong>accusantium</strong></span> <span class='ocrx_word' id='word_1_525' title='bbox 1582 4032 1870 4090; x_wconf 80' lang='lat' dir='ltr'><strong>fraudibus</strong></span> 
     </span>
    </p>
   </div>
   <div class='ocr_carea' id='block_1_74' title="bbox 286 4129 1868 4201">
    <p class='ocr_par' dir='ltr' id='par_1_74' title="bbox 286 4129 1868 4201">
     <span class='ocr_line' id='line_1_74' title="bbox 286 4129 1868 4201; baseline -0.001 -18"><span class='ocrx_word' id='word_1_526' title='bbox 286 4140 342 4183; x_wconf 86' lang='lat' dir='ltr'><strong>et</strong></span> <span class='ocrx_word' id='word_1_527' title='bbox 366 4131 720 4192; x_wconf 88' lang='lat' dir='ltr'><strong>commentis,</strong></span> <span class='ocrx_word' id='word_1_528' title='bbox 749 4129 878 4184; x_wconf 91' lang='lat' dir='ltr'><strong>dum</strong></span> <span class='ocrx_word' id='word_1_529' title='bbox 936 4129 1349 4183; x_wconf 76' lang='lat' dir='ltr'><strong>mendaciorum</strong></span> <span class='ocrx_word' id='word_1_530' title='bbox 1415 4130 1646 4185; x_wconf 86' lang='lat' dir='ltr'><strong>obtentu</strong></span> <span class='ocrx_word' id='word_1_531' title='bbox 1699 4129 1868 4201; x_wconf 78' lang='lat' dir='ltr'><strong>iudex</strong></span> 
     </span>
    </p>
   </div>
   <div class='ocr_carea' id='block_1_75' title="bbox 286 4220 1870 4294">
    <p class='ocr_par' dir='ltr' id='par_1_75' title="bbox 286 4220 1870 4294">
     <span class='ocr_line' id='line_1_75' title="bbox 286 4220 1870 4294; baseline -0.003 -16"><span class='ocrx_word' id='word_1_532' title='bbox 286 4223 602 4294; x_wconf 85' lang='lat' dir='ltr'><strong>decipitur:</strong></span> <span class='ocrx_word' id='word_1_533' title='bbox 635 4223 806 4276; x_wconf 89' lang='lat' dir='ltr'><strong>veluti</strong></span> <span class='ocrx_word' id='word_1_534' title='bbox 842 4221 877 4276; x_wconf 94' lang='lat' dir='ltr'><strong>ii</strong></span> <span class='ocrx_word' id='word_1_535' title='bbox 921 4223 1012 4291; x_wconf 90' lang='lat' dir='ltr'><strong>qui</strong></span> <span class='ocrx_word' id='word_1_536' title='bbox 1058 4236 1239 4291; x_wconf 88' lang='lat' dir='ltr'><strong>neque</strong></span> <span class='ocrx_word' id='word_1_537' title='bbox 1305 4220 1638 4291; x_wconf 81' lang='lat' dir='ltr'><strong>explorando</strong></span> <span class='ocrx_word' id='word_1_538' title='bbox 1695 4235 1870 4288; x_wconf 76' lang='lat' dir='ltr'><strong>neque</strong></span> 
     </span>
    </p>
   </div>
   <div class='ocr_carea' id='block_1_76' title="bbox 287 4312 1912 4391">
    <p class='ocr_par' dir='ltr' id='par_1_76' title="bbox 287 4312 1912 4391">
     <span class='ocr_line' id='line_1_76' title="bbox 287 4312 1912 4391; baseline -0.002 -17"><span class='ocrx_word' id='word_1_539' title='bbox 287 4321 433 4391; x_wconf 61' lang='lat' dir='ltr'><strong>lydio</strong></span> <span class='ocrx_word' id='word_1_540' title='bbox 473 4317 657 4386; x_wconf 88' lang='lat' dir='ltr'><strong>lapide</strong></span> <span class='ocrx_word' id='word_1_541' title='bbox 686 4317 924 4371; x_wconf 92' lang='lat' dir='ltr'><strong>colorem</strong></span> <span class='ocrx_word' id='word_1_542' title='bbox 958 4331 1112 4370; x_wconf 65' lang='lat' dir='ltr'><strong>aeneo</strong></span> <span class='ocrx_word' id='word_1_543' title='bbox 1160 4315 1382 4369; x_wconf 90' lang='lat' dir='ltr'><strong>metallo</strong></span> <span class='ocrx_word' id='word_1_544' title='bbox 1439 4317 1719 4379; x_wconf 89' lang='lat' dir='ltr'><strong>deterunt,</strong></span> <span class='ocrx_word' id='word_1_545' title='bbox 1771 4312 1874 4366; x_wconf 78' lang='lat' dir='ltr'><strong>fal-</strong></span> <span class='ocrx_word' id='word_1_546' title='bbox 1909 4367 1912 4370; x_wconf 83' lang='lat'><strong>.</strong></span> 
     </span>
    </p>
   </div>
   <div class='ocr_carea' id='block_1_77' title="bbox 288 4408 1871 4481">
    <p class='ocr_par' dir='ltr' id='par_1_77' title="bbox 288 4408 1871 4481">
     <span class='ocr_line' id='line_1_77' title="bbox 288 4408 1871 4481; baseline -0.005 -13"><span class='ocrx_word' id='word_1_547' title='bbox 288 4417 478 4468; x_wconf 86' lang='lat' dir='ltr'><strong>luntur</strong></span> <span class='ocrx_word' id='word_1_548' title='bbox 504 4427 647 4480; x_wconf 61' lang='lat' dir='ltr'><strong>saepe</strong></span> <span class='ocrx_word' id='word_1_549' title='bbox 681 4420 849 4481; x_wconf 87' lang='lat' dir='ltr'><strong>atque</strong></span> <span class='ocrx_word' id='word_1_550' title='bbox 909 4409 1275 4464; x_wconf 88' lang='lat' dir='ltr'><strong>adnlterinam</strong></span> <span class='ocrx_word' id='word_1_551' title='bbox 1343 4409 1632 4465; x_wconf 89' lang='lat' dir='ltr'><strong>materiam</strong></span> <span class='ocrx_word' id='word_1_552' title='bbox 1691 4408 1871 4462; x_wconf 92' lang='lat' dir='ltr'><strong>instar</strong></span> 
     </span>
    </p>
   </div>
   <div class='ocr_carea' id='block_1_78' title="bbox 1973 3185 3565 3264">
    <p class='ocr_par' dir='ltr' id='par_1_78' title="bbox 1973 3185 3565 3264">
     <span class='ocr_line' id='line_1_78' title="bbox 1973 3185 3565 3264; baseline 0.004 -26"><span class='ocrx_word' id='word_1_553' title='bbox 1973 3185 2132 3254; x_wconf 88' lang='grc' dir='ltr'>μίσαι</span> <span class='ocrx_word' id='word_1_554' title='bbox 2163 3186 2258 3242; x_wconf 72' lang='grc' dir='ltr'>καὶ</span> <span class='ocrx_word' id='word_1_555' title='bbox 2283 3186 2446 3256; x_wconf 79' lang='grc' dir='ltr'>δῆλον</span> <span class='ocrx_word' id='word_1_556' title='bbox 2479 3189 2706 3260; x_wconf 78' lang='grc' dir='ltr'>ποιῆσαι</span> <span class='ocrx_word' id='word_1_557' title='bbox 2742 3191 2878 3264; x_wconf 74' lang='grc' dir='ltr'>πρὸς</span> <span class='ocrx_word' id='word_1_558' title='bbox 2909 3191 3162 3258; x_wconf 72' lang='grc' dir='ltr'>ἅπαντας</span> <span class='ocrx_word' id='word_1_559' title='bbox 3189 3193 3319 3258; x_wconf 79' lang='grc' dir='ltr'>τοὺς</span> <span class='ocrx_word' id='word_1_560' title='bbox 3344 3193 3438 3247; x_wconf 84' lang='grc' dir='ltr'>ὑπ’</span> <span class='ocrx_word' id='word_1_561' title='bbox 3463 3193 3565 3246; x_wconf 83' lang='grc' dir='ltr'>αὑ-</span> 
     </span>
    </p>
   </div>
   <div class='ocr_carea' id='block_1_79' title="bbox 1967 3279 3567 3352">
    <p class='ocr_par' dir='ltr' id='par_1_79' title="bbox 1967 3279 3567 3352">
     <span class='ocr_line' id='line_1_79' title="bbox 1967 3279 3567 3352; baseline 0.006 -22"><span class='ocrx_word' id='word_1_562' title='bbox 1967 3279 2082 3344; x_wconf 70' lang='grc' dir='ltr'>τὸν,</span> <span class='ocrx_word' id='word_1_563' title='bbox 2114 3279 2194 3333; x_wconf 81' lang='grc' dir='ltr'>ὅτι</span> <span class='ocrx_word' id='word_1_564' title='bbox 2224 3282 2274 3334; x_wconf 80' lang='grc' dir='ltr'>οἱ</span> <span class='ocrx_word' id='word_1_565' title='bbox 2319 3281 2582 3352; x_wconf 77' lang='grc' dir='ltr'>ἄρχοντές</span> <span class='ocrx_word' id='word_1_566' title='bbox 2636 3285 2780 3339; x_wconf 86' lang='grc' dir='ltr'>είσιν</span> <span class='ocrx_word' id='word_1_567' title='bbox 2832 3284 2994 3340; x_wconf 75' lang='grc' dir='ltr'>αἴτιοι</span> <span class='ocrx_word' id='word_1_568' title='bbox 3045 3287 3260 3350; x_wconf 75' lang='grc' dir='ltr'>ἐαυτοίς</span> <span class='ocrx_word' id='word_1_569' title='bbox 3315 3287 3412 3340; x_wconf 69' lang='grc' dir='ltr'>καὶ</span> <span class='ocrx_word' id='word_1_570' title='bbox 3449 3285 3567 3340; x_wconf 85' lang='grc' dir='ltr'><strong>τῶν</strong></span> 
     </span>
    </p>
   </div>
   <div class='ocr_carea' id='block_1_80' title="bbox 1969 3371 3566 3451">
    <p class='ocr_par' dir='ltr' id='par_1_80' title="bbox 1969 3371 3566 3451">
     <span class='ocr_line' id='line_1_80' title="bbox 1969 3371 3566 3451; baseline 0.006 -28"><span class='ocrx_word' id='word_1_571' title='bbox 1969 3371 2211 3426; x_wconf 75' lang='grc' dir='ltr'>ἐπαίνων</span> <span class='ocrx_word' id='word_1_572' title='bbox 2239 3374 2338 3426; x_wconf 73' lang='grc' dir='ltr'>καὶ</span> <span class='ocrx_word' id='word_1_573' title='bbox 2357 3373 2469 3429; x_wconf 85' lang='grc' dir='ltr'><strong>τῶν</strong></span> <span class='ocrx_word' id='word_1_574' title='bbox 2484 3376 2902 3448; x_wconf 39' lang='grc' dir='ltr'>λοιδοριῶννβἹ)</span> <span class='ocrx_word' id='word_1_575' title='bbox 2935 3392 2951 3410; x_wconf 87' lang='grc'>⁶</span> <span class='ocrx_word' id='word_1_576' title='bbox 3003 3379 3300 3451; x_wconf 84' lang='grc' dir='ltr'>εὐποιήσας</span> <span class='ocrx_word' id='word_1_577' title='bbox 3327 3381 3439 3451; x_wconf 84' lang='grc' dir='ltr'>γὰρ</span> <span class='ocrx_word' id='word_1_578' title='bbox 3466 3381 3566 3433; x_wconf 67' lang='grc' dir='ltr'><strong>τὸν</strong></span> 
     </span>
    </p>
   </div>
   <div class='ocr_carea' id='block_1_81' title="bbox 1969 3465 3564 3544">
    <p class='ocr_par' dir='ltr' id='par_1_81' title="bbox 1969 3465 3564 3544">
     <span class='ocr_line' id='line_1_81' title="bbox 1969 3465 3564 3544; baseline 0.005 -26"><span class='ocrx_word' id='word_1_579' title='bbox 1969 3465 2294 3538; x_wconf 80' lang='grc' dir='ltr'>Νικάνωρα,</span> <span class='ocrx_word' id='word_1_580' title='bbox 2320 3467 2518 3534; x_wconf 76' lang='grc' dir='ltr'>ἐνδεῶς</span> <span class='ocrx_word' id='word_1_581' title='bbox 2545 3469 2868 3541; x_wconf 60' lang='grc' dir='ltr'>ἔχονταμῦς</span> <span class='ocrx_word' id='word_1_582' title='bbox 2899 3470 3142 3544; x_wconf 74' lang='grc' dir='ltr'>εἴρηται,</span> <span class='ocrx_word' id='word_1_583' title='bbox 3201 3473 3299 3526; x_wconf 82' lang='grc' dir='ltr'>καὶ</span> <span class='ocrx_word' id='word_1_584' title='bbox 3356 3471 3564 3544; x_wconf 83' lang='grc' dir='ltr'>λιμώτ-</span> 
     </span>
    </p>
   </div>
   <div class='ocr_carea' id='block_1_82' title="bbox 1969 3563 3565 3640">
    <p class='ocr_par' dir='ltr' id='par_1_82' title="bbox 1969 3563 3565 3640">
     <span class='ocr_line' id='line_1_82' title="bbox 1969 3563 3565 3640; baseline 0.005 -28"><span class='ocrx_word' id='word_1_585' title='bbox 1969 3578 2154 3626; x_wconf 88' lang='grc' dir='ltr'>τοντα,</span> <span class='ocrx_word' id='word_1_586' title='bbox 2213 3563 2308 3617; x_wconf 78' lang='grc' dir='ltr'>καὶ</span> <span class='ocrx_word' id='word_1_587' title='bbox 2335 3563 2462 3617; x_wconf 82' lang='grc' dir='ltr'>’διὰ</span> <span class='ocrx_word' id='word_1_588' title='bbox 2515 3563 2678 3619; x_wconf 85' lang='grc' dir='ltr'>τοῦτο</span> <span class='ocrx_word' id='word_1_589' title='bbox 2732 3565 3164 3636; x_wconf 83' lang='grc' dir='ltr'>δυσφημοῦντα,</span> <span class='ocrx_word' id='word_1_590' title='bbox 3222 3566 3565 3640; x_wconf 59' lang='grc' dir='ltr'>θερμότατον</span> 
     </span>
    </p>
   </div>
   <div class='ocr_carea' id='block_1_83' title="bbox 1971 3656 3563 3732">
    <p class='ocr_par' dir='ltr' id='par_1_83' title="bbox 1971 3656 3563 3732">
     <span class='ocr_line' id='line_1_83' title="bbox 1971 3656 3563 3732; baseline 0.004 -25"><span class='ocrx_word' id='word_1_591' title='bbox 1971 3656 2274 3728; x_wconf 72' lang='grc' dir='ltr'>ἐπαινέτην</span> <span class='ocrx_word' id='word_1_592' title='bbox 2301 3657 2443 3728; x_wconf 77' lang='grc' dir='ltr'>μετὰ</span> <span class='ocrx_word' id='word_1_593' title='bbox 2472 3658 2631 3712; x_wconf 85' lang='grc' dir='ltr'>τοῦτο</span> <span class='ocrx_word' id='word_1_594' title='bbox 2650 3661 2955 3732; x_wconf 82' lang='grc' dir='ltr'>πεποίηκεν</span> <span class='ocrx_word' id='word_1_595' title='bbox 2981 3659 3197 3716; x_wconf 73' lang='grc' dir='ltr'>ἑαυτοῦ.</span> <span class='ocrx_word' id='word_1_596' title='bbox 3242 3661 3304 3718; x_wconf 80' lang='lat' dir='ltr'><strong>El</strong></span> <span class='ocrx_word' id='word_1_597' title='bbox 3325 3659 3368 3714; x_wconf 78' lang='grc' dir='ltr'>δ’</span> <span class='ocrx_word' id='word_1_598' title='bbox 3427 3659 3563 3724; x_wconf 60' lang='lat' dir='ltr'><strong>toto;</strong></span> 
     </span>
    </p>
   </div>
   <div class='ocr_carea' id='block_1_84' title="bbox 1976 3749 3563 3826">
    <p class='ocr_par' dir='ltr' id='par_1_84' title="bbox 1976 3749 3563 3826">
     <span class='ocr_line' id='line_1_84' title="bbox 1976 3749 3563 3826; baseline 0.003 -24"><span class='ocrx_word' id='word_1_599' title='bbox 1976 3749 2220 3822; x_wconf 79' lang='grc' dir='ltr'>πονηρόν</span> <span class='ocrx_word' id='word_1_600' title='bbox 2248 3751 2366 3804; x_wconf 78' lang='grc' dir='ltr'>ἐστι</span> <span class='ocrx_word' id='word_1_601' title='bbox 2403 3751 2464 3804; x_wconf 82' lang='grc' dir='ltr'>τὸ</span> <span class='ocrx_word' id='word_1_602' title='bbox 2515 3751 2995 3824; x_wconf 86' lang='grc' dir='ltr'>διαγγελλόμενον,</span> <span class='ocrx_word' id='word_1_603' title='bbox 3028 3753 3181 3820; x_wconf 79' lang='grc' dir='ltr'>ἄξιον</span> <span class='ocrx_word' id='word_1_604' title='bbox 3236 3753 3563 3826; x_wconf 68' lang='grc' dir='ltr'>ἐξακριϐοῦ-</span> 
     </span>
    </p>
   </div>
   <div class='ocr_carea' id='block_1_85' title="bbox 1974 3843 3562 3920">
    <p class='ocr_par' dir='ltr' id='par_1_85' title="bbox 1974 3843 3562 3920">
     <span class='ocr_line' id='line_1_85' title="bbox 1974 3843 3562 3920; baseline 0.003 -23"><span class='ocrx_word' id='word_1_605' title='bbox 1974 3845 2097 3897; x_wconf 74' lang='grc' dir='ltr'>σθαι</span> <span class='ocrx_word' id='word_1_606' title='bbox 2159 3844 2256 3898; x_wconf 77' lang='grc' dir='ltr'>καὶ</span> <span class='ocrx_word' id='word_1_607' title='bbox 2320 3843 2603 3918; x_wconf 72' lang='grc' dir='ltr'>διερευνᾷν</span> <span class='ocrx_word' id='word_1_608' title='bbox 2659 3847 2792 3901; x_wconf 81' lang='grc' dir='ltr'>αὐτὸ</span> <span class='ocrx_word' id='word_1_609' title='bbox 2861 3849 3137 3918; x_wconf 78' lang='grc' dir='ltr'>μάλιστα”</span> <span class='ocrx_word' id='word_1_610' title='bbox 3188 3848 3284 3904; x_wconf 82' lang='grc' dir='ltr'>καὶ</span> <span class='ocrx_word' id='word_1_611' title='bbox 3317 3847 3562 3920; x_wconf 76' lang='grc' dir='ltr'>φανεροῦ</span> 
     </span>
    </p>
   </div>
   <div class='ocr_carea' id='block_1_86' title="bbox 1975 3936 3564 4015">
    <p class='ocr_par' dir='ltr' id='par_1_86' title="bbox 1975 3936 3564 4015">
     <span class='ocr_line' id='line_1_86' title="bbox 1975 3936 3564 4015; baseline 0.007 -25"><span class='ocrx_word' id='word_1_612' title='bbox 1975 3936 2070 3991; x_wconf 78' lang='grc' dir='ltr'>τοῦ</span> <span class='ocrx_word' id='word_1_613' title='bbox 2103 3939 2452 4010; x_wconf 86' lang='grc' dir='ltr'>τολμήματος</span> <span class='ocrx_word' id='word_1_614' title='bbox 2489 3941 2802 4012; x_wconf 82' lang='grc' dir='ltr'>γινομένου,</span> <span class='ocrx_word' id='word_1_615' title='bbox 2833 3943 3194 4014; x_wconf 77' lang='grc' dir='ltr'>σωφρονίζειν</span> <span class='ocrx_word' id='word_1_616' title='bbox 3218 3943 3361 4014; x_wconf 82' lang='grc' dir='ltr'>μετά</span> <span class='ocrx_word' id='word_1_617' title='bbox 3424 3959 3564 4015; x_wconf 81' lang='grc' dir='ltr'>χρη-</span> 
     </span>
    </p>
   </div>
   <div class='ocr_carea' id='block_1_87' title="bbox 1975 4032 3562 4109">
    <p class='ocr_par' dir='ltr' id='par_1_87' title="bbox 1975 4032 3562 4109">
     <span class='ocr_line' id='line_1_87' title="bbox 1975 4032 3562 4109; baseline 0.004 -25"><span class='ocrx_word' id='word_1_618' title='bbox 1975 4033 2233 4102; x_wconf 74' lang='grc' dir='ltr'>στότητος</span> <span class='ocrx_word' id='word_1_619' title='bbox 2257 4032 2352 4086; x_wconf 80' lang='grc' dir='ltr'>καὶ</span> <span class='ocrx_word' id='word_1_620' title='bbox 2382 4034 2482 4087; x_wconf 87' lang='grc' dir='ltr'><strong>οὐκ</strong></span> <span class='ocrx_word' id='word_1_621' title='bbox 2509 4033 2614 4101; x_wconf 74' lang='grc' dir='ltr'><strong>ἔξω</strong></span> <span class='ocrx_word' id='word_1_622' title='bbox 2635 4033 2728 4089; x_wconf 80' lang='grc' dir='ltr'>τοῦ</span> <span class='ocrx_word' id='word_1_623' title='bbox 2755 4035 3062 4106; x_wconf 81' lang='grc' dir='ltr'>πρέποντος</span> <span class='ocrx_word' id='word_1_624' title='bbox 3095 4037 3221 4109; x_wconf 83' lang='grc' dir='ltr'>ὅρου</span> <span class='ocrx_word' id='word_1_625' title='bbox 3248 4036 3343 4091; x_wconf 74' lang='grc' dir='ltr'>τὸν</span> <span class='ocrx_word' id='word_1_626' title='bbox 3377 4036 3562 4107; x_wconf 85' lang='grc' dir='ltr'>πλημ-</span> 
     </span>
    </p>
   </div>
   <div class='ocr_carea' id='block_1_88' title="bbox 1977 4127 3560 4200">
    <p class='ocr_par' dir='ltr' id='par_1_88' title="bbox 1977 4127 3560 4200">
     <span class='ocr_line' id='line_1_88' title="bbox 1977 4127 3560 4200; baseline 0.003 -20"><span class='ocrx_word' id='word_1_627' title='bbox 1977 4129 2328 4197; x_wconf 80' lang='grc' dir='ltr'>μελήσανταο</span> <span class='ocrx_word' id='word_1_628' title='bbox 2367 4129 2491 4184; x_wconf 75' lang='grc' dir='ltr'>ἐπεὶ</span> <span class='ocrx_word' id='word_1_629' title='bbox 2544 4127 2706 4183; x_wconf 83' lang='grc' dir='ltr'>τοῦτο</span> <span class='ocrx_word' id='word_1_630' title='bbox 2758 4129 2964 4199; x_wconf 87' lang='grc' dir='ltr'>κόσμος</span> <span class='ocrx_word' id='word_1_631' title='bbox 3018 4129 3137 4184; x_wconf 65' lang='grc' dir='ltr'>ἐστὶ</span> <span class='ocrx_word' id='word_1_632' title='bbox 3187 4130 3560 4200; x_wconf 74' lang='grc' dir='ltr'>διαφερόντως</span> 
     </span>
    </p>
   </div>
   <div class='ocr_carea' id='block_1_89' title="bbox 1975 4221 3561 4294">
    <p class='ocr_par' dir='ltr' id='par_1_89' title="bbox 1975 4221 3561 4294">
     <span class='ocr_line' id='line_1_89' title="bbox 1975 4221 3561 4294; baseline 0.002 -19"><span class='ocrx_word' id='word_1_633' title='bbox 1975 4225 2208 4292; x_wconf 73' lang='grc' dir='ltr'>πρέπων</span> <span class='ocrx_word' id='word_1_634' title='bbox 2242 4221 2320 4294; x_wconf 83' lang='grc' dir='ltr'>τῷ</span> <span class='ocrx_word' id='word_1_635' title='bbox 2366 4222 2596 4292; x_wconf 76' lang='grc' dir='ltr'>βασιλεῖ.</span> <span class='ocrx_word' id='word_1_636' title='bbox 2647 4223 2844 4279; x_wconf 75' lang='grc' dir='ltr'>Πολλοὶ</span> <span class='ocrx_word' id='word_1_637' title='bbox 2892 4225 2950 4278; x_wconf 73' lang='grc' dir='ltr'>δὲ</span> <span class='ocrx_word' id='word_1_638' title='bbox 3012 4223 3348 4280; x_wconf 77' lang='grc' dir='ltr'>πεπόνθασιν</span> <span class='ocrx_word' id='word_1_639' title='bbox 3394 4225 3561 4278; x_wconf 80' lang='grc' dir='ltr'>ἄδικα</span> 
     </span>
    </p>
   </div>
   <div class='ocr_carea' id='block_1_90' title="bbox 1975 4300 3559 4390">
    <p class='ocr_par' dir='ltr' id='par_1_90' title="bbox 1975 4300 3559 4390">
     <span class='ocr_line' id='line_1_90' title="bbox 1975 4300 3559 4390; baseline 0.003 -22"><span class='ocrx_word' id='word_1_640' title='bbox 1975 4316 2127 4384; x_wconf 82' lang='grc' dir='ltr'>παρά</span> <span class='ocrx_word' id='word_1_641' title='bbox 2148 4313 2258 4368; x_wconf 84' lang='grc' dir='ltr'><strong>τῶν</strong></span> <span class='ocrx_word' id='word_1_642' title='bbox 2275 4300 2692 4370; x_wconf 76' lang='grc' dir='ltr'>ὑποϐαλλόντων</span> <span class='ocrx_word' id='word_1_643' title='bbox 2721 4319 3071 4388; x_wconf 75' lang='grc' dir='ltr'>ῥᾳδιουργίας</span> <span class='ocrx_word' id='word_1_644' title='bbox 3101 4319 3198 4373; x_wconf 82' lang='grc' dir='ltr'>καὶ</span> <span class='ocrx_word' id='word_1_645' title='bbox 3219 4318 3559 4390; x_wconf 76' lang='grc' dir='ltr'>δυλιότητας.</span> 
     </span>
    </p>
   </div>
   <div class='ocr_carea' id='block_1_91' title="bbox 1974 4408 3561 4482">
    <p class='ocr_par' dir='ltr' id='par_1_91' title="bbox 1974 4408 3561 4482">
     <span class='ocr_line' id='line_1_91' title="bbox 1974 4408 3561 4482; baseline 0.003 -23"><span class='ocrx_word' id='word_1_646' title='bbox 1974 4410 2042 4479; x_wconf 82' lang='grc' dir='ltr'>τῇ</span> <span class='ocrx_word' id='word_1_647' title='bbox 2074 4408 2166 4460; x_wconf 77' lang='grc' dir='ltr'>τοῦ</span> <span class='ocrx_word' id='word_1_648' title='bbox 2193 4409 2424 4479; x_wconf 78' lang='grc' dir='ltr'>ψεύδους</span> <span class='ocrx_word' id='word_1_649' title='bbox 2457 4410 2788 4480; x_wconf 75' lang='grc' dir='ltr'>ἐπικαλύψει</span> <span class='ocrx_word' id='word_1_650' title='bbox 2819 4412 3186 4482; x_wconf 76' lang='grc' dir='ltr'>άπατωμένου</span> <span class='ocrx_word' id='word_1_651' title='bbox 3209 4410 3308 4467; x_wconf 81' lang='grc' dir='ltr'><strong>τοῦ</strong></span> <span class='ocrx_word' id='word_1_652' title='bbox 3345 4411 3561 4482; x_wconf 77' lang='grc' dir='ltr'>κρίνον-</span> 
     </span>
    </p>
   </div>
   <div class='ocr_carea' id='block_1_92' title="bbox 287 4499 1866 4578">
    <p class='ocr_par' dir='ltr' id='par_1_92' title="bbox 287 4501 1863 4576">
     <span class='ocr_line' id='line_1_92' title="bbox 287 4501 1863 4576; baseline -0.005 -14"><span class='ocrx_word' id='word_1_653' title='bbox 287 4507 405 4562; x_wconf 84' lang='lat' dir='ltr'><strong>auri</strong></span> <span class='ocrx_word' id='word_1_654' title='bbox 440 4512 696 4576; x_wconf 88' lang='lat' dir='ltr'><strong>reputant</strong></span> <span class='ocrx_word' id='word_1_655' title='bbox 727 4521 742 4557; x_wconf 88' lang='lat'><strong>:</strong></span> <span class='ocrx_word' id='word_1_656' title='bbox 784 4503 1036 4559; x_wconf 85' lang='lat' dir='ltr'><strong>nonnulli</strong></span> <span class='ocrx_word' id='word_1_657' title='bbox 1071 4502 1236 4558; x_wconf 89' lang='lat' dir='ltr'><strong>etiam</strong></span> <span class='ocrx_word' id='word_1_658' title='bbox 1271 4501 1602 4558; x_wconf 86' lang='lat' dir='ltr'><strong>vilissimum</strong></span> <span class='ocrx_word' id='word_1_659' title='bbox 1659 4503 1863 4555; x_wconf 89' lang='lat' dir='ltr'><strong>vitrum</strong></span> 
     </span>
    </p>
   </div>
   <div class='ocr_carea' id='block_1_93' title="bbox 1973 4499 3563 4578">
    <p class='ocr_par' dir='ltr' id='par_1_93' title="bbox 1978 4499 3563 4578">
     <span class='ocr_line' id='line_1_93' title="bbox 1978 4499 3563 4578; baseline 0.005 -24"><span class='ocrx_word' id='word_1_660' title='bbox 1978 4517 2070 4564; x_wconf 83' lang='grc' dir='ltr'><strong>τος</strong></span> <span class='ocrx_word' id='word_1_661' title='bbox 2091 4518 2105 4534; x_wconf 88' lang='grc'><strong>·</strong></span> <span class='ocrx_word' id='word_1_662' title='bbox 2143 4499 2331 4573; x_wconf 76' lang='grc' dir='ltr'>ὥσπερ</span> <span class='ocrx_word' id='word_1_663' title='bbox 2357 4505 2408 4556; x_wconf 81' lang='lat' dir='ltr'><strong>el</strong></span> <span class='ocrx_word' id='word_1_664' title='bbox 2429 4503 2505 4574; x_wconf 77' lang='grc' dir='ltr'>μὴ</span> <span class='ocrx_word' id='word_1_665' title='bbox 2525 4506 2590 4574; x_wconf 79' lang='grc' dir='ltr'>τῇ</span> <span class='ocrx_word' id='word_1_666' title='bbox 2638 4503 2862 4576; x_wconf 86' lang='grc' dir='ltr'>βασάνῳ</span> <span class='ocrx_word' id='word_1_667' title='bbox 2902 4507 2998 4558; x_wconf 74' lang='grc' dir='ltr'>καὶ</span> <span class='ocrx_word' id='word_1_668' title='bbox 3022 4509 3086 4577; x_wconf 73' lang='grc' dir='ltr'>τῇ</span> <span class='ocrx_word' id='word_1_669' title='bbox 3117 4505 3276 4578; x_wconf 68' lang='grc' dir='ltr'>λυδίᾳ</span> <span class='ocrx_word' id='word_1_670' title='bbox 3312 4505 3446 4577; x_wconf 84' lang='grc' dir='ltr'>λίθῳ</span> <span class='ocrx_word' id='word_1_671' title='bbox 3492 4506 3563 4562; x_wconf 76' lang='grc' dir='ltr'>τὰ</span> 
     </span>
    </p>
   </div>
   <div class='ocr_carea' id='block_1_94' title="bbox 290 4594 1866 4672">
    <p class='ocr_par' dir='ltr' id='par_1_94' title="bbox 290 4595 1866 4672">
     <span class='ocr_line' id='line_1_94' title="bbox 290 4595 1866 4672; baseline -0.004 -16"><span class='ocrx_word' id='word_1_672' title='bbox 290 4618 522 4672; x_wconf 67' lang='lat' dir='ltr'><strong>gemmae</strong></span> <span class='ocrx_word' id='word_1_673' title='bbox 594 4600 781 4655; x_wconf 71' lang='lat' dir='ltr'><strong>nitidae</strong></span> <span class='ocrx_word' id='word_1_674' title='bbox 829 4601 1192 4668; x_wconf 61' lang='lat' dir='ltr'><strong>pretiosaque</strong></span> <span class='ocrx_word' id='word_1_675' title='bbox 1259 4595 1380 4653; x_wconf 91' lang='lat' dir='ltr'><strong>loco</strong></span> <span class='ocrx_word' id='word_1_676' title='bbox 1445 4596 1672 4660; x_wconf 82' lang='lat' dir='ltr'><strong>habent,</strong></span> <span class='ocrx_word' id='word_1_677' title='bbox 1740 4595 1866 4666; x_wconf 87' lang='lat' dir='ltr'><strong>quia</strong></span> 
     </span>
    </p>
   </div>
   <div class='ocr_carea' id='block_1_95' title="bbox 1973 4594 3565 4672">
    <p class='ocr_par' dir='ltr' id='par_1_95' title="bbox 1978 4594 3565 4672">
     <span class='ocr_line' id='line_1_95' title="bbox 1978 4594 3565 4672; baseline 0.004 -26"><span class='ocrx_word' id='word_1_678' title='bbox 1978 4594 2086 4648; x_wconf 83' lang='grc' dir='ltr'>ὑπὸ</span> <span class='ocrx_word' id='word_1_679' title='bbox 2117 4594 2217 4664; x_wconf 78' lang='grc' dir='ltr'>τῆς</span> <span class='ocrx_word' id='word_1_680' title='bbox 2239 4595 2335 4650; x_wconf 82' lang='grc' dir='ltr'><strong>τοῦ</strong></span> <span class='ocrx_word' id='word_1_681' title='bbox 2373 4595 2574 4668; x_wconf 84' lang='grc' dir='ltr'>χαλκοῦ</span> <span class='ocrx_word' id='word_1_682' title='bbox 2611 4597 2790 4670; x_wconf 82' lang='grc' dir='ltr'>βαφῆς</span> <span class='ocrx_word' id='word_1_683' title='bbox 2823 4599 3255 4672; x_wconf 80' lang='grc' dir='ltr'>παρατρίϐοντες</span> <span class='ocrx_word' id='word_1_684' title='bbox 3319 4614 3565 4654; x_wconf 77' lang='grc' dir='ltr'>κατασοο</span> 
     </span>
    </p>
   </div>
   <div class='ocr_carea' id='block_1_96' title="bbox 287 4686 1866 4768">
    <p class='ocr_par' dir='ltr' id='par_1_96' title="bbox 287 4686 1866 4768">
     <span class='ocr_line' id='line_1_96' title="bbox 287 4686 1866 4768; baseline -0.006 -18"><span class='ocrx_word' id='word_1_685' title='bbox 287 4696 510 4768; x_wconf 79' lang='lat' dir='ltr'><strong>spurius</strong></span> <span class='ocrx_word' id='word_1_686' title='bbox 543 4692 802 4748; x_wconf 85' lang='lat' dir='ltr'><strong>videlicet</strong></span> <span class='ocrx_word' id='word_1_687' title='bbox 839 4690 1169 4760; x_wconf 77' lang='lat' dir='ltr'><strong>fucatusque</strong></span> <span class='ocrx_word' id='word_1_688' title='bbox 1223 4689 1374 4744; x_wconf 82' lang='lat' dir='ltr'><strong>color</strong></span> <span class='ocrx_word' id='word_1_689' title='bbox 1429 4686 1608 4742; x_wconf 87' lang='lat' dir='ltr'><strong>visum</strong></span> <span class='ocrx_word' id='word_1_690' title='bbox 1654 4701 1866 4758; x_wconf 85' lang='lat' dir='ltr'><strong>pertur-</strong></span> 
     </span>
    </p>
   </div>
   <div class='ocr_carea' id='block_1_97' title="bbox 1973 4686 3562 4768">
    <p class='ocr_par' dir='ltr' id='par_1_97' title="bbox 1979 4687 3562 4763">
     <span class='ocr_line' id='line_1_97' title="bbox 1979 4687 3562 4763; baseline 0.004 -23"><span class='ocrx_word' id='word_1_691' title='bbox 1979 4687 2227 4758; x_wconf 80' lang='grc' dir='ltr'>φίζονται</span> <span class='ocrx_word' id='word_1_692' title='bbox 2255 4689 2541 4757; x_wconf 81' lang='grc' dir='ltr'>πολλάκις,</span> <span class='ocrx_word' id='word_1_693' title='bbox 2574 4694 2669 4744; x_wconf 76' lang='grc' dir='ltr'>καὶ</span> <span class='ocrx_word' id='word_1_694' title='bbox 2701 4691 2801 4760; x_wconf 82' lang='grc' dir='ltr'>τὴν</span> <span class='ocrx_word' id='word_1_695' title='bbox 2831 4691 3226 4760; x_wconf 82' lang='grc' dir='ltr'>νενοθευμένην</span> <span class='ocrx_word' id='word_1_696' title='bbox 3261 4690 3395 4763; x_wconf 83' lang='grc' dir='ltr'>ὕλην</span> <span class='ocrx_word' id='word_1_697' title='bbox 3423 4707 3562 4761; x_wconf 81' lang='grc' dir='ltr'>φανο</span> 
     </span>
    </p>
   </div>
   <div class='ocr_carea' id='block_1_98' title="bbox 287 4781 1866 4858">
    <p class='ocr_par' dir='ltr' id='par_1_98' title="bbox 287 4781 1866 4858">
     <span class='ocr_line' id='line_1_98' title="bbox 287 4781 1866 4858; baseline -0.006 -14"><span class='ocrx_word' id='word_1_698' title='bbox 287 4792 404 4858; x_wconf 86' lang='lat' dir='ltr'><strong>bat,</strong></span> <span class='ocrx_word' id='word_1_699' title='bbox 436 4788 522 4844; x_wconf 86' lang='lat' dir='ltr'><strong>vel</strong></span> <span class='ocrx_word' id='word_1_700' title='bbox 579 4789 922 4857; x_wconf 80' lang='lat' dir='ltr'><strong>inexpertum</strong></span> <span class='ocrx_word' id='word_1_701' title='bbox 961 4783 1196 4839; x_wconf 75' lang='lat' dir='ltr'><strong>fortasse</strong></span> <span class='ocrx_word' id='word_1_702' title='bbox 1253 4783 1338 4839; x_wconf 71' lang='lat' dir='ltr'><strong>vel</strong></span> <span class='ocrx_word' id='word_1_703' title='bbox 1407 4782 1747 4838; x_wconf 87' lang='lat' dir='ltr'><strong>incuriosum</strong></span> <span class='ocrx_word' id='word_1_704' title='bbox 1787 4781 1866 4836; x_wconf 85' lang='lat' dir='ltr'><strong>vel</strong></span> 
     </span>
    </p>
   </div>
   <div class='ocr_carea' id='block_1_99' title="bbox 1973 4781 3564 4858">
    <p class='ocr_par' dir='ltr' id='par_1_99' title="bbox 1974 4781 3564 4856">
     <span class='ocr_line' id='line_1_99' title="bbox 1974 4781 3564 4856; baseline 0.002 -21"><span class='ocrx_word' id='word_1_705' title='bbox 1974 4782 2230 4848; x_wconf 73' lang='grc' dir='ltr'>τάξονται</span> <span class='ocrx_word' id='word_1_706' title='bbox 2255 4783 2332 4846; x_wconf 82' lang='grc' dir='ltr'>ὡς</span> <span class='ocrx_word' id='word_1_707' title='bbox 2371 4785 2574 4855; x_wconf 81' lang='grc' dir='ltr'>χρυσόν</span> <span class='ocrx_word' id='word_1_708' title='bbox 2609 4799 2624 4815; x_wconf 86' lang='grc'>⁶</span> <span class='ocrx_word' id='word_1_709' title='bbox 2659 4783 2808 4847; x_wconf 85' lang='grc' dir='ltr'>τινὲς</span> <span class='ocrx_word' id='word_1_710' title='bbox 2839 4782 2897 4837; x_wconf 83' lang='grc' dir='ltr'>δὲ</span> <span class='ocrx_word' id='word_1_711' title='bbox 2937 4784 3032 4839; x_wconf 77' lang='grc' dir='ltr'>καὶ</span> <span class='ocrx_word' id='word_1_712' title='bbox 3061 4783 3362 4856; x_wconf 72' lang='grc' dir='ltr'>αὐδαμινὴν</span> <span class='ocrx_word' id='word_1_713' title='bbox 3405 4781 3564 4838; x_wconf 80' lang='grc' dir='ltr'>ὕελον</span> 
     </span>
    </p>
   </div>
   <div class='ocr_carea' id='block_1_100' title="bbox 287 4873 1866 4950">
    <p class='ocr_par' dir='ltr' id='par_1_100' title="bbox 287 4873 1866 4946">
     <span class='ocr_line' id='line_1_100' title="bbox 287 4873 1866 4946; baseline -0.004 -9"><span class='ocrx_word' id='word_1_714' title='bbox 287 4883 452 4938; x_wconf 90' lang='lat' dir='ltr'><strong>etiam</strong></span> <span class='ocrx_word' id='word_1_715' title='bbox 523 4878 845 4935; x_wconf 74' lang='lat' dir='ltr'><strong>infirmitate</strong></span> <span class='ocrx_word' id='word_1_716' title='bbox 907 4877 1088 4946; x_wconf 89' lang='lat' dir='ltr'><strong>aliqua</strong></span> <span class='ocrx_word' id='word_1_717' title='bbox 1177 4873 1543 4931; x_wconf 86' lang='lat' dir='ltr'><strong>laborantem.</strong></span> <span class='ocrx_word' id='word_1_718' title='bbox 1607 4873 1866 4931; x_wconf 86' lang='lat' dir='ltr'><strong>Similiter</strong></span> 
     </span>
    </p>
   </div>
   <div class='ocr_carea' id='block_1_101' title="bbox 1973 4873 3562 4950">
    <p class='ocr_par' dir='ltr' id='par_1_101' title="bbox 1976 4876 3562 4950">
     <span class='ocr_line' id='line_1_101' title="bbox 1976 4876 3562 4950; baseline 0.001 -20"><span class='ocrx_word' id='word_1_719' title='bbox 1976 4877 2424 4947; x_wconf 65' lang='grc' dir='ltr'>ὑπολαμϐάνουσι</span> <span class='ocrx_word' id='word_1_720' title='bbox 2467 4877 2615 4932; x_wconf 83' lang='grc' dir='ltr'>λίθον</span> <span class='ocrx_word' id='word_1_721' title='bbox 2643 4878 2830 4948; x_wconf 88' lang='grc' dir='ltr'>τιμίαν</span> <span class='ocrx_word' id='word_1_722' title='bbox 2861 4877 2956 4932; x_wconf 79' lang='grc' dir='ltr'>καὶ</span> <span class='ocrx_word' id='word_1_723' title='bbox 2986 4877 3258 4950; x_wconf 84' lang='grc' dir='ltr'>καθαράν,</span> <span class='ocrx_word' id='word_1_724' title='bbox 3286 4876 3383 4932; x_wconf 84' lang='grc' dir='ltr'>τοῦ</span> <span class='ocrx_word' id='word_1_725' title='bbox 3403 4878 3562 4932; x_wconf 73' lang='grc' dir='ltr'>νόθου</span> 
     </span>
    </p>
   </div>
   <div class='ocr_carea' id='block_1_102' title="bbox 290 4969 1866 5045">
    <p class='ocr_par' dir='ltr' id='par_1_102' title="bbox 290 4969 1866 5041">
     <span class='ocr_line' id='line_1_102' title="bbox 290 4969 1866 5041; baseline -0.001 -12"><span class='ocrx_word' id='word_1_726' title='bbox 290 4975 644 5032; x_wconf 88' lang='lat' dir='ltr'><strong>mendacium</strong></span> <span class='ocrx_word' id='word_1_727' title='bbox 701 4971 894 5029; x_wconf 89' lang='lat' dir='ltr'><strong>dolose</strong></span> <span class='ocrx_word' id='word_1_728' title='bbox 961 4971 1277 5041; x_wconf 89' lang='lat' dir='ltr'><strong>objectnm,</strong></span> <span class='ocrx_word' id='word_1_729' title='bbox 1335 4969 1624 5041; x_wconf 86' lang='lat' dir='ltr'><strong>perturbat</strong></span> <span class='ocrx_word' id='word_1_730' title='bbox 1669 4969 1866 5039; x_wconf 75' lang='lat' dir='ltr'><strong>judicia</strong></span> 
     </span>
    </p>
   </div>
   <div class='ocr_carea' id='block_1_103' title="bbox 1973 4969 3563 5045">
    <p class='ocr_par' dir='ltr' id='par_1_103' title="bbox 1973 4969 3563 5045">
     <span class='ocr_line' id='line_1_103' title="bbox 1973 4969 3563 5045; baseline -0.001 -17"><span class='ocrx_word' id='word_1_731' title='bbox 1973 4972 2074 5029; x_wconf 77' lang='grc' dir='ltr'>καὶ</span> <span class='ocrx_word' id='word_1_732' title='bbox 2125 4969 2453 5042; x_wconf 73' lang='grc' dir='ltr'>ὲξωτερικοῦ</span> <span class='ocrx_word' id='word_1_733' title='bbox 2497 4972 2790 5044; x_wconf 82' lang='grc' dir='ltr'>χρώματος</span> <span class='ocrx_word' id='word_1_734' title='bbox 2835 4971 2934 5045; x_wconf 78' lang='grc' dir='ltr'>τὴν</span> <span class='ocrx_word' id='word_1_735' title='bbox 2967 4973 3174 5045; x_wconf 74' lang='grc' dir='ltr'>δρατὴν</span> <span class='ocrx_word' id='word_1_736' title='bbox 3237 4972 3563 5044; x_wconf 84' lang='grc' dir='ltr'>συγχέοντος</span> 
     </span>
    </p>
   </div>
   <div class='ocr_carea' id='block_1_104' title="bbox 291 5063 1866 5142">
    <p class='ocr_par' dir='ltr' id='par_1_104' title="bbox 291 5063 1866 5137">
     <span class='ocr_line' id='line_1_104' title="bbox 291 5063 1866 5137; baseline -0.003 -13"><span class='ocrx_word' id='word_1_737' title='bbox 291 5081 556 5136; x_wconf 89' lang='lat' dir='ltr'><strong>mentem,</strong></span> <span class='ocrx_word' id='word_1_738' title='bbox 602 5067 692 5124; x_wconf 90' lang='lat' dir='ltr'><strong>vel</strong></span> <span class='ocrx_word' id='word_1_739' title='bbox 733 5066 863 5137; x_wconf 86' lang='lat' dir='ltr'><strong>quia</strong></span> <span class='ocrx_word' id='word_1_740' title='bbox 898 5065 946 5121; x_wconf 89' lang='lat' dir='ltr'><strong>is</strong></span> <span class='ocrx_word' id='word_1_741' title='bbox 1003 5063 1292 5135; x_wconf 87' lang='lat' dir='ltr'><strong>imperitus</strong></span> <span class='ocrx_word' id='word_1_742' title='bbox 1323 5071 1432 5132; x_wconf 86' lang='lat' dir='ltr'><strong>est,</strong></span> <span class='ocrx_word' id='word_1_743' title='bbox 1479 5064 1565 5119; x_wconf 78' lang='lat' dir='ltr'><strong>vel</strong></span> <span class='ocrx_word' id='word_1_744' title='bbox 1615 5064 1744 5135; x_wconf 90' lang='lat' dir='ltr'><strong>quia</strong></span> <span class='ocrx_word' id='word_1_745' title='bbox 1781 5081 1866 5120; x_wconf 87' lang='lat' dir='ltr'><strong>so-</strong></span> 
     </span>
    </p>
   </div>
   <div class='ocr_carea' id='block_1_105' title="bbox 1973 5063 3564 5142">
    <p class='ocr_par' dir='ltr' id='par_1_105' title="bbox 1973 5064 3564 5142">
     <span class='ocr_line' id='line_1_105' title="bbox 1973 5064 3564 5142; baseline 0.002 -23"><span class='ocrx_word' id='word_1_746' title='bbox 1973 5064 2235 5139; x_wconf 85' lang='grc' dir='ltr'>δύναμιν,</span> <span class='ocrx_word' id='word_1_747' title='bbox 2270 5066 2304 5139; x_wconf 75' lang='grc' dir='ltr'>ἢ</span> <span class='ocrx_word' id='word_1_748' title='bbox 2335 5067 2410 5137; x_wconf 78' lang='grc' dir='ltr'>μὴ</span> <span class='ocrx_word' id='word_1_749' title='bbox 2446 5067 2886 5138; x_wconf 76' lang='grc' dir='ltr'>πεπειραμένην,</span> <span class='ocrx_word' id='word_1_750' title='bbox 2917 5066 2950 5136; x_wconf 78' lang='grc' dir='ltr'>ᾗ</span> <span class='ocrx_word' id='word_1_751' title='bbox 2983 5065 3062 5140; x_wconf 77' lang='grc' dir='ltr'>μὴ</span> <span class='ocrx_word' id='word_1_752' title='bbox 3114 5066 3564 5142; x_wconf 76' lang='grc' dir='ltr'>περιεργασαμὲ-</span> 
     </span>
    </p>
   </div>
   <div class='ocr_carea' id='block_1_106' title="bbox 293 5143 1866 5232">
    <p class='ocr_par' dir='ltr' id='par_1_106' title="bbox 293 5155 1866 5230">
     <span class='ocr_line' id='line_1_106' title="bbox 293 5155 1866 5230; baseline -0.001 -14"><span class='ocrx_word' id='word_1_753' title='bbox 293 5161 536 5217; x_wconf 81' lang='lat' dir='ltr'><strong>corditer</strong></span> <span class='ocrx_word' id='word_1_754' title='bbox 584 5158 1005 5230; x_wconf 84' lang='lat' dir='ltr'><strong>vestigationem</strong></span> <span class='ocrx_word' id='word_1_755' title='bbox 1038 5156 1264 5223; x_wconf 88' lang='lat' dir='ltr'><strong>omittit,</strong></span> <span class='ocrx_word' id='word_1_756' title='bbox 1305 5155 1396 5211; x_wconf 88' lang='lat' dir='ltr'><strong>vel</strong></span> <span class='ocrx_word' id='word_1_757' title='bbox 1448 5156 1578 5227; x_wconf 85' lang='lat' dir='ltr'><strong>quia</strong></span> <span class='ocrx_word' id='word_1_758' title='bbox 1635 5156 1866 5229; x_wconf 84' lang='lat' dir='ltr'><strong>denique</strong></span> 
     </span>
    </p>
   </div>
   <div class='ocr_carea' id='block_1_107' title="bbox 1973 5143 3564 5232">
    <p class='ocr_par' dir='ltr' id='par_1_107' title="bbox 1974 5143 3564 5232">
     <span class='ocr_line' id='line_1_107' title="bbox 1974 5143 3564 5232; baseline -0.001 -18"><span class='ocrx_word' id='word_1_759' title='bbox 1974 5178 2097 5231; x_wconf 84' lang='grc' dir='ltr'>νην,</span> <span class='ocrx_word' id='word_1_760' title='bbox 2140 5159 2174 5232; x_wconf 71' lang='grc' dir='ltr'>ἢ</span> <span class='ocrx_word' id='word_1_761' title='bbox 2209 5155 2305 5214; x_wconf 74' lang='grc' dir='ltr'><strong>κᾶὶ</strong></span> <span class='ocrx_word' id='word_1_762' title='bbox 2330 5161 2729 5232; x_wconf 73' lang='grc' dir='ltr'>ἀσθενεστέραν</span> <span class='ocrx_word' id='word_1_763' title='bbox 2754 5163 2884 5223; x_wconf 75' lang='grc' dir='ltr'>ἴσως</span> <span class='ocrx_word' id='word_1_764' title='bbox 2911 5143 3016 5216; x_wconf 85' lang='grc' dir='ltr'><strong>ὑπό</strong></span> <span class='ocrx_word' id='word_1_765' title='bbox 3060 5177 3207 5225; x_wconf 87' lang='grc' dir='ltr'>τινος</span> <span class='ocrx_word' id='word_1_766' title='bbox 3231 5161 3441 5224; x_wconf 85' lang='grc' dir='ltr'>πάθους</span> <span class='ocrx_word' id='word_1_767' title='bbox 3466 5177 3564 5229; x_wconf 79' lang='grc' dir='ltr'>γε·</span> 
     </span>
    </p>
   </div>
   <div class='ocr_carea' id='block_1_108' title="bbox 293 5249 1866 5326">
    <p class='ocr_par' dir='ltr' id='par_1_108' title="bbox 293 5249 1866 5311">
     <span class='ocr_line' id='line_1_108' title="bbox 293 5249 1866 5311; baseline 0.001 -4"><span class='ocrx_word' id='word_1_768' title='bbox 293 5259 371 5310; x_wconf 87' lang='lat' dir='ltr'><strong>ira</strong></span> <span class='ocrx_word' id='word_1_769' title='bbox 400 5265 710 5311; x_wconf 83' lang='lat' dir='ltr'><strong>commotus</strong></span> <span class='ocrx_word' id='word_1_770' title='bbox 739 5263 826 5308; x_wconf 85' lang='lat' dir='ltr'><strong>est</strong></span> <span class='ocrx_word' id='word_1_771' title='bbox 875 5252 946 5307; x_wconf 89' lang='lat' dir='ltr'><strong>ob</strong></span> <span class='ocrx_word' id='word_1_772' title='bbox 980 5249 1148 5306; x_wconf 82' lang='lat' dir='ltr'><strong>delati</strong></span> <span class='ocrx_word' id='word_1_773' title='bbox 1207 5249 1458 5306; x_wconf 84' lang='lat' dir='ltr'><strong>criminis</strong></span> <span class='ocrx_word' id='word_1_774' title='bbox 1498 5251 1866 5309; x_wconf 84' lang='lat' dir='ltr'><strong>atrocitatem.</strong></span> 
     </span>
    </p>
   </div>
   <div class='ocr_carea' id='block_1_109' title="bbox 1973 5249 3564 5326">
    <p class='ocr_par' dir='ltr' id='par_1_109' title="bbox 1977 5250 3564 5326">
     <span class='ocr_line' id='line_1_109' title="bbox 1977 5250 3564 5326; baseline -0.002 -20"><span class='ocrx_word' id='word_1_775' title='bbox 1977 5252 2335 5326; x_wconf 76' lang='grc' dir='ltr'>γενημένηνο</span> <span class='ocrx_word' id='word_1_776' title='bbox 2397 5250 2541 5306; x_wconf 77' lang='grc' dir='ltr'>οὕτω</span> <span class='ocrx_word' id='word_1_777' title='bbox 2583 5253 2648 5322; x_wconf 83' lang='grc' dir='ltr'>δὴ</span> <span class='ocrx_word' id='word_1_778' title='bbox 2697 5253 2793 5306; x_wconf 77' lang='grc' dir='ltr'>καὶ</span> <span class='ocrx_word' id='word_1_779' title='bbox 2851 5250 3050 5322; x_wconf 77' lang='grc' dir='ltr'>ψεῦδος</span> <span class='ocrx_word' id='word_1_780' title='bbox 3112 5252 3564 5308; x_wconf 74' lang='grc' dir='ltr'>κατασκευασθὲν</span> 
     </span>
    </p>
   </div>
   <div class='ocr_carea' id='block_1_110' title="bbox 287 5342 1866 5421">
    <p class='ocr_par' dir='ltr' id='par_1_110' title="bbox 287 5342 1866 5421">
     <span class='ocr_line' id='line_1_110' title="bbox 287 5342 1866 5421; baseline -0.001 -16"><span class='ocrx_word' id='word_1_781' title='bbox 287 5351 442 5418; x_wconf 80' lang='lat' dir='ltr'><strong>Quod</strong></span> <span class='ocrx_word' id='word_1_782' title='bbox 483 5349 529 5406; x_wconf 91' lang='lat' dir='ltr'><strong>si</strong></span> <span class='ocrx_word' id='word_1_783' title='bbox 551 5347 666 5417; x_wconf 82' lang='lat' dir='ltr'><strong>ille,</strong></span> <span class='ocrx_word' id='word_1_784' title='bbox 695 5346 790 5418; x_wconf 86' lang='lat' dir='ltr'><strong>qui</strong></span> <span class='ocrx_word' id='word_1_785' title='bbox 823 5359 951 5400; x_wconf 84' lang='lat' dir='ltr'><strong>reus</strong></span> <span class='ocrx_word' id='word_1_786' title='bbox 979 5353 1281 5421; x_wconf 82' lang='lat' dir='ltr'><strong>peragitur,</strong></span> <span class='ocrx_word' id='word_1_787' title='bbox 1329 5342 1542 5416; x_wconf 77' lang='lat' dir='ltr'><strong>jamdiu</strong></span> <span class='ocrx_word' id='word_1_788' title='bbox 1577 5355 1866 5418; x_wconf 89' lang='lat' dir='ltr'><strong>suspectus</strong></span> 
     </span>
    </p>
   </div>
   <div class='ocr_carea' id='block_1_111' title="bbox 1973 5342 3562 5421">
    <p class='ocr_par' dir='ltr' id='par_1_111' title="bbox 1978 5343 3562 5419">
     <span class='ocr_line' id='line_1_111' title="bbox 1978 5343 3562 5419; baseline 0 -21"><span class='ocrx_word' id='word_1_789' title='bbox 1978 5349 2120 5418; x_wconf 84' lang='grc' dir='ltr'>μετά</span> <span class='ocrx_word' id='word_1_790' title='bbox 2151 5345 2426 5419; x_wconf 78' lang='grc' dir='ltr'>μηχανῆς,</span> <span class='ocrx_word' id='word_1_791' title='bbox 2451 5346 2671 5418; x_wconf 78' lang='grc' dir='ltr'>συγχέει</span> <span class='ocrx_word' id='word_1_792' title='bbox 2704 5346 2799 5400; x_wconf 71' lang='grc' dir='ltr'><strong>τὸν</strong></span> <span class='ocrx_word' id='word_1_793' title='bbox 2832 5345 3116 5418; x_wconf 69' lang='grc' dir='ltr'>λογισμδν,</span> <span class='ocrx_word' id='word_1_794' title='bbox 3135 5346 3170 5419; x_wconf 72' lang='grc' dir='ltr'>ἢ</span> <span class='ocrx_word' id='word_1_795' title='bbox 3189 5344 3256 5401; x_wconf 83' lang='grc' dir='ltr'>δι’</span> <span class='ocrx_word' id='word_1_796' title='bbox 3277 5343 3562 5418; x_wconf 76' lang='grc' dir='ltr'>ἀπειρίαν,</span> 
     </span>
    </p>
   </div>
   <div class='ocr_carea' id='block_1_112' title="bbox 1975 5525 3109 5586">
    <p class='ocr_par' dir='ltr' id='par_1_112' title="bbox 1975 5525 3109 5586">
     <span class='ocr_line' id='line_1_112' title="bbox 1975 5525 3109 5586; baseline -0.005 0"><span class='ocrx_word' id='word_1_797' title='bbox 1975 5530 2042 5586; x_wconf 88' lang='lat' dir='ltr'><strong>ad</strong></span> <span class='ocrx_word' id='word_1_798' title='bbox 2073 5525 2388 5582; x_wconf 83' lang='lat' dir='ltr'><strong>Marcellam</strong></span> <span class='ocrx_word' id='word_1_799' title='bbox 2425 5541 2455 5580; x_wconf 85' lang='lat' dir='ltr'><strong>a</strong></span> <span class='ocrx_word' id='word_1_800' title='bbox 2491 5541 2580 5580; x_wconf 90' lang='lat' dir='ltr'><strong>me</strong></span> <span class='ocrx_word' id='word_1_801' title='bbox 2612 5525 2906 5582; x_wconf 78' lang='lat' dir='ltr'><strong>Mediolani</strong></span> <span class='ocrx_word' id='word_1_802' title='bbox 2939 5527 3109 5582; x_wconf 88' lang='lat' dir='ltr'><strong>edita.</strong></span> 
     </span>
    </p>
   </div>
   <div class='ocr_carea' id='block_1_113' title="bbox 2033 5595 3559 5670">
    <p class='ocr_par' dir='ltr' id='par_1_113' title="bbox 2033 5595 3559 5670">
     <span class='ocr_line' id='line_1_113' title="bbox 2033 5595 3559 5670; baseline 0 -16"><span class='ocrx_word' id='word_1_803' title='bbox 2033 5599 2148 5669; x_wconf 88' lang='lat'><strong>(57)</strong></span> <span class='ocrx_word' id='word_1_804' title='bbox 2179 5597 2318 5670; x_wconf 74' lang='lat' dir='ltr'><strong>Lege</strong></span> <span class='ocrx_word' id='word_1_805' title='bbox 2349 5597 2708 5670; x_wconf 75' lang='lat' dir='ltr'><strong>Plutarchum</strong></span> <span class='ocrx_word' id='word_1_806' title='bbox 2751 5599 3022 5670; x_wconf 18' lang='lat' dir='ltr'><strong>&#39;APOphth.</strong></span> <span class='ocrx_word' id='word_1_807' title='bbox 3053 5597 3143 5652; x_wconf 85' lang='lat' dir='ltr'><strong>ed.</strong></span> <span class='ocrx_word' id='word_1_808' title='bbox 3199 5595 3391 5670; x_wconf 50' lang='grc' dir='ltr'><strong>ἰκρίοις.</strong></span> <span class='ocrx_word' id='word_1_809' title='bbox 3418 5607 3559 5654; x_wconf 90' lang='lat' dir='ltr'><strong>tom.</strong></span> 
     </span>
    </p>
   </div>
   <div class='ocr_carea' id='block_1_114' title="bbox 1973 5667 3561 5742">
    <p class='ocr_par' dir='ltr' id='par_1_114' title="bbox 1973 5667 3561 5742">
     <span class='ocr_line' id='line_1_114' title="bbox 1973 5667 3561 5742; baseline 0.001 -19"><span class='ocrx_word' id='word_1_810' title='bbox 1973 5671 2064 5736; x_wconf 77' lang='lat' dir='ltr'><strong>Vl,</strong></span> <span class='ocrx_word' id='word_1_811' title='bbox 2105 5667 2158 5741; x_wconf 87' lang='lat' dir='ltr'><strong>p.</strong></span> <span class='ocrx_word' id='word_1_812' title='bbox 2195 5669 2341 5742; x_wconf 50' lang='lat'><strong><em>6761</em></strong></span> <span class='ocrx_word' id='word_1_813' title='bbox 2365 5667 2462 5737; x_wconf 88' lang='lat' dir='ltr'><strong>qui</strong></span> <span class='ocrx_word' id='word_1_814' title='bbox 2517 5677 2700 5742; x_wconf 82' lang='lat' dir='ltr'><strong>tamen</strong></span> <span class='ocrx_word' id='word_1_815' title='bbox 2745 5667 3120 5726; x_wconf 79' lang='lat' dir='ltr'><strong>accusatorem</strong></span> <span class='ocrx_word' id='word_1_816' title='bbox 3182 5669 3317 5726; x_wconf 87' lang='lat' dir='ltr'><strong>dicit</strong></span> <span class='ocrx_word' id='word_1_817' title='bbox 3353 5668 3561 5742; x_wconf 61' lang='lat' dir='ltr'><strong>Smtcyo</strong></span> 
     </span>
    </p>
   </div>
   <div class='ocr_carea' id='block_1_115' title="bbox 1971 5737 2743 5811">
    <p class='ocr_par' dir='ltr' id='par_1_115' title="bbox 1971 5737 2743 5811">
     <span class='ocr_line' id='line_1_115' title="bbox 1971 5737 2743 5811; baseline -0.005 -13"><span class='ocrx_word' id='word_1_818' title='bbox 1971 5737 2145 5808; x_wconf 70' lang='lat' dir='ltr'><strong>thum,</strong></span> <span class='ocrx_word' id='word_1_819' title='bbox 2167 5757 2274 5797; x_wconf 87' lang='lat' dir='ltr'><strong>non</strong></span> <span class='ocrx_word' id='word_1_820' title='bbox 2300 5737 2743 5811; x_wconf 64' lang='lat' dir='ltr'><strong>Parmenionem;</strong></span> 
     </span>
    </p>
   </div>
   <div class='ocr_carea' id='block_1_116' title="bbox 361 5523 1866 5604">
    <p class='ocr_par' dir='ltr' id='par_1_116' title="bbox 361 5523 1866 5604">
     <span class='ocr_line' id='line_1_116' title="bbox 361 5523 1866 5604; baseline -0.003 -17"><span class='ocrx_word' id='word_1_821' title='bbox 361 5531 474 5604; x_wconf 85' lang='lat'><strong>(56)</strong></span> <span class='ocrx_word' id='word_1_822' title='bbox 507 5531 646 5604; x_wconf 85' lang='lat' dir='ltr'><strong>Num</strong></span> <span class='ocrx_word' id='word_1_823' title='bbox 681 5525 1104 5604; x_wconf 81' lang='lat' dir='ltr'><strong>intelligendum</strong></span> <span class='ocrx_word' id='word_1_824' title='bbox 1142 5532 1225 5604; x_wconf 78' lang='lat' dir='ltr'><strong>est</strong></span> <span class='ocrx_word' id='word_1_825' title='bbox 1263 5524 1566 5604; x_wconf 73' lang='lat' dir='ltr'><strong>animarum</strong></span> <span class='ocrx_word' id='word_1_826' title='bbox 1599 5523 1866 5604; x_wconf 57' lang='lat' dir='ltr'><strong>judicium</strong></span> 
     </span>
    </p>
   </div>
   <div class='ocr_carea' id='block_1_117' title="bbox 285 5595 1867 5676">
    <p class='ocr_par' dir='ltr' id='par_1_117' title="bbox 285 5595 1867 5676">
     <span class='ocr_line' id='line_1_117' title="bbox 285 5595 1867 5676; baseline -0.001 -21"><span class='ocrx_word' id='word_1_827' title='bbox 285 5595 467 5676; x_wconf 72' lang='lat' dir='ltr'><strong>quod&#39;</strong></span> <span class='ocrx_word' id='word_1_828' title='bbox 500 5603 660 5676; x_wconf 66' lang='lat' dir='ltr'><strong>nobis</strong></span> <span class='ocrx_word' id='word_1_829' title='bbox 717 5601 922 5676; x_wconf 74' lang='lat' dir='ltr'><strong>passim</strong></span> <span class='ocrx_word' id='word_1_830' title='bbox 987 5598 1177 5676; x_wconf 79' lang='lat' dir='ltr'><strong>papyri</strong></span> <span class='ocrx_word' id='word_1_831' title='bbox 1229 5595 1546 5652; x_wconf 70' lang='lat' dir='ltr'><strong>exhibent?</strong></span> <span class='ocrx_word' id='word_1_832' title='bbox 1603 5597 1867 5676; x_wconf 57' lang='lat' dir='ltr'><strong>(gorpora</strong></span> 
     </span>
    </p>
   </div>
   <div class='ocr_carea' id='block_1_118' title="bbox 286 5669 1866 5744">
    <p class='ocr_par' dir='ltr' id='par_1_118' title="bbox 286 5669 1866 5744">
     <span class='ocr_line' id='line_1_118' title="bbox 286 5669 1866 5744; baseline -0.003 -15"><span class='ocrx_word' id='word_1_833' title='bbox 286 5669 508 5744; x_wconf 69' lang='lat' dir='ltr'><strong>quidem</strong></span> <span class='ocrx_word' id='word_1_834' title='bbox 576 5671 873 5744; x_wconf 63' lang='grc' dir='ltr'>Αῦεγριῑρε</span> <span class='ocrx_word' id='word_1_835' title='bbox 924 5671 1227 5744; x_wconf 73' lang='lat' dir='ltr'><strong>samissime</strong></span> <span class='ocrx_word' id='word_1_836' title='bbox 1279 5682 1518 5744; x_wconf 78' lang='lat' dir='ltr'><strong>purgare</strong></span> <span class='ocrx_word' id='word_1_837' title='bbox 1547 5669 1760 5744; x_wconf 73' lang='lat' dir='ltr'><strong>solitos,</strong></span> <span class='ocrx_word' id='word_1_838' title='bbox 1779 5671 1866 5744; x_wconf 64' lang='lat' dir='ltr'><strong>ait</strong></span> 
     </span>
    </p>
   </div>
   <div class='ocr_carea' id='block_1_119' title="bbox 289 5739 1864 5814">
    <p class='ocr_par' dir='ltr' id='par_1_119' title="bbox 289 5739 1864 5814">
     <span class='ocr_line' id='line_1_119' title="bbox 289 5739 1864 5814; baseline -0.003 -13"><span class='ocrx_word' id='word_1_839' title='bbox 289 5739 560 5801; x_wconf 73' lang='lat' dir='ltr'><strong>Diodorus</strong></span> <span class='ocrx_word' id='word_1_840' title='bbox 608 5739 768 5814; x_wconf 69' lang='grc' dir='ltr'><strong>ι,’8ζ)</strong></span> <span class='ocrx_word' id='word_1_841' title='bbox 798 5741 872 5797; x_wconf 87' lang='lat' dir='ltr'><strong>De</strong></span> <span class='ocrx_word' id='word_1_842' title='bbox 900 5740 1558 5814; x_wconf 53' lang='lat' dir='ltr'><strong>anitngpurgationibus</strong></span> <span class='ocrx_word' id='word_1_843' title='bbox 1603 5739 1864 5814; x_wconf 81' lang='lat' dir='ltr'><strong>legendus</strong></span> 
     </span>
    </p>
   </div>
   <div class='ocr_carea' id='block_1_120' title="bbox 287 5807 1860 5888">
    <p class='ocr_par' dir='ltr' id='par_1_120' title="bbox 287 5807 1860 5888">
     <span class='ocr_line' id='line_1_120' title="bbox 287 5807 1860 5888; baseline -0.004 -16"><span class='ocrx_word' id='word_1_844' title='bbox 287 5829 370 5872; x_wconf 76' lang='lat' dir='ltr'><strong>cst</strong></span> <span class='ocrx_word' id='word_1_845' title='bbox 401 5807 822 5888; x_wconf 58' lang='lat' dir='ltr'><strong>Porpliyrius&#39;in</strong></span> <span class='ocrx_word' id='word_1_846' title='bbox 855 5807 1175 5880; x_wconf 75' lang='lat' dir='ltr'><strong>Sententiis,</strong></span> <span class='ocrx_word' id='word_1_847' title='bbox 1210 5807 1324 5867; x_wconf 78' lang='lat' dir='ltr'><strong>tum</strong></span> <span class='ocrx_word' id='word_1_848' title='bbox 1351 5810 1516 5865; x_wconf 89' lang='lat' dir='ltr'><strong>etiam</strong></span> <span class='ocrx_word' id='word_1_849' title='bbox 1547 5807 1600 5864; x_wconf 89' lang='lat' dir='ltr'><strong>in</strong></span> <span class='ocrx_word' id='word_1_850' title='bbox 1631 5807 1860 5880; x_wconf 81' lang='lat' dir='ltr'><strong>epistola</strong></span> 
     </span>
    </p>
   </div>
  </div>
