3876 6364
391 365 500 430 671

1599 350 2037 416 NICEPHORI
2080 347 2510 411 BLEMMIDEE

3545 336 3656 400 672

393 499 478 546 τις
507 477 901 550 καταλήῴαιτο,
935 476 1026 530 τδν
1055 471 1406 544 δξυκινησίαν
1435 470 1708 541 τοσαύτην
1738 469 1975 542 φέροντα
2006 469 2049 527 Α
2080 462 2354 530 ἐξελόντες
2439 459 2637 532 βίβλων
2715 458 2797 550 τ’),
2865 453 3055 550 λοιπξιν
3081 454 3200 550 ,τῆς
3281 453 3611 550 ὑπογραφῆς
3637 469 3653 485 ⁸

396 576 505 629 κάκ
531 574 640 626 τῶν
696 570 878 626 ποδῶν
915 571 1024 624 κάκ
1051 568 1151 639 τῆς
1195 565 1446 638 βάσεως;
1508 565 1784 636 ῥομφαίαν
1835 563 1974 618 σπά-

397 685 554 723 σαιτο
603 664 804 735 λύπης,
857 663 1000 718 ὥστε
1039 661 1211 732 θυμὸν
1261 659 1585 731 ἀμύσσεινό
1617 657 1720 728 τῆς
1771 657 1976 727 ζημίας

392 760 721 832 αἰσθόμενος
743 797 759 814 .
808 755 1058 818 ’Δννίόας
1089 753 1356 823 Ἀφρικῆς
1383 754 1476 806 καὶ
1500 751 1788 820 Σικελικῆς
1815 767 1982 820 στρα,⁴

393 854 518 915 τιᾶς
592 852 858 922 ἀρχηγὸς,
924 837 1114 919 ἐπειδὴ
1199 846 1464 916 Ῥωμαῖοι
1535 844 1681 900 κατὰ
1741 843 1979 897 Σικελῶν

395 945 784 1014 ἐξορμήσειαν,
831 942 1135 1008 προφθάνει
1187 941 1290 1008 τὴν
1336 938 1544 1008 ἔφοδον,
1596 938 1820 1001 καὶτὰς
1869 936 1979 990 τῶν

410 1036 650 1091 ’Ᾱλπίων
679 1036 854 1104 ὀρέων
884 1033 1220 1103 διακαθάρας
1245 1033 1505 1098 ἀϐάτους,
1537 1031 1604 1085 δι’
1636 1031 1816 1085 αὑτῶν
1843 1030 1980 1102 πρὸς

411 1130 648 1186 Ἰταλίαν
685 1134 872 1201 χωρεῖ,
908 1132 1000 1184 καὶ
1046 1129 1320 1198 διαφόρως
1362 1127 1658 1198 Ῥωμαίοις
1690 1126 1982 1194 ἀντιταξάη

404 1240 587 1294 μενος,
619 1222 893 1293 διαφόρως
918 1223 1117 1284 αὐτοὺς
1155 1222 1348 1290 ἐκνικᾷ
1364 1236 1384 1287 γ’
1429 1221 1580 1283 τέλος
1613 1220 1736 1273 ὅσον
1781 1215 1893 1272 οἷόν
1920 1236 1981 1272 τε

403 1317 611 1385 πλῆθος
655 1317 940 1386 ήθροικόσι
987 1317 1085 1368 καὶ
1153 1313 1638 1385 παρεμ6ε6).ηκόσι
1689 1314 1828 1367 κατὰ
1867 1315 1982 1366 Κα-

403 1408 636 1474 λαυρίαν
672 1409 1003 1477 ἐπεισρυελς,
1027 1409 1254 1462 ἄπιστον
1281 1408 1479 1475 ἐπάγει
1506 1408 1594 1460 τὸν
1617 1407 1856 1478 δλεθρονσ
1894 1407 1984 1460 λέ-

403 1517 560 1569 γεται
592 1500 700 1571 γάρ
746 1500 870 1563 τοὺς
911 1501 1022 1553 τῶν
1068 1501 1433 1571 ἀνῃρημένων
1479 1500 1800 1562 δακτυλίους
1843 1500 1987 1570 μεδί-

412 1611 570 1662 μνοις
595 1593 1071 1663 ἐκμιμετρῆσθαι,
1107 1595 1203 1656 τάς
1228 1611 1291 1647 τε
1328 1594 1606 1664 Ῥωμαίας
1651 1595 1716 1646 ἐκ
1765 1593 1988 1647 λειπαν-

403 1687 564 1755 δρίας
642 1687 949 1755 Βαρϐάροις
1023 1690 1402 1756 συνῳκηκέναι
1466 1687 1560 1740 καὶ
1612 1687 1986 1758 ἀνδραπόδοις.

421 1779 568 1830 Ἀλλῑ
593 1780 620 1830 6
651 1778 905 1841 τοσοῦτος
937 1779 1165 1849 νικητὴς
1204 1780 1436 1849 ἐπάρσει
1473 1782 1570 1833 καὶ
1601 1783 1782 1850 τρυφῇ
1819 1798 1989 1835 κατα-

408 1871 733 1940 χαυνωθεῖς,
780 1872 872 1923 καὶ
912 1869 1006 1922 τοῦ
1039 1870 1189 1934 τέλος
1237 1872 1509 1924 ἐπιθεῖναι
1563 1873 1627 1942 τῇ
1670 1872 1870 1940 πράξει
1895 1873 1989 1926 καὶ

409 1961 834 2032 παραλήψεσθαι
856 1963 955 2032 τὴν
990 1962 1211 2033 Ῥώμην
1238 1966 1332 2018 καὶ
1360 1963 1717 2034 κατασκάψαι
1740 1967 1842 2035 τὴν
1865 1963 1990 2018 ἄνευ

412 2071 497 2107 σιν
537 2055 918 2127 ἀνθελόμενος,
960 2056 1188 2126 ὕστερον
1230 2057 1334 2109 ὑπὸ
1387 2059 1709 2129 Σκηπίωνος
1750 2075 1992 2128 στρατη-

410 2149 512 2216 γοῦ
540 2148 829 2217 Ῥωμαίων
859 2149 1221 2205 κατεδιώκετο
1240 2167 1254 2182 ·
1289 2151 1385 2204 καὶ
1408 2150 1584 2218 φυγὰς
1615 2151 1713 2221 τήν
1736 2150 1990 2203 Βιθυνίαν

411 2240 784 2309 κατειληφὼς,
864 2241 1181 2313 δηλητηρίῳ
1253 2243 1347 2296 τὸν
1411 2242 1527 2313 βίον
1584 2241 1987 2313 μετήλλαττεν’

409 2333 565 2387 ἄλλοι
596 2351 654 2385 τε
684 2333 862 2396 ἄλλως
895 2332 990 2386 τοῦ
1049 2332 1243 2404 καιροῦ
1292 2334 1801 2406 καταμελήσαντες,
1835 2335 1993 2389 ἐδυσ-

411 2427 684 2496 φόρησαν.
718 2426 1024 2478 Σπευστέον
1048 2425 1140 2479 οὖν
1169 2425 1261 2480 τὸν
1287 2426 1506 2480 εῦθετον
1525 2427 1793 2497 ἁρπάζειν
1819 2430 1992 2498 ἀπηνε-

410 2521 621 2587 τηκότα
663 2520 872 2587 καιρὸν,
910 2523 1009 2577 καὶ
1058 2521 1132 2591 μὴ
1192 2523 1440 2590 προϊέναι
1498 2526 1876 2594 παραχωρεῖν,
1911 2521 1989 2592 τῷ

413 2609 720 2680 τηνικαῦτα
751 2611 936 2680 ζητεῖν
965 2612 1304 2665 συντείνοντα
1354 2613 1449 2666 καὶ
1494 2618 1802 2683 οἰκονομεῖν
1855 2614 1990 2688 ἢτῷ

410 2703 786 2774 νωθρεύεσθαί
823 2689 882 2756 τε
917 2705 1012 2757 καὶ
1054 2704 1478 2765 ἀναὸάλλεσθαι,
1538 2707 1634 2760 καὶ
1663 2707 1834 2776 τύχην
1861 2709 1991 2761 ἀναρ

416 2796 605 2865 μένειν
636 2795 936 2866 αὐτουργὸν
967 2797 1075 2850 τῶν
1097 2800 1574 2866 ἀποτελεσμάτων,
1596 2800 1712 2852 ἀλλ’
1745 2801 1846 2854 οὑκ
1873 2803 1993 2854 ἐπι-

415 2887 630 2958 στήμην
653 2889 1066 2960 κατορθωτικὴν
1091 2890 1200 2946 τῶν
1231 2893 1517 2961 χρησίμων
1546 2891 1948 2962 προϐάλλεσθαι
1971 2910 1986 2924 θ

414 2981 508 3032 καὶ
543 2979 889 3052 κυϐερνήτης
940 2982 1050 3050 γὰρ
1103 2973 1326 3053 ἇριστᾶς
1377 2983 1584 3048 ἐκεῖνός
1619 2985 1790 3046 ἐστιν,
1837 2982 1897 3048 ὃς
1927 2983 1988 3037 οὐ

415 3073 602 3134 κακῶς
670 3072 762 3124 τὸν
809 3072 1166 3143 διαπλοῖσμδν
1218 3074 1633 3144 παραπόλλυσιν
1691 3074 1986 3144 εὐκαιρονο

2079 557 2152 610 ἐῶ
2185 557 2294 627 γὰρ
2323 554 2496 609 είπεῖν
2525 553 2601 616 ώς
2628 553 2696 623 τῇ
2731 549 2892 621 φύσει
2926 548 3189 610 πολλάκις
3220 549 3318 600 καὶ
3350 547 3658 618 ἀντιπράτο

2077 666 2301 712 τουσιν,
2337 647 2632 718 ἀκέστορες
2665 645 2763 715 μὲν
2793 643 3048 712 οὐδαμῶς
3069 682 3084 706 ,
3119 639 3406 712 ἀναιρέται
3435 640 3490 693 δὲ
3523 639 3667 709 μᾶλ-

2079 743 2170 798 λον
2198 743 2584 811 εὑρισκόμενοι
2612 740 2709 793 καὶ
2739 736 3074 809 βροτολοιγοί
3093 752 3108 768 ο
3137 736 3263 797 τούς
3291 734 3338 788 δ’
3359 735 3666 804 ἐπιστήμο-

2080 853 2176 900 νας
2205 832 2561 906 ἐκμιμεῖσθαι
2592 833 2688 885 καὶ
2717 832 2992 900 νουνεχεῖς
3014 867 3028 890 ,
3057 829 3138 882 ὅτι
3167 825 3443 890 λυσιτελές
3471 842 3533 879 τε
3566 825 3664 878 καὶ

2081 932 2305 999 τίμιον·
2358 930 2408 980 of.
2460 928 2554 1002 τρν
2612 924 2803 994 καιρὸν
2855 923 3057 984 είδότες
3111 919 3238 986 ὀξὺν
3291 922 3428 990 μετά
3480 921 3668 988 πάσης

2084 1023 2334 1078 ἵστανται
2366 1022 2464 1091 τῆς
2497 1018 2817 1090 ἐτοιμασίας
2855 1018 2948 1070 ἐπὶ
2977 1017 3078 1086 τῆς
3115 1014 3416 1083 ἀφετηρίας
3450 1014 3621 1081 αὐτῆς
3646 1027 3664 1043 ο

2082 1117 2158 1180 ὡς
2196 1118 2256 1168 ἐν
2289 1115 2491 1185 ἀκαρεῖ
2519 1113 2582 1166 τὸ
2618 1112 2793 1182 παρὸν
2827 1110 3031 1178 ἀγαθὸν
3062 1107 3425 1170 διασώσειαν,
3460 1107 3672 1160 ἀνακα-

2082 1206 2326 1262 λέσοιντό
2355 1223 2416 1258 τε
2445 1205 2506 1259 τὸ
2542 1204 2616 1274 μὴ
2649 1201 2822 1272 παρόν
2845 1216 2862 1234 ⁸
2895 1201 2957 1254 οὑ
2988 1201 3050 1252 τὸ
3079 1196 3336 1266 εὔκαιρον
3367 1196 3671 1266 παραπέμ-

2086 1317 2305 1362 ποντες,
2329 1297 2446 1353 ἀλλ’
2466 1297 2526 1363 ἐξ
2551 1289 2625 1350 ὧν
2650 1293 2973 1366 ἐργάζοντες
3000 1287 3500 1364 παρακαλούμενοι.
3531 1287 3674 1356 μάλ-

2085 1396 2178 1450 λον
2195 1395 2241 1448 δ’
2257 1395 2506 1458 ἕλκοντες
2527 1409 2540 1423 ·
2566 1393 2667 1446 εἰτ’
2681 1389 3009 1459 ἐφεστηκότι
3031 1387 3167 1460 πρὸς
3189 1385 3452 1456 ἐργασίαν
3473 1381 3674 1452 βελτίω

2085 1491 2364 1564 χρώμενοι
2388 1506 2406 1522 ο
2436 1487 2672 1556 πάμπαν
2695 1482 2982 1554 ἀμελλητὶ,
3016 1479 3136 1552 μεθ’
3160 1481 3290 1550 ὅσης
3323 1476 3673 1548 ἠπειγμένης

2088 1587 2269 1657 ὁρμῆς
2299 1579 2432 1636 εἶεν.

2163 1679 2267 1733 IA'.
2299 1675 2668 1738 Δικασπόλους
2693 1674 2750 1728 δὲ
2777 1674 2868 1727 καὶ
2893 1670 3268 1740 ἀγορανόμους
3291 1667 3481 1737 δήμοις
3506 1664 3677 1730 ἐγκα-

2091 1772 2382 1828 ταστατέον
2413 1771 2508 1824 καὶ
2539 1769 2759 1821 πόλεσιν
2788 1766 2888 1836 οὐχ
2915 1766 3138 1836 ήπάτων
3166 1759 3475 1831 ἀνδρομέων
3504 1760 3680 1825 ἐμφοο

2097 1865 2392 1937 ρουμένους
2424 1863 2499 1922 ῶς
2531 1862 2640 1916 τῶν
2678 1859 3011 1931 Προμηθέως
3045 1856 3294 1925 λέγουσιν
3330 1853 3387 1904 ἐν
3418 1851 3496 1919 τῷ
3533 1849 3679 1902 Σκυ-

2093 1957 2232 2027 θικῷ
2266 1953 2544 2023 Καυκάσῳ
2569 1952 2661 2005 τὸν
2690 1951 2850 2006 ἀετὸν
2871 1991 2888 2017 ,
2918 1948 3244 2017 κεκλοφότος
3266 1943 3330 1998 τὸ
3356 1941 3466 2013 πῦρ
3489 1959 3505 1975 ο
3538 1939 3680 1994 ἀλλὰ

2089 2053 2190 2121 τὴν
2231 2051 2516 2120 ἀλόγιστον
2560 2047 2855 2116 ἐπιθυμίαν
2901 2045 3304 2106 ἐκκόπτοντας,
3359 2035 3680 2102 πλεονεξίαν

2092 2145 2406 2216 ἐξαίροντος
2429 2182 2445 2209 ,
2473 2140 2818 2210 δικαιοσύνην
2846 2140 3196 2209 εἰσφέροντας
3215 2175 3232 2200 ,
3263 2133 3518 2199 εὐταξίαν
3547 2148 3677 2183 παι⁹

2089 2236 2360 2303 δεύοντας,
2392 2237 2574 2290 πᾶσαν
2606 2235 2806 2290 ἄτοπον
2840 2233 3039 2302 πρᾶξιν
3071 2229 3416 2293 κολάζοντας,
3447 2223 3585 2295 πρὸς
3615 2221 3678 2276 τὸ

2090 2332 2314 2402 ἔννομον
2360 2329 2812 2393 ἀποσκοποῦντας
2856 2327 2950 2381 καὶ
2997 2322 3379 2395 διορθωτικὸν,
3427 2319 3488 2372 οὑ
3536 2318 3680 2389 πρλς

2090 2427 2388 2497 χρημάτων
2431 2423 2752 2490 παράνομον
2796 2418 3099 2490 ἀθροισμὸν
3142 2416 3235 2470 καὶ
3279 2413 3536 2488 λῃστείαν
3580 2408 3678 2464 τοῦ

2090 2516 2485 2585 πολιτεύματος
2511 2527 2527 2546 ο
2561 2513 2759 2580 ἀνδρας
2795 2510 3010 2564 συνέσει
3044 2506 3154 2561 τῶν
3191 2505 3400 2559 πολλῶν
3435 2502 3680 2574 ὑπερφέ-

2092 2625 2286 2680 ροντας
2309 2625 2323 2640 ο
2355 2607 2417 2661 οὑ
2449 2607 2591 2660 κατὰ
2621 2602 2885 2673 Κόροιϐον
2915 2602 3074 2662 ὄντας
3103 2599 3200 2654 καὶ
3225 2597 3513 2669 Μαργίτην
3534 2637 3551 2660 ,
3583 2596 3674 2658 κα)

2087 2700 2378 2771 Μελιτίδην
2405 2715 2420 2732 ο
2467 2692 2543 2752 ὧν
2587 2697 2616 2750 6
2669 2696 2767 2767 μὲν
2813 2694 2941 2758 τοὺς
2994 2695 3266 2763 ῥηγμῖνας
3313 2686 3676 2758 περινοστῶν,

2087 2794 2312 2864 ἠρίθμει
2360 2793 2428 2845 τά
2475 2791 2720 2859 κύματα,
2771 2789 2865 2842 καὶ
2916 2787 3081 2858 μέχρι
3126 2783 3294 2854 τριῶν
3340 2780 3674 2852 προϐαίνων,

2090 2887 2409 2949 ὑπενόστει,
2456 2883 2704 2954 προϊέναι
2748 2879 3061 2950 περαιτέρω
3106 2878 3181 2948 μή
3221 2873 3513 2944 ἐγνωκώς·
3557 2875 3584 2926 ό
3627 2873 3678 2926 δ’

2089 2979 2350 3045 ἐκμαθεῖν
2383 2977 2642 3048 ἀνηρώτα
2673 2977 2756 3038 τίς
2790 2973 2850 3038 ἐξ
2882 2975 3084 3042 ἀμφοῖν
3118 2973 3227 3026 τοῖν
3260 2970 3468 3037 γονέοιν
3501 2971 3669 3036 ἐγκυ-

2094 3073 2332 3142 μονήσας
2363 3071 2523 3125 αὑτὸν
2551 3070 2819 3124 ἀπέτεκεν
2840 3085 2855 3100 ’
2884 3070 2912 3122 6
2938 3067 2981 3120 δ’
3004 3067 3255 3128 ὕστατος,
3282 3065 3343 3118 οὐ
3376 3063 3678 3135 παρθενίαν

417 3159 572 3238 ᾧπερ
596 3161 654 3219 εὖ
691 3166 804 3234 ἔχει
830 3166 897 3220 τὰ
921 3167 1181 3237 πηδάλια,
1207 3167 1276 3222 τὰ
1312 3168 1480 3233 ἱστία,
1507 3169 1574 3222 τά
1607 3171 1867 3238 πρότονα,
1893 3171 1989 3224 καὶ
2018 3169 2062 3228 C
2092 3165 2288 3235 τιμῶν,
2315 3165 2414 3234 οὑχ
2441 3162 2690 3233 ἁγνεύειν
2716 3160 3122 3233 προῃρημένος,
3147 3162 3214 3230 τῇ
3242 3161 3455 3229 γαμετῇ
3483 3156 3680 3210 συνελ-

415 3255 470 3308 εῐ
496 3273 548 3310 τι
577 3257 708 3312 ἄλλο
729 3257 866 3328 πρὸς
892 3259 1268 3328 καταρτισμὸν
1308 3259 1409 3328 τῆς
1447 3261 1603 3325 νεὼς,
1629 3260 1870 3332 γαλήνης
1901 3259 1994 3314 οὑ-

421 3365 544 3416 σης,
577 3347 794 3418 αἰθρίας
827 3348 1024 3419 οὔσηςο
1059 3350 1094 3420 ἦ
1129 3368 1184 3404 τε
1208 3351 1366 3420 νῆψις
1391 3351 1651 3431 ἐμμονος,
1684 3354 1780 3408 καὶ
1809 3357 1868 3407 τὸ
1894 3355 1996 3423 ἐμ-

422 3442 689 3512 μέριμνον
717 3443 996 3497 ἄπαυστον
1014 3461 1026 3475 ·
1047 3443 1192 3506 ὅπως
1223 3444 1287 3499 ἂν
1312 3447 1361 3499 εί
1386 3447 1694 3517 προκύψειε
1715 3450 1992 3516 καταιγὶς,

420 3537 470 3586 εί
511 3535 718 3590 κλύδων
750 3536 1040 3607 ἐγείροιτο,
1072 3539 1414 3607 παραυτόθεν
1439 3540 1869 3611 ἀντικατασταίη
1895 3542 1996 3595 καὶ

421 3628 786 3698 περιγένοιτο,
813 3632 906 3682 καὶ
940 3631 1077 3700 πρὸς
1113 3629 1354 3698 ἀγαθοὺς
1389 3633 1589 3702 ἀγάγοι
1621 3634 1853 3704 λιμένας
1895 3636 1996 3706 τὴν

419 3719 584 3774 ναῦν·
611 3723 638 3774 ὃ
662 3739 725 3790 γε
755 3723 861 3792 μὴν
882 3726 991 3776 τῶν
1016 3723 1115 3793 τῆς
1139 3723 1273 3788 νεὼς
1296 3728 1620 3796 ἐπιτηδείων
1643 3728 1993 3799 καταμελῶν,

421 3811 455 3881 ἢ
483 3812 572 3866 τὸν
597 3813 695 3881 τῆς
717 3814 974 3878 εὐπλοίας
999 3817 1190 3887 καιρὸν
1214 3818 1338 3887 είκῆ
1367 3820 1717 3890 προϊέμενος,
1735 3826 1830 3875 καὶ
1858 3822 1997 3887 ὅλως

422 3906 488 3957 ἐκ
516 3906 803 3978 ῥᾳστώνης
832 3907 1160 3972 ὑποσκάζων
1187 3911 1325 3982 πρὸς
1352 3912 1412 3966 τὸ
1441 3913 1600 3984 ἔργον
1627 3917 1719 3966 καὶ
1743 3914 1998 3986 δυσκινηο

423 3995 556 4061 τῶν,
584 4001 1026 4069 καταποντιστὴς
1051 4001 1254 4070 μᾶλλον
1293 4004 1322 4070 ῆ
1364 4003 1708 4074 κυϐερνήτης
1739 4006 1875 4060 ἐστί’
1907 4013 1999 4062 καὶ

424 4090 474 4141 εί
505 4087 798 4158 διασωθείη
818 4089 914 4143 τοῦ
940 4091 1214 4160 πελάγους
1239 4092 1335 4146 καὶ
1368 4093 1632 4164 κρείττων
1668 4096 1864 4167 ὀφθείη
1891 4099 2002 4152 τῶν

425 4181 688 4249 κυμάτων
726 4183 760 4252 ή
794 4181 948 4249 ναῦς,
1006 4182 1160 4238 τοῦθ’
1211 4184 1288 4250 ὡς
1315 4184 1510 4257 ἔτυχε·
1579 4188 1674 4242 καὶ
1722 4188 1913 4244 τούτου
1943 4191 1999 4244 δέ

425 4273 489 4328 τὸ
508 4270 566 4325 εὖ
599 4273 632 4344 ή
667 4271 764 4326 τοῦ
815 4272 1219 4346 ναυαρχοῦντος
1267 4277 1648 4349 είκαιοτροπία
1675 4280 1814 4349 πρὸς
1840 4283 2000 4336 τούν-

425 4365 614 4419 αντίον
677 4365 1101 4436 μετεσκεύασεν.
1139 4369 1213 4422 Οὐ
1266 4368 1372 4440 χρὴ
1416 4369 1597 4424 τοίνυν
1647 4371 1770 4425 οὐδέ
1798 4372 1888 4427 τὸν
1911 4375 2002 4445 ἁρ-

2097 3255 2208 3308 θεῖν
2230 3255 2330 3310 οὐκ
2355 3255 2622 3319 ἐπείθετο,
2647 3251 2874 3306 δεδιέναι
2902 3251 3078 3318 λέγων
3107 3250 3181 3320 μὴ
3209 3252 3344 3319 πρὸς
3369 3247 3468 3317 τῆς
3493 3263 3680 3316 γεινα-

2098 3349 2266 3418 μένης
2288 3348 2458 3418 αὐτὴν
2477 3347 2761 3418 ἐγκληθεὶς
2780 3345 2968 3414 ὑφέξει
2986 3345 3139 3406 δίκας
3158 3342 3256 3413 τῆς
3279 3340 3645 3404 συνελεύσεως
3661 3357 3676 3372 ο

2094 3438 2219 3492 οὔτε
2252 3437 2357 3509 μήν
2389 3441 2451 3492 ἐκ
2477 3437 2769 3508 διαμέτρου
2801 3437 3078 3502 Κάκκους,
3104 3433 3464 3500 Αὑτολύκους,
3493 3431 3671 3503 Εὐρυ-

2098 3531 2295 3595 ϐάτους
2312 3569 2328 3594 ,
2356 3533 2420 3584 ἐκ
2445 3532 2554 3583 τῶν
2578 3530 2754 3583 ὀπίσω
2782 3529 3141 3599 ποιουμένους
3165 3529 3226 3581 ἐν
3249 3529 3368 3590 ταῖς
3397 3525 3546 3594 σφῶν
3575 3527 3680 3580 αὑ-

2097 3624 2206 3678 τῶν
2222 3623 2544 3687 καταδύσεις
2562 3624 2662 3692 τὴν
2693 3624 2801 3677 τῶν
2836 3609 3272 3690 κλωπευοιῖένων
3291 3621 3446 3686 ζώων
3480 3622 3584 3674 ὑπε
3595 3620 3682 3676 ('1-

2101 3716 2250 3771 δυσιν
2272 3756 2287 3782 ,
2320 3714 2461 3769 ὥστε
2494 3715 2673 3770 δοκεῖν
2731 3715 2933 3782 ἐξιέναι
2969 3713 3170 3783 μᾶλλον
3202 3713 3270 3766 τὰ
3303 3711 3640 3780 είσαγόμενα
3664 3727 3678 3740 ·

2105 3807 2587 3879 μεταχρωννύντοις
2610 3825 2670 3861 τε
2696 3808 2790 3860 καὶ
2820 3806 3268 3876 μεταμείδοντας,
3300 3805 3392 3859 καὶ
3419 3804 3682 3866 ποικίλως

2103 3901 2622 3972 παρακρουομένους
2652 3901 2777 3963 τοὺς
2813 3900 3068 3970 ἔχοντας’
3104 3897 3580 3970 ἀναρῥιχωμένους
3617 3915 3678 3951 τε

2101 3994 2197 4047 καὶ
2227 3992 2742 4064 κρημνοσατοῦντας
2773 3993 2859 4046 ἐπ’
2881 3992 3036 4057 ὂψεσι
3065 3993 3171 4047 τῶν
3199 3991 3511 4064 τηρούντων
3529 4033 3545 4057 ,
3577 3993 3682 4046 καὶ

2101 4085 2256 4155 δίκην
2271 4086 2467 4154 ἀέλλης
2485 4086 3005 4156 ἐκδραπετεύοντας,
3021 4083 3487 4148 διαλανθάνοντας.
3505 4087 3680 4154 ἀφαν-

2101 4179 2397 4250 τουμένους
2417 4178 2761 4246 ,πολυειδῶς
2790 4174 2860 4234 αὖ
2893 4179 3388 4250 ἐξαλλαττομένους
3413 4193 3429 4210 ο
3457 4177 3534 4242 ῶς
3565 4178 3682 4249 Νη-

2106 4274 2232 4345 ρεύς
2253 4289 2336 4338 τις
2363 4272 2395 4343 ἢ
2426 4273 2826 4343 Περικλύμενος
2859 4271 2893 4342 ή
2929 4271 3184 4343 Πρωτεὺς
3211 4272 3238 4324 ὁ
3263 4270 3562 4339 Αίγύπτιος
3593 4289 3684 4324 σο-

2104 4367 2299 4436 φιστής
2323 4382 2338 4398 ο
2371 4365 2432 4418 οὗ
2463 4368 2556 4418 καὶ
2583 4364 2682 4437 τὴν
2711 4367 2846 4436 πρὸς
2872 4366 3147 4434 Αιγυπτον
3174 4366 3237 4418 ἐκ
3269 4364 3551 4434 Παλλήνης
3578 4365 3682 4436 τῆς

427 4457 595 4528 χηγδν
629 4457 1030 4529 ἀπαρασκεύως
1059 4459 1206 4531 ἐχειν
1237 4461 1270 4524 ἢ
1321 4460 1594 4532 νωχελῶς,
1625 4462 1759 4516 ἀλλὰ
1793 4479 2001 4534 κατηρ-
2035 4527 2067 4534 Δ
2104 4459 2385 4528 Θρᾳκικῆς
2408 4459 2849 4529 παλιννόστησιν,
2872 4460 2931 4512 ἐν
2949 4458 3194 4530 χάσμασι
3215 4459 3309 4512 καὶ
3333 4461 3522 4530 μυχοῖς
3547 4459 3682 4513 ὑπο-

427 4527 685 4619 τισμένον
707 4527 763 4602 ἐν
797 4554 909 4614 τοῖς
963 4527 1146 4622 ἔργοις
1175 4553 1346 4606 ἅπασι
1527 4553 1727 4623 ἀρχῆς,
1750 4555 1900 4608 ὠκὺν
1921 4527 2004 4609 ἐἶ-
2033 4527 2078 4582 θ
2109 4527 2347 4612 ποντίοις
2392 4527 3072 4621 παραδοξοποιοῦσινίῶςὴ
3093 4527 3458 4620 ἀδιάγνωστον
3482 4567 3497 4583 ο
3545 4551 3684 4604 ἀλλά

425 4657 538 4702 ναι,
573 4644 774 4711 πτηνὸν
816 4637 983 4705 εἶναι,
1032 4643 1257 4712 φθάνειν
1300 4645 1502 4714 ἀερίως
1537 4645 1618 4708 είς
1663 4662 1723 4698 τε
1771 4646 2002 4717 τὴντῶν

428 4733 744 4798 προσόντων
776 4733 1165 4804 ὑπερμάχησιν
1193 4735 1290 4788 καὶ
1329 4737 1684 4806 συντήρησιν,
1716 4735 1796 4800 είς
1817 4754 1876 4790 τε
1905 4738 2006 4810 τήν

424 4825 536 4876 τῶν
570 4825 644 4896 μὴ
673 4827 986 4896 προσόντων
1036 4828 1215 4898 θήραν
1262 4831 1360 4882 καὶ
1408 4829 1740 4900 πρόσληψιν,
1773 4831 1870 4885 καὶ
1926 4833 2004 4902 μή

427 4920 538 4978 τοῖς
573 4918 682 4970 τῶν
743 4918 1179 4998 Ἀσκληπιαδῶν.
1247 4921 1533 4988 ἀμεθόδοις
1589 4924 1848 4985 ἐοικέναι,
1907 4923 2006 4978 καὶ

427 5009 822 5079 φρενολήπτοις
847 5027 860 5040 ·
892 5004 968 5067 ὧν
1003 5011 1055 5062 οί
1109 5010 1354 5082 δεύτεροι
1413 5014 1536 5067 κατ’
1580 5014 1750 5083 αὑτήν
1779 5014 1878 5084 τὴν
1905 5015 2006 5084 τῆς

426 5101 670 5171 ἀνάγκης
697 5101 884 5171 ἀκμὴν
911 5102 980 5154 τά
1014 5104 1286 5172 φάρμακα
1321 5105 1645 5175 πορίζεσθαι
1678 5107 2001 5177 βούλονται·

429 5195 525 5245 καί
544 5194 618 5263 μή
643 5193 988 5261 εὑρίσκοντες
1021 5197 1172 5258 ἴσως,
1196 5195 1480 5262 ὑφαίνουσι
1508 5197 1707 5267 λήρους
1733 5199 2004 5269 μακροὺς,

428 5285 604 5355 Εἴπερ
643 5280 711 5354 ἦν
735 5287 870 5355 ἡμῖν
897 5286 1012 5340 τοδὶ
1038 5287 1100 5340 τὸ
1143 5287 1506 5360 ἀλεξιτήριον,
1549 5290 1820 5358 λέγοντες,
1850 5287 1920 5361 ἦν
1938 5289 2004 5344 ἂν

429 5378 562 5447 ἡμῖν
612 5377 882 5446 κάρτιστα
929 5378 1059 5448 πρὸς
1099 5379 1196 5449 τὴν
1256 5380 1447 5434 νοῦσον
1480 5381 1960 5451 ἀνταγωνίσασθαι
1989 5398 2003 5413 ·

430 5473 490 5522 το
519 5469 619 5539 μὲν
653 5471 762 5539 γὰρ
791 5468 1075 5539 δυνάμεως
1107 5472 1258 5537 τοίας
1291 5474 1616 5546 τετύχηκεν,
1672 5477 1706 5547 ή
1737 5476 1794 5530 δὲ
1851 5477 2005 5542 τοίας

429 5560 766 5629 δυσκρασίας
831 5561 1117 5632 ἐξέθορεν·
1180 5564 1229 5616 οἱ
1299 5563 1479 5617 λοιποὶ
1566 5567 1633 5636 τῇ
1709 5569 1870 5636 φύσει
1945 5567 2007 5621 τὸ

430 5652 540 5706 πᾶν
579 5653 988 5725 ἐπιρῥιπτοῦσι,
1035 5655 1262 5711 ἐτώσιον
1311 5655 1476 5728 ἄχθος
1539 5658 2004 5730 ἐπιπεφορτισμέο

429 5761 510 5798 νοι
553 5746 667 5809 τοῖς
694 5745 1022 5815 κάμνουσιν·
1061 5749 1110 5800 εί
1148 5751 1242 5802 καί
1277 5766 1361 5812 τις
1405 5749 1631 5820 αἰτιῷτο
1687 5753 1784 5822 τῆς
1825 5751 2009 5823 ἀπρα-

435 5831 572 5906 ξίας,
617 5837 830 5908 φύσεως
883 5833 1226 5909 εἶναίφασιν
1279 5841 1564 5911 ὑπουργοὶ,
1617 5842 1726 5897 τῶν
1791 5843 2007 5898 οίκείων

2108 4641 2168 4695 τδ
2197 4641 2389 4713 εὔηθες
2417 4641 2803 4706 ἐκκεκλικότας
2834 4643 2926 4696 καί
2957 4643 3194 4713 πονηρὸν
3225 4645 3282 4696 ἐν
3313 4642 3512 4713 ταυτῷ,
3549 4663 3684 4714 φρο-

2106 4737 2259 4806 νήσει
2295 4735 2671 4806 κεκοσμῆσθαι
2707 4736 2913 4791 δίκαιον
2945 4737 3073 4799 τοὺς
3104 4737 3214 4792 τῶν
3245 4735 3421 4792 ἀλλων
3455 4739 3685 4806 ἐπισκη-

2108 4828 2318 4897 πτῆρας
2343 4843 2357 4856 ⁸
2395 4826 2537 4880 οὑτω
2569 4829 2677 4897 γὰρ
2707 4828 2814 4881 τῶν
2845 4827 2943 4897 τῆς
2976 4827 3286 4898 ἀφροσύνης
3320 4820 3502 4899 ἔργων’
3527 4829 3685 4883 ἐλαυ-

2105 4920 2366 4989 νομένων,
2418 4920 2688 4989 εὑκοσμία
2736 4919 2816 4990 τῷ
2865 4918 3062 4989 πλήθει
3110 4919 3362 4991 προσείη,
3411 4924 3506 4975 καὶ
3554 4923 3684 4988 δόξα

2108 5014 2338 5085 μεγίστη
2384 5014 2466 5083 τῷ
2507 5013 2747 5067 τοιούτου
2797 5014 2926 5068 λαοῦ
2981 5015 3359 5086 βασιλεύοντι·
3405 5018 3683 5082 τοιούτους

2105 5101 2246 5157 εἶναι
2297 5105 2566 5177 προσήκει
2612 5106 2739 5168 τοὺς
2785 5105 3065 5177 διαιτητάς
3113 5109 3206 5162 καὶ
3251 5109 3376 5173 τοὺς
3422 5111 3678 5181 ἐφόρους,

2107 5190 2216 5253 οἷος
2261 5198 2288 5249 ὁ
2317 5196 2502 5268 Ἀραψ
2549 5197 2816 5260 Γουνεὺς,
2865 5197 3116 5267 Κέφαλος
3161 5200 3190 5252 6
3237 5199 3297 5261 ἐξ
3334 5201 3552 5255 Ἰταλῶν
3601 5205 3682 5266 είς

2120 5287 2351 5358 Ἀθήνας
2379 5289 2894 5360 πολιτογραφηθεὶς,
2930 5289 3283 5361 Ἀριστείδης,
3313 5295 3403 5345 καὶ
3439 5293 3683 5363 Ἀριστοο

2109 5381 2245 5448 φῶν,
2279 5380 2576 5451 Ἀθηναίων
2605 5380 2871 5448 ίθαγενεῖς
2890 5398 2906 5414 θ
2933 5381 3162 5446 Γουνεὺς
3190 5386 3290 5454 μὲν
3313 5385 3420 5455 γὰρ
3448 5384 3682 5457 ἐννομὼο

2083 5489 2265 5536 ¹τατος
2309 5471 2383 5524 ῶν
2426 5473 2683 5545 δικαστὴς
2729 5475 2822 5528 καὶ
2869 5473 3178 5540 πλεονεξίαν
3219 5479 3401 5532 πᾶσαν
3443 5481 3682 5533 ἀποστυ-

2111 5565 2244 5632 γῶν,
2273 5566 2366 5617 καὶ
2396 5567 2520 5628 τούς
2551 5566 2916 5635 ἀρπακτῆρας
2945 5559 3216 5636 αἰσχύνων
3244 5569 3677 5642 τιμωρούμενος,

2109 5655 2296 5726 ἐπειδή
2339 5674 2470 5709 ποτε
2509 5658 2844 5728 Βαὸυλώνιοι
2888 5659 2982 5712 καὶ
3019 5659 3264 5724 Φοίνικες
3306 5664 3673 5730 στασιάσειαν,

2109 5749 2233 5819 ἥκει
2275 5749 2410 5822 πρὸς
2451 5751 2646 5815 αὐτοὺς
2681 5751 3034 5819 ἐγκέλευστος
3071 5752 3174 5806 ὑπὸ
3211 5753 3576 5824 Σεμιράμιδος
3599 5770 3616 5787 ⁸
3650 5759 3678 5809 ὸ

2109 5843 2165 5897 δὲ
2210 5843 2324 5898 λύει
2362 5845 2459 5916 τήν
2499 5845 2688 5900 στάσιν
2721 5845 2942 5915 ὀφθεὶς,
2978 5847 3072 5900 καὶ
3115 5847 3581 5906 ἀποκαταλλάττει
3616 5850 3679 5905 τά
