3888 6500
231 469 343 540 689

1549 472 1885 536 EPITOME
1916 470 2058 532 [ΟΕ
2070 470 2211 533 ΙΕᾹζ

3404 462 3510 532 οοο

235 598 354 653 νέοι
393 595 476 653 (rt
526 598 679 662 ὄντες
740 596 835 651 καὶ
892 595 1032 668 προς
1071 592 1395 664 φιλοσοφίαν
1461 587 1822 670 εἰσαγωγικοὶ

1936 585 2099 642 venili
2161 591 2345 651 relate,
2406 598 2534 640 cum
2594 583 2778 641 adhuc
2842 581 2909 638 ad
2970 581 3369 653 philosOphiam
3422 585 3506 639 in-

236 692 342 747 καὶ
361 690 798 763 ἀνεπιστήμονες
848 690 1045 758 (ὁποῖοι
1077 686 1176 742 καὶ
1232 688 1313 750 είς
1340 683 1404 739 τὺ
1451 681 1581 752 ἑξῆς
1613 685 1678 737 ὲκ
1720 681 1822 750 τῆς

236 785 555 855 συντρόφου
590 784 867 854 ῥᾳθυμίας
884 783 980 837 καὶ
1019 780 1299 852 ρυπαρίας
1331 777 1710 850 διεμείναμεν)
1733 776 1822 828 ὲκ-

233 877 575 945 δεδὼκαμεν,
597 875 741 930 οὕτω
764 872 1289 947 προοιμιασάμενοι.

314 971 367 1040 β.
401 971 693 1033 Βασιλείας
725 970 819 1024 καὶ
853 967 1177 1038 φιλοσοφίας
1203 966 1340 1020 πολὺ
1370 965 1433 1018 τὸ
1478 964 1744 1031 συγγενές
1763 979 1823 1015 τε

235 1066 338 1117 καὶ
371 1064 754 1134 ὁμοιότροπον.
793 1062 904 1114 Καὶ
930 1063 1099 1131 ἄμφω
1143 1061 1251 1130 γὰρ
1283 1059 1343 1113 τὸ
1400 1057 1691 1127 μεγαλεῖον
1721 1056 1823 1125 τῆς

236 1157 508 1225 θεαρχίας
544 1155 964 1222 ὲξεικονίζουσι,
1014 1154 1109 1208 καὶ
1168 1154 1263 1207 τὸν
1295 1152 1411 1206 ἴσον
1464 1144 1823 1222 προτίθενται

234 1249 445 1301 σκοπὸν
472 1248 700 1310 ἑαυταῖς
720 1262 737 1278 ’
768 1247 802 1316 ἠ
840 1247 939 1315 μὲν
969 1246 1078 1300 τῶν
1126 1245 1296 1315 ἀξιῶν
1324 1244 1697 1315 ὑπερέχουσα.
1726 1245 1824 1297 καὶ

229 1342 364 1404 ταῖς
389 1341 589 1412 ἀρχαῖς
634 1341 1039 1396 ἐπιτάττουσα*
1072 1341 1106 1410 ἡ
1161 1340 1217 1395 δὲ
1246 1338 1356 1393 τῶν
1400 1338 1611 1409 τεχνῶν
1663 1339 1823 1409 ἑξάρ-

228 1452 407 1505 χουσα
442 1435 534 1488 καὶ
566 1435 675 1486 τῶν
695 1432 1039 1503 ἐπιστημῶν,
1071 1434 1167 1488 καὶ
1192 1430 1565 1496 νομοθετοῦσα
1594 1432 1823 1495 ταύταις

230 1527 514 1591 ἁπάσαις,
541 1527 637 1581 καὶ
668 1526 983 1597 καλουμένη
1035 1526 1125 1580 διὰ
1175 1524 1352 1580 ταῦτα
1400 1527 1565 1596 τέχνη
1617 1526 1825 1595 τεχνῶν

229 1617 336 1670 καὶ
390 1617 677 1689 ἐπιστήμη
712 1617 1068 1687 ἐπιστημῶν·
1102 1614 1295 1687 ῶσπερ
1348 1617 1381 1687 ἠ
1428 1615 1677 1687 βασιλεία
1713 1617 1823 1672 τῶν

230 1711 406 1778 ἀξιῶν
433 1711 561 1779 ἀξία
585 1712 683 1766 καὶ
713 1711 962 1783 ὑπεροχὴ
993 1709 1104 1767 τῶν
1131 1710 1444 1782 ὑπεροχῶν.

296 1900 372 1962 γ’.
400 1894 695 1959 Βασιλείας
724 1891 818 1949 οὖν
841 1897 940 1949 καὶ
978 1896 1308 1967 φιλοσοφίας
1341 1895 1716 1952 συνελθουσῶν
1738 1897 1825 1951 τέ-

229 1982 384 2039 λειον
418 1986 478 2038 τὸ
511 1986 633 2039 κατ’
660 1987 846 2040 εἰκόνα
879 1987 1031 2043 θείαν
1059 1990 1538 2060 χαρακτηρίζεται
1592 1991 1689 2046 καὶ
1721 1992 1821 2045 ἀν-

232 2080 443 2142 ενδεὴς,
476 2080 553 2143 ὡς
584 2080 707 2141 ἐξὸν
730 2080 1025 2154 ἀνθρώπῳ.
1060 2083 1123 2136 τδ
1147 2085 1374 2155 ἀρχικὸν
1403 2085 1824 2140 ἀποδείκνυταιο

231 2171 546 2226 κάντεῦθεν
599 2174 806 2239 εὐζωτα
861 2177 959 2229 καὶ
1025 2175 1303 2246 εὐπραγία
1354 2180 1466 2241 τοῖς
1500 2179 1827 2250 ἀρχομένοις

231 2261 410 2331 πολλή
432 2278 446 2292 ·
478 2262 662 2328 καθώς
713 2280 820 2318 που
843 2265 937 2319 καί
967 2282 1054 2328 τις
1106 2266 1281 2337 μέγας
1313 2266 1604 2335 φιλόσοφος
1653 2271 1827 2335 ἐγνω-

234 2356 514 2429 μάτευσεν
540 2356 764 2428 ἄριστα,
833 2360 954 2413 τότε
986 2377 1113 2424 τους
1142 2360 1423 2430 ὑπηκόους
1439 2355 1499 2416 εὖ
1523 2362 1669 2430 ἔχειν
1687 2362 1826 2415 ἀπο-

231 2447 580 2516 φηνάμενος,
626 2448 720 2503 ὅτε
772 2447 1055 2519 βασιλεύει
1107 2449 1494 2526 φιλόσοφος,ἢ
1540 2453 1828 2524 φιλοσοφεῖ

232 2538 521 2608 βασιλεύς.

307 2832 375 2887 δη
406 2832 517 2887 Καὶ
566 2834 636 2888 ἶν’
668 2834 811 2889 εῐπω
863 2837 1149 2904 συντόμως
1188 2836 1251 2892 τὺ
1283 2838 1415 2904 πᾶν,
1461 2837 1564 2893 οὐκ
1605 2837 1736 2895 ἄλλο
1769 2857 1824 2893 τι

228 2925 359 2979 ἐστὶ
388 2925 450 2979 τὸ
477 2925 791 2995 βασιλεύειν
823 2929 1273 3000 ἔπιστημονικῶς
1304 2933 1339 3004 ἢ
1365 2932 1466 3001 τῆς
1504 2933 1823 3004 πρακτικῆς

231 3019 567 3090 φιλοσοφίας
584 3021 717 3074 αὐτὸ
747 3022 808 3075 τὸ
840 3024 1166 3092 ἀκρότατον.
1207 3023 1295 3077 Ἐν
1341 3023 1492 3094 αὐτῷ
1537 3026 1646 3097 γὰρ
1675 3025 1824 3081 ἅπαν

230 3114 299 3164 τὸ
356 3113 713 3183 νομοθετικόν
765 3134 825 3169 τε
869 3117 965 3171 καὶ
1027 3117 1360 3172 δικαστικόν.
1410 3117 1474 3172 El
1525 3118 1582 3172 δὲ
1638 3119 1816 3189 τοῦτο,

236 3205 385 3271 μετὰ
422 3205 516 3259 τοῦ
547 3204 895 3278 θεωρητικοῦ
922 3224 985 3261 τε
1033 3207 1130 3261 καὶ
1181 3206 1405 3276 λογικοῦ
1432 3209 1525 3261 καὶ
1551 3210 1608 3262 ὲν
1639 3209 1813 3279 πράγ-

1928 680 2344 738 lroduceremur
2392 687 2449 734 et
2499 676 2676 748 ignari
2742 691 2987 732 essemus
3046 676 3289 747 (quales
3342 676 3504 732 etiam

1926 772 2190 841 deinceps
2221 785 2285 825 ex
2325 770 2485 826 solita
2522 767 2850 824 remissione
2875 776 2932 823 et
2965 767 3221 839 squalore
3252 783 3508 841 perman-

1925 864 2121 931 simus)
2156 863 2234 918 sic
2266 861 2477 934 praafati
2515 861 2814 917 edidimus.

1997 957 2053 1011 2.
2095 955 2268 1027 Regni
2323 963 2378 1010 et
2418 955 2779 1026 philosophiae
2816 955 2988 1010 multa
3036 964 3120 1010 est
3164 956 3418 1026 cognatio
3454 967 3511 1011 et

1927 1048 2343 1105 convenientia.
2377 1048 2554 1104 Ambo
2597 1049 2744 1104 enim
2789 1048 2964 1104 divini
3005 1048 3221 1119 imperii
3256 1049 3511 1117 majesta-

1928 1152 2034 1198 tem
2085 1141 2239 1212 quasi
2289 1141 2348 1197 in
2392 1140 2567 1213 efﬁgie
2625 1150 3057 1211 representant,
3096 1150 3150 1196 et
3184 1156 3370 1210 parem
3406 1141 3506 1195 sibi

1927 1253 2152 1307 secpum
2198 1242 2546 1308 proponunt;
2583 1250 2706 1290 cum
2740 1234 2871 1290 illud
2901 1236 3123 1304 quidem
3152 1234 3510 1305 dignitatibus

1926 1329 2221 1385 antecedat
2249 1338 2303 1385 et
2335 1329 2700 1399 potestatibus
2740 1328 2974 1399 imperet
3007 1344 3022 1381 :
3058 1326 3174 1382 haec
3205 1337 3383 1381 autem
3422 1344 3510 1382 ar-

1928 1423 2074 1479 tibus
2103 1432 2155 1477 et
2193 1422 2440 1478 scientiis
2472 1437 2597 1478 cum
2633 1421 2866 1492 imperio
2905 1420 3127 1491 prasit,
3169 1421 3362 1489 hisque
3393 1436 3510 1475 om»-

1925 1515 2088 1571 nibus
2134 1515 2281 1585 leges
2334 1514 2689 1584 praescribat;
2746 1528 2814 1569 ac
2858 1513 2928 1569 ob
2963 1512 3016 1569 id
3061 1528 3151 1567 ars
3200 1512 3403 1567 artium
3452 1522 3507 1565 ct

1925 1606 2159 1661 scientia
2206 1604 2564 1661 scientiarum
2599 1613 2873 1671 vocetur;
2914 1602 3376 1673 quemadmodum
3419 1618 3502 1655 re-

1924 1714 2092 1770 gnnm
2142 1698 2384 1771 dignitas
2444 1697 2772 1769 dignitatum
2807 1706 2862 1752 et
2905 1694 3334 1751 etninentiarum
3373 1692 3541 1747 cnii-.

1925 1797 2137 1851 nentia.

1999 1889 2055 1944 5.
2095 1888 2330 1956 Quando
2365 1887 2597 1959 proinde
2633 1902 2859 1958 regnum
2891 1895 2948 1942 et
2982 1885 3328 1957 philosophia
3362 1883 3509 1940 coie-

1932 1982 2083 2049 rint,
2128 1980 2263 2037 tum
2293 1982 2549 2054 imaginis
2593 1978 2790 2036 divinae
2833 1979 3100 2051 perfectio
3148 1975 3509 2048 exprimitur,

1931 2075 2223 2146 omnisque
2256 2075 2571 2144 indigentire
2600 2088 2831 2141 expers,
2851 2081 3118 2143 quantum
3151 2081 3207 2127 et
3240 2079 3510 2142 quatenus

1932 2168 2141 2222 homini
2195 2167 2515 2237 contingere
2566 2166 2618 2237 3
2665 2173 2884 2237 potest,
2936 2162 3227 2234 imperium
3279 2162 3510 2216 demon-

1930 2267 2175 2324 stratur,
2224 2271 2389 2330 atque
2434 2258 2567 2314 hinc
2614 2258 2780 2313 etiam
2822 2255 3186 2312 ad'subditos
3226 2254 3508 2309 beatitudo

1936 2352 2056 2408 ritas
2088 2363 2141 2408 et
2182 2368 2363 2409 rerum
2411 2351 2773 2425 regendarum
2825 2350 3163 2420 prosperitas
3208 2347 3514 2403 derivatur.

1928 2447 2402 2515 Quemadmodum
2436 2448 2601 2503 etiam
2633 2445 2835 2502 alicubi
2869 2460 3103 2516 magnus
3130 2443 3349 2514 quidam
3383 2442 3507 2512 phi-

1934 2543 2201 2613 losophus
2246 2544 2452 2614 Optime
2494 2540 2746 2606 censuit,
2793 2540 2888 2610 qui
2931 2538 3344 2610 pronuntiavit,
3380 2545 3509 2590 tunc

1928 2634 2068 2690 bene
2086 2650 2212 2690 cum
2245 2635 2483 2690 subditis
2503 2644 2683 2689 actum
2706 2631 2795 2700 iri,
2813 2646 2939 2686 cum
2963 2631 3103 2701 regit
3128 2628 3507 2700 philosophus,

1928 2734 2023 2778 aut
2058 2740 2151 2780 rex
2185 2725 2625 2796 philosophatur.
2700 2716 2703 2717 ⁷

2001 2840 2058 2894 4.
2101 2840 2305 2909 Atque,
2340 2848 2400 2894 ut
2433 2840 2673 2896 breviter
2702 2855 2816 2895 rem
2845 2852 3063 2893 omnem
3094 2837 3295 2901 dicam,
3327 2837 3514 2893 sciem

1928 2943 2009 2990 ter
2044 2949 2237 3005 regere
2267 2934 2404 2989 nihil
2436 2945 2520 2989 est
2549 2934 2696 2990 aliud
2728 2920 2889 3004 quam
2926 2932 3115 2987 activa:
3148 2929 3511 3002 philosoyhia

1925 3046 2201 3086 summum
2258 3028 2559 3100 fastigium.
2622 3029 2683 3084 In
2741 3028 2858 3100 ipsa
2904 3026 3048 3083 enim
3105 3026 3284 3080 omnis
3325 3024 3508 3093 legum

1926 3121 2278 3179 ferendarum
2331 3131 2389 3178 et
2442 3122 2771 3193 iudiciorum
2830 3121 2973 3176 ratio
3027 3118 3298 3175 consistit.
3354 3116 3508 3184 Quod

1925 3229 2047 3269 cum
2081 3214 2157 3269 ita
2183 3214 2276 3278 sit,
2305 3223 2620 3286 comparata
2658 3215 2881 3285 insuper
2911 3223 2967 3268 et
2996 3210 3432 3281 contemplativa
3456 3219 3510 3263 ct

237 3312 381 3364 μασι
433 3299 526 3350 καὶ
568 3297 805 3366 δόγμασι
861 3299 1165 3369 βασιλικῶς
1213 3302 1575 3372 ὲπιστατήσει
1606 3302 1636 3355 ό
1670 3303 1822 3373 βασι-

1936 3306 2213 3362 rationalis
2254 3306 2613 3376 philosonhias
2643 3307 2956 3378 cognitione
2981 3343 2997 3369 ,
3045 3320 3140 3360 rex
3175 3313 3233 3359 ut
3271 3318 3398 3374 rege
3428 3302 3513 3357 di-

230 3390 371 3453 λεύς
394 3405 409 3420 ο
446 3392 542 3444 καὶ
569 3391 630 3444 τὸ
660 3393 1028 3463 προνοητικὸν
1054 3393 1150 3447 καὶ
1203 3393 1691 3463 διακυϐερνητικδν
1729 3394 1821 3448 καὶ

230 3486 378 3549 ελως
404 3484 467 3538 τὸ
502 3485 856 3540 παιδευτικὸν
884 3486 1182 3554 ἐνδείξεται
1213 3486 1517 3556 πανταχοῦ,
1574 3488 1670 3541 καὶ
1701 3486 1824 3565 θεός

229 3595 322 3637 τις
352 3577 512 3643 ἄλλος
545 3580 637 3631 ἐπὶ
675 3581 780 3650 γῆς
803 3578 1186 3650 εὑρεθήσεται,
1215 3581 1355 3649 μετὰ
1375 3580 1473 3650 τῆς
1503 3579 1615 3633 τῶν
1646 3579 1823 3635 ὄντων

229 3669 494 3740 γνώσεως
523 3671 818 3738 ἀκωλύτως
847 3673 959 3729 τῶν
976 3663 1427 3744 καταδεεστέρων
1450 3672 1823 3745 ἐπιμελούμε-

232 3784 354 3831 νος.

305 3974 373 4024 ε’.
405 3967 683 4024 Ταῦτόῦν
703 3967 879 4040 όὲμδς
898 3968 1265 4041 αὐτοκράτωρ
1296 3969 1479 4037 εἰδὼς,
1505 3970 1591 4025 ὄτι
1617 3968 1825 4043 πολλὴν

228 4060 369 4130 περὶ
421 4060 749 4130 φιλοσοφίαν
803 4060 1018 4128 είσάγει
1073 4059 1335 4131 σπουδὴν,
1388 4061 1505 4123 τοῖς
1567 4062 1824 4130 φυσικοῖς

228 4154 688 4222 πλεονεκτήμασι
718 4153 818 4223 τὴν
852 4153 982 4225 περὶ
1027 4154 1095 4207 τὰ
1131 4151 1398 4207 κάλλιστα
1434 4151 1669 4223 μελέτην
1697 4153 1824 4207 ἔπι-

231 4246 557 4312 συνάπτων,
589 4246 648 4313 ἐξ
672 4239 748 4301 ὧν
782 4244 919 4315 ὁμοῦ
969 4246 1215 4317 πέφυκεν
1246 4245 1480 4311 ἐντελῶς
1522 4246 1824 4316 κατορθοῦ-

233 4342 368 4396 σθαι
400 4341 509 4395 πᾶν
535 4339 699 4412 ἔργον
726 4340 932 4412 τίμιον.

312 4538 392 4605 ς’.
424 4539 580 4613 Ἐπεὶ
612 4539 670 4594 δὲ
702 4540 798 4595 καὶ
836 4540 986 4611 ἡμᾶς
1015 4540 1142 4603 τοὺς
1178 4543 1415 4612 μικροὺς
1448 4544 1652 4613 μικράν
1701 4562 1823 4599 τινα

1933 3414 2102 3468 gnum
2133 3408 2218 3455 est
2250 3407 2306 3454 et
2335 3399 2546 3470 agendo
2581 3409 2637 3455 et
2668 3399 3014 3455 decernendo
3046 3396 3265 3469 praeerit
3292 3405 3349 3451 et
3379 3410 3510 3466 pro-

1924 3491 2223 3546 videntiam
2257 3506 2320 3548 ac
2352 3491 2693 3565 gubernandi
2728 3490 3115 3547 dexteritatem
3154 3500 3210 3545 et
3258 3504 3361 3560 per
3389 3503 3512 3544 ont-

1925 3582 2018 3636 nia
2049 3583 2414 3639 eruditionem
2461 3583 2666 3651 ubique
2699 3583 2992 3645 ostendet,
3026 3591 3080 3635 et
3116 3580 3255 3635 alter
3287 3578 3510 3650 quidam

1925 3675 1983 3731 in
2022 3685 2168 3731 terra
2209 3676 2363 3733 deus
2390 3675 2840 3748 deprehendetur
2863 3713 2878 3739 ,
2915 3686 2975 3730 ut
3014 3673 3107 3744 qui
3145 3688 3268 3729 cum
3303 3673 3509 3727 entiunt

1926 3768 2240 3839 cognitione
2284 3767 2423 3823 citra
2475 3756 2929 3837 impedimentum
2978 3766 3141 3821 etiam
3190 3764 3510 3820 inferiorum

1926 3875 2112 3916 rerum
2143 3876 2334 3916 curam
2370 3860 2657 3930 suscipiat.

2000 3976 2056 4031 5.
2098 3973 2225 4033 Haec
2270 3975 2458 4051 )gitur
2519 3991 2643 4033 cum
2706 3976 2876 4031 sciret
2941 3974 3237 4045 imperator
3302 3988 3510 4041 meus,

1926 4068 2164 4125 maxima
2213 4068 2282 4125 ad
2332 4068 2744 4140 philoSOphiam
2790 4067 3062 4123 incumbit
3095 4068 3372 4138 diligentia
3400 4109 3414 4134 ,
3457 4077 3515 4123 et

1928 4174 2051 4215 cum
2087 4158 2486 4215 excellentibus
2533 4168 2744 4214 natura:
2792 4157 3003 4214 notitiis
3034 4159 3366 4229 optimorum
3397 4168 3513 4212 stu-

1928 4252 2144 4308 diorum
2202 4253 2657 4321 exercitationcm
2717 4252 3047 4323 coniungit,
3101 4251 3302 4323 quibus
3350 4251 3513 4308 simul

1924 4341 2134 4414 junctis
2167 4358 2333 4400 omne
2378 4344 2672 4400 honestum
2724 4359 2861 4414 opus
2896 4343 2953 4416 4.
2983 4353 3038 4399 et
3071 4344 3347 4415 negotium
3388 4358 3516 4414 per-

1928 4435 2071 4493 fecte
2101 4444 2154 4492 et
2188 4452 2313 4493 cum
2349 4437 2510 4493 laude
2545 4437 2922 4493 administrari
2954 4436 3260 4493 consuerit.
3462 4424 3467 4427 ’

1998 4548 2055 4605 6.
2097 4549 2366 4617 Quoniam
2402 4560 2583 4606 autem
2628 4550 2796 4605 etiam
2843 4565 2944 4606 nos
2981 4569 3079 4621 pro
3115 4553 3376 4606 tenuitate
3414 4566 3514 4605 no-

230 4633 336 4684 xz‘t
358 4610 653 4700 πρόχειρον
678 4629 830 4699 αὐτῷ
862 4634 1305 4698 συνεισενεγκεῖν
1332 4632 1425 4685 τοῦ
1462 4635 1820 4705 σπουδάσμα-

1936 4649 2045 4698 stra
2095 4610 2354 4715 exiguum
2396 4643 2617 4715 aliquod
2655 4653 2712 4699 et
2757 4643 2916 4699 facile
2962 4610 3065 4699 sibi
3105 4645 3272 4714 jussit
3317 4644 3512 4700 afferre

226 4740 331 4786 τος
358 4721 652 4776 ἐκέλευσεν
677 4722 960 4792 ἀφορμὴν,
990 4721 1445 4792 ἁποπληροῦντες
1484 4724 1584 4795 τὴν
1636 4728 1822 4780 κέλευ-

1936 4736 2186 4806 opusculi
2219 4737 2524 4792 subsidium
2558 4755 2572 4803 ;
2615 4745 2677 4793 ut
2705 4738 2961 4792 mandato
2989 4737 3112 4805 ejus
3154 4751 3469 4806 pareremus
3493 4775 3509 4800 .

228 4832 323 4869 σιν
355 4817 483 4878 τοὺς
513 4815 995 4884 ὑποτεταγμένους
1044 4818 1387 4885 εἰσαγωγοὺς
1416 4819 1473 4871 ὲν
1526 4820 1825 4892 φιλοσοφίᾳ

224 4907 361 4961 κατ’
387 4907 666 4977 ἐπιτομὴν
726 4906 1102 4978 συνετάξαμεν
1149 4908 1367 4977 ὀλίγους
1409 4909 1827 4983 ύπομνηματισ..

229 4999 400 5072 μούς.

304 5113 374 5180 ζ’.
412 5114 576 5170 Ὀοεν
608 5115 665 5169 εἴ
693 5134 777 5181 τις
798 5118 910 5171 τῶν
939 5117 1327 5190 ἐπιστημόνων
1355 5119 1418 5172 τὸ
1446 5119 1621 5193 παρδν
1651 5122 1818 5193 ἐπέρ-

220 5226 383 5281 χοιτο
421 5212 828 5280 συνταγμάτων
861 5211 938 5283 μὴ
981 5212 1121 5283 πρὸς
1171 5212 1232 5267 τὸ
1281 5212 1384 5284 τῆς
1430 5214 1821 5285 ύπομνηματίτ

222 5319 375 5365 σεως
409 5303 773 5373 ἀμεθόδευτον
824 5305 1005 5359 καὶτὸ
1034 5306 1143 5359 τῶν
1188 5306 1527 5361 επιστασιῶν
1580 5309 1820 5362 ἀκατευ-

222 5396 502 5467 στόχητον
532 5397 754 5467 ἀφορῶν
794 5396 1126 5466 όργιζισθω.
1178 5398 1288 5451 Καὶ
1351 5399 1459 5472 γὰρ
1490 5399 1519 5453 ὃ
1585 5399 1815 5467 δέδοται,

214 5488 394 5544 τοῦτο
416 5494 511 5544 και
541 5490 760 5562 εἴρηται
808 5491 906 5545 καὶ
932 5490 1010 5554 ὡς
1045 5490 1278 5547 δέδοται.
1327 5491 1397 5547 ‘0
1428 5492 1538 5563 δὲή
1572 5492 1823 5558 σύνοικος

219 5580 466 5651 ἀμέλεια
522 5583 618 5635 καὶ
693 5583 728 5653 ἡ
784 5582 1099 5654 ἀκαθαρσία
1163 5583 1371 5654 φθάσαι
1438 5586 1822 5641 κεκωλύκασιν

217 5674 404 5745 ἡμᾶς,
447 5675 513 5727 ὲκ
556 5672 660 5740 τῆς
693 5674 1107 5738 πλουτοδότιδος
1149 5674 1480 5749 φιλοσοφίας
1511 5681 1821 5750 εἰσφερέτω

218 5764 366 5837 παρ’
390 5765 590 5820 ἑαυτοῦ
622 5767 652 5819 ό
699 5766 1007 5840 ἠξιωμένος
1041 5770 1252 5841 λαϐεῖν,
1275 5775 1375 5846 τῆς
1428 5792 1487 5829 τε
1520 5775 1816 5845 ἀνεπιστη-

221 5857 485 5931 μοσύνης,
505 5863 938 5929 συγγινωσκέτω
959 5864 1114 5932 ἡμῖν.

1923 4829 2206 4897 subjectas
2233 4830 2286 4884 in
2320 4828 2727 4900 philosophiam
2757 4828 3199 4900 compendiarias
3228 4829 3512 4886 introduc-

1926 4922 2133 4988 tiones,
2166 4922 2397 4996 exignos
2426 4923 2877 4989 commentarios,
2914 4923 3342 4992 composuimus.

2002 5129 2056 5183 7.
2096 5127 2280 5195 Quare
2321 5128 2367 5183 si
2417 5128 2543 5198 quis
2573 5129 2856 5183 doctorum
2906 5126 2963 5182 in
3017 5142 3257 5198 praesens
3310 5126 3516 5184 incide;

1927 5222 2282 5292 opusculum,
2316 5237 2386 5276 ne
2415 5220 2483 5276 ad
2520 5219 3005 5275 commentationis
3039 5219 3513 5289 indispositionem

1925 5326 1983 5370 et
2035 5324 2449 5385 praceptorum.
2488 5318 2672 5369 minus
2755 5323 3070 5368 accuratam
3147 5307 3531 5384 solet-temque

1924 5406 2311 5461 dexteritatem
2350 5405 2654 5476 respiciens
2700 5405 2989 5462 irascatur.
3027 5404 3184 5472 Quod
3232 5405 3381 5460 enim
3416 5409 3515 5461 da-

1926 5510 2038 5556 tum
2072 5508 2196 5563 est,
2241 5499 2293 5555 id
2331 5500 2497 5554 etiam
2538 5499 2744 5554 dictum
2793 5508 2917 5563 est,
2969 5507 3026 5554 et
3070 5507 3129 5553 nt
3174 5501 3358 5553 datum
3403 5507 3511 5554 est.

1924 5593 2078 5660 Quod
2106 5601 2291 5648 autem
2321 5592 2654 5662 negligentia
2681 5591 2844 5668 nobis
2868 5592 3152 5646 latitiliaris
3175 5603 3231 5646 et
3256 5580 3527 5661 int-spur?

1922 5686 2030 5757 gati
2076 5686 2245 5741 animi
2279 5685 2561 5741 crassities
2595 5686 2817 5757 assequi
2853 5683 3299 5755 prohibuerunt,
3342 5701 3406 5741 ex
3448 5686 3505 5737 li-t

1918 5776 2261 5834 beralissimo
2294 5776 2656 5848 philosophia
2688 5793 2831 5848 penu
2871 5779 3014 5833 ultro
3046 5778 3152 5833 huc
3178 5819 3192 5843 ,
3233 5778 3324 5846 qui
3356 5778 3508 5846 eripit

1928 5869 2148 5925 auferre
2171 5910 2188 5936 ,
2225 5868 2440 5936 afferat,
2472 5879 2525 5927 ct
2560 5880 2767 5927 nostra:
2798 5871 3115 5941 ignorantiae
3150 5870 3359 5925 veniam
3402 5868 3507 5922 im-

1928 5996 1941 6030 ι
1962 5970 2151 6019 crint.
