3876 6364
279 354 393 423 693

1587 365 1932 429 ΕΡΙΤΟΜΕ
1956 371 2115 435 Ἰδοε
2128 373 2272 438 ICA.‘

3438 378 3571 448 σοι

279 472 361 537 ὥς
384 473 543 540 γένος
572 472 850 543 ιῐληπταιο
885 474 944 529 τδ
972 475 1029 531 δὲ
1057 477 1391 550 σύντομος,
1447 481 1542 536 καὶ
1587 483 1648 536 τὸ
1678 481 1868 550 δηλω-

1979 495 2090 539 ιιιηι
2125 496 2210 541 est
2242 503 2256 542 :
2289 498 2345 544 at
2376 489 2439 543 τὸ
2468 492 2692 550 concisa
2720 501 2775 550 et
2797 493 2859 549 τὸ
2885 494 3446 555 declarans-naturam
3467 490 3549 553 rei

282 561 457 629 τικὸς
486 563 587 631 τῆς
622 563 842 633 φύσεως
869 566 962 620 τοῦ
1004 567 1370 640 ὑποκειμένου
1406 572 1757 644 πράγματος,
1791 574 1868 637 ὡς

282 652 547 724 διαφοραὶ
570 658 921 713 συστατικαί.

361 742 425 797 δ’.
456 745 631 813 Λόγος
659 747 842 801 τοίνυν
867 749 1083 818 εἴρηται
1116 753 1143 804 6
1172 750 1402 822 ὁρισμὸς
1454 751 1591 822 πρὸς
1630 752 1866 805 ἀντιδια-

284 837 481 907 στολὴν
514 837 606 891 τοῦ
658 840 946 909 ὀνόματος·
1001 844 1084 897 ὅτι
1135 843 1195 896 τὸ
1229 843 1330 911 μὲν
1381 843 1553 913 ὄνομα
1584 844 1688 898 κᾶν
1718 846 1869 899 612m-

284 931 415 986 σοῦν
446 935 693 1007 σημαίνῃ
727 935 893 1003 φύσιν
927 938 1255 1007 πράγματος
1307 937 1404 991 καὶ
1449 938 1603 998 αὐτὸ,
1632 937 1750 991 ἀλλ’
1772 935 1867 992 οὖν

281 1028 349 1080 ἐκ
381 1029 507 1093 uti:
536 1027 838 1089 συνέστηκε
868 1027 1091 1097 λέξεωςο
1126 1029 1154 1081 6
1186 1027 1243 1082 δὲ
1274 1028 1437 1095 λόγος
1453 1029 1518 1083 ὲκ
1547 1028 1641 1082 δύο
1666 1029 1865 1095 λέξεων

277 1124 341 1175 τὸ
378 1124 684 1192 ἐλάχιστον.

354 1219 417 1269 ε’.
446 1215 723 1283 Σύντομος
756 1216 835 1283 δὲ,
865 1216 953 1271 διά
991 1233 1050 1270 τι
1085 1217 1216 1281 τοὺς
1242 1215 1443 1282 ἄλλους
1470 1217 1721 1289 μακροὺς
1769 1217 1864 1272 καὶ

280 1309 413 1369 τοὺς
443 1308 757 1374 διεξοδικῶς
786 1311 915 1381 περὶ
948 1308 1167 1380 φύσεως
1186 1310 1531 1383 πραγμάτων
1561 1307 1865 1382 διαλαμϐά-

283 1419 500 1464 νοντας.

354 1498 430 1559 ς’.
483 1494 638 1548 Ἐπεὶ
679 1493 736 1547 δέ
772 1494 879 1547 εισι
915 1494 1064 1563 λόγοι
1093 1494 1350 1565 σύντομοι
1382 1494 1475 1549 καὶ
1518 1494 1618 1550 οὐκ
1648 1492 1786 1548 είσὶν
1813 1495 1863 1549 οε

279 1585 516 1639 τοιοῦτοι
565 1588 811 1657 ὁρισμοὶ.
859 1586 1025 1656 φύσιν
1056 1592 1386 1659 πράγματος
1424 1587 1499 1659 μὴ
1548 1585 1859 1658 δηλοῦντες.

277 1673 371 1730 οἷα
402 1678 497 1730 καὶ
518 1676 589 1730 τά
611 1678 1014 1747 ἀποφθέγματα
1031 1695 1047 1711 ⁸
1076 1679 1158 1745 τδ,
1183 1679 1357 1734 Γνῶθι
1387 1679 1606 1742 σαυτὸν,
1634 1678 1719 1746 τὸ,
1739 1678 1863 1747 Μη-

279 1770 369 1823 δὲν
398 1769 561 1837 άγαν,
578 1770 674 1823 καὶ
693 1770 762 1823 τὰ
781 1770 1006 1823 τοιαῦτα
1022 1786 1036 1801 ο
1060 1769 1150 1824 διὰ
1170 1770 1331 1824 τοῦτο
1348 1769 1655 1842 προσετέθη
1680 1770 1741 1824 τὸ
1761 1769 1864 1838 δη-

1974 577 2257 647 subjcctze,
2298 589 2358 634 ut
2390 581 2713 641 diﬁerentite
2745 586 3165 645 constituentes.

2046 765 2102 819 4.
2138 763 2395 822 Deﬁnitio
2439 766 2601 838 igitur
2647 771 2823 827 oratio
2852 771 2996 829 dicta
3026 781 3132 837 est,
3163 783 3221 828 ut
3253 787 3286 828 a
3320 773 3550 828 nomine

1974 857 2626 929 contradistingueretur;
2652 862 2795 933 quod
2816 859 2944 919 licet
2960 880 3161 920 nomen
3179 864 3356 934 ipsum
3380 864 3545 920 etiam

1924 959 1936 968 '
1971 964 2194 1019 quoquo
2214 950 2378 1005 modo
2408 962 2658 1007 naturam
2688 954 2762 1006 rei
2796 953 3089 1025 signiﬁcet,
3125 969 3189 1009 ex
3226 970 3331 1009 una
3360 964 3559 1011 tamen

1972 1038 2211 1095 dictione
2237 1051 2452 1097 constat
2484 1057 2497 1092 :
2533 1043 2710 1099 oratio
2738 1054 2919 1101 autem
2948 1045 3252 1102 ex'duabus
3277 1046 3343 1100 ad
3375 1046 3539 1102 mini-

1970 1146 2119 1185 mum
2150 1133 2485 1190 dictionibus
2510 1135 2818 1193 conﬁcitur.

2041 1223 2097 1279 5.
2137 1222 2368 1279 Concisa
2412 1240 2576 1295 porro
2608 1239 2664 1282 et
2699 1236 2925 1299 propter
2953 1227 3087 1284 alias
3114 1227 3307 1299 longas
3338 1229 3547 1284 oratiu-

1964 1327 2086 1379 ncs,
2118 1325 2171 1369 et
2220 1331 2312 1371 eas
2366 1332 2489 1386 quae
2528 1315 2662 1373 fusa:
2704 1318 3061 1390 pluribusque
3118 1320 3435 1391 ambagibus
3479 1317 3551 1376 de

1971 1421 2153 1460 rerum
2186 1415 2378 1462 natura
2402 1409 2726 1478 disceptant.

2039 1498 2094 1554 6.
2123 1498 2574 1572 Quandoquidem
2611 1514 2791 1558 autem
2824 1504 3059 1560 concisse
3088 1513 3214 1559 sunt
3249 1504 3546 1570 orationes,

1964 1601 2157 1646 etnon
2210 1601 2393 1648 tamen
2446 1594 2815 1664 deﬁnitiones,
2845 1596 3047 1667 quippe
3081 1612 3204 1667 qum
3251 1595 3331 1651 rei
3381 1606 3553 1652 ηοω(

1967 1697 2083 1737 ram
2111 1697 2218 1738 non
2240 1684 2544 1751 declarant,
2566 1694 2626 1741 ut
2651 1687 3270 1760 suntapophthegmata,
3288 1687 3351 1742 τὸ
3375 1687 3551 1745 Nosce

1966 1774 2224 1846 teipsum,
2241 1778 2303 1831 τδ
2321 1776 2400 1833 Ne
2417 1779 2545 1848 quid
2576 1779 2759 1846 nimis,
2774 1786 2830 1834 et
2859 1779 3234 1850 hujuscemodi
3255 1796 3271 1834 :
3292 1787 3546 1850 propter.

279 1866 535 1930 ,ποτικὸς
554 1865 652 1935 τῆς
681 1865 899 1934 φύσεως
924 1865 1020 1918 τοῦ
1046 1865 1412 1934 ὑποκειμένου
1437 1864 1788 1937 πράγματος.

1979 1886 2020 1924 :a
2047 1844 2335 1941 adjectum
2363 1844 2544 1938 est,1:b
2566 1844 2818 1926 naturam
2844 1844 3103 1943 subjectae
3132 1873 3211 1929 rei
3241 1844 3544 1929 declarans.

355 1958 422 2022 ζ.
469 1958 669 2027 ’Δρετὴ
696 1960 753 2012 δὲ
786 1960 878 2013 τοῦ
917 1960 1152 2032 ὁρισμοῦ
1214 1962 1333 2015 ἔστι
1362 1960 1426 2014 τδ
1473 1960 1859 2029 άντιστρέφειν

287 2054 424 2124 προς
452 2054 514 2107 τὸ
547 2055 782 2123 ὁριστδν,
820 2051 934 2109 οἷον
981 2056 1060 2119 ὥς
1092 2058 1151 2111 ὲν
1197 2057 1582 2127 ὑποδείγματι·
1616 2055 1711 2109 τὸν
1766 2055 1864 2111 ἄν.

285 2145 505 2213 θρωπον
532 2149 805 2215 ὁρίζονται
838 2150 977 2214 ζῶον
1007 2149 1225 2218 λογικὸν
1254 2149 1454 2220 θνητὸν
1480 2148 1574 2203 νοῦ
1600 2149 1699 2203 καὶ
1734 2149 1863 2202 ὲπιι-

288 2241 503 2309 στήμης
563 2240 834 2298 δεκτικόν.
894 2244 1006 2297 Καὶ
1040 2244 1178 2310 ζῶον
1235 2245 1336 2314 μὲν
1381 2242 1640 2310 λέγουσιν
1699 2241 1864 2296 αὑτὸν

250 2380 253 2381 ν
288 2333 621 2401 χωρίζοντες
646 2335 756 2388 ἀπό
775 2352 833 2388 τι
863 2336 972 2388 τῶν
998 2332 1247 2407 ἀψύχων,
1277 2336 1371 2391 καὶ
1401 2336 1511 2392 άπὸ
1547 2336 1657 2390 τῶν
1677 2336 1866 2405 φυτῶν

287 2428 381 2479 καὶ
412 2425 523 2479 τῶν
553 2426 873 2496 ζωοφιὴων.
917 2429 1072 2483 Ἐπεὶ
1093 2431 1148 2483 δὲ
1181 2430 1240 2484 τὸ
1271 2431 1410 2495 ζῶον
1428 2433 1589 2498 γένος
1614 2431 1733 2483 ἐστὶ
1756 2427 1865 2483 τῶν

285 2520 525 2588 λογικῶν
545 2538 604 2572 τε
632 2521 788 2586 ζώων
814 2539 873 2575 τε
903 2525 999 2576 καὶ
1040 2523 1271 2592 ἀλόγων,
1322 2522 1410 2577 διὰ
1439 2522 1598 2576 τοῦτο
1640 2538 1866 2592 προστι-

288 2616 443 2669 θέασι
472 2616 568 2669 καὶ
590 2617 650 2669 τὸ
681 2614 921 2684 λογικὶν,
948 2617 1259 2681 διιστῶντες
1312 2617 1406 2670 τὸν
1438 2616 1726 2687 ἄνθρωπον
1757 2615 1868 2669 τῶν

289 2711 506 2777 ἀλόγων
531 2709 711 2775 ζώων.
749 2711 906 2764 Ἐπεὶ
933 2712 990 2765 δὲ
1023 2711 1119 2764 καὶ
1168 2711 1298 2765 τοὺς
1325 2710 1592 2778 ἀγγέλους
1627 2710 1744 2775 ζῶα
1774 2708 1866 2761 λέ-

285 2821 449 2873 γουσι
482 2804 702 2871 λογικὰ,
733 2805 870 2873 πρὸς
907 2804 1083 2857 δὲκαὶ
1113 2803 1182 2857 τὰ
1201 2803 1432 2873 οὐράνια
1468 2803 1716 2871 σώματα,
1752 2802 1866 2867 ζῶα

286 2897 485 2964 λογικὰ
509 2897 894 2967 τερατεῠονται
913 2913 928 2928 '
955 2898 1044 2951 διὰ
1073 2896 1235 2951 τοῦτο
1276 2897 1645 2967 προστιθέασι
1681 2895 1780 2949 καὶ
1803 2894 1869 2948 τὸ

293 2992 512 3064 θνιητδν,
541 2992 653 3044 ἀπὸ
688 2990 798 3045 τῶν
829 2994 954 3061 εέρη
966 2992 1143 3059 μένων
1172 2992 1265 3044 τὸν
1302 2989 1593 3059 ἄνθρωπον
1622 2989 1869 3043 διαστέλ-

289 3085 497 3150 λοντες.
516 3083 683 3137 ’Ἀλλὰ
718 3084 818 3139 καὶ
842 3086 1063 3153 νύμφας
1094 3085 1454 3155 μακραίωνας
1482 3079 1624 3137 εἶναι
1666 3081 1868 3153 μυθεύ-

2033 1962 2088 2019 7.
2112 1960 2457 2019 Deﬁnitionis
2489 1978 2653 2034 porro
2682 1963 2960 2021 virtus’est
2985 1963 3229 2020 converti
3251 1978 3378 2020 cum
3402 1964 3546 2020 deﬁ-

1963 2054 2102 2121 nito,
2132 2054 2284 2110 velut
2311 2056 2367 2109 in
2396 2055 2650 2127 exemplo
2687 2074 2703 2113 :
2741 2055 2801 2126 9
2827 2057 3108 2114 hominem
3139 2057 3405 2112 deﬁniunt
3427 2057 3547 2112 ani-

1963 2148 2072 2203 mal
2096 2147 2364 2203 rationale
2392 2148 2641 2215 mortale,
2670 2148 3056 2220 intelligentiae
3078 2158 3135 2206 et
3162 2149 3413 2205 scientias
3444 2164 3546 2205 ca-

1966 2252 2090 2309 pax.
2132 2237 2200 2293 Et
2221 2238 2419 2294 animal
2446 2239 2667 2308 quidem
2694 2239 2884 2295 dicunt
2910 2255 3041 2295 eum
3079 2256 3206 2296 cum
3252 2240 3322 2296 ab
3362 2238 3546 2295 inani-

1966 2331 2091 2397 mis,
2126 2341 2240 2386 tum
2273 2349 2300 2383 a
2328 2331 2527 2400 plantis
2561 2340 2618 2387 et
2650 2332 3172 2403 plantanimantihus
3200 2343 3546 2402 separantes.

1966 2423 2236 2487 Quoniam
2263 2434 2445 2477 autem
2477 2425 2677 2478 animal
2705 2434 2760 2479 et
2788 2425 3154 2490 rationalium,
3180 2435 3233 2479 et
3260 2424 3546 2478 irrationa-

1968 2514 2101 2569 liam
2139 2513 2459 2568 animalium
2492 2530 2665 2585 genus
2703 2524 2822 2579 est,
2867 2525 3154 2586 propterea
3183 2517 3348 2569 etiam
3386 2515 3549 2569 ratio-

1968 2608 2093 2662 nale
2123 2616 2401 2676 apponunt
2435 2645 2450 2670 ,
2490 2607 2765 2661 hominem
2797 2608 2868 2662 ab
2895 2607 3303 2663 irrationalibus
3334 2607 3542 2659 anima-

1967 2698 2111 2754 libus
2143 2700 2489 2753 dirimentes.
2521 2696 2592 2752 Et
2639 2698 2765 2768 quia
2818 2698 3039 2769 angelos
3065 2696 3320 2751 animalia
3351 2696 3543 2751 dicunt

1970 2791 2303 2859 rationalia;
2361 2797 2418 2845 et
2475 2790 2704 2860 insuper
2784 2790 2950 2846 etiam
3012 2803 3241 2859 corpora
3304 2786 3548 2843 cmlestia

1970 2883 2227 2937 animalia
2294 2897 2421 2937 esse
2473 2882 2757 2938 rationalia
2816 2881 3029 2951 ﬁngunt
3076 2896 3091 2933 :
3142 2888 3430 2950 propterea
3494 2887 3550 2934 et

1970 2978 2030 3028 τὸ
2085 2973 2321 3028 mortale
2371 2989 2397 3027 a
2428 2973 2595 3030 dictis
2653 2974 2929 3028 hominem
2961 2972 3369 3043 distinguentes
3408 2969 3548 3039 adji-

1971 3065 2145 3120 ciunt.
2187 3065 2294 3121 Sed
2340 3074 2403 3120 et
2427 3067 2698 3137 longaevas
2750 3065 3014 3136 nymphas
3064 3079 3187 3119 esse
3232 3062 3548 3119 fabulantur

288 3197 445 3233 ονται
509 3179 626 3244 ζῶα
682 3176 880 3245 λογικὰ
932 3178 1030 3231 καὶ
1097 3154 1398 3248 μακρὸὅια,
1455 3178 1608 3246 ὅμως
1679 3176 1863 3246 μέντοι

1979 3158 2231 3214 animalia
2270 3158 2559 3214 rationalia
2601 3168 2657 3214 et
2684 3158 2898 3229 longam
2926 3157 3094 3212 vitam
3126 3154 3365 3225 agentia,
3393 3169 3546 3209 mor-

290 3275 488 3345 θνητὰ,
541 3274 605 3325 ὲκ
633 3273 869 3342 φύσεως,
904 3271 1022 3324 ἀλλ’
1063 3272 1164 3325 οὐκ
1217 3273 1280 3324 ἐκ
1328 3270 1624 3341 μαθήσεως
1698 3268 1868 3339 γινώ-

291 3382 497 3421 σκοντα
543 3366 672 3429 τοὺς
699 3365 985 3435 τεχνικούς
1011 3381 1071 3418 τι
1108 3365 1297 3434 λόγους
1337 3366 1467 3428 τοὺς
1518 3368 1871 3432 ἑπιστημονι-

293 3459 450 3523 κούς.
476 3460 699 3513 Τούτων
727 3455 822 3513 οὖν
853 3460 1194 3526 ἀφιστῶντες
1241 3457 1336 3511 τδν
1368 3457 1657 3528 ἄνθρωπον
1699 3473 1871 3528 προσ-

286 3552 501 3606 τιθέασι
532 3552 615 3620 τῷ
640 3552 752 3623 ὅρῳ
798 3550 968 3605 αὑτοῦ
1008 3552 1106 3605 καὶ
1135 3552 1196 3605 τὸ
1229 3551 1343 3606 νοῦ
1374 3552 1471 3606 καὶ
1528 3550 1870 3618 ἐπιστήμης

287 3647 592 3700 δεκτικόν.
631 3647 825 3699 Ἔστιν
853 3642 948 3697 οῦν
976 3642 1131 3705 οὗτος
1157 3645 1186 3697 ὀ
1238 3645 1365 3713 ὅρος
1403 3644 1469 3697 ἐκ
1523 3642 1717 3710 γένους
1772 3640 1869 3711 μὲν

290 3738 389 3792 τοῦ
413 3738 583 3803 ζώου,
606 3739 671 3791 ἑκ
718 3738 776 3791 δὲ
824 3735 1169 3790 συστατικῶν
1195 3736 1473 3805 διαφορῶν
1507 3734 1602 3789 τοῦ
1626 3750 1687 3786 τε
1723 3733 1871 3801 λογι-

291 3833 392 3884 κλῦ
423 3831 637 3885 καὶτοῦ
670 3830 868 3900 θνητοῦ
905 3847 919 3862 ’
944 3833 1042 3885 καὶ
1077 3830 1139 3883 τὸ
1188 3828 1282 3883 νοῦ
1332 3846 1392 3882 τε
1424 3831 1518 3882 καὶ
1556 3826 1871 3895 ἐπιστήμης

290 3926 548 3978 δεκτικὸν
580 3925 712 3979 ῐδιον
747 3925 808 3979 ὃν
856 3926 953 3979 τοῦ
1002 3925 1294 3995 ἀνθρώπου
1318 3940 1332 3955 ο
1387 3923 1690 3990 συστατικῇ
1723 3920 1870 3974 ἔοικε

290 4017 530 4088 διαφορᾷ
558 4016 648 4071 διὰ
698 4024 758 4070 τὸ
787 4018 1061 4081 οὒσιωδῶς
1089 4018 1374 4087 προσεῖναι
1399 4013 1570 4083 αὐτῷ.
1607 4013 1730 4067 Elei.
1761 4011 1871 4084 γάρ

293 4112 395 4163 λαὶ
427 4109 663 4180 οὐσιώδη
696 4110 826 4172 ἴδια,
855 4111 891 4164 ἃ.
926 4127 1074 4173 τινες
1128 4108 1399 4179 διαφορὰς
1433 4105 1730 4179 μονοειδεῖς
1754 4107 1873 4158 ὀνο-

295 4202 591 4273 μάζουσιν.
631 4202 1009 4271 ’Δντιστρὲφει
1036 4200 1217 4254 τοίνυν
1245 4202 1274 4254 ὁ
1323 4198 1588 4269 δηλωθεὶς
1641 4197 1872 4267 ὁρισμὸς

294 4295 437 4363 πρὸς
470 4294 532 4346 τὸ
590 4294 830 4363 ὁριστὸν.
890 4294 1001 4346 Καὶ
1048 4296 1159 4362 γὰρ
1191 4293 1243 4345 εί
1271 4308 1325 4345 τι
1377 4291 1685 4359 ἄνθρωπος,
1712 4286 1873 4343 τοῦτο

294 4387 440 4451 ζῶον
462 4385 685 4454 λογικὸν
722 4384 915 4452 θνητὸν
947 4383 1041 4436 νοῦ
1101 4384 1195 4436 καὶ
1248 4384 1562 4452 ἐπιστήμης
1598 4381 1869 4444 δεκτικὸν,

294 4482 392 4534 καὶ
432 4479 486 4533 ει
510 4495 565 4532 τι
599 4478 740 4540 ζῶον
764 4476 979 4543 λογικὸν
1008 4475 1201 4546 θνητὸν
1257 4473 1350 4527 νοῦ
1401 4476 1494 4526 καὶ
1554 4472 1870 4540 ἐπιστήμης

293 4571 571 4638 δεκτικὸν,
594 4569 758 4625 τοῦτο
780 4567 1067 4639 ἄνθρωπός
1123 4568 1297 4620 ἐστιν.
1362 4564 1561 4633 Ἀρετὴ
1613 4562 1712 4631 μὲν
1778 4556 1872 4616 οὖν

291 4667 392 4719 τοῦ
441 4663 673 4734 ὁρισμοῦ
696 4664 758 4716 τὸ
804 4659 1187 4731 ἀντιστρέφειν
1212 4658 1349 4730 πρὸς
1380 4658 1443 4711 τὸ
1492 4656 1734 4728 ὁριστόνο
1766 4670 1872 4707 κα-

295 4759 465 4814 πξαδὲ
493 4760 553 4810 τὸ
571 4758 646 4828 μὴ
671 4756 1075 4827 άντιστρέφειν.

363 4918 432 4991 η’.
465 4918 682 4973 Γίνεται
713 4898 771 4971 δέ
805 4922 866 4971 τὸ
910 4915 984 4987 μὴ
1013 4910 1406 4982 ἀναστρέφειν
1446 4911 1480 4982 ἦ
1506 4910 1597 4965 διὰ
1625 4909 1873 4980 προσθή-

298 5032 406 5085 κην
424 5011 645 5076 λέξεων,
687 5009 720 5081 ἢ
753 5009 819 5062 δι’
844 5008 1157 5077 ἀφαίρεσιν.
1205 5005 1318 5060 Καὶ
1350 5005 1377 5057 6
1410 5002 1510 5072 μὶν
1532 5000 1644 5055 τῶν
1673 4998 1873 5065 λέξεων

299 5106 644 5175 πλεονασμὸς
681 5104 920 5174 ἔλλειψιν
948 5102 1059 5156 τῶν
1086 5102 1436 5173 πραγμάτων
1471 5096 1795 5168 ἐργάζεται,
1839 5096 1873 5165 ἡ

298 5201 357 5255 δὲ
377 5197 612 5268 ἐλλειψις
634 5197 746 5251 τῶν
766 5195 966 5261 λέξεων
997 5194 1109 5247 τῶν
1132 5192 1475 5264 πραγμάτων
1510 5186 1872 5258 πλεονασμόν.

230 5290 245 5303 ’
304 5293 416 5351 Καὶ
442 5290 618 5357 οὕτως
642 5287 1036 5360 ἀμφοτέρωθεν
1068 5288 1132 5341 εκ
1147 5303 1210 5340 τε
1240 5284 1336 5341 τοῦ
1376 5280 1724 5353 πλεονασμοῦ
1782 5281 1877 5334 καὶ

299 5390 402 5458 τῆς
451 5387 744 5454 ὲλλιίψεως
779 5383 976 5453 ἀτελὴς
1001 5382 1028 5435 ὁ
1049 5382 1174 5452 ὅρος
1199 5380 1368 5435 ἐστίν.
1404 5378 1466 5431 Ei
1506 5376 1616 5446 γὰρ
1648 5376 1742 5428 ἐπὶ
1779 5372 1874 5427 τοῦ

300 5480 448 5537 κατὰ
479 5478 572 5532 τὸν
602 5477 898 5548 ἄνθρωπον
918 5473 1156 5546 ὁρισμοῦ
1182 5471 1488 5534 πλεονάσας
1513 5485 1601 5532 τις
1628 5468 1750 5530 ταῖς
1791 5465 1879 5519 λέ-

307 5573 455 5640 ξισιν
477 5572 615 5643 ipsi,
646 5566 971 5636 Ἄνθρωπός
999 5568 1117 5619 ἐστι
1148 5564 1288 5630 ζῶον
1315 5560 1535 5631 λογικὸν
1562 5557 1758 5628 θνητὸν
1783 5554 1877 5610 νοῦ

304 5665 404 5721 καὶ
423 5662 739 5732 ἐπιστήμης
764 5658 1016 5713 δεκτικὸν
1041 5654 1436 5727 γραμματικόν
1457 5668 1476 5686 ο
1508 5649 1755 5721 ἔλλειψιν
1770 5650 1881 5703 τῶν

306 5756 653 5828 πραγμάτων
686 5753 968 5822 εποίησεν.
1008 5750 1085 5804 Οὐ
1117 5750 1326 5810 πάντας
1359 5747 1468 5817 γὰρ
1495 5745 1623 5805 τοὺς
1663 5741 1875 5812 ἀνθρὼ-

313 5868 447 5916 πους
467 5848 546 5921 τῷ
566 5849 676 5919 ὅρῳ
702 5844 1127 5917 ἐμπεριέὶαδεν,
1159 5842 1293 5898 άλλὰ
1332 5840 1525 5912 μόνους
1553 5838 1869 5907 τοῦςγραμο

1973 3253 2100 3307 talia
2122 3263 2300 3306 tamen
2321 3250 2702 3317 nihilominus;
2726 3258 2944 3316 natura,
2967 3264 3078 3305 non
3099 3263 3168 3303 ex
3192 3244 3545 3304 institutione

1972 3358 2164 3398 omnes
2194 3343 2392 3397 artium
2419 3353 2476 3399 et
2500 3343 2852 3399 scientiarum
2873 3340 3116 3397 rationes
3135 3335 3546 3410 cognoscentia.

1977 3437 2061 3489 Ah
2096 3434 2184 3489 his
2211 3436 2377 3506 igitur
2403 3435 2753 3507 sejungcntes
2780 3435 3060 3491 hominem
3091 3429 3396 3488 deﬁnitioni
3429 3426 3549 3499 ejus

1972 3528 2241 3597 adjiciunt
2270 3527 2434 3583 etiam
2488 3529 2549 3581 τὸ
2580 3527 2946 3599 intelligentiae
2976 3536 3031 3581 et
3058 3525 3303 3582 scientia
3341 3535 3536 3591 capax.

1974 3619 2226 3676 Deﬁnitio
2256 3635 2386 3692 ergo
2438 3620 2554 3676 hrcc
2591 3635 2661 3676 ex
2686 3634 2883 3691 genere
2911 3618 3157 3689 quidem,
3188 3614 3408 3672 animali
3434 3630 3452 3682 ;
3477 3628 3546 3669 ex

1973 3712 2298 3768 diﬁ‘erentiis
2331 3723 2514 3768 autem
2551 3711 3010 3769 constituentibus
3041 3710 3293 3765 rationali
3322 3718 3377 3766 ct
3400 3724 3547 3764 mor-

1976 3806 2073 3860 tali
2112 3814 2347 3862 constat.
2377 3804 2486 3861 Sed
2517 3815 2574 3860 et
2594 3806 2658 3860 τδ
2680 3804 3054 3875 intelligentia:
3089 3812 3144 3860 et
3178 3801 3427 3857 scientiae
3456 3816 3548 3856 ca-

1974 3912 2098 3967 pax,
2122 3896 2270 3966 quod
2294 3896 2533 3952 hominis
2557 3904 2641 3952 est
2667 3896 2968 3967 proprium,
2992 3892 3345 3950 constituenti
3369 3890 3549 3946 simile

1973 3996 2059 4044 est
2090 3989 2408 4045 diﬁ’erentia:
2436 4031 2452 4056 ,
2487 4000 2777 4059 propterea
2806 3989 2952 4059 quod
2997 3984 3366 4043 essentialiter
3398 3984 3549 4037 adest

1975 4080 2049 4136 ei.
2089 4081 2195 4151 ιο
2242 4079 2382 4137 Sunt
2409 4081 2556 4137 enim
2587 4080 2751 4137 etiam
2786 4080 3098 4135 essentialia
3132 4080 3351 4150 prOpria
3376 4117 3392 4144 ,
3429 4093 3548 4147 qua:

1976 4178 2141 4247 aliqui
2187 4176 2528 4232 diﬁerentias
2558 4175 2864 4237 monoides,
2899 4174 2954 4228 id
2990 4182 3119 4240 est,
3153 4171 3317 4226 unius
3348 4169 3547 4239 speciei

1933 4308 1947 4323 .
1978 4270 2287 4324 nominant.
2315 4267 2671 4324 Convertitur
2699 4283 2828 4338 ergo
2853 4265 3125 4321 declarata
3149 4261 3395 4318 deﬁnitio
3424 4275 3548 4315 cum

1979 4362 2226 4417 deﬁnito.
2264 4358 2320 4415 Si
2351 4361 2477 4430 quid
2512 4359 2657 4415 enim
2684 4359 2847 4415 homo
2879 4366 2961 4412 est
2979 4395 2999 4424 ,
3021 4355 3126 4410 hoc
3152 4351 3354 4408 animal
3384 4349 3550 4405 ratio-

1979 4454 2099 4508 nale
2139 4452 2401 4517 mortale,
2454 4450 2824 4520 intelligentiae
2851 4459 2905 4503 et
2940 4447 3181 4503 scientia:
3211 4459 3377 4513 capax
3408 4452 3493 4498 est
3524 4460 3540 4507 ;

1979 4542 2180 4598 animal
2213 4542 2492 4606 rationale,
2521 4540 2771 4605 mortale,
2815 4538 3190 4608 intelligentia:
3221 4545 3276 4589 et
3308 4534 3549 4588 scientia:

1982 4651 2178 4705 capax,
2226 4633 2329 4689 hoc
2372 4631 2537 4687 homo
2585 4641 2689 4687 est.
2752 4628 3097 4685 Deﬁnitionis
3144 4628 3307 4698 igitur
3367 4626 3545 4679 virtus

1981 4738 2083 4789 est,
2118 4741 2240 4781 cum
2270 4724 2495 4779 deﬁnito
2520 4722 2806 4790 converti;
2834 4721 3024 4776 vitium
3062 4733 3194 4775 vero
3228 4724 3313 4773 est
3338 4713 3548 4787 (deﬁni-

1984 4818 2170 4881 tionis)
2199 4832 2309 4871 non
2356 4816 2601 4872 converti
2645 4816 2801 4885 (cum
2839 4814 3122 4883 deﬁnito)".

2046 4910 2100 4966 8.
2144 4910 2339 4965 Evenit
2383 4917 2563 4964 autem
2624 4916 2683 4962 ut
2735 4920 2845 4961 non
2903 4914 3253 4961 convertatur
3294 4912 3389 4959 aut
3419 4918 3545 4975 pro-

1974 5015 2092 5074 pter
2146 5001 2471 5059 dictionum'
2502 5000 2837 5057 additionem
2888 5010 2982 5053 aut
3032 5007 3259 5070 propter
3284 4998 3537 5053 subtrac-

1974 5097 2199 5152 tionem.
2253 5095 2321 5150 Et
2372 5095 2670 5151 dictionum
2719 5092 2935 5164 quidem
2966 5090 3349 5157 redundantis,
3397 5090 3543 5146 deie-

1973 5200 2120 5244 ctum
2150 5204 2332 5244 rerum
2370 5186 2555 5252 elﬁcit,
2584 5195 2638 5242 ct
2668 5186 2749 5241 sic
2767 5194 2998 5255 utraque
3020 5198 3087 5238 ex
3112 5191 3283 5253 parte,
3308 5197 3432 5237 cum
3476 5198 3542 5236 ex

1977 5277 2340 5333 redundantia
2366 5285 2479 5331 tum
2504 5291 2569 5331 ex
2594 5274 2807 5332 defectu
2830 5272 3148 5345 imperfecta
3168 5281 3253 5328 est
3274 5271 3539 5327 deﬁnitio.

1977 5371 2033 5425 Si
2060 5370 2185 5441 quis
2213 5370 2359 5425 enim
2392 5370 2447 5425 in
2478 5368 2801 5453 deﬁnitione
2836 5367 3074 5424 hominis
3108 5365 3421 5422 redundans
3454 5365 3538 5419 ili-

1971 5461 2243 5519 ctionibus
2275 5462 2517 5531 inquiat:
2537 5460 2711 5517 Homo
2741 5468 2827 5515 est
2854 5458 3058 5514 animal
3084 5458 3370 5521 rationale,
3395 5470 3536 5510 mor-

1975 5552 2102 5619 tale,
2126 5551 2497 5623 intelligentia:
2518 5559 2574 5607 et
2600 5550 2843 5607 scientiae
2862 5566 3056 5621 capax,
3081 5548 3499 5620 grammaticum
3528 5562 3540 5597 :

1973 5644 2246 5699 defectum
2269 5659 2452 5698 rerum
2485 5642 2737 5698 admisit-
2755 5640 2942 5715 Neque
2968 5642 3117 5697 enim
3141 5639 3342 5711 siquid
3379 5638 3545 5695 homo

1982 5746 2097 5803 est,
2138 5737 2243 5792 hoc
2292 5735 2493 5791 animal
2540 5736 2825 5801 rationale,
2865 5734 3132 5801 mortale,
3169 5731 3546 5802 intelligentia:

1982 5843 2035 5887 et
2086 5829 2327 5888 scientiae
2362 5843 2561 5901 capat,
2611 5829 3025 5900 grammaticum
3074 5837 3176 5885 est.
3230 5826 3324 5883 Sin
3362 5835 3543 5881 autem
