3888 6468
387 400 496 463 703

1566 408 1993 471 NICEPHORI
2037 408 2456 474 BLEMMIDE

3541 405 3652 476 7M

387 537 601 575 canem.
644 523 830 576 Partes
897 535 1078 580 autem
1134 539 1189 581 ut
1230 544 1352 582 cum
1409 528 1663 599 γλώσσης
1713 529 1957 601 (linguai)

2082 532 2217 583 καῖον
2243 521 2339 584 πάι
2370 529 2460 581 τὸν
2504 525 2819 581 Θαλάσσιονο
2854 526 3026 580 ταῦτα
3049 526 3156 597 γὰρ
3195 526 3290 580 ’ὅλα
3320 526 3447 581 εἶσί.
3488 528 3647 597 Μέρη

384 630 585 670 nomen
621 617 688 670 de
714 623 1079 681 extremitate,
1113 621 1165 674 id
1196 631 1298 685 est,
1326 623 1550 692 lingula.
1574 621 1961 685 calceanienti;

387 711 532 761 etde
559 713 925 774 extremitate,
969 713 1019 765 id
1057 723 1157 775 est,
1196 715 1392 782 lingula
1436 717 1581 770 tibia:
1615 735 1628 780 ;
1665 727 1718 771 et
1751 717 1818 770 de
1867 733 1964 784 gu-

386 800 609 850 statoria
643 803 959 856 animalium
1010 807 1272 874 particula
1307 807 1557 871 eﬂ‘ertur,
1591 823 1709 876 quae
1757 820 1960 878 partes,

387 906 495 944 non
543 903 650 946 lota
697 905 845 949 sunt.

457 989 510 1039 8.
555 992 591 1038 Λ
623 980 923 1042 substantia
954 990 1006 1043 in
1030 990 1358 1056 accidentia,
1384 1006 1440 1047 ut
1468 1009 1590 1048 cum
1625 994 1963 1050 dixerimus:

387 1077 679 1134 liom'num
714 1081 802 1134 alii
837 1084 966 1148 albi,
1002 1083 1092 1136 alii
1117 1085 1260 1154 nigri
1294 1097 1445 1140 Sunt.

456 1263 560 1331 22
595 1262 645 1317 9.
686 1263 766 1316 Ab
797 1266 1172 1319 accidentibus
1205 1267 1259 1321 in
1288 1269 1648 1333 substantias,
1684 1279 1744 1324 ut
1787 1268 1960 1324 Albo.

384 1370 505 1408 rum
537 1356 638 1408 alia
674 1357 934 1421 animata,
969 1359 1070 1412 alia
1107 1361 1402 1414 inanimata
1448 1373 1598 1416 sunt.

458 1450 539 1502 (Ο.
584 1452 663 1502 Ab
700 1451 1072 1505 accidentibus
1127 1454 1179 1506 in
1234 1455 1560 1514 accidentia.
1598 1463 1653 1507 ut
1683 1454 1954 1510 Alborum

382 1541 484 1594 aiia
513 1543 710 1599 calida.
747 1545 850 1597 alia
891 1544 1085 1612 frigida
1119 1557 1267 1609 sunt,
1304 1547 1472 1600 calida
1503 1549 1744 1616 quidem,
1792 1557 1851 1601 ut
1907 1547 1961 1601 in

383 1635 529 1687 calce
566 1635 684 1687 viva
723 1635 954 1704 ;frigida
996 1653 1141 1696 vero,
1176 1647 1234 1691 ut
1268 1638 1322 1690 in
1364 1639 1489 1693 nive
1527 1637 1732 1708 (videre
1765 1638 1892 1709 est).

457 1820 540 1874 ll.
582 1819 874 1875 Sciendum
911 1835 1090 1877 autem
1125 1825 1269 1893 quod
1318 1825 1461 1880 modi
1525 1825 1774 1880 divisorii
1833 1840 1961 1893 pro-

383 1915 502 1980 prie
534 1915 643 1967 sint
677 1924 785 1968 tres
822 1931 837 1969 :
865 1932 892 1968 a
929 1934 1123 1985 genere
1154 1936 1207 1972 ιιι
1257 1921 1486 1987 species,
1519 1935 1548 1973 a
1576 1920 1705 1974 totis
1739 1920 1790 1973 in
1838 1936 1962 1988 paro

383 2015 486 2069 tes,
527 2017 582 2060 et
619 2024 646 2059 a
675 2023 805 2061 voce
864 2011 1198 2080 homonyma
1229 2011 1284 2065 in
1343 2014 1556 2068 diversa
1614 2012 1916 2082 signiﬁcata
1947 2031 1961 2067 :

381 2102 560 2154 (τριετῆ
595 2112 774 2156 autem
809 2102 949 2156 modi
1003 2103 1174 2172 magis
1220 2104 1444 2159 abusive
1478 2105 1728 2160 divisorii
1786 2103 1968 2157 nomi-

381 2201 606 2247 nantur.

459 2285 546 2339 12.
587 2286 627 2338 Α
659 2287 948 2354 speciebus
973 2288 1118 2341 enim
1151 2287 1208 2342 in
1246 2287 1526 2342 individua
1576 2303 1684 2342 non
1715 2299 1797 2341 est
1825 2288 1968 2341 divi-

380 2379 486 2444 sio,
537 2379 630 2432 sed
663 2382 1028 2435 enumeratio.
1066 2381 1348 2436 lndividua
1389 2383 1536 2435 cnim
1569 2396 1693 2435 cum
1752 2381 1962 2435 inlinita

381 2474 511 2533 sint.
545 2472 800 2526 divisioni
832 2473 1028 2542 subjici
1087 2489 1198 2527 non
1253 2483 1506 2543 possunt.

456 2566 543 2618 l3.
582 2564 691 2620 Sed
742 2581 845 2619 nec
877 2567 944 2619 ab
990 2567 1369 2622 aecidentibus
1420 2569 1473 2621 in
1513 2570 1854 2623 substantias
1908 2570 1965 2624 fit

379 2657 599 2712 divisio.
632 2656 734 2724 Qui
760 2660 905 2712 enim
937 2658 1068 2714 dicit
1126 2661 1375 2714 alborum
1418 2663 1521 2715 alia
1568 2663 1829 2722 animata,
1858 2665 1964 2718 alia

382 2749 687 2803 iaanimata
721 2765 862 2812 esse,
891 2751 1044 2819 quasi
1085 2767 1112 2804 a
1150 2753 1471 2821 corporibus
1502 2769 1624 2821 quae
1654 2755 1962 2808 albedinem

381 2852 738 2911 receperunt,
767 2858 888 2910 quae
921 2843 1243 2898 substantia:
1274 2853 1422 2907 sunt,
1475 2845 1798 2898 divisionem
1847 2848 1932 2902 cﬂi
1953 2880 1964 2890 -

380 2943 474 2991 cit
537 2938 728 3006 Neque
779 2939 923 2992 enim
987 2938 1246 2992 accidens
1297 2937 1349 2990 in
1403 2939 1740 2992 substantias
1797 2941 1963 2994 dividi

381 3041 581 3100 p-lll'si,
613 3032 734 3100 quia
767 3031 908 3098 quod
945 3041 1004 3085 ut
1055 3046 1142 3086 res
1175 3031 1454 3094 dividitur,
1501 3030 1555 3084 in
1601 3032 1799 3086 similia
1850 3035 1967 3088 vult

383 3125 572 3189 dividi,
599 3141 703 3178 non
735 3127 788 3180 in
808 3124 1114 3180 dissimilia.

459 3216 540 3270 14.
582 3216 766 3286 Neque
800 3233 932 3273 vero
963 3220 1125 3272 etiam
1161 3235 1190 3272 a
1223 3220 1533 3277 substantia
1562 3221 1615 3276 in
1654 3221 1961 3277 accidentia
1987 3237 2034 3302 ο

380 3312 441 3365 fit
467 3311 680 3366 divisio.
716 3310 905 3367 Dicere
927 3313 1094 3376 enim,
1128 3313 1408 3368 hominum
1462 3315 1596 3368 alios
1629 3331 1752 3370 esse
1783 3318 1961 3383 albos,

383 3404 524 3458 alios
554 3407 762 3474 nigros,
794 3422 902 3461 non
940 3419 1022 3462 est
1056 3407 1254 3461 divisio
1299 3421 1326 3458 a
1359 3407 1662 3462 substantia
1697 3408 1750 3462 in
1816 3411 1964 3464 acci-

389 3499 597 3560 dentia,
630 3499 723 3552 scd
760 3515 789 3552 a
824 3501 1126 3581 substantia
1165 3501 1219 3555 in
1261 3503 1598 3558 substantias
1649 3518 1770 3571 qua:
1802 3503 1964 3557 vicis-

386 3592 488 3644 sim
544 3593 748 3646 habent
802 3595 1125 3650 accidentia.
1169 3596 1225 3650 In
1287 3597 1538 3652 homines
1577 3599 1722 3651 enim
1778 3597 1964 3664 nigros

387 3694 442 3734 ct
480 3683 586 3752 23
617 3683 772 3738 albos
797 3687 937 3740 tacta
969 3695 1052 3739 est
1092 3685 1312 3753 divisio,
1343 3689 1434 3758 qui
1462 3697 1589 3741 sunt
1623 3684 1963 3739 substantize.

459 3864 547 3918 l5.
585 3864 692 3918 Sed
751 3881 850 3919 nec
897 3867 966 3920 ab
1019 3867 1394 3923 accidentibus
1447 3867 1500 3922 in
1557 3867 1857 3922 accidentia
1909 3869 1967 3922 tit

373 3956 590 4012 divisio.
627 3955 760 4011 Nam
781 3957 860 4012 vel
889 3974 917 4012 a
942 3974 1140 4029 genere
1163 3959 1214 4012 in
1248 3959 1457 4028 species
1485 3968 1568 4014 est
1600 3961 1719 4013 talis
1740 3961 1960 4022 divisio.

305 4054 310 4058 ’
379 4064 436 4104 ιιι
504 4067 626 4106 cum
693 4051 932 4106 colorem
1005 4055 1058 4106 in
1113 4052 1293 4106 album
1350 4061 1406 4106 et
1452 4053 1666 4122 nigrum
1729 4053 1968 4108 divisere

379 4144 556 4216 (color
613 4145 756 4198 enim
793 4145 900 4198 albi
935 4153 988 4198 ct
1015 4145 1155 4214 nigri
1185 4159 1358 4214 genus
1383 4145 1509 4212 est),
1547 4146 1626 4199 vel
1658 4159 1686 4197 τι
1712 4144 1967 4198 sub~tan~

378 4248 451 4299 tia
486 4246 540 4299 in
573 4245 929 4300 substantias.
980 4245 1167 4299 Dicere
1189 4262 1332 4300 enim
1361 4247 1608 4299 alborum
1637 4246 1739 4299 alia
1770 4245 1964 4310 calida,

379 4339 483 4392 alia
513 4339 705 4404 frigida
737 4354 880 4400 esse,
921 4338 1059 4391 nihil
1093 4339 1238 4391 aliud
1265 4346 1370 4403 est,
1407 4353 1568 4406 quam
1601 4337 1744 4404 quod
1773 4353 1970 4406 corpo-

379 4446 500 4486 rum
567 4429 821 4484 albedine
866 4428 1216 4499 pra-diturum
1263 4427 1368 4482 alia
1420 4429 1656 4483 calorem
1713 4429 1965 4492 habeant.

374 4525 481 4576 alia
523 4522 709 4591 frigus.
751 4519 866 4590 Ipsa
896 4523 1038 4576 enim
1077 4537 1174 4589 per
1204 4537 1261 4575 se
1289 4521 1483 4576 albedo
1536 4537 1655 4591 quae
1710 4523 1968 4576 accidens

2069 623 2124 676 δὲ
2160 624 2235 686 ὡς
2261 624 2390 676 ὅταν
2423 622 2482 674 τὸ
2511 621 2608 689 τῆς
2635 619 2881 690 γλώττης
2911 619 3082 688 ϐνομα
3110 619 3350 689 φέρηται
3380 621 3522 672 κατὰ
3554 620 3651 672 τοῦ

2065 717 2234 778 ἄκρου
2271 715 2365 767 τοῦ
2417 714 2785 784 ὑποδήματος,
2821 712 2912 766 τοῦ
2963 714 3134 783 ἄκρου
3168 713 3261 764 τοῦ
3295 711 3486 773 αὐλοῦ.
3547 712 3652 765 καὶ

2065 809 2156 861 τοῦ
2199 808 2486 876 γευστικοῦ
2537 812 2727 877 μορίου
2783 808 2891 860 τῶν
2949 806 3102 870 ζώων
3129 823 3144 838 ·
3179 806 3336 859 ἅτινα
3371 805 3510 875 μέρη
3539 805 3648 856 εἶσὶ

2068 902 2162 954 καὶ
2190 903 2287 970 οὐχ
2325 901 2443 955 ὅλα.

2136 999 2206 1062 η’.
2254 993 2313 1044 ’0
2339 993 2444 1046 ἀπὸ
2466 993 2654 1056 οὐσίας
2686 994 2763 1054 είς
2789 991 3200 1061 συμϐεϐηκότα,
3233 991 3304 1041 ὼε
3325 991 3450 1042 ὅταν
3481 988 3652 1040 εἴπωσ-

2070 1103 2190 1154 μεν·
2227 1084 2347 1138 Τῶν
2407 1084 2712 1154 ἀνθρώπων
2763 1085 2811 1136 οἱ
2850 1085 2948 1153 μέν
2991 1085 3096 1136 εἰσι
3127 1083 3334 1147 λευκοὶ,
3366 1082 3414 1134 οί
3449 1081 3504 1134 δὲ
3545 1081 3648 1151 μέ-

2066 1177 2248 1239 λανες.

2138 1271 2204 1326 0'.
2241 1271 2300 1322 ’0
2328 1272 2433 1324 ἀπὸ
2476 1270 2898 1340 συμϐεϐηκότων
2925 1271 3002 1332 είς
3031 1269 3234 1338 οὐσίας,
3270 1268 3345 1332 ὡς
3378 1269 3498 1320 Τῶν
3518 1270 3651 1320 λευ-

2067 1363 2178 1417 κῶν
2215 1364 2283 1416 τὰ
2317 1365 2413 1431 μὲν
2443 1363 2686 1432 ἔμψυχα,
2718 1364 2785 1416 τὰ
2823 1363 2879 1416 δὲ
2920 1362 3125 1431 ἄψυχα.

2139 1454 2192 1508 ι’.
2233 1456 2292 1505 '0
2335 1453 2437 1506 ἀπὸ
2476 1453 2900 1522 συμϐεϐηκότων
2943 1453 3025 1514 είς
3063 1452 3476 1520 συμϐεϐηκότα,
3509 1445 3650 1516 οἷον,

2074 1546 2197 1599 Τῶν
2225 1546 2435 1597 λευκῶν
2467 1545 2536 1596 τὰ
2572 1545 2668 1614 μὲν
2691 1545 2888 1614 θερμὰ,
2925 1545 2992 1596 τὰ
3013 1545 3066 1597 δὲ
3094 1544 3276 1614 ψυχρά
3297 1561 3310 1574 ⁸
3341 1544 3521 1612 θερμὰ
3548 1546 3651 1609 μὲν

2065 1642 2140 1704 ῶς
2171 1641 2264 1692 ἐπὶ
2312 1641 2408 1708 τῆς
2465 1639 2756 1703 ἀσϐέστου,
2812 1638 2997 1708 ψυχρὰ
3031 1637 3087 1690 δὲ
3137 1637 3210 1700 ὡς
3243 1640 3334 1690 ἐπὶ
3393 1641 3490 1706 τῆς
3530 1636 3650 1706 χιό-

2069 1752 2178 1795 νος.

2143 1833 2232 1881 ια’.
2270 1827 2465 1879 ’ἰστέον
2497 1825 2540 1878 δ’
2573 1825 2654 1878 ὅτι
2688 1827 2891 1893 κυρίως
2921 1825 3239 1895 διαιρετικολ
3273 1828 3463 1898 τρόποι
3497 1829 3649 1896 τρεῖς

2067 1918 2204 1969 εἰσιν
2237 1934 2251 1949 ·
2289 1919 2317 1970 ό
2348 1917 2455 1970 ἀπὸ
2478 1917 2666 1984 γένους
2692 1919 2770 1979 είς
2807 1916 2944 1985 εἴδη,
2979 1919 3006 1969 ὁ
3034 1920 3142 1972 ἀπὸ
3178 1917 3315 1970 ὅλων
3354 1920 3434 1978 είς
3471 1921 3646 1987 μέρη,

2069 2012 2163 2063 καὶ
2195 2013 2223 2065 ό
2257 2013 2364 2066 ἀπὸ
2413 2011 2710 2078 ὁμωνύμου
2759 2012 2943 2077 φωνῆς
2983 2010 3064 2071 είς
3112 2010 3342 2079 διάφορα
3381 2013 3648 2079 σημαινό-

2071 2119 2206 2172 μενα
2227 2120 2242 2134 ·
2277 2105 2325 2156 οἱ
2351 2105 2406 2156 δὲ
2431 2105 2580 2159 ἄλλοι
2608 2102 2796 2172 τρόποι
2823 2101 3306 2174 καταχρηστικώτε
3319 2121 3408 2173 ρον
3438 2104 3649 2174 διαιρε-

2066 2200 2210 2251 τικοὶ
2229 2196 2613 2266 ὀνομάζονται.

2139 2287 2229 2358 ιβ’.
2278 2289 2410 2342 Ἀπὸ
2436 2291 2542 2361 γὰρ
2567 2291 2724 2346 εἱδῶν
2747 2294 2825 2353 εἰς
2855 2293 3032 2354 ἄτομα
3065 2289 3324 2358 διαίρεσις
3358 2289 3456 2342 οὐκ
3476 2288 3645 2352 ἔστιν,

2067 2380 2183 2432 ἀλλ’
2212 2381 2613 2452 ἄπαρίθμησις.
2647 2386 2883 2454 ’Λπειρα
2912 2385 3021 2453 γὰρ
3045 2383 3175 2436 ὄντα
3199 2382 3267 2434 τὰ
3301 2381 3479 2452 ἄτομα
3507 2381 3649 2433 διαι-

2070 2472 2219 2542 ρέσει.
2262 2473 2741 2545 καθυποϐληοῆναι
2774 2476 2834 2530 οὐ
2866 2476 3109 2529 δύναται.

2141 2574 2232 2633 ιγ’.
2282 2568 2424 2621 Ἀλλ’
2477 2570 2596 2623 οὐδὲ
2655 2570 2762 2622 ἀπὸ
2814 2567 3249 2639 συμϐεϐηκότων
3320 2570 3402 2630 είς
3455 2566 3648 2631 οὐσίας

2065 2661 2272 2729 γίνεται
2300 2662 2590 2732 διαίρεσις.
2629 2662 2686 2716 ’0
2713 2664 2820 2732 γὰρ
2848 2663 3040 2730 λέγων,
3076 2664 3158 2716 ὅτι
3189 2663 3299 2715 τῶν
3332 2663 3547 2715 λευκῶν
3575 2661 3648 2713 τὰ

2071 2755 2168 2821 μὲν
2195 2753 2434 2823 ἔμψυχα,
2463 2756 2530 2806 τὰ
2579 2756 2635 2808 δὲ
2667 2755 2871 2826 ἄψυχα,
2903 2757 2978 2819 ὡς
3025 2757 3130 2810 ἀπὸ
3167 2756 3433 2824 σωμάτων
3467 2754 3651 2807 ἐπιδε-

2065 2845 2342 2912 δεγμένων
2381 2847 2680 2917 λευκότητα
2737 2852 2972 2903 ποιεῖται
3003 2850 3101 2918 τὴν
3143 2849 3423 2918 διαίρεσιν,
3485 2848 3650 2901 ἆτινα

2067 2937 2246 2992 οὐσίαι
2277 2941 2439 2996 είσίν.
2485 2943 2620 2996 Οὐδὲ
2661 2945 2770 3014 γὰρ
2805 2945 3029 3000 δύναται
3082 2945 3142 2998 τὸ
3179 2943 3531 3011 συμϐεϐηκὸς
3566 2943 3650 3004 εις

2067 3030 2253 3093 οὐσίας
2284 3032 2648 3104 διαιρεθῆναι,
2687 3038 2767 3088 ὅτι
2794 3037 2854 3089 τὸ
2883 3037 3262 3107 διαιρούμενον
3296 3037 3372 3098 ῶς
3401 3036 3646 3104 πρᾶγμα

2068 3121 2144 3182 είς
2177 3121 2336 3190 ὃμοια
2373 3122 2515 3176 θέλει
2543 3125 2890 3196 διαιρεῖσθαι,
2928 3127 2991 3179 οὐ
3035 3126 3141 3196 μὴν
3171 3127 3250 3188 είς
3281 3125 3535 3192 ἀνόμοια.

2140 3213 2222 3269 ιδ’.
2254 3215 2390 3268 Οὔτε
2441 3215 2499 3270 δὲ
2543 3217 2650 3270 ἀπὸ
2679 3218 2866 3281 οὐσίας
2900 3221 2980 3283 είς
3003 3219 3392 3288 συμϐεϐηκότα
3429 3217 3650 3286 γίνεται

2063 3308 2349 3376 διαίρεσις.
2387 3310 2460 3363 Τὸ
2495 3312 2603 3380 γὰρ
2642 3310 2828 3378 λέγειν
2853 3313 2936 3366 ὅτι
2978 3312 3086 3366 τῶν
3120 3311 3426 3380 ἀνθρώπων
3456 3313 3505 3364 οί
3547 3310 3650 3378 μέν

2063 3404 2169 3454 εἰσι
2203 3401 2403 3467 λευκοὶ,
2457 3405 2502 3456 οί
2534 3404 2588 3456 δὲ
2646 3405 2898 3472 μέλανες,
2946 3406 3044 3457 οὐκ
3077 3404 3190 3457 ἔστι
3233 3404 3497 3471 διαίρεσις
3538 3403 3648 3455 ἀπὸ

2063 3493 2251 3556 οὐσίας
2280 3495 2360 3555 είς
2396 3495 2808 3563 συμϐεϐηκότα,
2835 3496 2974 3546 ἀλλὰ
2997 3496 3102 3547 ἀπὸ
3133 3494 3321 3554 οὐσίας
3344 3495 3422 3554 είς
3454 3493 3652 3554 οὐσίας

2065 3585 2226 3637 πάλιν
2261 3585 2493 3654 ἐχούσας
2556 3587 2964 3657 συμϐεϐηκότα.
3020 3587 3113 3647 Ei;
3165 3584 3490 3656 ἀνθρώπους
3536 3585 3646 3652 γὰρ

2067 3678 2303 3746 μέλανας
2348 3680 2440 3730 καὶ
2485 3677 2712 3742 λευκοὺς
2759 3679 2975 3747 ἐγένετο
3014 3681 3046 3749 ἡ
3092 3679 3388 3748 διαίρεσις,
3445 3677 3647 3740 οἵτινες

2064 3771 2241 3824 οὐσίαι
2273 3771 2434 3825 εἰσίν.

2140 3871 2221 3918 ιε’.
2239 3864 2381 3918 Ἀλλ’
2403 3864 2512 3918 οὐδ’
2530 3866 2635 3918 ἀπὸ
2653 3864 3077 3934 συμϐεϐηκότων
3109 3868 3193 3930 είς
3247 3870 3647 3939 συμϐεϐηκότα

2065 3956 2658 4028 γίνεταιδιαίρεσις.“ιί
2681 3958 2791 4026 γὰρ
2818 3959 2924 4011 ἀπὸ
2958 3959 3149 4024 γένους
3179 3960 3260 4022 είς
3283 3961 3398 4030 είόη
3433 3961 3584 4013 δστὶν
3611 3962 3644 4029 ἡ

2067 4049 2285 4118 τοιαύτη
2313 4051 2578 4121 διαίρεσις
2597 4069 2608 4081 ο
2627 4051 2703 4113 ὼς
2729 4053 2857 4102 ὅταν
2874 4055 2954 4113 είς
2975 4052 3168 4104 λευκὸν
3195 4054 3288 4104 καὶ
3311 4053 3484 4119 μέλαν
3501 4052 3646 4105 διαι-

2071 4144 2135 4213 ρὴ
2147 4159 2222 4195 σω
2246 4142 2307 4195 τὸ
2324 4144 2521 4212 χρῶμα
2541 4159 2554 4174 ·
2580 4138 2742 4212 ’γένος
2765 4147 2874 4215 γάρ
2897 4147 3011 4198 ἐστι
3031 4147 3091 4198 τὸ
3119 4147 3317 4215 χρῶμα
3335 4147 3426 4200 τοῦ
3445 4146 3650 4199 λευκοῦ

2067 4238 2162 4287 καὶ
2181 4235 2274 4287 τοῦ
2301 4235 2528 4304 μέλανος
2554 4251 2570 4268 ⁶
2605 4236 2765 4305 ἢάπὸ
2779 4239 2969 4300 οὐσίας
2988 4240 3067 4301 είς
3097 4239 3311 4301 οὐσίας.
3333 4240 3406 4292 Τὸ
3429 4241 3538 4308 γὰρ
3557 4239 3652 4291 λέ-

2067 4343 2205 4394 γειν,
2237 4329 2320 4381 ὅτι
2351 4327 2459 4380 τῶν
2485 4327 2696 4381 λευκῶν
2727 4331 2795 4382 τὰ
2829 4330 2926 4397 μέν
2956 4333 3061 4383 εἰσι
3097 4330 3296 4400 Θερμὰ,
3339 4332 3408 4384 τὰ
3446 4332 3503 4384 δὲ
3543 4330 3653 4400 ψυ-

2069 4417 2197 4486 χρὰ,
2221 4417 2372 4470 οὐδὲν
2398 4417 2527 4471 ἄλλο
2571 4417 2739 4482 ἐστὶν,
2767 4419 2800 4489 ἢ
2834 4419 2915 4471 ὅτι
2945 4419 3050 4472 τῶν
3093 4421 3362 4487 σωμάτων
3390 4419 3502 4473 τῶν
3531 4421 3652 4472 ἑπι-

2068 4511 2410 4580 δεδεγμένων
2436 4513 2742 4581 λευκότητα
2772 4512 2840 4565 τὰ
2872 4514 2972 4580 μὲν
3003 4514 3115 4581 ἔχει
3138 4512 3472 4583 Θερμότητα,
3501 4515 3570 4566 τὰ
3593 4513 3654 4567 δὲ

376 4626 484 4678 est,
521 4630 694 4680 neque
721 4615 896 4684 calida
923 4630 1101 4683 neque
1122 4613 1312 4684 frigida
1339 4623 1439 4677 est,
1468 4614 1726 4682 quoniam
1752 4616 1958 4670 nullum

2082 4605 2402 4675 pexpdtqta.
2439 4607 2548 4657 Καὶ
2575 4607 2685 4676 γὰρ
2725 4604 2864 4674 αὐτὴ
2921 4604 3046 4657 καθ’
3079 4605 3279 4674 ἑαυτὴν
3306 4607 3338 4675 ἠ
3365 4606 3654 4674 λευκότης.

377 4709 632 4764 accidens
678 4711 770 4763 alii
822 4709 1092 4764 accidenti
1129 4711 1193 4761 ad
1224 4706 1600 4762 exsistentiam
1653 4707 1959 4775 subjectum

377 4812 506 4868 cst;
545 4803 636 4855 sed
675 4801 785 4857 sola
826 4801 1134 4855 substantia
1170 4800 1426 4854 omnibus
1456 4799 1860 4866 accidentibus,
1904 4809 1963 4854 ut

377 4893 493 4950 haec
527 4897 658 4960 sint,
689 4895 998 4964 subjicitur.

453 5171 539 5224 16.
585 5167 772 5234 Neque
796 5182 928 5223 vero
957 5167 1012 5221 in
1058 5166 1165 5221 illis
1193 5181 1314 5236 qua:
1343 5167 1411 5220 ab
1459 5180 1569 5220 uno
1603 5173 1661 5221 et
1692 5167 1758 5220 ad
1792 5182 1964 5221 unum

380 5277 508 5318 sunt
532 5263 723 5317 divisio
754 5273 1049 5330 spectatur,
1080 5263 1172 5316 sed
1207 5261 1562 5316 enumeratio.
1594 5259 1725 5314 Nam
1759 5271 1813 5316 et
1847 5263 1962 5318 haec

381 5356 590 5409 intinita
639 5362 842 5407 suntet
882 5353 1276 5421 comprehendi
1309 5369 1419 5407 non
1451 5361 1702 5418 possunt,
1764 5368 1958 5422 quemo

381 5448 676 5502 admodum
717 5462 850 5502 sane
881 5450 1042 5500 etiam
1080 5447 1379 5500 individua.
1419 5445 1607 5499 Dicere
1649 5447 1798 5499 enim
1851 5461 1952 5514 po-

378 5549 484 5595 test
520 5540 736 5610 atiquis,
767 5540 966 5594 librmn
1003 5540 1274 5594 medicum
1327 5549 1382 5595 et
1435 5555 1533 5594 vas
1587 5539 1862 5593 medicum
1911 5547 1967 5593 et

380 5633 736 5702 emplastrum
761 5635 1053 5699 medicum,
1081 5644 1137 5688 ct
1158 5634 1364 5687 inﬁnita
1397 5633 1523 5686 alia.
1563 5632 1764 5688 Eodem
1803 5631 1964 5686 modo

381 5726 599 5780 salubre
647 5726 858 5792 vinum,
889 5726 1161 5781 salubrem
1195 5725 1430 5790 diaetam,
1461 5725 1734 5780 salubrem
1781 5737 1962 5779 aerem

383 5827 440 5872 et
485 5818 818 5884 huiusmodi.

465 5909 552 5967 i7.
588 5910 883 5970 Sciendum
917 5926 1104 5972 autem
1134 5914 1277 5987 quod
1312 5913 1532 5982 divisio,
1567 5911 1832 5969 addivisio
1863 5924 1960 5966 scu

2065 4697 2187 4765 ἥτις
2211 4697 2330 4749 ἐστὶ
2352 4696 2723 4766 συμϐεϐηκὸς,
2752 4695 2875 4749 οὔτε
2904 4696 3080 4766 θερμὴ
3111 4696 3418 4761 έστιν,οὕτε
3440 4696 3653 4767 ψυχρά.

2078 4789 2230 4840 Ἐπεὶ
2263 4787 2364 4841 οὐκ
2420 4787 2616 4840 ἔστιτι
2652 4786 3000 4858 συμϐεϐηκὸς
3043 4788 3218 4857 ἑτέρῳ
3277 4787 3656 4856 συμϐεϐηκότι

2067 4882 2204 4950 πρὸς
2243 4880 2482 4950 ὕπαρξιν
2531 4881 2896 4950 ὑποκείμενον
2920 4899 2933 4912 ·
2986 4881 3121 4950 μόνη
3154 4881 3212 4934 δὲ
3245 4882 3277 4950 ἡ
3325 4881 3482 4934 οὐσία
3517 4883 3658 4935 πᾶσι

2064 4976 2180 5035 τοῖς
2237 4971 2613 5044 συμϐεϐηκόσι
2667 4975 2804 5046 πρὸς
2865 4974 2925 5027 τὸ
2983 4969 3126 5026 εἶναι
3183 4975 3361 5029 ταῦτα
3427 4975 3662 5030 ὑπόκει-

2063 5084 2176 5120 ται.

2142 5167 2237 5227 ις’.
2259 5161 2396 5216 Οὔτε
2425 5162 2482 5214 δὲ
2512 5166 2570 5214 ὲν
2587 5165 2698 5226 τοῖς
2723 5162 2819 5232 ἀφ’
2845 5164 2963 5226 ἐνὸς
2994 5163 3086 5216 καὶ
3117 5165 3255 5233 πρὸς
3277 5163 3336 5216 ἓν
3361 5162 3658 5234 θεωρεῖται

2066 5259 2354 5326 διαίρεσις,
2417 5256 2534 5310 ἀλλ’
2592 5257 2992 5326 ἀπαρίθμησις.
3060 5258 3322 5326 Ἀόριστα
3381 5258 3494 5327 γὰρ
3558 5261 3660 5313 καὶ

2064 5351 2239 5406 ταῦτα
2271 5355 2361 5404 καὶ
2395 5350 2770 5421 ἀπερίληπτα,
2801 5350 2992 5421 ὥσπερ
3018 5350 3083 5422 δὴ
3109 5353 3202 5404 καὶ
3243 5351 3444 5420 ἄτομα.
3477 5350 3657 5406 Δύνα-

2064 5463 2155 5498 ται
2189 5446 2299 5516 γὰρ
2327 5445 2502 5497 εἰπεῖν
2538 5462 2620 5508 τις
2659 5445 2902 5514 ἰατρικὸν
2952 5444 3180 5514 βιϐλίον,
3252 5447 3350 5498 καὶ
3409 5447 3659 5516 ἰατρικὸν

2068 5539 2287 5603 σκεῦος,
2315 5537 2556 5608 ἰατρικὸν
2589 5538 2954 5609 ἔμπλαστρον,
2979 5541 3072 5591 καὶ
3092 5539 3227 5594 ἄλλα
3252 5539 3445 5608 μυρία·
3471 5539 3662 5593 dicab-

2063 5651 2172 5696 τως
2205 5632 2442 5702 ὑγιεινὸν
2473 5631 2634 5698 οἶνον,
2667 5633 2911 5704 ὑγιεινὴν
2943 5631 3178 5699 δίαιταν,
3220 5633 3456 5700 ὑγιεινὸν
3487 5633 3653 5705 ἀέρα,

2068 5730 2162 5779 καὶ
2196 5729 2262 5779 τὰ
2292 5725 2538 5780 τοιαῦτα.

2143 5906 2228 5972 ιζ’.
2275 5907 2474 5962 ἰστέον
2507 5908 2562 5964 δὲ
2603 5908 2687 5963 ὃτι
2732 5910 3020 5980 διαίρεσις,
3077 5907 3464 5978 ὲπιδιαίρισις,
3505 5909 3666 5964 κατὰ
