3888 6518
225 386 338 455 705

1537 383 1883 447 ΕΡΙΤΟΜΕ
1918 383 2215 448 LOGICA.

3400 392 3507 459 706

230 502 396 558 τοῦτο
416 502 763 575 διαφέρουσιν
794 500 1062 573 ἀλλήλων,
1113 499 1302 555 καθότι
1336 500 1369 571 ἠ
1403 499 1503 573 μὲν
1544 499 1813 572 διαίρεσις

1930 500 2290 571 superdivisio
2308 508 2365 556 et
2398 501 2704 579 subdivisio
2745 508 3048 566 secundum
3077 507 3183 565 hoc
3228 509 3508 577 differunt,

234 596 473 668 πρώτως
503 597 693 665 τέμνει
722 595 781 648 τὸ
810 595 1075 663 πρᾶγμα²
1110 595 1144 664 ἡ
1174 594 1231 648 δὲ
1273 592 1637 663 ὲπιδιαῐρεσις
1672 594 1816 646 κατὰ

231 690 500 761 δευτέραν
534 688 792 758 ἐπιϐολὴν
820 688 1007 758 τέμνει
1042 687 1101 741 τὸ
1130 687 1264 740 αὐτὸ
1294 689 1530 758 πρᾶγμα
1554 704 1568 719 θ
1595 691 1641 767 ἡ,
1663 690 1718 743 δέ
1753 707 1817 757 γε

231 783 609 851 ὑποδιαίρεσις
641 780 698 833 ἓν
723 781 831 833 τῶν
866 780 1172 849 τμημάτων
1200 779 1597 850 παραλαϐοῦσα
1622 782 1816 851 τέμνει

230 877 370 930 αὐτό
395 893 407 905 ·
439 872 552 929 οἷον
622 875 683 928 Ὀ
720 874 1006 945 ἄνθρωπος
1052 873 1342 943 διαιρεῖται
1405 876 1486 936 εἰς
1526 874 1693 946 ἄρσεν
1725 877 1821 931 xui.

244 967 415 1035 θῆλυ·
448 966 605 1020 τοῦτο
626 966 895 1036 διαίρεσις
925 981 940 997 ·
974 965 1067 1020 καὶ
1094 964 1256 1019 πάλιν
1302 968 1360 1019 '0
1378 966 1663 1036 ἄνθρωπος
1689 967 1821 1020 διαι·

236 1060 418 1130 ρείται
474 1059 554 1123 εἰς
597 1058 781 1129 ψυχὴν
838 1061 934 1111 καὶ
991 1056 1185 1127 σῶμα’
1223 1057 1385 1111 τοῦτο
1431 1058 1817 1129 ὲπιδιαξρεσις,

232 1154 365 1224 ἥτις
402 1152 524 1206 τότε
592 1153 754 1221 μόνον
784 1151 990 1222 ὀφείλει
1019 1150 1285 1219 γίνεσθαι,
1310 1152 1399 1205 ὅτε
1428 1152 1551 1206 καθ’
1586 1152 1820 1206 ἕκαστον

231 1246 347 1299 τῶν
371 1246 684 1317 τμημάτων
715 1246 815 1314 τῆς
856 1245 1077 1317 πρώτης
1103 1245 1448 1316 διαιρέσεως,
1482 1244 1552 1298 τὰ
1579 1244 1679 1313 τῆς
1707 1244 1822 1297 δευ-

229 1341 405 1413 τέρας
432 1341 768 1408 διαιρέσεως,
802 1340 978 1393 εττουν
1012 1338 1456 1408 ἐπιδιαιρέσεως,
1485 1336 1819 1408 θεωροῦνται

231 1433 308 1491 τὰ
364 1435 648 1504 τμήματα.
686 1433 818 1487 Ἰδοὺ
872 1434 977 1504 γὰρ
1033 1434 1092 1486 ἐν
1131 1433 1206 1502 τῷ
1267 1433 1461 1503 ἄρρενι
1512 1435 1601 1486 καὶ
1659 1431 1820 1501 ἐντῷ

234 1527 394 1597 θήλει
420 1525 706 1597 θεωρεῖται
734 1524 882 1595 ψυχὴ
914 1524 1008 1577 καὶ
1039 1523 1221 1592 σῶμα.
1253 1523 1426 1577 Ὅταν
1459 1522 1517 1575 δὲ
1541 1521 1711 1575 εἰπὼν
1737 1524 1820 1576 ὅτι

233 1621 270 1692 ἡ
307 1619 467 1673 οὐσία
501 1621 795 1689 διαιρεῖται
847 1618 929 1681 εἰς
968 1616 1128 1684 σῶμα
1178 1618 1273 1671 καὶ
1326 1612 1649 1685 ἀσώματον,
1681 1615 1821 1669 εῐπω

233 1714 422 1780 πάλιν,
448 1714 530 1767 ὅτι
563 1714 622 1765 τὸ
649 1714 809 1782 σῶμα
843 1712 1133 1780 διαιρεῖται
1161 1712 1241 1775 εἰς
1278 1708 1524 1781 ἔμψυχον
1539 1708 1644 1764 καὶ
1671 1707 1818 1779 ἄψυο

232 1826 357 1880 χον,
380 1807 615 1877 ἐποίησα
638 1806 1040 1876 ὑποδιαίρεσιν.
1068 1846 1080 1857 .

1927 603 2196 662 quatenus
2229 592 2424 648 divisio
2478 593 2698 665 quidem
2743 612 2857 653 rem
2881 601 3144 668 primario
3183 602 3293 675 24
3322 616 3505 672 secat;

1927 687 2191 741 addivisio
2209 686 2382 741 altero
2400 703 2656 758 aggressu
2676 691 2921 746 eamdem
2947 710 3061 749 rem
3082 697 3272 753 dividit
3287 716 3301 756 :
3319 699 3511 759 subdi-

1925 778 2065 833 visio
2083 780 2317 848 denique
2343 796 2510 835 unum
2532 770 2843 838 ‘membrum
2865 776 3204 858 aSsumptum
3234 800 3463 860 partitur
3488 810 3502 846 :

1928 873 2079 928 velut
2122 872 2295 927 Homo
2328 874 2589 930 dividitur
2616 876 2685 941 {in
2716 892 2919 932 marem
2970 891 3024 935 et
3076 882 3355 941 feminam.
3393 885 3507 940 Hoc

1929 965 2127 1019 divisio
2157 974 2262 1020 est.
2298 964 2365 1019 Et
2397 982 2587 1022 rursus
2623 967 2804 1024 Homo
2850 971 3113 1027 dividitur
3158 974 3214 1029 in
3270 976 3504 1032 animum

1928 1063 1983 1110 et
2024 1070 2222 1127 corpus
2257 1074 2274 1122 ;
2315 1056 2421 1112 hoc
2451 1058 2719 1114 addivisio
2751 1070 2852 1125 est,
2883 1078 3003 1132 qua:
3056 1072 3168 1117 tum
3204 1065 3362 1120 modo
3390 1066 3507 1120 ﬁeri

1928 1150 2111 1214 debet,
2171 1166 2296 1206 cum
2328 1152 2382 1206 in
2419 1151 2666 1222 quolibet
2702 1154 2889 1223 primae
2914 1156 3204 1213 divisionis
3239 1160 3507 1218 membro.

1929 1248 2174 1301 membra
2232 1247 2570 1302 seeundaria:
2622 1247 2931 1312 divisionis,
2987 1250 3103 1305 sive
3151 1251 3512 1308 addivisionis

1930 1339 2349 1395 considerantur
2405 1348 2461 1395 et
2516 1350 2861 1410 spectantur.
2903 1344 3040 1397 Ecce
3070 1344 3216 1398 enim
3267 1349 3321 1398 in
3366 1361 3513 1400 mare

1929 1444 1983 1489 et
2011 1437 2065 1489 in
2106 1433 2306 1489 femi'na
2354 1450 2477 1490 cum
2510 1437 2699 1489 anima
2734 1446 2845 1490 tum
2871 1451 3070 1505 corpus
3105 1437 3508 1493 consideratur.

1931 1525 2161 1593 Quando
2194 1537 2378 1582 autem
2412 1530 2648 1596 primum
2698 1528 2888 1582 dixero
2921 1533 3285 1583 substantiam
3335 1531 3509 1585 dividi

1898 1618 1986 1672 -in
2020 1633 2219 1688 corpus
2269 1629 2325 1674 et
2356 1620 2742 1689 incorporeum
2767 1627 2822 1674 et
2853 1619 3033 1674 denuo
3082 1620 3260 1675 dicam
3309 1637 3513 1693 corpus

1934 1711 1991 1765 in
2029 1712 2333 1766 animatum
2371 1722 2423 1766 et
2455 1711 2816 1767 inanima‘rum
2848 1712 3039 1782 dividi,
3074 1715 3509 1770 subdivisiottetn

1931 1804 2112 1862 eﬂ'eci.

308 1922 401 1995 ιη’.
443 1922 702 1991 Λέγονται
724 1921 782 1975 δὲ
817 1922 887 1975 τὰ
909 1923 974 1974 ὲκ
997 1919 1094 1975 τοῦ
1134 1919 1299 1976 αὐτοῦ
1325 1920 1518 1989 γένους
1543 1918 1820 1990 τμηθέντα

1997 1921 2087 1976 18.
2133 1920 2396 1977 Dicuntur
2420 1937 2586 1991 porro
2618 1922 2831 1989 species
2862 1937 2985 1992 quae
3017 1938 3084 1978 ex
3116 1923 3306 1978 eodem
3341 1938 3509 1993 gena.

233 2016 356 2085 εἴδη
386 2014 867 2086 ἀντιδιαιρούμενα
901 2013 977 2077 ὡς
999 2013 1272 2069 ἀντίθεσιν
1300 2030 1423 2066 τινα
1462 2012 1592 2080 πρὸς
1614 2010 1822 2081 ἄλληλα

233 2110 494 2179 φέροντα,
527 2107 630 2161 κᾶν
674 2109 739 2162 ὲκ
781 2106 875 2160 τοῦ
924 2105 1090 2159 αὑτοῦ
1150 2101 1261 2159 εἶεν
1293 2104 1387 2159 καὶ
1436 2104 1590 2167 ἑνός·
1618 2097 1731 2157 οἷον
1763 2105 1823 2156 τὸ

234 2207 403 2276 σῶμα
431 2202 525 2257 καὶ
566 2202 626 2255 τὸ
661 2198 952 2270 ἀσώματον
993 2200 1057 2252 ὲκ
1091 2200 1190 2270 τῆς
1237 2198 1427 2263 οὐσίας
1455 2198 1821 2267 διαιρεθέντα,

232 2298 336 2352 καὶ
370 2294 669 2366 μετέχοντα
703 2293 813 2363 τῆς
834 2292 1022 2353 οὐσίας
1057 2292 1279 2363 ἐπίσης,
1306 2292 1637 2345 ἀντικεινται
1666 2291 1826 2344 θάτε-

236 2407 335 2462 ρον
367 2388 582 2459 θατέρῳ
615 2385 758 2440 κατὰ
802 2387 902 2449 τὰς
953 2385 1233 2449 οὐσιῶδεις
1265 2386 1554 2454 διαφοράς·
1594 2387 1654 2437 τδ
1722 2383 1823 2454 μὲν

232 2484 350 2554 γὰρ
404 2480 568 2552 τριχῆ
615 2478 948 2533 διαστατόν
981 2476 1042 2531 τὸ
1081 2476 1136 2529 δὲ
1171 2477 1264 2531 τοῦ
1310 2478 1472 2550 τριχῆ
1530 2475 1823 2531 διαστατδν

231 2572 377 2629 εἶναι
422 2574 611 2646 πόρῤω
663 2570 997 2642 καθέστηκε.
1058 2570 1171 2624 Καὶ
1224 2570 1319 2624 επὶ
1368 2570 1479 2623 τῶν
1545 2569 1724 2624 ἄλλων
1766 2569 1825 2621 ὀ-

234 2668 433 2740 μοίως.

314 2963 399 3019 ιθ’.
427 2963 688 3031 Δέγοιντο
715 2960 762 3015 δ’
803 2959 871 3014 ἂν
924 2959 1427 3030 ἀντιδιαιρούμενα.
1462 2960 1557 3013 καὶ
1584 2958 1659 3023 ὡς
1686 2959 1822 3029 ὁμο-

236 3057 414 3128 τιμως
478 3054 774 3125 μετέχοντα
821 3053 917 3107 τοῦ
947 3052 1139 3123 γένους
1169 3052 1226 3118 ἐξ
1251 3048 1311 3107 οὒ
1335 3052 1607 3126 διῄρηται,
1635 3053 1729 3106 καὶ
1747 3053 1822 3116 ὡς

236 3146 308 3202 ἂν
340 3147 487 3201 εῐποι
513 3163 597 3207 τις
630 3143 760 3197 ὄντα
810 3143 1253 3213 ισοδιαιρούμενα
1292 3142 1388 3195 καὶ
1420 3143 1543 3195 ἀντὶ
1580 3140 1821 3212 θατέρου

236 3244 470 3314 θάτερον
500 3239 641 3295 κατὰ
672 3240 731 3294 τὸ
767 3237 1122 3308 ισοδιαίρετον
1156 3235 1503 3306 λογιζόμενα.
1554 3236 1661 3289 Καὶ
1708 3234 1819 3302 γὰρ

236 3339 300 3393 ιν
331 3337 543 3398 τούτοις
573 3335 674 3388 οὐκ
702 3332 817 3387 ἐστι
848 3331 910 3386 τὸ
972 3329 1173 3399 μᾶλλον
1220 3330 1315 3383 καὶ
1372 3323 1535 3402 ἦττον
1588 3332 1816 3398 μετέχον
1845 3314 1887 3370 (ἶ

235 3430 336 3485 τοῦ
367 3430 580 3499 γένουςο
623 3424 748 3480 οὔτε
774 3424 888 3496 γὰρ
919 3423 978 3477 τὺ
1013 3424 1173 3493 σῶμα
1205 3424 1467 3492 τυγχάνει
1502 3422 1656 3475 οὐσία
1689 3425 1825 3491 μᾶλ-

234 3524 335 3578 λον
362 3522 456 3576 τοῦ
481 3521 797 3590 ἀσωμάτου,
834 3517 957 3570 οὔτε
999 3517 1060 3569 τὸ
1094 3516 1392 3583 ἀσώματον
1422 3516 1584 3567 οὐσία
1615 3515 1821 3584 μᾶλλον

234 3615 340 3670 τοῦ
379 3614 636 3684 σώματος
661 3629 677 3646 ο
715 3614 807 3666 καὶ
841 3612 935 3665 ἐπὶ
974 3611 1101 3663 ,τῶν
1129 3609 1306 3664 ἄλλων
1340 3607 1623 3671 ὡσαύτως.
1680 3606 1819 3660 Οὔτε

231 3706 296 3762 δὲ
360 3707 423 3759 τὸ
478 3705 641 3774 φύσει
693 3704 960 3773 πρότερον
1010 3702 1069 3754 ὲν
1107 3704 1233 3764 ,τοῖς
1294 3699 1820 3769 ἀντιδιαιρουμένοις

236 3799 605 3872 εὑρίσκεται·
655 3801 800 3851 κατὰ
849 3797 1056 3857 πάντας
1108 3797 1218 3865 γὰρ
1257 3793 1384 3858 τοὺς
1432 3796 1669 3863 τρόπους
1720 3793 1829 3845 τῶν

232 3893 557 3960 διαιρέσεων
586 3892 816 3945 ἄπεστιν
845 3890 1033 3942 ἐκτῶν
1059 3888 1371 3959 τμημάτων
1413 3887 1474 3939 τό
1511 3903 1569 3939 τε
1620 3886 1824 3954 μᾶλλον

233 3986 336 4042 καὶ
364 3979 527 4059 ἦττον
561 3986 657 4039 καὶ
686 3986 746 4036 τὸ
768 3983 929 4053 φύσει
958 3981 1247 4053 πρότερον,
1274 3978 1417 4049 πλὴν
1451 3977 1553 4030 τῶν
1574 3978 1667 4047 ἀφ’
1700 3977 1819 4041 ἐνὲς

236 4083 340 4136 καὶ
377 4080 512 4150 πρὸς
544 4077 623 4132 ἓν.

1927 2028 1986 2070 re
2021 2023 2185 2070 sectae
2213 2026 2339 2069 sunt
2369 2014 2506 2087 (εῑδη
2541 2014 3073 2086 ἀντιδιαιρούμενα),
3106 2018 3155 2069 id
3181 2028 3264 2071 est
3292 2017 3508 2087 species

1925 2106 2309 2161 contradivisat
2342 2115 2547 2176 utque
2582 2118 2832 2161 mutuam
2884 2107 3285 2177 Oppositionem
3318 2123 3507 2163 secum

1927 2201 2166 2264 trahant,
2204 2199 2418 2252 tametsi
2464 2214 2530 2252 ex
2567 2213 2675 2252 uno
2725 2209 2779 2252 et
2833 2199 3028 2254 eodem
3076 2200 3187 2254 sint
3239 2216 3253 2255 :
3316 2201 3505 2265 veluti,

1926 2306 2127 2360 corpus
2181 2302 2235 2345 et
2289 2293 2673 2362 incorporeum
2742 2292 2916 2346 divisa
2963 2308 3030 2348 ex
3086 2294 3396 2350 substantia
3452 2304 3509 2350 et

1927 2384 2293 2439 substantiam
2324 2400 2389 2440 ex
2425 2398 2582 2454 aequo
2613 2387 2993 2455 participantia
3023 2386 3202 2456 quoad
3235 2387 3508 2442 essentia-

1926 2475 2007 2529 les
2049 2472 2388 2530 diﬂ‘ereutias
2437 2475 2537 2529 sibi
2599 2485 2971 2545 opponuntur,
3010 2461 3264 2531 alterum
3318 2478 3500 2534 alteri.

1927 2565 2059 2622 Illud
2109 2566 2251 2631 enim
2286 2568 2428 2621 trina
2477 2567 2824 2622 dimensione
2872 2578 3126 2630 constat;
3166 2556 3279 2624 huc.
3327 2578 3508 2625 autent

1927 2662 1997 2716 ab
2046 2676 2111 2716 eo
2153 2671 2208 2715 ut
2267 2659 2534 2715 trifariam
2585 2661 2639 2714 in
2688 2660 3060 2715 dimensiones
3095 2670 3295 2731 pateat,
3350 2662 3511 2733 longe

1928 2762 2200 2809 remotum
2224 2761 2332 2808 est.
2362 2750 2429 2807 Et
2456 2752 2513 2807 in
2549 2753 2671 2807 aliis
2705 2752 2940 2808 similem
2975 2755 3029 2808 in
3078 2753 3299 2809 modum
3336 2771 3422 2810 res
3450 2770 3513 2812 so

1929 2846 2116 2900 habet.

2020 2960 2128 3031 25
2154 2960 2241 3016 19.
2263 2958 2369 3014 Sed
2426 2967 2482 3014 et
2513 2958 2620 3013 dici
2652 2967 2853 3039 queant
2891 2958 3008 3030 ετδη
3033 2960 3512 3031 ἀντιδιαιρούμενα

1925 3051 2148 3120 etquod
2178 3049 2297 3120 pari
2351 3049 2577 3104 honoris
2619 3049 2787 3119 gradu
2843 3050 3174 3119 participem
3221 3067 3392 3120 genus
3438 3066 3509 3107 ex

1927 3160 2038 3213 quo
2070 3144 2261 3199 divisae
2292 3153 2422 3198 sunt
2468 3152 2521 3196 et
2553 3142 2697 3212 quod
2732 3143 2862 3205 sint,
2900 3144 3056 3210 quasi
3109 3144 3256 3200 dicat
3283 3144 3507 3215 aliquis.

1941 3238 2411 3307 ἱσοδιαιρούμενα,
2471 3237 2523 3292 id
2574 3246 2679 3301 est,
2736 3238 3021 3307 aequaliter
3069 3237 3122 3293 in
3184 3238 3508 3294 divisionem

1923 3334 2203 3388 venientes
2250 3342 2303 3387 et
2335 3332 2470 3386 tales
2515 3332 2758 3401 qualium
2809 3332 2978 3386 altera
3016 3341 3077 3386 ut
3125 3332 3298 3387 altera
3333 3335 3510 3404 quoad

1924 3425 2210 3480 divisionis
2269 3425 2636 3493 aequalitatem
2673 3436 2979 3495 reputatur.
3015 3426 3071 3480 ln
3102 3427 3189 3481 his
3229 3430 3376 3483 enim
3399 3443 3508 3483 non

1921 3524 2027 3577 est,
2066 3513 2211 3583 quod
2262 3530 2434 3583 genus
2489 3515 2781 3584 participet
2834 3517 3005 3586 magis
3032 3526 3088 3571 et
3133 3519 3339 3573 minus.
3395 3518 3511 3574 Nec

1921 3611 2063 3661 cnim
2080 3621 2279 3676 corpus
2297 3608 2467 3678 magis
2487 3609 3077 3679 estsubstantia'quam
3102 3612 3509 3682 incorporeum,

1922 3716 2021 3755 nec
2043 3702 2427 3768 incorporeum
2456 3701 2626 3770 magis
2649 3711 2733 3755 est
2762 3702 3065 3758 substantia
3090 3720 3249 3773 quam
3284 3721 3508 3774 corpus.

1936 3793 2003 3847 Et
2050 3793 2104 3846 in
2142 3792 2264 3846 aliis
2280 3793 2474 3847 eodem
2511 3794 2671 3847 modo
2705 3807 2790 3846 res
2818 3807 2878 3846 se
2908 3791 3096 3848 habet.
3153 3793 3344 3864 Neque
3378 3811 3511 3850 vero

1928 3886 2096 3940 etiam
2127 3886 2269 3956 quod
2298 3896 2492 3940 natura
2524 3886 2675 3956 prius
2722 3895 2809 3941 est
2838 3889 2895 3939 ἐν
2916 3890 3027 3950 τοῖς
3063 3888 3514 3959 ἀντιδιαιρουμέ-

1923 3995 2058 4042 νοις,
2094 3978 2146 4032 id
2177 3987 2263 4034 est
2284 3979 2340 4033 in
2363 3977 2427 4033 iis
2447 3994 2569 4049 quae
2603 3994 2633 4033 e
2657 3980 2899 4049 regione,
2928 3980 3044 4036 sive
3073 3982 3512 4052 aequaliterdiviL

1919 4072 2143 4137 dantur,
2163 4072 2456 4141 reperitur.
2478 4071 2534 4126 ln
2548 4075 2803 4128 omnibus
2821 4074 2965 4128 enim
2986 4075 3316 4130 divisionum
3335 4077 3511 4132 modis

234 4190 367 4233 cum
391 4173 453 4229 τὸ
492 4173 663 4244 magis
693 4179 747 4226 et
771 4170 954 4225 minus
979 4179 1089 4225 tum
1118 4169 1181 4223 τὸ
1213 4171 1589 4241 naturaprius
1617 4184 1646 4223 a
1680 4166 1962 4233 membris,
2003 4165 2242 4237 exceptis
2275 4181 2460 4221 eorum
2485 4182 2605 4237 quae
2639 4167 2706 4222 ab
2738 4183 2847 4222 uno
2881 4177 2933 4222 et
2960 4168 3025 4223 ad
3061 4185 3228 4226 unum
3255 4171 3403 4242 (sunt
3429 4173 3515 4230 di-

231 4266 569 4336 cunturque)
598 4264 755 4335 longe
787 4277 1059 4318 remorum
1100 4271 1209 4319 est.

310 4380 384 4436 κ’.
411 4380 578 4434 ﬁdem
606 4380 663 4433 δὲ
702 4381 973 4450 πρότερον
997 4376 1215 4447 λέγεται
1246 4378 1310 4431 τὸ
1335 4377 1701 4450 συναναιροῦν
1723 4377 1820 4432 καὶ

235 4475 317 4546 μὴ
354 4472 850 4545 συναναιρούμενον
872 4486 889 4503 ο
925 4472 1020 4525 καὶ⁵
1060 4471 1556 4542 συνεισφερὸμενον
1592 4472 1685 4524 καὶ
1743 4469 1819 4542 μὴ

234 4570 636 4637 συνεισφέρον,
667 4561 778 4620 οἷον
811 4565 870 4619 τὸ
907 4563 1046 4631 ζῶον
1099 4565 1260 4633 φύσει
1303 4565 1570 4636 πρότερον
1601 4564 1696 4617 τοῦ
1731 4564 1822 4616 ἀν-

1996 4373 2087 4428 20.
2124 4371 2327 4427 Natura
2359 4383 2539 4428 autem
2574 4374 2726 4444 prius
2753 4375 2972 4439 dicitur,
3006 4391 3129 4431 eum
3171 4378 3314 4447 quod
3347 4378 3511 4433 simul

1927 4468 2161 4524 alterum
2194 4468 2329 4523 tollit
2360 4484 2461 4524 nec
2487 4470 2554 4523 ab
2588 4470 2680 4525 illo
2719 4471 2881 4525 simul
2917 4472 3125 4527 tollitur
3164 4488 3178 4538 ;
3214 4481 3328 4526 tum
3355 4475 3503 4542 quod

1929 4562 2093 4618 simul
2122 4562 2359 4617 infertur
2381 4562 2450 4616 ab
2478 4565 2674 4630 altero,
2705 4578 2807 4618 nec
2836 4564 3002 4618 infert
3026 4566 3261 4619 alterum
3293 4581 3307 4619 :
3338 4567 3507 4620 veluti

231 4662 488 4733 θρώπου,
518 4661 655 4713 διότι
687 4659 1086 4731 ἀναιρούμενον
1145 4657 1465 4727 συναναιρεῑ
1499 4657 1588 4708 τὸν
1611 4654 1818 4726 ἄνθρω-

1930 4653 2132 4708 animal
2182 4662 2375 4707 natura
2430 4654 2582 4723 prius
2630 4665 2711 4708 est
2744 4644 2988 4720 homine,
3025 4665 3310 4726 propterea
3361 4659 3507 4727 quod

227 4769 376 4808 now
411 4753 550 4818 ζώου
612 4753 722 4821 γὰρ
776 4752 850 4822 μὴ
898 4751 1072 4814 ὄντος,
1107 4750 1230 4803 οὐδὲ
1286 4751 1575 4818 ἄνθρωπος
1622 4747 1813 4801 ἔσται·

229 4845 732 4915 συνεισιρερόμενον
758 4843 817 4896 δὲ
853 4844 914 4896 ο)
940 4844 1284 4911 συνεισφέρει
1315 4858 1327 4871 ·
1370 4843 1492 4894 ἐπεὶ
1532 4840 1819 4906 συνεισφέ-

230 4956 393 5012 perat
424 4940 526 5008 μὲν
550 4938 629 5007 τῷ
673 4936 949 5007 ἀνθρώπῳ
998 4937 1311 5008 (ἀνθρώπου
1348 4937 1458 5007 γὰρ
1510 4934 1662 4998 ὄντος
1721 4936 1816 4988 καὶ

225 5032 380 5098 ζῶόν
412 5033 563 5083 ἐστιν
590 5031 648 5096 ἐξ
676 5029 967 5103 ἀνάγκης),
1003 5031 1065 5083 οὗ
1100 5028 1446 5099 συνεισφέρει
1481 5028 1538 5082 δὲ
1595 5028 1688 5080 τὸν
1715 5027 1816 5082 ἄν·

226 5126 482 5196 θρωπον.
522 5124 675 5178 Ζώου
740 5124 847 5194 γὰρ
898 5123 1052 5186 ὄντος
1103 5123 1205 5176 οὐκ
1249 5123 1349 5193 ἢδη
1384 5122 1479 5175 καὶ
1532 5120 1824 5191 ἄνθρωπος

224 5218 418 5283 ἔσται,
466 5216 583 5270 ἀλλ’
630 5215 804 5281 ἵππος
850 5217 1038 5287 τυχὸν,
1066 5215 1099 5287 ἦ
1134 5216 1318 5287 βοῦςῆ
1345 5216 1513 5281 κύων,
1546 5214 1578 5285 ἢ
1612 5214 1742 5267 ἄλλο
1768 5231 1822 5267 τι

227 5310 403 5377 ζῶον.
429 5308 594 5363 Φύσει
623 5309 757 5379 γοῦν
782 5310 1049 5381 πρότερον
1071 5311 1186 5362 ἐστι
1219 5308 1281 5362 τὸ
1312 5308 1468 5377 γένος
1492 5305 1586 5361 τοῦ
1619 5308 1818 5372 εἴδους,

221 5404 333 5459 καὶ
364 5404 422 5459 τὸ
450 5400 591 5469 εἶδος
619 5403 726 5457 τῶ)
765 5405 1013 5475 ἀτόμων.

301 5685 413 5744 ια’.
451 5687 543 5742 Ἐν
558 5688 615 5743 δὲ
649 5690 759 5753 τοῖς
785 5691 975 5746 εἴδεσιν
1006 5692 1039 5764 ἢ
1069 5696 1179 5759 τοῖς
1212 5695 1436 5765 ἀτόμοις
1490 5698 1550 5750 οὐ
1587 5697 1817 5768 θεωρεῖ-

211 5800 317 5837 ται
343 5779 405 5833 τὸ
429 5782 586 5850 φύσει
620 5782 904 5853 πρότερον.
946 5785 1020 5840 Οὐ
1038 5788 1144 5858 γὰρ
1170 5790 1229 5844 τὸ
1258 5790 1474 5859 λογικὸν
1501 5790 1661 5860 φύσει
1683 5793 1817 5862 πρό-

209 5890 391 5946 τερον
418 5873 515 5929 τοῦ
546 5875 743 5946 ἀλόγου
772 5879 921 5941 (ἐπεὶ
946 5881 1065 5937 οὐδὲ
1098 5888 1429 5958 συναναιρεῖ,
1451 5887 1570 5942 οὐδὲ
1602 5905 1813 5944 συνεισο

1925 4762 2050 4800 cum
2108 4747 2335 4813 tollitur,
2390 4747 2666 4801 hominem
2742 4763 2927 4802 secum
2978 4748 3119 4802 tollit
3174 4750 3408 4820 (quippe
3461 4752 3505 4806 si

1922 4858 2031 4896 non
2061 4850 2148 4897 est
2179 4843 2406 4908 animal,
2437 4858 2618 4912 neque
2648 4841 2812 4897 homo
2840 4842 2989 4907 erit);
3025 4842 3133 4913 26
3159 4857 3281 4896 cum
3310 4851 3493 4898 autem

1922 4937 2085 4991 simul
2142 4936 2395 5001 infertur,
2438 4953 2546 4992 non
2600 4937 2761 4991 simul
2814 4936 3026 5004 infert;
3062 4935 3502 5008 quandoquidem

1922 5029 2082 5083 simul
2110 5030 2329 5099 quidem
2384 5045 2509 5084 cum
2548 5029 2773 5084 homine
2810 5029 3041 5083 inl’erlut'
3077 5030 3325 5102 (homine
3354 5031 3503 5085 enim

1922 5119 2223 5175 cxsistente
2271 5128 2327 5175 et
2376 5120 2579 5175 animal
2603 5130 2689 5174 est
2752 5120 3113 5190 necessario),
3156 5135 3265 5175 non
3324 5129 3505 5176 tamen

1922 5211 2087 5265 simul
2116 5212 2277 5266 infert
2302 5211 2602 5265 hominem.
2630 5210 2864 5265 Animali
2896 5214 3042 5267 enim
3070 5215 3369 5268 exsistente
3396 5230 3503 5268 nmt

1923 5306 2170 5374 protinus
2199 5305 2363 5357 etiam
2398 5304 2562 5358 homo
2593 5305 2719 5368 erit,
2766 5303 2862 5359 sed
2894 5320 3067 5374 equus
3115 5304 3347 5360 fortasse
3411 5315 3509 5361 aut

1922 5397 2039 5459 bos,
2078 5402 2171 5449 aut
2221 5395 2398 5458 cauis,
2448 5403 2547 5449 aut
2589 5394 2739 5449 aliud
2782 5395 3003 5465 aliquod
3035 5397 3259 5453 animal.
3297 5394 3509 5453 Natura

1925 5490 2154 5559 proinde
2186 5488 2337 5560 prius
2368 5497 2450 5543 est
2482 5504 2653 5560 genus
2681 5490 2892 5560 specie,
2941 5500 2997 5545 et
3040 5491 3255 5562 species
3300 5491 3506 5548 indivi-

1924 5584 2067 5637 duis.
3534 5594 3537 5599 ’

1993 5695 2085 5752 2i.
2128 5694 2184 5749 In
2220 5697 2511 5767 speciebus
2555 5711 2736 5752 autem
2768 5706 2853 5754 vel
2902 5699 3201 5755 individuis
3251 5698 3302 5752 id
3363 5699 3506 5768 quod

1924 5802 2119 5844 natura
2170 5790 2324 5859 prius
2372 5799 2477 5850 est.
2520 5808 2631 5847 non
2655 5803 2956 5862 spectatur.
2992 5792 3107 5848 Non
3143 5792 3288 5848 enim
3344 5790 3508 5844 ratio-

1922 5888 2045 5950 nale
2073 5901 2264 5942 natura
2301 5903 2453 5958 pnus
2487 5898 2568 5944 est
2613 5904 2776 5959 quam
2808 5888 3123 5945 irrationale
3152 5902 3247 5943 seu
3281 5884 3501 5940 brutum
