3876 6364
221 306 324 374 709

811 423 856 476 K
869 420 1067 478 ΕΦΑΔ.
1131 419 1205 477 Γ.

219 537 350 611 Περὶ
381 535 617 611 {Fs/P46
651 536 984 611 ἐμπειρίας,
1004 539 1251 611 τέχνης,
1287 539 1752 611 καὶέπιστήμης
1780 557 1793 570 ’

313 625 350 659 ν
375 601 424 675 ᾧ
456 601 552 659 καὶ
592 601 723 675 περι
754 601 874 660 τῶν
898 601 1218 678 δὺν-άῂἒωῦ
1239 601 1357 678 ’τῆς
1387 601 1620 680 ψυχῆςξ

284 709 352 756 α’.
399 702 464 755 Ἦ
506 703 704 770 γνῶσις
734 702 766 772 ἦ
795 705 924 758 ἄνευ
954 705 1112 772 λόγου
1144 707 1314 771 ἐστιν,
1342 706 1375 775 ἢ
1421 707 1559 776 μετὰ
1591 708 1751 777 λόγου
1779 721 1794 736 ·

220 797 364 866 καὶῆ
397 797 600 866 μερική
627 797 796 858 ἐστιν,
829 797 862 865 ἢ
903 796 1158 851 καθόλου.

287 888 352 959 β’.
387 889 453 942 Ἥ
490 888 588 958 μὲν
621 884 716 942 οὖν
749 889 877 943 ἄνευ
914 890 1075 958 λόγου
1110 891 1368 960 γνῶσιςή
1419 893 1618 963 μερικὴ
1653 895 1800 946 ποιεῖ

215 982 309 1052 τήν
328 984 526 1050 πεῖραν
560 997 574 1010 ·
613 981 706 1034 καὶ
735 983 882 1035 ἔστιν
917 983 948 1052 ή
980 986 1142 1047 πεῖρα
1167 986 1285 1046 ἐνὸς
1318 985 1642 1055 πράγματος
1669 987 1792 1038 ἄλο-

213 1094 304 1144 γος
337 1076 538 1143 γνῶσις
567 1093 582 1108 ’
620 1073 732 1132 οἷον
763 1079 889 1131 ὅταν
929 1095 1013 1142 τις
1043 1079 1102 1131 ἓν
1134 1079 1292 1147 μόνον
1356 1077 1618 1147 γινώσκοι
1672 1079 1796 1151 βοή⁴

215 1170 384 1238 θημα,
423 1171 515 1222 καὶ
544 1169 718 1238 τούτῳ
749 1170 949 1241 χρῷτο,
980 1171 1080 1242 τὴν
1109 1172 1288 1226 αἰτίαν
1317 1172 1530 1240 ἀγνοῶν
1577 1172 1699 1226 καθ’
1730 1175 1795 1244 ήν

213 1263 410 1330 thapsia
447 1263 506 1315 τὸ
537 1261 778 1315 τοιοῦτον
811 1263 1084 1333 βοήθημα.

282 1361 353 1422 γ’.
398 1353 462 1410 Ἢ
491 1354 547 1408 δὲ
583 1355 712 1407 ἄνευ
735 1356 892 1422 λόγου
918 1357 1120 1424 γνῶσις
1152 1359 1183 1426 ἡ
1247 1358 1477 1412 καθόλου
1512 1361 1656 1412 ποιεῖ
1695 1359 1796 1430 τὴν

214 1447 509 1517 ἐμπειρίαν
536 1463 551 1477 ⁸
583 1449 677 1501 καὶ
706 1448 852 1516 ἔστιν
903 1451 1166 1520 ἐμπειρία
1193 1451 1226 1520 ή
1259 1450 1367 1502 τῶν
1395 1451 1624 1504 καθόλου
1655 1451 1800 1520 γνῶ-

214 1557 296 1599 σις
331 1539 528 1607 ἄλογος
559 1556 574 1571 ·
613 1539 804 1612 ὥσπερ
831 1541 923 1594 ἐπὶ
971 1543 1082 1595 τῶν
1139 1543 1484 1612 ὲμπειρικῶν
1548 1546 1749 1615 ἰατρῶν
1781 1561 1794 1575 '

212 1627 359 1687 οὗτοι
388 1620 518 1705 γὰρ’
561 1633 734 1688 πολλὰ
784 1635 884 1703 μὲν
935 1636 1262 1703 γινώσκουσι
1310 1636 1651 1707 βοηθήματα,
1699 1637 1798 1708 τὴν

211 1729 392 1781 αἰτίαν
413 1727 469 1780 δὲ
509 1727 610 1796 τῆς
643 1726 896 1797 βοηθείας
935 1728 1119 1781 αὐτῶν
1147 1728 1206 1780 ού
1239 1728 1622 1795 γινώσκουσιν.
1663 1729 1796 1797 Ἐμ-

1536 311 1872 375 EPITOME
1916 311 2220 378 LOGlCA.

3376 311 3485 380 710

2511 422 2737 479 CAPUT
2777 423 2866 479 ιιι.

1911 533 1986 587 De
2024 533 2415 598 experimento.
2454 539 2813 599 experientia.
2852 547 2963 591 arte
2995 546 3043 591 et
3080 536 3346 603 scientia;
3390 535 3478 590 ubi

2302 609 2461 658 etiam
2495 608 2556 659 de
2594 611 2788 660 animo!
2822 611 3092 676 potentia.

1985 696 2174 766 3ο1.
2211 695 2409 750 Notitia
2447 698 2529 751 vel
2572 698 2690 750 sine
2737 700 2950 752 ratione
2990 710 3072 750 est
3109 700 3188 753 vel
3230 715 3354 752 cum
3393 715 3472 752 ra-

1913 791 2092 856 tione,
2127 800 2318 860 estque
2353 791 2433 844 vel
2466 793 2812 861 partienlaris
2844 793 2924 846 vel
2959 795 3304 848 universalis.

1981 887 2035 940 2.
2074 887 2204 952 Qua:
2241 887 2456 956 quidem
2491 887 2654 955 igitur
2695 889 2814 941 sine.
2857 888 3068 942 ratione
3109 899 3189 941 est
3243 891 3478 956 pat'tit‘tt-

1908 978 2040 1034 laris
2087 979 2313 1040 notitia.
2353 981 2791 1048 experimentum
2839 981 3006 1045 facit;
3049 991 3096 1031 et
3143 992 3224 1032 est
3265 981 3484 1047 expeti-

1911 1081 2157 1126 mentum
2189 1073 2354 1126 unius
2389 1074 2463 1126 rei
2499 1073 2692 1126 netitia
2731 1074 2958 1126 rationis
2988 1088 3184 1142 expers
3211 1113 3224 1135 ,
3262 1082 3316 1124 ut
3357 1088 3482 1124 cu-u

1907 1168 2032 1234 quis
2052 1181 2216 1218 ttmtnt
2241 1167 2417 1220 solum
2446 1167 2597 1219 novit
2628 1168 2931 1219 remedium
2952 1182 3129 1234 eoque
3155 1165 3484 1222 utilttr.(‘atl-

1907 1273 2022 1311 sam
2053 1262 2307 1327 ignorans
2340 1269 2561 1327 propter
2584 1275 2746 1327 quam
2775 1259 2878 1312 tale
2905 1262 3204 1312 remedium
3239 1259 3307 1309 sit
3332 1272 3382 1308 ut
3411 1256 3486 1310 le.

1978 1353 2030 1405 ὅ.
2069 1353 2196 1416 Quae
2230 1362 2408 1404 autem
2442 1352 2559 1404 sine
2599 1351 2811 1405 ratione
2852 1362 2937 1405 est
2978 1351 3303 1403 universalis
3340 1352 3488 1402 noti-

1911 1441 1983 1494 tia
2011 1479 2026 1504 ,
2071 1442 2468 1510 experientiam
2514 1443 2821 1495 constituit.
2856 1445 3056 1510 Estque
3100 1444 3441 1509 experientia
3471 1480 3486 1504 ,

1909 1534 2302 1589 universalium
2338 1537 2534 1589 notitia
2570 1537 2797 1590 rationis
2834 1553 3052 1605 expers,
3084 1546 3141 1589 ut
3175 1540 3228 1589 in
3265 1537 3491 1590 medicis

1909 1629 2001 1697 qui
2047 1628 2295 1697 empirici
2345 1629 2642 1696 dicuntur,
2696 1638 2985 1700 propterea
3033 1629 3291 1683 nimirum
3339 1629 3488 1697 quod

1904 1720 2243 1790 experientia
2282 1721 2561 1786 nitantur,
2611 1724 2798 1776 videre
2847 1735 2950 1776 est.
3004 1722 3068 1776 lli
3123 1725 3270 1776 enim
3318 1723 3491 1776 mulis

212 1822 402 1888 πειρία
433 1820 613 1872 τοίνυν
641 1822 761 1873 ἐστὶ
789 1821 977 1890 μνήμη
1023 1822 1116 1873 καὶ
1167 1825 1400 1891 τήρησις
1452 1821 1645 1884 ἄλογος
1689 1825 1798 1875 τῶν

1924 1816 2128 1882 [itidem
2163 1826 2366 1869 norunt
2400 1816 2640 1871 remedia
2667 1856 2682 1881 ,
2718 1817 2810 1871 sed
2850 1832 3066 1870 causam
3095 1830 3268 1886 quare
3296 1823 3490 1880 iuvent

214 1910 474 1972 πολλάκις
494 1913 587 1965 xal.
613 1911 878 1974 ὡσαύτως
903 1913 1199 1981 ὀφθέντων.
1241 1915 1298 1967 ’0
1333 1916 1441 1984 γὰρ
1481 1914 1802 1984 ἐμπειρικὸς

215 2002 398 2070 ἰατρὸς
434 2003 494 2054 ὲν
526 2004 716 2075 μνήμῃ
746 2005 990 2073 κατέχων
1043 2005 1137 2057 καὶ
1197 2005 1379 2074 τηρῶν
1429 2005 1500 2057 τὰ
1543 2005 1801 2066 πολλάκις

214 2097 307 2148 καὶ
333 2096 601 2160 ὡσαύτως
625 2097 859 2165 ὀφθέντα
885 2100 1094 2167 ἰάματα
1123 2099 1393 2170 κέχρηται
1416 2098 1631 2162 τούτοις
1663 2113 1681 2133 θ
1709 2098 1802 2151 τὸν

215 2189 322 2259 γὰρ
348 2190 507 2257 λόγον
525 2191 622 2259 τῆς
661 2191 857 2251 ἰάσεως
889 2193 990 2244 οὐκ
1022 2191 1198 2255 εἰδώς.

1915 1908 2030 1977 ipsa
2061 1916 2116 1962 et
2145 1910 2296 1963 utilia
2327 1909 2458 1976 sint,
2497 1910 2774 1980 ignorant.
2808 1909 2903 1964 Est
2939 1910 3102 1979 igitur
3145 1907 3484 1975 exiiet'ienlia

1914 2001 2174 2055 memoria
2217 2010 2272 2055 et
2301 2003 2619 2057 observatio
2648 2019 2840 2057 eorum
2879 2020 2998 2071 qua:
3030 2019 3173 2072 Smpe
3204 2012 3259 2057 et
3290 2003 3482 2056 eodem

1915 2092 2080 2146 modo
2114 2093 2226 2146 visa
2263 2104 2412 2148 sunt.
2456 2094 2587 2147 Nam
2635 2096 2882 2150 medicus
2927 2096 3250 2164 empiricus,
3294 2096 3344 2148 id
3381 2103 3488 2156 est,

1911 2187 2002 2256 qui
2038 2189 2374 2256 experientia
2406 2189 2620 2253 nititur,
2649 2205 2772 2242 cum
2805 2193 3069 2243 memoria
3101 2199 3282 2242 teneat
3311 2199 3364 2242 et
3390 2190 3490 2244 ob-

217 2293 402 2338 servet
469 2283 864 2337 medicamenta
903 2299 1022 2354 quze
1065 2284 1167 2338 sibi
1226 2298 1369 2354 saepe
1396 2295 1452 2338 et
1496 2283 1686 2339 eodem
1715 2280 1878 2336 modo
1911 2281 2291 2338 animadversa
2325 2293 2452 2339 sunt
2481 2325 2494 2349 ,
2549 2288 2723 2337 utitur
2770 2285 2878 2338 illis
2903 2326 2917 2347 ,
2975 2285 3186 2338 tametsi
3221 2286 3490 2339 rationem

225 2390 400 2444 quare
433 2385 630 2430 sanent
655 2417 668 2441 ,
709 2392 816 2431 non
853 2377 1140 2448 intelligat.

287 2470 350 2523 δ’.
396 2471 464 2522 Ἦ
488 2470 544 2524 δὲ
597 2472 735 2538 μετὰ
793 2473 954 2540 λόγου
1019 2475 1221 2545 μερικὴ
1275 2475 1479 2543 γνῶσις
1520 2476 1714 2547 τέχνης
1773 2475 1806 2547 ἢ

221 2565 534 2633 ἐπιστήμης
561 2564 725 2634 μέρος
752 2568 902 2618 ποιεῖ
930 2581 943 2595 ·
971 2568 1168 2637 τέχνης
1212 2568 1331 2635 μὲν,
1376 2569 1426 2620 εἰ
1473 2569 1534 2621 τὸ
1581 2569 1809 2622 ὑποκεί-

166 2643 169 2645 ’
225 2677 384 2720 μενον
412 2661 668 2730 τρεπτὸν,
729 2661 1042 2733 ἐπιστήμης
1093 2663 1176 2730 δὲ,
1235 2665 1284 2717 εἰ
1335 2665 1396 2717 τὸ
1445 2664 1808 2734 ὑποκείμενον

224 2734 513 2824 ἄτρεπτον.

296 2841 357 2898 ε’.
407 2845 469 2898 Ἥ
493 2845 550 2898 δὲ
575 2845 810 2901 καθόλου
875 2851 1017 2919 μετὰ
1044 2848 1207 2919 λόγου
1251 2849 1453 2920 γνῶσις
1481 2849 1695 2904 τελείαν
1721 2849 1808 2902 τέ-

228 2953 360 3005 χνην
393 2936 427 3006 ἢ
464 2936 675 2992 τελείαν
709 2940 1024 3010 ἐπιστήμην
1055 2943 1233 2995 ποιεῖ’
1272 2942 1469 3012 τέχνην
1501 2941 1622 3010 μὲν,
1650 2939 1809 3010 εἴπερ

226 3026 338 3097 ἔχει
394 3031 462 3080 τὰ
503 3030 839 3100 ύποκείμενα
901 3033 1111 3102 τρεπτά
1159 3051 1219 3086 τε
1272 3035 1366 3087 καὶ
1413 3034 1700 3097 ἀλλοιωτὰ,
1761 3034 1810 3085 εἰ

225 3117 271 3171 δ’
294 3122 542 3193 ἄτρεπτα
566 3124 656 3176 καὶ
683 3123 1039 3192 ἀναλλοίωτα,
1076 3128 1411 3198 ἐπιστήμην,

293 3399 370 3458 ς’.
412 3391 589 3462 Τέχνη
609 3391 718 3462 γὰρ
753 3391 848 3445 καὶ
869 3392 1148 3463 ἐπιστήμη
1183 3392 1324 3447 κατὰ
1348 3392 1416 3446 τὰ
1467 3393 1808 3466 ὑποκείμενα

221 3488 593 3557 διαφέρουσιν.
629 3486 787 3539 Ἔστι
821 3487 919 3556 μὲν
945 3485 1040 3540 οὖν
1071 3489 1103 3557 ή
1135 3487 1298 3557 τέχνη
1331 3487 1533 3554 γνῶσις
1557 3488 1668 3541 τῶν
1704 3506 1806 3542 κα⁸

223 3581 380 3634 θόλου
423 3581 561 3650 μετά
590 3580 750 3646 λόγου
774 3581 980 3649 τρεπτὰ
1008 3581 1075 3632 τὰ
1107 3580 1440 3646 ὑποκείμενα
1475 3580 1698 3649 ἔχουσα.

291 3674 360 3737 ζ’.
397 3674 468 3725 Ἦ
497 3674 682 3738 πάλιν,
718 3674 881 3744 τέχνη
913 3673 1032 3724 ἐστὶ
1054 3672 1308 3741 σύστημα
1341 3673 1402 3724 ὲκ
1448 3674 1808 3742 καταλήψεων

221 3766 760 3836 ἐγγεγυμνασμένων
808 3764 946 3834 πρός
1002 3781 1053 3817 τι
1097 3765 1250 3826 τέλος
1284 3763 1586 3835 εὔχρηστον
1621 3767 1727 3817 τῶν
1755 3771 1810 3818 ἐν

219 3860 295 3930 τῷ
317 3859 438 3930 βιῳ.
474 3857 742 3928 Σύστημα
784 3857 883 3928 μὲν
905 3851 1000 3910 οὖν
1023 3858 1087 3909 ἐκ
1121 3847 1504 3926 καταλήψεων,
1533 3857 1809 3909 τουτέστιν

224 3955 502 4024 ἄθροισμα
531 3951 589 4016 ἐξ
616 3953 980 4021 ὲφευρέσεων,
1013 3953 1255 4020 εῐρηται,
1295 3949 1433 4020 πρὸς
1474 3951 1810 4004 ἀντιδιαστο-

221 4049 319 4118 Ᾱὴν
389 4047 485 4116 τῆς
564 4045 759 4114 πείρας
825 4044 1179 4114 ὑπαρχούσης
1239 4044 1494 4112 γνώσεως
1553 4046 1807 4114 μερικῆε,

221 4143 759 4212 ἐγγεγυμνασμένων
813 4141 912 4205 δὲ,
966 4141 1086 4210 ήτοι
1140 4138 1662 4208 δεδοκιμασμένων,
1721 4137 1808 4191 διὰ

219 4237 319 4305 τὴν
354 4237 648 4306 ἐμπειρίαν
671 4234 934 4303 ἀδόκιμον
965 4231 1134 4286 οὖσαν
1165 4232 1380 4302 τριϐήν.
1428 4232 1504 4284 Τὸ
1533 4231 1613 4297 δὲ,
1673 4230 1807 4297 πρός

220 4347 270 4382 τι
306 4330 457 4392 τέλος
487 4327 785 4398 εὔχρηστον
813 4326 924 4380 τῶν
950 4329 1008 4378 ιν
1042 4324 1120 4395 τῷ
1153 4325 1274 4396 βίῳ,
1301 4325 1686 4393 προστέθειται
1720 4324 1809 4376 διὰ

224 4425 319 4488 τὰς
379 4423 799 4493 ματαιοτεχνίας
861 4420 951 4474 καὶ
1014 4419 1389 4490 κακοτεχνίας,
1440 4419 1642 4481 αἵτινες
1687 4418 1808 4471 οὐδὲ

226 4519 414 4589 τέχναι
444 4508 603 4572 εἰσιν.
637 4516 704 4570 Ἡ
755 4517 862 4586 γὰρ
918 4514 1307 4586 ματαιοτεχνία
1369 4512 1493 4567 οὔτε
1538 4513 1805 4582 ὠφέλειαν

227 4583 351 4665 οὔτε
377 4612 584 4682 βλάϐην
617 4583 860 4679 εἰσφέρει
1055 4583 1287 4678 plpl-ib;
1345 4608 1377 4677 ή
1422 4603 1809 4674 νευροόατικὴ,
1845 4583 1886 4638 D

227 4705 322 4756 καὶ
355 4703 389 4772 ή
411 4700 838 4770 κοντοπαικτική
869 4715 884 4731 ο
917 4701 950 4770 ή
978 4699 1034 4751 δέ
1062 4716 1125 4767 γε
1173 4699 1501 4767 κακοτεχνία
1557 4697 1692 4767 πρὸς
1733 4695 1813 4764 τῷ

231 4796 398 4866 μηδὲν
428 4795 660 4864 ὠφελεῖν
687 4797 780 4848 καὶ
826 4793 1052 4862 βλάπτει
1077 4794 1168 4844 τὸν
1203 4790 1342 4859 βίον,
1363 4792 1439 4854 ὡς
1468 4792 1500 4861 ὴ
1531 4791 1788 4862 γοητική.

297 4885 368 4956 η’.
398 4887 576 4955 Τέχνη
608 4886 770 4938 πάλιν
820 4884 967 4937 ἐστὶν
1003 4884 1119 4949 ἕξις
1162 4881 1266 4952 6δῴ
1319 4882 1610 4952 βαδίζουσα
1673 4882 1814 4952 μετὰ

230 4981 554 5051 φαντασίας.
590 4981 919 5049 Πρόσκειται
947 4976 1009 5030 τὸ
1025 4978 1178 5045 μετὰ
1205 4975 1550 5043 φαντασίας
1574 4973 1663 5028 διὰ
1712 4973 1812 5045 τήν

231 5074 390 5139 φύσιν
425 5089 438 5101 ·
473 5073 586 5138 ἕξις
612 5075 718 5141 γάρ
751 5072 828 5132 τί,
851 5072 966 5122 ἐστι
999 5071 1092 5121 καὶ
1121 5071 1152 5137 ή
1199 5069 1379 5135 φύσις,
1404 5066 1480 5129 ὡς
1515 5069 1714 5137 ἔχουσα
1745 5068 1807 5118 τὸ

231 5164 369 5220 εἶναι
400 5169 455 5220 έν
478 5162 557 5228 οἷς
595 5170 741 5218 ἐστιν
767 5181 780 5195 ο
815 5160 926 5216 οἷον
955 5165 1011 5216 ὲν
1037 5160 1184 5233 ζώω,
1214 5165 1271 5214 ὲν
1325 5162 1499 5231 φυτῷ,
1565 5163 1625 5214 ὲν
1677 5161 1808 5230 λίθῳ

231 5262 457 5324 καὶτοῖς
485 5261 688 5320 λοιποῖς
712 5274 726 5290 ·
756 5259 961 5328 βαδίζει
994 5257 1052 5309 δὲ
1087 5257 1182 5310 καὶ
1229 5257 1355 5326 ὁδῷ,
1389 5254 1637 5310 τουτέστι
1667 5252 1809 5307 κατά

231 5356 380 5417 τάξιν
442 5353 788 5422 προέρχεται,
844 5353 938 5404 καὶ
989 5355 1164 5404 πάντα
1221 5350 1363 5404 κατὰ
1414 5349 1574 5417 λόγον
1622 5350 1808 5412 ποιεί,

234 5446 343 5498 ἀλλ’
373 5448 434 5498 ού
466 5448 604 5515 μετὰ
636 5447 954 5515 φαντασίας,
985 5444 1174 5514 ὥσπερ
1206 5445 1239 5514 ἡ
1287 5443 1478 5514 τέχνη.
1514 5443 1651 5496 Ούδὲ
1701 5442 1811 5511 γὰρ

234 5541 587 5609 προδιατυποί
639 5541 700 5591 ὲν
750 5539 917 5607 ἑαυτῇ
970 5536 998 5590 ὃ
1062 5537 1312 5606 βούλεται
1375 5535 1809 5590 κατασκευάσαι.

237 5637 461 5702 ’Δλογος
493 5637 600 5703 γάρ
653 5636 819 5688 ἐστιν.
893 5631 1034 5687 Ἀλλ’
1082 5636 1110 5686 ὁ
1167 5632 1419 5702 τεχνίτης
1471 5631 1814 5701 κεχρημένος

234 5729 309 5796 τῷ
328 5728 490 5796 λόγῳ,
518 5726 680 5796 ἡνίκα
701 5743 752 5778 τι
783 5725 1030 5794 βούλεται
1069 5725 1311 5793 ποιῆσαι,
1339 5725 1607 5794 πρότερον
1629 5725 1812 5775 διατυ-

239 5817 328 5867 mi
353 5815 412 5869 τὸ
433 5815 674 5871 τοιοῦτον
708 5818 762 5869 ἐν
796 5815 994 5888 ἐαυτῷ,
1021 5815 1115 5871 καὶ
1143 5809 1243 5868 εἶθ’
1265 5813 1438 5881 οὕτως
1465 5815 1737 5871 ἀποτελεῖ.

1983 2473 2037 2528 4.
2079 2473 2244 2526 Porro
2276 2472 2621 2541 particularis
2654 2487 2778 2526 cum
2817 2477 3027 2527 ratione
3075 2473 3268 2528 notitia
3299 2513 3314 2539 ,
3353 2476 3489 2533 artis

1916 2567 1998 2620 vel
2035 2567 2278 2619 scientiae
2313 2575 2521 2635 partem
2556 2566 2720 2620 ellicit
2760 2585 2773 2620 :
2811 2569 2947 2621 artis
2981 2569 3224 2636 quidem,
3269 2571 3312 2622 si
3355 2571 3488 2625 sub-

1909 2658 2116 2726 jectum
2149 2660 2218 2712 sit
2253 2659 2541 2724 mutabile,
2609 2660 2857 2715 scientia
2892 2677 3020 2715 vero
3046 2703 3061 2727 ,
3103 2661 3147 2716 si
3181 2663 3490 2734 subjectum

1914 2752 2272 2806 immutabile.

1984 2843 2087 2912 31
2137 2845 2191 2898 5.
2244 2844 2582 2902 Universalis
2635 2864 2764 2902 vero
2811 2864 2932 2902 cum
2989 2851 3201 2906 ratione
3251 2851 3493 2923 notitia,

1909 2943 2206 3007 perlectam
2239 2952 2413 2994 artem
2460 2953 2551 2995 aut
2601 2944 2898 3012 perfectam
2940 2945 3223 3000 scientiam
3265 2948 3428 3003 elﬁcit
3471 2967 3490 3005 τ

1909 3042 2081 3086 artem
2115 3035 2335 3103 quidem
2364 3079 2378 3101 ,
2413 3035 2683 3104 siquidem
2717 3033 2961 3110 subjecta
3000 3041 3162 3095 habet
3194 3043 3489 3098 mutationi

1909 3134 1965 3179 et
2007 3128 2317 3182 alterationi
2373 3130 2648 3198 obnoxia;
2701 3134 2986 3188 scientiam
3026 3152 3154 3188 vero
3180 3177 3195 3201 ,
3235 3137 3279 3191 si
3312 3147 3492 3191 muta-

1837 3225 1883 3287 ς
1919 3217 2086 3272 tionis
2138 3230 2192 3274 et
2241 3223 2582 3277 alterationis
2630 3227 2995 3294 experientia.
3044 3227 3258 3300 Quippe
3297 3245 3388 3284 ars
3435 3238 3493 3285 et

1915 3313 2142 3368 scientia
2173 3315 2352 3383 quoad
2389 3316 2634 3382 subjecta
2669 3319 2948 3373 ditierunt.

1987 3403 2040 3457 6.
2084 3403 2264 3469 Quare
2312 3421 2402 3458 ars
2452 3407 2668 3476 quidem
2721 3419 2806 3462 est
2853 3409 3043 3464 notitia
3097 3413 3490 3469 universalium

1914 3509 2037 3548 cum
2070 3498 2278 3550 rati0ne
2313 3499 2632 3566 conjuncta,
2668 3499 2874 3554 habens
2904 3501 3152 3570 subjecta
3184 3505 3490 3561 mutabilia.

1991 3673 2040 3726 7.
2082 3671 2173 3724 Vel
2208 3689 2423 3728 rursum
2461 3690 2473 3726 :
2509 3690 2596 3726 ars
2629 3685 2708 3728 est
2753 3675 3072 3729 constitutio
3116 3693 3181 3732 ex
3229 3679 3491 3735 observa.

1919 3765 2158 3820 tionibus
2181 3776 2233 3818 et
2262 3768 2720 3834 praeceptiombus
2751 3769 3145 3823 exercitatione
3176 3771 3490 3841 deprehen-

1915 3865 1990 3914 sLs
2032 3857 2098 3911 ad
2135 3859 2322 3912 utilem
2386 3859 2627 3928 aliquam
2691 3875 2872 3912 rerum
2913 3864 3272 3918 humanarum
3319 3865 3486 3922 finem

1915 3950 2316 4022 pertinentibus
2362 3951 2618 4006 conﬂata.
2683 3952 3016 4009 Constitutio
3085 3958 3314 4026 proinde
3366 3960 3494 4028 qui-

1915 4045 2036 4099 dem
2069 4061 2132 4098 ex
2161 4045 2639 4100 observationibus
2661 4057 2711 4101 et
2740 4050 3228 4117 prmceptionibus,
3265 4051 3367 4106 hoc
3382 4064 3491 4118 est,

1913 4139 2164 4193 collectio
2191 4154 2284 4193 seu
2304 4140 2590 4210 congeries
2616 4156 2680 4195 ex
2698 4142 3182 4197 οιίἱιινοηιὶυιιξιιιις
3206 4144 3348 4200 dicta
3380 4155 3492 4213 est,

1916 4243 1975 4287 ut
2006 4233 2073 4286 ab
2104 4232 2483 4301 experimento
2513 4236 3164 4305 contradistingueretur,
3191 4239 3334 4306 quod
3370 4254 3494 4308 par-

1914 4325 2159 4380 ticularis
2187 4328 2382 4381 notitia
2413 4338 2528 4391 est;
2560 4328 2655 4382 sed
2685 4329 3082 4384 exercitatione
3125 4331 3494 4400 deprehensis

1912 4419 2030 4473 sive
2061 4418 2326 4488 probatis,
2365 4431 2586 4489 propter
2615 4422 3032 4491 experientiam,
3061 4439 3176 4492 ιγιιςυ
3209 4427 3490 4493 probatio-

1915 4511 2000 4566 nis
2027 4527 2224 4581 expers
2252 4521 2336 4566 est
2371 4513 2818 4579 exercitatio:seu
2873 4531 3024 4569 Usus.
3065 4515 3304 4584 Denique
3337 4517 3395 4569 τὸ
3425 4518 3494 4574 ad

1919 4605 2104 4658 utilem
2131 4605 2368 4673 aliquem
2403 4621 2583 4660 rerum
2613 4607 2974 4663 humanarum
3010 4610 3170 4662 linem
3207 4610 3494 4677 pertineno
3545 4625 3550 4646 τ

1914 4700 2059 4755 tibus
2099 4697 2403 4768 (conﬂata).
2443 4700 2712 4768 adjectum
2765 4713 2848 4754 est
2894 4715 3118 4771 propter
3147 4704 3315 4756 malas
3341 4717 3490 4759 artes

1913 4784 1967 4848 et
2000 4810 2170 4847 vanas
2197 4806 2366 4857 artes,
2415 4809 2538 4863 qua:
2585 4811 2651 4849 ne
2697 4797 2919 4864 quidem
2955 4810 3100 4851 artes
3134 4799 3484 4869 (simpliciter

1913 4888 1985 4942 ita
2023 4890 2203 4957 dicta!)
2236 4899 2384 4943 sunt.
2406 4888 2540 4944 Nam
2571 4891 2678 4960 32
2719 4906 2856 4944 vana
2891 4907 2980 4943 ars
3017 4909 3116 4945 nec
3147 4895 3489 4950 etnolumenc

1914 4991 2049 5040 tum.
2089 4997 2187 5036 nec
2219 4983 2609 5037 detrimentum
2640 4983 2801 5038 aﬂ‘ert
2826 4985 2966 5045 vine.
2997 4994 3055 5037 ut
3089 4986 3490 5042 funambulato-

1911 5075 1990 5127 ria
2014 5084 2068 5128 et
2093 5075 2485 5130 contolusoria.
2537 5079 2604 5129 At
2647 5076 2786 5129 mala
2823 5092 2914 5130 ars
2949 5086 3310 5148 printerquam
3339 5084 3486 5151 quol

1911 5164 2046 5219 nihil
2068 5167 2396 5233 commodat,
2430 5167 2586 5220 obest
2621 5171 2784 5220 etiam
2823 5171 2980 5237 vitzc,
3009 5180 3067 5224 ut
3107 5162 3488 5228 incantatnria.

1984 5256 2039 5311 8.
2077 5255 2286 5311 Rursus
2321 5273 2410 5311 ars
2441 5270 2524 5312 est
2591 5258 2814 5313 habitus
2851 5264 3042 5332 (certa)
3077 5263 3160 5317 via
3193 5267 3492 5333 procedens

1914 5367 2039 5406 cum
2070 5351 2481 5423 imaginatione.
2541 5353 2828 5421 Adjectum
2857 5365 2942 5410 est
2972 5357 3033 5408 τὸ
3061 5372 3186 5412 cum
3217 5360 3489 5428 imagini-

1915 5447 2060 5501 tione
2089 5459 2306 5514 prOpter
2333 5456 2610 5500 naturam.
2649 5447 2784 5502 Nam
2810 5461 2864 5502 et
2889 5460 3108 5516 natura,
3132 5452 3355 5522 quidam
3385 5453 3489 5506 Ita-

1915 5537 2056 5590 bitus
2090 5547 2194 5600 est,
2222 5544 2280 5591 ut
2310 5554 2430 5607 qua:
2458 5538 2653 5594 habeat
2688 5541 2803 5595 sive
2837 5544 3120 5597 contineat
3150 5559 3273 5598 esse
3305 5559 3492 5600 rerum

1915 5627 1967 5682 in
2003 5630 2204 5699 quibus
2228 5643 2310 5686 cst
2344 5649 2359 5686 :
2394 5641 2452 5686 ut
2479 5633 2532 5686 in
2562 5634 2804 5698 animali,
2831 5634 2883 5687 in
2907 5634 3111 5706 planta,
3146 5635 3200 5689 in
3237 5635 3414 5704 lapide
3437 5647 3493 5689 et

1915 5726 2150 5777 cteteris.
2189 5725 2433 5780 Procedit
2465 5738 2648 5782 autem
2705 5729 2866 5782 etiam
2905 5739 3052 5783 certa
3091 5730 3198 5793 via,
3235 5730 3338 5782 ltoc
3383 5738 3494 5794 est,

1917 5817 2109 5872 ordine
2163 5819 2533 5889 progreditur,
2563 5830 2617 5876 et
2645 5822 2828 5878 omnia
2858 5823 3159 5877 secundum
3217 5821 3492 5876 rationem
