3876 6364
281 5905 284 5908 .
352 5913 361 5917 -
431 5870 571 5926 nulls.
611 5869 675 5921 iit]
727 5868 826 5923 hoc

399 366 503 461 7n

1622 354 2044 418 NICEPHORI
2080 353 2501 418 ΒιΕΜΜιῡΑζ

3560 346 3671 417 ’112

399 486 549 551 facit,
586 480 682 539 sed
739 493 847 536 nou
900 484 1084 531 tamen
1135 486 1262 529 cum
1315 467 1711 542 imaginatione
1772 468 2235 542 quemadmodum
2292 486 2406 526 ars.
2457 467 2649 539 Neque
2712 465 2865 526 enim
2919 468 3075 542 prius
3127 467 3313 526 animo
3364 468 3421 525 in
3481 472 3667 544 seipsa

399 578 633 645 concipit
664 573 811 645 quod
851 571 969 628 vult
997 577 1336 633 construere,
1393 566 1595 636 quippe
1654 564 1885 620 rationis
1937 579 2134 633 expers
2187 573 2306 632 est;
2365 564 2464 620 sed
2523 562 2719 620 artifex
2780 564 2874 635 qui
2925 565 3143 624 ratione
3208 568 3405 636 utitur,
3447 567 3671 639 quando

399 670 598 740 aliquid
630 667 841 723 efﬁcere
881 665 1015 729 vult,
1048 663 1201 735 prius
1246 661 1299 714 id
1324 660 1467 729 apud
1497 660 1741 729 seipsum
1780 656 1968 710 animo
2023 656 2281 726 concipit,
2320 666 2377 712 et
2401 657 2483 712 sic
2516 657 2716 714 deinde
2746 658 2979 729 perﬁcit.

468 765 521 820 9.
545 763 665 820 Jam
693 776 824 816 vero
857 758 1090 816 scientia
1123 764 1208 812 est
1245 753 1547 809 iulallibilis
1579 759 1634 807 et
1673 749 1987 806 immutabio

2166 749 2233 805 θ’.
2272 750 2588 822 Ἐπιστήμη
2628 750 2685 804 δέ
2722 752 2868 805 ἑστιν
2897 753 2930 821 ὴ
2974 751 3084 806 τῶν
3113 751 3345 807 καθόλου
3371 752 3675 816 ἄπταιστος

398 859 467 912 lis
492 853 881 911 uuiversalium
934 850 1148 906 notitia.
1186 848 1261 902 Ea
1309 846 1455 902 enim
1485 860 1607 915 quae
1636 858 1977 915 cognoscun-

332 1014 333 1017 η
400 962 487 1007 tur
522 948 878 1004 infallibiliter
925 944 1227 1016 cognoscit,
1261 948 1551 1012 propterea
1587 939 1732 1008 quod
1777 944 1977 992 natura

399 1056 587 1097 eorum
620 1039 799 1093 ﬂuxus
814 1045 868 1091 ct
887 1035 1225 1091 alterationis
1251 1046 1448 1102 expers
1477 1041 1580 1086 est.
1608 1028 1797 1099 Neque
1826 1029 1974 1084 enim

400 1132 814 1205 particularium
876 1135 1436 1198 temperatueutorum
1490 1124 1854 1194 proprietates
1878 1137 1977 1176 ex-

402 1228 589 1297 quirit,
624 1237 685 1280 ut
727 1223 1022 1296 medicina.
1053 1219 1149 1276 sed
1184 1219 1253 1275 de
1285 1218 1574 1274 universali
1606 1217 1713 1288 33
1755 1216 1978 1272 homine

402 1328 457 1374 et
497 1318 566 1372 de
600 1313 889 1370 universali
943 1326 1085 1383 equo
1128 1321 1181 1366 et
1214 1310 1488 1365 similibus
1517 1324 1638 1377 quae
1686 1308 1881 1364 eodem
1920 1322 1979 1362 se

404 1426 621 1480 semper
668 1408 827 1463 modo
864 1407 1090 1470 habent,
1143 1404 1438 1474 disceptat.
1497 1403 1603 1458 Ars
1656 1416 1790 1458 vero
1831 1401 1980 1457 circa

404 1504 548 1558 ﬂuxa
576 1512 631 1557 et
656 1516 762 1558 non
784 1500 974 1555 eodem
1000 1499 1161 1554 modo
1195 1512 1413 1567 semper
1468 1512 1529 1553 se
1561 1494 1818 1552 habentia
1856 1508 1980 1550 ver-

404 1607 576 1652 satur.
608 1593 739 1662 Quaa
771 1593 919 1648 enim
977 1592 1105 1646 huic
1135 1591 1380 1660 subjecta
1413 1599 1541 1644 sunt
1574 1587 1716 1645 ﬂuxa
1748 1596 1801 1643 et
1835 1586 1978 1642 alte-

404 1689 600 1744 rationi
637 1686 876 1744 obnoxia
916 1694 1046 1740 sunt
1081 1704 1094 1739 :
1165 1682 1629 1752 quemadmodum
1689 1680 1981 1735 medicinae

404 1784 645 1837 humana
703 1794 953 1850 corpora.
1013 1776 1172 1833 Unde
1225 1775 1390 1831 etiam
1438 1773 1638 1831 medici
1687 1782 1795 1842 est,
1857 1791 1979 1831 cum

402 1873 564 1928 alicui
620 1873 996 1942 purgationem
1031 1879 1340 1941 Opportune
1370 1868 1521 1924 dedit
1568 1876 1815 1939 tempore
1844 1908 1860 1934 ,
1887 1884 1983 1923 su-

404 1969 518 2023 bito
549 1977 730 2022 autem
757 1978 870 2020 tum
924 1966 1143 2020 habitus
1184 1962 1432 2033 corporis
1461 1971 1705 2018 mutatus
1739 1971 1797 2018 et
1853 1962 1984 2018 hinc

402 2060 709 2130 subjectum
740 2059 1031 2112 alteratutn
1078 2065 1183 2117 est,
1227 2055 1372 2125 quod
1422 2055 1837 2120 detrimentum,
1870 2069 1983 2108 non

403 2154 840 2206 emolumentum
953 2148 1333 2219 purgationem
1420 2146 1495 2201 sit
1581 2153 1871 2210 secutum,
1931 2155 1985 2200 et

405 2337 654 2392 mutabili
698 2346 752 2392 et
807 2336 1074 2390 alterabili
1132 2335 1367 2404 subjecti
1419 2343 1614 2390 natura
1664 2333 1984 2403 contigerit.

408 2426 532 2482 llznc
584 2437 765 2481 autem
813 2426 1182 2497 subjectorum
1240 2425 1571 2481 instabilitas
1626 2423 1683 2479 in
1729 2423 1988 2479 omnibus

407 2522 573 2576 etiam
609 2519 822 2575 artibus
853 2518 1252 2574 consideratur.

480 2613 568 2668 10.
602 2611 754 2667 Unde
783 2611 947 2666 etiam
1006 2611 1324 2682 ἐπιστήμη,
1369 2624 1490 2682 quae
1535 2609 1783 2681 subjecta
1825 2608 1993 2665 habet

407 2706 644 2772 stabilia,
695 2705 776 2760 sic
840 2704 1115 2759 nominata
1180 2713 1263 2758 est
1288 2702 1495 2758 Gracia
1556 2703 1700 2774 quod
1755 2717 1852 2757 nos
1895 2701 1989 2755 ἐπὶ

410 2804 621 2866 στέισιν,
656 2800 758 2854 huc
806 2808 892 2854 est
921 2798 988 2853 ad
1022 2805 1226 2852 statum
1255 2795 1522 2863 deducat;
1572 2795 1702 2850 dum
1761 2795 1829 2849 ab
1872 2796 1992 2849 inti-

408 2894 619 2946 nitioue
688 2901 744 2946 et
814 2891 1177 2945 mutabilitate
1242 2890 1659 2960 particulariutn
1737 2888 1982 2944 abducit.

409 2986 616 3053 Quippe
645 2981 943 3053 ἐπιστήμη,
979 2981 1083 3035 hoc
1106 2994 1191 3035 est
1221 2981 1477 3046 scientia,
1506 2982 1655 3034 circa
1688 2977 1985 3035 universa-

409 3078 482 3132 lia
514 3085 569 3131 et
593 3091 821 3131 casuum
854 3074 1134 3131 varietatis
1161 3074 1408 3144 expertia
1433 3083 1709 3130 versatur.

485 3172 573 3228 ll.
606 3170 878 3227 Craterum
928 3180 983 3225 et
1026 3171 1128 3225 hoc
1158 3169 1603 3241 cognoscendum
1657 3176 1763 3236 est,
1801 3184 1998 3241 poten-

415 3265 611 3320 tiarutn
645 3264 841 3318 anima:
888 3263 1023 3318 alias
1049 3263 1273 3333 quidem
1307 3277 1429 3317 esse
1464 3263 1826 3332 vegetativas,
1862 3264 2000 3320 alias

412 3373 547 3414 vero
598 3356 793 3411 vitales
840 3364 896 3411 et
941 3357 1291 3426 appetitivas,
1326 3354 1460 3409 alias
1507 3355 1748 3426 denique
1795 3371 2001 3428 cogno-

424 3460 672 3506 sceutcs.

487 3541 596 3615 34.
634 3541 719 3598 19..
757 3541 816 3597 Et
847 3543 1069 3611 quidem
1107 3545 1426 3615 vegetativan
1466 3553 1619 3607 sunt,
1650 3552 1704 3599 et
1737 3544 1921 3598 nutrix
1947 3554 1999 3600 et

416 3636 629 3690 auctrix
660 3647 716 3689 et
744 3634 1076 3706 generatrix,
1106 3636 1298 3690 vitales
1325 3646 1529 3702 autem,
1582 3646 1636 3693 et
1671 3637 2000 3708 appetitivar,

417 3730 667 3784 uoluntas
726 3738 777 3782 et
823 3727 1045 3792 electio,
1087 3729 1165 3782 ira
1199 3744 1296 3783 seu
1332 3728 1600 3786 irascendi
1652 3731 1920 3800 potentia,
1949 3739 2004 3784 et

419 3820 709 3891 cupiditas,
768 3835 865 3874 seu
899 3821 1153 3890 cupiendi
1187 3821 1441 3878 facultas.

491 3919 577 3974 li.
647 3917 711 3972 Et
771 3918 1025 3974 voluntas
1094 3918 1317 3989 quidem
1380 3925 1501 3984 est,
1565 3913 1846 3971 rationalis
1900 3927 1997 3984 po-

422 4015 588 4070 tentia
636 4032 651 4069 :
710 4015 937 4069 rationis
996 4024 1176 4069 autem
1226 4022 1483 4083 expertes
1528 4010 1786 4081 potentiae
1837 4016 2000 4073 sunt,

418 4107 694 4178 cupiditas
728 4117 805 4172 ,et
835 4108 938 4161 ira.
996 4106 1202 4162 Electio
1251 4106 1489 4176 denique
1535 4104 1781 4174 utrisque
1828 4100 2003 4156 ambi-

421 4204 520 4273 git,
581 4203 695 4259 sive
752 4220 878 4258 cum
947 4204 1193 4272 utrisque
1282 4201 1676 4257 communicat.
1739 4197 2003 4254 Voluntas

425 4298 570 4350 enim
601 4295 821 4365 quidem
853 4297 1045 4350 anima:
1077 4297 1352 4351 rationalis
1382 4305 1466 4350 est
1499 4295 1694 4365 ipsius,
1734 4302 2005 4362 quatenus

428 4405 520 4457 per
582 4403 641 4444 se
689 4390 1066 4444 consideratur
1104 4398 1161 4443 et
1208 4390 1274 4444 ad
1314 4389 1489 4443 solum
1543 4388 1745 4441 bonum
1808 4393 1999 4438 exten-

426 4483 619 4537 ditur:
682 4483 873 4538 electio
927 4492 1107 4536 autem
1176 4483 1345 4552 ipsius
1395 4488 1500 4544 est,
1549 4489 1823 4549 quatenus
1873 4492 1998 4529 cum

425 4574 727 4628 irratiouuli
768 4584 961 4629 natura
997 4575 1248 4645 capulala
1312 4584 1429 4635 est;
1492 4583 1545 4627 et
1588 4572 1721 4625 alias
1772 4571 1992 4640 quidem

2079 842 2284 911 γνῶσις
2310 843 2408 898 καὶ
2440 844 2866 918 ἁμετακίνητος.
2918 846 3268 909 ’Δπταίστως
3352 846 3462 916 γὰρ
3507 845 3676 913 γινώ-

2081 950 2201 990 σκει
2225 933 2293 987 τὰ
2316 936 2713 1006 γινωσκόμενα.
2744 936 2834 991 διὰ
2860 936 2923 990 τὸ
2945 935 3126 990 αὐτῶν
3158 937 3461 1008 ᾶρῤευστόν
3488 953 3550 991 τε
3578 935 3677 991 καὶ

2079 1027 2462 1083 ἀναλλοίωτον.
2484 1027 2619 1081 Οὐδὲ
2644 1027 2755 1097 γὰρ
2776 1024 3021 1092 ἐξετάζει
3052 1027 3161 1081 τῶν
3188 1029 3283 1080 ἐπὶ
3307 1027 3511 1099 μιρους
3526 1028 3674 1099 κρά-

2083 1136 2221 1173 σεων
2241 1120 2340 1184 τὰς
2367 1119 2639 1190 ἰδιότητας
2661 1119 2851 1190 ὥσπερ
2890 1120 3199 1205 ἠρίατρικὴ,
3232 1119 3370 1175 ἀλλὰ
3405 1119 3538 1189 περὶ
3572 1119 3674 1175 τοῦ

2081 1214 2314 1269 καθόλου
2377 1214 2665 1282 ἀνθρώπου
2713 1213 3071 1284 διαλαμϐάνει
3137 1215 3234 1268 καὶ
3283 1214 3377 1269 τοῦ
3439 1214 3673 1269 καθόλου

2085 1308 2255 1362 ῐππου
2285 1307 2379 1362 καὶ
2407 1306 2515 1361 τῶν
2547 1307 2772 1377 όμοίων,
2797 1305 2958 1362 ἅτινα
2987 1309 3075 1362 ἀεὶ
3109 1307 3375 1373 ὡσαύτως
3399 1307 3624 1377 ἔχουσιν
3656 1322 3671 1336 ·

2083 1401 2117 1471 ἡ
2149 1401 2205 1454 δὲ
2241 1401 2406 1472 τέχνη
2438 1399 2572 1470 περὶ
2601 1400 2669 1453 τὰ
2707 1399 2931 1470 ῥευστὰ,
2965 1400 3061 1452 καὶ
3088 1400 3160 1454 τὰ
3183 1400 3259 1470 μὴ
3289 1399 3375 1455 ἀεὶ
3403 1397 3677 1463 ὡσαύτως

2083 1495 2280 1566 ἔχοντα
2348 1494 2727 1563 καταγίνεται.
2789 1493 2872 1547 Τὰ
2931 1494 3037 1564 γὰρ
3103 1493 3441 1562 ὑποκείμενα
3493 1493 3675 1567 ταύτῃ

2087 1586 2292 1659 ρευστά
2322 1588 2432 1641 εἰσι
2466 1584 2560 1641 καὶ
2616 1587 2890 1642 ἀλλοιωτά
2918 1603 2934 1619 ο
2989 1587 3185 1652 καθὼς
3220 1589 3286 1659 τῇ
3334 1589 3554 1659 ἰατρικῇ
3603 1587 3678 1641 τὰ

2084 1679 2404 1754 ἀνθρώπεια
2434 1679 2686 1752 σώματα.
2722 1681 2888 1736 Ὅθεν
2940 1683 3039 1738 καὶ
3104 1680 3201 1736 τοῦ
3263 1681 3449 1754 ίατροῦ
3497 1683 3675 1746 εστιν,

2084 1778 2175 1832 ὅτε
2196 1777 2378 1839 δόντος
2408 1776 2517 1829 τινὶ
2541 1773 2842 1844 καθάρσιον
2896 1776 2954 1828 ἑν
2990 1775 3168 1846 καιρῷ
3226 1774 3420 1841 δέοντι,
3467 1775 3674 1846 αίφνης

2085 1868 2142 1922 δι
2165 1867 2470 1939 τραπέντος
2492 1865 2797 1936 τηνικαῦτα
2834 1866 2931 1918 τοῦ
2964 1866 3412 1936 καταστήματος,
3441 1865 3678 1920 κάντεῦ-

2088 1960 2178 2014 θεν
2202 1957 2583 2021 ἀλλοιωθέντος
2606 1956 2701 2011 τοῦ
2747 1957 3134 2026 ὑποκειμένου.
3199 1956 3372 2029 βλάϐη
3421 1945 3513 2011 {at
3569 1957 3675 2011 οὐκ

2088 2049 2321 2119 ὠφέλεια
2351 2049 2430 2120 τῷ
2457 2049 2742 2120 καθαρσίῳ
2772 2050 3206 2121 ἐπηκολούθησε,
3262 2051 3357 2104 καὶ
3379 2051 3607 2119 γέγονεν
3637 2050 3673 2123 ἡ

2019 2111 2061 2168 Β
2090 2111 2365 2212 ἀποτυχία
2394 2111 2492 2213 τῆς
2518 2111 2727 2206 ἰάσεως.
2749 2144 2811 2196 οὐ
2845 2111 2998 2213 παρὰ
3023 2111 3117 2199 τὸν
3141 2111 3301 2212 λόγον
3330 2111 3432 2215 της
3452 2111 3701 2216 τέχνης,

403 2244 703 2300 sanationis
756 2242 1041 2297 frustratio
1071 2257 1183 2297 non
1210 2256 1277 2295 ex
1333 2242 1469 2296 artis
1499 2240 1741 2305 ratione,
1785 2240 1882 2294 sed
1917 2254 1984 2294 ex
2030 2278 2031 2281 η

2087 2236 2224 2289 ἀλλὰ
2248 2234 2402 2305 παρὰ
2424 2236 2484 2288 τὸ
2502 2236 2737 2305 τρεπτὸν
2767 2234 2861 2289 τοῦ
2888 2237 3256 2309 ὑποκειμένου
3306 2238 3401 2291 καὶ
3451 2238 3683 2291 ἀλλοιωο

2089 2332 2201 2384 τόν.
2233 2329 2405 2383 Τοῦτο
2437 2329 2494 2382 δὲ
2523 2329 2585 2382 τὸ
2607 2330 2843 2384 ἄστατον
2871 2331 2981 2384 τῶν
3016 2332 3398 2403 ὑποκειμένων
3437 2331 3533 2386 καὶ
3582 2334 3683 2386 ἐπὶ

2090 2422 2278 2476 πασῶν
2299 2422 2585 2492 θεωρεῖται
2601 2425 2825 2496 τεχνῶν.

2171 2610 2224 2668 ι’.
2258 2613 2423 2668 Ὅθεν
2448 2615 2483 2686 ἠ
2514 2614 2583 2669 τὰ
2618 2615 2957 2688 ὑποκείμενα
3005 2618 3208 2691 ἔχουσα
3248 2618 3490 2688 στάσιμα
3554 2617 3683 2671 stt.-

2098 2708 2285 2777 στήμη
2300 2708 2642 2778 ὠνόμασται,
2676 2710 2765 2765 διὰ
2801 2713 2862 2766 τδ
2888 2712 2982 2766 ἐπὶ
3037 2712 3228 2767 στάσιν
3252 2713 3352 2768 καὶ
3384 2714 3513 2784 ὅρον
3564 2712 3679 2767 τῶν

2098 2809 2445 2878 πραγμάτων
2490 2808 2646 2877 ἄγειν
2673 2808 2844 2879 ἡμᾶς,
2878 2809 2978 2879 τῆς
3009 2809 3292 2880 ἀοριστίας
3351 2810 3446 2865 καὶ
3510 2825 3684 2880 μετα-

2099 2900 2263 2969 σολῆς
2285 2897 2395 2954 τῶν
2425 2900 2521 2953 ἐπὶ
2562 2901 2765 2971 μέρους
2790 2901 3102 2969 ἀπάγουσα.
3137 2903 3205 2955 Ἦ
3227 2902 3340 2973 γὰρ
3397 2903 3683 2973 ἐπιστήμη

2102 2997 2234 3065 περὶ
2262 2995 2329 3047 τὰ
2365 2993 2599 3048 καθόλου
2630 2996 2727 3048 καὶ
2754 2996 3127 3067 ἁμετάιττωτα
3155 2997 3533 3074 καταγίνεται.

2176 3183 2270 3236 ια’.
2302 3180 2396 3232 Δεῖ
2414 3177 2470 3232 δὲ
2497 3178 2592 3232 καὶ
2620 3177 2777 3235 τοῦτο
2823 3178 3141 3249 γινώσκειν,
3168 3180 3251 3234 δτι
3282 3178 3393 3232 τῶν
3433 3176 3689 3252 ψυχῖκῶν

2101 3272 2388 3340 δυνάμεων
2403 3275 2457 3325 αἱ
2480 3272 2577 3341 μέν
2604 3274 2710 3325 εἰσι
2740 3275 2985 3341 φυτικαὶ,
3009 3273 3066 3326 αι
3093 3272 3149 3326 δὲ
3174 3271 3403 3336 ζωτικαὶ
3437 3274 3531 3328 καὶ
3564 3274 3694 3344 όρι-

2105 3366 2315 3434 κτικαὶ,
2342 3366 2401 3421 αι
2429 3366 2486 3419 δὲ
2519 3367 2839 3436 γνωστικαί.

2179 3547 2269 3619 ιβ’.
2308 3550 2416 3603 Kal.
2445 3552 2673 3618 φυτικαὶ
2701 3551 2802 3622 μέν
2850 3553 2992 3606 εἰσιν
3018 3553 3130 3624 ἦτε
3164 3552 3432 3627 θρεπτικὴ
3466 3557 3559 3611 καὶ
3595 3558 3695 3612 αὗ-

2110 3642 2305 3715 εητική
2332 3648 2424 3699 καὶ
2476 3648 2800 3717 γεννητικῇ,
2858 3647 3091 3714 ζωτικαὶ
3147 3651 3204 3704 δὲ
3261 3652 3358 3706 καὶ
3406 3653 3696 3723 όρεκτικαὶ

2106 3737 2359 3807 βούλησις
2378 3738 2471 3793 καὶ
2498 3740 2839 3811 προαίρεσις,
2862 3741 3032 3812 θυμὸς
3065 3743 3161 3797 καὶ
3189 3742 3474 3816 ἐπιθυμία.

2181 3926 2280 3999 ιγ’..
2298 3921 2405 3974 Καὶ
2431 3922 2464 3992 ἠ
2490 3920 2587 3990 μὲν
2610 3920 2867 3993 βούλησις
2890 3923 3120 3994 δύναμίς
3138 3927 3256 3980 ἐστι
3274 3926 3696 3998 λογικήοᾶλογοι

2106 4014 2163 4067 δὲ
2196 4014 2455 4083 δυνάμεις
2484 4016 2517 4083 ἠ
2542 4014 2807 4081 ἐπιθυμία
2866 4016 2963 4069 καὶ
2990 4018 3017 4070 ό
3057 4017 3247 4085 θυμός.
3291 4019 3358 4072 Ἠ
3412 4019 3468 4073 δι
3498 4023 3699 4093 προαί-

2114 4125 2264 4181 ρεσις
2299 4109 2754 4178 ἑπαμφοτερίξει.
2801 4108 2869 4162 Ἦ
2900 4109 2999 4178 μὲν
3054 4109 3165 4181 γὰρ
3224 4111 3476 4182 βούλησις
3519 4112 3697 4183 αὐτῆς

2110 4203 2236 4256 καθ’
2267 4203 2440 4271 αὐτήν
2465 4206 2578 4255 ἐστι
2607 4205 2707 4271 τῆς
2737 4202 2962 4271 λογικῆς
3000 4205 3204 4276 ψυχῆς,
3237 4208 3327 4259 καὶ
3361 4207 3496 4277 πρὶς
3528 4209 3697 4277 μόνον

2110 4291 2172 4344 τὸ
2191 4292 2395 4361 ἀγαθὸν
2420 4295 2765 4348 ἀποτείνεται
2792 4311 2807 4326 ο
2837 4296 2871 4365 ἡ
2895 4296 2950 4348 δὲ
2982 4299 3306 4369 προαίρεσις
3353 4302 3450 4368 τῆς
3484 4319 3700 4373 συμπε-

2116 4385 2432 4455 πλεγμένης
2459 4388 2575 4438 ἐστὶ
2606 4389 2672 4457 τῇ
2707 4387 2907 4457 ἀλόγῳ.
2941 4390 3050 4443 Καὶ
3088 4393 3219 4444 ποτὲ
3263 4392 3365 4462 μὲν
3410 4396 3547 4464 πρὸς
3599 4395 3700 4450 τοῦ

2111 4477 2272 4545 λόγου
2304 4479 2530 4544 γίνεται,
2571 4480 2701 4531 ποτὲ
2732 4479 2789 4532 δὲ
2817 4481 2952 4550 πρὸς
2981 4481 3080 4550 τῆς
3133 4484 3379 4553 ἀλογέας,
3406 4492 3499 4542 καὶ
3528 4491 3704 4562 αἱρεῖ.

2108 4585 2197 4622 ται
2229 4569 2346 4620 τόδε
2377 4571 2480 4639 πρὸ
2504 4568 2679 4633 τοῦδε,
2708 4570 2789 4623 διὸ
2831 4572 2926 4624 καὶ
2955 4574 3276 4642 προαίρεσις
3307 4580 3552 4649 λέγεται.

426 4670 494 4723 ad
559 4671 847 4732 rationem,
877 4671 1012 4723 aii-us
1052 4677 1234 4722 autem
1275 4669 1340 4721 ad
1391 4669 1604 4754 brutam
1654 4675 1906 4720 naturam
1962 4678 2020 4717 se
2050 4664 2307 4732 explicat,
2361 4672 2417 4717 et
2448 4665 2549 4717 hoc
2580 4678 2691 4733 pra:
2725 4663 2815 4718 illo
2873 4667 3133 4735 αἱρεῖται,
3190 4671 3293 4727 hoc
3343 4683 3425 4730 est
3482 4682 3697 4749 ample-

426 4762 591 4816 c1itur
646 4776 741 4815 seu
787 4761 855 4827 (si
912 4761 983 4813 ita
1036 4762 1217 4815 dicere
1268 4753 1630 4828 liccatjicgit,
1675 4764 2006 4826 quapropter
2035 4754 2199 4808 etiam
2233 4753 2557 4825 προαίρεσις
2616 4757 2717 4809 hoc
2771 4765 2859 4811 est
2917 4757 3115 4812 electio
3166 4760 3387 4819 dicitur.

506 4854 593 4915 14.
625 4855 1031 4924 Cognoscentcs
1065 4854 1299 4920 denique
1334 4854 1529 4904 anima:
1559 4861 1688 4905 sunt
1722 4850 1975 4920 potentiae

2191 4848 2273 4901 ιδ’.
2312 4847 2622 4902 Γνωστικαὶ
2647 4848 2705 4902 δὲ
2750 4852 2851 4922 τῆς
2885 4852 3065 4923 ψυχῆς
3090 4853 3352 4926 δυνάμεις
3403 4862 3509 4914 εισι
3545 4864 3699 4929 νοῦς.

426 4963 605 5014 mens,
662 4946 905 5013 dianam,
969 4946 1174 5015 op'nio,
1234 4945 1549 5014 iutagiuatio
1576 4954 1629 4997 et
1688 4952 2013 5010 seusus;et

426 5055 489 5093 ex
552 5040 636 5093 his
658 5039 876 5106 quidem
939 5039 1232 5091 rationales
1286 5045 1434 5100 sunt,
1473 5051 1627 5090 tuens
1680 5044 1733 5090 et
1768 5035 2009 5097 dianam.

434 5130 662 5187 rationis
692 5140 874 5184 autem
898 5138 1154 5198 expertes
1187 5137 1333 5191 sunt,
1369 5127 1684 5197 iu.agiuatio
1711 5137 1764 5182 et
1791 5142 2010 5183 sensus.

503 5224 591 5278 15.
643 5221 854 5294 ,υρίιιὶο
900 5221 1139 5289 denique
1188 5222 1380 5274 medie
1448 5230 1660 5275 natura:
1717 5228 1822 5274 est.
1876 5216 2009 5274 Nam

426 5341 483 5386 et
535 5344 658 5385 cum
694 5330 903 5383 ratione
953 5334 1012 5381 et
1073 5326 1192 5380 sine
1242 5325 1453 5380 ratione
1496 5334 1598 5381 est.
1630 5326 1708 5381 Ac
1757 5326 1875 5381 sine
1918 5341 2023 5395 τοι,

428 5440 577 5495 tione
624 5437 841 5508 quidem
868 5436 1086 5507 quando
1108 5450 1196 5490 res
1223 5436 1340 5491 sine
1370 5450 1533 5491 causa
1557 5436 1813 5506 opinatur
1842 5453 1855 5490 :
1881 5451 2005 5491 cum

428 5551 640 5603 ratione
667 5545 774 5617 35
807 5561 957 5611 vero,
992 5547 1210 5617 quando
1236 5530 1498 5602 excausa
1564 5545 1745 5615 aliqua
1808 5543 2004 5600 rationi

428 5653 797 5709 consentanea
833 5652 897 5705 ad
931 5651 1266 5721 npinandum
1301 5652 1671 5721 provehatur:
1701 5653 1851 5709 velut
1879 5653 2005 5726 epi-

431 5774 587 5819 nutur
618 5762 816 5831 aliquis
842 5761 1089 5839 animum.
1111 5763 1426 5820 rationalem
1457 5779 1578 5820 esse
1611 5764 1999 5828 immortalem,

900 5885 1061 5927 causa
1120 5871 1433 5928 adductus:
1474 5889 1539 5928 en
1582 5874 1697 5931 haec
1742 5885 1828 5930 cst
1878 5875 1997 5929 sine

963 6153 981 6183 ν

2113 4938 2344 5005 διάνοια,
2383 4939 2534 5005 δόξα,
2566 4942 2843 5008 φαντασία
2874 4946 2972 4998 καὶ
3001 4945 3255 5017 αἷσθησις
3279 4964 3294 4980 ·
3328 4953 3421 5003 καὶ
3477 4952 3704 5022 λογικαὶ

2119 5033 2216 5102 μὲν
2239 5037 2443 5087 τούτων
2468 5035 2591 5098 νοῦς
2609 5035 2706 5088 καὶ⁵
2735 5036 2943 5092 διάνοια
2970 5056 2986 5072 ·
3019 5039 3278 5110 ἄλογοιδὲ
3302 5048 3570 5114 φαντασία
3600 5052 3705 5106 καὶ

2115 5124 2391 5196 αῐσθησις.

2188 5224 2271 5273 ιε’.
2306 5218 2370 5271 Ἱί
2400 5219 2458 5272 δὲ
2492 5220 2620 5286 δόξα
2670 5224 3128 5299 ἐπαμφοτερίζει,
3190 5231 3408 5288 Γίνεται
3452 5235 3561 5305 γὰρ
3602 5236 3705 5290 καὶ

2117 5312 2256 5379 μετὰ
2291 5312 2448 5378 λόγου
2483 5319 2576 5367 καὶ
2607 5316 2736 5370 ἄνευ
2766 5318 2950 5387 λόγου.
3011 5323 3124 5376 Καὶ
3178 5324 3308 5378 ἄνευ
3369 5326 3530 5396 λόγου
3576 5328 3704 5397 μὶν,

2114 5404 2243 5458 ὅταν
2266 5409 2434 5477 χωρὶς
2460 5411 2638 5474 αίτίας
2662 5411 2862 5486 δοξάζῃ
2891 5415 2961 5468 τὰ
2993 5418 3299 5489 πράγματα
3324 5434 3339 5451 ο
3373 5422 3512 5489 μετὰ
3539 5423 3705 5490 λόγου

2113 5496 2172 5550 δὲ
2188 5498 2317 5552 ὅταν
2339 5501 2396 5566 ἐξ
2428 5503 2610 5558 αἰτίας
2642 5505 2865 5574 εὐλόγου
2893 5509 3040 5573 τινὸς
3071 5512 3151 5575 είς
3180 5513 3241 5567 τὸ
3269 5514 3496 5581 δοξάσαι
3525 5518 3707 5587 προά-

2113 5608 2301 5683 γᾼηται·
2325 5590 2439 5649 οἷον
2475 5596 2688 5663 δοξάζει
2722 5617 2808 5665 τις
2835 5602 2933 5673 τὴν
2961 5606 3191 5680 λογικὴν
3220 5591 3401 5683 ψυχὴν
3434 5614 3705 5668 ἀθάνατον

2112 5679 2274 5749 εἶναι,
2301 5691 2376 5758 μὴ
2401 5687 2465 5741 εκ
2489 5706 2631 5754 τινος
2660 5693 2842 5758 αἰτίας
2868 5698 2948 5758 εἰς
2975 5696 3135 5752 τοῦτο
3158 5699 3350 5766 ἐλθὼν,
3370 5702 3480 5755 ἰδοὺ
3508 5702 3704 5770 ἄλογος

2110 5782 2143 5851 ἡ
2170 5780 2313 5846 δόξα.
2345 5782 2571 5847 Δοξάζει
2591 5787 2759 5839 πάλιν
2791 5788 2954 5852 ἄλλος
2975 5789 3075 5861 τὴν
3105 5794 3276 5863 αὐτὴν
3305 5795 3482 5867 ψυχὴν
3519 5797 3699 5868 ὑπάρ-

2109 5891 2224 5945 χειν
2259 5876 2548 5949 ἀθάνατον,
2571 5879 2687 5935 ἀλλ’
2728 5886 2790 5936 ἐκ
2815 5884 2909 5938 τοῦ
2938 5882 3079 5941 εἶναι
3120 5890 3286 5962 αὸτην
3314 5892 3694 5963 αὑτοκὶνὴτον,
