3876 6364
221 388 342 455 713

1510 395 1856 460 ΕΡῙΤΟΜΕ
1899 397 2200 460 LOGICA.

3387 403 3494 465 7M

226 505 428 559 ταυτδν
456 503 502 560 δ’
554 505 748 569 είπεῖν,
796 506 1198 579 αὐτενέργητον
1220 527 1234 540 ο
1271 507 1332 563 τδ
1354 508 1411 563 δὶ
1454 510 1794 578 αὐτοκίνητοι

1915 511 2123 566 ratione
2156 509 2363 579 Opinio.
2399 508 2608 566 liursns
2641 513 2781 566 alius
2811 512 3066 583 opinatur
3093 513 3342 571 eamdem
3374 532 3462 570 aut
3483 547 3496 555 -

221 597 538 668 ἀεικίνητον
563 614 577 628 ·
604 599 664 651 τὸ
685 599 740 651 δὲ
787 600 1100 670 ἀεικίνητον
1139 600 1414 658 ἀθάνατον
1439 619 1452 634 ·
1490 604 1602 658 nos
1669 605 1794 674 μετά

1920 618 2060 658 mam
2107 617 2230 657 esse
2254 602 2637 669 immortalem,
2678 605 2774 659 sed
2821 606 3016 661 exinde
3050 607 3193 676 quod
3252 625 3282 662 a
3317 608 3496 677 seipsa

223 689 387 758 λόγου
416 690 566 755 δόξα,
595 691 719 762 ἥτις
752 691 871 746 ἔστι
923 694 984 748 τδ
1027 696 1408 766 συμπέρασμα
1452 696 1560 750 τῶν
1602 697 1809 768 προτά-

223 800 386 837 σεων.

1924 704 2230 759 moveatur,
2259 695 2374 749 sive
2396 694 2540 764 quod
2577 694 2722 751 idem
2772 708 2878 760 est.
2904 715 2933 753 a
2987 698 3166 769 seipsa
3216 711 3495 767 oneretur.

1918 789 2074 854 Quod
2127 795 2310 842 autem
2345 804 2376 842 ιι
2410 790 2592 859 seipso
2644 803 2913 853 movetur,
2975 807 3190 864 semper
3225 801 3501 862 movetur,

220 882 380 950 Quod
442 900 660 955 semper
707 894 974 952 movetur,
1034 898 1120 944 est
1171 890 1499 948 immortale.
1559 891 1700 947 Ecce
1751 907 1874 946 cum
1916 893 2128 947 ratione
2206 891 2417 960 Opinio,
2468 905 2589 960 qua:
2657 887 3087 959 propositionum
3132 896 3218 943 est
3271 887 3497 943 conclu-

219 994 329 1034 SIO.

302 1077 690 1149 tc'.Al'crOr,0t<
723 1082 782 1136 δέ
831 1084 982 1137 ἐστιν
1034 1084 1067 1154 η
1118 1081 1216 1136 τοῦ
1277 1081 1547 1152 παρόντος
1611 1081 1815 1153 μερικὴ

220 1170 454 1237 γνῶσις.
519 1173 628 1228 Τοῦ
683 1177 952 1249 παρόντος
1013 1178 1123 1248 γὰρ
1175 1177 1816 1248 ἀντιλαμϐάνεταιὴαί-

221 1264 420 1333 σθησις
447 1282 463 1299 ο
489 1262 604 1320 οἷον
639 1269 718 1339 (ἡ)
742 1270 954 1339 ὅρασις,
987 1271 1033 1323 εί
1057 1270 1132 1340 μὴ
1171 1269 1360 1338 ὄψεταί
1381 1287 1458 1336 τι,
1494 1270 1558 1324 οὐ
1589 1269 1814 1322 δύναται

219 1356 425 1423 γνῶναι
451 1357 601 1414 αὐτό.
633 1358 744 1412 Καὶ
765 1360 858 1413 ἐπὶ
887 1359 995 1413 τῶν
1022 1361 1200 1414 ἄλλων
1225 1361 1447 1430 ὁμοίως.

305 1536 394 1604 ιζ’.
422 1540 700 1594 Φαντασία
731 1539 790 1594 δέ
819 1541 1014 1610 εστινὴ
1040 1539 1134 1593 τοῦ
1173 1541 1407 1604 ἀπόντος
1445 1541 1649 1612 μερικὴ
1673 1540 1814 1608 γνῶ-

223 1647 345 1694 σις·
373 1633 446 1694 ὡς
465 1633 595 1686 ὅταν
622 1632 748 1703 χθὲς
773 1630 899 1686 ἰδὼν
924 1634 1216 1706 ἄνθρωπον
1247 1633 1490 1705 σήμερον
1512 1633 1810 1702 φαντασθῶ

219 1725 404 1787 αὐτὸν,
432 1725 601 1795 ἦγουν
631 1725 964 1796 ἀναπολήσω
995 1726 1088 1779 τδν
1113 1726 1382 1780 τοιοῦτον.

302 1823 392 1891 ιη’.
414 1817 561 1871 Νοῦν
589 1816 647 1870 δὲ
666 1817 972 1888 παθητικὸν
1007 1818 1035 1870 ὀ
1086 1817 1472 1888 Ἀριστοτέλης
1521 1818 1624 1888 τὴν
1669 1835 1809 1886 φαν-

1996 1078 2088 1133 16.
2121 1077 2327 1131 Sensus
2360 1087 2541 1131 autem
2597 1084 2680 1130 est
2726 1074 3012 1145 praesentis
3043 1073 3121 1127 rei
3155 1071 3344 1127 notitia
3367 1087 3498 1142 par-

1917 1172 2178 1226 ticularis.
2208 1169 2416 1225 Sensus
2448 1171 2596 1223 enim
2629 1169 2681 1223 id
2716 1171 2860 1238 quod
2894 1181 3138 1236 prmsens
3173 1175 3259 1220 est
3292 1179 3494 1236 appre-

1912 1263 2100 1318 hendit
2133 1279 2148 1316 :
2190 1261 2358 1316 veluti
2405 1263 2554 1316 visus
2588 1261 2693 1314 nisi
2724 1260 2908 1314 videat
2937 1259 3164 1329 aliquid,
3196 1271 3494 1327 cognosce-

1911 1371 1970 1409 re
2011 1356 2060 1409 id
2109 1371 2215 1409 non
2257 1365 2459 1426 potest.
2496 1355 2563 1408 Et
2613 1353 2844 1422 similem
2880 1352 2936 1405 in
2985 1351 3204 1406 modum
3262 1349 3316 1403 in
3367 1348 3494 1404 aliis

1912 1451 2164 1504 sensibus
2195 1465 2281 1503 res
2319 1464 2378 1504 se
2411 1449 2594 1502 habet.

1986 1540 2074 1595 l7.
2113 1540 2436 1610 lmaginatio
2462 1551 2550 1594 est
2579 1538 2825 1592 absentis
2861 1535 2936 1590 rei
2982 1534 3172 1588 notitia
3199 1523 3495 1604 partiﬁtla-

1909 1637 2008 1702 ris,
2043 1643 2104 1690 ut
2132 1652 2256 1691 cum
2290 1635 2407 1689 heri
2444 1633 2795 1702 conspicatus
2835 1631 3109 1684 hominem
3161 1629 3323 1682 hodie
3360 1641 3488 1682 eum

1911 1729 2239 1798 imaginatus
2265 1729 2443 1794 luero,
2488 1730 2592 1781 hoc
2627 1735 2732 1790 est,
2767 1723 3036 1791 ejusmodi
3075 1723 3378 1776 recoluero.

1987 1821 2076 1876 18.
2134 1819 2458 1874 Aristoteles
2501 1827 2684 1871 autem
2722 1813 3189 1885 imaginationem.
3248 1818 3488 1865 mentem

215 1914 415 1967 τασέαν
441 1912 693 1982 ὠνόμασε
724 1929 739 1943 ο
775 1911 902 1966 νοῦν
940 1911 1062 1981 μὲν,
1093 1909 1169 1974 ὡς
1222 1911 1370 1964 ἔνδον
1409 1913 1468 1966 ιν
1532 1911 1700 1981 ἑαυτῇ
1745 1911 1794 1964 τὶ

1912 1914 2204 1984 patientem
2241 1912 2545 1966 nominavit
2581 1927 2595 1964 :
2645 1919 2884 1962 mentem
2924 1907 3144 1976 quidem
3169 1905 3315 1976 quod
3342 1903 3490 1961 intus

216 2009 462 2076 γνωστὸν
489 2008 742 2078 ἔχουσαν,
771 2005 1054 2078 καὶταύτῃ
1075 2006 1440 2076 διαφέρουσαν
1479 2005 1577 2076 τῆς
1607 2004 1794 2075 αἰσθή-

1912 2006 1965 2060 in
1993 2005 2169 2074 seipsa
2203 2005 2398 2058 haheat
2431 2001 2482 2056 id
2512 2001 2656 2071 quod
2688 2001 2944 2071 cognosci
2981 2007 3180 2070 potest,
3215 2006 3270 2052 et
3305 1998 3492 2050 hacte-

221 2116 396 2163 σεως’
433 2103 517 2154 ὅτι
549 2101 696 2172 απερ
729 2101 764 2172 η
793 2099 1046 2171 αἴσθησις
1097 2099 1202 2164 ἔξω
1240 2099 1469 2170 κείμενα
1522 2097 1799 2169 γινώσκει,

216 2194 448 2264 δεομένη
496 2192 715 2254 πάντως
771 2194 872 2264 τῆς
922 2192 1149 2247 ἐκείνων
1198 2189 1504 2262 παρουσίας
1547 2191 1687 2261 πρὸς
1742 2191 1804 2245 τδ

217 2285 514 2357 ἐνεργῆσαι
534 2286 666 2356 περὶ
690 2285 852 2348 αὐτὰ,
879 2285 1087 2339 τούτων
1128 2287 1161 2355 ἡ
1209 2284 1487 2353 φαντασία
1533 2285 1662 2348 τοὺς
1705 2285 1801 2338 τύο

220 2396 357 2442 πους
408 2377 497 2432 διὰ
554 2379 662 2432 τῶν
715 2378 1025 2448 αἰσθήσεων
1085 2377 1511 2449 ἀπομαξαμένη,
1569 2379 1687 2450 ἔχει
1743 2379 1802 2432 ὲν

216 2473 389 2542 ἑαυτῇ
416 2473 511 2525 καὶ
547 2470 772 2525 δύναται
794 2469 1143 2541 προσάλλειν,
1185 2470 1260 2541 μὴ
1285 2471 1512 2541 δεομένη
1533 2469 1644 2524 τῶν
1695 2469 1802 2535 ἔξω

218 2565 514 2635 κειμένων.
555 2564 648 2618 Διδ
680 2565 782 2617 κάν
809 2567 924 2628 τοῖς
957 2563 1147 2628 ὕπνοις
1176 2565 1390 2634 ἐνεργεῖ
1417 2564 1478 2618 τδ
1507 2582 1802 2634 φανταστι-

217 2655 746 2725 κδν,ἀνενεργήτων
776 2655 1051 2726 μενουσῶν
1109 2655 1219 2708 τῶν
1272 2655 1601 2727 αἰσθήσεων.
1654 2655 1800 2710 Νοῦν

219 2751 325 2820 μιν
356 2746 447 2805 οὖν
472 2750 561 2804 διὰ
586 2748 760 2803 ταῦτα
791 2749 891 2820 τὴν
926 2747 1233 2817 φαντασίαν
1279 2749 1540 2803 ἐκάλεσεν
1564 2753 1592 2804 ό
1637 2750 1796 2804 Φιλό-

215 2844 726 2914 σοφος,παθητικον
743 2842 822 2907 δὲ,
853 2842 987 2896 διότι
1031 2843 1170 2913 μετὰ
1222 2843 1494 2914 μερισμοῦ
1536 2842 1799 2910 γινώσκει

215 2936 311 3006 (τὰ
347 2934 668 3007 πράγματα)
700 2935 797 2988 καὶ
856 2934 1197 2999 διαστάοεως
1229 2937 1294 2990 ὲκ
1325 2935 1435 2989 τῶν
1493 2935 1798 3006 αἰσθήσεων

215 3030 501 3100 ἀρχομένη
528 3046 588 3082 τε
614 3026 712 3083 καὶ
763 3029 1142 3100 συνισταμένη
1173 3031 1271 3084 καὶ
1319 3031 1386 3100 τῇ
1442 3029 1640 3101 χρονίῳ
1682 3029 1798 3083 δια-

217 3124 460 3195 λυομένη
487 3121 748 3186 πολλάκις
769 3122 1008 3194 ἀπουσίᾳ
1033 3121 1144 3176 τῶν
1189 3121 1485 3193 αἰσθητῶν.

293 3300 382 3358 ιθ’.
427 3301 580 3357 Ἐπεὶ
631 3296 729 3358 οῦν
765 3301 920 3356 οῦδὲν
983 3300 1093 3354 τῶν
1157 3299 1388 3356 ἐνταῦθα
1445 3301 1793 3372 πραγμάτων

210 3398 385 3469 χωρὶς
409 3397 708 3466 φαντασίας
741 3396 998 3466 ίσχύομεν
1034 3397 1192 3460 νοείν,
1229 3396 1330 3449 οὐκ
1362 3395 1582 3467 ἀπαθὴς
1608 3395 1665 3450 δὲ
1695 3413 1794 3451 κα-

212 3491 481 3563 θέστηκεν
500 3489 639 3562 αῦτη
669 3507 683 3522 ο
707 3490 950 3545 διαλύσει
981 3491 1038 3543 δὲ
1070 3490 1375 3556 ὑπόκειται,
1422 3488 1607 3550 καθὼς
1660 3490 1795 3562 ἔφηο

216 3601 341 3654 μεν,
377 3587 472 3638 καὶ
503 3584 782 3655 φθορᾷδιὰ
809 3583 968 3638 τοῦτο
1011 3585 1106 3654 τῆς
1149 3583 1448 3653 φαντασίας
1499 3583 1794 3655 φθειρομέ-

210 3694 334 3747 νης,
367 3677 466 3747 τὴν
489 3677 601 3731 τῶν
648 3680 1013 3748 ἐγνωσμένων
1065 3681 1352 3750 πάσχομεν
1403 3678 1578 3750 λήθην
1619 3696 1634 3712 ο
1670 3666 1824 3732 ἔπει

211 3770 721 3842 συμπεπλεγμένην
752 3775 815 3842 τῇ
877 3775 1150 3846 φαντασίᾳ
1198 3774 1298 3844 τὴν
1336 3772 1523 3846 νόησιν
1571 3773 1793 3844 ἔχομεν.

208 3861 382 3916 ’οθεν
400 3863 493 3916 καὶ
520 3866 584 3917 τὰ
612 3866 852 3934 νοήματα
884 3864 1186 3934 παθήματα
1216 3859 1433 3935 λέγεται
1469 3869 1566 3936 τῆς
1591 3866 1790 3936 ψυχῆς

204 3958 312 4026 οὐχ
331 3957 414 4009 ὅτι
445 3958 644 4029 πάσχει
679 3960 710 4028 ὴ
743 3959 937 4031 λογικὴ
975 3958 1146 4030 ψυχὴ,
1186 3958 1306 4012 ἀλλ’
1343 3960 1426 4014 ὅτι
1485 3962 1658 4030 χωρὶς
1697 3959 1791 4012 τοῦ

206 4049 521 4119 παθητικοῦ
551 4050 666 4116 νοῦ,
694 4053 943 4107 τουτέστι
973 4053 1071 4122 τῆς
1110 4054 1432 4122 φαντασίας,
1481 4052 1634 4105 οὐδὲν
1691 4052 1792 4104 πέ-

204 4154 352 4208 φυκε
381 4141 490 4194 τῶν
529 4143 587 4194 έν
619 4144 696 4213 τῷ
744 4147 934 4213 κόσμῳ
966 4147 1125 4198 νοεῖν.

278 4413 589 4469 κ’.Διάνοια
618 4413 675 4468 δέ
729 4417 845 4469 ὲστι
878 4417 1157 4487 γνωστικὴ
1208 4417 1318 4470 τῶν
1369 4417 1605 4472 καθόλου
1651 4419 1793 4488 μετὰ

206 4506 380 4574 λόγου
410 4504 661 4575 δύναμις,
692 4506 793 4560 οὐκ
822 4507 1060 4577 ἀθρόως,
1085 4508 1224 4562 ἀλλὰ
1254 4507 1343 4563 διὰ
1389 4527 1535 4574 τινος
1561 4512 1790 4582 μεθόδου

198 4599 710 4669 καταλαμϐάνουσα
747 4599 808 4652 τὸ
832 4600 1094 4667 γνωστόν.

277 4858 388 4919 καῖ.
424 4862 688 4918 Καλεῖται
717 4864 774 4918 δὲ
820 4866 854 4936 ἡ
884 4865 1095 4920 διάνοια
1129 4867 1222 4921 καὶ
1250 4870 1482 4938 δυνάμει
1523 4869 1648 4935 νοῦς
1701 4873 1790 4924 διὰ

197 4957 266 5010 τὸ
295 4957 726 5027 συνεπαίρεσθαι
757 4957 834 5028 τῷ
855 4959 1105 5030 ἐνεργείᾳ
1137 4961 1234 5029 νῷ,
1259 4963 1505 5016 τουτέστι
1541 4963 1629 5017 διὰ
1663 4966 1792 5018 συλο

194 5049 484 5121 λογισμῶν
511 5051 815 5119 ἀνάγεσθαι
840 5053 976 5117 πρὸς
1002 5053 1145 5121 ἆπερ
1181 5056 1380 5118 ἁπλαῖς
1449 5057 1730 5120 ἐπιϐολαῖς
1759 5060 1787 5111 6

195 5142 459 5213 ἐνεργείᾳ
499 5145 612 5196 νοεῖ
644 5143 789 5207 νοῦς.
1707 5152 1714 5157 ’

274 5233 384 5300 κβ’.
427 5235 492 5287 Ἠ
525 5234 733 5289 διάνοια
787 5237 970 5290 τοίνυν
995 5238 1024 5290 δ
1075 5237 1307 5309 δυνάμει
1349 5241 1474 5305 νοῦς
1534 5253 1789 5318 συνεργεῖ

196 5325 343 5396 πρὸς
367 5327 425 5378 τὸ
441 5326 580 5394 δέον,
615 5330 707 5380 καὶ
736 5328 922 5398 βοηθεῖ
958 5329 1054 5382 καὶ
1084 5334 1208 5395 ταῖς
1267 5333 1585 5401 όρεκτικαῐς
1627 5340 1787 5396 δυνά-

197 5438 339 5490 μεσι
360 5423 458 5489 τῆς
480 5422 682 5492 ψυχῆς.
717 5425 810 5476 καὶ
843 5424 978 5492 πρὸς
1002 5426 1062 5476 τὺ
1111 5424 1500 5498 λελογισμένον
1554 5432 1784 5501 ἀλόγους

193 5513 369 5574 οὔσας
400 5513 570 5576 αὑτὰς
600 5513 806 5581 ὁδηγεῖ.
845 5515 1246 5585 Συνεπαίρεται
1277 5518 1336 5571 δὲ
1375 5521 1470 5574 καὶ
1499 5522 1577 5592 τῷ
1630 5525 1782 5594 ὲνερο

193 5609 331 5675 γείᾳ
367 5605 449 5674 νῷ
481 5606 616 5676 πρὸς
669 5609 766 5674 τὴν
822 5607 928 5659 τῶν
980 5608 1150 5662 ὄντων
1202 5612 1516 5686 ἀναγομένη
1558 5617 1781 5685 γνῶσιν,

190 5699 273 5754 ὡς
312 5698 555 5765 εἴρηται.
587 5698 682 5751 Διὸ
702 5698 833 5765 γοῦν
866 5702 929 5752 ἐκ
955 5699 1050 5752 τοῦ
1085 5702 1308 5766 ἀτελοῦς
1342 5707 1434 5758 ἐπὶ
1466 5709 1527 5759 τὺ
1580 5712 1784 5764 τέλειον

196 5790 479 5858 πρόεισιν,
512 5791 680 5860 ἦγουν
707 5794 770 5846 ὲκ
793 5792 888 5844 τοῦ
910 5793 1138 5864 δυνάμει
1191 5797 1326 5866 πρὸς
1377 5797 1438 5852 τὸ
1507 5801 1778 5877 ἐνεργείᾳ.

191 5885 303 5935 Δια
331 5882 489 5936 τοῦτο
516 5883 897 5953 κα“ιήταύτης
961 5885 1212 5952 ἐνέργεια
1268 5890 1446 5943 εἴτουν
1494 5892 1527 5962 η
1597 5894 1783 5966 νόησις

530 5978 801 6037 Parnm.
852 5981 968 6040 Gn.
1017 5980 1240 6042 CXLll.

1912 2114 2012 2154 nus
2067 2115 2095 2152 a
2132 2113 2298 2155 sensu
2354 2095 2592 2156 diﬂerat,
2619 2095 2763 2165 quod
2796 2110 2858 2148 ea
2894 2109 3015 2161 qua
3072 2106 3267 2146 sensus
3333 2101 3488 2144 extra

1909 2193 2085 2264 posita
2119 2190 2370 2260 cognocit
2409 2188 2696 2258 requirens
2726 2188 2950 2241 omnino
3001 2201 3188 2240 eorum
3242 2199 3487 2254 praesen-

1910 2287 2038 2340 tiam
2069 2285 2180 2357 36
2197 2295 2253 2339 ut
2277 2294 2534 2354 operetur
2559 2283 2705 2337 circa
2738 2282 2874 2350 ipsa,
2902 2282 3098 2334 horum
3131 2279 3335 2333 formas
3367 2292 3486 2332 me-

1908 2377 2188 2432 diantihus
2233 2376 2486 2431 sensibus
2511 2375 2788 2430 abstersas
2825 2373 2880 2428 in
2915 2372 3093 2442 seipsa
3143 2372 3304 2426 habet
3353 2371 3487 2423 ima-

1906 2467 2133 2540 ginatio,
2173 2477 2228 2522 et
2292 2481 2621 2536 promovere
2684 2475 2887 2534 potest,
2931 2475 2987 2519 ut
3017 2465 3085 2519 iis
3148 2479 3272 2534 quae
3331 2472 3486 2515 extra

1906 2560 2081 2630 posita
2137 2569 2286 2626 sunt,
2321 2574 2431 2614 non
2464 2573 2603 2628 opus
2660 2557 2878 2613 habent.
2915 2559 3260 2627 Quapropter
3309 2555 3478 2611 etiam

1906 2652 2259 2721 imaginativa
2313 2653 2369 2706 in
2420 2651 2627 2707 somnis
2685 2663 2943 2722 Operatnr
3009 2649 3264 2705 sensibus
3318 2651 3483 2703 etiam

1903 2746 2236 2816 operationis
2292 2747 2613 2816 expertibus
2666 2747 3037 2800 manentibus.
3073 2744 3182 2799 llac
3212 2744 3382 2815 igitur
3415 2747 3484 2798 de

1904 2854 2066 2894 causa
2101 2839 2544 2910 imaginationem
2579 2838 2945 2910 Philosophus
2975 2854 3212 2894 mentem
3246 2853 3480 2894 vocant.

1904 2929 2210 2986 Patientem
2244 2942 2449 2995 autem.
2486 2932 2634 3002 quod
2665 2948 2793 2987 cum
2852 2933 3150 3002 partitione
3205 2943 3260 2988 et
3313 2935 3486 2987 inter-

1905 3027 2049 3082 vallo
2085 3027 2220 3097 (res)
2300 3027 2609 3096 cognoscit,
2653 3036 2710 3080 nt
2766 3041 2888 3095 quze
2916 3041 2946 3081 a
2978 3027 3234 3081 sensibus
3263 3035 3317 3082 et
3347 3027 3486 3083 inci-

1905 3121 2019 3191 piat
2047 3129 2102 3175 et
2133 3119 2418 3186 consistat,
2443 3130 2499 3175 et
2531 3134 2673 3190 saepe
2704 3121 2866 3193 longa
2901 3121 3246 3177 sensibilium
3279 3121 3483 3178 absen-

1849 3244 1867 3265 ν
1905 3215 1977 3270 tia
2037 3215 2392 3270 dissolvatur.

1973 3308 2056 3363 l9.
2094 3309 2361 3373 Quoniam
2403 3309 2569 3378 igitur
2597 3309 2734 3365 nihil
2785 3325 2968 3366 rerum
3003 3310 3148 3380 apud
3206 3327 3310 3367 nos
3361 3313 3482 3368 sine

1899 3399 2289 3471 imaginatione
2323 3400 2632 3470 intelligere
2679 3403 2945 3468 valemus,
2979 3405 3094 3460 haec
3130 3415 3314 3461 autem
3354 3421 3480 3472 pas-

1898 3491 2068 3545 sionis
2111 3507 2306 3562 expers
2359 3510 2464 3546 non
2515 3503 2599 3548 est
2628 3535 2642 3559 ,
2675 3495 2770 3550 sed
2821 3496 3193 3564 dissolutioni,
3229 3508 3287 3552 ut
3334 3499 3479 3552 dixi-

1899 3598 2042 3650 mus,
2075 3585 2524 3655 eorruptiouique
2558 3586 2800 3654 subjecta
2846 3597 2928 3642 est
2962 3607 2975 3643 :
3014 3599 3299 3658 propterea
3353 3607 3476 3645 cum

1898 3675 2212 3746 imaginatio
2259 3678 2648 3747 corrumpitur,
2681 3695 2872 3733 eorum
2908 3697 3030 3750 qua:
3069 3683 3226 3737 nobis
3257 3686 3477 3755 cognita

1895 3776 2046 3829 sunt.
2111 3767 2440 3823 oblivionem
2500 3772 2738 3839 patimur
2774 3815 2788 3836 ,
2842 3775 3290 3846 quandoquidem
3352 3795 3477 3835 cum

1898 3860 2288 3930 imaginatione
2316 3864 2663 3932 conjunctam
2701 3867 3132 3925 intellectionem
3185 3871 3476 3934 habemus.

1897 3953 2053 4010 Unde
2103 3957 2262 4011 etiam
2315 3971 2614 4029 conceptus
2671 3963 2869 4018 mentis
2919 3965 3204 4033 passiones
3278 3971 3476 4026 animae

1898 4048 2192 4113 dicuntur;
2245 4064 2353 4102 non
2411 4052 2554 4118 quod
2601 4052 2786 4106 anima
2843 4055 3130 4112 rationalis
3193 4061 3474 4126 patiatur,

1898 4139 1993 4193 sed
2027 4139 2173 4208 quod
2205 4140 2323 4194 sine
2359 4151 2543 4196 mente
2593 4144 2855 4212 patiente,
2897 4147 3000 4202 hoc
3035 4159 3123 4203 est
3173 4151 3294 4205 sine
3338 4151 3476 4206 ima-

1898 4227 2195 4295 ginatione,
2225 4230 2362 4282 nihil
2397 4245 2578 4283 rerum
2611 4235 3016 4290 muntlanarum
3047 4239 3352 4311 intelligere
3378 4259 3476 4313 per

1900 4332 2146 4374 natttram
2178 4324 2322 4392 potis
2353 4324 2444 4380 sit.

1966 4413 2054 4468 90.
2116 4413 2234 4467 Jam
2271 4434 2400 4472 vero
2437 4418 2648 4474 (liantna
2679 4423 3069 4490 (ratiocinatio,
3101 4442 3199 4482 seu
3262 4428 3476 4484 discur—

1899 4510 2012 4575 sus)
2048 4507 2154 4578 37
2189 4520 2274 4563 est
2314 4515 2576 4580 potentia,
2601 4531 2719 4582 quae
2750 4531 2875 4570 cum
2928 4523 3138 4574 rat‘one
3188 4527 3471 4591 cognoscit

1823 4613 1864 4668 ι)
1904 4600 2230 4655 universalia
2259 4618 2276 4670 ;
2307 4620 2426 4672 qua:
2452 4620 2557 4659 non
2590 4607 2903 4672 confestim,
2929 4615 3020 4664 sed
3070 4617 3472 4684 compendiaria

1894 4692 2128 4760 quadam
2160 4695 2244 4747 via
2298 4708 2352 4749 et
2389 4698 2622 4763 ratione,
2683 4700 2732 4754 id
2765 4703 2909 4770 quod
2963 4706 3219 4775 cognosci
3269 4717 3475 4779 potest,

1892 4787 2273 4854 apprehendit.

1960 4877 2051 4930 2|.
2100 4878 2332 4935 Vocatur
2389 4894 2570 4938 autem
2605 4885 2819 4940 dianma
2883 4889 3048 4944 etiam
3107 4907 3264 4947 mens
3318 4905 3471 4963 pote-

1891 4980 2032 5026 state
2062 4976 2244 5043 ,LIHOtI
2304 4976 2466 5031 simul
2506 4981 2768 5035 evehatur
2797 4982 2862 5036 ad
2914 4997 3154 5040 mentem
3195 4994 3342 5050 actu,
3369 4989 3473 5043 hoc

1888 5073 1994 5130 est,
2021 5066 2087 5118 ad
2136 5082 2198 5119 ea
2250 5082 2345 5136 per
2393 5070 2737 5140 syllogismos
2791 5073 3116 5138 adducatur,
3168 5094 3290 5146 qua:
3339 5079 3476 5135 simo

1888 5154 2126 5223 plicibus
2174 5157 2636 5226 applicationibus
2678 5177 2834 5218 mens
2898 5175 3023 5218 actu
3083 5166 3362 5238 intelligit.

1961 5249 2050 5306 ‘22.
2113 5248 2333 5308 Dianoea
2424 5252 2613 5324 igitur,
2665 5269 2820 5310 mens
2885 5266 3180 5326 potestate,
3227 5262 3295 5314 ad
3355 5259 3472 5316 olli-

1888 5342 2034 5397 cium
2109 5355 2458 5415 cooperator,
2511 5362 2782 5419 opemque
2834 5350 2941 5406 fert
2985 5351 3149 5407 etiam
3213 5354 3474 5424 appetiti-

1890 5434 1974 5489 vis
2028 5437 2227 5490 animae
2275 5441 2562 5508 potentiis,
2631 5444 2891 5512 ipsasque
2917 5462 3040 5500 cum
3094 5448 3326 5503 rationis
3370 5464 3470 5502 ex-

1891 5540 2072 5597 pertes
2121 5529 2250 5593 sint,
2283 5532 2349 5585 ad
2390 5534 2620 5589 rationis
2672 5538 3049 5606 magisterium
3086 5539 3330 5595 deducit.
3362 5539 3468 5597 Sed

1890 5617 2057 5671 sunul
2114 5620 2276 5674 etiam
2329 5623 2394 5676 ad
2466 5637 2703 5681 mentem
2753 5639 2878 5684 actu
2928 5632 3199 5698 evehitur,
3231 5635 3358 5689 dum
3399 5637 3472 5694 ad

1889 5727 2076 5766 eorum
2110 5729 2231 5784 qua:
2248 5727 2372 5771 sunt
2403 5721 2672 5782 notitiam.
2710 5731 2766 5776 ttt
2794 5723 2997 5779 dictum
3025 5737 3128 5793 est,
3157 5729 3467 5788 adducitur.

1892 5803 2002 5861 llac
2054 5805 2122 5860 de
2175 5821 2338 5864 causa
2396 5811 2558 5865 etiam
2642 5813 2808 5883 hujus
2872 5819 3139 5886 operatio,
3229 5821 3333 5875 hoc
3385 5833 3471 5876 est

1893 5898 2210 5965 intellectio;
2263 5903 2448 5974 passio
2481 5905 2700 5976 dicitur,
2742 5909 2805 5965 ad
2868 5909 3277 5970 distinctionem
3334 5930 3468 5987 ope-

2937 6003 3013 6064 23
