3868 6362
205 377 284 443 721
1441 373 1784 435 EPITOME
1822 372 2121 436 LOGICA.

3347 365 3453 429 72!

264 491 514 560 γ’.Τρίτος
539 491 664 561 69o;
683 491 713 545 6
738 489 936 560 λέγων,
968 492 1056 546 ἰὶτι
1090 491 1384 562 φιλοσοφία
1407 491 1527 543 ἐστὶ
1553 489 1754 559 μελέτη

1933 491 1987 549 5.
2019 490 2204 548 Tertia
2247 491 2493 547 dcﬁnitio
2525 499 2629 553 est.
2662 507 2784 562 quae
2825 491 2994 557 dicit,
3037 487 3448 562 philosophiam

204 584 417 648 Θανάτου,
448 584 692 656 δηλονότι
720 583 815 638 τοῦ
862 585 1280 656 προιιρετικοῦ.
1318 585 1452 640 Οὐδὲ
1479 586 1590 655 γάρ
1623 581 1752 654 βούο

1890 601 1978 641 sse
2010 586 2422 642 meditationem
2480 585 2723 658 mortis,
2779 583 3032 640 clectitize
3060 561 3320 640 nimirum
3355 595 3451 636 seu

202 678 324 733 λεται
356 680 382 732 6
409 678 699 748 φιλόσοφος
726 681 857 751 περὶ
893 679 992 750 τῆς
1020 681 1360 749 ἀναιρέσεως
1387 679 1554 735 αὑτοῦ
1595 680 1756 751 μελε-

1886 680 2212 737 νοιυηιοτία».
2253 679 2444 748 Neque
2478 681 2624 736 enim
2679 681 2785 734 hoc
2813 677 3176 749 philosophus
3201 673 3452 731 meditari

201 775 303 844 τᾷν.
332 771 479 826 οὕτω
506 774 616 844 γὰρ
660 773 729 828 ἀν
786 775 912 838 τοὺς
963 775 1396 846 δημιουργικοὺς
1450 774 1753 846 ἀνατρέποι

1886 774 2292 844 νυιι,ἰιιιοιηυᾶο
2315 773 2418 830 sibi
2450 774 2552 844 ipsi
2585 788 2782 829 manus
2803 771 3002 828 inferat
3025 771 3126 838 (sic
3151 770 3298 826 enim
3322 785 3460 825 con-

201 863 400 932 νόμους’
451 865 504 916 εί
531 880 594 932 γε
642 865 670 916 6
717 862 817 928 μὲν
845 863 1182 935 δημιουργὸς
1230 863 1492 934 συνέδησε
1527 865 1608 932 τῷ
1649 864 1756 918 σῶς

1863 865 2074 921 dititias
2100 867 2248 936 leges
2269 867 2581 932 everteret;
2636 861 2907 932 siquidem
2931 859 3181 916 conditor
3233 857 3456 941 quidem
3545 909 3556 918 ,

206 955 421 1024 ματιτὴν
452 955 651 1026 ψυχὴν,
682 958 708 1009 6
733 955 790 1009 δὲ
827 955 1078 1026 βούλεται
1119 955 1212 1010 16v
1231 955 1476 1010 τοιοῦτον
1504 957 1758 1012 ἀναλύειν

1886 958 2106 1013 ιηίιηιιιιι
2132 971 2255 1012 cum
2277 969 2508 1024 corpore
2546 950 2840 1024 copulavit,
2869 950 2959 1006 ille
2989 958 3170 1006 autem
3201 948 3460 1018 hujusce-

199 1047 371 1116 δεσμὸν
409 1047 561 1116 παρά
603 1049 703 1117 τὴν
730 1047 823 1102 τοῦ
877 1049 1242 1120 συνδήσαντος
1286 1049 1567 1104 κέλευσιν.
1613 1050 1759 1104 Ἀλλ’

161 1223 173 1232 ⁸
199 1141 304 1193 ἐπεὶ
329 1139 472 1210 διττὴ
523 1141 672 1194 ἐστιν
705 1143 738 1211 ἡ
791 1139 904 1212 ζωὴ
965 1141 1084 1214 (καὶ
1113 1142 1224 1212 γάρ
1254 1145 1286 1212 ἡ
1330 1143 1432 1212 μὲν
1461 1145 1688 1216 φυσικὴ,
1727 1146 1760 1216 ἡ

197 1233 252 1287 δὲ
277 1234 622 1304 προαιρετικὴ
644 1250 660 1266 ο
685 1235 779 1288 καὶ
796 1233 1005 1304 φυσικὴ
1040 1236 1139 1306 μὲν
1166 1237 1199 1306 ή
1231 1236 1501 1306 συνάφεια
1534 1238 1628 1308 τῆς
1655 1237 1760 1307 ψυ-

199 1325 289 1392 χῆς
312 1326 398 1379 καὶ
424 1325 518 1377 τοῦ
541 1324 817 1395 σώματος,
847 1326 971 1381 καθ’
993 1329 1062 1398 ἢν
1090 1329 1195 1382 ὁπδ
1224 1329 1326 1398 τῆς
1349 1330 1610 1400 προνοίας
1639 1333 1764 1385 ἐτά-

199 1418 388 1488 χθημεν
445 1417 567 1489 ζῇν,
611 1419 734 1474 καθ’
762 1423 830 1490 ῆν
877 1423 940 1475 16
976 1421 1136 1491 σῶμα
1164 1421 1361 1493 δεσμεί
1407 1423 1510 1495 τὴν
1542 1423 1724 1496 ψυχήν
1747 1441 1762 1456 ο

199 1512 535 1582 προαιρετικὴ
578 1511 634 1566 δὲ
668 1512 826 1585 (ζωὴ)
877 1514 912 1585 ἡ
953 1514 1092 1583 πρὸς
1137 1515 1200 1569 16
1251 1515 1415 1586 σῶμα
1445 1519 1768 1586 συμπάθεια

199 1605 284 1656 καὶ
316 1605 433 1674 περὶ
466 1605 566 1669 τὰς
622 1605 817 1675 ἡδονὰς
847 1606 1098 1679 ἀσχολία,
1132 1609 1256 1664 καθ’
1300 1610 1369 1682 ἢν
1405 1609 1612 1683 ἡψυχὴ
1645 1613 1772 1666 ἐαυ-

1867 1051 2012 1107 modi
2040 1049 2294 1120 copulam
2326 1049 2539 1122 iniussu
2575 1047 2698 1116 ejus
2728 1045 2823 1117 qui
2851 1043 3130 1116 copulavit
3151 1041 3454 1098 dissolvere

1870 1143 2203 1217 praesumit).
2238 1141 2348 1199 Sed
2382 1141 2645 1213 quoniam
2671 1139 2780 1195 vita
2825 1137 3025 1208 duplex
3070 1145 3152 1193 est
3178 1137 3284 1200 (est
3309 1133 3458 1190 enim

1869 1238 1975 1293 alia
2019 1235 2241 1306 quidem
2275 1233 2563 1298 naturalis,
2597 1233 2701 1289 alia
2737 1246 2869 1288 vero
2902 1229 3170 1296 electiva;
3210 1237 3271 1282 et
3301 1235 3462 1281 natu-

1872 1329 2003 1387 ralis
2032 1328 2142 1404 55
2172 1328 2414 1400 quidem,
2447 1325 2723 1384 connexio
2753 1325 2951 1380 animae
2980 1333 3036 1379 et
3069 1321 3338 1392 corporis,
3373 1334 3464 1374 se-

1871 1423 2115 1479 cundum
2147 1437 2314 1494 quam
2359 1437 2390 1476 a
2438 1420 2621 1476 divina
2652 1417 2994 1489 providentia
3029 1414 3248 1472 vivendi
3280 1413 3463 1484 dispo-

1873 1517 2136 1574 sitionem
2191 1511 2528 1585 accepimus,
2586 1527 2694 1582 qua
2743 1525 2945 1580 corpus
2998 1506 3131 1579 ligat
3180 1505 3464 1567 animam;

1873 1609 2112 1668 electitia
2148 1622 2305 1673 vero,
2337 1604 2658 1676 coniunctio
2686 1618 2783 1659 seu
2819 1601 3158 1657 consortium
3187 1612 3312 1653 cum
3341 1612 3465 1652 cor-

194 1695 286 1768 τὴν
303 1697 485 1766 δεσμεῖ
511 1699 609 1752 καὶ
649 1700 1124 1770 προσπατταλεύει
1166 1701 1246 1772 τῷ
1279 1703 1517 1775 σώματι)
1547 1721 1561 1734 θ
1593 1704 1770 1770 διττδς

1886 1719 2011 1776 pore
2053 1710 2112 1759 et
2152 1700 2296 1757 circa
2352 1699 2664 1770 voluptates
2709 1695 3018 1765 occupatio,
3072 1706 3182 1763 qua
3228 1689 3464 1761 scipsam

193 1787 504 1856 γινώσκεται
536 1789 594 1844 δὲ
621 1793 650 1844 6
680 1790 936 1856 θάνατος,
967 1795 1200 1861 φυσικδς
1228 1795 1327 1850 καὶ
1355 1799 1764 1867 προαιρετικός.

1886 1797 2060 1854 anima
2087 1796 2241 1867 ligat,
2278 1803 2334 1850 et
2379 1792 2600 1863 corpori
2622 1789 2810 1862 afﬁgit)
2853 1807 2866 1846 :
2900 1787 3098 1856 duplex
3123 1787 3288 1842 etiam
3319 1800 3467 1839 mors

195 1881 294 1937 Kal
317 1884 541 1951 φυσικὸς
579 1883 679 1956 μιν
706 1886 819 1941 ἔστι
853 1886 1083 1952 Θάνατος
1103 1891 1133 1942 6
1163 1891 1257 1944 τοῦ
1287 1891 1544 1963 σώματος
1573 1891 1771 1962 διαχω-

197 1975 376 2045 ρισμις
408 1977 518 2031 ἀπὸ
549 1979 647 2048 τῆς
696 1978 899 2051 ψυχῆς,
936 1980 1058 2036 καθ’
1089 1982 1148 2037 ὃν
1179 1984 1326 2050 ἄπας
1362 1985 1654 2056 ἄνθρωπος
1678 2004 1767 2040 τε-

192 2067 345 2138 λευτᾷ
362 2084 378 2100 ο
408 2073 792 2141 προαιρετικὸς
813 2073 870 2126 δὲ
897 2072 1127 2138 θάνατος
1149 2077 1180 2146 ἡ
1210 2076 1333 2130 κατ’
1355 2078 1560 2150 ἀρετὴν
1585 2078 1768 2150 ὑπάρ-

189 2177 270 2228 χει
298 2159 441 2231 ζωή·
479 2165 602 2218 καθ’
636 2166 704 2237 ἢν
734 2169 764 2220 ὁ
813 2166 1024 2238 ἀληθὴς
1067 2169 1360 2240 φιλόσοφος
1402 2173 1630 2243 χωρίζει
1679 2175 1776 2228 καί⁵

189 2252 293 2323 πρὸ
323 2253 417 2308 τοῦ
445 2257 673 2325 φυσικοῦ
709 2259 944 2315 Θανάτου
977 2263 1078 2333 τὴν
1124 2265 1306 2336 ψυχὴν
1335 2267 1402 2319 ἐκ
1451 2267 1548 2319 τοῦ
1584 2264 1776 2335 σώμα-

188 2363 279 2408 τος
305 2347 571 2419 νέκρωσιν
598 2352 1046 2426 ἀπεργαζόμενος
1083 2357 1194 2411 τῶν
1221 2358 1414 2412 παθῶν
1434 2377 1449 2392 ο
1487 2357 1625 2427 (καὶ)
1681 2359 1773 2412 διὰ

189 2439 288 2504 τῆς
314 2440 578 2513 τοιαύτης
609 2445 932 2518 νεκρὼσεως
961 2449 1038 2520 τῷ
1067 2449 1274 2506 ἀπαθεῖ
1299 2452 1443 2506 κατά
1469 2453 1530 2506 16
1549 2453 1778 2507 δυνατὸν

1880 1909 2003 1948 esse
2029 1889 2402 1963 cognoscitur,
2439 1885 2708 1942 naturalis
2738 1896 2791 1939 et
2818 1883 3071 1939 electiva.
3107 1879 3172 1934 Et
3204 1877 3469 1933 naturalis

1879 1984 2102 2054 quidem
2158 1997 2312 2048 mors
2347 1989 2434 2036 est
2484 1975 2844 2046 disseparatio
2888 1975 3084 2030 anima:
3139 1988 3168 2026 a
3216 1984 3465 2039 corpore,

1878 2077 2179 2134 secundum
2206 2090 2371 2146 quam
2400 2072 2582 2128 omnis
2609 2072 2776 2126 homo
2799 2067 3038 2130 decedit,
3065 2064 3303 2121 electitia
3337 2077 3468 2118 vero

1882 2187 2052 2239 mors,
2099 2169 2401 2226 secundum
2443 2166 2700 2221 virtutem
2734 2163 2847 2218 vita
2879 2161 3132 2228 exsistit;
3163 2157 3466 2215 secundum

1880 2279 2044 2334 quam
2075 2278 2236 2318 verus
2272 2261 2633 2331 philosophus
2673 2256 2838 2313 etiam
2874 2264 3002 2310 ante
3039 2263 3268 2307 mortem
3313 2259 3472 2305 uatu-

1882 2360 2052 2413 ralem
2086 2366 2301 2425 separat
2337 2353 2576 2408 animam
2624 2369 2654 2407 a
2701 2364 2954 2419 corpore,
2989 2347 3114 2402 dum
3149 2343 3466 2416 passionum

1880 2451 2364 2517 mortiﬁcationem
2409 2456 2693 2520 operatur.
2738 2453 2796 2501 et
2825 2437 3208 2513 hujuscemodi
3239 2436 3474 2493 mortiﬁ-

1880 2548 2098 2602 catione
2131 2553 2345 2599 natura:
2373 2539 2724 2613 impassibili,
2757 2545 3024 2607 quantum
3055 2534 3176 2606 ejus
3217 2531 3334 2588 ﬁeri
3373 2547 3472 2602 po-

1879 2648 2010 2702 test,
2037 2636 2238 2694 similis
2265 2634 2518 2692 efﬁcitur.
2549 2632 2804 2689 Sedlicet
2833 2630 3001 2686 etiam
3027 2625 3386 2684 communius
3403 2624 3474 2680 de

1880 2730 2241 2790 meditatione
2289 2727 2482 2784 mortis
2525 2726 2851 2781 disserere:
2886 2721 3033 2793 quod
3087 2720 3182 2792 qui
3231 2734 3294 2776 ex
3360 2719 3471 2774 hoc

1882 2825 2090 2884 mundo
2134 2825 2436 2880 discessum
2489 2828 2674 2876 mente
2705 2831 2924 2886 semper
2959 2814 3284 2871 circumfert
3319 2822 3374 2868 et
3404 2816 3462 2868 in

1881 2930 2176 2979 constante.
2207 2918 2372 2987 hujus
2403 2915 2764 2971 meditatione
2799 2921 3051 2968 versatur
3071 2952 3086 2977 ,
3117 2909 3164 2966 is
3191 2908 3470 2964 liberatio—

1881 3031 2009 3072 nem
2055 3015 2124 3069 ab
2170 3011 2428 3067 omnibus
2470 3006 2854 3078 corporalibus
2901 3001 3368 3059 commentabitur
3412 3009 3468 3056 et

1882 3121 2230 3180 quascunque
2265 3105 2513 3161 animum
2561 3099 2843 3156 meliorem
2893 3094 3158 3163 efﬁciunt,
3206 3107 3471 3166 peragere

1802 3188 1850 3250 ο
1882 3201 2150 3264 studebit,
2184 3200 2560 3268 virtutemque
2589 3211 2714 3252 cum
2756 3195 2812 3248 in
2845 3189 3134 3262 republica
3168 3187 3428 3245 comitem
3451 3225 3470 3250 .

1883 3306 1997 3352 tum
2032 3295 2086 3350 in
2101 3293 2540 3365 peregrinatione
2569 3289 2774 3345 sociam
2811 3283 3061 3350 habebit,
3100 3280 3330 3338 caducis
3359 3278 3473 3353 46

1879 3398 1935 3444 et
1963 3385 2127 3442 ﬂuxis
2161 3401 2260 3456 pro
2290 3383 2514 3440 aeternis
2545 3380 2899 3452 permutatis.

1951 3483 2007 3538 4.
2036 3478 2244 3547 Quarta
2293 3476 2541 3533 deﬁnitio
2594 3484 2682 3531 est
2735 3489 2860 3542 qua
2911 3472 3011 3539 ait,
3067 3469 3471 3542 philosophiam

1880 3588 2004 3630 esse
2037 3571 2460 3628 similitudinem
2493 3582 2618 3623 cum
2671 3566 2784 3622 Deo
2805 3605 2821 3632 ,
2860 3573 3066 3639 quanta
3103 3565 3162 3620 in
3193 3561 3476 3620 hominem

1880 3664 2082 3722 cadere
2110 3671 2316 3735 potest.

1955 3758 2014 3813 5.
2056 3755 2328 3824 Quoniam
2366 3754 2513 3808 enim
2551 3750 2698 3806 Deus
2725 3749 2893 3805 habet
2923 3749 3170 3816 duplices
3203 3748 3477 3820 Operatio-

1882 3864 2016 3916 nes;
2073 3849 2210 3904 alias
2246 3847 2466 3919 quidem
2503 3845 2704 3914 quibus
2735 3844 3018 3916 cognoscit
3051 3843 3198 3899 entia
3226 3884 3241 3906 ,
3273 3857 3474 3897 secuu~

1880 3943 2010 3998 dum
2075 3957 2214 4013 quas
2276 3941 2462 3994 omnia
2509 3939 2675 3994 etiam
2755 3947 3115 3993 ante‘ortum
3165 3951 3325 3991 suum
3373 3951 3475 3990 co-

1886 4035 2143 4106 gnoscit;
2177 4033 2314 4089 alias
2349 4047 2502 4094 vero,
2535 4031 2738 4100 quibus
2770 4045 3064 4100 egenarum
3114 4044 3296 4082 rerum
3346 4041 3477 4096 pro-

1884 4129 2186 4186 videntiam
2237 4127 2443 4194 habet,
2477 4125 2783 4182 secundum
2821 4139 2958 4192 quas
2990 4123 3085 4178 toti
3124 4121 3325 4176 mundo
3353 4135 3478 4191 pro-

1885 4217 2071 4294 spicit,
2095 4221 2206 4292 jam
2235 4236 2366 4275 vero
2398 4221 2566 4274 etiam
2600 4217 2964 4288 philosophus
2991 4206 3180 4271 ἔοι-οη.
3205 4229 3326 4284 quae
3350 4223 3479 4268 sunt

1885 4315 2285 4385 contemplator
2312 4327 2456 4375 esse,
2480 4322 2536 4365 et
2567 4326 2754 4365 rerum
2792 4309 3176 4364 universarum
3223 4315 3476 4360 naturam

1886 4410 2031 4466 scire
2062 4407 2348 4464 contendit
2374 4423 2388 4473 ;
2413 4405 2546 4476 quin
2580 4413 2636 4460 et
2661 4419 2956 4476 egenarum
2986 4416 3170 4457 rerum
3204 4401 3471 4454 rationem

1890 4513 1947 4557 et
1996 4516 2185 4558 curam
2235 4499 2422 4565 habet,
2486 4485 2708 4568 quando
2761 4495 3203 4566 contemplativa;
3250 4490 3471 4562 quidem
3511 4481 3514 4484 ’

1893 4591 2297 4664 (philosophiae)
2331 4589 2623 4655 beneﬁcio,
2675 4589 2925 4661 dogmata
2957 4602 3054 4643 seu
3079 4585 3297 4642 decreta
3331 4582 3476 4637 veri-

186 2535 565 2606 ὁμοιούμενος.
601 2539 758 2594 Ἔστι
805 2541 862 2595 δὲ
909 2543 1002 2596 καὶ
1037 2545 1354 2616 κοινότερον
1389 2547 1650 2616 περὶτῆς
1679 2545 1774 2601 τοῦ

186 2628 418 2685 Θανάτου
447 2630 686 2703 ’μελέτης
716 2635 892 2690 εἰπεῖν
916 2651 932 2667 ο
963 2636 1157 2710 ὅτιπερ
1190 2641 1218 2694 6
1267 2640 1367 2708 τὴν
1394 2641 1647 2696 ἐντεῦθεν
1681 2641 1775 2696 ἐκ·

185 2721 388 2791 δημίαν
438 2723 496 2776 ἐν
533 2725 608 2796 νῷ
638 2727 822 2797 φέρων
857 2728 1152 2795 διαπαντὸς
1201 2731 1295 2787 καὶ
1331 2732 1618 2806 μελέτημα
1641 2733 1778 2789 ταύ-

182 2833 286 2885 της
315 2815 596 2886 τιθέμενος
645 2819 918 2891 ἔμμονον,
955 2825 1176 2880 πάντων
1241 2827 1604 2898 φιλοσοφήσει
1660 2829 1775 2885 τῶν

182 2911 516 2977 σωματικῶν
545 2913 646 2983 τὴν
667 2915 1011 2988 ἀπαλλαγὴν,
1047 2919 1140 2973 καὶ
1170 2921 1272 2974 ὅσα
1308 2921 1409 2992 τὴν
1437 2921 1619 2993 ψυχὴν
1651 2923 1773 2994 βελ-

199 3003 310 3056 τιοῐ
332 3004 678 3074 κατορθῶσαι
708 3009 1021 3077 σπουδάσει,
1045 3015 1142 3066 καὶ
1169 3015 1269 3082 τὴν
1296 3013 1500 3085 ἀρετὴν
1521 3016 1616 3068 καὶ
1639 3033 1779 3084 συμ-

182 3093 618 3167 πολιτευομένην
675 3099 771 3153 καί⁵
821 3102 1158 3173 συνέκδημον
1187 3105 1475 3176 κτήσεται,
1508 3105 1618 3161 τῶν
1653 3106 1776 3160 ἑπι-

175 3185 372 3256 κήρων
399 3187 879 3260 ἀνταλλαξάμενος
904 3191 973 3245 τά
1005 3193 1237 3249 αἰώνια.

248 3457 318 3514 δ’.
343 3459 622 3531 Τέταρτος
680 3462 808 3531 ὄρος
856 3464 1006 3516 ἐστὶν
1060 3467 1088 3518 6
1143 3463 1321 3533 λέγων
1361 3467 1445 3522 ὅτι
1482 3465 1778 3538 φιλοσοφία

167 3552 336 3606 ἐστὶν
367 3553 630 3624 ὁμοίωσις
653 3555 772 3626 Θεῷ
801 3559 943 3610 κατά
978 3558 1040 3610 16
1069 3558 1296 3613 δυνατὸν
1316 3559 1614 3633 ἀνθρώπῳ.

250 3745 318 3801 ε’.
354 3745 506 3799 Ἐπεὶ
530 3745 638 3816 γάρ
674 3747 702 3798 6
735 3745 868 3810 Θεὸς
897 3747 1079 3810 διττὰς
1106 3749 1217 3816 ἔχει
1243 3748 1342 3813 τάς
1369 3750 1658 3821 ἐνεργείας
1679 3751 1777 3814 τὰς

164 3840 285 3908 μὲν
309 3840 626 3908 γνωστικάς
657 3839 767 3892 τῶν
799 3838 993 3904 ὅντων,
1026 3840 1148 3894 καθ’
1175 3841 1242 3906 ἀς
1293 3843 1475 3898 πάντα
1509 3844 1778 3912 γινώσκει

163 3933 274 3984 καὶ
311 3932 421 3999 1:96
468 3933 742 3998 γενέσεως
773 3933 955 3986 αὐτῶν
981 3950 997 3968 ο
1044 3936 1144 3997 16;
1177 3934 1234 3988 δὲ
1269 3940 1642 4008 προνοητικάς
1669 3938 1778 3992 τῶν

161 4024 656 4094 καταδεεστέρων,
681 4026 802 4080 καθ’
829 4025 897 4090 ἀς
937 4030 1249 4097 προνοεῖται
1271 4029 1366 4083 τοῦ
1395 4029 1606 4098 κόσμου
1637 4047 1777 4085 παν-

158 4121 304 4180 τός’
353 4116 493 4169 ἀλλά
539 4117 606 4188 δὴ
661 4119 760 4171 καὶ
813 4120 842 4171 6
873 4119 1165 4188 φιλόσοφος
1197 4120 1308 4172 τῶν
1352 4121 1523 4174 ὄντων
1554 4122 1779 4176 σπεύδει

158 4211 409 4263 πάντων
434 4207 576 4265 εἶναι
604 4211 889 4282 Θεωρητὴς
915 4214 1008 4266 καὶ
1034 4214 1134 4279 τὴν
1163 4212 1272 4266 τῶν
1299 4215 1439 4266 ὅλων
1469 4215 1635 4282 φύσιν
1657 4217 1779 4270 ὲπί-

161 4307 424 4359 στασθαι
444 4320 460 4335 ο
493 4308 804 4374 προνοεῖται
835 4306 891 4360 δὲ
922 4306 1014 4359 καὶ
1041 4306 1148 4361 τῶν
1179 4309 1624 4380 καταδεεστέρων
1645 4327 1658 4341 ·
1685 4311 1773 4365 διά

159 4399 281 4469 μιν
314 4397 424 4465 τῆς
446 4397 794 4468 Θεωρητικῆς
827 4399 895 4452 16
940 4399 1192 4468 δόγματα
1221 4399 1490 4454 διδάσκων
1511 4403 1611 4471 τῆς
1638 4404 1774 4472 ἀλη-

152 4491 356 4558 Θειας,
395 4489 483 4544 διά
509 4489 567 4544 δὲ
599 4490 701 4560 τῆς
737 4492 1055 4561 πρακτικῆς
1091 4491 1198 4562 ἤθη
1244 4492 1530 4562 ῥυθμίζων
1559 4495 1658 4548 καὶ
1688 4513 1778 4549 νο-

151 4582 436 4652 μοθετῶν
467 4583 538 4638 16
569 4582 760 4637 δέοντα
789 4583 889 4637 καὶ
917 4582 1155 4650 δικάζων
1195 4585 1290 4638 καὶ
1322 4586 1580 4640 παντοίαν
1613 4588 1784 4660 ἄλλην

149 4674 515 4746 ποιούμενος
549 4676 870 4746 ἐπιμέλειαν
909 4677 1002 4732 τοῦ
1063 4679 1440 4743 συνοίσοντος’
1487 4680 1771 4754 εἶκὸτωςή

1897 4688 2020 4742 tatis
2047 4687 2246 4752 docet;
2281 4686 2472 4741 activae
2500 4694 2681 4739 autem
2734 4698 2917 4738 mores
2944 4683 3009 4736 ad
3043 4680 3478 4737 concinnitatem

144 4770 478 4838 φιλοσοφία
503 4767 591 4822 διὰ
620 4770 793 4822 ταῦτα
827 4769 945 4838 Θεῷ
974 4769 1211 4842 ὑπάρχει
1241 4771 1524 4842 ὁμοίωσις.

1891 4779 2230 4844 conformat,
2265 4787 2320 4834 et
2352 4778 2422 4833 de
2448 4777 2642 4834 ofﬁciis
2672 4777 2822 4848 leges
2853 4776 3198 4845 promulgat,
3242 4781 3295 4825 et
3349 4787 3478 4826 sen-

145 4865 399 4919 tentias
432 4862 591 4928 dicit,
623 4873 676 4918 et
712 4865 768 4916 in
822 4868 1077 4934 quamvis
1142 4866 1306 4921 aliam
1354 4869 1627 4939 profuturi
1682 4888 1872 4927 curam
1934 4885 1991 4928 et
2038 4873 2382 4943 diligentiam
2429 4872 2740 4927 incumbit:
2800 4879 3086 4940 eaproptt-r
3139 4865 3476 4938 philosophia

133 4961 292 5030 jure
323 4957 638 5014 similitudo
670 4974 795 5013 cum
826 4960 939 5014 Deo
967 4960 1206 5016 exsistit.

231 5061 326 5119 ς’.
377 5053 710 5122 Πρόσκειται
765 5051 822 5104 δὲ
853 5052 914 5104 16
949 5053 1104 5106 κατὰ
1140 5052 1208 5106 τὸ
1266 5053 1537 5110 δυνατὸν
1563 5057 1787 5126 ἀνθρώ-

132 5162 259 5214 πῳ
299 5144 528 5208 καλῶς,
589 5144 719 5199 ἐπεὶ
752 5146 860 5197 τῶν
920 5145 1180 5212 γνώσεων
1235 5148 1328 5200 καὶ
1373 5149 1484 5201 τῶν
1515 5153 1784 5220 προνοιῶν

133 5240 454 5309 πάμπολυ
503 5236 566 5292 16
613 5239 899 5309 διάφορον.
923 5234 1030 5294 Ὧν
1063 5245 1174 5311 γὰρ
1231 5242 1287 5294 al
1320 5242 1501 5296 ούσίαι
1530 5244 1784 5314 διάφοροι

129 5335 257 5388 καὶ
338 5331 472 5387 καθ’
523 5334 672 5398 ὅσον,
736 5334 942 5385 τούτων
995 5337 1089 5386 καὶ
1135 5336 1191 5386 αἱ
1255 5335 1598 5406 τελειότητες
1644 5340 1785 5390 κατὰ

127 5425 448 5481 τοσοῦτον
479 5425 751 5496 διάφοροι.
783 5426 880 5489 ’ῐίς
901 5426 957 5478 δὲ
985 5425 1276 5498 σύγκρισις
1299 5429 1514 5498 φύσεως
1550 5431 1787 5499 πάμπαν

129 5519 435 5590 τρεπτῆς
464 5518 558 5572 καὶ
584 5517 822 5589 ῥευστῆς
857 5518 991 5585 πρὸς
1015 5519 1114 5589 τὴν
1141 5521 1423 5588 μακαρίαν
1457 5523 1672 5591 ἐκείνην
1698 5525 1782 5575 οὐκ

129 5620 294 5669 σέαν
334 5613 442 5666 καὶ
498 5611 850 5664 παντάπασιν
901 5610 1250 5682 ὲξῃρημένην
1301 5614 1523 5682 ἀπάσης
1575 5615 1786 5687 φθορᾶς

1947 5056 2016 5116 ~6.
2059 5055 2201 5108 [leue
2229 5063 2410 5112 autem
2443 5053 2716 5122 adjectum
2747 5060 2851 5117 est,
2883 5060 3087 5122 quanta
3118 5051 3171 5106 iu
3199 5051 3477 5108 hominem

1892 5141 2090 5202 cadere
2118 5156 2332 5217 potest;
2363 5146 2632 5216 siquidem
2662 5144 2978 5198 notitiarum
3017 5155 3070 5200 et
3103 5145 3476 5215 providentia.

1893 5255 2010 5292 rum
2055 5255 2247 5307 magna
2281 5248 2367 5292 est
2406 5237 2715 5293 diversitas.
2751 5236 2996 5303 Quorum
3028 5239 3195 5301 enim:
3221 5240 3480 5295 substan-

1893 5334 1982 5386 tia:
2016 5345 2143 5386 sunt
2181 5333 2414 5388 diversa:
2443 5342 2497 5388 et
2532 5334 2584 5387 in
2611 5346 2876 5400 quantum
2910 5343 3037 5388 sunt
3068 5333 3301 5389 diversre
3325 5376 3341 5401 ,
3382 5335 3480 5389 ho-

1891 5441 2011 5478 rum
2042 5426 2205 5478 etiam
2234 5424 2599 5488 perfecuones
2620 5423 2727 5497 47
2753 5425 2806 5479 in
2836 5436 3046 5482 tantum
3076 5436 3203 5482 sunt
3223 5426 3476 5484 diversae.

1889 5519 2050 5584 Atqui
2080 5533 2202 5585 quae
2238 5518 2581 5588 comparatio
2611 5529 2697 5572 est
2733 5528 2936 5574 naturae
2964 5535 3060 5588 per
3087 5522 3271 5575 omnia
3306 5532 3482 5576 muta-

1889 5610 2014 5664 bilis
2051 5611 2321 5680 ﬂuxuqtte
2371 5627 2493 5664 cum
2551 5611 2707 5664 beata
2764 5612 2853 5664 illa
2911 5613 3216 5668 Substantia
3261 5629 3382 5683 quae
3410 5616 3480 5670 ab

1888 5706 2037 5760 omni
2074 5705 2430 5775 corruptione
2460 5715 2514 5757 et
2549 5705 2850 5779 mutatione
2885 5718 3138 5777 exempta
3167 5715 3276 5770 est,
3323 5724 3478 5779 quaa-

1885 5814 1993 5868 que
2019 5811 2238 5850 onmem
2273 5794 2557 5849 nonmodo
2588 5778 2916 5858 humarium,
2947 5797 3044 5850 sed
3075 5797 3240 5851 etiam
3265 5778 3478 5869 angeli—

1889 5908 2012 5948 cum
2050 5889 2386 5947 intellectum
2413 5890 2468 5944 in
2495 5887 2756 5944 iuﬁnities
2787 5888 3065 5945 inﬁnitum
3097 5889 3482 5946 transcendit?

125 5712 257 5762 ’καὶ
301 5707 533 5776 τροπῆς
565 5705 662 5775 τὴν
699 5706 879 5758 πάιτα
936 5705 1063 5757 νοῦν
1097 5705 1172 5774 μὴ
1209 5706 1369 5776 μόνον
1418 5707 1787 5777 ἀνθρώπινον⁹

121 5808 201 5854 α)
224 5805 308 5853 ιά
371 5803 466 5852 καὶ
510 5800 802 5868 ἀγγελικον
837 5798 891 5860 ἐς
924 5799 1220 5870 ἀπειράκις
1258 5799 1489 5871 ἄπειρον
1525 5801 1786 5871 61119665-

115 5913 436 5957 vouaav;
