3868 6362
357 299 494 362 -797

1586 301 2010 362 NICEPHORI
2051 273 2476 367 BLEMMIM

3519 293 3522 296 ’
3551 303 3656 367 728

384 413 554 466 matio
582 411 744 466 unius
773 411 1005 482 alicujus
1032 428 1223 472 eorum
1253 415 1342 484 qui
1376 415 1430 469 in
1458 416 1804 485 phil050phia
1840 427 1968 473 sunt

2097 427 2217 479 ιατὰ
2247 424 2570 494 φιλοσοφίαν
2597 423 2898 494 γνωρίμων
2921 463 2938 487 ,
2971 421 3046 482 ὡς
3072 421 3104 492 ἠ
3134 417 3228 475 τοῦ
3268 418 3654 490 Ἡρακλείτου,

383 505 654 569 celebres,
693 516 750 560 ut
793 505 1056 562 Heracliti
1081 547 1096 574 ,
1124 507 1272 577 quod
1304 509 1488 564 omnia
1521 522 1881 579 moveamur;
1915 520 1968 566 et

384 601 755 670 Parmenidis,
781 605 932 674 quod
959 620 1059 660 ens
1090 605 1162 659 sit
1183 622 1351 660 unum
1377 614 1432 661 et
1463 607 1762 676 immobile;
1785 609 1967 664 etAn-

387 694 664 761 tisthenis,
693 697 837 765 quod
856 712 966 752 non
999 696 1158 752 liceat
1188 697 1588 753 contradicere.
1619 698 1853 754 Proinde
1875 699 1966 770 qui

384 797 589 846 sectam
632 791 996 857 constituant,
1038 792 1192 848 multi
1232 803 1380 848 sunt.

453 881 508 939 3.
548 881 752 939 Verum
780 879 945 940 etiam
981 886 1214 955 urbanij,
1259 888 1364 943 hoc
1413 897 1535 952 est,
1575 903 1698 942 cum
1731 887 1968 958 alicujus

383 977 726 1034 auctoritatis
750 987 863 1033 tum
887 980 1030 1034 docti
1058 999 1073 1044 ;
1105 981 1151 1035 si
1176 982 1323 1036 enim
1351 983 1602 1052 vulgares
1630 982 1745 1036 sint
1769 991 1821 1035 et
1846 996 1968 1050 gre-

385 1071 838 1143 garii,quomodo
867 1073 919 1128 in
939 1075 1282 1144 philosophia
1313 1085 1515 1131 sectam
1538 1074 1878 1141 constituent
1910 1073 1934 1125 ?

455 1162 512 1216 4.
545 1162 794 1235 Denique
821 1173 1027 1221 certam
1060 1177 1225 1222 sectae
1265 1176 1450 1222 notam
1490 1167 1624 1232 dat,
1673 1165 1970 1221 consensio

383 1271 510 1310 cum
551 1256 918 1313 dissensione.
945 1259 1052 1325 Qui
1089 1259 1236 1313 enim
1291 1268 1347 1313 et
1399 1274 1586 1313 secum
1621 1257 1879 1322 invicem,
1914 1267 1970 1312 et

384 1362 509 1403 cum
541 1348 662 1405 aliis
705 1353 1083 1414 consentiunt,
1115 1360 1323 1406 sectam
1367 1367 1474 1406 non
1509 1349 1775 1407 alliciunt.
1814 1350 1969 1418 Quod

385 1443 532 1496 enim
563 1443 633 1499 ab
665 1443 924 1499 omnibus
955 1443 1289 1498 unanimiter
1322 1454 1685 1508 asseveratur,
1717 1461 1969 1500 commu-

383 1535 474 1588 nis
503 1535 656 1590 notio
687 1545 771 1591 est
800 1552 814 1589 :
857 1546 913 1590 ut
939 1538 1080 1607 quod
1110 1535 1256 1591 Deus
1288 1535 1467 1592 bonus
1502 1537 1616 1600 sit,
1649 1548 1703 1593 et
1729 1539 1812 1593 sol
1849 1539 1971 1593 illu-

384 1629 624 1684 minandi
654 1631 964 1686 lacullatem
995 1630 1212 1686 habeat.

455 1726 511 1780 5.
548 1725 822 1780 Caeterum
859 1734 1024 1782 sectae
1061 1725 1115 1781 in
1152 1725 1497 1796 philosophia
1545 1733 1759 1797 septem
1796 1725 1971 1781 modis

384 1821 685 1874 nominata:
712 1830 862 1874 sunt.

455 1913 561 1986 53
596 1915 649 1970 6.
685 1913 780 1970 Vel
807 1915 954 1970 enim
997 1904 1214 1990 ab'ipso
1242 1925 1404 1972 sectae
1430 1914 1679 1986 principe
1701 1955 1717 1983 ,
1747 1924 1809 1970 ut
1840 1911 1966 1968 Pla-

386 2009 554 2064 tonici
589 2020 644 2064 et
671 2009 1027 2066 Aristotelici.

455 2103 508 2157 7.
545 2101 701 2159 Vela
736 2104 914 2174 patria
945 2104 1067 2175 ejus
1101 2103 1196 2175 qui
1247 2112 1414 2160 sectae
1461 2102 1716 2174 princeps
1767 2110 1869 2168 est,
1913 2109 1973 2154 ut

383 2196 672 2267 Cyrenaici
721 2207 946 2268 propter
977 2197 1320 2267 Aristippum
1359 2195 1716 2268 Cyrenaeum;
1761 2203 1816 2250 et
1857 2193 1970 2249 Me-

384 2288 550 2360 garici
584 2299 805 2360 propter
836 2288 1119 2345 Euclidem
1153 2289 1552 2362 Megarensem.

458 2378 512 2433 8.
547 2377 646 2434 Vel
675 2395 704 2433 a
732 2380 852 2435 loco
886 2381 940 2435 in
974 2397 1083 2450 quo
1114 2396 1445 2448 congressus
1473 2380 1870 2446 instituebant,
1913 2387 1971 2432 ut

385 2472 541 2528 stoici
574 2480 799 2542 propter
828 2473 1035 2528 variam
1066 2473 1119 2527 in
1147 2473 1328 2530 Attica
1351 2473 1490 2544 (sive
1511 2472 1766 2544 Athenis)
1793 2482 1967 2527 stoam

386 2568 502 2632 (seu
541 2565 858 2635 porticum).

457 2663 508 2716 9.
527 2660 623 2715 Vel
655 2678 683 2716 a
712 2677 943 2717 censura
977 2679 1137 2732 quam
1159 2663 1211 2716 in
1237 2660 1681 2734 philosophando
1697 2659 1968 2716 adhibue-

389 2763 538 2819 runt,
575 2762 634 2808 ut
665 2756 932 2825 ephectici
966 2757 1092 2825 (hoc
1138 2766 1243 2822 est,
1276 2757 1369 2827 qui
1413 2754 1795 2810 assensionem
1825 2752 1968 2808 inhi-

389 2848 630 2919 lrehant).
663 2848 728 2903 lli
760 2849 906 2904 enim
939 2865 1061 2906 cum
1106 2851 1466 2920 opinarentur
1509 2849 1648 2904 nihil
1711 2863 1969 2919 compre-

386 2940 548 2996 hendi
580 2957 763 3012 posse,
800 2943 1240 3014 propositionum
1272 2943 1578 2999 solutiones
1622 2941 1948 2997 inhibebant

454 3038 545 3094 10.
584 3037 676 3091 Vel
707 3054 735 3092 a
770 3037 934 3108 modo
961 3037 1120 3104 vilic,
1155 3046 1215 3092 ut
1239 3035 1436 3108 cynici,
1465 3035 1559 3106 qui
1593 3033 1972 3091 indiﬂerenter

2070 518 2153 572 ὅτι
2174 519 2354 572 πάντα
2385 521 2656 572 κινεῖται·
2691 519 2784 571 καὶ
2818 517 2963 589 ήτοῦ
2999 513 3362 588 Παρμενίδου,
3398 515 3479 568 δτι
3509 513 3568 566 ἓν
3593 512 3658 564 ea

2071 613 2132 666 ὃν
2163 615 2258 668 καὶ
2289 613 2578 684 ἀκίνητονο
2636 614 2730 666 καὶ
2780 614 2813 684 ἡ
2865 611 2960 666 τοῦ
2989 611 3392 676 Ἀντισθένους,
3443 609 3526 662 ὅτι
3551 606 3683 681 οὐκ,

2072 709 2220 761 ἔστιν
2251 707 2578 776 ἀντιλέγειν.
2600 706 2794 762 Πολλοὶ
2808 705 3104 775 τοιγαροῦν
3129 705 3268 758 εἰσιν
3288 706 3337 756 οἱ
3357 700 3656 755 συνιστῶνο

2070 822 2164 870 τες
2195 806 2292 874 τὴν
2328 804 2563 876 αἵρεσιν.

2145 898 2216 969 γ’.
2254 899 2418 955 Ἀλλὰ
2448 900 2541 954 καὶ
2577 900 2808 966 ἀστεῖοι,
2855 897 3105 952 τουτέστι
3156 893 3424 962 ἀξιόλογοί
3464 909 3526 946 τε
3557 891 3658 946 καὶ

2071 994 2457 1066 ἐπιστήμονες.
2485 994 2547 1048 Et
2570 994 2680 1063 γὰρ
2711 994 2908 1046 είκαῖοι
2940 991 3034 1045 καὶ
3058 989 3325 1057 ἀγελαῖοι,
3350 986 3562 1058 αἳρεσιν
3597 985 3658 1037 ὲν

2073 1089 2364 1161 φιλοσοφίᾳ
2392 1088 2511 1153 πῶς
2539 1089 2858 1156 ποιήσονται
2887 1105 2903 1152 ;

2142 1185 2209 1242 δ’.
2241 1182 2659 1254 Χαρακτηρίζει
2690 1181 2749 1236 δὲ
2773 1181 2876 1251 τὴν
2907 1179 3118 1248 αἵρεσιν
3168 1173 3460 1246 συμφωνία
3511 1174 3655 1242 μετὰ

2072 1275 2394 1344 διαφωνίας.
2425 1274 2488 1326 Ol
2514 1273 2623 1344 γὰρ
2664 1272 2758 1325 καὶ
2789 1270 2925 1341 πρὸς
2958 1267 3188 1332 ἑαυτοὺς
3230 1263 3655 1337 συμφωνοῦντες

2074 1370 2171 1423 καὶ
2220 1367 2356 1439 πρὸς
2407 1366 2535 1430 τοὺς
2567 1365 2762 1428 ἄλλους
2811 1362 3026 1434 αἵρεσιν
3064 1363 3125 1415 οὐ
3159 1359 3396 1414 ποιοῦσι.
3435 1357 3511 1412 To
3543 1356 3656 1425 γὰρ

2075 1461 2231 1534 παρὰ
2295 1460 2516 1516 πάντων
2567 1457 3004 1528 ὁμολογούμενον
3052 1454 3206 1526 κοινὴ
3258 1452 3438 1506 ἔννοιά
3466 1451 3659 1504 ἐστιν·

2073 1550 2186 1610 οἷον
2214 1556 2294 1610 ὅτι
2316 1557 2344 1609 ό
2373 1553 2504 1618 Θεδς
2530 1552 2752 1624 ἀγαθὸς,
2774 1553 2869 1606 καὶ
2914 1553 2943 1605 ό
2977 1550 3128 1622 ἥλιος
3159 1544 3511 1618 φωτιστικός.

2151 1745 2215 1795 ε’.
2246 1735 2663 1808 Ὧνομάσθησαν
2703 1737 2762 1790 δὲ
2802 1737 2856 1790 αἱ
2884 1736 3027 1789 κατὰ
3061 1731 3384 1802 φιλοσοφίαν
3414 1723 3660 1800 αίβέσεις

2074 1833 2214 1887 κατὰ
2245 1831 2482 1902 τρόπους
2512 1830 2673 1885 ἑπτά.

2146 1923 2224 1992 ς’.
2254 1927 2326 1979 Ἢ
2357 1925 2465 1996 γὰρ
2499 1924 2595 1978 ἀπ’
2624 1921 2792 1977 αὑτοῦ
2827 1922 2922 1977 τοῦ
2979 1919 3364 1992 αἰρεσιὰρχου,
3411 1917 3489 1982 ὡς
3517 1917 3664 1975 Πλα-

2071 2021 2297 2076 τωνικοὶ
2319 2021 2413 2075 καὶ
2443 2018 2889 2089 Ἀριστοτελικοί.

2143 2116 2213 2180 ζ’.
2238 2114 2311 2167 Ἦ
2337 2113 2446 2168 ἀπὸ
2487 2113 2586 2179 τῆς
2619 2112 2883 2182 πατρίδος
2913 2109 3010 2164 τοῦ
3060 2109 3438 2182 αῖρεσιάρχου,
3482 2108 3558 2172 ὡς
3608 2108 3658 2161 οί

2073 2206 2434 2278 Κυρηναϊκοὶ,
2463 2205 2551 2260 διὰ
2577 2205 2670 2258 τὸν
2712 2205 3025 2275 Κυρηναῖον
3062 2203 3447 2273 Ἀρίστιππον.
3479 2200 3591 2256 Καὶ
3607 2200 3659 2254 οἱ

2071 2302 2378 2372 Μεγαρικοὶ
2393 2300 2462 2354 δι’
2493 2297 2791 2368 Εὐκλείδην
2812 2299 2905 2351 τὸν
2941 2296 3233 2367 Μεγαρέα.

2143 2400 2216 2464 η’.
2245 2394 2317 2446 Ἢ
2347 2393 2456 2449 ἀπὸ
2482 2391 2577 2444 τοῦ
2597 2392 2788 2456 τόπου,
2816 2392 2874 2445 ὲν
2897 2383 2941 2459 ᾧ
2971 2389 3070 2454 τὰς
3091 2387 3385 2451 συνουσίας
3417 2383 3660 2440 ἐποιοῦν-

2071 2503 2153 2548 το,
2209 2484 2287 2548 ὼς
2342 2486 2391 2537 οἱ
2448 2484 2698 2549 στωϊκοὶ,
2755 2481 2844 2537 διὰ
2899 2479 2998 2552 τὴν
3050 2482 3109 2535 ὲν
3136 2479 3362 2549 Ἀττικῇ
3409 2477 3661 2544 ποικίλην

2073 2580 2257 2633 στοάν.
2774 2581 2777 2584 ’

2144 2670 2210 2727 6³.
2239 2670 2308 2723 ’Ἡ
2341 2670 2448 2724 ἀπὸ
2479 2671 2577 2741 τῆς
2600 2671 2659 2724 ὲν
2697 2668 2777 2741 τῷ
2814 2666 3124 2739 φιλοσοφεῖν
3165 2665 3521 2735 ἐπικρίσεως,
3577 2661 3656 2726 ὡς

2072 2765 2122 2820 οἱ
2170 2763 2472 2836 ἐφεκτικοί.
2522 2762 2684 2817 Οὗτοι
2727 2762 2837 2834 γὰρ
2894 2760 3279 2832 ἀκαταληψίαν
3336 2755 3661 2824 δοξάζοντες

2072 2860 2292 2930 ἐπεῖχον
2330 2857 2428 2920 τὰς
2450 2854 2635 2920 λύσεις
2655 2855 2766 2910 τῶν
2789 2854 3133 2926 προτάσεων.

2149 3043 2198 3098 ι’.
2237 3043 2307 3096 Ἦ
2332 3039 2440 3096 ἀπὸ
2461 3011 2556 3094 τοῦ
2580 3039 2783 3109 τρόπου
2817 3034 2916 3106 τῆς
2940 3034 3109 3106 ζωῆς,
3135 3032 3326 3102 ὥσπερ
3351 3031 3400 3084 oi
3435 3029 3660 3085 κυνικοὶ

385 3147 584 3188 canum
617 3132 794 3187 instar
842 3131 1146 3196 vivebant,
1183 3131 1389 3201 quique
1424 3129 1787 3200 philosophiae
1836 3132 1968 3200 dog-

2097 3139 2274 3201 Ῑῶντες
2303 3133 2610 3204 ἀδιαφόρως
2637 3133 2794 3200 δίκην
2821 3131 3032 3186 κυνῶνο
3079 3127 3149 3182 τά
3181 3143 3240 3180 τε
3271 3125 3522 3195 δόγματα
3551 3124 3656 3191 τῆς

385 3234 532 3280 mata
589 3224 960 3289 muniebant,
1031 3223 1332 3294 eademque
1403 3221 1970 3278 demonstrationibus

387 3318 824 3388 propugnabant,
875 3330 931 3373 et
978 3316 1187 3373 amicos
1234 3319 1304 3371 ab
1349 3315 1566 3383 alienis,
1614 3314 1721 3370 hoc
1766 3319 1871 3378 est,
1902 3315 1970 3368 ad

390 3410 893 3481 philosophandum
937 3421 1094 3482 aptos
1126 3412 1195 3466 ab
1228 3409 1432 3481 ineptis
1461 3410 1528 3465 ad
1561 3408 1614 3463 id
1643 3408 1849 3479 ipsum,
1883 3420 1971 3462 se-

389 3510 692 3561 t-ernehant
720 3548 734 3573 ,
769 3516 823 3560 et
857 3506 982 3560 illos
1028 3505 1245 3574 quidem
1278 3502 1545 3559 benevole
1572 3501 1971 3572 suscipiebant,

391 3601 493 3653 hos
517 3615 644 3654 vero
679 3599 847 3654 libere
879 3609 932 3653 et
963 3600 1140 3669 palam
1169 3596 1672 3670 reprehendebant,
1703 3607 1756 3651 et
1783 3595 1975 3666 procul

389 3693 458 3745 ab
492 3692 767 3747 auditorio
798 3693 1109 3765 exigebant.

466 3878 557 3933 Η.
598 3876 692 3932 Vel
726 3893 756 3932 a
789 3876 917 3942 line,
949 3886 1009 3931 ut
1035 3876 1352 3945 voluptarii,
1383 3879 1477 3946 qui
1531 3877 1693 3930 linem
1729 3874 1976 3947 philoso-

393 3971 536 4041 phiae
563 3984 689 4026 esse
721 3969 982 4025 dicebant
1029 3970 1367 4040 voluptatem
1411 3984 1534 4038 qua:
1585 3985 1649 4024 ex
1687 3968 1881 4026 notitia
1922 3977 1979 4022 et

390 4062 653 4134 ἀπαθείᾳ,
690 4062 800 4116 hoc.
826 4069 946 4129 est,
997 4063 1269 4116 vacuitate
1314 4061 1651 4131 passionum,
1700 4069 1755 4114 et
1807 4058 1978 4114 addu-

391 4178 404 4205 ι
427 4157 572 4211 tione
611 4156 677 4210 ad
722 4155 972 4211 divinum
1004 4171 1231 4218 numen,
1257 4156 1401 4224 qttod
1429 4155 1677 4211 omnium
1706 4163 1978 4224 expeten-

389 4251 582 4303 dorum
616 4248 850 4319 primum
880 4259 984 4314 est,
1019 4248 1342 4320 percipitur.

460 4341 570 4415 55
604 4342 692 4397 12.
730 4341 827 4397 Vel
864 4342 935 4398 ab
963 4344 1245 4399 accidente
1272 4344 1476 4414 aliquo,
1516 4352 1578 4399 ut
1601 4341 1974 4414 peripatetici,

389 4438 481 4505 qui
516 4437 597 4490 sic
626 4437 882 4506 appellati
911 4445 1063 4500 sunt,
1097 4437 1242 4506 quod
1292 4436 1600 4492 secundum
1662 4436 1974 4506 peripaton,

394 4531 495 4585 hoc
523 4539 608 4585 est
638 4529 1163 4595 deambulationem,
1192 4547 1324 4588 suos
1354 4546 1687 4604 congressus
1721 4530 1977 4586 institue-

393 4630 512 4677 rent
550 4638 564 4676 :
599 4631 658 4676 ut
691 4638 796 4678 una
835 4638 958 4679 cum
996 4623 1178 4679 anima
1211 4638 1412 4694 corpus
1440 4632 1819 4679 exerceretur.

2009 4497 2058 4554 ῐλ

2075 3229 2398 3300 φιλοσοφίας
2433 3225 2818 3298 φρουροῦντες,
2869 3224 2962 3278 καὶ
2993 3219 3441 3292 ὑπερμαχοῦντες
3472 3214 3659 3270 αὐτῶν

2073 3322 2160 3377 διὰ
2186 3322 2296 3374 τῶν
2325 3317 2674 3384 ἀποδείξεων,
2727 3316 2824 3369 καὶ
2864 3316 2990 3376 τοὺς
3022 3312 3210 3382 φίλους
3245 3313 3310 3365 ἐκ
3335 3309 3447 3362 τῶν
3492 3310 3658 3362 ἀλλο-

2079 3415 2268 3486 τρίων,
2302 3413 2468 3485 ἦγουν
2496 3411 2623 3474 τοὺς
2667 3410 2805 3482 πρὸς
2831 3407 2895 3461 τὸ
2949 3407 3262 3476 φιλοσοφεῖν
3314 3401 3658 3474 ἐπιτηδείους

2075 3512 2140 3564 ὲκ
2178 3508 2288 3562 τῶν
2321 3503 2714 3575 ἀνεπιτηδείων
2749 3501 2888 3574 πρὸς
2924 3501 3056 3556 αὐτὸ
3089 3499 3467 3570 διακρίνοντες
3492 3513 3506 3527 ⁸
3565 3495 3661 3548 καὶ

2075 3603 2199 3664 τοὺς
2228 3601 2328 3671 μὲν
2374 3598 2623 3670 εὐμενῶς
2654 3596 2955 3666 δεχόμενοι,
2985 3593 3110 3655 τοὺς
3141 3592 3199 3646 δὲ
3245 3592 3388 3661 μετὰ
3434 3589 3658 3661 mpm-

2078 3696 2201 3758 σίας
2249 3694 2566 3763 ἐλέγχοντες
2624 3691 2718 3744 καὶ
2763 3687 2858 3742 τοῦ
2887 3685 3149 3759 όμακοῖου
3192 3682 3414 3754 μακρὰν
3455 3677 3654 3734 ἐκδιώ-

2078 3806 2341 3936 κοῖῖιῗῖῐι
2370 3880 2479 3934 ἀπὸ
2510 3877 2604 3933 τοῦ
2659 3875 2868 3941 τέλους,
2907 3873 3092 3944 ὥσπερ
3125 3872 3174 3924 οἱ
3202 3867 3467 3941 ἡδονικοῖ,
3503 3865 3658 3926 τέλος

2077 3978 2175 4046 τῆς
2237 3975 2560 4044 φιλοσοφίας
2611 3970 2861 4038 λέγοντες
2895 3963 3034 4021 εἶναι
3077 3963 3177 4035 τὴν
3210 3963 3424 4035 ἡδονὴν,
3460 3962 3561 4031 τὴν
3596 3961 3664 4011 ἐκ

2079 4069 2335 4138 γνώσεως
2368 4068 2462 4121 καὶ
2482 4065 2750 4127 ἀπαθείας
2789 4063 2882 4116 καὶ
2911 4061 3010 4130 τῆς
3047 4058 3184 4130 πρὸς
3208 4057 3295 4146 πὸ
3333 4056 3488 4108 Θεῖον
3520 4055 3654 4106 ἁνα-

2080 4164 2288 4234 γωγῆς,
2318 4162 2378 4216 τὸ
2409 4162 2624 4230 πρῶτον
2654 4158 2761 4212 τῶν
2798 4155 3029 4227 ἐφετῶν.

2154 4343 2243 4415 ιβ’.
2281 4342 2350 4397 "ll
2388 4341 2495 4396 ἀπό
2542 4357 2688 4404 τινος
2717 4337 3148 4409 συμϐεϐηκότος,
3179 4333 3254 4398 ὡς
3284 4335 3334 4387 ot
3360 4346 3668 4402 περιπατη-

2081 4440 2242 4507 τικοὶ,
2280 4436 2572 4508 κληθέντες
2614 4434 2759 4488 οῦτω
2781 4434 2870 4488 διὰ
2902 4433 2964 4486 τὸ
3001 4431 3104 4494 τὰς
3170 4427 3460 4489 συνουσίας
3493 4426 3670 4479 ποιεῖ-

2085 4533 2210 4586 σθαι
2240 4530 2382 4583 κατά
2411 4530 2722 4597 περίπατον
2748 4543 2760 4558 ⁸
2819 4526 2894 4588 ὡς
2943 4525 3010 4580 ἂν
3046 4525 3162 4593 ἅμα
3208 4523 3275 4592 τῇ
3303 4520 3452 4591 ψυχῇ
3479 4515 3575 4571 καὶ
3602 4513 3671 4570 τὸ

2088 4624 2252 4697 σῶμα
2279 4623 2632 4695 γυμνάζοιτο.
