3872 6522
168 497 270 561 ’153
372 503 379 507 ’

1426 506 1766 570 ΕΡΙΤΟΜΕ
1801 510 2102 576 LOGICA.

3316 513 3420 578 754

234 610 482 699 ὡνηρ-τ
508 610 596 699 16ε
628 612 698 670 Εἰ
732 616 799 671 ab
840 616 1070 699 absurdo
1095 617 1288 699 proba!
1316 618 1579 699 hominem
1596 624 1689 699 uti
1715 625 1945 699 speciem
1988 626 2434 697 specialissimam
2462 644 2679 685 suorum
2711 628 3102 685 individuorum
3123 643 3286 699 genus
3317 645 3420 683 non

232 684 477 784 isseme}!
511 685 700 784 saltem
727 689 977 784 speciem.
1009 684 1202 744 --_l7.
1240 687 1493 773 Declar'at
1525 684 1799 746 individua
1815 684 2055 784 Jruarm'n
2086 701 2382 784 specierum
2418 684 2649 770 itemque
2692 684 3421 784 speciessuorutuvﬂenerum

231 762 291 842 et
321 756 565 842 omnino.
590 759 899 842 suoatterna
929 774 1122 842 genera
1169 761 1512 842 superiorum
1555 779 1734 842 usque.
1771 763 1839 842 αδ
1869 756 2177 842 supremum
2209 771 2446 841 adeoque
2487 756 2667 842 omnia
2693 756 2954 842 inferiora
2986 756 3337 842 superiorum,
3372 778 3424 822 et

236 839 417 910 nomen
447 836 498 879 et
530 827 892 910 deﬁnitionem
928 827 1316 910 recipere._sed_
1334 833 1611 900 superiora
1632 827 1960 910 inferiorum
2008 856 2111 910 non
2152 841 2301 895 item.
2341 827 2409 882 έ-
2460 842 2544 897 18.
2573 827 2782 910 Species
2812 842 2935 896 item
2957 827 3094 896 inter
3118 855 3174 894 se
3198 827 3422 894 invicem

232 895 641 984 fellftftmuge
671 901 881 954 nomine
907 895 1070 971 neque
1108 895 1416 969 deﬁnitione
1443 895 2025 965 communicare—19.
2058 909 2161 965 Sed
2195 895 2802 984 communis-generiem
2832 895 3019 966 nomen
3065 910 3423 979 deﬁnitionem

233 979 289 1019 ea
318 981 467 1036 equo
495 968 757 1039 accipere.

1763 1221 1810 1277 Α

766 1210 1011 1267 ΚΕΦΑΛ.
1063 1213 1121 1267 I'.

163 1300 295 1368 Περὶ
325 1302 543 1371 γένους
571 1301 673 1358 και
712 1305 936 1372 εἴδους,
964 1306 1037 1360 ἐν
1063 1299 1111 1373 ᾧ
1141 1307 1240 1361 καὶ
1270 1308 1402 1377 περὶ
1440 1309 1736 1379 σχέσεως.

231 1402 297 1452 α’.
338 1391 417 1451 Τά
450 1400 833 1471 σημαινόμενα
861 1401 957 1455 τοῦ
990 1403 1182 1473 γένους
1211 1403 1450 1475 ὑπάρχει
1480 1405 1734 1475 διάφορα.
1764 1390 1783 1413 ⁸

161 1488 316 1552 Γένος
371 1491 480 1560 γὰρ
530 1491 751 1561 λέγεται
808 1495 905 1549 καὶ
953 1497 985 1568 ἡ
1049 1498 1285 1551 ἑκάστου
1320 1497 1422 1568 τῆς
1473 1498 1741 1568 γενέσεως

160 1581 322 1653 ἁρχὴ,
368 1584 478 1636 εἴτε
513 1585 621 1638 ἀπὸ
652 1584 747 1640 τοῦ
798 1588 1072 1655 τεκόντος,
1108 1589 1218 1643 sire
1249 1590 1356 1645 ἀπὸ
1402 1591 1503 1664 τῆς
1544 1592 1739 1664 πατρί-

157 1672 282 1735 δος·
313 1674 420 1728 ἀπὸ
456 1675 558 1745 μὲν
598 1677 693 1730 τοῦ
740 1679 1017 1744 τεκόντος,
1063 1681 1139 1745 ὡς
1173 1682 1303 1736 ὅταν
1336 1683 1609 1754 εἴπωμεν,
1650 1685 1743 1738 τὸν

170 1765 376 1820 Ἰούδαν
425 1768 489 1822 ὲκ
533 1769 628 1823 τοῦ
673 1771 890 1842 Ἰσραὴλ
941 1773 1091 1844 ἔχειν
1137 1776 1196 1828 τὸ
1248 1776 1402 1844 γένος
1457 1777 1488 1849 ἦ
1537 1779 1601 1831 ὲκ
1646 1778 1740 1833 τοῦ

171 1859 444 1932 Ἀϐραάμ.
488 1862 625 1917 Ἀπὸ
667 1862 727 1918 δὲ
758 1865 860 1936 τῆς
907 1868 1191 1939 πατρίδος,
1228 1869 1301 1933 ὠς
1334 1872 1464 1926 ὅταν
1492 1862 1744 1942 λέγωμεν

156 1954 247 2006 τὸν
281 1958 493 2010 Παῦλον
524 1958 745 2030 Ταρσέα
789 1956 934 2016 εἶναι
983 1963 1044 2016 τὸ
1093 1966 1269 2033 γένος.
1310 1965 1462 2020 Ἐκεῖ
1503 1969 1603 2039 μὲν
1635 1969 1743 2037 γὰρ

157 2049 221 2097 τδ
248 2049 406 2116 γένος
460 2051 640 2105 εῑτουν
692 2055 724 2124 ἡ
782 2055 1063 2127 ἀρχὴτῆς
1108 2059 1379 2126 γενέσεως
1412 2064 1439 2115 6
1483 2062 1741 2134 Ἀϐραὰμ

158 2144 255 2196 καὶ
287 2144 315 2197 6
360 2145 601 2214 Ἰσραὴλ,
646 2147 882 2202 ἐνταῦθα
930 2150 986 2202 δὲ
1045 2151 1209 2206 πάλιν
1247 2152 1405 2222 γένος
1459 2158 1555 2209 καὶ
1600 2159 1744 2231 ἀρχὴ

158 2236 431 2304 γενέσεως
464 2240 498 2305 ὴ
533 2240 767 2310 Ταρσός.
799 2242 962 2314 Διττὴ
1019 2243 1201 2298 τοίνυν
1249 2248 1282 2317 ἡ
1342 2247 1445 2316 τῆς
1475 2251 1746 2318 γενέσεως

159 2328 329 2398 ἁρχὴ,
356 2334 577 2402 ’φυσικὴ
602 2350 664 2386 τε
700 2336 795 2386 καὶ
823 2339 1024 2406 τοπική
1055 2351 1067 2366 ·
1104 2339 1311 2409 φυσικὴ
1347 2341 1447 2410 μὲν
1483 2343 1516 2409 ἡ
1558 2342 1620 2396 ὲκ
1650 2342 1745 2395 τοῦ

158 2423 437 2492 τεκόντος,
473 2427 676 2505 τοπικὴ
708 2427 764 2481 δὲ
799 2430 831 2500 ἡ
862 2431 927 2484 ὲκ
957 2431 1055 2496 τῆς
1084 2432 1368 2504 πατρίδος.

239 2513 305 2579 β’.
329 2516 563 2585 Λέγεται
606 2520 766 2587 γένος
809 2522 901 2575 καὶ
936 2523 1069 2576 αὐτὸ
1110 2525 1169 2578 τὸ
1227 2525 1429 2594 πλῆθος
1481 2528 1588 2581 τῶν
1640 2530 1748 2583 ἀπὸ

164 2610 298 2678 μιᾶς
347 2610 543 2681 ἀρχῆς,
605 2612 743 2667 καθὸ
797 2616 1040 2686 σχέσεως
1100 2617 1288 2690 ἔχουσι
1341 2621 1480 2688 πρός
1538 2638 1597 2675 τε
1650 2622 1749 2692 τὴν

163 2701 391 2775 πρώτην
427 2705 603 2778 ἀρχὴν
635 2710 729 2761 καὶ
761 2709 897 2776 πρὸς
924 2710 1195 2783 ἀλλήλους
1229 2714 1432 2784 αὐτούς
1463 2731 1477 2748 ’
1502 2717 1581 2781 ὠς
1621 2717 1753 2771 ὅταν

159 2797 420 2869 λέγωμεν
448 2800 508 2853 τὸ
550 2801 707 2871 γένος
734 2803 847 2857 τῶν
888 2806 1187 2863 Ἰουδαίων.
1218 2808 1330 2863 Καὶ
1371 2812 1485 2881 γὰρ
1524 2811 1574 2865 οί
1616 2812 1753 2866 Ἰου-

159 2894 306 2947 δαῖοι
350 2895 539 2966 σχέσιν
595 2897 782 2966 ἔχουσι
823 2901 918 2955 καλ
965 2902 1104 2972 πρὸς
1152 2903 1255 2972 τὴν
1310 2907 1536 2976 πρώτην
1575 2907 1754 2977 ἀρχὴν

160 2983 268 3053 τῆς
292 2986 583 3054 γενέσεως,
606 2988 777 3059 ἤγουν
805 2989 898 3044 τὸν
936 2992 1163 3060 Ἰούδαν,
1200 2996 1257 3062 ἐξ
1283 2989 1346 3051 οὗ
1392 2997 1751 3066 κατάγονται,

162 3079 261 3130 καὶ
295 3079 721 3154 πρὸς-ἀλλήλους
751 3085 852 3156 τὴν
889 3088 989 3157 τῆς
1032 3089 1385 3157 συγγενείας.

162 3164 165 3167 ’
237 3169 311 3240 γ’.
342 3174 683 3247 Ἐκλήθησαν
707 3177 764 3231 δὲ
796 3178 1032 3247 πρώτως
1056 3181 1152 3233 καὶ
1183 3182 1391 3250 κυρίως
1418 3183 1469 3237 oi
1501 3182 1754 3239 Ἰουδαῖοι

161 3266 218 3320 οἱ
260 3266 324 3320 ὲκ
364 3267 461 3322 τοῦ
512 3269 687 3325 Ἰούδα
721 3272 866 3326 κατὰ
904 3273 1196 3345 ἀποτομὴν
1228 3275 1338 3329 τῶν
1373 3276 1483 3330 ἀπὸ
1521 3278 1633 3334 τῶν
1660 3278 1756 3332 ἄλ-

161 3359 278 3413 λων
321 3361 680 3433 κεκλημένων
713 3365 914 3432 γενῶν,
946 3366 1120 3436 ἧγουν
1176 3366 1286 3421 τῶν
1339 3369 1607 3437 Λευϊτῶν,
1643 3373 1756 3427 τῶν

161 3452 534 3526 Βενιαμιτῶν,
558 3458 653 3511 καὶ
679 3459 788 3511 τῶν
815 3459 1021 3514 λοιπῶν
1056 3461 1239 3530 φυλῶν
1267 3479 1281 3497 ο
1314 3463 1547 3536 ὕστερον
1576 3466 1634 3521 δὲ
1660 3468 1757 3523 καὶ

160 3547 232 3604 τδ
278 3551 431 3605 ἅπαν
475 3550 632 3619 ἔθνος
682 3555 790 3609 τῶν
835 3556 1107 3628 Ἐϐραίων
1147 3557 1392 3614 Ἰουδαῖοι
1448 3566 1757 3634 κατονομά-

164 3644 359 3708 ζονται
394 3646 483 3701 διὰ
505 3648 568 3703 τὸ
598 3650 697 3719 τῆς
734 3650 908 3707 Ἰούδα
940 3651 1117 3723 φυλῆς
1150 3653 1426 3735 ἐπίσημον
1454 3658 1548 3711 καὶ
1600 3658 1760 3729 βασις

159 3737 343 3793 λικόν.

238 3830 306 3887 δ’.
348 3833 562 3897 Ἀλλως
606 3834 663 3890 δὲ
722 3835 943 3907 λέγεται
993 3842 1173 3911 γένος,
1210 3837 1254 3913 ᾧ
1284 3844 1659 3903 ὑποτάσσεται
1696 3849 1758 3904 τὸ

2078 1284 2081 1287 λ
2460 1230 2689 1288 CAPUT
2729 1227 2799 1283 Χ.

2028 1319 2101 1375 De
2136 1338 2322 1392 genere
2357 1333 2406 1377 et
2432 1324 2628 1389 specie.
2661 1322 2750 1376 ubi
2781 1321 2939 1378 etiam
2971 1319 3036 1376 de
3062 1318 3250 1375 actiui.

1916 1414 1967 1468 l.
2002 1411 2313 1485 Signiﬁcata
2345 1416 2562 1487 generis
2591 1416 2808 1471 diversa
2850 1423 3003 1471 sunt.
3050 1414 3237 1470 Genus
3278 1413 3424 1468 enim

1845 1505 2047 1565 dicitur
2104 1506 2268 1561 etiam
2321 1507 2693 1579 generationis
2750 1507 3017 1579 cujusque
3065 1503 3421 1578 principium.

1844 1596 1961 1651 sive
1983 1596 2050 1650 ab
2079 1612 2143 1652 eo
2169 1596 2261 1667 qui
2317 1599 2527 1668 genuit.
2558 1599 2674 1655 sive
2705 1613 2735 1653 a
2773 1600 2973 1670 patria.
3002 1598 3083 1654 Ab
3110 1612 3177 1652 eo
3207 1596 3426 1668 quidem

1845 1687 1940 1758 qui
1972 1688 2187 1758 genuit,
2215 1698 2417 1745 utcum
2441 1690 2762 1755 dixerimus,
2795 1689 2992 1747 ludam
3025 1688 3228 1744 habere
3258 1704 3429 1760 genus

1846 1793 1909 1832 cx
1944 1779 2111 1841 Israel
2141 1790 2233 1834 aut
2261 1797 2326 1835 ex
2360 1780 2657 1837 Abraham.
2710 1781 2756 1841 Α
2813 1782 2989 1851 patria
3022 1796 3178 1861 vero.
3213 1788 3273 1837 ut
3301 1796 3424 1835 cum

1846 1870 2082 1928 dicimus
2112 1872 2337 1928 Paulum
2367 1888 2566 1946 genere
2598 1872 2922 1932 Tarsensem
2951 1889 3090 1929 esse.
3124 1873 3338 1929 Etenim
3358 1873 3426 1926 ihi

1846 1965 2065 2036 quidem
2118 1982 2292 2033 genus
2358 1967 2475 2023 sive
2526 1968 2902 2038 generationis
2949 1968 3281 2038 principium
3340 1977 3428 2022 est

1846 2057 2122 2113 Abraham
2152 2068 2208 2112 et
2233 2058 2424 2124 Israel,
2463 2059 2552 2116 hic
2582 2068 2764 2114 autem
2821 2074 3044 2114 rursum
3078 2056 3285 2114 Tarsus
3333 2073 3429 2129 ge-

1848 2168 1954 2206 nus
1994 2162 2047 2207 et
2082 2152 2410 2223 principium
2440 2152 2807 2224 generationis
2844 2163 2950 2209 est.
2994 2153 3205 2223 Duplex
3266 2152 3432 2225 igitur

1848 2244 2243 2318 generationis
2280 2256 2365 2303 est
2418 2246 2772 2317 principium,
2829 2247 3080 2302 naturale
3113 2256 3168 2300 et
3218 2245 3431 2309 locale;
3496 2268 3509 2288 ο

1849 2336 2096 2392 naturale
2126 2336 2345 2405 quidem
2413 2337 2555 2408 quod
2591 2353 2618 2392 a
2653 2337 2934 2409 genitore,
2997 2336 3171 2391 locale
3221 2336 3365 2408 quod
3406 2353 3435 2391 a

1851 2428 2026 2500 patria
2056 2438 2167 2495 est._

1926 2523 1980 2577 2.
2017 2524 2226 2579 Dicitur
2253 2539 2427 2594 genus
2453 2522 2619 2579 etiam
2651 2522 2767 2594 ipsa
2785 2521 3085 2578 multitudo
3118 2537 3308 2578 eorum
3340 2523 3432 2593 qui

1861 2617 1930 2672 ab
1969 2631 2077 2672 uno
2110 2624 2237 2671 sunt
2295 2615 2589 2687 principio,
2651 2625 2925 2687 quatenus
2962 2625 3017 2670 et
3062 2615 3131 2671 ad
3193 2615 3436 2687 primum

1857 2709 2186 2781 principium
2222 2717 2278 2764 et
2307 2708 2374 2765 ad
2438 2723 2498 2765 se
2527 2709 2760 2769 invicem
2790 2711 2901 2782 87
2950 2709 3169 2766 schesin
3222 2723 3320 2764 seu
3353 2725 3437 2764 rc-

1857 2813 2103 2874 spectnm
2167 2802 2374 2858 habent
2414 2819 2429 2859 :
2465 2812 2524 2857 ut
2575 2818 2699 2858 cum
2734 2818 2909 2873 genus
2949 2801 3266 2858 Judzeorum
3299 2801 3440 2857 dici-

1859 2910 2002 2959 mus.
2036 2894 2209 2953 Judaei
2243 2899 2390 2953 enim
2420 2908 2477 2954 et
2525 2898 2591 2954 ad
2623 2897 2861 2968 primum
2899 2898 3231 2968 principium
3261 2905 3438 2965 ortus,

1858 3004 2056 3060 nempe
2080 2989 2300 3059 Iudam,
2330 3005 2360 3044 a
2386 3006 2497 3061 quo
2521 2992 2904 3058 deducuntur;
2936 3002 2988 3047 et
3009 2992 3076 3045 ad
3105 3006 3166 3047 se
3205 2988 3440 3045 invicem

1858 3084 2075 3140 schesin
2102 3085 2330 3150 habent,
2370 3101 2490 3140 eam
2531 3101 2650 3156 quae
2693 3086 2748 3140 in
2783 3085 3112 3157 cognatione
3162 3083 3439 3140 consistit.

1928 3177 1981 3231 5.
2007 3177 2276 3235 Caeterum
2308 3178 2487 3248 primo
2522 3186 2577 3235 et
2600 3179 2819 3249 proprie
2851 3175 3029 3233 Judaei
3060 3177 3239 3232 vocati
3286 3186 3440 3240 sunt,

1861 3269 1950 3339 qui
1980 3284 2046 3324 ex
2067 3268 2207 3326 Juda
2235 3281 2385 3338 sunt,
2412 3281 2473 3327 ut
2497 3251 2919 3343 seiungerentur
2942 3287 2972 3325 a
3004 3272 3302 3343 generibus
3324 3286 3444 3342 quae

1861 3363 1930 3418 ab
1957 3365 2078 3420 aliis
2100 3364 2457 3421 denominata
2510 3375 2660 3434 sunt,
2689 3382 2718 3420 a
2761 3365 2989 3430 Levitis,
3039 3364 3439 3443 Benjaminitis,

1862 3467 1917 3514 ct
1945 3458 2160 3514 caeteris
2198 3459 2472 3515 tribubus.
2521 3459 2727 3515 Deinde
2755 3474 2889 3515 vero
2944 3459 3113 3515 etiam
3181 3462 3444 3515 universa

1861 3568 1998 3623 gens
2029 3550 2382 3609 Hebraeorum
2412 3552 2585 3609 Judaei
2638 3552 3011 3622 cognominati
3041 3561 3188 3618 sunt,
3222 3563 3447 3624 propter

1864 3645 2041 3702 tribus
2062 3640 2203 3704 Juda
2225 3645 2601 3717 celebritatem
2628 3655 2684 3702 et
2712 3645 3059 3716 dignitatem.

1930 3824 1989 3885 4.
2018 3825 2140 3882 Alio
2166 3835 2348 3883 autem
2404 3826 2569 3881 modo
2597 3825 2797 3881 dicitur
2819 3802 3011 3897 genus,
3037 3824 3129 3880 cui
3159 3822 3450 3896 subjicitur

158 3918 336 3988 εἶδος,
376 3924 502 3980 καθ’
536 3929 832 3999 ὁμοιότητα
860 3932 971 3985 τῶν
1006 3934 1317 4005 είρημένων
1347 3938 1545 4005 γενῶν.
1586 3939 1747 4010 Ἀρχί

1876 3920 2101 3991 species,
2125 3917 2264 3975 forte
2288 3918 2589 3975 secundum
2612 3917 3029 3975 similitudinem
3047 3931 3308 3988 generum
3329 3932 3448 3987 quae

156 4034 229 4069 τε
272 4018 387 4090 γάρ
446 4021 568 4075 ἔστι
596 4021 660 4076 τὸ
687 4023 933 4080 τοιοῦτον
955 4027 1115 4094 γένος
1144 4028 1255 4082 τῶν
1300 4030 1391 4099 ὑφ’
1440 4032 1628 4101 ἑαυτὸ,
1666 4036 1765 4089 καὶ

157 4112 424 4182 περιέχει
453 4115 548 4168 καὶ
582 4117 693 4169 πᾶν
721 4117 782 4171 τὸ
815 4117 1020 4189 πλῆθος
1058 4119 1166 4175 τῶν
1203 4121 1295 4175 ὑπ’
1327 4122 1486 4177 αὑτό.

235 4299 302 4350 ε’.
331 4294 550 4364 Τριχῶς
577 4294 672 4351 οὖν
694 4298 789 4351 τοῦ
809 4300 1000 4368 γένους
1026 4302 1348 4370 λεγομένου,
1383 4303 1624 4373 περὶτοῦ
1646 4307 1764 4377 τρί-

151 4403 262 4439 του
312 4388 430 4450 τοῖς
480 4387 797 4457 φιλοσόφοις
854 4391 883 4443 6
939 4390 1097 4458 λόγος
1136 4390 1164 4445 ὃ
1204 4392 1299 4445 καὶ
1345 4392 1762 4464 ὑπογράφοντες

151 4480 430 4547 λέγουσι’
480 4482 643 4545 Γένος
688 4482 808 4537 lori
842 4483 904 4537 τὸ
940 4484 1083 4538 κατὰ
1113 4484 1379 4539 πλειόνων
1432 4486 1530 4540 καὶ
1574 4486 1735 4551 διαφιι

151 4575 382 4646 ρόντων
407 4573 485 4644 τῷ
510 4575 641 4629 εῖδει
669 4577 727 4628 ὲν
764 4574 842 4646 τῷ
868 4576 922 4629 τε
960 4578 1078 4631 ἐστι
1107 4578 1614 4649 κατηγορούμενον.

241 4676 327 4735 ς’.
354 4670 467 4724 Καὶ
499 4670 560 4722 τὸ
586 4664 725 4732 εῖδος
750 4669 808 4722 δὲ
837 4670 935 4739 οὐχ
965 4670 1024 4722 ’ἐν
1060 4687 1112 4723 τι
1154 4669 1349 4742 δηλοῖ·
1402 4670 1623 4738 λέγεται
1654 4673 1765 4745 γὰρ

148 4765 222 4819 τὶ
259 4759 411 4826 εἶδος
442 4767 536 4817 καὶ
570 4764 666 4817 ἐπὶ
696 4764 791 4832 τῆς
819 4763 1053 4816 ἑκάστου
1086 4764 1323 4832 μορφῆς,
1358 4763 1495 4817 καθὸ
1529 4765 1765 4834 λέγομεν

149 4857 405 4930 εὐειδεῖς
454 4856 780 4926 ἀνθρώπους
822 4857 921 4910 καὶ
974 4855 1244 4920 δυσειδεῖς
1270 4873 1284 4887 ·
1326 4853 1440 4909 οἷον
1492 4858 1520 4908 6
1554 4859 1764 4931 Νιρεὺς

150 4951 392 5019 εὐειδὴς
416 4988 433 5013 ,
483 4952 512 5002 6
559 4949 831 5020 Θερσίτης
857 4950 915 5004 δὲ
941 4949 1216 5019 δυσειδής.
1251 4950 1363 5003 Καὶ
1393 4950 1454 5002 τὸ
1489 4947 1631 5014 εἶδος
1664 4951 1765 5035 τοῦ

148 5043 500 5113 ἀνδριάντος
530 5043 758 5097 τοιόνδε.

232 5136 313 5203 ξ’.
351 5137 584 5206 Λέγεται
608 5132 753 5200 εἶδος
779 5138 873 5190 καὶ
904 5137 966 5193 τὸ
995 5120 1337 5208 τασσόμενον
1369 5138 1475 5192 ὑπὸ
1514 5138 1575 5192 τὸ
1608 5139 1765 5203 γένος

147 5231 265 5284 καὶ
326 5221 388 5282 οὗ
418 5229 807 5298 κατηγορεῖται
854 5228 1095 5297 τὸγένος
1137 5231 1197 5284 ὲν
1237 5228 1315 5291 τῷ
1356 5228 1410 5282 τί
1456 5231 1595 5282 ὲστιί
1628 5230 1769 5302 ῐῙερ“ι⁵

142 5322 370 5377 τούτου
396 5323 511 5386 τοῖς
538 5321 855 5392 φιλοσόφοις
881 5324 909 5375 6
938 5322 1119 5391 λόγοςδ

231 5415 317 5487 η’.
367 5416 521 5469 Ἐπεὶ
550 5416 606 5471 δὲ
635 5416 695 5468 τὸ
718 5416 873 5482 γένος
904 5415 1246 5479 ἀποδιδόντες
1269 5414 1363 5469 τοῦ
1394 5415 1564 5480 εἴδους
1596 5417 1767 5488 ἐμνήσ-

146 5509 411 5580 σϐημεν,
444 5507 720 5570 εἰπόντεςο
755 5507 916 5571 Γένος
945 5507 1060 5560 ἐστὶ
1102 5506 1163 5560 τὸ
1207 5510 1348 5562 κατὰ
1380 5508 1643 5562 πλειόνων
1670 5511 1766 5563 καὶ

141 5601 547 5672 διαφερόντων
606 5600 686 5670 τῷ
736 5600 867 5653 εῖδει
893 5602 949 5652 ἑν
992 5598 1071 5668 τῷ
1098 5598 1153 5651 τί
1193 5600 1307 5653 ἐστι
1351 5600 1768 5672 κατηγορούμε-

144 5713 284 5760 νον,
328 5693 428 5747 καὶ
476 5692 538 5745 τὸ
583 5688 725 5755 ε’ίδος
765 5686 1200 5761 ὑπογράφοντες,
1235 5694 1332 5746 καὶ
1378 5694 1629 5765 περὶτοῦ
1671 5696 1763 5762 γέο

144 5806 297 5851 νους
336 5785 782 5855 διαλαμϐάνομεν
806 5800 821 5815 ·
855 5780 1005 5847 Εῐδός
1058 5785 1195 5850 ἐστι,
1244 5784 1520 5853 λέγοντες,
1547 5786 1609 5841 τὸ
1635 5804 1768 5840 τασ-

145 5884 411 5951 σόμενον
438 5879 545 5932 ὑπὸ
586 5878 646 5932 τὺ
679 5877 835 5947 γένος
874 5879 970 5931 καὶ
996 5868 1056 5930 οὗ
1090 5879 1476 5948 κατηγορεῖται
1521 5878 1580 5932 τὸ
1613 5879 1768 5947 γένος

1867 4014 2012 4069 dicta
2046 4021 2195 4069 sunt.
2229 4012 2511 4083 Ejusmodi
2541 4013 2688 4068 enim
2718 4026 2892 4081 genus
2912 4019 2967 4066 et
2994 4010 3324 4082 principium
3357 4019 3444 4065 est

1866 4121 2056 4162 eorum
2081 4120 2204 4176 quae
2231 4106 2333 4165 sub
2364 4120 2422 4160 se
2446 4115 2596 4171 sunt,
2626 4111 2682 4160 et
2716 4103 3026 4159 universam
3055 4103 3221 4159 etiam
3251 4102 3447 4159 multi-

1868 4198 2111 4254 tudinem
2146 4198 2394 4255 continet
2426 4212 2617 4253 eorum
2649 4211 2771 4267 qua:
2797 4198 2902 4253 sub
2932 4197 3054 4267 ipso
3088 4204 3239 4252 sunt.

1941 4294 1994 4349 5.
2030 4292 2167 4349 Cum
2202 4293 2373 4364 igitur
2417 4306 2589 4363 genus
2639 4291 2816 4347 tribus
2864 4291 3045 4347 modis
3089 4290 3344 4357 dicatur,
3385 4290 3456 4347 de

1870 4387 2032 4443 tertio
2093 4386 2240 4458 apud
2299 4385 2661 4457 philosophos
2718 4400 2902 4441 sermo
2947 4393 3056 4451 est,
3104 4385 3251 4456 quod
3286 4384 3453 4440 etiam

1871 4481 2251 4537 describentes
2283 4479 2471 4535 dicunt
2504 4480 2736 4539 :Genus
2774 4490 2858 4535 est
2882 4479 3029 4550 quod
3065 4477 3137 4534 de
3179 4478 3375 4535 multis
3402 4488 3456 4534 et

1870 4572 2253 4628 diﬂ‘erentibus
2277 4572 2459 4642 specie
2482 4573 2538 4628 in
2568 4571 2701 4642 quid
2726 4581 2810 4627 est
2848 4571 3200 4642 praedicatur.

1943 4665 1997 4720 6.
2022 4664 2093 4720 Et
2112 4679 2246 4720 vero
2275 4664 2440 4719 etiam
2465 4665 2681 4735 species
2708 4679 2820 4719 non
2838 4677 3007 4719 unum
3037 4662 3244 4733 aliquid
3271 4661 3456 4718 decla-

1875 4767 1978 4813 rat.
2009 4758 2223 4831 Etenim
2256 4757 2469 4829 species
2522 4760 2687 4813 etiam
2729 4757 2800 4812 de
2833 4756 3103 4828 cujusque
3133 4757 3213 4812 rei
3277 4756 3455 4812 forma

1872 4850 2092 4914 dicitur,
2136 4862 2412 4921 quatenus
2460 4849 2736 4906 formosos
2780 4858 2833 4904 et
2878 4848 3154 4903 deformes
3206 4848 3458 4907 homines

1877 4943 2137 5009 dicimus,
2172 4943 2343 4997 veluti
2371 4941 2564 4997 Nireus
2588 4942 2706 5013 83
2733 4941 3025 5010 formosus,
3050 4940 3332 4998 Thersites
3360 4958 3459 4998 au-

1880 5047 1993 5091 tem
2026 5036 2292 5092 deformis
2317 5052 2333 5095 :
2358 5045 2414 5091 et
2439 5034 2613 5090 forma
2641 5044 2857 5102 statuae,
2899 5035 3008 5089 tale
3041 5035 3169 5105 quid
3206 5043 3315 5090 est.

1949 5131 2003 5185 7.
2047 5129 2257 5185 Dicitur
2283 5129 2496 5200 Species
2523 5127 2687 5182 etiam
2724 5128 2869 5198 quod
2913 5128 3017 5183 sub
3048 5113 3254 5198 genere
3292 5128 3462 5183 collo-

1852 5231 2037 5279 ,catur
2062 5231 2118 5277 et
2158 5222 2229 5277 de
2273 5237 2382 5292 quo
2436 5237 2607 5291 genus
2635 5225 2689 5279 in
2724 5221 2855 5292 quid
2883 5231 2966 5278 est
2996 5222 3346 5294 prtcdicatur.
3385 5224 3459 5280 De

1876 5319 1981 5373 hoc
2014 5317 2356 5389 philosophis
2391 5334 2574 5373 sermo
2604 5328 2705 5375 est.

1946 5413 2000 5468 8.
2057 5411 2325 5478 Quoniam
2397 5422 2581 5468 autem
2645 5428 2820 5484 genus
2870 5412 3198 5472 deﬁnientes
3251 5415 3458 5486 speciei

1878 5506 2212 5561 mentionem
2248 5506 2499 5574 fecimus,
2525 5523 2646 5562 cum
2678 5508 2917 5563 diximus
2949 5508 3176 5568 :Genus
3199 5519 3285 5566 est
3308 5511 3460 5581 quod

1876 5598 1942 5653 de
1967 5598 2216 5668 pluribus
2233 5606 2297 5669 et,
2318 5597 2706 5654 diﬂ'erentibus
2735 5599 2789 5654 in
2820 5600 2965 5670 quod
2987 5610 3073 5656 est
3098 5600 3451 5672 prtedicatur,

1875 5689 2223 5759 speciemque
2272 5689 2649 5745 describentes
2679 5689 2842 5745 etiam
2873 5692 2943 5746 de
2981 5708 3183 5761 genere
3232 5694 3457 5751 disseri-

1880 5796 2037 5848 mus;
2072 5782 2318 5837 dicentes
2352 5799 2365 5837 :
2398 5780 2622 5852 Species
2660 5792 2745 5838 est
2789 5798 2912 5852 quae
2965 5783 3067 5837 sub
3094 5799 3296 5855 genere
3341 5785 3456 5840 col-

1880 5876 2113 5939 locatur,
2145 5884 2200 5929 et
2231 5874 2298 5930 de
2327 5890 2432 5946 qua
2482 5866 2656 5947 gentis
2688 5874 2743 5929 iu
2772 5875 2903 5946 quid
2955 5884 3041 5931 est
3077 5858 3448 5947 praedicatur;

142 5975 217 6027 ἑν
252 5972 345 6044 τῷ
399 5970 455 6027 τί
488 5971 643 6025 ἐστι·
693 5970 801 6042 χρὴ
832 5968 1145 6040 γινώσκειν,
1176 5969 1260 6022 ὃτι
1294 5966 1548 6038 καθάπερ
1597 5970 1656 6027 ὲν
1696 5972 1747 6040 ei

1886 5970 2173 6028 sciendum
2203 5981 2306 6041 est,
2340 5972 2487 6045 quod
2522 5970 2982 6043 quemadmodum
3010 5971 3066 6027 in
3106 5971 3351 6029 oratione
3388 5972 3457 6027 de
