3868 6362
459 440 569 504 :55
612 405 620 409 ’
1167 443 1172 449 '
1651 445 2071 508 NICEPHORI
2123 448 2550 509 BLEMMIDF.

3624 447 3730 510 756

456 564 610 624 patre
657 552 822 609 etiam
863 553 1004 610 lilius
1036 553 1316 611 inducitur
1372 565 1428 611 et
1482 557 1725 613 vicissim
1783 568 1941 629 pater
1977 559 2025 613 in

2145 565 2265 633 περὶ
2300 565 2393 617 τοῦ
2426 564 2633 627 πατρδς
2677 563 2820 633 λόγῳ
2854 566 2947 618 καὶ
2993 567 3021 619 6
3054 566 3167 630 υἱδς
3204 565 3606 634 συνεισάγεται,
3631 566 3731 616 καὶ

450 646 695 703 oratione
720 650 789 703 de
819 647 936 704 filio
968 650 1144 717 (pater
1198 650 1341 705 enim
1368 661 1454 706 est
1493 652 1586 721 qui
1621 651 1789 706 lilium
1843 652 2030 716 habet,

451 736 506 796 et
567 741 711 797 lilius
751 742 844 813 qui
888 753 1098 814 patrem
1153 744 1361 814 habet),
1411 745 1604 800 eodem
1645 744 1821 809 modo.
1865 746 2029 799 etiant

453 834 507 890 in
539 833 790 889 oratione
818 834 888 891 de
912 851 1115 907 genere
1147 837 1310 893 etiam
1349 837 1584 907 species,
1613 848 1667 893 et
1704 837 1757 892 in
1782 838 2032 895 oratione

448 929 514 982 de
546 927 729 997 specie
762 944 937 1000 genus
968 928 1221 985 infertur.
1281 930 1467 987 Genus
1513 932 1660 987 enim
1695 931 1902 1001 speciei
1948 941 2033 986 est

449 1037 624 1092 genus
642 1062 658 1084 ,
690 1033 746 1078 et
774 1024 986 1095 species
1008 1025 1227 1096 generis
1243 1036 1328 1081 est
1355 1024 1591 1095 species.
1626 1024 1857 1081 Schesin
1881 1024 2029 1080 enim

456 1116 521 1170 ad
550 1132 609 1171 se
637 1116 875 1173 invicem
912 1120 1212 1175 naturalem
1244 1119 1454 1175 habent

521 1208 575 1263 9.
609 1209 858 1275 Quatuor
882 1219 1061 1265 autem
1081 1210 1259 1267 modis
1291 1212 1504 1267 schesis
1534 1210 1737 1266 dicitur
1769 1219 1903 1267 :aut
1937 1225 2029 1265 se-

450 1299 913 1367 cundumartem,
939 1313 999 1357 ut
1030 1301 1277 1372 magistri
1307 1310 1363 1357 et
1391 1301 1670 1372 discipuli.
1703 1310 1798 1356 aut
1826 1316 2029 1357 secun-

450 1391 579 1445 dum
613 1391 911 1461 fortunam,
952 1403 1011 1449 ut
1035 1393 1243 1450 domini
1278 1404 1331 1449 et
1382 1396 1551 1461 servi,
1583 1383 1677 1451 aut
1725 1396 2028 1451 secundum

449 1484 798 1552 electionem,
835 1496 893 1539 ut
947 1486 1108 1541 amici
1140 1486 1204 1541 ad
1256 1486 1514 1550 amicum,
1571 1494 1666 1542 aut
1724 1485 2027 1543 secundum

452 1589 727 1642 naturam,
765 1590 826 1634 ut
858 1580 1028 1650 patris
1056 1590 1113 1637 et
1135 1581 1256 1646 lilii,
1288 1590 1341 1636 et
1363 1581 1577 1653 generis
1601 1597 1664 1638 ac
1692 1582 1919 1652 speciei.

523 1672 612 1728 l0.
635 1673 747 1744 89
764 1672 1237 1741 Quemadmodum
1266 1676 1410 1731 enim
1437 1688 1589 1746 pater
1621 1675 1715 1731 lilii
1738 1687 2025 1741 estcausa,

451 1768 597 1824 ﬁlius
640 1779 820 1824 autem
857 1770 923 1839 (si
951 1770 1023 1825 ita
1071 1770 1229 1826 liceat
1266 1770 1441 1840 loqui)
1470 1778 1729 1827 causatus
1763 1787 1859 1826 seu
1892 1770 2029 1827 eﬂ'e-

450 1872 570 1916 ctus
595 1879 608 1927 ;
637 1862 719 1917 sic
744 1862 909 1917 etiam
941 1876 1143 1933 genera
1172 1863 1518 1934 propriarum
1548 1864 1858 1933 specierum
1896 1878 2029 1917 cau-

451 1969 545 2019 sae,
591 1954 801 2023 species
834 1964 1016 2011 autem
1073 1956 1295 2011 causata
1319 1970 1414 2011 seu
1439 1954 1629 2011 ell'ecta
1664 1965 1814 2011 sunt.

520 2046 609 2102 11.
646 2045 1111 2113 Quemadmodum
1154 2059 1335 2103 autem
1372 2048 1577 2118 primus
1616 2047 1802 2114 homo,
1838 2060 2032 2116 nempe

453 2137 645 2201 Adam,
699 2148 856 2207 pater
884 2138 1105 2209 quidem
1133 2139 1361 2205 dicitur,
1401 2150 1693 2210 propterea
1720 2139 1865 2210 quod
1892 2137 2032 2193 ﬁlios

452 2229 673 2295 habuit;
706 2229 851 2286 illius
883 2240 1065 2287 autem
1101 2248 1209 2286 non
1244 2231 1449 2287 dicitur
1479 2247 1605 2295 cum
1654 2240 1863 2302 patrem
1923 2247 2031 2286 non

450 2323 738 2378 habuerit:
764 2322 900 2378 Abel
928 2340 1057 2379 vero
1078 2324 1223 2381 ﬁlius
1246 2325 1465 2394 quidem
1490 2324 1713 2389 dicitur,
1737 2332 2029 2394 propterea

448 2415 590 2485 quod
628 2433 659 2470 ιι
689 2424 843 2486 patre
873 2416 1043 2471 Adam
1081 2417 1305 2486 genitus
1334 2427 1450 2483 est;
1481 2427 1635 2486 pater
1689 2425 1872 2471 autem
1918 2432 2028 2471 non

389 2513 397 2522 °
448 2511 669 2577 dicitur,
700 2510 1147 2581 quandoquidem
1177 2509 1345 2565 lilium
1372 2527 1478 2565 non
1503 2511 1732 2584 genuit;
1765 2506 1901 2567 Setli
1934 2511 2030 2564 de-

450 2603 615 2672 nique
644 2614 695 2659 et
730 2614 885 2674 pater
940 2603 1143 2659 dicitur
1174 2613 1228 2658 et
1258 2603 1433 2672 illius;
1494 2614 1648 2674 pater
1703 2604 1923 2674 quidem
1972 2612 2032 2657 ut

448 2695 539 2766 qui
573 2694 746 2750 lilium
803 2699 1092 2768 genuerit;
1130 2697 1275 2753 illius
1306 2712 1438 2754 vero
1503 2706 1562 2753 ut
1610 2698 1701 2767 qui
1757 2713 1823 2752 ex
1876 2706 2030 2767 patre

448 2788 620 2842 Adam
653 2788 724 2844 sit
753 2788 999 2859 genitus:
1039 2789 1113 2844 ita
1151 2803 1282 2845 sane
1314 2790 1480 2846 etiam
1525 2789 1580 2844 in
1635 2787 1928 2859 generibus
1976 2799 2030 2842 et

446 2880 738 2950 speciebus
766 2881 1182 2951 deprehendere
1211 2882 1266 2937 id
1298 2882 1447 2938 licet.

516 2974 606 3028 19..
633 2972 774 3029 Sunt
797 2976 941 3029 enim
972 2976 1149 3045 prima
1176 2977 1426 3046 quaedam
1449 2985 1501 3030 et
1524 2991 1779 3046 suprema
1805 2991 2026 3047 genera,

446 3081 567 3136 qua:
590 3081 755 3136 supra
795 3082 855 3123 se
886 3067 1030 3122 aliud
1066 3082 1237 3139 genus
1274 3083 1381 3124 non
1415 3069 1635 3125 habent.
1671 3067 1795 3123 Haec
1827 3084 2027 3124 voeano

449 3172 537 3216 tur
591 3162 1024 3234 generalissima.
1079 3161 1266 3217 Genus
1315 3163 1462 3218 enim
1522 3162 2023 3233 generalissimum,

2136 658 2164 709 6
2204 657 2391 727 πατὴρ
2446 656 2607 709 πάλιν
2638 655 2697 710 ἐν
2745 655 2823 727 τῷ
2880 656 3008 728 περὶ
3064 657 3158 711 τοῦ
3212 658 3349 722 υἱοῦ,
3382 656 3568 726 πατὴρ
3616 654 3732 723 γὰρ

2135 749 2283 799 ἐστιν
2318 749 2347 801 6
2394 745 2534 817 ἔχων
2570 745 2707 815 υἱδν,
2737 749 2833 802 καὶ
2876 750 2904 802 6
2950 748 3064 810 υἴδς
3100 750 3129 803 6
3175 749 3315 819 ἔχων
3344 749 3559 819 πατέρα
3586 763 3602 779 ο
3638 747 3735 799 τὸν

2136 841 2301 895 αὐτὸν
2326 841 2532 913 τρόπον
2561 842 2664 896 κάν
2696 840 2773 911 τῷ
2803 840 2935 909 περὶ
2966 840 3158 909 γένους
3190 840 3335 910 λόγῳ
3363 839 3462 893 καὶ
3499 838 3560 892 16
3591 832 3733 900 εἶδος

2135 933 2472 1004 εἰσφέρεται,
2506 934 2611 986 κᾶν
2657 930 2739 1003 τῷ
2789 933 2920 1003 περὶ
2975 934 3147 996 εἴδους
3196 932 3258 986 16
3304 933 3481 1001 γένος.
3512 933 3587 985 T6
3619 929 3733 999 γὰρ

2133 1024 2289 1091 γένος
2343 1025 2516 1089 εἴδους
2552 1025 2670 1079 ἐστὶ
2719 1024 2897 1092 γένος,
2935 1025 3031 1078 καὶ
3075 1025 3136 1079 16
3183 1020 3322 1086 εἶδος
3352 1025 3541 1093 γένους
3575 1025 3730 1077 ἐστὶν

2135 1112 2294 1179 εἶδος.
2326 1118 2518 1187 Σχέσιν
2547 1118 2655 1188 γὰρ
2690 1117 2872 1187 ἔχουσι
2909 1117 3043 1186 πρὸς
3077 1116 3286 1187 ἄλληλα
3317 1116 3578 1184 φυσικήν.

2206 1208 2271 1265 0'.
2305 1210 2540 1278 Λέγεται
2580 1211 2637 1264 δὲ
2684 1212 2717 1282 ἡ
2776 1213 2960 1280 σχέσις
3008 1210 3327 1283 τετραχῶς·
3379 1210 3411 1279 ἢ
3448 1211 3590 1263 κατὰ
3636 1209 3728 1262 τέ-

2133 1318 2286 1372 χνην,
2356 1300 2547 1372 ὥσπερ
2594 1301 2917 1356 διδασκάλου
2986 1303 3082 1356 καὶ
3143 1301 3432 1373 μαθητοῦ’
3484 1301 3516 1370 ἢ
3583 1301 3726 1353 κατα

2133 1393 2325 1463 τύχην.
2359 1391 2434 1473 ὡς
2460 1393 2721 1447 δεσπότου
2749 1397 2845 1449 καί
2877 1393 3064 1449 δούλου
3093 1409 3108 1425 ·
3135 1393 3169 1464 ἢ
3207 1395 3349 1447 κατὰ
3379 1395 3725 1464 προαίρεσιν,
3788 1378 3801 1387 “

2134 1486 2211 1548 ὡς
2240 1485 2397 1551 φίλου
2427 1487 2563 1556 πρὸς
2592 1486 2747 1556 φίλον
2773 1503 2787 1517 ·
2824 1487 2858 1558 ἦ
2900 1486 3040 1543 κατὰ
3078 1486 3266 1557 φύσιν,
3288 1488 3364 1552 ὡς
3391 1487 3600 1557 πατρὸς
3630 1487 3723 1540 καὶ

2134 1578 2277 1643 υἱοῦ,
2316 1580 2409 1633 καὶ
2434 1581 2623 1648 γένους
2657 1581 2751 1633 καὶ
2782 1582 2973 1644 εἴδους.

2208 1678 2261 1730 ι’.
2297 1672 2509 1742 Ὠσπερ
2540 1673 2647 1741 γὰρ
2676 1675 2703 1726 6
2738 1673 2921 1743 πατὴρ
2950 1673 3123 1738 αἴτιός
3162 1673 3278 1728 ἐστι
3309 1672 3401 1726 τοῦ
3437 1673 3579 1739 υἱοῦ,
3608 1675 3637 1728 6
3669 1674 3727 1727 δὲ

2133 1765 2248 1827 υἱὸς
2276 1764 2521 1828 αἴτιατός
2547 1780 2560 1793 ·
2594 1764 2736 1818 οὕτω
2774 1766 2870 1818 καὶ
2897 1766 2965 1819 τὰ
2997 1766 3131 1837 γένη
3162 1765 3269 1819 τῶν
3312 1766 3533 1820 οἰκείων
3562 1766 3727 1821 εἰδῶν

2133 1858 2284 1912 αἴτιὰ
2309 1858 2413 1911 εἱσι
2441 1897 2457 1924 ,
2488 1858 2557 1911 τὰ
2584 1857 2639 1912 δὲ
2668 1859 2785 1929 εἴδη
2814 1860 3052 1915 αἰτιατά.

2211 2049 2300 2098 ια’.
2331 2044 2543 2113 Ὥσπερ
2568 2042 2624 2096 δὲ
2655 2045 2684 2097 6
2713 2043 2928 2115 πρῶτος
2953 2042 3260 2115 ἄνθρωπος,
3280 2046 3448 2116 ἤγουν
3474 2045 3502 2099 6
3523 2043 3726 2111 Ἀδὰμ,

2137 2135 2319 2207 πατὴρ
2358 2135 2458 2204 μὲν
2505 2134 2745 2204 λέγεται,
2780 2133 2915 2189 διότι
2945 2136 3125 2213 ἔσχεν,
3153 2135 3337 2200 υἱούς·
3390 2138 3505 2199 υἱὸς
3548 2137 3606 2190 δὶ
3662 2135 3727 2188 οὐ

2133 2229 2352 2298 λέγεται
2388 2228 2600 2299 πατέρα
2649 2228 2728 2300 μὴ
2765 2228 2943 2299 σχώνο
2977 2231 3006 2284 6
3050 2229 3108 2283 δὲ
3147 2230 3315 2283 Ἅϐελ
3349 2228 3463 2291 υἱὸς
3509 2228 3608 2297 μὲν
3635 2225 3727 2280 λέ-

2133 2340 2310 2391 γεται,
2342 2321 2477 2377 διότι
2503 2322 2826 2391 γεγέννηται
2861 2326 3009 2393 παρὰ
3040 2323 3245 2393 πατρὸς
3280 2321 3374 2376 τοῦ
3417 2320 3590 2390 Ἀδάμ
3612 2336 3631 2352 θ
3661 2321 3727 2372 οὒ

2132 2415 2349 2484 λέγεται
2377 2414 2436 2468 δὲ
2465 2417 2669 2486 πατὴρ,
2711 2416 2945 2487 ἐπείπερ
2978 2416 3091 2469 υἱὸν
3117 2417 3217 2470 οὐκ
3245 2415 3536 2487 ἐγέννησεν
3556 2430 3571 2443 ⁶
3605 2413 3636 2465 6
3665 2415 3728 2466 δέ

2136 2508 2241 2579 (γε)
2274 2507 2382 2579 Σὴθ
2434 2510 2529 2562 καὶ
2560 2508 2744 2580 πατὴρ
2798 2508 3017 2576 λέγεται
3068 2510 3165 2564 καὶ
3219 2510 3357 2574 υἱὸς,
3404 2509 3587 2577 πατὴρ
3624 2506 3730 2576 μὲν

2134 2601 2208 2664 ὡς
2238 2603 2506 2673 γεννήσας
2549 2603 2663 2656 υἱὸν
2709 2602 2801 2657 τδν
2841 2601 3035 2667 Ἐνὼς,
3067 2603 3182 2667 υἱὸς
3211 2602 3289 2667 δὲ,
3325 2602 3403 2666 ὡς
3438 2600 3731 2670 γεννηθεὶς

2134 2697 2197 2748 ὲκ
2226 2695 2320 2749 τοῦ
2372 2697 2583 2764 πατρὸς
2639 2696 2734 2750 τοῦ
2785 2695 2992 2767 Ἀδάμ*
3041 2697 3184 2752 οὕτω
3243 2696 3309 2768 δὴ
3342 2696 3436 2750 καὶ
3474 2696 3568 2749 ἐπὶ
3611 2693 3730 2748 τῶν

2133 2788 2304 2854 γενῶν
2334 2786 2429 2839 καὶ
2458 2786 2567 2839 τῶν
2597 2787 2756 2839 εἱδῶν
2785 2785 2933 2839 ἔστιν
2966 2786 3169 2855 εὑρεῖν.

2208 2972 2296 3041 ιβ’.
2333 2971 2453 3024 Εἰσὶ
2496 2969 2605 3040 γάρ
2635 2985 2756 3023 τινα
2810 2967 2942 3038 γένη
2979 2965 3264 3039 πρώτιστα
3316 2966 3413 3021 καὶ
3445 2964 3725 3028 ἀνώτατα,

2136 3066 2210 3135 μὴ
2247 3064 2436 3134 ἔχοντα
2469 3061 2655 3115 ἐπάνω
2699 3061 2877 3115 αὐτῶν
2926 3058 3113 3129 ἕτερον
3164 3059 3321 3128 γένος
3348 3076 3364 3091 υ
3397 3057 3566 3111 ταῦτα
3618 3074 3728 3109 κα-

2132 3157 2349 3212 λοῦνται
2397 3156 2738 3225 γενικώτατα
2785 3155 2940 3225 γένη.
2978 3153 3354 3208 Γενικώτατον
3409 3152 3729 3222 γᾶριγένος

446 3253 591 3323 quod
625 3270 749 3309 cum
785 3269 957 3326 genus
981 3253 1051 3309 sit
1080 3268 1187 3309 non
1222 3263 1305 3310 est
1335 3255 1568 3326 species,
1594 3261 1648 3309 et
1676 3246 1853 3325 supra.
1874 3253 2021 3323 quod

2145 3252 2301 3316 ἐστὶν,
2328 3250 2355 3322 6
2392 3250 2546 3319 γένος
2579 3247 2639 3302 ὃν
2667 3248 2766 3301 οὐκ
2792 3248 2940 3302 ἔστιν
2971 3243 3132 3313 εἶδος,
3160 3245 3436 3314 καί,ὕπὲρ
3470 3243 3498 3297 δ
3521 3244 3624 3297 οὒκ
3657 3245 3728 3297 ἂν

445 3347 594 3402 aliud
626 3346 845 3418 aliquod
877 3347 1273 3403 transcenderis
1318 3362 1494 3419 genus
1527 3361 1634 3402 non
1670 3346 1853 3405 fuerit.
1886 3346 2025 3402 Sunt

446 3450 628 3495 autem
664 3440 829 3494 etiam
889 3443 1106 3511 species
1136 3440 1387 3511 quaedam
1445 3439 1654 3494 ultima:
1682 3448 1737 3495 et
1770 3437 2022 3503 infinitae,

444 3548 567 3601 qua:
622 3532 759 3587 alias
789 3532 1000 3602 species
1036 3546 1147 3586 non
1192 3530 1416 3595 habent,
1442 3546 1567 3601 qua:
1594 3546 1659 3587 ex
1708 3532 1844 3603 ipsis
1886 3531 2026 3587 divi-

445 3628 668 3681 dantur.
740 3624 832 3680 llas
866 3636 1135 3698 vocantur
1169 3626 1380 3696 species
1412 3625 1840 3696 specialissimze.
1888 3624 2025 3693 Spe-

444 3716 557 3772 cies
577 3714 1105 3789 90.specialissima
1131 3726 1234 3782 est,
1258 3732 1379 3787 qua:
1400 3732 1526 3773 cum
1559 3716 1771 3788 species
1796 3716 1868 3772 sit
1916 3731 2026 3770 non

444 3817 528 3862 est
556 3822 727 3879 genus
758 3825 771 3861 :
802 3814 857 3862 et
905 3822 1068 3878 quam
1132 3822 1255 3862 cum
1305 3808 1517 3879 species
1557 3808 1651 3872 sit,
1698 3807 1751 3862 in
1815 3808 2028 3877 species

445 3898 679 3968 amplius
711 3897 957 3953 dividere
991 3913 1099 3952 non
1139 3911 1481 3966 possumus;
1526 3898 1623 3969 (et)
1660 3915 1779 3968 qua:
1809 3898 1876 3953 de
1909 3898 2029 3967 plu-

448 3992 602 4047 ribus
647 4007 713 4047 ac
753 3991 1150 4055 diﬂ‘erentibus,
1190 4007 1421 4047 numero
1457 3993 1509 4048 in
1549 3994 1678 4063 quid
1706 4004 1789 4048 cst
1828 3992 2029 4064 praadi-

446 4096 623 4142 eatur.
661 4086 1004 4143 Suntautem
1048 4086 1259 4160 (etiam)
1294 4088 1400 4142 alia
1435 4097 1812 4143 extremorum
1848 4088 2028 4143 media

445 4195 568 4255 qua
592 4179 781 4235 eadem
813 4180 1024 4250 species
1046 4189 1177 4235 sunt
1202 4189 1258 4236 et
1286 4194 1486 4250 genera
1536 4196 1550 4234 :
1586 4180 2028 4236 antecedentium

446 4273 667 4343 quidem
700 4272 931 4343 species,
962 4275 1419 4345 consequentium
1451 4283 1632 4332 autem
1659 4290 1883 4347 genera.

523 4364 609 4419 13.
647 4363 915 4420 Dicuntur
944 4380 1075 4420 vero
1096 4365 1214 4421 haec
1228 4365 1429 4431 media,
1452 4382 1654 4433 genera
1685 4368 2027 4429 subalterna;

2131 3343 2215 3412 εἴη
2265 3342 2393 3398 ἄλλο
2433 3358 2486 3394 τι
2542 3339 2956 3409 ὲπαναόεόηκδς
3004 3340 3180 3409 γένος.
3216 3338 3337 3392 Εἰσὶ
3364 3337 3422 3389 δὲ
3458 3335 3552 3389 καί
3599 3353 3730 3390 τινα

2130 3436 2247 3507 εἴδη
2278 3434 2482 3505 ἔσχατα
2516 3434 2608 3487 καὶ
2639 3431 2951 3497 κατώτατα,
2987 3431 3061 3502 μὴ
3091 3431 3281 3502 έχοντα
3296 3429 3462 3499 ἕτερα
3499 3426 3638 3497 εἴδη,
3664 3427 3729 3491 ἐξ

2130 3527 2312 3582 αὐτῶν
2355 3520 2731 3597 διαιρούίζιεσα.
2789 3525 2973 3578 Ταῦτα
3025 3524 3352 3593 ὀνομάζεται
3395 3521 3729 3576 εἴδικώτατα

2133 3621 2271 3692 εἴδη.
2304 3620 2671 3675 Εἴδικώτατον
2719 3621 2828 3687 γὰρ
2877 3614 3018 3681 εἶδός
3066 3619 3238 3682 ἐστιν,
3288 3617 3424 3686 ὅπερ
3465 3613 3603 3676 εἶδος
3655 3613 3725 3667 δν

2130 3712 2231 3764 οὐκ
2254 3710 2368 3764 ἔστι
2401 3710 2589 3779 γένος’
2631 3709 2726 3763 καὶ
2773 3708 2801 3761 6
2855 3704 2995 3771 εἶδος
3037 3704 3099 3760 6v
3155 3706 3256 3760 οὐκ
3296 3706 3361 3761 ἂν
3409 3704 3731 3771 διελοίμεθα

2133 3806 2214 3866 εἰς
2243 3803 2362 3872 εἴδη
2392 3803 2494 3868 ἔτι,
2522 3802 2659 3874 (καὶ)
2685 3800 2748 3855 16
2776 3801 2919 3854 κατὰ
2953 3798 3213 3853 πλειόνων
3238 3801 3332 3853 καὶ
3355 3799 3733 3868 διαφερόντων

2131 3897 2211 3967 τῷ
2240 3896 2457 3967 ἀριθμῷ
2509 3897 2569 3948 ὲν
2616 3894 2694 3965 τῷ
2724 3894 2777 3949 τι
2820 3896 2937 3947 ἔστι
2981 3892 3475 3963 κατηγορούμενον.
3510 3891 3632 3944 Εἰσὶ
3664 3890 3733 3944 δὲ

2135 3990 2275 4058 (καὶ)
2305 3989 2443 4043 ἄλλα
2474 3987 2618 4059 μέσα
2652 3986 2760 4039 τῶν
2791 3987 2976 4056 ἄκρων
3008 3987 3122 4057 εἴδη
3154 3986 3248 4039 καὶ
3282 3988 3414 4057 γένη
3445 3984 3514 4037 τὰ
3554 3983 3731 4036 αὐτά·

2134 4085 2254 4155 εἴδη
2301 4083 2398 4153 μὲν
2430 4082 2539 4136 τῶν
2584 4080 2691 4151 πρὸ
2737 4078 2939 4142 αὐτῶν,
2971 4078 3103 4151 γένη
3135 4079 3227 4133 καὶ
3257 4078 3367 4131 τῶν
3402 4062 3522 4147 μετ’
3555 4076 3732 4131 αὑτά.

2211 4359 2299 4430 ιγ’,
2344 4360 2572 4428 Λέγεται
2605 4358 2664 4413 δὲ
2722 4358 2895 4412 ταῦτα
2946 4356 3016 4411 τὰ
3069 4356 3209 4426 μέσα
3236 4355 3372 4427 γένη
3414 4354 3732 4423 ὑπάλληλα·

447 4472 556 4511 non
613 4458 760 4526 quod
813 4458 880 4513 de
916 4459 1162 4528 quolibet
1217 4459 1497 4529 quodlibet
1542 4459 1823 4522 en‘eratur,
1890 4460 2025 4529 ejus-

2145 4454 2237 4524 οὐχ
2260 4455 2341 4507 ὅτι
2371 4453 2609 4507 ἕκαστον
2639 4450 2727 4519 ἐφ’
2751 4450 2984 4504 ἕκαστον
3030 4450 3257 4520 φέρεται
3290 4450 3382 4500 καὶ
3429 4445 3524 4500 τοῦ
3553 4446 3739 4500 αὐτοῦ

445 4549 684 4621 demque
738 4550 884 4607 idem
925 4551 996 4606 sit
1042 4560 1098 4608 et
1131 4566 1306 4622 genus
1353 4562 1408 4607 et
1441 4552 1682 4623 species;
1746 4553 1839 4607 sed
1886 4551 2032 4622 quod

2141 4550 2200 4601 16
2235 4545 2368 4601 αὐτὸ
2403 4547 2561 4616 γένος
2593 4544 2689 4597 καὶ
2743 4538 2884 4606 εἶδός
2935 4542 3109 4595 ἐστιν’
3143 4540 3259 4595 ἀλλ’
3297 4541 3380 4593 ὅτι
3432 4540 3591 4605 γένος
3636 4537 3740 4590 ὑπ’

445 4658 618 4713 genus
653 4643 757 4698 sub
779 4642 888 4697 alio
918 4658 1119 4712 genere
1140 4644 1311 4709 tiniat,
1341 4654 1395 4697 et
1417 4659 1609 4699 rursus
1644 4644 1744 4700 hoc
1766 4645 1865 4699 sub
1901 4644 2025 4710 alio,

2145 4640 2268 4694 ἄλλο
2303 4638 2462 4706 γένος
2511 4635 2678 4699 τελεῖ,
2735 4635 2959 4687 κάκεῖνο
3011 4631 3102 4702 ὑφ’
3137 4630 3347 4701 ἕτερον,
3377 4629 3472 4683 καὶ
3508 4626 3741 4698 ἔχουσιν

445 4752 510 4791 ac
561 4738 708 4790 inter
763 4751 823 4791 se
870 4736 1100 4790 invicem
1154 4751 1447 4791 commune
1483 4738 1740 4802 habeant,
1776 4746 1835 4792 ut
1864 4736 2026 4791 veluti

445 4829 661 4899 species
693 4828 1075 4900 subjiciuntur,
1112 4829 1363 4900 quamvis
1387 4830 1499 4885 sint
1521 4846 1742 4901 genera.

516 4924 606 4979 M.
633 4920 813 4978 Veluti
841 4922 1146 4977 substantia
1182 4922 1417 4992 primum
1466 4933 1519 4978 et
1550 4923 2026 4993 generalissimutn

444 5024 749 5085 estgeuus.
804 5015 918 5072 Sub
977 5016 1309 5082 substantia,
1340 5032 1557 5087 corpus.
1583 5016 1849 5071 Dividitur
1877 5016 2025 5069 enim

444 5109 752 5163 substantia
788 5109 842 5163 in
873 5123 1071 5179 corpus
1108 5117 1162 5165 et
1192 5110 1600 5179 incorporeum.
1653 5106 1769 5162 Sub
1799 5119 2029 5176 corpore

448 5204 752 5258 animatum
805 5217 1032 5273 corpus.
1081 5201 1297 5259 Rursus
1330 5203 1434 5258 sub
1485 5204 1590 5258 hoc
1621 5200 1894 5267 sentiens;
1928 5201 2030 5256 sub

444 5311 553 5366 quo
589 5296 792 5349 animal
828 5312 843 5349 :
875 5298 977 5351 sub
999 5296 1218 5350 animali
1243 5310 1392 5361 vero,
1420 5294 1624 5349 animal
1655 5293 1868 5348 ratione
1891 5308 2028 5363 prte-

446 5390 647 5456 ditum,
672 5390 776 5445 sub
802 5405 911 5458 quo
960 5389 1177 5455 Petrus,
1208 5387 1431 5453 Paulus,
1461 5397 1518 5444 et
1551 5387 1745 5458 reliqui
1782 5389 2027 5457 particu-

455 5483 601 5538 lares
652 5483 925 5545 homines,
966 5485 1057 5551 qui
1094 5499 1284 5536 uu-m-s
1323 5482 1602 5536 individua
1647 5482 2026 5538 nominantur.

447 5575 764 5631 Substautia
794 5576 1013 5647 quidem
1055 5574 1222 5645 igitur
1256 5590 1427 5645 genus
1457 5584 1561 5638 est,
1599 5584 1656 5628 ut
1684 5575 1886 5629 dictum
1919 5589 2027 5638 est,

448 5668 936 5739 generalissimum,
967 5669 1109 5740 quod
1134 5683 1241 5723 non
1266 5668 1467 5725 habeat
1516 5668 1662 5723 aliud
1689 5683 1859 5740 genus
1883 5670 2026 5735 quod

453 5762 629 5829 ipsam
666 5758 1020 5826 transcendat
1051 5774 1067 5813 :
1097 5759 1261 5814 homo
1295 5758 1400 5830 91
1467 5767 1646 5815 autem
1707 5761 1920 5832 species
1947 5769 2030 5815 est

447 5853 865 5920 specialissima,
897 5855 1039 5920 quod
1064 5853 1228 5908 aliam
1264 5855 1504 5925 speciem
1533 5868 1657 5922 qua:
1685 5854 1824 5909 infra
1853 5868 1912 5909 se
1936 5855 2031 5907 dc-

459 5943 714 6010 sccudat,
750 5959 858 6003 non
887 5944 1117 6011 habeat;
1154 5961 1270 6019 quae
1311 5962 1474 6018 pano
1502 5947 1677 6003 media
1708 5955 1836 6003 situt
1890 5947 2029 6004 inter

2140 4728 2346 4799 ἄλληλα
2404 4726 2583 4804 κοινδν
2643 4726 2704 4777 16
2756 4722 3109 4804 ὑποκεῖσθαι.
3142 4722 3219 4785 ὼς
3266 4720 3384 4791 εἴδη
3443 4720 3543 4774 καῖ
3591 4720 3739 4791 γένη

2138 4818 2289 4872 ὄντα.
2486 4800 2504 4824 ’

2214 4932 2297 4986 ιδ’.
2336 4925 2462 4985 Οἷον
2493 4932 2526 5000 ἡ
2558 4930 2712 4984 οὐσία
2763 4914 3069 4999 πρώτιστόν
3108 4929 3223 4981 ἐστι
3256 4928 3412 4997 γένος
3447 4927 3540 4981 καὶ
3579 4945 3738 4996 γενι-

2140 5021 2402 5077 κώτατον.
2449 5021 2589 5073 Ὑπὸ
2620 5019 2772 5093 (γὰρ)
2806 5021 2907 5088 τὴν
2940 5020 3129 5072 οὐσίαν
3168 5020 3227 5072 16
3263 5020 3439 5090 σῶμα.
3482 5024 3738 5090 Διαιρεῖ-

2138 5132 2227 5168 ται
2260 5116 2368 5187 γᾲρ
2399 5116 2431 5185 ἡ
2463 5114 2619 5167 οὗσῖα
2650 5115 2731 5176 εἰς
2777 5113 2935 5182 σῶμα
2975 5116 3070 5166 καὶ
3100 5114 3413 5183 ἀσώματον.
3450 5113 3589 5167 ’Υπδ
3625 5115 3736 5182 (δὲ)

2138 5209 2199 5263 16
2253 5208 2412 5277 σῶμα
2444 5208 2505 5262 τὸ
2553 5206 2798 5277 ἔμψυχον
2857 5205 3057 5276 σῶμα·
3113 5205 3208 5258 ὑπ’
3259 5205 3393 5259 αὐτὸ
3446 5206 3610 5259 πάλιν
3669 5208 3738 5259 16

2139 5300 2463 5370 αἰσθητικόν
2485 5316 2497 5329 ⁶
2527 5299 2618 5367 ὑφ’
2665 5298 2695 5352 δ
2724 5298 2784 5351 16
2814 5298 2974 5363 ζῶον·
3007 5298 3111 5353 ὑπὸ
3139 5298 3200 5352 τὸ
3230 5297 3369 5364 ζῶον
3390 5298 3445 5353 δὲ
3475 5301 3537 5352 16
3579 5299 3738 5367 λογι-

2139 5395 2234 5448 κὸν
2260 5392 2425 5459 ζῶον,
2457 5394 2487 5446 6
2510 5392 2794 5462 ἄνθρωπος
2826 5409 2839 5423 ·
2887 5392 2980 5462 ὑφ’
3009 5391 3037 5443 6
3088 5391 3120 5445 6
3172 5392 3397 5460 Πέτρος,
3431 5393 3459 5445 6
3513 5392 3737 5458 Παῦλος

2140 5488 2238 5540 καὶ
2267 5488 2316 5539 οἱ
2358 5485 2706 5541 λοιποὶκατὰ
2739 5481 2904 5554 μέρος
2952 5483 3255 5546 ἄνθρωποι,
3284 5481 3482 5543 οἵτινες
3521 5483 3736 5552 ὄνομα-

2140 5582 2326 5645 ζονται
2359 5580 2559 5643 πάντες
2579 5562 2780 5649 ἄτομα.
2828 5577 2894 5630 Ἠ
2926 5578 3024 5647 μὲν
3053 5573 3146 5631 οὖν
3169 5576 3325 5630 οὐσία
3366 5577 3521 5643 γένος
3548 5579 3732 5645 ἐστὶν,

2140 5675 2214 5738 ὡς
2274 5675 2507 5744 εἴρηται,
2541 5672 2927 5735 γενικώτατον,
2964 5671 3051 5725 διὰ
3106 5672 3166 5724 16
3221 5670 3295 5739 μὴ
3343 5670 3487 5739 ἔχειν
3534 5669 3736 5742 ἕτερον

2141 5766 2297 5833 γένος
2327 5766 2534 5834 ταύτην
2586 5765 3034 5835 ἐπαναόεϐηκός’
3076 5767 3103 5817 ὀ
3153 5763 3210 5817 δὲ
3251 5762 3540 5833 ἅνθρωπος
3584 5761 3735 5830 εἶδός

2146 5859 2294 5908 ἐστιν
2326 5854 2695 5918 εἰδικώτατον,
2720 5856 2807 5909 διὰ
2845 5856 2905 5909 τὸ
2936 5854 3009 5926 μὴ
3037 5856 3180 5926 ἔχειν
3203 5855 3389 5925 ἕτερον
3418 5851 3558 5917 εἶδος
3596 5857 3738 5909 ὑπο-

2147 5950 2376 6019 ϐεϐηκός
2404 5967 2416 5979 ·
2458 5949 2513 6003 16
2545 5949 2599 6003 δὲ
2634 5950 2796 6019 μέσον
2830 5950 2926 6019 τῆς
2955 5951 3140 6016 οὐσίας
3169 5950 3265 6005 καὶ
3291 5947 3384 6004 τοῦ
3410 5947 3734 6018 ἀνθρώπου,
