3872 6462
1486 328 1501 334 -
1528 322 1621 341 ποιη
1650 326 1655 333 .

174 442 290 505 ’157

1449 449 1790 512 ΕΡΙΤΟΜΕ
1835 454 2131 520 LOGICA.

3303 444 3307 451 ’
3336 452 3445 518 758

171 555 275 609 καὶ
324 555 456 626 γένη
509 555 604 609 καὶ
663 556 777 625 εἴδη
810 555 936 612 ἐἰσὶ
985 558 1054 613 τὰ
1112 558 1291 613 αὐτά·
1324 558 1431 613 τῶν
1466 561 1586 630 μετ’
1617 563 1757 617 αὐτὰ

1869 570 2222 627 substantiam
2247 580 2300 627 et
2330 571 2633 637 hominem,
2663 561 2856 628 eadem
2889 555 2950 628 et
2967 556 3175 644 genera
3226 577 3357 626 sunt
3385 580 3441 625 et

170 648 332 717 γένη,
367 646 477 700 τῶν
526 650 634 718 πρὸ
680 647 859 701 αὐτῶν
894 647 1035 720 εἴδη.
1067 649 1140 702 Τὸ
1170 650 1281 721 γὰρ
1327 651 1486 720 σῶμα
1518 650 1619 722 τῆς
1656 651 1754 722 μὲν

168 741 365 803 οὐσίας
408 736 565 803 είδος,
598 740 692 794 τοῦ
740 742 796 795 δὲ
842 742 1090 813 ἐμψύχου
1127 726 1379 811 σώματος
1417 744 1614 812 γένος·
1645 744 1755 815 ἔχει

169 830 285 900 γὰρ
313 831 374 883 τδ
397 831 585 894 ἁπλῶς
621 833 781 904 σῶμα
806 834 1140 904 τεταγμένον
1171 836 1259 905 ὑφ’
1287 836 1451 889 ἑαυτὸ
1489 839 1550 889 τὸ
1584 835 1755 907 ἔμψυ-

168 940 272 995 χον
309 923 487 995 σῶμα.
517 923 691 979 Τοῦτο
723 927 789 998 δὴ
827 926 891 981 τὸ
928 926 1174 998 ἔμψυχον
1200 922 1344 992 εἶδος
1378 928 1480 999 μὲν
1509 926 1632 983 ἔστι
1660 928 1755 983 τοῦ

169 1017 448 1086 σώματος,
492 1018 651 1087 γένος
706 1020 763 1075 δὲ
811 1019 906 1075 τοῦ
941 1020 1300 1093 αίσθητικοῦ’
1334 1022 1398 1076 τὸ
1431 1022 1758 1094 αἱσθητικὶιν

168 1104 313 1171 εἶδος
347 1109 447 1180 μὲν
475 1111 568 1164 τοῦ
595 1112 618 1164 ὲ
629 1110 865 1183 μψύχου,
894 1112 1052 1180 γένος
1089 1113 1145 1166 δὲ
1179 1112 1274 1167 τοῦ
1302 1113 1447 1179 ξώου
1477 1130 1493 1145 ο
1526 1113 1588 1167 τὸ
1617 1113 1755 1179 ζῶον

167 1196 312 1262 εἶδος
342 1200 442 1271 μὲν
467 1200 560 1255 τοῦ
588 1202 936 1272 αἰσθητικοῦ.
957 1204 1116 1273 γένος
1145 1205 1202 1259 δὲ
1236 1206 1331 1259 τοῦ
1371 1204 1593 1275 λογικοῦ
1625 1223 1639 1238 ο
1696 1207 1756 1259 τὸ

165 1293 228 1346 δὲ
278 1292 494 1361 λογικὸν
533 1294 693 1362 ζῶον,
729 1296 1085 1367 όάνθρωπος,
1134 1294 1272 1362 εἶδος
1311 1298 1413 1367 μὲν
1457 1298 1552 1352 τοῦ
1587 1298 1755 1364 ζώου,

165 1386 441 1441 οὐκέτιδὲ
475 1389 631 1456 γένος
668 1388 764 1443 τοῦ
810 1391 1042 1461 Πέτρου,
1089 1391 1182 1446 καὶ
1228 1391 1323 1444 τοῦ
1375 1391 1613 1455 Παύλου,
1662 1393 1757 1444 καὶ

168 1478 283 1531 τῶν
315 1478 518 1535 λοιπῶν
552 1482 793 1553 ἀτόμων,
820 1482 936 1537 ἀλλ’
958 1481 1100 1549 εἶδός
1136 1486 1251 1538 ἐστι
1282 1486 1378 1538 καὶ
1406 1483 1613 1540 αὐτῶν.

245 1761 327 1810 ιε’.
360 1756 466 1809 Τοῦ
507 1757 603 1827 μὲν
635 1755 728 1811 οὖν
752 1755 916 1822 ζὼου,
950 1754 1090 1822 εἶδος
1120 1759 1365 1829 λέγεται,
1400 1761 1535 1815 διότι
1569 1760 1757 1831 περιέο

168 1863 329 1915 χεται
358 1848 450 1902 ὑπ’
479 1851 666 1916 αὑτοῦ,
700 1851 809 1905 τῶν
843 1853 898 1907 δὲ
928 1854 1149 1924 ἀτόμων
1191 1849 1353 1917 εἶδος,
1390 1853 1475 1907 ὅτι
1505 1854 1753 1924 περιέχει

168 1940 332 1995 αὐτὰ.
1350 1978 1359 1987 .

248 2032 344 2099 ις’.
376 2036 438 2089 El
486 2037 596 2106 γὰρ
624 2033 692 2110 ἦν
737 2039 891 2107 γένος
935 2039 1045 2093 τῶν
1095 2040 1317 2109 ἀτόμων
1361 2040 1390 2091 6
1443 2039 1750 2109 ἄνθρωπος,

166 2125 288 2197 εἴδη
318 2126 385 2178 ἂν
421 2128 663 2198 ὑπῆρχον
688 2132 754 2183 τὰ
781 2131 982 2199 ἄτομα.
1029 2132 1146 2185 Πᾶν
1193 2132 1303 2201 γὰρ
1327 2132 1486 2198 γένος
1525 2133 1605 2195 είς
1638 2131 1753 2202 εῐδη

166 2219 466 2289 διαιρεῖται
491 2235 505 2250 ·
548 2221 614 2273 τὰ
639 2220 697 2274 δὲ
716 2221 831 2292 εἴδη
863 2206 1173 2294 τεμνόμενα
1236 2223 1589 2293 μεταδιδόασι
1615 2223 1754 2294 (καὶ)

169 2313 287 2373 τοῖς
342 2310 402 2376 ἐξ
461 2313 640 2366 αὐτῶν
683 2315 778 2367 καὶ
812 2316 906 2368 τοῦ
943 2316 1209 2383 ὀνῦματος
1238 2317 1333 2370 καὶ
1367 2315 1466 2370 τοῦ
1499 2312 1753 2385 ὁρισμοῦ.

170 2402 338 2456 ’Ὥστε
361 2404 459 2457 καὶ
478 2406 506 2457 6
531 2406 752 2476 Πέτρος,
782 2408 858 2469 είς
887 2406 1064 2478 ψυχὴν
1085 2408 1179 2461 καὶ
1206 2407 1367 2476 σῶμα
1396 2408 1755 2478 τεμνόμενος,

172 2497 456 2564 μετεδίδου
493 2498 560 2552 ἂν
608 2503 722 2563 τοῖς
752 2500 813 2566 ἐξ
849 2500 1015 2555 αὐτοῦ
1082 2503 1177 2555 καὶ
1219 2501 1314 2555 τοῦ
1357 2501 1623 2572 ὀνόματος
1661 2502 1757 2555 καὶ

170 2591 265 2643 τοῦ
298 2591 570 2661 ὁρισμοῦ’
642 2593 736 2647 καὶ
787 2589 855 2666 ἦν
902 2592 1079 2657 οὕτως
1126 2597 1159 2665 ἡ
1212 2593 1306 2647 τοῦ
1349 2596 1556 2665 Πέτρου
1609 2594 1755 2665 ψυχὴ

173 2686 377 2751 Πέτρος
402 2703 416 2717 ·
454 2688 546 2740 καὶ
593 2687 654 2742 τὸ
688 2687 849 2758 σῶμα
890 2687 1054 2741 πάλιν
1105 2689 1349 2759 Πέτρος*
1382 2689 1479 2742 καὶ
1519 2689 1614 2745 τὸν
1660 2688 1756 2743 τοῦ

173 2778 387 2847 Πέτρου
423 2781 570 2849 ὅρον,
612 2781 746 2833 ἀλλὰ
778 2781 845 2851 δὴ
879 2783 973 2835 καὶ
1004 2782 1095 2834 τὸν
1121 2781 1217 2836 τοῦ
1248 2780 1541 2852 ἀνθρώπου
1602 2781 1772 2862 παρὰ,

171 2871 342 2941 μέρος
385 2873 712 2943 ἐκληροῦντο
770 2874 1097 2945 ἀμφότεροι.
1171 2874 1287 2930 Νῦν
1347 2876 1404 2929 δὲ
1463 2876 1623 2930 τοῦτο
1656 2874 1759 2929 οὐκ

168 2963 356 3017 ἔστιν·
393 2965 494 3020 οὐκ
527 2966 634 3037 ἄρα
687 2966 843 3034 γένος
882 2968 911 3020 ὀ
960 2966 1276 3038 ἄνθρωπος,
1313 2966 1427 3022 ἀλλ’
1481 2962 1620 3029 εἶδος
1676 2966 1757 3031 είς

167 3061 355 3130 ἄτομα
387 3059 596 3128 διαιρού
605 3079 788 3132 μενον.

244 3152 336 3215 ιζ’.
376 3154 563 3209 Πάντα
595 3155 652 3208 δὲ
681 3158 748 3209 τὰ
779 3156 960 3228 ἄτομα
992 3158 1086 3211 καὶ
1106 3158 1164 3210 τὸ
1189 3155 1364 3227 ὄνομα
1400 3158 1497 3211 κοιλ⁵
1516 3158 1612 3213 τὸν
1631 3160 1752 3229 ὁρι-

1859 663 2073 731 species
2119 680 2135 718 :
2188 664 2643 734 consequentium
2724 679 2943 734 genera,
3003 663 3446 720 antecedentium

1859 754 2093 821 species.
2136 753 2352 841 Corpus
2379 754 2525 811 enim
2563 753 2900 834 substantiae
2929 753 3147 823 quidem
3191 750 3443 822 species;

1859 846 2084 901 animati
2165 857 2350 904 autem
2413 845 2658 915 corporis
2709 860 2883 917 genus
2947 852 3052 900 est.
3110 841 3446 913 Simpliciter

1860 937 2006 992 enim
2053 952 2252 1006 corpus
2283 937 2383 993 sibi
2430 937 2739 1009 subjectum
2775 938 2945 992 habet
2993 936 3294 991 animatum
3325 950 3448 991 cor-

1861 1047 1979 1102 pus.
2014 1031 2126 1092 lloc
2155 1046 2316 1102 porro
2342 1032 2643 1087 animatum
2697 1030 2947 1101 corporis
2965 1028 3184 1100 quidem
3212 1027 3445 1099 species,

1859 1124 2146 1180 sentientis
2186 1140 2319 1181 vero
2380 1139 2552 1196 genus
2575 1108 2680 1179 est.
2716 1120 2972 1178 Sentiens
3027 1117 3253 1175 animati
3317 1119 3447 1190 qui-

1859 1217 1982 1272 dem
2021 1218 2254 1289 species,
2287 1218 2382 1274 sed
2415 1216 2668 1273 animalis
2708 1230 2884 1285 genus
2936 1225 3041 1270 est.
3080 1210 3292 1268 Animal
3324 1227 3450 1268 sen-

1863 1310 2057 1365 tientis
2094 1310 2312 1379 quidem
2361 1310 2598 1381 species,
2634 1309 2847 1364 ratione
2875 1317 3062 1363 autem
3094 1304 3310 1375 praediti
3347 1319 3443 1375 ge-

1858 1421 1963 1461 nus
2002 1413 2108 1460 est.
2149 1404 2397 1474 Denique
2429 1406 2642 1459 ratione
2667 1401 2956 1476 praeditum
2988 1399 3217 1464 animal,
3255 1398 3447 1461 homo,

1859 1499 2069 1569 species
2106 1482 2326 1569 quidem
2350 1498 2605 1553 animalis
2625 1536 2643 1561 ,
2671 1496 2768 1552 sed
2808 1510 2919 1550 non
2944 1494 3184 1563 amplius
3213 1490 3358 1546 Petri
3392 1498 3447 1542 et

1860 1587 2011 1643 Pauli
2044 1598 2099 1644 et
2141 1588 2478 1659 reliquorum
2533 1586 2938 1643 individuorum
2977 1599 3150 1655 genus
3185 1591 3272 1639 est
3298 1622 3313 1646 ,
3351 1578 3447 1636 sed

1860 1682 2025 1736 etiam
2051 1681 2369 1737 earumdem
2393 1688 2479 1737 est
2506 1680 2735 1752 species.

1933 1775 2020 1830 l5.
2055 1774 2223 1829 Proin
2257 1773 2511 1830 animalis
2551 1773 2773 1843 quidem
2810 1773 3025 1844 species
3058 1771 3285 1834 dicitur,
3317 1766 3446 1834 quia

1861 1866 2177 1922 continetur
2210 1866 2278 1921 ab
2324 1880 2426 1929 eo;
2495 1865 2903 1921 iudividuormn
2967 1876 3150 1919 autem
3211 1859 3446 1931 species,

1860 1961 1988 2032 quia
2015 1961 2264 2017 continet
2293 1961 2431 2030 ipsa.
2759 1965 2777 1971 ’

1931 2058 2019 2114 16.
2055 2055 2113 2112 Si
2143 2055 2289 2111 enim
2339 2054 2505 2109 homo
2582 2052 2993 2108 individuorum
3048 2063 3222 2118 genus
3260 2055 3440 2107 esset.

1858 2151 2142 2209 individua
2190 2147 2402 2220 species
2458 2155 2666 2202 essent.
2728 2143 2901 2200 Omne
2977 2145 3124 2200 enim
3178 2142 3351 2215 genus
3392 2141 3444 2193 in

1859 2239 2070 2310 species
2122 2236 2415 2303 dividitur;
2467 2236 2687 2306 species
2739 2245 2922 2290 autem
2982 2251 3103 2290 cum
3167 2223 3447 2293 secantur,

1857 2333 1966 2403 92
2001 2331 2086 2387 his
2137 2346 2259 2401 qua:
2310 2344 2376 2385 ex
2409 2328 2543 2399 ipsis
2574 2338 2705 2383 sunt
2733 2337 2789 2384 et
2840 2342 3041 2382 nomen
3085 2335 3140 2381 et
3173 2323 3445 2381 deﬁnitio-

1860 2437 1985 2477 nem
2051 2421 2394 2492 impertiunt.
2431 2421 2615 2486 Quare
2645 2417 2839 2473 Petrus
2870 2418 2985 2488 qui
3012 2417 3065 2471 in
3114 2415 3353 2470 animam
3394 2424 3449 2467 et

1859 2528 2060 2584 corpus
2110 2523 2350 2578 secatur,
2407 2511 2495 2568 his
2522 2526 2645 2582 quas
2684 2525 2749 2566 ex
2788 2524 2848 2565 se
2878 2517 3009 2565 sunt
3047 2516 3099 2565 et
3135 2522 3337 2562 nomen
3395 2514 3450 2559 rt

1858 2603 2231 2658 deﬁnitionem
2264 2602 2607 2671 impertiret:
2632 2609 2687 2657 et
2713 2601 2793 2656 sic
2834 2600 3018 2653 anima
3053 2597 3197 2652 Petri
3229 2596 3445 2662 Pelrus,

1858 2706 1913 2752 et
1943 2711 2163 2752 rursum
2201 2709 2402 2771 corpus
2452 2693 2649 2749 Petrus
2701 2701 2844 2749 esset
2871 2709 2885 2749 :
2914 2686 2968 2746 et
2999 2691 3143 2745 Petri
3176 2691 3452 2746 deﬁnitio.

1860 2806 2009 2857 nem,
2059 2790 2193 2860 quin
2252 2799 2307 2844 et
2340 2788 2581 2845 hominis
2647 2787 2926 2859 sigillatim
2976 2796 3209 2855 utraque
3240 2784 3451 2856 accipe-

1860 2892 2001 2939 rent.
2055 2883 2218 2953 Atqui
2285 2882 2393 2937 hoc
2423 2896 2531 2936 non
2584 2892 2713 2946 est;
2763 2896 2872 2934 non
2919 2895 3050 2950 ergo
3080 2879 3246 2934 homo
3279 2894 3450 2950 genus

1857 2987 1962 3045 est,
1991 2978 2085 3033 sed
2121 2976 2334 3046 species
2370 2990 2489 3047 quae
2524 2975 2578 3030 in
2604 2974 2887 3031 individua
2917 2973 3204 3030 dividitur.

1930 3163 2019 3219 l7.
2066 3161 2262 3218 Omnia
2289 3171 2470 3217 autem
2527 3161 2812 3218 individua
2853 3169 2909 3217 et
2946 3174 3147 3216 nomen
3167 3141 3233 3214 et
3254 3156 3451 3214 deﬁni—

171 3243 313 3315 σμδν
367 3245 477 3301 τῶν
534 3247 756 3331 οίκείων
813 3248 970 3301 είδῶν
1038 3245 1342 3310 ἁνελλιπῶς
1388 3248 1786 3341 ἐπιδέχονται,1

1869 3255 2060 3310 tionem
2091 3255 2433 3326 propriarum
2463 3258 2800 3326 specierum,
2841 3254 2971 3326 quin
3002 3240 3056 3309 et
3077 3253 3322 3324 ipsorum
3355 3266 3449 3323 ge.

171 3339 237 3393 οὐ
270 3338 381 3410 μὴν
416 3339 678 3394 ἀλλὰκαὶ
724 3341 908 3396 αὐτῶν
957 3340 1068 3395 τῶν
1122 3340 1320 3406 γενῶν.
1373 3339 1652 3405 Ὡσαύτως
1699 3338 1786 3394 δὲ’

1869 3362 2056 3400 uerum
2079 3348 2198 3403 sine
2215 3346 2430 3403 defectu
2456 3345 2974 3429 recipiunt._Eodem
2993 3362 3126 3403 vero
3144 3343 3304 3401 modo
3322 3351 3452 3400 sunt

171 3433 268 3486 καὶ
307 3432 377 3486 τὰ
430 3433 545 3504 είδη
569 3433 679 3487 τῶν
712 3435 908 3503 γενῶν,
946 3435 1038 3488 καὶ
1067 3435 1134 3487 τὰ
1172 3433 1456 3502 ὑπάλληλα
1485 3435 1619 3502 γένη
1649 3434 1758 3488 τῶν

168 3527 435 3598 ἀνωτέρω
466 3527 641 3596 γενῶν
671 3526 777 3591 ἕως
800 3527 896 3582 τοῦ
934 3529 1307 3596 γενικωτάτου
1341 3544 1357 3560 ·
1423 3530 1520 3581 καὶ
1570 3528 1758 3591 ἁπλῶς

168 3607 463 3684 είπείνξτὰ
496 3622 596 3687 μὲν
629 3619 893 3675 ὑποκάτω
938 3620 1279 3692 λαμϐάνουσι
1321 3621 1432 3675 τῶν
1476 3622 1589 3677 ἄνω
1627 3620 1762 3674 πάν-

168 3734 280 3769 των
318 3716 633 3780 ἀνελλιπῶς
662 3717 845 3772 καὶτὰ
875 3716 1118 3787 ὀνόματα
1140 3718 1236 3771 καὶ
1267 3719 1393 3780 τοὺς
1443 3718 1707 3787 ὁρισμούς
1741 3733 1755 3748 ’

166 3811 238 3861 τὰ
258 3812 448 3863 ἐπάνω
477 3812 587 3862 τῶν
616 3810 879 3865 ὑποκάτω
909 3810 1032 3863 οὐδ’
1058 3809 1329 3866 ὁπωσοῦν.

245 3901 337 3973 ιη’.
383 3901 522 3956 Ἀλλ’
553 3902 675 3956 οὐδὲ
721 3903 790 3956 τὰ
841 3902 956 3973 εἴδη
992 3902 1346 3957 κοινωνοῦσιν
1393 3902 1667 3971 ἀλλήλοις,
1723 3903 1756 3973 ἢ

169 3995 319 4048 κατὰ
369 3996 497 4059 τοὺς
536 3996 720 4067 ὄρους,
751 3994 785 4066 ἢ
820 3995 961 4050 κατὰ
994 3996 1062 4048 τὰ
1093 3994 1355 4065 ὀνόματα.
1417 3997 1526 4048 Καὶ
1558 3994 1669 4064 γὰρ
1730 3996 1759 4048 6

169 4089 462 4158 ἄνθρωπος
524 4087 714 4142 οὕτως’
772 4088 840 4144 ἂν
868 4088 1036 4151 ἵππος
1066 4088 1318 4160 κληθείη,
1351 4088 1385 4159 ἢ
1418 4088 1447 4141 6
1477 4088 1644 4152 ἵππος
1670 4087 1763 4141 ἇν-

170 4182 415 4251 ϐρωπος.
453 4178 593 4234 Οὔτε
623 4180 677 4233 δὲ
702 4182 730 4234 6
756 4177 850 4233 τοῦ
880 4179 1051 4233 ἵππου
1091 4182 1217 4250 ὅρος
1271 4180 1506 4251 ἁρμόσει
1539 4178 1616 4248 τῷ
1668 4180 1761 4233 ἀν-

170 4275 403 4346 Θρώπῳ,
429 4274 462 4344 ἢ
492 4276 519 4327 6
543 4273 639 4327 τοῦ
662 4273 949 4345 ἀνθρώπου
977 4273 1054 4343 τῷ
1077 4274 1251 4342 ἵππῳ.
1285 4274 1389 4326 Τὸν
1418 4272 1526 4344 γὰρ
1548 4263 1762 4340 ἄνθρω-

175 4388 276 4423 πον
301 4368 477 4430 οὐδεὶς
505 4364 647 4422 εἶναι
675 4368 811 4439 φαίη
840 4366 906 4421 ἂν
951 4367 1097 4431 ζῶον
1136 4367 1354 4435 ἄλογον,
1419 4366 1757 4435 τετράπουν,

171 4460 599 4533 χριμετιστικόν
633 4477 648 4491 ο
674 4459 708 4531 ἢ
735 4461 826 4513 τὸν
865 4461 1053 4524 ἵππον,
1089 4458 1229 4524 ζῶον
1276 4456 1518 4526 λογικὸν,
1546 4456 1763 4528 θνητὸν,
1812 4515 1817 4521 ,

172 4554 265 4610 νοῦ
300 4558 398 4609 καὶ
427 4555 742 4626 ἐπιστήμης
769 4554 1038 4608 δεκτικόν.

1860 3441 2074 3509 species
2124 3455 2387 3511 generum
2422 3453 2476 3497 et
2509 3456 2713 3512 genera
2746 3420 3062 3499 subalterna
3098 3441 3444 3510 superiorum

1861 3548 2121 3603 generum
2155 3548 2326 3604 usque
2344 3532 2409 3588 ad
2437 3534 2934 3604 generalissiutum.
2957 3533 3023 3589 Et
3044 3542 3101 3588 ut
3124 3531 3450 3602 simpliciter

1862 3626 2062 3692 dicam,
2091 3626 2354 3682 inferiora
2374 3627 2593 3697 quidem
2626 3625 2967 3699 superiorum
3000 3627 3244 3682 omnium
3276 3636 3447 3682 etno-

1863 3720 2011 3776 tnina
2033 3728 2087 3774 et
2114 3720 2461 3777 deﬁnitiones
2505 3722 2713 3791 absque
2744 3721 3083 3777 detractione
3107 3720 3384 3792 accipiunt
3424 3737 3438 3774 :

1863 3804 2143 3880 superiora
2176 3820 2360 3865 autem
2389 3810 2717 3867 inferiorum
2752 3812 2903 3866 nullo
2939 3812 3126 3866 modo.

1938 3902 2025 3959 l8.
2079 3903 2186 3957 Sed
2233 3918 2408 3972 neque
2436 3919 2726 3975 ,gcuerum
2788 3905 3003 3974 species
3039 3902 3450 3959 communicant

1864 3996 2121 4063 invicem,
2154 3998 2238 4052 vel
2270 3992 2448 4065 quoad
2488 3997 2862 4066 deliuitiones,
2891 3998 2976 4051 vel
3001 3999 3174 4067 quoad
3199 3996 3445 4051 nomina.

1864 4086 2147 4158 Nunquam
2182 4090 2329 4145 euim
2387 4092 2546 4145 homo
2580 4104 2756 4159 equus
2784 4088 3089 4153 vocabitur,
3144 4096 3235 4141 aut
3271 4101 3450 4156 equus

1867 4181 2052 4237 homo.
2088 4182 2275 4253 Neque
2307 4197 2435 4238 vero
2464 4184 2625 4238 etiam
2674 4184 2797 4253 equi
2833 4180 3080 4236 deﬁnitio
3111 4180 3324 4235 homini
3352 4191 3450 4235 aut

1867 4275 2105 4330 hominis
2131 4290 2276 4344 equo
2299 4286 2583 4346 congruet.
2628 4274 2797 4329 Nemo
2823 4274 2968 4329 enim
3004 4273 3284 4326 hominem
3328 4271 3450 4324 ani-

1868 4370 1974 4424 tnal
1998 4370 2338 4436 irrationale,
2355 4370 2695 4440 quadrupes,
2722 4367 3010 4422 hinnicndi
3039 4366 3295 4420 facultate
3314 4378 3453 4434 prae-

1867 4457 2075 4522 ditum;
2110 4468 2203 4512 aut
2251 4473 2450 4528 equum
2490 4458 2694 4512 animal
2729 4458 3024 4523 rationale,
3066 4455 3324 4521 mortale,
3371 4455 3454 4508 in-

1869 4550 2180 4621 telligentia:
2207 4561 2261 4606 et
2288 4551 2535 4606 scientite
2564 4566 2735 4622 capax
2765 4550 2988 4608 dixerit.

247 4650 335 4704 ιϐ’.
394 4644 502 4703 Τοῦ
560 4649 617 4701 δὲ
672 4647 857 4702 κοινοῦ
887 4649 1082 4716 γένους
1106 4648 1201 4700 καὶ
1229 4648 1288 4700 τὸ
1344 4646 1515 4717 ὄνομα
1548 4645 1760 4700 καὶτὸν

1940 4644 2029 4699 l9.
2058 4643 2166 4715 93
2197 4645 2264 4700 At
2285 4659 2414 4699 vero
2440 4645 2751 4721 communis
2786 4645 3004 4714 generis
3067 4652 3124 4697 et
3149 4656 3349 4696 nomen
3383 4647 3441 4694 et

172 4745 301 4813 ὅρον
329 4742 398 4795 τὰ
444 4740 559 4812 είδη
586 4740 783 4809 ἐπίσης
822 4739 1196 4809 λαμϐάνουσιν
1227 4756 1243 4772 ο
1285 4740 1347 4792 οὐ
1387 4738 1448 4791 τὸ
1491 4737 1590 4807 μὲν
1648 4735 1760 4792 τῶν

173 4835 336 4887 εἰδῶν
370 4832 594 4901 μᾶλλον,
625 4833 686 4885 τὸ
714 4820 769 4887 δὲ
807 4826 971 4902 ἦττον
1001 4848 1015 4862 ·
1041 4833 1138 4885 καὶ
1162 4831 1270 4901 γὰρ
1293 4834 1320 4884 6
1348 4818 1638 4903 ἄνθρωπος
1667 4830 1762 4885 καὶ

171 4926 200 4976 6
231 4924 422 4988 ἵππος,
448 4921 624 4975 κοινὸν
648 4923 802 4989 γένος
832 4920 1140 4992 ἓχοντεςτὸ
1170 4920 1333 4986 ζῶον,
1358 4922 1453 4974 καὶ
1482 4956 1486 4960 -
1512 4919 1630 4985 ζῶα
1664 4936 1765 4972 κα-

174 5013 400 5067 λοῦνται
425 5012 584 5082 ὁμοῦ,
607 5012 702 5065 καὶ⁸
745 5013 948 5082 ὁμοίως
979 5013 1069 5067 τὸν
1099 5002 1193 5065 τοῦ
1251 5010 1394 5076 ζὼου
1460 5012 1762 5081 κέκτηνται

174 5105 427 5176 ὁρισμόν.
459 5106 566 5158 Καὶ
593 5106 761 5176 ἄμφω
786 5102 895 5175 γὰρ
952 5104 1131 5157 οὐσίαι
1167 5105 1305 5157 εἰσὶν
1359 5103 1617 5174 ἕμψυχοι,
1676 5105 1762 5157 al-

180 5201 443 5272 σθητικαὶ
469 5201 562 5254 καὶ
593 5199 978 5273 μεταϐατικαί.

1868 4738 2242 4795 deﬁnitionem
2297 4737 2507 4806 species
2535 4753 2601 4793 ex
2641 4752 2798 4808 aequo
2829 4735 3145 4805 accipiunt;
3200 4750 3311 4789 non
3341 4749 3450 4788 una

1869 4828 2089 4900 quidem
2124 4828 2435 4899 specierum
2493 4830 2691 4900 magis,
2753 4829 2929 4884 altera
2971 4828 3177 4884 minus.
3238 4825 3367 4880 Nam
3396 4839 3452 4880 et

1871 4923 2032 4977 homo
2071 4930 2124 4977 et
2168 4936 2345 4992 equus
2373 4937 2498 4977 cum
2528 4938 2700 4995 genus
2737 4903 2974 4979 habeant
3008 4936 3302 4978 commune
3330 4919 3452 4974 aui-

1872 5015 2073 5099 mal,'et
2121 5014 2284 5069 simul
2340 5015 2599 5070 animalia
2650 5025 2924 5071 vocantur
2944 5026 2999 5070 et
3030 5014 3209 5070 simili
3238 5012 3450 5068 ratione

1871 5106 2247 5161 deﬁnitionem
2278 5108 2532 5163 animalis
2578 5108 2850 5164 obtinent.
2910 5108 3086 5164 Ambo
3137 5105 3285 5162 enim
3321 5116 3451 5162 sunt

1872 5200 2196 5257 substantiae
2226 5200 2508 5266 animatae,
2537 5201 2857 5267 sentientes,
2883 5200 3265 5274 progressivae.

714 5363 930 5435 Σχῆμα
977 5368 1195 5434 magal.
1220 5371 1275 5431 ι’,
1311 5363 1450 5433 Περὶ
1487 5361 1706 5434 γένους
1742 5363 1842 5418 καὶ
1863 5362 2094 5432 εἴδους,
2122 5362 2195 5418 ἐν
2227 5356 2276 5431 ᾧ
2300 5362 2564 5433 καὶπερὶ
2598 5362 2897 5434 σχέσεως.

1331 5618 1366 5690 ἠ
1403 5620 1633 5675 ἑκάστου
1674 5619 1775 5690 τῆς
1812 5625 2080 5689 γενέσεως
2118 5618 2262 5691 ἁρχὴ

576 5723 650 5777 Τὸ
683 5723 839 5794 γένος

2437 5513 2468 5584 ἢ
2508 5514 2737 5583 φυσικὴ,
2775 5514 2953 5568 εἴτουν
2985 5512 3091 5566 ἀπὸ
3116 5510 3211 5565 τοῦ
3256 5511 3445 5567 τεκόν-

2506 5601 2596 5647 τος
2625 5585 2701 5648 ὡς
2744 5584 3075 5656 Ἰσραηλῖται
3102 5598 3116 5615 ο

2439 5654 2471 5726 ἢ
2504 5656 2725 5726 τοκιπὴ,
2752 5654 2933 5726 εἶτουν
2961 5655 3068 5709 ἀπο
3118 5654 3217 5725 τῆς
3252 5654 3417 5726 πατρί

2504 5724 2616 5794 δος,
2639 5722 2718 5788 ὡς
2746 5724 2991 5796 Θηϐαῖοι.
3173 5722 3182 5725 ⁷
3348 5739 3354 5745 ‘

1332 5834 1364 5903 ἢ
1399 5835 1506 5921 ᾁπέ
1533 5834 1662 5921 μιᾶς
1686 5804 2462 5921 ’σχέσεωςκιὶιςδίῐρακλεῖδαι
2492 5833 2588 5890 καὶ
2647 5830 2891 5889 Ἰουδαῖοι

1333 5900 1423 5956 ναὶ
1460 5900 1503 5972 ᾧ
1534 5900 1900 5961 ὖιιυτὰτσεται
1936 5904 1999 5956 το
2022 5900 2185 5966 εἶδος.
