3868 6362
354 414 462 491 ’163

1551 392 1971 458 NICEPHORI
2020 383 2438 450 ΒιΕΜΜΙῡίῑς
2498 444 2503 449 .

3514 362 3623 430 764

359 521 646 594 ini-eguiu:
673 519 785 590 99
834 528 960 571 sunt
1008 516 1188 580 nobis,
1215 529 1339 569 cum
1377 513 1460 568 vel
1497 511 1553 566 in
1577 509 1812 565 desertis
1845 507 1931 560 in—
1960 512 1977 566 Α

2099 514 2283 578 ἱάτοις,
2336 510 2368 580 ἢ
2423 510 2482 560 έν
2531 499 2823 573 σπηλαίοις
2860 494 2994 548 ὅντα
3050 488 3147 545 καὶ
3192 489 3290 560 τὴν
3337 464 3624 558 ἡμετέραν

359 615 597 671 accessis
633 614 715 667 vel
760 614 813 666 in
834 610 1111 680 speluncis
1142 610 1254 665 sint
1281 616 1640 675 nostramque
1661 601 1933 672 cognitio-

361 722 485 761 nem
511 705 796 774 etl'ugiant.
1260 708 1266 717 '

432 798 520 853 11.
556 798 832 863 Quatenus
856 796 1022 865 igitur
1049 793 1267 864 quidem
1288 805 1478 848 omnes
1510 788 1721 858 species
1743 793 1935 839 natura

371 891 679 947 terminata!
738 901 887 950 sunt,
922 887 1133 956 quievit
1183 885 1328 939 Deus
1381 883 1452 937 ab
1490 880 1750 952 cperibus
1783 870 1937 941 suis;

363 982 632 1036 diversam
675 980 818 1033 enim
861 978 928 1032 ab
958 977 1069 1031 illis
1119 990 1258 1046 quas
1285 971 1572 1034 cnndidit.
1628 984 1737 1024 non
1791 967 1944 1023 facit:

365 1076 646 1138 Quatenus
678 1078 859 1123 autem
898 1067 1179 1122 individua
1205 1066 1385 1121 adhuc
1424 1069 1792 1151 generantur,
1841 1072 1944 1111 nec

368 1182 397 1218 a
440 1171 637 1217 natura
676 1162 873 1215 horum
913 1160 1194 1229 generatio
1234 1157 1415 1211 adhuc
1473 1155 1764 1208 terminata
1824 1161 1944 1216 est;

371 1252 531 1308 Pater
567 1252 780 1307 Domini
836 1266 1009 1320 usque
1054 1250 1106 1302 in
1143 1262 1384 1318 prassens
1413 1252 1697 1309 operatur.
1742 1240 1949 1294 Filius-

2043 606 2245 676 γνῶσιν
2275 598 2746 671 διαδιδράσκοντα.

2121 793 2213 844 ια’.
2246 786 2397 840 Καθδ
2428 781 2526 853 μὲν
2552 773 2646 834 οὖν
2686 777 2867 830 πάντα
2897 771 2964 825 τὰ
2994 770 3109 838 εἴδη
3154 768 3221 837 τῇ
3255 764 3417 831 φύσει
3453 758 3629 853 πεπέ-

2050 897 2269 953 ρασται,
2303 879 2653 931 κατέπαυσεν
2679 873 2706 927 ὁ
2739 868 2875 931 Θεδς
2908 863 3017 919 ἀπὸ
3048 862 3269 915 πάντων
3291 856 3404 908 τῶν
3446 851 3630 920 ἔργων

2051 940 2218 1030 αὑτοῦ
2241 940 2265 1007 ο,
2294 972 2537 1042 ἑτεροῖον
2561 966 2676 1039 γὰρ.
2699 957 2777 1018 ὧν
2819 956 3076 1026 ἐποίησεν
3105 952 3164 1009 οὐ
3200 950 3379 1003 ποιεῖν
3412 942 3547 1042 mbo
3574 940 3632 993 δὲ

2051 1067 2121 1120 τὰ
2152 1066 2325 1135 ἄτομα
2352 1062 2560 1130 γίνεται
2587 1057 2691 1122 ἔτι,
2716 1054 2815 1109 καὶ
2848 1050 3003 1104 οὔπω
3031 1043 3387 1112 πεπέρανται
3424 1036 3634 1089 τούτων

2053 1162 2086 1229 ἠ
2120 1129 2336 1226 γένεσις
2359 1129 2465 1208 ὕπὸ
2494 1152 2733 1221 φύσεως·
2763 1148 2791 1199 ὀ
2819 1143 3007 1210 Πατὴρ
3023 1137 3117 1191 τοῦ
3143 1134 3349 1204 Κυρίου
3379 1131 3485 1192 ἕως
3509 1129 3637 1229 ἄρτι

2058 1220 2370 1320 έργάξεται,
2404 1220 2553 1299 καὶδ
2582 1242 2712 1302 Υίδς
2738 1236 3072 1307 ἐργάζεταιο
3102 1230 3264 1320 δῆλον
3294 1226 3340 1279 δ’
3368 1226 3452 1278 ὅτι
3487 1220 3639 1320 ratio

371 1362 478 1414 que
505 1353 762 1415 operatur
801 1359 815 1396 :
853 1295 987 1413 quin
1020 1351 1074 1394 et
1106 1295 1280 1408 liquet
1310 1335 1456 1407 quod
1497 1335 1813 1388 Paracletus
1853 1331 1949 1400 qui

2099 1295 2516 1413 υμπαντουργξις
2578 1330 2942 1404 Παράκλητος
2989 1319 3409 1390 συνεργάζεται,
3457 1295 3671 1368 ταῧτά⁸

374 1440 533 1493 simul
579 1439 763 1493 omnia
813 1435 1079 1500 condidit,
1123 1432 1290 1489 simul
1343 1439 1608 1501 eperetur
1650 1436 1707 1482 et
1759 1427 1875 1481 haec
1898 1435 1954 1480 et

374 1531 772 1601 providentiam
805 1540 861 1583 et
892 1526 1358 1598 dispensationem
1391 1534 1449 1578 et
1488 1521 1775 1578 mirabilia.

438 1626 526 1679 ιε.
545 1624 715 1678 Porro
733 1622 873 1678 haud
895 1620 1248 1692 ignorandqu
1266 1630 1367 1684 est,
1385 1617 1527 1688 quod
1548 1615 1699 1670 Plato
1717 1613 1958 1683 quinque

376 1718 522 1773 dicat
543 1718 748 1771 cntium
773 1731 972 1785 genera
1013 1730 1026 1766 :
1064 1713 1449 1778 substantiam,
1482 1711 1845 1771 identitatein,
1878 1706 1960 1760 di-

379 1809 717 1875 versitatem,
741 1817 943 1861 motum
974 1813 1029 1859 et
1060 1814 1294 1869 statum;
1319 1803 1680 1857 substantiam
1709 1801 1962 1869 inquiens

2062 1454 2119 1488 τε
2146 1431 2242 1488 καὶ
2269 1431 2366 1494 τὰς
2392 1428 2646 1500 προ-,ποίας
2674 1425 2768 1480 καὶ
2803 1422 2903 1486 τὰς
2929 1415 3249 1486 οἰκονομίας
3286 1411 3385 1466 καὶ.
3412 1409 3479 1462 τὰ
3508 1406 3647 1460 θαυ-

2066 1527 2262 1600 μάσια.

2140 1618 2232 1692 ιβ’.
2264 1618 2386 1690 Χρὴ
2424 1617 2480 1671 δὲ
2521 1614 2817 1683 γινώσκειν
2863 1610 2939 1672 ὡς
2973 1609 3001 1662 6
3048 1604 3276 1661 Πλάτων
3316 1601 3480 1654 πέντε
3511 1596 3647 1663 γένη

2067 1680 2175 1769 τῶν
2213 1680 2386 1766 δντέυᾴ
2442 1680 2607 1779 φησίν
2631 1723 2645 1737 ο
2685 1703 2896 1765 οὐσίαν,
2947 1697 3283 1765 ταυτότητα,
3320 1680 3657 1760 ἑτερότητα,¹

2071 1806 2288 1872 κίνησιν
2319 1803 2415 1855 καὶ
2442 1800 2633 1853 στάσιν
2654 1815 2665 1829 ι
2703 1797 2893 1849 οὐσίαν
2919 1793 3096 1861 λέγων
3127 1788 3225 1855 τὴν
3254 1783 3442 1843 ἁπλῶς
3473 1780 3655 1872 ὕπαρ-

381 1914 501 1954 eam
533 1915 652 1969 quae
705 1898 1027 1968 simpliciter
1057 1910 1142 1952 est
1195 1895 1555 1961 exsisteutia;
1594 1893 1960 1954 identitatem,

2104 1914 2171 1958 ιν,
2202 1894 2513 1961 ταυτότητα
2549 1888 2647 1959 τὴν
2683 1887 2991 1951 κοινωνίαν,
3034 1881 3332 1950 ἑτερότητα
3381 1875 3483 1942 τὴν
3529 1870 3656 1923 δια-

382 1995 867 2057 communitatem;
930 1991 1337 2052 diversitatem,
1393 1985 1792 2049 ditferentiam;
1845 1999 1977 2037 mo-.

387 2096 523 2149 tum,
559 2096 778 2148 actum;
820 2092 1019 2139 statum
1052 2096 1175 2137 cum
1207 2081 1472 2151 quietem,
1506 2080 1610 2132 hoc
1659 2086 1743 2132 est
1801 2076 1968 2145 hujus

385 2179 620 2248 alicujus
649 2186 829 2232 motus
862 2175 1223 2248 ahjectionem
1249 2213 1264 2237 ,
1310 2184 1425 2227 tum
1481 2173 1538 2225 in
1585 2156 1652 2225 eo
1685 2168 1831 2240 quod
1865 2169 1967 2221 ali-

385 2273 519 2341 quid
545 2282 812 2336 movetur,
843 2270 1217 2336 mansionem;
1259 2267 1561 2322 secundum
1587 2281 1749 2335 quam
1804 2263 1968 2317 etiam

360 2360 539 2420 'ceelo
581 2375 636 2419 et
687 2364 888 2419 divinis
950 2373 1152 2419 statum
1216 2360 1446 2427 tribuit;
1479 2360 1534 2413 in
1579 2357 1770 2411 eodem
1823 2360 1967 2410 enim

401 2472 619 2527 semper
668 2457 875 2510 moveri
933 2463 1135 2509 statum
1200 2452 1478 2507 declarare
1508 2449 1662 2504 dicit.
1703 2448 1973 2513 Quoniam

394 2554 558 2621 igitur
608 2550 663 2603 in
714 2549 974 2603 omnibus
1029 2545 1252 2601 cutibus
1288 2554 1343 2599 et
1395 2544 1718 2598 exsistentia
1782 2551 1885 2605 est,
1920 2553 1974 2593 ei

394 2645 760 2697 communitas
820 2640 1237 2708 diderentiaque
1304 2637 1465 2707 100
1529 2645 1767 2699 mutua,
1831 2633 1975 2688 actio

399 2739 528 2791 item
561 2743 616 2790 et
664 2744 835 2789 status
885 2732 1117 2801 actionis
1171 2730 1573 2800 qualiscunque
1614 2745 1627 2781 :
1682 2726 1807 2780 ideo
1847 2725 1974 2779 talia

397 2828 605 2883 cntium
637 2842 835 2897 genera
867 2825 1170 2895 appellant,
1197 2822 1345 2893 quod
1389 2822 1444 2876 in
1479 2819 1665 2874 multis
1704 2835 1825 2888 quae
1856 2818 1976 2889 qui-

398 2923 522 2974 dem
551 2927 699 2982 sunt,
730 2926 1074 2989 spectentur.

474 3012 562 3067 15.
595 3012 920 3067 Aristoteles
956 3020 1139 3066 autem
1179 3009 1235 3064 in
1269 3009 1515 3082 physicis
1572 3008 1797 3080 quidem
1859 3021 1981 3062 ma-

286 3128 304 3146 -
402 3107 592 3159 teriam
628 3106 783 3174 ponit
813 3120 911 3175 pro
939 3120 1175 3174 genere;
1204 3103 1256 3159 in
1284 3105 1460 3176 logica
1484 3113 1666 3158 autem
1706 3102 1985 3158 tractatio-

2069 1989 2262 2058 φορὰν,
2314 1986 2528 2055 κίνησιν
2575 1982 2672 2052 τὴν
2705 1979 3017 2049 ἐνέργειαν,
3061 1975 3261 2028 στάσιν
3299 1969 3403 2039 τήν
3429 1985 3489 2020 τε
3520 1967 3657 2035 ἡρε-

2075 2080 2225 2150 μίαν,
2258 2080 2428 2148 ἧγουν
2472 2075 2572 2145 τὴν
2607 2071 2883 2140 ἀποϐολὴν
2926 2068 3026 2135 τῆς
3078 2064 3295 2119 τοιᾶσδε
3350 2060 3657 2130 κινήσεως,

2071 2172 2380 2243 xa‘t;1i1vév
2411 2168 2487 2238 τῷ
2524 2166 2791 2220 κινεῖσθαι
2830 2162 3021 2233 μόνην,
3051 2159 3177 2213 καθ’
3207 2158 3277 2228 ἢν
3323 2155 3420 2209 καὶ
3454 2153 3532 2219 τῷ
3561 2152 3653 2205 οὗ·

2077 2265 2224 2339 ρανῷ
2258 2266 2350 2318 καὶ
2392 2265 2505 2325 τοῖς
2547 2260 2717 2322 θείοις
2759 2257 2945 2310 δίδωσι
2974 2254 3166 2308 στάσιν
3191 2268 3207 2283 ο
3245 2252 3307 2303 τὸ
3337 2248 3447 2315 γὰρ
3471 2247 3562 2299 ἀεὶ
3593 2247 3660 2297 έν

2182 2335 2330 2426 αὐτῷ
2360 2352 2628 2408 κινεῖσθαι
2661 2349 2852 2403 στάσιν
2876 2346 3032 2415 λέγει
3080 2342 3299 2414 δηλοῦν.
3344 2340 3502 2395 Ἐπεὶ
3542 2335 3664 2390 τοίο

2075 2466 2169 2501 νυν
2220 2449 2278 2500 ὲν
2315 2447 2429 2506 τοῖς
2488 2442 2607 2496 οὖσι
2655 2443 2750 2495 καὶ
2798 2436 3037 2507 ὓπαρξὶς
3077 2436 3198 2487 ἐστι
3261 2431 3357 2486 καὶ
3398 2426 3665 2481 κοινωνία

2080 2540 2216 2610 πρὸς
2249 2537 2453 2608 ἄλληλα
2484 2535 2578 2588 καὶ
2620 2531 2875 2602 διαφορὰ,
2910 2526 3164 2598 ἐνέργειά
3189 2542 3247 2579 τε
3308 2534 3400 2576 και
3462 2520 3659 2579 στάσις

2078 2637 2179 2701 τῆς
2211 2632 2497 2701 ἐνεργείας
2522 2625 2816 2681 ὁποιαοῦν⁸
2843 2623 2935 2677 διὰ
2963 2620 3126 2675 τοῦτο
3160 2619 3226 2673 τὰ
3262 2616 3488 2671 τοιαῦτα
3520 2613 3663 2682 γένη

2080 2724 2337 2795 ὀνομάζει
2363 2723 2472 2777 τῶν
2502 2722 2670 2775 ὄντων
2696 2718 2771 2783 ὡς
2803 2717 3019 2779 πολλοῖς
3047 2718 3158 2777 τοῖς
3191 2730 3254 2781 γε
3285 2709 3442 2765 οὖσιν
3469 2706 3673 2762 ὲνθεω-

2087 2835 2179 2893 ρου
2190 2835 2349 2891 μενοι.

2156 3013 2249 3075 ιγ’.
2293 3003 2352 3058 '0
2376 3003 2431 3056 δὲ
2465 2997 2852 3071 Ἀριστοτέλης
2881 2996 2936 3047 ὲν
2982 2992 3082 3064 μὲν
3109 2993 3218 3051 τοῖς
3248 2987 3503 3058 φυσικοῖς
3565 2983 3675 3052 τὴν

2087 3102 2222 3170 ὓλην
2264 3099 2474 3152 τίθεται
2520 3096 2709 3163 γένος·
2743 3093 2803 3144 έν
2848 3090 2904 3142 δὲ
2948 3089 3013 3156 τῇ
3065 3086 3264 3152 λογικῇ
3307 3079 3674 3151 πραγματείᾳ

404 3213 475 3253 ne
535 3198 726 3252 decem
789 3198 1235 3266 praedicainenta,
1294 3213 1495 3269 genera
1569 3196 1977 3267 generalissima

2099 3198 2185 3259 τὰς
2230 3193 2364 3248 δέκα
2419 3186 2757 3260 κατηγορίας
2795 3184 2931 3253 γένη
2965 3181 3115 3249 λέγει
3170 3179 3240 3231 τὰ
3291 3172 3674 3242 γενικώταται

411 3288 732 3358 pronuntiat
804 3304 818 3340 :
877 3288 1266 3351 substantiam,
1330 3299 1619 3357 quantum,
1675 3287 1859 3356 quale,
1921 3286 1986 3341 ad

407 3382 561 3452 quid,
585 3381 698 3446 ubi,
728 3380 967 3450 quando,
1001 3396 1186 3452 agere,
1221 3381 1352 3449 pati,
1388 3381 1611 3444 habere,
1642 3380 1804 3434 situm
1844 3394 1984 3433 esse.

489 3477 571 3531 14.
597 3474 799 3529 llm'um
841 3474 1072 3544 quodvis
1114 3487 1169 3531 et
1204 3476 1418 3545 species
1460 3474 1889 3543 specialissinias
1935 3481 1994 3526 et

413 3585 608 3638 genera
636 3568 950 3622 suballerna
987 3568 1171 3625 habet.
1908 3552 1913 3557 ἢ

396 3724 401 3729 ἢ
488 3664 572 3716 13.
596 3662 671 3715 Ev
718 3663 1007 3731 speciebus
1042 3672 1223 3716 autem
1258 3662 1671 3732 specialissimis
1700 3662 1990 3718 confertim

415 3754 472 3811 in
504 3755 777 3810 individua
804 3757 861 3810 tit
882 3757 1109 3818 diViSll);
1140 3771 1261 3825 quae
1279 3771 1381 3809 nec
1423 3756 1619 3810 divisio
1649 3766 1733 3810 est
1759 3757 1997 3825 proprie,

420 3848 515 3902 sed
568 3848 933 3902 enumeratio.
952 3845 1151 3914 ,Quare
1210 3848 1373 3901 etiam
1409 3847 1572 3916 aliqui
1622 3850 1837 3916 species
1871 3861 1997 3916 spe-

420 3940 743 3994 eialissimas
774 3957 971 4010 genera
1002 3940 1289 3996 individua
1348 3941 1701 3995 nominarunt
1745 3958 1759 3994 :
1799 3954 1997 4010 genera

420 4033 660 4101 quidem,
681 4033 825 4102 quod
849 4033 1314 4103 comprehendant
1340 4041 1520 4102 partes
1547 4032 1649 4086 sibi
1683 4031 1959 4099 subjectae
1982 4068 1997 4095 ,

424 4124 697 4177 individua
724 4139 869 4189 vero,
895 4124 1221 4192 quoddividi
1244 4139 1352 4178 non
1386 4122 1612 4193 possint.
1641 4121 1826 4176 Genus
1853 4123 1999 4175 enim

422 4220 566 4287 quod
607 4218 867 4272 dividitur
897 4218 1209 4272 necessario
1244 4218 1299 4272 in
1338 4216 1552 4285 species
1587 4213 1872 4267 dividitur.

497 4311 581 4366 l6.
624 4312 970 4366 Individuum
1031 4321 1213 4365 autem
1249 4320 1480 4380 quatuor
1514 4307 1786 4377 signiﬁcat
1812 4323 1825 4360 :
1856 4306 2007 4376 quod,

425 4403 588 4458 dividi
638 4419 745 4459 non
782 4413 981 4473 potest,
1016 4392 1287 4473 quatenus
1319 4410 1502 4472 partes
1537 4416 1646 4456 non
1687 4401 1887 4465 habet,
1947 4410 2005 4454 ut

426 4508 687 4566 punctum
718 4505 777 4550 et.
802 4491 948 4551 nunc
981 4506 1035 4549 et
1066 4496 1270 4555 unitas,
1299 4510 1420 4564 qua:
1460 4493 1626 4548 etiam
1680 4492 2005 4563 quantitatis

426 4589 673 4660 expertia
710 4591 1009 4654 dicuntur;
1042 4586 1186 4659 quod
1225 4587 1516 4642 ditliculter
1566 4586 1741 4640 secari
1796 4593 2002 4655 potest,

428 4696 488 4741 tit
538 4686 759 4739 adamas
796 4683 932 4752 lapis
964 4699 980 4749 ;
1015 4682 1255 4751 speciem
1294 4679 1741 4749 specialissimam
1772 4677 1917 4747 quod
1948 4677 2005 4731 in

428 4782 562 4835 alias
593 4778 807 4849 species
847 4791 954 4830 non
1007 4774 1286 4830 dividatur
1320 4791 1335 4840 ;
1373 4774 1526 4843 101
1571 4782 1623 4826 et
1653 4772 1873 4841 proprie
1925 4773 2008 4825 in-

430 4874 617 4929 sectile
650 4888 744 4927 seu
782 4869 1151 4933 individuum,
1201 4854 1353 4938 quod
1382 4875 1600 4920 secatur
1633 4865 1875 4935 quidem,
1908 4865 2003 4918 sed

433 4972 670 5040 priorem
707 4965 948 5035 speciem
991 4970 1114 5033 post
1158 4962 1457 5016 sectionem
1485 4974 1593 5012 non
1630 4966 1855 5012 servat:
1888 4956 2003 5011 vel-

435 5064 508 5118 uti
565 5060 760 5115 l’etrus
819 5067 1036 5115 secatur
1074 5056 1291 5126 quidem
1325 5055 1381 5106 in
1413 5052 1645 5105 animam
1680 5058 1734 5104 et
1760 5064 1962 5116 corpus
1992 5066 2006 5113 ;

436 5157 529 5213 Sed
568 5171 740 5225 neque
775 5152 952 5207 anima
989 5166 1083 5222 per
1121 5164 1177 5203 se.
1205 5148 1477 5219 perfectus
1512 5143 1711 5197 Petrus
1742 5144 2010 5211 est(quo-

439 5252 583 5306 ιιὶιιιιι
623 5266 723 5303 nec
757 5249 916 5302 homo
953 5245 1226 5315 perfectus
1289 5241 1413 5309 est).
1449 5252 1623 5307 neque
1652 5250 1872 5304 corpus.

514 5344 596 5396 i7.
640 5342 713 5396 De
760 5343 862 5394 hoc
901 5337 1180 5392 individuo
1226 5332 1367 5403 apud
1423 5328 1777 5400 phiInSOphos
1831 5341 2011 5380 sermo

443 5449 546 5507 cst,
580 5437 724 5506 quod
757 5438 828 5489 ita
864 5431 1132 5487 deﬁniunt
1167 5445 1181 5484 :
1212 5424 1556 5481 lndividuum
1603 5417 1850 5488 estquod
1877 5434 2011 5472 con-

444 5541 552 5585 stzit
587 5547 649 5584 ex
720 5526 1164 5600 proprietatibus,
1221 5514 1784 5593 quarum‘cougcries
1853 5513 1906 5567 in
1964 5527 2019 5566 ae

447 5625 523 5681 lio
555 5640 831 5694 nunquam
864 5619 1222 5689 conspicitur.

2092 3290 2300 3356 οὐσίαν,
2348 3285 2535 3346 ποσὸν,
2569 3283 2742 3343 ποιὸν,
2779 3278 2917 3348 πρὸς
2948 3275 3024 3337 τί,
3076 3270 3203 3339 ποῦ,
3262 3271 3418 3333 πότε,
3471 3268 3681 3332 ποιεῖν,

2094 3384 2348 3451 πάσχειν,
2374 3378 2543 3447 ἔχειν,
2581 3373 2821 3428 κεῖσθαι.

2168 3474 2250 3527 ιδ’.
2286 3471 2502 3525 Τούτων
2535 3468 2767 3521 ἕκαστον
2802 3464 2915 3534 ἔχει
2952 3461 3051 3515 καὶ
3079 3455 3409 3512 είδικώτατα
3432 3452 3549 3522 εἴδη
3577 3452 3687 3504 καὶ

2097 3567 2380 3635 ὑπάλληλα
2409 3564 2566 3631 γένη.

2171 3662 2250 3717 ιε’.
2284 3660 2380 3713 Ἐκ
2408 3659 2466 3712 δὲ
2495 3658 2604 3711 τῶν
2631 3652 2997 3710 εἰδικωτὰτων
3023 3650 3180 3704 εἱδῶν
3196 3646 3357 3709 εὐθὺς
3385 3646 3464 3707 είς
3496 3643 3689 3710 ἄτομα

2098 3756 2310 3826 γίνεται
2344 3751 2676 3821 ἠδιαίρεσιςο
2705 3749 2824 3819 ἥτις
2859 3744 2979 3798 οὐδὲ
3009 3741 3272 3812 διαίρεσίς
3302 3742 3417 3792 ἔστι
3451 3735 3690 3805 κυρίως,

2101 3852 2215 3906 ἀλλ’
2249 3847 2649 3919 ἀπαρίθμησις.
2682 3843 2771 3896 Διδ
2798 3840 2888 3893 καί
2910 3856 3051 3897 τινες
3086 3836 3225 3890 αὐτὰ
3255 3838 3323 3888 τὰ
3352 3833 3691 3886 είδικώτατα

2102 3947 2216 4017 εἴδη
2254 3945 2388 4013 γένη
2419 3940 2711 4007 ὠνόμασαν
2747 3933 2927 4002 ἄτομα
2951 3948 2963 3962 ·
3000 3931 3135 3999 γένη
3190 3931 3287 3998 μὲν
3341 3927 3416 3987 ὡς
3452 3923 3692 3994 περιλη-

2104 4039 2273 4093 πτικᾶ
2311 4036 2420 4089 τῶν
2449 4029 2543 4086 ὑπ’
2564 4030 2703 4084 αὐτὰ
2734 4025 2945 4098 μερῶνο
2978 4024 3160 4090 ἄτομα
3184 4020 3242 4074 δὲ
3265 4019 3340 4080 ὡς
3374 4018 3692 4085 ἀδιαίρετα.

2105 4132 2178 4187 Τὸ
2213 4129 2321 4199 γὰρ
2348 4122 2727 4195 διαιρούμενον
2752 4118 2909 4187 γένος
2944 4115 3023 4175 εἰς
3058 4112 3174 4181 εἴδη
3201 4111 3494 4180 διαιρεῖται
3517 4108 3701 4174 ἁναγς

2106 4204 2301 4287 καίως.

2179 4309 2554 4381 ις’.Σημαίνει
2584 4307 2640 4360 δὲ
2660 4304 2721 4358 τὸ
2738 4303 2940 4372 ἄτομον
2968 4299 3212 4360 τέσσαρα
3236 4310 3250 4325 ·
3282 4293 3342 4346 τὸ
3374 4290 3698 4359 ἀδιαίρετον

2110 4406 2246 4461 καοδ
2284 4402 2514 4473 ἀμερὲς,
2555 4400 2630 4462 ὡς
2663 4400 2696 4467 ἡ
2735 4393 2966 4464 στιγμὴ,
2997 4394 3093 4445 καὶ
3132 4388 3194 4443 τὸ
3230 4386 3350 4451 νῦν,
3383 4385 3481 4438 καὶ
3511 4384 3544 4450 ἡ
3589 4400 3701 4450 μου

2111 4503 2227 4563 νὰς,
2261 4498 2419 4553 ἅτινα
2450 4495 2547 4549 καὶ
2587 4492 2764 4546 ἄποσα.
2796 4488 3019 4556 λέγεται
3043 4500 3057 4514 ·
3088 4481 3150 4537 τὸ
3176 4479 3513 4548 δύστμητον,
3547 4474 3629 4536 ὡς
3671 4476 3702 4526 ὁ

2110 4592 2347 4661 ἀδάμας,
2383 4586 2558 4649 λίθοςο
2596 4584 2656 4638 τὸ
2686 4579 3040 4636 εξδικὼτατον
3076 4571 3217 4635 εἶδος
3249 4572 3338 4625 διὰ
3361 4569 3422 4622 τδ
3456 4567 3529 4637 μὴ
3554 4566 3703 4634 τέμ-

2108 4657 2296 4737 vso-(lat
2344 4683 2422 4744 εἰς
2474 4679 2635 4747 ἕτερα
2688 4675 2844 4742 εἴδη·
2889 4673 2983 4725 καὶ
3035 4669 3097 4722 τδ
3133 4665 3342 4736 κυρίως
3390 4664 3623 4730 ἄτομον,
3672 4657 3703 4711 δ

2109 4776 2363 4845 τέμνεται
2394 4771 2512 4841 μὲν,
2548 4771 2610 4823 οὐ
2645 4768 2809 4832 σώζει
2836 4765 2893 4818 δὲ
2928 4762 3069 4835 μετά
3116 4760 3216 4831 τὴν
3248 4757 3420 4828 τομὴν
3450 4757 3509 4808 τδ
3557 4753 3709 4824 πρό-

2108 4881 2264 4936 τερον
2294 4859 2459 4925 εἷδο;’
2489 4855 2601 4914 οἷον
2630 4863 2657 4913 ὁ
2683 4859 2893 4929 Πέτρος
2950 4856 3217 4924 τέμνεται
3254 4849 3355 4920 μὲν
3387 4849 3468 4911 είς
3508 4846 3701 4917 ψυχὴν

2108 4963 2203 5014 καὶ
2238 4959 2397 5028 σῶμα
2420 4998 2436 5024 ,
2469 4955 2583 5009 ἀλλ’
2616 4954 2739 5009 οὗτε
2784 4954 2817 5021 ἡ
2846 4952 2992 5023 ψυχὴ
3024 4948 3167 5003 καθ’,
3194 4946 3400 5015 ἑαυτήν
3433 4947 3553 4996 ἐστι
3584 4942 3705 4995 Πέ-

2113 5073 2240 5126 τρος
2286 5055 2511 5117 τέλειος,
2559 5052 2683 5104 ἐπεὶ
2724 5047 2845 5101 οὐδὲ
2902 5043 3190 5113 ἄνθρωπος
3236 5039 3442 5099 τέλειός
3493 5036 3693 5094 ἐστιν,

2116 5145 2240 5199 οὔτε
2265 5145 2326 5198 τὸ
2356 5143 2537 5211 σῶμα.
2622 5186 2630 5196 .

2194 5327 2284 5392 ιζ’.
2317 5326 2452 5396 Περὶ
2494 5322 2688 5376 τούτου
2744 5319 2837 5372 τοῦ
2893 5316 3098 5386 ἀτόμου
3155 5315 3267 5376 τοῖς
3317 5308 3637 5380 φιλοσόφοις
3678 5309 3708 5359 ὀ

2122 5423 2277 5487 λόγος
2304 5434 2318 5449 ⁸
2367 5420 2503 5488 ὅπερ
2536 5414 2883 5469 ἀποδιδόασιν
2936 5409 3143 5471 οὕτως*
3181 5404 3411 5473 "Asopo:
3458 5405 3576 5454 ὲστι
3628 5399 3697 5453 τδ

2127 5511 2186 5576 ἐξ
2225 5487 2503 5577 ἱδιοτήτων
2551 5503 2930 5573 συγκείμενον,
2965 5494 3042 5556 ὧν
3074 5498 3136 5551 τὸ
3184 5496 3462 5567 ἄθροισμα
3502 5492 3610 5546 οὐκ
3637 5487 3713 5545 ἂν

2130 5604 2321 5675 ὀφθείη
2353 5601 2444 5654 ἐπὶ
2475 5597 2658 5669 ἐτέρου
2692 5595 2845 5652 ποτέ.
