3872 6458
190 351 301 414 ’Π3

1508 350 1851 410 ΕΡίΤυΜΕ
1893 348 2187 410 LOGlCA.

3365 338 3468 399 774

192 469 451 538 γορέναι·
484 468 578 521 καὶ
607 468 696 522 ὁτὲ
728 466 831 539 μὲν
880 468 1057 521 νοσεῖν
1083 508 1099 535 ,
1131 468 1231 537 {ore
1270 465 1327 521 δὲ
1370 467 1664 537 ὑγιαίνεινο
1698 473 1786 520 καὶ

1903 479 2033 518 vero
2064 463 2290 533 vigilat;
2323 469 2379 515 et
2431 461 2566 517 alias
2611 460 2831 533 quidem
2885 466 3142 534 a'grotat,
3171 453 3306 511 alias
3342 468 3474 508 vero

191 562 290 615 νῦν
324 562 427 632 μὲν
461 559 697 628 νεάζειν,
759 562 949 614 ἔκτοτε
1011 560 1069 614 δὲ
1130 562 1530 633 γεγηρακέναι.
1596 562 1784 614 Ταῦτα

192 656 331 726 γοῦν
360 656 459 708 καὶ
492 654 563 708 τὰ
592 656 961 726 παραπλήσια
991 656 1245 726 λέγονται
1274 654 1474 718 κοινῶς
1504 655 1781 725 διαφοραὶ,

195 749 294 800 καὶ
321 746 573 817 χωριστά
606 747 1021 818 συμϐεϐηκότα.

271 842 356 894 ιϐ’.
397 841 552 894 Κατά
604 841 661 894 δὲ
714 840 775 894 τὸ
821 842 1130 913 ἀχώριστον
1183 841 1536 912 συμϐεϐηκὸς
1585 840 1782 894 ἑαυτοῦ

197 933 300 1003 μὲν
334 934 395 986 οὑ
431 933 681 1003 διαφέρει
712 933 773 984 τὸ
804 932 1030 1002 ἄτομον,
1081 932 1273 1003 ἑτέρου
1329 933 1387 986 δὲ
1419 935 1626 1001 ἀτόμου
1666 932 1784 984 διἀ-

192 1026 375 1097 φέρει.
405 1021 533 1079 Οἷον
557 1065 573 1090 ,
610 1025 772 1079 Ἐστι
802 1042 886 1090 τις
920 1028 1101 1095 σιμόςο
1135 1027 1403 1081 ἀδύνατον
1438 1026 1783 1097 χωρισθῆναι

191 1119 360 1173 αὑτοῦ
402 1117 504 1189 τὴν
537 1118 829 1188 σιμότητα’
863 1117 1115 1186 διαφέρει
1140 1117 1196 1170 δὲ
1226 1114 1381 1181 οὗτος
1411 1116 1508 1170 τοῦ
1541 1114 1779 1187 γρυποῦ.

205 1211 481 1276 Ὦσαᾶτως
523 1212 617 1265 καὶ
659 1213 688 1264 ό
718 1211 953 1278 γλαυκὸς
984 1212 1078 1265 καὶ
1107 1212 1136 1264 ὁ
1171 1211 1312 1280 ἔχων
1344 1213 1410 1264 ἐκ
1463 1208 1783 1280 τραύματος

192 1304 614 1376 ἑσκιρῤωμένην
646 1302 809 1374 οὐλὴν
834 1343 851 1366 ,
901 1301 1121 1356 ἑαυτῶν
1152 1302 1256 1373 μὲν
1295 1302 1355 1355 οὑ
1406 1300 1781 1373 διαφέρουσιν,

191 1398 373 1453 ἄλλων
404 1397 461 1451 δὲ
492 1396 871 1467 διαφέρουσιν.
1112 1398 1127 1409 ⁸

268 1583 334 1632 κ’.
376 1576 534 1646 Ἐστι
589 1577 647 1631 δὲ
702 1577 736 1645 ἡ
801 1575 1066 1659 σιμότης,
1100 1578 1132 1648 ἡ
1166 1577 1502 1647 γλαυκότης,
1534 1579 1567 1647 ἡ
1613 1579 1675 1649 ὲν¹
1704 1579 1783 1649 τῷ

189 1670 416 1725 Αἰθίοπι
448 1670 681 1741 μελανία
739 1672 839 1724 καὶ
872 1671 906 1741 ή
933 1672 990 1722 ἐν
1019 1669 1098 1740 τῷ
1146 1672 1367 1741 κόρακι,
1404 1673 1501 1725 καὶ
1535 1674 1568 1739 ἠ
1606 1674 1665 1727 ὲν
1706 1673 1785 1743 τῷ

188 1764 383 1836 κύκνῳ
446 1764 715 1835 λευκότης
746 1802 764 1828 ,
820 1765 915 1817 καὶ
972 1764 1041 1818 τά
1104 1766 1334 1820 τοιαῦτα
1392 1767 1783 1837 συμϐεϐηκότα

1888 571 2081 610 sanum
2113 564 2235 620 cst;
2292 563 2348 609 et
2406 570 2552 608 nunc
2598 554 2815 622 quidem
2874 551 3224 625 juvenescit,
3273 547 3474 603 abhinc

1887 632 2019 701 sero
2051 649 2311 702 senescit.
2346 645 2475 701 Htec
2505 646 2733 717 proinde
2764 655 2819 700 et
2856 646 2940 698 his
2980 643 3181 698 similia
3214 643 3474 698 dicuntur

1889 742 2264 796 communiter
2294 739 2619 796 diﬂ‘erentiu:
2658 748 2715 794 et
2762 738 3087 808 scparabilia
3136 734 3468 792 accidentia.

1964 832 2052 887 19.
2093 831 2284 897 Quoad
2315 840 2497 885 autem
2531 830 2786 885 accidens
2819 829 3183 899 inseparabile
3213 844 3242 882 a
3274 844 3332 883 se
3355 827 3475 896 ipso

1887 925 2113 994 quidem
2150 941 2260 978 non
2292 924 2476 979 diﬂ'ert
2532 923 2902 985 individuum,
2937 920 3122 977 differt
3163 930 3345 976 autem
3405 920 3476 971 ah

1888 1020 1995 1073 alio
2030 1019 2339 1073 individuo.
2386 1017 2591 1083 Veluti,
2626 1016 2823 1087 aliquis
2879 1015 3051 1069 simus
3080 1023 3187 1078 est,
3216 1013 3330 1067 fieri
3363 1028 3474 1066 non

1890 1114 2072 1175 potest
2105 1118 2165 1159 ut
2192 1107 2261 1160 ab
2310 1120 2377 1159 eo
2409 1106 2626 1173 simitas
2681 1114 2971 1176 separetur
3004 1122 3017 1158 :
3056 1102 3237 1158 differt
3289 1114 3472 1155 autem

1891 1196 2093 1251 hic.ah
2123 1213 2189 1251 eo
2223 1199 2313 1266 qui
2364 1198 2583 1251 adunco
2619 1212 2752 1252 naso
2802 1204 2909 1251 est.
2960 1193 3227 1249 Similiter
3274 1202 3329 1247 ct
3379 1194 3471 1261 qui

1887 1295 2082 1349 caesios
2128 1293 2295 1349 habet
2344 1293 2574 1360 oculos,
2616 1300 2672 1347 et
2702 1290 2795 1362 qui
2848 1289 3164 1345 cicatricem
3213 1286 3381 1342 habet
3409 1302 3474 1341 ex

1890 1382 2115 1437 vulnere
2142 1383 2295 1453 quasi
2328 1383 2467 1437 callo
2495 1384 2809 1442 obductam.
2836 1398 2864 1434 a
2892 1379 3086 1451 seipsis
3108 1378 3332 1450 quidem
3365 1392 3473 1432 non

1890 1472 2171 1539 differunt,
2209 1474 2278 1528 ab
2305 1474 2427 1528 altis
2460 1484 2645 1528 autem
2684 1473 2965 1529 differunt.

1962 1569 2120 1638 112
2144 1569 2235 1623 20.
2270 1569 2409 1625 Sunt
2444 1578 2624 1624 autem
2649 1568 2863 1623 simitas
2881 1575 2935 1622 et
2969 1566 3164 1622 cmsius
3187 1565 3473 1619 oculorum

1887 1664 2063 1727 color,
2091 1664 2320 1733 nigredo
2356 1663 2412 1718 in
2480 1661 2744 1733 Ethiope
2789 1670 2843 1717 et
2896 1662 2950 1715 in
2982 1675 3169 1725 corvo,
3196 1668 3250 1715 et
3280 1659 3475 1713 albetlo

1891 1757 1944 1811 ia
2005 1773 2179 1828 cygno
2229 1766 2284 1812 et
2344 1755 2747 1828 hujuscemodi,
2807 1754 3112 1811 accidentia
3183 1754 3471 1823 inseparn-
3550 1829 3555 1833 ‘

188 1858 500 1929 ἀχώρισταο
533 1857 670 1911 καθὸ
703 1858 767 1912 οὑ
799 1857 1025 1913 δύναται
1072 1859 1416 1930 χωρισθῆναι
1453 1877 1780 1932 πραγματι-

1903 1850 2015 1904 lilia
2057 1852 2376 1920 :qnomodo
2425 1852 2603 1921 reipsa
2644 1849 2890 1918 separari
2946 1864 3055 1903 non
3119 1854 3353 1918 possunt
3410 1848 3478 1898 ah

188 1952 305 2029 acti};
356 1953 465 2005 τῶν
532 1954 591 2006 ιν
650 1948 734 2015 οἷς
784 1952 1006 2022 ἀτόμων
1063 1953 1188 2006 εἰσίο
1252 1954 1373 2006 κατ’
1429 1956 1674 2009 ἐπίνοιαν
1727 1956 1785 2009 δὲ

191 2043 523 2114 χωρίζονται
576 2044 674 2097 καὶ
724 2044 866 2098 αὑτὰ,
903 2045 1012 2099 τῶν
1061 2046 1429 2115 πραγμάτων,
1465 2048 1566 2118 τὴν
1622 2048 1786 2118 φύσιν

191 2139 273 2209 μὴ
308 2137 716 2208 λυμαινόμενα.

265 2229 376 2285 καθ.
430 2229 529 2282 Διά
562 2229 722 2282 τοῦτο
772 2229 977 2292 παντξς
1009 2229 1429 2301 συμϐεϐηκότος
1461 2230 1784 2302 ἀχωρίστου

187 2323 292 2378 καὶ
323 2322 600 2392 χωριστοῦ
652 2323 831 2386 κοινὸς
862 2325 890 2376 ὀ
922 2323 1080 2391 λόγος
1110 2317 1269 2387 οὗτός
1294 2325 1410 2376 ἐστι
1442 2338 1456 2355 ⁸
1489 2324 1782 2394 Συμϐεϐη-

188 2416 289 2476 κός
322 2418 494 2480 ἐστιν,
519 2412 549 2466 ὃ
578 2414 790 2483 γίνεται
827 2415 921 2468 καὶ
967 2415 1293 2483 ἀπογίνεται
1345 2418 1513 2486 χωρίς
1554 2416 1652 2486 τῆς
1689 2416 1785 2469 τοῦ

190 2508 561 2576 ὑποκειμένου
593 2507 824 2577 φθορᾶς.
873 2507 983 2561 Καὶ
1026 2508 1600 2579 πά).ιν,’συμϐεϐηκοὲος
1633 2511 1785 2561 ἐστιν

190 2601 224 2655 ὃ
283 2600 561 2671 ἐνδέχεται
612 2600 690 2670 τῷ
741 2599 893 2671 αὑτῷ
940 2600 1210 2671 ὑπάρχειν
1270 2602 1303 2673 ἢ
1354 2603 1430 2671 μὴ
1492 2602 1783 2673 ὑπάρχειν.

200 2692 516 2762 Ἐνδέχεται
548 2691 658 2761 γὰρ
706 2691 997 2762 ἄνθρωπον
1034 2693 1129 2745 καὶ
1173 2693 1448 2764 καθῆσθαι
1490 2696 1584 2748 καὶ
1624 2696 1787 2749 ὲστάο

187 2804 286 2865 ναι
325 2785 421 2838 καὶ
460 2784 703 2855 βαδίζειν
740 2786 837 2838 καί
873 2782 1019 2838 εἶναι
1049 2785 1209 2856 σιμὸν
1237 2789 1332 2839 καὶ
1362 2787 1439 2855 μὴ
1483 2784 1659 2841 εἶναι’
1690 2791 1788 2843 καὶ

188 2881 601 2949 ἀπογινομένης
618 2878 719 2948 τῆς
746 2879 1138 2949 γλαυκότητος,
1173 2880 1326 2933 οὐδὲν
1344 2875 1505 2951 ἦττον
1529 2884 1557 2935 ό
1575 2881 1756 2954 ἄνθρω
1770 2913 1787 2924 ο

192 2974 303 3055 ne;
339 2973 521 3045 μένει.
554 2975 792 3027 Δύναται
819 2974 875 3027 δὲ
905 2974 1002 3028 καί
1033 2974 1236 3036 κύκνος
1273 2964 1641 3045 ἐπινοηθῆναι
1686 2977 1780 3045 μὲ-

187 3068 318 3132 λνς,
348 3070 445 3120 καὶ
474 3069 501 3120 ὁ
533 3066 705 3138 κόραξ
736 3068 951 3133 λευκὸς,
978 3068 1074 3120 καὶ
1101 3067 1298 3137 Αἰθίοψ
1346 3069 1643 3123 ἀποϐαλὼν
1688 3071 1787 3142 τὴν

1894 1942 2195 1997 individuis
2238 1944 2290 1997 in
2341 1943 2542 2012 quibus
2576 1952 2741 2008 sunt,
2775 1941 3027 2013 quamvis
3056 1951 3109 1996 et
3140 1941 3254 2010 ipsa
3315 1954 3477 2008 sepa-

1894 2043 2085 2087 rantur
2138 2033 2304 2086 animi
2357 2035 2585 2087 notione
2649 2048 2745 2087 seu
2798 2041 3065 2101 conceptu
3097 2073 3113 2096 ,
3177 2039 3239 2085 ut
3288 2045 3475 2084 rerum

1893 2136 2151 2179 naturam
2185 2141 2294 2179 non
2328 2125 2655 2180 labefacrant
2681 2128 2799 2194 (seu
2833 2123 3236 2192 corrumpant).

1966 2242 2057 2295 2|.
2090 2238 2447 2308 Quapropter
2474 2239 2655 2295 omnis
2677 2239 2982 2295 accidentis
3014 2236 3398 2307 inseparabilis
3427 2246 3478 2288 et

1893 2334 2221 2405 separabilis
2250 2344 2335 2388 est
2388 2334 2506 2387 haec
2537 2333 2851 2387 communis
2889 2331 3135 2386 definitio
3162 2346 3176 2383 :
3209 2329 3480 2383 Accidens

1892 2421 1976 2482 es't
2005 2428 2151 2498 quod
2182 2426 2344 2482 adest
2363 2426 2595 2480 etabest
2622 2425 2760 2478 citra
2785 2423 3017 2490 subjecti
3043 2422 3476 2490 corruptionem.

1892 2519 1959 2574 Et
2010 2535 2204 2575 rursus
2254 2537 2268 2573 :
2326 2519 2611 2573 Accidens
2655 2526 2741 2572 est
2798 2516 2942 2586 quod
2986 2514 3254 2583 contingit
3302 2513 3477 2566 eidem

1892 2611 2075 2667 inesse
2097 2620 2193 2666 aut
2232 2626 2339 2665 non
2375 2611 2579 2665 inesse.
2612 2608 2894 2676 Contingit
2925 2607 3070 2661 enim
3122 2605 3399 2659 hominem
3426 2617 3481 2658 et

1890 2704 2083 2760 sedere
2116 2715 2170 2759 et
2202 2714 2346 2758 stare
2376 2712 2431 2758 et
2464 2702 2781 2765 ambulare,
2819 2710 2874 2755 et
2903 2715 3024 2754 esse
3052 2699 3333 2752 simumac
3367 2712 3476 2750 non

1889 2798 2048 2866 essel;
2083 2806 2137 2851 et
2183 2797 2414 2851 absente
2466 2794 2635 2849 caesio
2664 2793 2950 2848 oculorum
2980 2793 3164 2846 colore
3201 2788 3477 2843 nihilomi—

1889 2904 1999 2944 nus
2042 2889 2208 2944 homo
2250 2898 2474 2953 manet;
2521 2887 2618 2943 sed
2653 2895 2711 2941 et
2766 2902 2974 2958 cygnus
3026 2884 3254 2956 cogitari
3297 2893 3479 2965 potest

1891 2986 2064 3054 niger,
2087 2992 2143 3037 et
2180 2997 2379 3036 corvus
2408 2981 2589 3047 albus,
2629 2990 2687 3036 et
2718 2978 2974 3047 Aethiops
3016 2978 3197 3032 colore
3225 2975 3478 3042 ahjecta:

1892 3086 2231 3148 possuntque
2283 3076 2400 3130 haec
2454 3075 2638 3131 omnia
2670 3072 2789 3129 sine
2836 3073 3069 3143 subjecti
3128 3069 3481 3140 corruptione

189 3162 412 3233 χροιάν.
457 3162 569 3216 Καὶ
619 3161 793 3215 ταῦτα
839 3165 1019 3214 πάντα
1055 3160 1314 3229 γενέσθαι
1353 3160 1581 3216 δύναται
1612 3164 1786 3232 χωρὶς
1817 3193 1860 3251 c
1896 3170 2036 3227 ﬁeri,

197 3256 305 3322 τῆς
333 3253 429 3308 τοῦ
462 3253 833 3324 ὑποκειμένου
867 3253 1092 3321 φθορᾶς.

271 3347 379 3418 κβπ
416 3347 631 3418 Τριχῶς
675 3342 769 3400 οὖν
801 3348 899 3417 τῆς
936 3344 1206 3417 διαφορᾶς
1233 3345 1563 3416 λεγομένης,
1590 3348 1790 3411 κοινῶς

193 3442 298 3494 καὶ
333 3440 479 3504 ἰδίως
519 3441 617 3493 καὶ
672 3439 965 3505 ἰδιαίτατα,
1006 3441 1157 3493 πᾶσα
1207 3436 1577 3512 μὲν’διαφορά
1605 3440 1794 3510 ἑτερό-

200 3552 312 3605 της
346 3534 407 3588 τέ
441 3537 563 3587 ἐστι
584 3535 679 3586 καὶ
704 3534 947 3604 ἑτεροῖόν
974 3550 1026 3586 τι
1051 3535 1199 3588 ποιεῖ
1232 3535 1633 3605 προσ-γινομένη
1665 3534 1792 3590 τινί.

195 3629 349 3682 Ἀλλ’
369 3628 427 3683 αἰ
452 3628 549 3697 μὲν
577 3630 772 3690 κοινῶς
804 3628 901 3681 καὶ
932 3628 1077 3690 ἰδίως
1095 3629 1352 3699 διαφοραί⁵
1378 3630 1587 3683 ἀλλοῖον
1601 3609 1795 3683 ’ποιοῦ-

195 3737 307 3776 σιν’
336 3723 391 3775 αἰ
420 3721 476 3775 δί
504 3722 773 3775 ἰδιαίτατα
805 3721 953 3776 ἄλλο·
978 3722 1182 3785 αἵτινές
1211 3724 1349 3777 εἰσιν
1381 3724 1677 3795 ἀχώριστοι
1701 3723 1796 3776 καὶ

194 3813 332 3868 κατ’
362 3813 538 3884 αὐτὴν
570 3814 668 3884 τὴν
723 3814 990 3869 ἐπίκοιαν.
1022 3814 1158 3868 Οὑδὲ
1191 3815 1301 3885 γὰρ
1332 3816 1480 3869 ἔστιν
1511 3817 1797 3886 ἐπινοῆσαι

192 3905 343 3970 ζῶον
387 3905 740 3977 ἀναίσθητον,
768 3907 800 3977 ἢ
828 3905 1120 3976 ἄνθρωπον
1143 3909 1339 3975 ἄλογον
1358 3950 1372 3973 ,
1410 3910 1443 3980 ἢ
1483 3910 1649 3962 ἵππον
1670 3910 1799 3963 ἁλο-
1820 3954 1835 3961 ,

192 3998 326 4067 γιας
366 4003 796 4070 κεχωρισμένον.

1967 3353 2065 3408 22.
2105 3350 2466 3421 Cum'igitur
2517 3350 2807 3419 tripliciter
2872 3344 3179 3403 tiiﬂ'erentia
3231 3346 3475 3409 dicatur,

1897 3448 2275 3505 communiter
2334 3455 2389 3501 et
2444 3446 2663 3516 proprie
2730 3452 2785 3499 et
2841 3441 3250 3513 propriissime,
3298 3440 3479 3495 omnis

1897 3539 2151 3609 equidem
2185 3536 2492 3592 diderenlia
2523 3543 2606 3591 est
2647 3534 2730 3600 (ut
2766 3534 2839 3587 ita
2876 3533 3080 3602 dicam)
3118 3532 3396 3592 alteritas,
3427 3542 3481 3583 et

1896 3632 2118 3687 varium
2170 3630 2375 3701 aliquid
2412 3630 2579 3701 cﬂicit
2607 3644 2733 3683 cum
2768 3627 3088 3697 adjnngitur
3120 3624 3284 3679 alicui
3314 3663 3330 3689 ,
3385 3623 3478 3677 scd
3519 3634 3523 3638 ’

1899 3741 2022 3796 qua:
2079 3723 2301 3795 quidem
2361 3719 2732 3777 communiter
2788 3734 2843 3774 et
2893 3718 3114 3789 proprie
3153 3727 3283 3773 sunt
3323 3715 3480 3771 dim:-

1898 3819 2111 3884 rentiae,
2165 3816 2440 3869 diversum
2470 3851 2485 3876 ,
2525 3812 2682 3882 113
2729 3825 2848 3880 qua:
2874 3799 3056 3863 autem
3095 3808 3481 3879 propriiseime

1900 3916 2067 3972 sunt,
2121 3906 2267 3962 aliud
2329 3905 2605 3974 eﬂiciunt;
2655 3920 2778 3976 qure
2830 3904 2993 3958 etiam
3046 3904 3228 3973 quoad
3300 3902 3477 3971 ipsam

1903 4001 2072 4057 animi
2125 4002 2405 4056 notionem
2463 4007 2593 4054 sunt
2636 3996 3057 4067 inseparabiles.
3111 3994 3299 4066 Neque
3330 3995 3475 4051 enim

194 4095 408 4152 animal
459 4111 661 4151 sensus
716 4112 918 4168 expers
952 4106 1046 4152 aut
1095 4100 1375 4155 hominem
1427 4101 1796 4157 ratiocinandi
1827 4100 2087 4157 facultate
2121 4097 2472 4163 destitutum,
2500 4106 2594 4150 aut
2624 4109 2827 4177 eqqum
2893 4110 2933 4147 a-
2974 4094 3206 4149 rationis
3256 4102 3477 4165 experte

195 4189 524 4248 conditione
558 4201 875 4261 separatum
912 4192 1041 4247 licet
1076 4194 1262 4247 animo
1290 4195 1607 4265 concipere.

273 4292 382 4355 κγ’.
416 4280 587 4338 Alam:
644 4286 744 4356 μὲν
795 4283 890 4339 οὖν
943 4288 1000 4340 αἱ
1048 4287 1176 4339 ἄλλο
1233 4288 1485 4342 ποιοῦσαι
1530 4287 1787 4359 διαφοραὶ

191 4378 330 4433 καθ’
369 4376 567 4437 ἑαυτάς
619 4376 678 4430 τέ
719 4377 852 4436 εἰσι,
886 4376 983 4429 καί
1031 4378 1092 4428 τι
1125 4376 1332 4446 μᾶλλον
1362 4379 1479 4430 ικαὶ
1530 4380 1592 4429 τὸ
1620 4372 1784 4450 ἦττον

192 4473 302 4526 οὑκ
336 4470 701 4539 ἐπιδέχονται.
731 4466 871 4522 Οὑτε
902 4470 1012 4539 γὰρ
1035 4471 1096 4521 τὸ
1129 4467 1284 4537 γένος
1324 4469 1525 4539 μᾶλλον
1556 4471 1653 4522 καὶ
1689 4465 1789 4541 ἦτ-

1968 4285 2064 4342 Ξὸ.
2094 4283 2189 4339 Hae
2217 4282 2436 4353 quidem
2464 4280 2629 4350 igitur
2670 4279 2992 4358 differentite
3025 4294 3146 4351 quze
3193 4279 3343 4335 aliud
3392 4279 3479 4335 fn-

1892 4382 2047 4437 ciunt
2098 4395 2222 4434 cum
2262 4394 2360 4449 per
2394 4391 2454 4431 se
2498 4384 2649 4442 sunt,
2684 4385 2797 4429 tum
2831 4374 3004 4445 magis
3051 4384 3107 4429 et
3146 4376 3330 4429 minus
3364 4391 3472 4429 non

1896 4471 2191 4541 recipiunt.
2220 4470 2407 4540 Neque
2441 4469 2588 4524 enim
2625 4484 2800 4541 genus
2838 4469 3008 4538 magis
3039 4478 3093 4523 et
3124 4469 3306 4523 minus
3333 4485 3478 4540 prac-

192 4580 293 4617 τον
328 4564 719 4632 κατηγορεῖται
769 4554 833 4614 οῦ
878 4561 943 4616 ἂν
990 4561 1076 4631 εἴη
1120 4562 1299 4630 γένος,
1332 4561 1460 4615 οὔτε
1483 4564 1541 4616 αἰ
1572 4562 1667 4617 τοῦ
1694 4564 1783 4631 γέ-

1903 4565 2107 4618 dicatur
2142 4563 2210 4617 de
2242 4576 2308 4616 eo
2347 4562 2505 4632 cujus
2536 4566 2620 4615 est
2666 4575 2876 4632 genus;
2933 4575 3111 4631 neque
3146 4560 3476 4615 dzﬂercntize

194 4672 330 4719 νους
360 4654 637 4725 διαφοραὶ,
675 4652 796 4706 καθ’
822 4652 888 4716 ἃς
940 4652 1237 4725 διαιρεῖται
1292 4654 1353 4707 τὸ
1388 4656 1546 4723 γένος
1598 4657 1678 4720 εἰς
1723 4657 1790 4710 τά

195 4750 343 4820 εῐδη.
369 4748 439 4803 Δί
484 4748 543 4802 δὲ
592 4746 803 4799 ἀλλοῖον
837 4746 1092 4800 ποιοῦσαι
1158 4750 1303 4801 κατὰ
1334 4746 1688 4819 συμϐεϐηκός
1730 4749 1788 4801 τέ

193 4854 335 4907 εισι,
362 4844 459 4895 καὶ
488 4839 854 4894 ὶπιτείνονται
910 4843 1005 4894 καὶ
1047 4843 1293 4895 ἀνίενται
1331 4841 1564 4907 ἅπασαι.
1601 4842 1791 4914 Κάθη-

190 4953 293 4990 τειι
324 4935 434 5007 γάρ
466 4916 553 4998 τις
580 4934 760 4987 ’πλέον
813 4934 1025 5002 ἑτέρου,
1061 4935 1156 4987 καὶ
1186 4935 1347 4998 ἄλλος
1379 4935 1543 4988 ἄλλου
1571 4934 1783 5004 βαδίζει

196 5032 393 5082 πλέον’
418 5029 514 5080 καὶ
550 5025 713 5096 σιμοῦ
749 5025 1056 5098 σιμώτερός
1096 5026 1216 5080 ἐστί
1264 5045 1373 5092 τις,
1407 5029 1503 5080 καὶ
1536 5027 1785 5096 γλαυκοῦ

196 5120 473 5191 γλαυκότε
481 5138 596 5193 ρος.

274 5209 381 5265 κδ’.
412 5210 654 5279 Οὐδεμία
694 5210 750 5263 δὲ
802 5212 913 5266 τῶν
967 5211 1162 5275 κοινῶς
1220 5211 1252 5282 ἢ
1314 5211 1457 5276 ἰδίως
1511 5212 1790 5284 διαφορῶν

202 5305 457 5357 συντελεῖ
505 5306 641 5374 πρὸς
673 5305 766 5358 τὸν
798 5306 1051 5375 ὁρισμόν.
1095 5304 1521 5375 ’Υπογράφουσι
1552 5307 1664 5376 γὰρ
1692 5306 1791 5361 αὖ-

198 5414 297 5450 ται
329 5396 399 5450 τὰ
414 5398 736 5467 πράγματα,
766 5398 828 5451 οὑ
855 5398 963 5470 μὴν
988 5398 1081 5451 καὶ
1108 5398 1410 5467 ὁρίζουσιν.
1442 5399 1510 5452 Αἰ
1542 5398 1598 5451 δὲ
1626 5400 1756 5452 ἰδιαί
1777 5428 1789 5442 -

199 5508 347 5544 τατα
396 5490 656 5561 διαφοραὶ
705 5492 1037 5563 πράγματος
1089 5493 1327 5545 ἑκάστου
1390 5493 1785 5565 συμπληροῦσι

201 5590 297 5637 τὸν
323 5584 574 5653 ὁρισμόν.

277 5681 379 5728 κε’.
420 5675 746 5742 ’Λναγκλῖον
789 5676 847 5730 δὲ
873 5677 1094 5743 εἰδέναι,
1119 5676 1201 5729 ὃτι
1229 5678 1334 5749 (τε)
1371 5679 1431 5731 τὸ
1463 5678 1568 5749 τῆς
1598 5679 1790 5743 οὐσίας

201 5768 380 5836 ὄνομα
429 5767 524 5819 καὶ
554 5770 646 5822 ἐπὶ
693 5769 795 5839 τῆς
837 5770 1031 5833 ἁπλῶς
1058 5770 1353 5839 ὑπάρξεως
1389 5771 1565 5825 ἐνίοτε
1599 5773 1791 5825 τάττε-

202 5875 317 5929 ται,
346 5862 443 5915 καὶ
473 5861 555 5915 ὅτι
582 5862 643 5915 τὸ
691 5863 1040 5936 συμϐεϐηκὸς
1065 5862 1222 5933 δηλοῖ
1266 5880 1397 5918 ποτε
1428 5864 1487 5918 τὸ
1527 5866 1786 5932 οὐσιῶδες

1895 4655 2115 4728 generis
2155 4654 2459 4710 secundum
2487 4669 2623 4723 quas
2656 4668 2829 4724 genus
2865 4653 2916 4705 in
2950 4652 3164 4721 species
3188 4652 3474 4707 dividitur.

1895 4750 2028 4815 Quae
2057 4763 2185 4803 vero
2219 4746 2369 4801 aliud
2394 4746 2602 4802 faciunt
2622 4761 2749 4801 cum
2774 4759 2869 4814 per
2891 4745 3147 4799 accidens
3175 4752 3323 4807 sunt,
3362 4756 3474 4799 tum

1872 4855 2090 4896 'omnes
2119 4840 2487 4895 intenduntur
2526 4848 2581 4894 et
2608 4838 2989 4893 remittuntur.
3024 4836 3237 4891 litt-nim
3280 4837 3477 4908 aliquis

1894 4933 2016 5003 plus
2042 4932 2199 4988 sedet
2220 4932 2352 4995 alio,
2389 4942 2443 4985 et
2475 4932 2617 4987 alius
2646 4932 2757 4985 alio
2786 4930 2909 5001 plus
2949 4930 3227 4997 ambulat,
3265 4940 3321 4985 et
3340 4932 3480 4985 simo

1896 5024 2103 5092 aliquis
2126 5034 2210 5079 est
2241 5025 2413 5096 magis
2436 5026 2630 5085 sitnus,
2675 5031 2732 5077 ct
2772 5024 2934 5078 cwsio
2966 5021 3170 5092 aliquis
3198 5022 3369 5094 magis
3394 5033 3483 5078 est

1895 5118 2112 5171 cesius.

1966 5209 2059 5264 24.
2100 5208 2258 5263 Nulla
2282 5218 2467 5264 autem
2513 5209 2879 5264 connuuniter
2904 5219 2997 5263 aut
3026 5208 3244 5279 proprie
3282 5207 3478 5277 (dicta-

1897 5304 2042 5376 runt)
2088 5302 2525 5358 tliﬁcrentiarum
2580 5303 2648 5357 ad
2699 5302 3079 5358 definitionem
3116 5304 3352 5358 confert.
3385 5300 3480 5357 Ha:

1895 5400 2042 5453 enim
2079 5398 2404 5454 describunt
2451 5397 2676 5468 quidem
2726 5413 2833 5463 res,
2871 5397 2967 5453 sed
3002 5413 3108 5450 non
3144 5400 3307 5451 etiam
3340 5396 3476 5451 defi-

1895 5497 2075 5547 niunt.
2112 5490 2499 5563 Pr0priissime
2528 5501 2712 5546 autem
2742 5489 2945 5562 (dictzc)
2975 5489 3297 5545 differentiae
3343 5488 3477 5544 deli-

1830 5598 1837 5603 ‘
1894 5586 2163 5640 nitionem
2195 5585 2474 5655 complent
2514 5586 2782 5655 cujusque
2808 5585 2909 5640 rei.

1965 5679 2057 5735 25.
2094 5680 2480 5737 Necessarium
2522 5696 2689 5750 porro
2727 5680 2864 5735 scitu
2896 5690 2979 5735 est
3008 5722 3023 5742 ,
3056 5678 3199 5748 quod
3229 5676 3479 5731 essentia:

1894 5787 2095 5826 nomen
2154 5787 2553 5842 nonnunquam
2599 5774 2766 5827 etiam
2809 5772 2877 5827 de
2933 5770 3259 5840 simpliciter
3328 5768 3480 5823 exsi-

1895 5866 2090 5921 stcutia
2116 5864 2475 5936 adhibeatur;
2504 5866 2721 5936 etquod
2751 5865 3006 5921 decidens
3024 5860 3486 5937 aliquandollﬁ.
