  <div class='ocr_page' id='page_1' title='image "/cluster/home/n/w/nwhite01/storage/ocr_20150623/142/hvd.32044012457388/395.png"; bbox 0 0 3872 6506; ppageno 0'>
   <div class='ocr_carea' id='block_1_1' title="bbox 459 414 565 484">
    <p class='ocr_par' dir='ltr' id='par_1_1' title="bbox 459 414 565 484">
     <span class='ocr_line' id='line_1_1' title="bbox 459 414 565 484; baseline -0.047 0"><span class='ocrx_word' id='word_1_1' title='bbox 459 414 565 484; x_wconf 76' lang='grc' dir='ltr'><strong>πο</strong></span> 
     </span>
    </p>
   </div>
   <div class='ocr_carea' id='block_1_2' title="bbox 1631 402 2523 470">
    <p class='ocr_par' dir='ltr' id='par_1_2' title="bbox 1631 402 2523 470">
     <span class='ocr_line' id='line_1_2' title="bbox 1631 402 2523 470; baseline 0.004 -4"><span class='ocrx_word' id='word_1_2' title='bbox 1631 402 2056 466; x_wconf 78' lang='lat' dir='ltr'><strong>NICEPIIORI</strong></span> <span class='ocrx_word' id='word_1_3' title='bbox 2100 403 2523 470; x_wconf 61' lang='lat' dir='ltr'><strong>BLEMMIDZE</strong></span> 
     </span>
    </p>
   </div>
   <div class='ocr_carea' id='block_1_3' title="bbox 3591 401 3676 472">
    <p class='ocr_par' dir='ltr' id='par_1_3' title="bbox 3591 401 3676 472">
     <span class='ocr_line' id='line_1_3' title="bbox 3591 401 3676 472; baseline -0.047 1"><span class='ocrx_word' id='word_1_4' title='bbox 3591 401 3676 472; x_wconf 67' lang='lat'><strong>780</strong></span> 
     </span>
    </p>
   </div>
   <div class='ocr_carea' id='block_1_4' title="bbox 451 513 2014 592">
    <p class='ocr_par' dir='ltr' id='par_1_4' title="bbox 451 513 2014 586">
     <span class='ocr_line' id='line_1_4' title="bbox 451 513 2014 586; baseline -0.008 -8"><span class='ocrx_word' id='word_1_5' title='bbox 451 524 690 578; x_wconf 88' lang='lat' dir='ltr'><strong>ditorum</strong></span> <span class='ocrx_word' id='word_1_6' title='bbox 764 516 1184 573; x_wconf 77' lang='lat' dir='ltr'><strong>intcltectiouem</strong></span> <span class='ocrx_word' id='word_1_7' title='bbox 1267 513 1578 585; x_wconf 75' lang='lat' dir='ltr'><strong>participat,</strong></span> <span class='ocrx_word' id='word_1_8' title='bbox 1635 525 1696 570; x_wconf 94' lang='lat' dir='ltr'><strong>ut</strong></span> <span class='ocrx_word' id='word_1_9' title='bbox 1754 517 1848 586; x_wconf 86' lang='lat' dir='ltr'><strong>qui</strong></span> <span class='ocrx_word' id='word_1_10' title='bbox 1911 523 2014 570; x_wconf 58' lang='lat' dir='ltr'><strong>ter.</strong></span> 
     </span>
    </p>
   </div>
   <div class='ocr_carea' id='block_1_5' title="bbox 2135 513 3684 592">
    <p class='ocr_par' dir='ltr' id='par_1_5' title="bbox 2138 513 3684 592">
     <span class='ocr_line' id='line_1_5' title="bbox 2138 513 3684 592; baseline 0.004 -24"><span class='ocrx_word' id='word_1_11' title='bbox 2138 514 2376 586; x_wconf 75' lang='grc' dir='ltr'><strong>λογικῶν</strong></span> <span class='ocrx_word' id='word_1_12' title='bbox 2399 519 2657 589; x_wconf 81' lang='grc' dir='ltr'><strong>νοήσεως,</strong></span> <span class='ocrx_word' id='word_1_13' title='bbox 2698 515 2940 584; x_wconf 72' lang='grc' dir='ltr'><strong>ἐπίγειος</strong></span> <span class='ocrx_word' id='word_1_14' title='bbox 2972 513 3048 569; x_wconf 78' lang='grc' dir='ltr'><strong>ὢν</strong></span> <span class='ocrx_word' id='word_1_15' title='bbox 3076 514 3170 569; x_wconf 77' lang='grc' dir='ltr'><strong>καὶ</strong></span> <span class='ocrx_word' id='word_1_16' title='bbox 3213 516 3484 588; x_wconf 72' lang='grc' dir='ltr'><strong>οὐράνιος,</strong></span> <span class='ocrx_word' id='word_1_17' title='bbox 3514 519 3684 592; x_wconf 69' lang='grc' dir='ltr'><strong>θνητος</strong></span> 
     </span>
    </p>
   </div>
   <div class='ocr_carea' id='block_1_6' title="bbox 452 606 2027 673">
    <p class='ocr_par' dir='ltr' id='par_1_6' title="bbox 452 606 2027 673">
     <span class='ocr_line' id='line_1_6' title="bbox 452 606 2027 673; baseline -0.007 -3"><span class='ocrx_word' id='word_1_18' title='bbox 452 627 618 670; x_wconf 85' lang='lat' dir='ltr'><strong>renus</strong></span> <span class='ocrx_word' id='word_1_19' title='bbox 691 611 762 667; x_wconf 88' lang='lat' dir='ltr'><strong>sit</strong></span> <span class='ocrx_word' id='word_1_20' title='bbox 823 619 878 665; x_wconf 85' lang='lat' dir='ltr'><strong>et</strong></span> <span class='ocrx_word' id='word_1_21' title='bbox 935 609 1202 673; x_wconf 68' lang='lat' dir='ltr'><strong>cmlcstis,</strong></span> <span class='ocrx_word' id='word_1_22' title='bbox 1258 607 1504 663; x_wconf 75' lang='lat' dir='ltr'><strong>mortalis</strong></span> <span class='ocrx_word' id='word_1_23' title='bbox 1564 615 1617 661; x_wconf 81' lang='lat' dir='ltr'><strong>et</strong></span> <span class='ocrx_word' id='word_1_24' title='bbox 1680 606 2027 668; x_wconf 85' lang='lat' dir='ltr'><strong>immortalis,</strong></span> 
     </span>
    </p>
   </div>
   <div class='ocr_carea' id='block_1_7' title="bbox 453 698 2025 773">
    <p class='ocr_par' dir='ltr' id='par_1_7' title="bbox 453 698 2025 773">
     <span class='ocr_line' id='line_1_7' title="bbox 453 698 2025 773; baseline -0.005 -14"><span class='ocrx_word' id='word_1_25' title='bbox 453 706 682 762; x_wconf 84' lang='lat' dir='ltr'><strong>visibilis</strong></span> <span class='ocrx_word' id='word_1_26' title='bbox 744 713 800 759; x_wconf 89' lang='lat' dir='ltr'><strong>et</strong></span> <span class='ocrx_word' id='word_1_27' title='bbox 864 701 1570 773; x_wconf 80' lang='lat' dir='ltr'><strong>intelligibilis),quatentts</strong></span> <span class='ocrx_word' id='word_1_28' title='bbox 1621 698 1839 769; x_wconf 80' lang='lat' dir='ltr'><strong>quidem</strong></span> <span class='ocrx_word' id='word_1_29' title='bbox 1903 715 2025 753; x_wconf 91' lang='lat' dir='ltr'><strong>cum</strong></span> 
     </span>
    </p>
   </div>
   <div class='ocr_carea' id='block_1_8' title="bbox 452 793 2030 868">
    <p class='ocr_par' dir='ltr' id='par_1_8' title="bbox 452 793 2030 868">
     <span class='ocr_line' id='line_1_8' title="bbox 452 793 2030 868; baseline -0.005 -14"><span class='ocrx_word' id='word_1_30' title='bbox 452 801 686 854; x_wconf 76' lang='lat' dir='ltr'><strong>rationis</strong></span> <span class='ocrx_word' id='word_1_31' title='bbox 731 797 1049 868; x_wconf 81' lang='lat' dir='ltr'><strong>expertibus</strong></span> <span class='ocrx_word' id='word_1_32' title='bbox 1096 794 1484 857; x_wconf 86' lang='lat' dir='ltr'><strong>communicat,</strong></span> <span class='ocrx_word' id='word_1_33' title='bbox 1534 793 1814 863; x_wconf 87' lang='lat' dir='ltr'><strong>proprium</strong></span> <span class='ocrx_word' id='word_1_34' title='bbox 1867 793 2030 846; x_wconf 82' lang='lat' dir='ltr'><strong>etiam</strong></span> 
     </span>
    </p>
   </div>
   <div class='ocr_carea' id='block_1_9' title="bbox 453 887 2031 955">
    <p class='ocr_par' dir='ltr' id='par_1_9' title="bbox 453 887 2031 955">
     <span class='ocr_line' id='line_1_9' title="bbox 453 887 2031 955; baseline -0.004 -9"><span class='ocrx_word' id='word_1_35' title='bbox 453 891 636 955; x_wconf 84' lang='lat' dir='ltr'><strong>habet,</strong></span> <span class='ocrx_word' id='word_1_36' title='bbox 696 890 754 942; x_wconf 67' lang='grc' dir='ltr'><strong>τὸ</strong></span> <span class='ocrx_word' id='word_1_37' title='bbox 790 889 855 943; x_wconf 89' lang='lat' dir='ltr'><strong>ad</strong></span> <span class='ocrx_word' id='word_1_38' title='bbox 907 887 1189 942; x_wconf 87' lang='lat' dir='ltr'><strong>ridendum</strong></span> <span class='ocrx_word' id='word_1_39' title='bbox 1246 897 1432 955; x_wconf 87' lang='lat' dir='ltr'><strong>aptum</strong></span> <span class='ocrx_word' id='word_1_40' title='bbox 1469 901 1614 940; x_wconf 87' lang='lat' dir='ltr'><strong>esse.</strong></span> <span class='ocrx_word' id='word_1_41' title='bbox 1647 887 1856 954; x_wconf 70' lang='lat' dir='ltr'><strong>Quippe</strong></span> <span class='ocrx_word' id='word_1_42' title='bbox 1887 887 2031 954; x_wconf 82' lang='lat' dir='ltr'><strong>apti-</strong></span> 
     </span>
    </p>
   </div>
   <div class='ocr_carea' id='block_1_10' title="bbox 449 977 2025 1038">
    <p class='ocr_par' dir='ltr' id='par_1_10' title="bbox 449 977 2025 1038">
     <span class='ocr_line' id='line_1_10' title="bbox 449 977 2025 1038; baseline -0.004 -1"><span class='ocrx_word' id='word_1_43' title='bbox 449 983 580 1038; x_wconf 88' lang='lat' dir='ltr'><strong>tudo</strong></span> <span class='ocrx_word' id='word_1_44' title='bbox 653 984 718 1036; x_wconf 88' lang='lat' dir='ltr'><strong>ad</strong></span> <span class='ocrx_word' id='word_1_45' title='bbox 781 979 1070 1035; x_wconf 85' lang='lat' dir='ltr'><strong>ridendum</strong></span> <span class='ocrx_word' id='word_1_46' title='bbox 1150 978 1376 1032; x_wconf 75' lang='lat' dir='ltr'><strong>facultas</strong></span> <span class='ocrx_word' id='word_1_47' title='bbox 1447 989 1529 1032; x_wconf 84' lang='lat' dir='ltr'><strong>est</strong></span> <span class='ocrx_word' id='word_1_48' title='bbox 1598 980 1792 1030; x_wconf 71' lang='lat' dir='ltr'><strong>animae</strong></span> <span class='ocrx_word' id='word_1_49' title='bbox 1858 977 2025 1030; x_wconf 88' lang='lat' dir='ltr'><strong>ratio-</strong></span> 
     </span>
    </p>
   </div>
   <div class='ocr_carea' id='block_1_11' title="bbox 449 1073 2026 1143">
    <p class='ocr_par' dir='ltr' id='par_1_11' title="bbox 449 1073 2026 1143">
     <span class='ocr_line' id='line_1_11' title="bbox 449 1073 2026 1143; baseline -0.005 -13"><span class='ocrx_word' id='word_1_50' title='bbox 449 1093 518 1130; x_wconf 92' lang='lat' dir='ltr'><strong>ne</strong></span> <span class='ocrx_word' id='word_1_51' title='bbox 563 1075 802 1131; x_wconf 69' lang='lat' dir='ltr'><strong>carentis</strong></span> <span class='ocrx_word' id='word_1_52' title='bbox 851 1088 974 1143; x_wconf 70' lang='lat' dir='ltr'><strong>quae</strong></span> <span class='ocrx_word' id='word_1_53' title='bbox 1031 1087 1130 1141; x_wconf 87' lang='lat' dir='ltr'><strong>per</strong></span> <span class='ocrx_word' id='word_1_54' title='bbox 1179 1073 1456 1125; x_wconf 77' lang='lat' dir='ltr'><strong>musculos</strong></span> <span class='ocrx_word' id='word_1_55' title='bbox 1501 1081 1762 1140; x_wconf 82' lang='lat' dir='ltr'><strong>npcratur</strong></span> <span class='ocrx_word' id='word_1_56' title='bbox 1790 1084 1805 1136; x_wconf 87' lang='lat'><strong>;</strong></span> <span class='ocrx_word' id='word_1_57' title='bbox 1833 1084 2026 1139; x_wconf 86' lang='lat' dir='ltr'><strong>quem-</strong></span> 
     </span>
    </p>
   </div>
   <div class='ocr_carea' id='block_1_12' title="bbox 447 1160 2022 1230">
    <p class='ocr_par' dir='ltr' id='par_1_12' title="bbox 447 1160 2022 1230">
     <span class='ocr_line' id='line_1_12' title="bbox 447 1160 2022 1230; baseline -0.006 -7"><span class='ocrx_word' id='word_1_58' title='bbox 447 1167 740 1223; x_wconf 84' lang='lat' dir='ltr'><strong>admodum</strong></span> <span class='ocrx_word' id='word_1_59' title='bbox 772 1166 932 1220; x_wconf 89' lang='lat' dir='ltr'><strong>etiam</strong></span> <span class='ocrx_word' id='word_1_60' title='bbox 965 1162 1246 1217; x_wconf 74' lang='lat' dir='ltr'><strong>liinnicmli</strong></span> <span class='ocrx_word' id='word_1_61' title='bbox 1281 1161 1524 1230; x_wconf 82' lang='lat' dir='ltr'><strong>aptitudo</strong></span> <span class='ocrx_word' id='word_1_62' title='bbox 1541 1171 1595 1215; x_wconf 89' lang='lat' dir='ltr'><strong>et</strong></span> <span class='ocrx_word' id='word_1_63' title='bbox 1619 1160 1817 1214; x_wconf 79' lang='lat' dir='ltr'><strong>similia</strong></span> <span class='ocrx_word' id='word_1_64' title='bbox 1849 1176 2022 1230; x_wconf 83' lang='lat' dir='ltr'><strong>;qua-</strong></span> 
     </span>
    </p>
   </div>
   <div class='ocr_carea' id='block_1_13' title="bbox 2127 610 3682 682">
    <p class='ocr_par' dir='ltr' id='par_1_13' title="bbox 2127 610 3682 682">
     <span class='ocr_line' id='line_1_13' title="bbox 2127 610 3682 682; baseline 0.001 -19"><span class='ocrx_word' id='word_1_65' title='bbox 2127 610 2220 663; x_wconf 77' lang='grc' dir='ltr'><strong>καὶ</strong></span> <span class='ocrx_word' id='word_1_66' title='bbox 2253 611 2545 676; x_wconf 80' lang='grc' dir='ltr'><strong>ἀθάνατος,</strong></span> <span class='ocrx_word' id='word_1_67' title='bbox 2569 610 2762 681; x_wconf 78' lang='grc' dir='ltr'><strong>ὁρατὸς</strong></span> <span class='ocrx_word' id='word_1_68' title='bbox 2793 611 2888 664; x_wconf 73' lang='grc' dir='ltr'><strong>καὶ</strong></span> <span class='ocrx_word' id='word_1_69' title='bbox 2935 611 3276 681; x_wconf 80' lang='grc' dir='ltr'><strong>νοούμενος),</strong></span> <span class='ocrx_word' id='word_1_70' title='bbox 3303 611 3440 664; x_wconf 80' lang='grc' dir='ltr'><strong>καθὸ</strong></span> <span class='ocrx_word' id='word_1_71' title='bbox 3473 611 3565 682; x_wconf 72' lang='grc' dir='ltr'><strong>μὲν</strong></span> <span class='ocrx_word' id='word_1_72' title='bbox 3586 630 3682 666; x_wconf 88' lang='grc' dir='ltr'><strong>κοι-</strong></span> 
     </span>
    </p>
   </div>
   <div class='ocr_carea' id='block_1_14' title="bbox 2129 701 3682 774">
    <p class='ocr_par' dir='ltr' id='par_1_14' title="bbox 2129 701 3682 774">
     <span class='ocr_line' id='line_1_14' title="bbox 2129 701 3682 774; baseline 0.001 -19"><span class='ocrx_word' id='word_1_73' title='bbox 2129 705 2291 755; x_wconf 81' lang='grc' dir='ltr'><strong>νωνεῖ</strong></span> <span class='ocrx_word' id='word_1_74' title='bbox 2318 706 2432 765; x_wconf 85' lang='grc' dir='ltr'><strong>τοῖς</strong></span> <span class='ocrx_word' id='word_1_75' title='bbox 2486 703 2727 772; x_wconf 81' lang='grc' dir='ltr'><strong>ἀλόγοις,</strong></span> <span class='ocrx_word' id='word_1_76' title='bbox 2775 703 2892 774; x_wconf 68' lang='grc' dir='ltr'><strong>ἔχει</strong></span> <span class='ocrx_word' id='word_1_77' title='bbox 2933 704 3028 757; x_wconf 73' lang='grc' dir='ltr'><strong>καὶ</strong></span> <span class='ocrx_word' id='word_1_78' title='bbox 3057 706 3115 757; x_wconf 79' lang='grc' dir='ltr'><strong>τὺ</strong></span> <span class='ocrx_word' id='word_1_79' title='bbox 3140 701 3488 771; x_wconf 79' lang='grc' dir='ltr'><strong>γελαστικόν.</strong></span> <span class='ocrx_word' id='word_1_80' title='bbox 3542 703 3682 759; x_wconf 85' lang='grc' dir='ltr'><strong>Ἐστι</strong></span> 
     </span>
    </p>
   </div>
   <div class='ocr_carea' id='block_1_15' title="bbox 2127 794 3682 866">
    <p class='ocr_par' dir='ltr' id='par_1_15' title="bbox 2127 794 3682 866">
     <span class='ocr_line' id='line_1_15' title="bbox 2127 794 3682 866; baseline 0.001 -21"><span class='ocrx_word' id='word_1_81' title='bbox 2127 794 2238 864; x_wconf 71' lang='grc' dir='ltr'><strong>γὰρ</strong></span> <span class='ocrx_word' id='word_1_82' title='bbox 2276 795 2336 846; x_wconf 71' lang='grc' dir='ltr'><strong>τὸ</strong></span> <span class='ocrx_word' id='word_1_83' title='bbox 2376 795 2698 862; x_wconf 76' lang='grc' dir='ltr'><strong>γελαστικὸν</strong></span> <span class='ocrx_word' id='word_1_84' title='bbox 2727 795 2959 865; x_wconf 85' lang='grc' dir='ltr'><strong>δύναμις</strong></span> <span class='ocrx_word' id='word_1_85' title='bbox 2989 795 3090 866; x_wconf 82' lang='grc' dir='ltr'><strong>τῆς</strong></span> <span class='ocrx_word' id='word_1_86' title='bbox 3120 794 3318 863; x_wconf 84' lang='grc' dir='ltr'><strong>ἀλόγου</strong></span> <span class='ocrx_word' id='word_1_87' title='bbox 3347 794 3520 866; x_wconf 79' lang='grc' dir='ltr'><strong>ψυχῆς</strong></span> <span class='ocrx_word' id='word_1_88' title='bbox 3548 795 3682 864; x_wconf 74' lang='grc' dir='ltr'><strong>ἐνερ-</strong></span> 
     </span>
    </p>
   </div>
   <div class='ocr_carea' id='block_1_16' title="bbox 2131 887 3684 960">
    <p class='ocr_par' dir='ltr' id='par_1_16' title="bbox 2131 887 3684 960">
     <span class='ocr_line' id='line_1_16' title="bbox 2131 887 3684 960; baseline 0.001 -22"><span class='ocrx_word' id='word_1_89' title='bbox 2131 887 2371 958; x_wconf 82' lang='grc' dir='ltr'><strong>γουμένη</strong></span> <span class='ocrx_word' id='word_1_90' title='bbox 2429 887 2516 942; x_wconf 77' lang='grc' dir='ltr'><strong>διὰ</strong></span> <span class='ocrx_word' id='word_1_91' title='bbox 2549 889 2656 941; x_wconf 87' lang='grc' dir='ltr'><strong>τῶν</strong></span> <span class='ocrx_word' id='word_1_92' title='bbox 2713 888 2866 955; x_wconf 87' lang='grc' dir='ltr'><strong>μυῶν</strong></span> <span class='ocrx_word' id='word_1_93' title='bbox 2889 903 2905 921; x_wconf 77' lang='grc' dir='ltr'><strong><em>ο</em></strong></span> <span class='ocrx_word' id='word_1_94' title='bbox 2956 889 3034 953; x_wconf 84' lang='grc' dir='ltr'><strong>ὡς</strong></span> <span class='ocrx_word' id='word_1_95' title='bbox 3069 891 3162 944; x_wconf 71' lang='grc' dir='ltr'><strong>καὶ</strong></span> <span class='ocrx_word' id='word_1_96' title='bbox 3197 891 3261 942; x_wconf 82' lang='grc' dir='ltr'><strong>τὸ</strong></span> <span class='ocrx_word' id='word_1_97' title='bbox 3294 889 3684 960; x_wconf 74' lang='grc' dir='ltr'><strong>χρεμετιστικὸν</strong></span> 
     </span>
    </p>
   </div>
   <div class='ocr_carea' id='block_1_17' title="bbox 2132 979 3683 1051">
    <p class='ocr_par' dir='ltr' id='par_1_17' title="bbox 2132 979 3683 1051">
     <span class='ocr_line' id='line_1_17' title="bbox 2132 979 3683 1051; baseline -0.001 -20"><span class='ocrx_word' id='word_1_98' title='bbox 2132 979 2317 1031; x_wconf 80' lang='grc' dir='ltr'><strong>καὶτὰ</strong></span> <span class='ocrx_word' id='word_1_99' title='bbox 2346 979 2604 1034; x_wconf 73' lang='grc' dir='ltr'><strong>τοιαῦταο</strong></span> <span class='ocrx_word' id='word_1_100' title='bbox 2641 981 2776 1034; x_wconf 82' lang='grc' dir='ltr'><strong>καθὸ</strong></span> <span class='ocrx_word' id='word_1_101' title='bbox 2810 981 2871 1035; x_wconf 76' lang='grc' dir='ltr'><strong>δὲ</strong></span> <span class='ocrx_word' id='word_1_102' title='bbox 2921 983 3037 1045; x_wconf 81' lang='grc' dir='ltr'><strong>τοῖς</strong></span> <span class='ocrx_word' id='word_1_103' title='bbox 3071 980 3313 1051; x_wconf 80' lang='grc' dir='ltr'><strong>λογικοῖς</strong></span> <span class='ocrx_word' id='word_1_104' title='bbox 3351 980 3607 1040; x_wconf 81' lang='grc' dir='ltr'><strong>κοινωνεῖ,</strong></span> <span class='ocrx_word' id='word_1_105' title='bbox 3629 981 3683 1032; x_wconf 77' lang='grc' dir='ltr'><strong>τὸ</strong></span> 
     </span>
    </p>
   </div>
   <div class='ocr_carea' id='block_1_18' title="bbox 2133 1070 3687 1145">
    <p class='ocr_par' dir='ltr' id='par_1_18' title="bbox 2133 1070 3687 1145">
     <span class='ocr_line' id='line_1_18' title="bbox 2133 1070 3687 1145; baseline 0.001 -23"><span class='ocrx_word' id='word_1_106' title='bbox 2133 1070 2225 1124; x_wconf 81' lang='grc' dir='ltr'><strong>νοῦ</strong></span> <span class='ocrx_word' id='word_1_107' title='bbox 2250 1072 2343 1124; x_wconf 75' lang='grc' dir='ltr'><strong>καὶ</strong></span> <span class='ocrx_word' id='word_1_108' title='bbox 2387 1073 2700 1145; x_wconf 70' lang='grc' dir='ltr'><strong>ἐπιστήμης</strong></span> <span class='ocrx_word' id='word_1_109' title='bbox 2748 1074 3000 1130; x_wconf 77' lang='grc' dir='ltr'><strong>δεκτικὸν</strong></span> <span class='ocrx_word' id='word_1_110' title='bbox 3049 1075 3316 1144; x_wconf 78' lang='grc' dir='ltr'><strong>κέκτηται</strong></span> <span class='ocrx_word' id='word_1_111' title='bbox 3347 1075 3480 1128; x_wconf 79' lang='grc' dir='ltr'><strong>[διον</strong></span> <span class='ocrx_word' id='word_1_112' title='bbox 3504 1088 3518 1102; x_wconf 86' lang='grc'><strong>·</strong></span> <span class='ocrx_word' id='word_1_113' title='bbox 3543 1071 3687 1126; x_wconf 81' lang='grc' dir='ltr'><strong>τοῦτο</strong></span> 
     </span>
    </p>
   </div>
   <div class='ocr_carea' id='block_1_19' title="bbox 2132 1162 3228 1238">
    <p class='ocr_par' dir='ltr' id='par_1_19' title="bbox 2132 1162 3228 1238">
     <span class='ocr_line' id='line_1_19' title="bbox 2132 1162 3228 1238; baseline 0.005 -23"><span class='ocrx_word' id='word_1_114' title='bbox 2132 1162 2188 1216; x_wconf 77' lang='grc' dir='ltr'><strong>δὲ</strong></span> <span class='ocrx_word' id='word_1_115' title='bbox 2220 1163 2318 1234; x_wconf 83' lang='grc' dir='ltr'><strong>τῆς</strong></span> <span class='ocrx_word' id='word_1_116' title='bbox 2355 1163 2583 1237; x_wconf 74' lang='grc' dir='ltr'><strong>λογικῆς</strong></span> <span class='ocrx_word' id='word_1_117' title='bbox 2613 1165 2792 1237; x_wconf 79' lang='grc' dir='ltr'><strong>ψυχῆς</strong></span> <span class='ocrx_word' id='word_1_118' title='bbox 2833 1169 2948 1221; x_wconf 75' lang='grc' dir='ltr'><strong>ιστι</strong></span> <span class='ocrx_word' id='word_1_119' title='bbox 2979 1167 3228 1238; x_wconf 82' lang='grc' dir='ltr'><strong>δύναμις.</strong></span> 
     </span>
    </p>
   </div>
   <div class='ocr_carea' id='block_1_20' title="bbox 447 1255 3681 1333">
    <p class='ocr_par' dir='ltr' id='par_1_20' title="bbox 447 1255 3681 1333">
     <span class='ocr_line' id='line_1_20' title="bbox 447 1255 3681 1333; baseline -0.001 -16"><span class='ocrx_word' id='word_1_120' title='bbox 447 1275 608 1317; x_wconf 84' lang='lat' dir='ltr'><strong>tenus</strong></span> <span class='ocrx_word' id='word_1_121' title='bbox 647 1276 777 1316; x_wconf 88' lang='lat' dir='ltr'><strong>vero</strong></span> <span class='ocrx_word' id='word_1_122' title='bbox 813 1275 936 1315; x_wconf 86' lang='lat' dir='ltr'><strong>cum</strong></span> <span class='ocrx_word' id='word_1_123' title='bbox 969 1259 1180 1312; x_wconf 88' lang='lat' dir='ltr'><strong>ratione</strong></span> <span class='ocrx_word' id='word_1_124' title='bbox 1235 1255 1480 1327; x_wconf 70' lang='lat' dir='ltr'><strong>praeditis</strong></span> <span class='ocrx_word' id='word_1_125' title='bbox 1532 1257 1924 1320; x_wconf 85' lang='lat' dir='ltr'><strong>communicat,</strong></span> <span class='ocrx_word' id='word_1_126' title='bbox 1957 1255 2018 1308; x_wconf 80' lang='grc' dir='ltr'><strong>τὸ</strong></span> <span class='ocrx_word' id='word_1_127' title='bbox 2057 1255 2432 1330; x_wconf 71' lang='lat' dir='ltr'><strong>intelligentiae</strong></span> <span class='ocrx_word' id='word_1_128' title='bbox 2455 1270 2509 1314; x_wconf 88' lang='lat' dir='ltr'><strong>et</strong></span> <span class='ocrx_word' id='word_1_129' title='bbox 2538 1261 2782 1317; x_wconf 77' lang='lat' dir='ltr'><strong>scientia:</strong></span> <span class='ocrx_word' id='word_1_130' title='bbox 2811 1278 2981 1333; x_wconf 76' lang='lat' dir='ltr'><strong>capax</strong></span> <span class='ocrx_word' id='word_1_131' title='bbox 3039 1278 3139 1333; x_wconf 88' lang='lat' dir='ltr'><strong>pro</strong></span> <span class='ocrx_word' id='word_1_132' title='bbox 3167 1262 3391 1332; x_wconf 89' lang='lat' dir='ltr'><strong>proprio</strong></span> <span class='ocrx_word' id='word_1_133' title='bbox 3451 1260 3681 1317; x_wconf 83' lang='lat' dir='ltr'><strong>obtinet:</strong></span> 
     </span>
    </p>
   </div>
   <div class='ocr_carea' id='block_1_21' title="bbox 448 1345 1912 1426">
    <p class='ocr_par' dir='ltr' id='par_1_21' title="bbox 448 1345 1912 1426">
     <span class='ocr_line' id='line_1_21' title="bbox 448 1345 1912 1426; baseline -0.003 -20"><span class='ocrx_word' id='word_1_134' title='bbox 448 1356 484 1426; x_wconf 76' lang='grc' dir='ltr'>ι</span> <span class='ocrx_word' id='word_1_135' title='bbox 504 1354 609 1424; x_wconf 70' lang='lat'><strong>19</strong></span> <span class='ocrx_word' id='word_1_136' title='bbox 634 1351 776 1421; x_wconf 89' lang='lat' dir='ltr'><strong>quod</strong></span> <span class='ocrx_word' id='word_1_137' title='bbox 807 1351 1000 1404; x_wconf 77' lang='lat' dir='ltr'><strong>anima:</strong></span> <span class='ocrx_word' id='word_1_138' title='bbox 1031 1349 1242 1402; x_wconf 87' lang='lat' dir='ltr'><strong>ratione</strong></span> <span class='ocrx_word' id='word_1_139' title='bbox 1279 1346 1514 1415; x_wconf 61' lang='lat' dir='ltr'><strong>praedita:</strong></span> <span class='ocrx_word' id='word_1_140' title='bbox 1546 1345 1776 1403; x_wconf 82' lang='lat' dir='ltr'><strong>facultas</strong></span> <span class='ocrx_word' id='word_1_141' title='bbox 1809 1357 1912 1401; x_wconf 87' lang='lat' dir='ltr'><strong>est.</strong></span> 
     </span>
    </p>
   </div>
   <div class='ocr_carea' id='block_1_22' title="bbox 517 1435 2016 1509">
    <p class='ocr_par' dir='ltr' id='par_1_22' title="bbox 517 1435 2016 1509">
     <span class='ocr_line' id='line_1_22' title="bbox 517 1435 2016 1509; baseline -0.003 -13"><span class='ocrx_word' id='word_1_142' title='bbox 517 1447 603 1496; x_wconf 73' lang='lat'><strong>12.</strong></span> <span class='ocrx_word' id='word_1_143' title='bbox 640 1440 816 1495; x_wconf 85' lang='lat' dir='ltr'><strong>llomo</strong></span> <span class='ocrx_word' id='word_1_144' title='bbox 857 1441 1024 1509; x_wconf 82' lang='lat' dir='ltr'><strong>igitur</strong></span> <span class='ocrx_word' id='word_1_145' title='bbox 1057 1438 1267 1508; x_wconf 80' lang='lat' dir='ltr'><strong>singula</strong></span> <span class='ocrx_word' id='word_1_146' title='bbox 1300 1435 1463 1489; x_wconf 84' lang='lat' dir='ltr'><strong>habet</strong></span> <span class='ocrx_word' id='word_1_147' title='bbox 1512 1436 1737 1505; x_wconf 89' lang='lat' dir='ltr'><strong>propria</strong></span> <span class='ocrx_word' id='word_1_148' title='bbox 1766 1451 2016 1491; x_wconf 84' lang='lat' dir='ltr'><strong>commu-</strong></span> 
     </span>
    </p>
   </div>
   <div class='ocr_carea' id='block_1_23' title="bbox 438 1530 1296 1604">
    <p class='ocr_par' dir='ltr' id='par_1_23' title="bbox 438 1530 1296 1604">
     <span class='ocr_line' id='line_1_23' title="bbox 438 1530 1296 1604; baseline -0.01 -13"><span class='ocrx_word' id='word_1_149' title='bbox 438 1539 602 1592; x_wconf 85' lang='lat' dir='ltr'><strong>nibus</strong></span> <span class='ocrx_word' id='word_1_150' title='bbox 618 1534 848 1604; x_wconf 67' lang='lat' dir='ltr'><strong>singulis</strong></span> <span class='ocrx_word' id='word_1_151' title='bbox 881 1530 1296 1588; x_wconf 87' lang='lat' dir='ltr'><strong>convenientia.</strong></span> 
     </span>
    </p>
   </div>
   <div class='ocr_carea' id='block_1_24' title="bbox 511 1619 2019 1691">
    <p class='ocr_par' dir='ltr' id='par_1_24' title="bbox 511 1619 2019 1691">
     <span class='ocr_line' id='line_1_24' title="bbox 511 1619 2019 1691; baseline -0.005 -10"><span class='ocrx_word' id='word_1_152' title='bbox 511 1626 598 1680; x_wconf 76' lang='grc'><strong>15.</strong></span> <span class='ocrx_word' id='word_1_153' title='bbox 651 1624 925 1681; x_wconf 72' lang='lat' dir='ltr'><strong>Caeterum</strong></span> <span class='ocrx_word' id='word_1_154' title='bbox 980 1624 1146 1677; x_wconf 90' lang='lat' dir='ltr'><strong>etiam</strong></span> <span class='ocrx_word' id='word_1_155' title='bbox 1209 1634 1502 1676; x_wconf 87' lang='lat' dir='ltr'><strong>commune</strong></span> <span class='ocrx_word' id='word_1_156' title='bbox 1553 1629 1792 1691; x_wconf 88' lang='lat' dir='ltr'><strong>quatuor</strong></span> <span class='ocrx_word' id='word_1_157' title='bbox 1840 1619 2019 1674; x_wconf 90' lang='lat' dir='ltr'><strong>modis</strong></span> 
     </span>
    </p>
   </div>
   <div class='ocr_carea' id='block_1_25' title="bbox 437 1721 664 1774">
    <p class='ocr_par' dir='ltr' id='par_1_25' title="bbox 437 1721 664 1774">
     <span class='ocr_line' id='line_1_25' title="bbox 437 1721 664 1774; baseline -0.009 0"><span class='ocrx_word' id='word_1_158' title='bbox 437 1721 664 1774; x_wconf 88' lang='lat' dir='ltr'><strong>dicitur.</strong></span> 
     </span>
    </p>
   </div>
   <div class='ocr_carea' id='block_1_26' title="bbox 507 1807 2088 1904">
    <p class='ocr_par' dir='ltr' id='par_1_26' title="bbox 507 1807 2088 1904">
     <span class='ocr_line' id='line_1_26' title="bbox 507 1807 2088 1904; baseline -0.004 -38"><span class='ocrx_word' id='word_1_159' title='bbox 507 1812 594 1866; x_wconf 77' lang='lat' dir='ltr'><strong>M.</strong></span> <span class='ocrx_word' id='word_1_160' title='bbox 639 1809 736 1865; x_wconf 89' lang='lat' dir='ltr'><strong>Vel</strong></span> <span class='ocrx_word' id='word_1_161' title='bbox 773 1809 919 1866; x_wconf 88' lang='lat' dir='ltr'><strong>enim</strong></span> <span class='ocrx_word' id='word_1_162' title='bbox 959 1808 1014 1864; x_wconf 86' lang='lat' dir='ltr'><strong>id</strong></span> <span class='ocrx_word' id='word_1_163' title='bbox 1049 1807 1198 1885; x_wconf 84' lang='lat' dir='ltr'><strong>quod</strong></span> <span class='ocrx_word' id='word_1_164' title='bbox 1250 1807 1306 1862; x_wconf 90' lang='lat' dir='ltr'><strong>in</strong></span> <span class='ocrx_word' id='word_1_165' title='bbox 1351 1817 1535 1878; x_wconf 89' lang='lat' dir='ltr'><strong>partes</strong></span> <span class='ocrx_word' id='word_1_166' title='bbox 1587 1816 1767 1877; x_wconf 89' lang='lat' dir='ltr'><strong>potest</strong></span> <span class='ocrx_word' id='word_1_167' title='bbox 1819 1807 2009 1873; x_wconf 86' lang='lat' dir='ltr'><strong>dividi,</strong></span> <span class='ocrx_word' id='word_1_168' title='bbox 2047 1848 2088 1904; x_wconf 71' lang='grc' dir='ltr'><strong><em>Β</em></strong></span> 
     </span>
    </p>
   </div>
   <div class='ocr_carea' id='block_1_27' title="bbox 434 1904 1030 1977">
    <p class='ocr_par' dir='ltr' id='par_1_27' title="bbox 434 1904 1030 1977">
     <span class='ocr_line' id='line_1_27' title="bbox 434 1904 1030 1977; baseline -0.01 -15"><span class='ocrx_word' id='word_1_169' title='bbox 434 1916 494 1962; x_wconf 82' lang='grc' dir='ltr'><strong>ιιι</strong></span> <span class='ocrx_word' id='word_1_170' title='bbox 537 1922 662 1977; x_wconf 80' lang='lat' dir='ltr'><strong>ager</strong></span> <span class='ocrx_word' id='word_1_171' title='bbox 697 1904 1030 1961; x_wconf 90' lang='lat' dir='ltr'><strong>communis.</strong></span> 
     </span>
    </p>
   </div>
   <div class='ocr_carea' id='block_1_28' title="bbox 507 1992 2010 2066">
    <p class='ocr_par' dir='ltr' id='par_1_28' title="bbox 507 1992 2010 2066">
     <span class='ocr_line' id='line_1_28' title="bbox 507 1992 2010 2066; baseline -0.007 -12"><span class='ocrx_word' id='word_1_172' title='bbox 507 2000 592 2055; x_wconf 80' lang='grc'><strong>15.</strong></span> <span class='ocrx_word' id='word_1_173' title='bbox 634 1998 728 2054; x_wconf 85' lang='lat' dir='ltr'><strong>Vel</strong></span> <span class='ocrx_word' id='word_1_174' title='bbox 760 1997 812 2052; x_wconf 90' lang='lat' dir='ltr'><strong>id</strong></span> <span class='ocrx_word' id='word_1_175' title='bbox 839 1994 987 2066; x_wconf 90' lang='lat' dir='ltr'><strong>quod</strong></span> <span class='ocrx_word' id='word_1_176' title='bbox 1021 1994 1158 2048; x_wconf 86' lang='lat' dir='ltr'><strong>citra</strong></span> <span class='ocrx_word' id='word_1_177' title='bbox 1187 1992 1512 2048; x_wconf 85' lang='lat' dir='ltr'><strong>divisionem</strong></span> <span class='ocrx_word' id='word_1_178' title='bbox 1553 1992 1608 2045; x_wconf 90' lang='lat' dir='ltr'><strong>in</strong></span> <span class='ocrx_word' id='word_1_179' title='bbox 1658 2005 2010 2047; x_wconf 88' lang='lat' dir='ltr'><strong>communem</strong></span> 
     </span>
    </p>
   </div>
   <div class='ocr_carea' id='block_1_29' title="bbox 429 2086 2016 2158">
    <p class='ocr_par' dir='ltr' id='par_1_29' title="bbox 429 2086 2016 2158">
     <span class='ocr_line' id='line_1_29' title="bbox 429 2086 2016 2158; baseline -0.006 -10"><span class='ocrx_word' id='word_1_180' title='bbox 429 2108 588 2148; x_wconf 86' lang='lat' dir='ltr'><strong>usum</strong></span> <span class='ocrx_word' id='word_1_181' title='bbox 621 2089 922 2144; x_wconf 87' lang='lat' dir='ltr'><strong>assumitur</strong></span> <span class='ocrx_word' id='word_1_182' title='bbox 951 2091 1030 2158; x_wconf 88' lang='lat' dir='ltr'><strong>(et</strong></span> <span class='ocrx_word' id='word_1_183' title='bbox 1057 2086 1396 2156; x_wconf 88' lang='lat' dir='ltr'><strong>adhibetur),</strong></span> <span class='ocrx_word' id='word_1_184' title='bbox 1420 2098 1477 2139; x_wconf 92' lang='lat' dir='ltr'><strong>ut</strong></span> <span class='ocrx_word' id='word_1_185' title='bbox 1505 2099 1650 2140; x_wconf 87' lang='lat' dir='ltr'><strong>unus</strong></span> <span class='ocrx_word' id='word_1_186' title='bbox 1677 2099 1892 2148; x_wconf 87' lang='lat' dir='ltr'><strong>servus,</strong></span> <span class='ocrx_word' id='word_1_187' title='bbox 1923 2094 2016 2139; x_wconf 88' lang='lat' dir='ltr'><strong>aut</strong></span> 
     </span>
    </p>
   </div>
   <div class='ocr_carea' id='block_1_30' title="bbox 432 2181 1550 2253">
    <p class='ocr_par' dir='ltr' id='par_1_30' title="bbox 432 2181 1550 2253">
     <span class='ocr_line' id='line_1_30' title="bbox 432 2181 1550 2253; baseline -0.008 -13"><span class='ocrx_word' id='word_1_188' title='bbox 432 2201 574 2240; x_wconf 91' lang='lat' dir='ltr'><strong>unus</strong></span> <span class='ocrx_word' id='word_1_189' title='bbox 598 2198 773 2253; x_wconf 86' lang='lat' dir='ltr'><strong>equus</strong></span> <span class='ocrx_word' id='word_1_190' title='bbox 797 2181 1137 2252; x_wconf 73' lang='lat' dir='ltr'><strong>diversorum</strong></span> <span class='ocrx_word' id='word_1_191' title='bbox 1186 2181 1550 2234; x_wconf 89' lang='lat' dir='ltr'><strong>dominorum.</strong></span> 
     </span>
    </p>
   </div>
   <div class='ocr_carea' id='block_1_31' title="bbox 500 2269 2002 2344">
    <p class='ocr_par' dir='ltr' id='par_1_31' title="bbox 500 2269 2002 2344">
     <span class='ocr_line' id='line_1_31' title="bbox 500 2269 2002 2344; baseline -0.005 -13"><span class='ocrx_word' id='word_1_192' title='bbox 500 2277 589 2330; x_wconf 76' lang='grc'><strong>16.</strong></span> <span class='ocrx_word' id='word_1_193' title='bbox 632 2275 728 2330; x_wconf 87' lang='lat' dir='ltr'><strong>Vel</strong></span> <span class='ocrx_word' id='word_1_194' title='bbox 755 2274 808 2329; x_wconf 91' lang='lat' dir='ltr'><strong>id</strong></span> <span class='ocrx_word' id='word_1_195' title='bbox 837 2273 1063 2344; x_wconf 86' lang='lat' dir='ltr'><strong>quodin</strong></span> <span class='ocrx_word' id='word_1_196' title='bbox 1091 2271 1569 2343; x_wconf 68' lang='lat' dir='ltr'><strong>praeoccupatione</strong></span> <span class='ocrx_word' id='word_1_197' title='bbox 1601 2271 1884 2340; x_wconf 86' lang='lat' dir='ltr'><strong>proprium</strong></span> <span class='ocrx_word' id='word_1_198' title='bbox 1921 2269 2002 2325; x_wconf 80' lang='lat' dir='ltr'><strong>ef-</strong></span> 
     </span>
    </p>
   </div>
   <div class='ocr_carea' id='block_1_32' title="bbox 429 2362 2010 2436">
    <p class='ocr_par' dir='ltr' id='par_1_32' title="bbox 429 2362 2010 2436">
     <span class='ocr_line' id='line_1_32' title="bbox 429 2362 2010 2436; baseline -0.004 -14"><span class='ocrx_word' id='word_1_199' title='bbox 429 2366 637 2432; x_wconf 82' lang='lat' dir='ltr'><strong>ﬁcitur,</strong></span> <span class='ocrx_word' id='word_1_200' title='bbox 665 2366 940 2436; x_wconf 88' lang='lat' dir='ltr'><strong>quomodo</strong></span> <span class='ocrx_word' id='word_1_201' title='bbox 969 2367 1120 2419; x_wconf 91' lang='lat' dir='ltr'><strong>locus</strong></span> <span class='ocrx_word' id='word_1_202' title='bbox 1140 2363 1233 2433; x_wconf 91' lang='lat' dir='ltr'><strong>qui</strong></span> <span class='ocrx_word' id='word_1_203' title='bbox 1265 2363 1320 2417; x_wconf 90' lang='lat' dir='ltr'><strong>in</strong></span> <span class='ocrx_word' id='word_1_204' title='bbox 1347 2365 1560 2417; x_wconf 88' lang='lat' dir='ltr'><strong>theatro</strong></span> <span class='ocrx_word' id='word_1_205' title='bbox 1579 2362 1889 2417; x_wconf 87' lang='lat' dir='ltr'><strong>communis</strong></span> <span class='ocrx_word' id='word_1_206' title='bbox 1906 2371 2010 2427; x_wconf 89' lang='lat' dir='ltr'><strong>est,</strong></span> 
     </span>
    </p>
   </div>
   <div class='ocr_carea' id='block_1_33' title="bbox 429 2453 1728 2530">
    <p class='ocr_par' dir='ltr' id='par_1_33' title="bbox 429 2453 1728 2530">
     <span class='ocr_line' id='line_1_33' title="bbox 429 2453 1728 2530; baseline -0.005 -15"><span class='ocrx_word' id='word_1_207' title='bbox 429 2461 489 2516; x_wconf 84' lang='lat' dir='ltr'><strong>lit</strong></span> <span class='ocrx_word' id='word_1_208' title='bbox 524 2459 781 2530; x_wconf 83' lang='lat' dir='ltr'><strong>proprius</strong></span> <span class='ocrx_word' id='word_1_209' title='bbox 813 2458 934 2526; x_wconf 83' lang='lat' dir='ltr'><strong>ejus</strong></span> <span class='ocrx_word' id='word_1_210' title='bbox 967 2456 1059 2526; x_wconf 92' lang='lat' dir='ltr'><strong>qui</strong></span> <span class='ocrx_word' id='word_1_211' title='bbox 1100 2454 1500 2526; x_wconf 65' lang='lat' dir='ltr'><strong>praeoccupavit</strong></span> <span class='ocrx_word' id='word_1_212' title='bbox 1527 2453 1728 2524; x_wconf 88' lang='lat' dir='ltr'><strong>ipsum.</strong></span> 
     </span>
    </p>
   </div>
   <div class='ocr_carea' id='block_1_34' title="bbox 503 2545 2012 2620">
    <p class='ocr_par' dir='ltr' id='par_1_34' title="bbox 503 2545 2012 2620">
     <span class='ocr_line' id='line_1_34' title="bbox 503 2545 2012 2620; baseline -0.003 -14"><span class='ocrx_word' id='word_1_213' title='bbox 503 2551 591 2606; x_wconf 77' lang='grc' dir='ltr'><strong>Π.</strong></span> <span class='ocrx_word' id='word_1_214' title='bbox 633 2550 728 2606; x_wconf 88' lang='lat' dir='ltr'><strong>Vel</strong></span> <span class='ocrx_word' id='word_1_215' title='bbox 771 2547 917 2620; x_wconf 88' lang='lat' dir='ltr'><strong>quod</strong></span> <span class='ocrx_word' id='word_1_216' title='bbox 944 2548 1001 2602; x_wconf 90' lang='lat' dir='ltr'><strong>in</strong></span> <span class='ocrx_word' id='word_1_217' title='bbox 1035 2562 1192 2616; x_wconf 67' lang='lat' dir='ltr'><strong>aequo</strong></span> <span class='ocrx_word' id='word_1_218' title='bbox 1226 2545 1614 2618; x_wconf 88' lang='lat' dir='ltr'><strong>participatur,</strong></span> <span class='ocrx_word' id='word_1_219' title='bbox 1643 2555 1707 2601; x_wconf 92' lang='lat' dir='ltr'><strong>ut</strong></span> <span class='ocrx_word' id='word_1_220' title='bbox 1734 2560 1840 2601; x_wconf 84' lang='lat' dir='ltr'><strong>vox</strong></span> <span class='ocrx_word' id='word_1_221' title='bbox 1871 2561 2012 2618; x_wconf 67' lang='lat' dir='ltr'><strong>prae-</strong></span> 
     </span>
    </p>
   </div>
   <div class='ocr_carea' id='block_1_35' title="bbox 427 2644 605 2700">
    <p class='ocr_par' dir='ltr' id='par_1_35' title="bbox 427 2644 605 2700">
     <span class='ocr_line' id='line_1_35' title="bbox 427 2644 605 2700; baseline -0.022 0"><span class='ocrx_word' id='word_1_222' title='bbox 427 2644 605 2700; x_wconf 88' lang='lat' dir='ltr'><strong>conis.</strong></span> 
     </span>
    </p>
   </div>
   <div class='ocr_carea' id='block_1_36' title="bbox 503 2731 2013 2804">
    <p class='ocr_par' dir='ltr' id='par_1_36' title="bbox 503 2731 2013 2804">
     <span class='ocr_line' id='line_1_36' title="bbox 503 2731 2013 2804; baseline 0.001 -14"><span class='ocrx_word' id='word_1_223' title='bbox 503 2736 590 2790; x_wconf 82' lang='grc'><strong>18.</strong></span> <span class='ocrx_word' id='word_1_224' title='bbox 628 2733 814 2802; x_wconf 86' lang='lat' dir='ltr'><strong>Quoad</strong></span> <span class='ocrx_word' id='word_1_225' title='bbox 842 2733 949 2789; x_wconf 83' lang='lat' dir='ltr'><strong>hoc</strong></span> <span class='ocrx_word' id='word_1_226' title='bbox 978 2731 1345 2804; x_wconf 79' lang='lat' dir='ltr'><strong>signilieatum</strong></span> <span class='ocrx_word' id='word_1_227' title='bbox 1389 2740 1446 2787; x_wconf 87' lang='lat' dir='ltr'><strong>et</strong></span> <span class='ocrx_word' id='word_1_228' title='bbox 1474 2733 1704 2788; x_wconf 87' lang='lat' dir='ltr'><strong>materia</strong></span> <span class='ocrx_word' id='word_1_229' title='bbox 1752 2736 2013 2791; x_wconf 92' lang='lat' dir='ltr'><strong>omnibus</strong></span> 
     </span>
    </p>
   </div>
   <div class='ocr_carea' id='block_1_37' title="bbox 427 2828 2014 2901">
    <p class='ocr_par' dir='ltr' id='par_1_37' title="bbox 427 2828 2014 2901">
     <span class='ocr_line' id='line_1_37' title="bbox 427 2828 2014 2901; baseline 0.001 -17"><span class='ocrx_word' id='word_1_230' title='bbox 427 2846 551 2901; x_wconf 78' lang='lat' dir='ltr'><strong>qua:</strong></span> <span class='ocrx_word' id='word_1_231' title='bbox 579 2839 706 2884; x_wconf 87' lang='lat' dir='ltr'><strong>sunt</strong></span> <span class='ocrx_word' id='word_1_232' title='bbox 730 2831 1038 2883; x_wconf 85' lang='lat' dir='ltr'><strong>communis</strong></span> <span class='ocrx_word' id='word_1_233' title='bbox 1059 2835 1162 2894; x_wconf 87' lang='lat' dir='ltr'><strong>est,</strong></span> <span class='ocrx_word' id='word_1_234' title='bbox 1185 2836 1242 2882; x_wconf 87' lang='lat' dir='ltr'><strong>et</strong></span> <span class='ocrx_word' id='word_1_235' title='bbox 1275 2842 1472 2898; x_wconf 73' lang='lat' dir='ltr'><strong>genera</strong></span> <span class='ocrx_word' id='word_1_236' title='bbox 1505 2838 1667 2899; x_wconf 87' lang='lat' dir='ltr'><strong>atque</strong></span> <span class='ocrx_word' id='word_1_237' title='bbox 1693 2828 2014 2886; x_wconf 65' lang='lat' dir='ltr'><strong>dill‘ercntiae</strong></span> 
     </span>
    </p>
   </div>
   <div class='ocr_carea' id='block_1_38' title="bbox 427 2918 2012 2992">
    <p class='ocr_par' dir='ltr' id='par_1_38' title="bbox 427 2918 2012 2992">
     <span class='ocr_line' id='line_1_38' title="bbox 427 2918 2012 2992; baseline 0.001 -15"><span class='ocrx_word' id='word_1_238' title='bbox 427 2923 724 2992; x_wconf 74' lang='lat' dir='ltr'><strong>speciebus</strong></span> <span class='ocrx_word' id='word_1_239' title='bbox 754 2921 874 2991; x_wconf 87' lang='lat' dir='ltr'><strong>ipsa</strong></span> <span class='ocrx_word' id='word_1_240' title='bbox 907 2918 1367 2990; x_wconf 86' lang='lat' dir='ltr'><strong>participantibus</strong></span> <span class='ocrx_word' id='word_1_241' title='bbox 1395 2923 1710 2977; x_wconf 88' lang='lat' dir='ltr'><strong>communia</strong></span> <span class='ocrx_word' id='word_1_242' title='bbox 1746 2940 1760 2977; x_wconf 88' lang='lat'>:</span> <span class='ocrx_word' id='word_1_243' title='bbox 1807 2926 2012 2980; x_wconf 87' lang='lat' dir='ltr'><strong>animal</strong></span> 
     </span>
    </p>
   </div>
   <div class='ocr_carea' id='block_1_39' title="bbox 424 3005 2012 3078">
    <p class='ocr_par' dir='ltr' id='par_1_39' title="bbox 424 3005 2012 3078">
     <span class='ocr_line' id='line_1_39' title="bbox 424 3005 2012 3078; baseline 0.004 -12"><span class='ocrx_word' id='word_1_244' title='bbox 424 3016 698 3070; x_wconf 77' lang='lat' dir='ltr'><strong>universis</strong></span> <span class='ocrx_word' id='word_1_245' title='bbox 746 3013 1076 3068; x_wconf 84' lang='lat' dir='ltr'><strong>animalibus</strong></span> <span class='ocrx_word' id='word_1_246' title='bbox 1137 3005 1581 3078; x_wconf 49' lang='lat' dir='ltr'><strong>commune‘est,</strong></span> <span class='ocrx_word' id='word_1_247' title='bbox 1639 3025 1694 3070; x_wconf 92' lang='lat' dir='ltr'><strong>et</strong></span> <span class='ocrx_word' id='word_1_248' title='bbox 1747 3017 2012 3072; x_wconf 88' lang='lat' dir='ltr'><strong>rationale</strong></span> 
     </span>
    </p>
   </div>
   <div class='ocr_carea' id='block_1_40' title="bbox 426 3107 2010 3175">
    <p class='ocr_par' dir='ltr' id='par_1_40' title="bbox 426 3107 2010 3175">
     <span class='ocr_line' id='line_1_40' title="bbox 426 3107 2010 3175; baseline 0.001 -14"><span class='ocrx_word' id='word_1_249' title='bbox 426 3109 699 3163; x_wconf 87' lang='lat' dir='ltr'><strong>universis</strong></span> <span class='ocrx_word' id='word_1_250' title='bbox 725 3109 1112 3175; x_wconf 83' lang='lat' dir='ltr'><strong>rationalibus,</strong></span> <span class='ocrx_word' id='word_1_251' title='bbox 1145 3118 1198 3162; x_wconf 80' lang='lat' dir='ltr'><strong>et</strong></span> <span class='ocrx_word' id='word_1_252' title='bbox 1222 3107 1544 3162; x_wconf 86' lang='lat' dir='ltr'><strong>irrationale</strong></span> <span class='ocrx_word' id='word_1_253' title='bbox 1569 3109 1839 3164; x_wconf 84' lang='lat' dir='ltr'><strong>universis</strong></span> <span class='ocrx_word' id='word_1_254' title='bbox 1869 3110 2010 3163; x_wconf 86' lang='lat' dir='ltr'><strong>irra-</strong></span> 
     </span>
    </p>
   </div>
   <div class='ocr_carea' id='block_1_41' title="bbox 2197 1436 3686 1511">
    <p class='ocr_par' dir='ltr' id='par_1_41' title="bbox 2197 1436 3686 1511">
     <span class='ocr_line' id='line_1_41' title="bbox 2197 1436 3686 1511; baseline 0.005 -21"><span class='ocrx_word' id='word_1_255' title='bbox 2197 1437 2284 1505; x_wconf 81' lang='grc' dir='ltr'><strong>ιβ’.</strong></span> <span class='ocrx_word' id='word_1_256' title='bbox 2305 1437 2459 1508; x_wconf 82' lang='grc' dir='ltr'><strong>Ἔχει</strong></span> <span class='ocrx_word' id='word_1_257' title='bbox 2493 1436 2673 1492; x_wconf 80' lang='grc' dir='ltr'><strong>τοίνυν</strong></span> <span class='ocrx_word' id='word_1_258' title='bbox 2705 1441 2732 1494; x_wconf 86' lang='grc' dir='ltr'><strong>ό</strong></span> <span class='ocrx_word' id='word_1_259' title='bbox 2763 1441 3055 1511; x_wconf 74' lang='grc' dir='ltr'><strong>ἄνθρωπος</strong></span> <span class='ocrx_word' id='word_1_260' title='bbox 3084 1443 3316 1497; x_wconf 73' lang='grc' dir='ltr'><strong>ἕκαστον</strong></span> <span class='ocrx_word' id='word_1_261' title='bbox 3345 1443 3480 1497; x_wconf 88' lang='grc' dir='ltr'><strong>ῖδιον</strong></span> <span class='ocrx_word' id='word_1_262' title='bbox 3501 1444 3686 1500; x_wconf 69' lang='grc' dir='ltr'><strong>κατάλα-</strong></span> 
     </span>
    </p>
   </div>
   <div class='ocr_carea' id='block_1_42' title="bbox 2118 1529 2742 1603">
    <p class='ocr_par' dir='ltr' id='par_1_42' title="bbox 2118 1529 2742 1603">
     <span class='ocr_line' id='line_1_42' title="bbox 2118 1529 2742 1603; baseline 0.01 -22"><span class='ocrx_word' id='word_1_263' title='bbox 2118 1529 2279 1600; x_wconf 89' lang='grc' dir='ltr'><strong>ληλον</strong></span> <span class='ocrx_word' id='word_1_264' title='bbox 2311 1533 2528 1603; x_wconf 78' lang='grc' dir='ltr'><strong>ἑκάστῳ</strong></span> <span class='ocrx_word' id='word_1_265' title='bbox 2558 1531 2742 1603; x_wconf 81' lang='grc' dir='ltr'><strong>κοινῷ.</strong></span> 
     </span>
    </p>
   </div>
   <div class='ocr_carea' id='block_1_43' title="bbox 2191 1623 3390 1702">
    <p class='ocr_par' dir='ltr' id='par_1_43' title="bbox 2191 1623 3390 1702">
     <span class='ocr_line' id='line_1_43' title="bbox 2191 1623 3390 1702; baseline 0.006 -24"><span class='ocrx_word' id='word_1_266' title='bbox 2191 1623 2280 1694; x_wconf 87' lang='grc' dir='ltr'><strong>ιγ’.</strong></span> <span class='ocrx_word' id='word_1_267' title='bbox 2306 1627 2540 1695; x_wconf 82' lang='grc' dir='ltr'><strong>Λέγεται</strong></span> <span class='ocrx_word' id='word_1_268' title='bbox 2572 1626 2626 1680; x_wconf 77' lang='grc' dir='ltr'><strong>δὲ</strong></span> <span class='ocrx_word' id='word_1_269' title='bbox 2657 1629 2749 1682; x_wconf 82' lang='grc' dir='ltr'><strong>καὶ</strong></span> <span class='ocrx_word' id='word_1_270' title='bbox 2786 1628 2849 1682; x_wconf 72' lang='grc' dir='ltr'><strong>τὸ</strong></span> <span class='ocrx_word' id='word_1_271' title='bbox 2879 1629 3058 1684; x_wconf 79' lang='grc' dir='ltr'><strong>κοινὸν</strong></span> <span class='ocrx_word' id='word_1_272' title='bbox 3086 1631 3390 1702; x_wconf 82' lang='grc' dir='ltr'><strong>τετραχῶς.</strong></span> 
     </span>
    </p>
   </div>
   <div class='ocr_carea' id='block_1_44' title="bbox 2193 1799 3690 1884">
    <p class='ocr_par' dir='ltr' id='par_1_44' title="bbox 2193 1799 3690 1884">
     <span class='ocr_line' id='line_1_44' title="bbox 2193 1799 3690 1884; baseline 0.009 -29"><span class='ocrx_word' id='word_1_273' title='bbox 2193 1799 2273 1857; x_wconf 86' lang='grc' dir='ltr'><strong>ιδ’.</strong></span> <span class='ocrx_word' id='word_1_274' title='bbox 2312 1803 2381 1857; x_wconf 86' lang='grc' dir='ltr'><strong>Ἦ</strong></span> <span class='ocrx_word' id='word_1_275' title='bbox 2415 1803 2526 1876; x_wconf 82' lang='grc' dir='ltr'><strong>γὰρ</strong></span> <span class='ocrx_word' id='word_1_276' title='bbox 2555 1803 2614 1859; x_wconf 81' lang='grc' dir='ltr'><strong>τδ</strong></span> <span class='ocrx_word' id='word_1_277' title='bbox 2648 1806 2728 1870; x_wconf 83' lang='grc' dir='ltr'><strong>είς</strong></span> <span class='ocrx_word' id='word_1_278' title='bbox 2765 1808 2911 1879; x_wconf 83' lang='grc' dir='ltr'><strong>μέρη</strong></span> <span class='ocrx_word' id='word_1_279' title='bbox 2952 1808 3250 1879; x_wconf 77' lang='grc' dir='ltr'><strong>διαιρετὸν,</strong></span> <span class='ocrx_word' id='word_1_280' title='bbox 3278 1811 3357 1876; x_wconf 83' lang='grc' dir='ltr'><strong>ὡς</strong></span> <span class='ocrx_word' id='word_1_281' title='bbox 3381 1814 3550 1884; x_wconf 76' lang='grc' dir='ltr'><strong>ἀγρὸς</strong></span> <span class='ocrx_word' id='word_1_282' title='bbox 3581 1831 3690 1868; x_wconf 66' lang='grc' dir='ltr'><strong>κοιο</strong></span> 
     </span>
    </p>
   </div>
   <div class='ocr_carea' id='block_1_45' title="bbox 2119 1894 3025 1959">
    <p class='ocr_par' dir='ltr' id='par_1_45' title="bbox 2119 1894 3025 1959">
     <span class='ocr_line' id='line_1_45' title="bbox 2119 1894 3025 1959; baseline 0.009 -10"><span class='ocrx_word' id='word_1_283' title='bbox 2119 1894 2229 1959; x_wconf 88' lang='grc' dir='ltr'><strong>νός.</strong></span> <span class='ocrx_word' id='word_1_284' title='bbox 2469 1941 2472 1944; x_wconf 69' lang='lat'><strong>.</strong></span> <span class='ocrx_word' id='word_1_285' title='bbox 3015 1949 3025 1957; x_wconf 93' lang='lat'><strong>.</strong></span> 
     </span>
    </p>
   </div>
   <div class='ocr_carea' id='block_1_46' title="bbox 2193 1991 3690 2068">
    <p class='ocr_par' dir='ltr' id='par_1_46' title="bbox 2193 1991 3690 2068">
     <span class='ocr_line' id='line_1_46' title="bbox 2193 1991 3690 2068; baseline 0.007 -26"><span class='ocrx_word' id='word_1_286' title='bbox 2193 1995 2276 2045; x_wconf 86' lang='grc' dir='ltr'><strong>ιε’.</strong></span> <span class='ocrx_word' id='word_1_287' title='bbox 2329 1991 2401 2044; x_wconf 84' lang='grc' dir='ltr'><em>Ἢ</em></span> <span class='ocrx_word' id='word_1_288' title='bbox 2452 1991 2514 2044; x_wconf 81' lang='grc' dir='ltr'><strong>τὸ</strong></span> <span class='ocrx_word' id='word_1_289' title='bbox 2559 1991 2888 2063; x_wconf 72' lang='grc' dir='ltr'><strong>ἀδιαιρέτως</strong></span> <span class='ocrx_word' id='word_1_290' title='bbox 2920 1994 2978 2048; x_wconf 69' lang='grc' dir='ltr'><strong>ἐν</strong></span> <span class='ocrx_word' id='word_1_291' title='bbox 3007 1993 3208 2066; x_wconf 87' lang='grc' dir='ltr'><strong>χρήσει</strong></span> <span class='ocrx_word' id='word_1_292' title='bbox 3240 1998 3393 2067; x_wconf 82' lang='grc' dir='ltr'><strong>κοινῇ</strong></span> <span class='ocrx_word' id='word_1_293' title='bbox 3428 1997 3690 2068; x_wconf 76' lang='grc' dir='ltr'><strong>λαμϐανό-</strong></span> 
     </span>
    </p>
   </div>
   <div class='ocr_carea' id='block_1_47' title="bbox 2119 2077 3691 2161">
    <p class='ocr_par' dir='ltr' id='par_1_47' title="bbox 2119 2077 3691 2161">
     <span class='ocr_line' id='line_1_47' title="bbox 2119 2077 3691 2161; baseline 0.008 -25"><span class='ocrx_word' id='word_1_294' title='bbox 2119 2100 2302 2154; x_wconf 86' lang='grc' dir='ltr'><strong>μενον,</strong></span> <span class='ocrx_word' id='word_1_295' title='bbox 2338 2083 2414 2148; x_wconf 85' lang='grc' dir='ltr'><strong>ὼς</strong></span> <span class='ocrx_word' id='word_1_296' title='bbox 2442 2077 2523 2148; x_wconf 75' lang='grc' dir='ltr'><strong>εἷς</strong></span> <span class='ocrx_word' id='word_1_297' title='bbox 2560 2084 2768 2151; x_wconf 86' lang='grc' dir='ltr'><strong>δοῦλος,</strong></span> <span class='ocrx_word' id='word_1_298' title='bbox 2798 2086 2830 2158; x_wconf 82' lang='grc' dir='ltr'>ἢ</span> <span class='ocrx_word' id='word_1_299' title='bbox 2864 2081 2948 2150; x_wconf 79' lang='grc' dir='ltr'><strong>εἷς</strong></span> <span class='ocrx_word' id='word_1_300' title='bbox 2974 2088 3165 2154; x_wconf 74' lang='grc' dir='ltr'><strong>ἵππος,</strong></span> <span class='ocrx_word' id='word_1_301' title='bbox 3196 2089 3476 2144; x_wconf 86' lang='grc' dir='ltr'><strong>δεσποτῶν</strong></span> <span class='ocrx_word' id='word_1_302' title='bbox 3507 2091 3691 2161; x_wconf 70' lang='grc' dir='ltr'><strong>διαφό-</strong></span> 
     </span>
    </p>
   </div>
   <div class='ocr_carea' id='block_1_48' title="bbox 2153 2192 2250 2231">
    <p class='ocr_par' dir='ltr' id='par_1_48' title="bbox 2153 2192 2250 2231">
     <span class='ocr_line' id='line_1_48' title="bbox 2153 2192 2250 2231; baseline 0.041 -5"><span class='ocrx_word' id='word_1_303' title='bbox 2153 2192 2250 2231; x_wconf 85' lang='grc' dir='ltr'><strong>ων.</strong></span> 
     </span>
    </p>
   </div>
   <div class='ocr_carea' id='block_1_49' title="bbox 2117 2193 3689 2344">
    <p class='ocr_par' dir='ltr' id='par_1_49' title="bbox 2117 2193 3689 2344">
     <span class='ocr_line' id='line_1_49' title="bbox 2153 2193 2250 2231; baseline 0.041 -5"><span class='ocrx_word' id='word_1_304' title='bbox 2153 2193 2250 2231; x_wconf 88' lang='grc' dir='ltr'><strong>ων.</strong></span> 
     </span>
     <span class='ocr_line' id='line_1_50' title="bbox 2117 2193 3689 2344; baseline 0.008 -26"><span class='ocrx_word' id='word_1_305' title='bbox 2117 2193 2149 2246; x_wconf 71' lang='grc' dir='ltr'><strong><em>ρ</em></strong></span> <span class='ocrx_word' id='word_1_306' title='bbox 2189 2272 2287 2331; x_wconf 74' lang='grc' dir='ltr'><strong>ις’.</strong></span> <span class='ocrx_word' id='word_1_307' title='bbox 2323 2267 2394 2320; x_wconf 87' lang='grc' dir='ltr'><strong>Ἦ</strong></span> <span class='ocrx_word' id='word_1_308' title='bbox 2423 2267 2486 2320; x_wconf 81' lang='grc' dir='ltr'><strong>τὸ</strong></span> <span class='ocrx_word' id='word_1_309' title='bbox 2518 2269 2575 2320; x_wconf 78' lang='grc' dir='ltr'><strong>ὲν</strong></span> <span class='ocrx_word' id='word_1_310' title='bbox 2612 2269 3034 2341; x_wconf 78' lang='grc' dir='ltr'><strong>προκαταλήψει</strong></span> <span class='ocrx_word' id='word_1_311' title='bbox 3075 2271 3524 2344; x_wconf 82' lang='grc' dir='ltr'><strong>ίδιοποιούμενον,</strong></span> <span class='ocrx_word' id='word_1_312' title='bbox 3560 2276 3631 2340; x_wconf 81' lang='grc' dir='ltr'><strong>ὡς</strong></span> <span class='ocrx_word' id='word_1_313' title='bbox 3661 2279 3689 2331; x_wconf 86' lang='grc' dir='ltr'><strong>ό</strong></span> 
     </span>
    </p>
   </div>
   <div class='ocr_carea' id='block_1_50' title="bbox 2117 2358 3691 2441">
    <p class='ocr_par' dir='ltr' id='par_1_50' title="bbox 2117 2358 3691 2441">
     <span class='ocr_line' id='line_1_51' title="bbox 2117 2358 3691 2441; baseline 0.008 -31"><span class='ocrx_word' id='word_1_314' title='bbox 2117 2359 2175 2412; x_wconf 80' lang='grc' dir='ltr'><strong>ὲν</strong></span> <span class='ocrx_word' id='word_1_315' title='bbox 2223 2358 2438 2429; x_wconf 82' lang='grc' dir='ltr'><strong>θεάτρῳ</strong></span> <span class='ocrx_word' id='word_1_316' title='bbox 2483 2359 2649 2424; x_wconf 87' lang='grc' dir='ltr'><strong>τόπος</strong></span> <span class='ocrx_word' id='word_1_317' title='bbox 2682 2363 2862 2427; x_wconf 82' lang='grc' dir='ltr'><strong>κοινὸς</strong></span> <span class='ocrx_word' id='word_1_318' title='bbox 2892 2363 2991 2430; x_wconf 82' lang='grc' dir='ltr'><strong>ὢν,</strong></span> <span class='ocrx_word' id='word_1_319' title='bbox 3021 2363 3153 2429; x_wconf 86' lang='grc' dir='ltr'><strong>ῖδιος</strong></span> <span class='ocrx_word' id='word_1_320' title='bbox 3183 2366 3394 2435; x_wconf 83' lang='grc' dir='ltr'><strong>γίνεται</strong></span> <span class='ocrx_word' id='word_1_321' title='bbox 3417 2367 3514 2421; x_wconf 83' lang='grc' dir='ltr'><strong>τοῦ</strong></span> <span class='ocrx_word' id='word_1_322' title='bbox 3562 2385 3691 2441; x_wconf 90' lang='grc' dir='ltr'><strong>προ-</strong></span> 
     </span>
    </p>
   </div>
   <div class='ocr_carea' id='block_1_51' title="bbox 2113 2450 2730 2514">
    <p class='ocr_par' dir='ltr' id='par_1_51' title="bbox 2113 2450 2730 2514">
     <span class='ocr_line' id='line_1_52' title="bbox 2113 2450 2730 2514; baseline 0.011 -13"><span class='ocrx_word' id='word_1_323' title='bbox 2113 2450 2513 2514; x_wconf 74' lang='grc' dir='ltr'><strong>καταλαϐόντος</strong></span> <span class='ocrx_word' id='word_1_324' title='bbox 2545 2454 2730 2510; x_wconf 80' lang='grc' dir='ltr'><strong>αὐτόν.</strong></span> 
     </span>
    </p>
   </div>
   <div class='ocr_carea' id='block_1_52' title="bbox 2188 2539 3689 2625">
    <p class='ocr_par' dir='ltr' id='par_1_52' title="bbox 2188 2539 3689 2625">
     <span class='ocr_line' id='line_1_53' title="bbox 2188 2539 3689 2625; baseline 0.008 -30"><span class='ocrx_word' id='word_1_325' title='bbox 2188 2539 2273 2606; x_wconf 75' lang='grc' dir='ltr'><strong>ιζ’.</strong></span> <span class='ocrx_word' id='word_1_326' title='bbox 2305 2543 2376 2596; x_wconf 82' lang='grc' dir='ltr'>Ἢ</span> <span class='ocrx_word' id='word_1_327' title='bbox 2399 2543 2459 2596; x_wconf 83' lang='grc' dir='ltr'><strong>τὸ</strong></span> <span class='ocrx_word' id='word_1_328' title='bbox 2487 2544 2684 2615; x_wconf 75' lang='grc' dir='ltr'><strong>ἐπίσης</strong></span> <span class='ocrx_word' id='word_1_329' title='bbox 2716 2547 3103 2618; x_wconf 81' lang='grc' dir='ltr'><strong>μετεχόμενον,</strong></span> <span class='ocrx_word' id='word_1_330' title='bbox 3125 2548 3202 2613; x_wconf 84' lang='grc' dir='ltr'><strong>ὡς</strong></span> <span class='ocrx_word' id='word_1_331' title='bbox 3227 2549 3260 2622; x_wconf 87' lang='grc' dir='ltr'><strong>ή</strong></span> <span class='ocrx_word' id='word_1_332' title='bbox 3289 2551 3444 2623; x_wconf 76' lang='grc' dir='ltr'><strong>φωνὴ</strong></span> <span class='ocrx_word' id='word_1_333' title='bbox 3469 2551 3565 2606; x_wconf 82' lang='grc' dir='ltr'><strong>τοῦ</strong></span> <span class='ocrx_word' id='word_1_334' title='bbox 3594 2555 3689 2625; x_wconf 82' lang='grc' dir='ltr'><strong>κή-</strong></span> 
     </span>
    </p>
   </div>
   <div class='ocr_carea' id='block_1_53' title="bbox 2154 2653 2306 2698">
    <p class='ocr_par' dir='ltr' id='par_1_53' title="bbox 2154 2653 2306 2698">
     <span class='ocr_line' id='line_1_54' title="bbox 2154 2653 2306 2698; baseline 0.013 -10"><span class='ocrx_word' id='word_1_335' title='bbox 2154 2653 2306 2698; x_wconf 83' lang='grc' dir='ltr'><strong>υκος.</strong></span> 
     </span>
    </p>
   </div>
   <div class='ocr_carea' id='block_1_54' title="bbox 2115 2653 3693 2809">
    <p class='ocr_par' dir='ltr' id='par_1_54' title="bbox 2115 2653 3693 2809">
     <span class='ocr_line' id='line_1_55' title="bbox 2154 2653 2306 2698; baseline 0.013 -10"><span class='ocrx_word' id='word_1_336' title='bbox 2154 2653 2306 2698; x_wconf 82' lang='grc' dir='ltr'><strong>υκος.</strong></span> 
     </span>
     <span class='ocr_line' id='line_1_56' title="bbox 2115 2653 3693 2809; baseline 0.008 -28"><span class='ocrx_word' id='word_1_337' title='bbox 2115 2653 2149 2708; x_wconf 65' lang='grc' dir='ltr'>ρ</span> <span class='ocrx_word' id='word_1_338' title='bbox 2187 2725 2280 2798; x_wconf 85' lang='grc' dir='ltr'><strong>ιη’.</strong></span> <span class='ocrx_word' id='word_1_339' title='bbox 2334 2729 2492 2783; x_wconf 81' lang='grc' dir='ltr'><strong>Κατὰ</strong></span> <span class='ocrx_word' id='word_1_340' title='bbox 2537 2729 2697 2785; x_wconf 74' lang='grc' dir='ltr'><strong>τοῦτο</strong></span> <span class='ocrx_word' id='word_1_341' title='bbox 2726 2731 2786 2785; x_wconf 82' lang='grc' dir='ltr'><strong>τὸ</strong></span> <span class='ocrx_word' id='word_1_342' title='bbox 2818 2734 3220 2804; x_wconf 85' lang='grc' dir='ltr'><strong>σημαινόμενον</strong></span> <span class='ocrx_word' id='word_1_343' title='bbox 3257 2736 3293 2808; x_wconf 77' lang='grc' dir='ltr'>ἦ</span> <span class='ocrx_word' id='word_1_344' title='bbox 3325 2753 3384 2790; x_wconf 86' lang='grc' dir='ltr'><strong>τε</strong></span> <span class='ocrx_word' id='word_1_345' title='bbox 3420 2735 3522 2809; x_wconf 80' lang='grc' dir='ltr'><strong>ὕλη</strong></span> <span class='ocrx_word' id='word_1_346' title='bbox 3557 2741 3693 2793; x_wconf 84' lang='grc' dir='ltr'><strong>πᾶσι</strong></span> 
     </span>
    </p>
   </div>
   <div class='ocr_carea' id='block_1_55' title="bbox 2113 2820 3695 2903">
    <p class='ocr_par' dir='ltr' id='par_1_55' title="bbox 2113 2820 3695 2903">
     <span class='ocr_line' id='line_1_57' title="bbox 2113 2820 3695 2903; baseline 0.008 -29"><span class='ocrx_word' id='word_1_347' title='bbox 2113 2823 2226 2884; x_wconf 86' lang='grc' dir='ltr'><strong>τοῖς</strong></span> <span class='ocrx_word' id='word_1_348' title='bbox 2254 2820 2375 2875; x_wconf 79' lang='grc' dir='ltr'><strong>οὖσι</strong></span> <span class='ocrx_word' id='word_1_349' title='bbox 2410 2825 2584 2893; x_wconf 81' lang='grc' dir='ltr'><strong>κοινὴ,</strong></span> <span class='ocrx_word' id='word_1_350' title='bbox 2616 2825 2710 2882; x_wconf 79' lang='grc' dir='ltr'><strong>καὶ</strong></span> <span class='ocrx_word' id='word_1_351' title='bbox 2751 2827 2819 2879; x_wconf 73' lang='grc' dir='ltr'><strong>τὰ</strong></span> <span class='ocrx_word' id='word_1_352' title='bbox 2870 2828 3004 2898; x_wconf 82' lang='grc' dir='ltr'><strong>γένη</strong></span> <span class='ocrx_word' id='word_1_353' title='bbox 3039 2831 3133 2882; x_wconf 77' lang='grc' dir='ltr'><strong>καὶ</strong></span> <span class='ocrx_word' id='word_1_354' title='bbox 3159 2832 3215 2883; x_wconf 79' lang='grc' dir='ltr'><strong>αἱ</strong></span> <span class='ocrx_word' id='word_1_355' title='bbox 3249 2831 3509 2903; x_wconf 78' lang='grc' dir='ltr'><strong>διαφοραὶ</strong></span> <span class='ocrx_word' id='word_1_356' title='bbox 3535 2835 3695 2888; x_wconf 72' lang='grc' dir='ltr'><strong>κοινὰ</strong></span> 
     </span>
    </p>
   </div>
   <div class='ocr_carea' id='block_1_56' title="bbox 2113 2914 3694 2996">
    <p class='ocr_par' dir='ltr' id='par_1_56' title="bbox 2113 2914 3694 2996">
     <span class='ocr_line' id='line_1_58' title="bbox 2113 2914 3694 2996; baseline 0.009 -30"><span class='ocrx_word' id='word_1_357' title='bbox 2113 2916 2226 2977; x_wconf 87' lang='grc' dir='ltr'><strong>τοῖς</strong></span> <span class='ocrx_word' id='word_1_358' title='bbox 2274 2914 2454 2968; x_wconf 74' lang='grc' dir='ltr'><strong>αὐτῶν</strong></span> <span class='ocrx_word' id='word_1_359' title='bbox 2507 2917 2826 2988; x_wconf 78' lang='grc' dir='ltr'><strong>μετέχουσιν</strong></span> <span class='ocrx_word' id='word_1_360' title='bbox 2875 2921 3078 2974; x_wconf 84' lang='grc' dir='ltr'><strong>εῖόεσι·</strong></span> <span class='ocrx_word' id='word_1_361' title='bbox 3110 2923 3169 2996; x_wconf 59' lang='grc' dir='ltr'><strong>τί)</strong></span> <span class='ocrx_word' id='word_1_362' title='bbox 3217 2920 3355 2987; x_wconf 75' lang='grc' dir='ltr'><strong>ζῶον</strong></span> <span class='ocrx_word' id='word_1_363' title='bbox 3404 2926 3548 2990; x_wconf 85' lang='grc' dir='ltr'><strong>ὅλοις</strong></span> <span class='ocrx_word' id='word_1_364' title='bbox 3581 2930 3694 2989; x_wconf 85' lang='grc' dir='ltr'><strong>τοῖς</strong></span> 
     </span>
    </p>
   </div>
   <div class='ocr_carea' id='block_1_57' title="bbox 2114 3003 3694 3088">
    <p class='ocr_par' dir='ltr' id='par_1_57' title="bbox 2114 3003 3694 3088">
     <span class='ocr_line' id='line_1_59' title="bbox 2114 3003 3694 3088; baseline 0.011 -30"><span class='ocrx_word' id='word_1_365' title='bbox 2114 3003 2275 3070; x_wconf 77' lang='grc' dir='ltr'><strong>ζώοις</strong></span> <span class='ocrx_word' id='word_1_366' title='bbox 2308 3007 2508 3074; x_wconf 65' lang='grc' dir='ltr'><strong>κοινὸν,</strong></span> <span class='ocrx_word' id='word_1_367' title='bbox 2533 3010 2628 3062; x_wconf 78' lang='grc' dir='ltr'><strong>καὶ</strong></span> <span class='ocrx_word' id='word_1_368' title='bbox 2656 3011 2716 3063; x_wconf 84' lang='grc' dir='ltr'><strong>τὸ</strong></span> <span class='ocrx_word' id='word_1_369' title='bbox 2747 3011 2970 3081; x_wconf 72' lang='grc' dir='ltr'><strong>λογικὸν</strong></span> <span class='ocrx_word' id='word_1_370' title='bbox 3001 3015 3145 3080; x_wconf 82' lang='grc' dir='ltr'><strong>ὅλοις</strong></span> <span class='ocrx_word' id='word_1_371' title='bbox 3174 3019 3285 3082; x_wconf 85' lang='grc' dir='ltr'><strong>τοῖς</strong></span> <span class='ocrx_word' id='word_1_372' title='bbox 3313 3017 3575 3088; x_wconf 76' lang='grc' dir='ltr'><strong>λογικοῖς,</strong></span> <span class='ocrx_word' id='word_1_373' title='bbox 3603 3023 3694 3074; x_wconf 74' lang='grc' dir='ltr'><strong>καὶ</strong></span> 
     </span>
    </p>
   </div>
   <div class='ocr_carea' id='block_1_58' title="bbox 2113 3099 3695 3182">
    <p class='ocr_par' dir='ltr' id='par_1_58' title="bbox 2113 3099 3695 3182">
     <span class='ocr_line' id='line_1_60' title="bbox 2113 3099 3695 3182; baseline 0.009 -32"><span class='ocrx_word' id='word_1_374' title='bbox 2113 3101 2223 3160; x_wconf 87' lang='grc' dir='ltr'><strong>τοῖς</strong></span> <span class='ocrx_word' id='word_1_375' title='bbox 2250 3099 2466 3167; x_wconf 81' lang='grc' dir='ltr'><strong>ἀλόγοις</strong></span> <span class='ocrx_word' id='word_1_376' title='bbox 2487 3102 2549 3154; x_wconf 75' lang='grc' dir='ltr'><strong>τὸ</strong></span> <span class='ocrx_word' id='word_1_377' title='bbox 2583 3103 2778 3169; x_wconf 80' lang='grc' dir='ltr'><strong>ἄλογον</strong></span> <span class='ocrx_word' id='word_1_378' title='bbox 2799 3121 2812 3134; x_wconf 95' lang='grc'><strong>·</strong></span> <span class='ocrx_word' id='word_1_379' title='bbox 2840 3107 2934 3159; x_wconf 80' lang='grc' dir='ltr'><strong>καὶ</strong></span> <span class='ocrx_word' id='word_1_380' title='bbox 2959 3107 3050 3158; x_wconf 71' lang='grc' dir='ltr'><strong>ἐπὶ</strong></span> <span class='ocrx_word' id='word_1_381' title='bbox 3075 3109 3186 3161; x_wconf 85' lang='grc' dir='ltr'><strong>τῶν</strong></span> <span class='ocrx_word' id='word_1_382' title='bbox 3214 3109 3392 3164; x_wconf 80' lang='grc' dir='ltr'><strong>ἄλλων</strong></span> <span class='ocrx_word' id='word_1_383' title='bbox 3420 3113 3695 3182; x_wconf 70' lang='grc' dir='ltr'><strong>ἁρμοζόνο</strong></span> 
     </span>
    </p>
   </div>
   <div class='ocr_carea' id='block_1_59' title="bbox 425 3191 2014 3272">
    <p class='ocr_par' dir='ltr' id='par_1_59' title="bbox 425 3201 2012 3258">
     <span class='ocr_line' id='line_1_61' title="bbox 425 3201 2012 3258; baseline 0.003 -4"><span class='ocrx_word' id='word_1_384' title='bbox 425 3203 732 3256; x_wconf 85' lang='lat' dir='ltr'><strong>tionalibus</strong></span> <span class='ocrx_word' id='word_1_385' title='bbox 769 3219 782 3255; x_wconf 90' lang='lat'><strong>:</strong></span> <span class='ocrx_word' id='word_1_386' title='bbox 819 3210 876 3256; x_wconf 88' lang='lat' dir='ltr'><strong>et</strong></span> <span class='ocrx_word' id='word_1_387' title='bbox 907 3202 986 3256; x_wconf 90' lang='lat' dir='ltr'><strong>sic</strong></span> <span class='ocrx_word' id='word_1_388' title='bbox 1016 3203 1072 3255; x_wconf 88' lang='lat' dir='ltr'><strong>in</strong></span> <span class='ocrx_word' id='word_1_389' title='bbox 1103 3201 1226 3255; x_wconf 86' lang='lat' dir='ltr'><strong>aliis</strong></span> <span class='ocrx_word' id='word_1_390' title='bbox 1261 3203 1658 3256; x_wconf 66' lang='lat' dir='ltr'><strong>convenienter</strong></span> <span class='ocrx_word' id='word_1_391' title='bbox 1689 3218 1747 3256; x_wconf 87' lang='lat' dir='ltr'><strong>se</strong></span> <span class='ocrx_word' id='word_1_392' title='bbox 1793 3219 1881 3258; x_wconf 91' lang='lat' dir='ltr'><strong>res</strong></span> <span class='ocrx_word' id='word_1_393' title='bbox 1916 3204 2012 3258; x_wconf 80' lang='lat' dir='ltr'><strong>lia-</strong></span> 
     </span>
    </p>
   </div>
   <div class='ocr_carea' id='block_1_60' title="bbox 2135 3191 3693 3272">
    <p class='ocr_par' dir='ltr' id='par_1_60' title="bbox 2135 3191 3693 3272">
     <span class='ocr_line' id='line_1_62' title="bbox 2135 3191 3693 3272; baseline 0.01 -31"><span class='ocrx_word' id='word_1_394' title='bbox 2135 3205 2236 3250; x_wconf 78' lang='lat' dir='ltr'><strong>:w;.</strong></span> <span class='ocrx_word' id='word_1_395' title='bbox 2271 3191 2430 3243; x_wconf 82' lang='grc' dir='ltr'><strong>Κατὰ</strong></span> <span class='ocrx_word' id='word_1_396' title='bbox 2479 3192 2541 3244; x_wconf 88' lang='grc' dir='ltr'><strong>τὸ</strong></span> <span class='ocrx_word' id='word_1_397' title='bbox 2582 3193 2825 3248; x_wconf 83' lang='grc' dir='ltr'><strong>τοιοῦτον</strong></span> <span class='ocrx_word' id='word_1_398' title='bbox 2876 3196 2970 3249; x_wconf 82' lang='grc' dir='ltr'><strong>τοῦ</strong></span> <span class='ocrx_word' id='word_1_399' title='bbox 3025 3198 3204 3251; x_wconf 78' lang='grc' dir='ltr'><strong>κοινοῦ</strong></span> <span class='ocrx_word' id='word_1_400' title='bbox 3255 3204 3693 3272; x_wconf 83' lang='grc' dir='ltr'><strong>σημαινόμενον,</strong></span> 
     </span>
    </p>
   </div>
   <div class='ocr_carea' id='block_1_61' title="bbox 328 3282 2014 3367">
    <p class='ocr_par' dir='ltr' id='par_1_61' title="bbox 328 3293 2010 3367">
     <span class='ocr_line' id='line_1_63' title="bbox 328 3293 2010 3367; baseline 0.002 -21"><span class='ocrx_word' id='word_1_401' title='bbox 328 3295 335 3302; x_wconf 88' lang='grc'><strong>”</strong></span> <span class='ocrx_word' id='word_1_402' title='bbox 424 3294 532 3348; x_wconf 81' lang='lat' dir='ltr'><strong>bet.</strong></span> <span class='ocrx_word' id='word_1_403' title='bbox 571 3294 760 3359; x_wconf 83' lang='lat' dir='ltr'><strong>Quoad</strong></span> <span class='ocrx_word' id='word_1_404' title='bbox 792 3295 895 3348; x_wconf 87' lang='lat' dir='ltr'><strong>hoc</strong></span> <span class='ocrx_word' id='word_1_405' title='bbox 925 3294 1302 3366; x_wconf 76' lang='lat' dir='ltr'><strong>signiﬁcatum</strong></span> <span class='ocrx_word' id='word_1_406' title='bbox 1336 3293 1501 3347; x_wconf 82' lang='lat' dir='ltr'><strong>etiam</strong></span> <span class='ocrx_word' id='word_1_407' title='bbox 1555 3296 1608 3348; x_wconf 85' lang='lat' dir='ltr'><strong>in</strong></span> <span class='ocrx_word' id='word_1_408' title='bbox 1665 3293 2010 3367; x_wconf 83' lang='lat' dir='ltr'><strong>bomonymis</strong></span> 
     </span>
    </p>
   </div>
   <div class='ocr_carea' id='block_1_62' title="bbox 2135 3282 3698 3367">
    <p class='ocr_par' dir='ltr' id='par_1_62' title="bbox 2135 3282 3698 3362">
     <span class='ocr_line' id='line_1_64' title="bbox 2135 3282 3698 3362; baseline 0.01 -28"><span class='ocrx_word' id='word_1_409' title='bbox 2135 3282 2205 3334; x_wconf 75' lang='grc' dir='ltr'><strong>ιαὶ</strong></span> <span class='ocrx_word' id='word_1_410' title='bbox 2238 3283 2328 3334; x_wconf 71' lang='grc' dir='ltr'><strong>ἐπὶ</strong></span> <span class='ocrx_word' id='word_1_411' title='bbox 2357 3283 2464 3336; x_wconf 90' lang='grc' dir='ltr'><strong>τῶν</strong></span> <span class='ocrx_word' id='word_1_412' title='bbox 2496 3286 2809 3356; x_wconf 82' lang='grc' dir='ltr'><strong>ὁμωνύμων</strong></span> <span class='ocrx_word' id='word_1_413' title='bbox 2837 3289 2896 3342; x_wconf 85' lang='grc' dir='ltr'><strong>τὸ</strong></span> <span class='ocrx_word' id='word_1_414' title='bbox 2926 3289 3101 3360; x_wconf 75' lang='grc' dir='ltr'><strong>ὄνομα</strong></span> <span class='ocrx_word' id='word_1_415' title='bbox 3133 3292 3296 3362; x_wconf 78' lang='grc' dir='ltr'><strong>μόνον</strong></span> <span class='ocrx_word' id='word_1_416' title='bbox 3332 3295 3515 3350; x_wconf 82' lang='grc' dir='ltr'><strong>κοινόν</strong></span> <span class='ocrx_word' id='word_1_417' title='bbox 3543 3313 3558 3328; x_wconf 93' lang='grc'><strong>·</strong></span> <span class='ocrx_word' id='word_1_418' title='bbox 3603 3299 3698 3352; x_wconf 79' lang='grc' dir='ltr'><strong>ἐπὶ</strong></span> 
     </span>
    </p>
   </div>
   <div class='ocr_carea' id='block_1_63' title="bbox 425 3373 2014 3461">
    <p class='ocr_par' dir='ltr' id='par_1_63' title="bbox 425 3383 2008 3454">
     <span class='ocr_line' id='line_1_65' title="bbox 425 3383 2008 3454; baseline 0.004 -22"><span class='ocrx_word' id='word_1_419' title='bbox 425 3383 762 3453; x_wconf 57' lang='grc' dir='ltr'><strong>(ιρίιυὶνοοὶδ)</strong></span> <span class='ocrx_word' id='word_1_420' title='bbox 790 3399 991 3438; x_wconf 87' lang='lat' dir='ltr'><strong>nomen</strong></span> <span class='ocrx_word' id='word_1_421' title='bbox 1018 3383 1196 3436; x_wconf 79' lang='lat' dir='ltr'><strong>Solum</strong></span> <span class='ocrx_word' id='word_1_422' title='bbox 1229 3396 1524 3436; x_wconf 88' lang='lat' dir='ltr'><strong>commune</strong></span> <span class='ocrx_word' id='word_1_423' title='bbox 1555 3399 1571 3449; x_wconf 89' lang='lat'><strong>;</strong></span> <span class='ocrx_word' id='word_1_424' title='bbox 1606 3383 1661 3438; x_wconf 91' lang='lat' dir='ltr'><strong>in</strong></span> <span class='ocrx_word' id='word_1_425' title='bbox 1691 3387 2008 3454; x_wconf 65' lang='lat' dir='ltr'><strong>synonymis</strong></span> 
     </span>
    </p>
   </div>
   <div class='ocr_carea' id='block_1_64' title="bbox 2135 3373 3700 3461">
    <p class='ocr_par' dir='ltr' id='par_1_64' title="bbox 2138 3373 3700 3461">
     <span class='ocr_line' id='line_1_66' title="bbox 2138 3373 3700 3461; baseline 0.011 -34"><span class='ocrx_word' id='word_1_426' title='bbox 2138 3373 2163 3427; x_wconf 86' lang='grc' dir='ltr'>ὲ</span> <span class='ocrx_word' id='word_1_427' title='bbox 2196 3377 2305 3429; x_wconf 83' lang='grc' dir='ltr'><strong>τῶν</strong></span> <span class='ocrx_word' id='word_1_428' title='bbox 2340 3378 2674 3450; x_wconf 78' lang='grc' dir='ltr'><strong>συνωνύμων</strong></span> <span class='ocrx_word' id='word_1_429' title='bbox 2698 3382 2760 3433; x_wconf 87' lang='grc' dir='ltr'><strong>τό</strong></span> <span class='ocrx_word' id='word_1_430' title='bbox 2789 3397 2851 3434; x_wconf 80' lang='grc' dir='ltr'><strong>τε</strong></span> <span class='ocrx_word' id='word_1_431' title='bbox 2893 3381 3068 3454; x_wconf 77' lang='grc' dir='ltr'><strong>ὄνομα</strong></span> <span class='ocrx_word' id='word_1_432' title='bbox 3096 3388 3193 3439; x_wconf 78' lang='grc' dir='ltr'><strong>καὶ</strong></span> <span class='ocrx_word' id='word_1_433' title='bbox 3222 3390 3250 3440; x_wconf 90' lang='grc' dir='ltr'><strong>ό</strong></span> <span class='ocrx_word' id='word_1_434' title='bbox 3285 3388 3428 3442; x_wconf 73' lang='grc' dir='ltr'><strong>κατὰ</strong></span> <span class='ocrx_word' id='word_1_435' title='bbox 3451 3389 3700 3461; x_wconf 78' lang='grc' dir='ltr'><strong>τούνομα</strong></span> 
     </span>
    </p>
   </div>
   <div class='ocr_carea' id='block_1_65' title="bbox 424 3474 2006 3544">
    <p class='ocr_par' dir='ltr' id='par_1_65' title="bbox 424 3474 2006 3544">
     <span class='ocr_line' id='line_1_67' title="bbox 424 3474 2006 3544; baseline 0 -16"><span class='ocrx_word' id='word_1_436' title='bbox 424 3476 718 3543; x_wconf 84' lang='lat' dir='ltr'><strong>(univocis)</strong></span> <span class='ocrx_word' id='word_1_437' title='bbox 743 3484 798 3530; x_wconf 88' lang='lat' dir='ltr'><strong>et</strong></span> <span class='ocrx_word' id='word_1_438' title='bbox 823 3489 1021 3530; x_wconf 87' lang='lat' dir='ltr'><strong>nomen</strong></span> <span class='ocrx_word' id='word_1_439' title='bbox 1054 3484 1110 3529; x_wconf 87' lang='lat' dir='ltr'><strong>et</strong></span> <span class='ocrx_word' id='word_1_440' title='bbox 1139 3474 1325 3544; x_wconf 85' lang='lat' dir='ltr'><strong>quoad</strong></span> <span class='ocrx_word' id='word_1_441' title='bbox 1355 3489 1554 3528; x_wconf 89' lang='lat' dir='ltr'><strong>nomen</strong></span> <span class='ocrx_word' id='word_1_442' title='bbox 1579 3474 1829 3529; x_wconf 80' lang='lat' dir='ltr'><strong>deﬁnitio</strong></span> <span class='ocrx_word' id='word_1_443' title='bbox 1853 3491 2006 3530; x_wconf 82' lang='lat' dir='ltr'><strong>com-</strong></span> 
     </span>
    </p>
   </div>
   <div class='ocr_carea' id='block_1_66' title="bbox 394 3565 2002 3635">
    <p class='ocr_par' dir='ltr' id='par_1_66' title="bbox 394 3565 2002 3635">
     <span class='ocr_line' id='line_1_68' title="bbox 394 3565 2002 3635; baseline 0.002 -17"><span class='ocrx_word' id='word_1_444' title='bbox 394 3595 401 3599; x_wconf 96' lang='lat'><em>-</em></span> <span class='ocrx_word' id='word_1_445' title='bbox 425 3568 610 3622; x_wconf 79' lang='lat' dir='ltr'><strong>munis</strong></span> <span class='ocrx_word' id='word_1_446' title='bbox 641 3577 746 3622; x_wconf 91' lang='lat' dir='ltr'><strong>est.</strong></span> <span class='ocrx_word' id='word_1_447' title='bbox 782 3565 850 3622; x_wconf 84' lang='lat' dir='ltr'><strong>Et</strong></span> <span class='ocrx_word' id='word_1_448' title='bbox 871 3578 957 3622; x_wconf 90' lang='lat' dir='ltr'><strong>est</strong></span> <span class='ocrx_word' id='word_1_449' title='bbox 986 3581 1302 3632; x_wconf 88' lang='lat' dir='ltr'><strong>commune,</strong></span> <span class='ocrx_word' id='word_1_450' title='bbox 1333 3565 1476 3635; x_wconf 86' lang='lat' dir='ltr'><strong>quod</strong></span> <span class='ocrx_word' id='word_1_451' title='bbox 1512 3565 1568 3619; x_wconf 89' lang='lat' dir='ltr'><strong>in</strong></span> <span class='ocrx_word' id='word_1_452' title='bbox 1595 3568 1788 3623; x_wconf 88' lang='lat' dir='ltr'><strong>multis</strong></span> <span class='ocrx_word' id='word_1_453' title='bbox 1817 3569 2002 3624; x_wconf 88' lang='lat' dir='ltr'><strong>consi-</strong></span> 
     </span>
    </p>
   </div>
   <div class='ocr_carea' id='block_1_67' title="bbox 423 3659 1498 3728">
    <p class='ocr_par' dir='ltr' id='par_1_67' title="bbox 423 3659 1498 3728">
     <span class='ocr_line' id='line_1_69' title="bbox 423 3659 1498 3728; baseline 0.002 -18"><span class='ocrx_word' id='word_1_454' title='bbox 423 3661 670 3719; x_wconf 66' lang='lat' dir='ltr'><strong>drratur,</strong></span> <span class='ocrx_word' id='word_1_455' title='bbox 699 3668 792 3713; x_wconf 88' lang='lat' dir='ltr'><strong>aut</strong></span> <span class='ocrx_word' id='word_1_456' title='bbox 829 3659 898 3714; x_wconf 90' lang='lat' dir='ltr'><strong>de</strong></span> <span class='ocrx_word' id='word_1_457' title='bbox 933 3659 1119 3712; x_wconf 87' lang='lat' dir='ltr'><strong>multis</strong></span> <span class='ocrx_word' id='word_1_458' title='bbox 1148 3659 1498 3728; x_wconf 66' lang='lat' dir='ltr'><strong>praedicatur.</strong></span> 
     </span>
    </p>
   </div>
   <div class='ocr_carea' id='block_1_68' title="bbox 498 3748 2002 3823">
    <p class='ocr_par' dir='ltr' id='par_1_68' title="bbox 498 3748 2002 3823">
     <span class='ocr_line' id='line_1_70' title="bbox 498 3748 2002 3823; baseline 0.001 -16"><span class='ocrx_word' id='word_1_459' title='bbox 498 3750 657 3820; x_wconf 77' lang='lat'><strong>120</strong></span> <span class='ocrx_word' id='word_1_460' title='bbox 691 3751 771 3804; x_wconf 91' lang='lat' dir='ltr'><strong>l9.</strong></span> <span class='ocrx_word' id='word_1_461' title='bbox 811 3751 894 3805; x_wconf 82' lang='lat' dir='ltr'><strong>Ad</strong></span> <span class='ocrx_word' id='word_1_462' title='bbox 925 3763 1238 3806; x_wconf 80' lang='lat' dir='ltr'><strong>extremum</strong></span> <span class='ocrx_word' id='word_1_463' title='bbox 1287 3748 1549 3806; x_wconf 88' lang='lat' dir='ltr'><strong>Platonici</strong></span> <span class='ocrx_word' id='word_1_464' title='bbox 1581 3752 1864 3823; x_wconf 85' lang='lat' dir='ltr'><strong>proprium</strong></span> <span class='ocrx_word' id='word_1_465' title='bbox 1901 3753 2002 3808; x_wconf 88' lang='lat' dir='ltr'><strong>tri-</strong></span> 
     </span>
    </p>
   </div>
   <div class='ocr_carea' id='block_1_69' title="bbox 2106 3465 3695 3551">
    <p class='ocr_par' dir='ltr' id='par_1_69' title="bbox 2106 3465 3695 3551">
     <span class='ocr_line' id='line_1_71' title="bbox 2106 3465 3695 3551; baseline 0.011 -34"><span class='ocrx_word' id='word_1_466' title='bbox 2106 3465 2287 3534; x_wconf 86' lang='grc' dir='ltr'><strong>λόγος.</strong></span> <span class='ocrx_word' id='word_1_467' title='bbox 2323 3469 2478 3523; x_wconf 83' lang='grc' dir='ltr'><strong>Ἐστι</strong></span> <span class='ocrx_word' id='word_1_468' title='bbox 2512 3470 2568 3523; x_wconf 68' lang='grc' dir='ltr'><strong>δὲ</strong></span> <span class='ocrx_word' id='word_1_469' title='bbox 2614 3475 2795 3527; x_wconf 85' lang='grc' dir='ltr'><strong>κοινὸν</strong></span> <span class='ocrx_word' id='word_1_470' title='bbox 2848 3475 2908 3527; x_wconf 83' lang='grc' dir='ltr'><strong>τὸ</strong></span> <span class='ocrx_word' id='word_1_471' title='bbox 2938 3477 2997 3528; x_wconf 72' lang='grc' dir='ltr'><strong>ἐν</strong></span> <span class='ocrx_word' id='word_1_472' title='bbox 3032 3477 3249 3541; x_wconf 81' lang='grc' dir='ltr'><strong>πολλοῖς</strong></span> <span class='ocrx_word' id='word_1_473' title='bbox 3285 3478 3695 3551; x_wconf 82' lang='grc' dir='ltr'><strong>Θεωρούμενον,</strong></span> 
     </span>
    </p>
   </div>
   <div class='ocr_carea' id='block_1_70' title="bbox 2102 3555 3024 3635">
    <p class='ocr_par' dir='ltr' id='par_1_70' title="bbox 2102 3555 3024 3635">
     <span class='ocr_line' id='line_1_72' title="bbox 2102 3555 3024 3635; baseline 0.013 -25"><span class='ocrx_word' id='word_1_474' title='bbox 2102 3558 2137 3631; x_wconf 77' lang='grc' dir='ltr'>ἢ</span> <span class='ocrx_word' id='word_1_475' title='bbox 2178 3559 2238 3612; x_wconf 87' lang='grc' dir='ltr'><strong>τὸ</strong></span> <span class='ocrx_word' id='word_1_476' title='bbox 2270 3560 2485 3615; x_wconf 83' lang='grc' dir='ltr'><strong>πολλῶν</strong></span> <span class='ocrx_word' id='word_1_477' title='bbox 2520 3555 3024 3635; x_wconf 73' lang='grc' dir='ltr'><strong>κατηγορούμενον.</strong></span> 
     </span>
    </p>
   </div>
   <div class='ocr_carea' id='block_1_71' title="bbox 2173 3728 3700 3824">
    <p class='ocr_par' dir='ltr' id='par_1_71' title="bbox 2173 3728 3700 3824">
     <span class='ocr_line' id='line_1_73' title="bbox 2173 3728 3700 3824; baseline 0.008 -30"><span class='ocrx_word' id='word_1_478' title='bbox 2173 3739 2263 3794; x_wconf 76' lang='grc' dir='ltr'><strong>ιϐ’.</strong></span> <span class='ocrx_word' id='word_1_479' title='bbox 2299 3728 2383 3794; x_wconf 80' lang='grc' dir='ltr'><strong>¹Τὸ</strong></span> <span class='ocrx_word' id='word_1_480' title='bbox 2414 3741 2470 3795; x_wconf 71' lang='grc' dir='ltr'><strong>δὲ</strong></span> <span class='ocrx_word' id='word_1_481' title='bbox 2504 3741 2637 3796; x_wconf 83' lang='grc' dir='ltr'><strong>ῐδιον</strong></span> <span class='ocrx_word' id='word_1_482' title='bbox 2676 3744 2727 3797; x_wconf 84' lang='lat' dir='ltr'><strong>oi.</strong></span> <span class='ocrx_word' id='word_1_483' title='bbox 2779 3745 3120 3800; x_wconf 79' lang='grc' dir='ltr'><strong>Πλατωνικοὶ</strong></span> <span class='ocrx_word' id='word_1_484' title='bbox 3154 3749 3362 3819; x_wconf 87' lang='grc' dir='ltr'><strong>τριχῶς</strong></span> <span class='ocrx_word' id='word_1_485' title='bbox 3403 3750 3700 3824; x_wconf 81' lang='grc' dir='ltr'><strong>ὲκλαμδά-</strong></span> 
     </span>
    </p>
   </div>
   <div class='ocr_carea' id='block_1_72' title="bbox 420 3835 2014 3918">
    <p class='ocr_par' dir='ltr' id='par_1_72' title="bbox 420 3841 2001 3916">
     <span class='ocr_line' id='line_1_74' title="bbox 420 3841 2001 3916; baseline 0.004 -21"><span class='ocrx_word' id='word_1_486' title='bbox 420 3841 523 3895; x_wconf 85' lang='lat' dir='ltr'><strong>bus</strong></span> <span class='ocrx_word' id='word_1_487' title='bbox 575 3844 752 3897; x_wconf 87' lang='lat' dir='ltr'><strong>modis</strong></span> <span class='ocrx_word' id='word_1_488' title='bbox 795 3844 1121 3913; x_wconf 84' lang='lat' dir='ltr'><strong>accipiunt;</strong></span> <span class='ocrx_word' id='word_1_489' title='bbox 1157 3859 1188 3898; x_wconf 92' lang='lat' dir='ltr'><strong>a</strong></span> <span class='ocrx_word' id='word_1_490' title='bbox 1233 3845 1715 3914; x_wconf 72' lang='lat' dir='ltr'><strong>coagmentatione</strong></span> <span class='ocrx_word' id='word_1_491' title='bbox 1761 3847 2001 3916; x_wconf 88' lang='lat' dir='ltr'><strong>partium</strong></span> 
     </span>
    </p>
   </div>
   <div class='ocr_carea' id='block_1_73' title="bbox 2135 3835 3697 3918">
    <p class='ocr_par' dir='ltr' id='par_1_73' title="bbox 2135 3835 3697 3918">
     <span class='ocr_line' id='line_1_75' title="bbox 2135 3835 3697 3918; baseline 0.009 -32"><span class='ocrx_word' id='word_1_492' title='bbox 2135 3849 2284 3887; x_wconf 84' lang='grc' dir='ltr'><strong>ονται</strong></span> <span class='ocrx_word' id='word_1_493' title='bbox 2308 3849 2323 3865; x_wconf 76' lang='grc' dir='ltr'><strong>ο</strong></span> <span class='ocrx_word' id='word_1_494' title='bbox 2355 3835 2466 3888; x_wconf 77' lang='grc' dir='ltr'><strong>ἀπὸ</strong></span> <span class='ocrx_word' id='word_1_495' title='bbox 2496 3838 2596 3907; x_wconf 80' lang='grc' dir='ltr'><strong>τῆς</strong></span> <span class='ocrx_word' id='word_1_496' title='bbox 2625 3836 3062 3915; x_wconf 71' lang='grc' dir='ltr'><strong>διοργιινιιῖισεως⁹</strong></span> <span class='ocrx_word' id='word_1_497' title='bbox 3083 3840 3159 3905; x_wconf 83' lang='grc' dir='ltr'><strong>ὡς</strong></span> <span class='ocrx_word' id='word_1_498' title='bbox 3204 3843 3265 3894; x_wconf 87' lang='grc' dir='ltr'><strong>τὸ</strong></span> <span class='ocrx_word' id='word_1_499' title='bbox 3291 3841 3592 3913; x_wconf 75' lang='grc' dir='ltr'><strong>δικέφαλον</strong></span> <span class='ocrx_word' id='word_1_500' title='bbox 3623 3851 3697 3918; x_wconf 76' lang='grc' dir='ltr'><strong>τῇ</strong></span> 
     </span>
    </p>
   </div>
   <div class='ocr_carea' id='block_1_74' title="bbox 421 3935 1999 4007">
    <p class='ocr_par' dir='ltr' id='par_1_74' title="bbox 421 3935 1999 4007">
     <span class='ocr_line' id='line_1_76' title="bbox 421 3935 1999 4007; baseline 0.003 -19"><span class='ocrx_word' id='word_1_501' title='bbox 421 3935 949 4001; x_wconf 86' lang='lat' dir='ltr'><strong>instrumentalium,</strong></span> <span class='ocrx_word' id='word_1_502' title='bbox 975 3943 1036 3990; x_wconf 87' lang='lat' dir='ltr'><strong>ut</strong></span> <span class='ocrx_word' id='word_1_503' title='bbox 1079 3937 1268 4007; x_wconf 86' lang='lat' dir='ltr'><strong>biceps</strong></span> <span class='ocrx_word' id='word_1_504' title='bbox 1299 3937 1729 4007; x_wconf 67' lang='lat' dir='ltr'><strong>amphisbzena;</strong></span> <span class='ocrx_word' id='word_1_505' title='bbox 1760 3938 1828 3992; x_wconf 88' lang='lat' dir='ltr'><strong>ab</strong></span> <span class='ocrx_word' id='word_1_506' title='bbox 1850 3947 1999 4007; x_wconf 89' lang='lat' dir='ltr'><strong>actu,</strong></span> 
     </span>
    </p>
   </div>
   <div class='ocr_carea' id='block_1_75' title="bbox 2101 3929 3699 4004">
    <p class='ocr_par' dir='ltr' id='par_1_75' title="bbox 2101 3929 3699 4004">
     <span class='ocr_line' id='line_1_77' title="bbox 2101 3929 3699 4004; baseline 0.008 -22"><span class='ocrx_word' id='word_1_507' title='bbox 2101 3929 2451 4002; x_wconf 81' lang='grc' dir='ltr'><strong>ἁμφισϐαίνῃ</strong></span> <span class='ocrx_word' id='word_1_508' title='bbox 2475 3946 2492 3963; x_wconf 88' lang='grc'><strong>·</strong></span> <span class='ocrx_word' id='word_1_509' title='bbox 2526 3931 2635 3984; x_wconf 76' lang='grc' dir='ltr'><strong>ἀπὸ</strong></span> <span class='ocrx_word' id='word_1_510' title='bbox 2663 3933 2762 4001; x_wconf 78' lang='grc' dir='ltr'><strong>τῆς</strong></span> <span class='ocrx_word' id='word_1_511' title='bbox 2787 3933 3092 4003; x_wconf 72' lang='grc' dir='ltr'><strong>ἐνεργείας,</strong></span> <span class='ocrx_word' id='word_1_512' title='bbox 3124 3936 3200 3999; x_wconf 84' lang='grc' dir='ltr'><strong>ὡς</strong></span> <span class='ocrx_word' id='word_1_513' title='bbox 3228 3935 3290 3988; x_wconf 77' lang='grc' dir='ltr'><strong>τὸ</strong></span> <span class='ocrx_word' id='word_1_514' title='bbox 3319 3937 3699 4004; x_wconf 77' lang='grc' dir='ltr'><strong>λοξοδαδιστι-</strong></span> 
     </span>
    </p>
   </div>
   <div class='ocr_carea' id='block_1_76' title="bbox 421 4022 2014 4100">
    <p class='ocr_par' dir='ltr' id='par_1_76' title="bbox 421 4025 2002 4100">
     <span class='ocr_line' id='line_1_78' title="bbox 421 4025 2002 4100; baseline 0.004 -23"><span class='ocrx_word' id='word_1_515' title='bbox 421 4033 482 4077; x_wconf 83' lang='grc' dir='ltr'><strong>ιιι</strong></span> <span class='ocrx_word' id='word_1_516' title='bbox 517 4025 740 4096; x_wconf 83' lang='lat' dir='ltr'><strong>oblique</strong></span> <span class='ocrx_word' id='word_1_517' title='bbox 787 4026 1078 4082; x_wconf 80' lang='lat' dir='ltr'><strong>ambulans</strong></span> <span class='ocrx_word' id='word_1_518' title='bbox 1130 4042 1378 4083; x_wconf 88' lang='lat' dir='ltr'><strong>cancro:</strong></span> <span class='ocrx_word' id='word_1_519' title='bbox 1411 4043 1442 4082; x_wconf 88' lang='lat' dir='ltr'><strong>a</strong></span> <span class='ocrx_word' id='word_1_520' title='bbox 1475 4028 1741 4099; x_wconf 84' lang='lat' dir='ltr'><strong>potentia,</strong></span> <span class='ocrx_word' id='word_1_521' title='bbox 1778 4039 1836 4084; x_wconf 91' lang='lat' dir='ltr'><strong>ut</strong></span> <span class='ocrx_word' id='word_1_522' title='bbox 1888 4028 2002 4100; x_wconf 80' lang='lat' dir='ltr'><strong>igni</strong></span> 
     </span>
    </p>
   </div>
   <div class='ocr_carea' id='block_1_77' title="bbox 2135 4022 3702 4100">
    <p class='ocr_par' dir='ltr' id='par_1_77' title="bbox 2135 4022 3702 4099">
     <span class='ocr_line' id='line_1_79' title="bbox 2135 4022 3702 4099; baseline 0.008 -23"><span class='ocrx_word' id='word_1_523' title='bbox 2135 4023 2200 4077; x_wconf 73' lang='grc' dir='ltr'><strong>ιον</strong></span> <span class='ocrx_word' id='word_1_524' title='bbox 2234 4022 2312 4095; x_wconf 79' lang='grc' dir='ltr'><strong>τῷ</strong></span> <span class='ocrx_word' id='word_1_525' title='bbox 2347 4025 2599 4096; x_wconf 83' lang='grc' dir='ltr'><strong>καρκίνῳ</strong></span> <span class='ocrx_word' id='word_1_526' title='bbox 2624 4041 2636 4054; x_wconf 90' lang='grc'><strong>·</strong></span> <span class='ocrx_word' id='word_1_527' title='bbox 2663 4027 2773 4079; x_wconf 80' lang='grc' dir='ltr'><strong>ἀπὸ</strong></span> <span class='ocrx_word' id='word_1_528' title='bbox 2803 4027 2900 4095; x_wconf 83' lang='grc' dir='ltr'><strong>τῆς</strong></span> <span class='ocrx_word' id='word_1_529' title='bbox 2935 4027 3334 4099; x_wconf 82' lang='grc' dir='ltr'><strong>δυνάμεως,ὡ;</strong></span> <span class='ocrx_word' id='word_1_530' title='bbox 3365 4032 3423 4085; x_wconf 60' lang='lat' dir='ltr'><strong>ea</strong></span> <span class='ocrx_word' id='word_1_531' title='bbox 3459 4049 3702 4088; x_wconf 82' lang='grc' dir='ltr'><strong>καυστι-</strong></span> 
     </span>
    </p>
   </div>
   <div class='ocr_carea' id='block_1_78' title="bbox 421 4117 2014 4197">
    <p class='ocr_par' dir='ltr' id='par_1_78' title="bbox 421 4118 1999 4191">
     <span class='ocr_line' id='line_1_80' title="bbox 421 4118 1999 4191; baseline 0.005 -22"><span class='ocrx_word' id='word_1_532' title='bbox 421 4118 614 4172; x_wconf 73' lang='lat' dir='ltr'><strong>urcndi</strong></span> <span class='ocrx_word' id='word_1_533' title='bbox 650 4118 902 4175; x_wconf 77' lang='lat' dir='ltr'><strong>facultas.</strong></span> <span class='ocrx_word' id='word_1_534' title='bbox 947 4118 1162 4174; x_wconf 86' lang='lat' dir='ltr'><strong>Etenim</strong></span> <span class='ocrx_word' id='word_1_535' title='bbox 1194 4119 1336 4190; x_wconf 77' lang='lat' dir='ltr'><strong>ignis</strong></span> <span class='ocrx_word' id='word_1_536' title='bbox 1371 4119 1542 4191; x_wconf 80' lang='lat' dir='ltr'><strong>magis</strong></span> <span class='ocrx_word' id='word_1_537' title='bbox 1572 4135 1738 4191; x_wconf 87' lang='lat' dir='ltr'><strong>quam</strong></span> <span class='ocrx_word' id='word_1_538' title='bbox 1765 4121 1999 4190; x_wconf 87' lang='lat' dir='ltr'><strong>quodvis</strong></span> 
     </span>
    </p>
   </div>
   <div class='ocr_carea' id='block_1_79' title="bbox 2135 4117 3702 4197">
    <p class='ocr_par' dir='ltr' id='par_1_79' title="bbox 2135 4117 3702 4197">
     <span class='ocr_line' id='line_1_81' title="bbox 2135 4117 3702 4197; baseline 0.006 -26"><span class='ocrx_word' id='word_1_539' title='bbox 2135 4117 2204 4171; x_wconf 83' lang='grc' dir='ltr'><strong>ιδν</strong></span> <span class='ocrx_word' id='word_1_540' title='bbox 2245 4117 2326 4188; x_wconf 86' lang='grc' dir='ltr'><strong>τῷ</strong></span> <span class='ocrx_word' id='word_1_541' title='bbox 2362 4118 2516 4187; x_wconf 88' lang='grc' dir='ltr'><strong>πυρί.</strong></span> <span class='ocrx_word' id='word_1_542' title='bbox 2559 4117 2798 4174; x_wconf 85' lang='grc' dir='ltr'><strong>Δύναται</strong></span> <span class='ocrx_word' id='word_1_543' title='bbox 2830 4119 2938 4189; x_wconf 77' lang='grc' dir='ltr'><strong>γὰρ</strong></span> <span class='ocrx_word' id='word_1_544' title='bbox 2986 4121 3128 4192; x_wconf 81' lang='grc' dir='ltr'><strong>ὑπὲρ</strong></span> <span class='ocrx_word' id='word_1_545' title='bbox 3160 4123 3268 4177; x_wconf 79' lang='grc' dir='ltr'><strong>πᾶν</strong></span> <span class='ocrx_word' id='word_1_546' title='bbox 3299 4123 3487 4194; x_wconf 70' lang='grc' dir='ltr'><strong>ἕτερον</strong></span> <span class='ocrx_word' id='word_1_547' title='bbox 3527 4125 3702 4197; x_wconf 83' lang='grc' dir='ltr'><strong>σῶμα</strong></span> 
     </span>
    </p>
   </div>
   <div class='ocr_carea' id='block_1_80' title="bbox 420 4208 1214 4283">
    <p class='ocr_par' dir='ltr' id='par_1_80' title="bbox 420 4208 1214 4283">
     <span class='ocr_line' id='line_1_82' title="bbox 420 4208 1214 4283; baseline 0.008 -22"><span class='ocrx_word' id='word_1_548' title='bbox 420 4208 566 4263; x_wconf 84' lang='lat' dir='ltr'><strong>aliud</strong></span> <span class='ocrx_word' id='word_1_549' title='bbox 595 4225 793 4281; x_wconf 82' lang='lat' dir='ltr'><strong>corpus</strong></span> <span class='ocrx_word' id='word_1_550' title='bbox 823 4222 1002 4283; x_wconf 86' lang='lat' dir='ltr'><strong>potest</strong></span> <span class='ocrx_word' id='word_1_551' title='bbox 1031 4227 1214 4268; x_wconf 89' lang='lat' dir='ltr'><strong>urere.</strong></span> 
     </span>
    </p>
   </div>
   <div class='ocr_carea' id='block_1_81' title="bbox 2105 4207 2652 4279">
    <p class='ocr_par' dir='ltr' id='par_1_81' title="bbox 2105 4207 2652 4279">
     <span class='ocr_line' id='line_1_83' title="bbox 2105 4207 2652 4279; baseline 0.002 -17"><span class='ocrx_word' id='word_1_552' title='bbox 2105 4207 2286 4262; x_wconf 78' lang='grc' dir='ltr'><strong>καίειν</strong></span> <span class='ocrx_word' id='word_1_553' title='bbox 2311 4208 2372 4262; x_wconf 85' lang='grc' dir='ltr'><strong>τὸ</strong></span> <span class='ocrx_word' id='word_1_554' title='bbox 2401 4207 2535 4279; x_wconf 81' lang='grc' dir='ltr'><strong>πῦρ.</strong></span> <span class='ocrx_word' id='word_1_555' title='bbox 2645 4229 2652 4236; x_wconf 60' lang='grc' dir='ltr'>ν</span> 
     </span>
    </p>
   </div>
   <div class='ocr_carea' id='block_1_82' title="bbox 1163 4369 2869 4447">
    <p class='ocr_par' dir='ltr' id='par_1_82' title="bbox 1163 4369 2869 4447">
     <span class='ocr_line' id='line_1_84' title="bbox 1163 4369 2869 4447; baseline -0.001 -16"><span class='ocrx_word' id='word_1_556' title='bbox 1163 4375 1377 4445; x_wconf 75' lang='grc' dir='ltr'><strong>Σχῆμα</strong></span> <span class='ocrx_word' id='word_1_557' title='bbox 1425 4378 1641 4446; x_wconf 48' lang='lat' dir='ltr'><strong>metu.</strong></span> <span class='ocrx_word' id='word_1_558' title='bbox 1674 4375 1767 4446; x_wconf 76' lang='grc' dir='ltr'><strong>ιγ’,</strong></span> <span class='ocrx_word' id='word_1_559' title='bbox 1806 4377 1940 4447; x_wconf 74' lang='grc' dir='ltr'><strong>περὶ</strong></span> <span class='ocrx_word' id='word_1_560' title='bbox 1968 4376 2149 4446; x_wconf 82' lang='grc' dir='ltr'><strong>ῖδίου,</strong></span> <span class='ocrx_word' id='word_1_561' title='bbox 2189 4369 2326 4444; x_wconf 76' lang='grc' dir='ltr'><strong><em>ἐνῷ</em></strong></span> <span class='ocrx_word' id='word_1_562' title='bbox 2351 4374 2610 4444; x_wconf 71' lang='grc' dir='ltr'><strong>καὶπερὶ</strong></span> <span class='ocrx_word' id='word_1_563' title='bbox 2641 4375 2869 4430; x_wconf 81' lang='grc' dir='ltr'><strong>κοινοῦ.</strong></span> 
     </span>
    </p>
   </div>
   <div class='ocr_carea' id='block_1_83' title="bbox 1295 4520 2025 4593">
    <p class='ocr_par' dir='ltr' id='par_1_83' title="bbox 1295 4520 2025 4593">
     <span class='ocr_line' id='line_1_85' title="bbox 1295 4520 2025 4593; baseline 0.001 -18"><span class='ocrx_word' id='word_1_564' title='bbox 1295 4520 1325 4593; x_wconf 66' lang='grc' dir='ltr'><strong>δ</strong></span> <span class='ocrx_word' id='word_1_565' title='bbox 1363 4525 1529 4576; x_wconf 80' lang='grc' dir='ltr'><strong>παντὶ</strong></span> <span class='ocrx_word' id='word_1_566' title='bbox 1558 4521 1660 4590; x_wconf 70' lang='grc' dir='ltr'><strong>μὲν</strong></span> <span class='ocrx_word' id='word_1_567' title='bbox 1691 4521 1948 4593; x_wconf 79' lang='grc' dir='ltr'><strong>ὑπάρχει,</strong></span> <span class='ocrx_word' id='word_1_568' title='bbox 1985 4539 2025 4586; x_wconf 88' lang='grc' dir='ltr'><strong>μ</strong></span> 
     </span>
    </p>
   </div>
   <div class='ocr_carea' id='block_1_84' title="bbox 680 4520 1244 4874">
    <p class='ocr_par' dir='ltr' id='par_1_84' title="bbox 680 4520 1244 4874">
     <span class='ocr_line' id='line_1_86' title="bbox 680 4520 1244 4874; baseline 0.004 -160"><span class='ocrx_word' id='word_1_569' title='bbox 680 4660 755 4715; x_wconf 81' lang='grc' dir='ltr'><strong>Τὸ</strong></span> <span class='ocrx_word' id='word_1_570' title='bbox 795 4659 932 4716; x_wconf 83' lang='grc' dir='ltr'><strong>ῖδιον</strong></span> <span class='ocrx_word' id='word_1_571' title='bbox 1198 4520 1244 4874; x_wconf 56' lang='grc' dir='ltr'>ὲ</span> 
     </span>
    </p>
   </div>
   <div class='ocr_carea' id='block_1_85' title="bbox 664 4963 1231 5222">
    <p class='ocr_par' dir='ltr' id='par_1_85' title="bbox 664 4963 1231 5222">
     <span class='ocr_line' id='line_1_87' title="bbox 664 4963 1231 5222; baseline -0.007 -113"><span class='ocrx_word' id='word_1_572' title='bbox 664 5056 734 5109; x_wconf 76' lang='grc' dir='ltr'>Τὸ</span> <span class='ocrx_word' id='word_1_573' title='bbox 760 5054 940 5109; x_wconf 78' lang='grc' dir='ltr'><strong>κοινὸν</strong></span> <span class='ocrx_word' id='word_1_574' title='bbox 1197 4963 1231 5222; x_wconf 58' lang='grc' dir='ltr'><em>ἱ</em></span> 
     </span>
    </p>
   </div>
   <div class='ocr_carea' id='block_1_86' title="bbox 1365 4802 1660 4859">
    <p class='ocr_par' dir='ltr' id='par_1_86' title="bbox 1365 4802 1660 4859">
     <span class='ocr_line' id='line_1_88' title="bbox 1365 4802 1660 4859; baseline 0.01 -4"><span class='ocrx_word' id='word_1_575' title='bbox 1365 4802 1496 4857; x_wconf 84' lang='grc' dir='ltr'><strong>ίδιόν</strong></span> <span class='ocrx_word' id='word_1_576' title='bbox 1522 4805 1660 4859; x_wconf 79' lang='grc' dir='ltr'><strong>ἑστι.</strong></span> 
     </span>
    </p>
   </div>
   <div class='ocr_carea' id='block_1_87' title="bbox 453 5349 1234 5534">
    <p class='ocr_par' dir='ltr' id='par_1_87' title="bbox 453 5349 1234 5534">
     <span class='ocr_line' id='line_1_89' title="bbox 453 5349 1234 5534; baseline -0.004 -121"><span class='ocrx_word' id='word_1_577' title='bbox 453 5357 528 5413; x_wconf 74' lang='grc' dir='ltr'>Τὸ</span> <span class='ocrx_word' id='word_1_578' title='bbox 553 5357 684 5410; x_wconf 73' lang='grc' dir='ltr'><strong>ἴδιον</strong></span> <span class='ocrx_word' id='word_1_579' title='bbox 725 5357 1162 5426; x_wconf 76' lang='grc' dir='ltr'><strong>ὲγλαμϐἀνουσιν</strong></span> <span class='ocrx_word' id='word_1_580' title='bbox 1209 5349 1234 5534; x_wconf 53' lang='grc' dir='ltr'>ἶ</span> 
     </span>
     <span class='ocr_line' id='line_1_90' title="bbox 519 5428 942 5482; baseline -0.007 0"><span class='ocrx_word' id='word_1_581' title='bbox 519 5429 571 5482; x_wconf 77' lang='grc' dir='ltr'><strong>οἱ</strong></span> <span class='ocrx_word' id='word_1_582' title='bbox 606 5428 942 5482; x_wconf 73' lang='grc' dir='ltr'><strong>Πλατωνικοὶ</strong></span> 
     </span>
    </p>
   </div>
   <div class='ocr_carea' id='block_1_88' title="bbox 519 5428 942 5482">
    <p class='ocr_par' dir='ltr' id='par_1_88' title="bbox 519 5428 942 5482">
     <span class='ocr_line' id='line_1_91' title="bbox 519 5428 942 5482; baseline -0.007 0"><span class='ocrx_word' id='word_1_583' title='bbox 519 5429 571 5482; x_wconf 77' lang='grc' dir='ltr'><strong>οἱ</strong></span> <span class='ocrx_word' id='word_1_584' title='bbox 606 5428 942 5482; x_wconf 73' lang='grc' dir='ltr'><strong>Πλατωνικοὶ</strong></span> 
     </span>
    </p>
   </div>
   <div class='ocr_carea' id='block_1_89' title="bbox 2001 5696 2078 5709">
    <p class='ocr_par' dir='ltr' id='par_1_89' title="bbox 2001 5696 2078 5709">
     <span class='ocr_line' id='line_1_92' title="bbox 2001 5696 2078 5709; baseline 0 -3"><span class='ocrx_word' id='word_1_585' title='bbox 2001 5696 2078 5709; x_wconf 51' lang='grc' dir='ltr'><strong>..α</strong></span> 
     </span>
    </p>
   </div>
   <div class='ocr_carea' id='block_1_90' title="bbox 1291 4521 3198 4679">
    <p class='ocr_par' dir='ltr' id='par_1_90' title="bbox 1291 4521 3198 4679">
     <span class='ocr_line' id='line_1_93' title="bbox 1295 4521 3198 4646; baseline 0.002 -72"><span class='ocrx_word' id='word_1_586' title='bbox 1295 4521 1325 4574; x_wconf 80' lang='grc' dir='ltr'><strong>ὃ</strong></span> <span class='ocrx_word' id='word_1_587' title='bbox 1363 4525 1529 4576; x_wconf 79' lang='grc' dir='ltr'><strong>παντὶ</strong></span> <span class='ocrx_word' id='word_1_588' title='bbox 1558 4521 1660 4590; x_wconf 70' lang='grc' dir='ltr'><strong>μὲν</strong></span> <span class='ocrx_word' id='word_1_589' title='bbox 1691 4521 1948 4593; x_wconf 78' lang='grc' dir='ltr'><strong>ὑπάρχει,</strong></span> <span class='ocrx_word' id='word_1_590' title='bbox 1985 4521 2078 4646; x_wconf 47' lang='grc' dir='ltr'><strong>μή,</strong></span> <span class='ocrx_word' id='word_1_591' title='bbox 2098 4523 2246 4594; x_wconf 87' lang='grc' dir='ltr'><strong>μόνῳ</strong></span> <span class='ocrx_word' id='word_1_592' title='bbox 2273 4521 2354 4586; x_wconf 83' lang='grc' dir='ltr'><strong>δὲ,</strong></span> <span class='ocrx_word' id='word_1_593' title='bbox 2385 4522 2462 4586; x_wconf 86' lang='grc' dir='ltr'><strong>ὡς</strong></span> <span class='ocrx_word' id='word_1_594' title='bbox 2493 4523 2571 4594; x_wconf 84' lang='grc' dir='ltr'><strong>τῷ</strong></span> <span class='ocrx_word' id='word_1_595' title='bbox 2603 4521 2878 4592; x_wconf 70' lang='grc' dir='ltr'><strong>ἀνθρώπῳ</strong></span> <span class='ocrx_word' id='word_1_596' title='bbox 2905 4523 2965 4574; x_wconf 85' lang='grc' dir='ltr'><strong>τὸ</strong></span> <span class='ocrx_word' id='word_1_597' title='bbox 2999 4522 3198 4578; x_wconf 72' lang='grc' dir='ltr'><strong>δίπουν</strong></span> 
     </span>
     <span class='ocr_line' id='line_1_94' title="bbox 1291 4590 3109 4679; baseline 0.002 -37"><span class='ocrx_word' id='word_1_598' title='bbox 1291 4590 1320 4679; x_wconf 62' lang='grc' dir='ltr'>ξ</span> <span class='ocrx_word' id='word_1_599' title='bbox 1361 4593 1529 4679; x_wconf 73' lang='grc' dir='ltr'><strong>μόνῳ,</strong></span> <span class='ocrx_word' id='word_1_600' title='bbox 1564 4595 1626 4679; x_wconf 73' lang='grc' dir='ltr'><strong>ού</strong></span> <span class='ocrx_word' id='word_1_601' title='bbox 1660 4596 1822 4679; x_wconf 61' lang='grc' dir='ltr'><strong>παντί</strong></span> <span class='ocrx_word' id='word_1_602' title='bbox 1854 4610 1867 4623; x_wconf 89' lang='grc'><strong>·</strong></span> <span class='ocrx_word' id='word_1_603' title='bbox 1896 4595 2061 4679; x_wconf 33' lang='grc' dir='ltr'><strong>,ὼςυτὶ</strong></span> <span class='ocrx_word' id='word_1_604' title='bbox 2097 4593 2902 4679; x_wconf 44' lang='grc' dir='ltr'><strong>⁸ιροιλακρὸνωῆ.γραμματικόν·</strong></span> <span class='ocrx_word' id='word_1_605' title='bbox 2926 4663 2942 4677; x_wconf 30' lang='grc' dir='ltr'>ς</span> <span class='ocrx_word' id='word_1_606' title='bbox 3014 4663 3040 4675; x_wconf 36' lang='grc'>⁸</span> <span class='ocrx_word' id='word_1_607' title='bbox 3084 4665 3109 4679; x_wconf 48' lang='grc' dir='ltr'><strong>Α</strong></span> 
     </span>
    </p>
   </div>
   <div class='ocr_carea' id='block_1_91' title="bbox 1290 4661 3218 4734">
    <p class='ocr_par' dir='ltr' id='par_1_91' title="bbox 1290 4661 3218 4734">
     <span class='ocr_line' id='line_1_95' title="bbox 1290 4661 3218 4734; baseline 0.003 -20"><span class='ocrx_word' id='word_1_608' title='bbox 1290 4661 1319 4734; x_wconf 64' lang='grc' dir='ltr'><strong>δ</strong></span> <span class='ocrx_word' id='word_1_609' title='bbox 1352 4662 1500 4734; x_wconf 81' lang='grc' dir='ltr'><strong>μόνῳ</strong></span> <span class='ocrx_word' id='word_1_610' title='bbox 1528 4666 1622 4717; x_wconf 71' lang='grc' dir='ltr'><strong>καὶ</strong></span> <span class='ocrx_word' id='word_1_611' title='bbox 1648 4665 1835 4728; x_wconf 77' lang='grc' dir='ltr'><strong>παντὶ,</strong></span> <span class='ocrx_word' id='word_1_612' title='bbox 1857 4663 1958 4717; x_wconf 87' lang='grc' dir='ltr'><strong>οὐκ</strong></span> <span class='ocrx_word' id='word_1_613' title='bbox 1983 4665 2071 4716; x_wconf 72' lang='grc' dir='ltr'><strong>ἀεὶ</strong></span> <span class='ocrx_word' id='word_1_614' title='bbox 2093 4661 2152 4716; x_wconf 75' lang='grc' dir='ltr'><strong>δέ</strong></span> <span class='ocrx_word' id='word_1_615' title='bbox 2182 4661 2201 4695; x_wconf 69' lang='grc'><em>’·</em></span> <span class='ocrx_word' id='word_1_616' title='bbox 2235 4661 2311 4721; x_wconf 75' lang='grc' dir='ltr'><strong>ὡς</strong></span> <span class='ocrx_word' id='word_1_617' title='bbox 2335 4662 2415 4734; x_wconf 81' lang='grc' dir='ltr'><strong>τῷ</strong></span> <span class='ocrx_word' id='word_1_618' title='bbox 2441 4661 2722 4734; x_wconf 77' lang='grc' dir='ltr'><strong>άνθρώπῳ</strong></span> <span class='ocrx_word' id='word_1_619' title='bbox 2755 4664 2816 4734; x_wconf 59' lang='grc' dir='ltr'><strong>τό</strong></span> <span class='ocrx_word' id='word_1_620' title='bbox 2854 4663 3175 4722; x_wconf 83' lang='grc' dir='ltr'><strong>πολιοῦσθαι</strong></span> <span class='ocrx_word' id='word_1_621' title='bbox 3203 4683 3218 4700; x_wconf 76' lang='grc' dir='ltr'><strong>ο</strong></span> 
     </span>
    </p>
   </div>
   <div class='ocr_carea' id='block_1_92' title="bbox 1284 4730 3705 4812">
    <p class='ocr_par' dir='ltr' id='par_1_92' title="bbox 1284 4730 3705 4812">
     <span class='ocr_line' id='line_1_96' title="bbox 1284 4730 3705 4812; baseline 0.005 -27"><span class='ocrx_word' id='word_1_622' title='bbox 1284 4730 1314 4785; x_wconf 81' lang='grc' dir='ltr'><strong>δ</strong></span> <span class='ocrx_word' id='word_1_623' title='bbox 1521 4735 1614 4812; x_wconf 67' lang='grc' dir='ltr'><strong>καὶ</strong></span> <span class='ocrx_word' id='word_1_624' title='bbox 1669 4742 1834 4788; x_wconf 77' lang='grc' dir='ltr'><strong>παντὶ</strong></span> <span class='ocrx_word' id='word_1_625' title='bbox 1861 4737 1957 4788; x_wconf 79' lang='grc' dir='ltr'><strong>καὶ</strong></span> <span class='ocrx_word' id='word_1_626' title='bbox 1980 4734 2073 4788; x_wconf 80' lang='grc' dir='ltr'><strong>όιιί</strong></span> <span class='ocrx_word' id='word_1_627' title='bbox 2113 4751 2128 4768; x_wconf 86' lang='grc'><strong>·</strong></span> <span class='ocrx_word' id='word_1_628' title='bbox 2157 4734 2234 4798; x_wconf 83' lang='grc' dir='ltr'><strong>ὡς</strong></span> <span class='ocrx_word' id='word_1_629' title='bbox 2283 4733 2361 4804; x_wconf 83' lang='grc' dir='ltr'><strong>τῷ</strong></span> <span class='ocrx_word' id='word_1_630' title='bbox 2386 4730 2703 4806; x_wconf 70' lang='grc' dir='ltr'><strong>’ἀνθρώπῳ</strong></span> <span class='ocrx_word' id='word_1_631' title='bbox 2735 4733 2814 4804; x_wconf 82' lang='grc' dir='ltr'><strong>τῷ</strong></span> <span class='ocrx_word' id='word_1_632' title='bbox 2864 4735 3215 4805; x_wconf 84' lang='grc' dir='ltr'><strong>γελαστικὸν,</strong></span> <span class='ocrx_word' id='word_1_633' title='bbox 3255 4738 3285 4794; x_wconf 80' lang='grc' dir='ltr'><strong>ὃ</strong></span> <span class='ocrx_word' id='word_1_634' title='bbox 3341 4748 3438 4794; x_wconf 73' lang='grc' dir='ltr'><strong>καὶ</strong></span> <span class='ocrx_word' id='word_1_635' title='bbox 3473 4742 3705 4812; x_wconf 78' lang='grc' dir='ltr'><strong>κυρίως</strong></span> 
     </span>
    </p>
   </div>
   <div class='ocr_carea' id='block_1_93' title="bbox 1281 4948 2490 5020">
    <p class='ocr_par' dir='ltr' id='par_1_93' title="bbox 1281 4948 2490 5020">
     <span class='ocr_line' id='line_1_97' title="bbox 1281 4948 2490 5020; baseline 0.002 -18"><span class='ocrx_word' id='word_1_636' title='bbox 1281 4949 1342 5002; x_wconf 80' lang='grc' dir='ltr'><strong>τδ</strong></span> <span class='ocrx_word' id='word_1_637' title='bbox 1371 4953 1450 5013; x_wconf 76' lang='grc' dir='ltr'><strong>είς</strong></span> <span class='ocrx_word' id='word_1_638' title='bbox 1484 4949 1624 5020; x_wconf 80' lang='grc' dir='ltr'><strong>μέρη</strong></span> <span class='ocrx_word' id='word_1_639' title='bbox 1647 4949 1938 5020; x_wconf 73' lang='grc' dir='ltr'><strong>διαιρετὸν,</strong></span> <span class='ocrx_word' id='word_1_640' title='bbox 1958 4948 2035 5013; x_wconf 85' lang='grc' dir='ltr'><strong>ὡς</strong></span> <span class='ocrx_word' id='word_1_641' title='bbox 2067 4950 2237 5018; x_wconf 81' lang='grc' dir='ltr'><strong>ἀγρὸς</strong></span> <span class='ocrx_word' id='word_1_642' title='bbox 2265 4949 2443 5013; x_wconf 88' lang='grc' dir='ltr'><strong>κοινός</strong></span> <span class='ocrx_word' id='word_1_643' title='bbox 2475 4959 2490 4978; x_wconf 78' lang='grc'><strong><em>⁸</em></strong></span> 
     </span>
    </p>
   </div>
   <div class='ocr_carea' id='block_1_94' title="bbox 1282 5014 3578 5090">
    <p class='ocr_par' dir='ltr' id='par_1_94' title="bbox 1282 5014 3578 5090">
     <span class='ocr_line' id='line_1_98' title="bbox 1282 5014 3578 5090; baseline 0.002 -19"><span class='ocrx_word' id='word_1_644' title='bbox 1282 5023 1340 5072; x_wconf 85' lang='grc' dir='ltr'><strong>τὸ</strong></span> <span class='ocrx_word' id='word_1_645' title='bbox 1368 5014 1688 5087; x_wconf 71' lang='grc' dir='ltr'><strong>ἀδιαίρέτιυς</strong></span> <span class='ocrx_word' id='word_1_646' title='bbox 1717 5014 1774 5072; x_wconf 77' lang='grc' dir='ltr'><strong>ἐν</strong></span> <span class='ocrx_word' id='word_1_647' title='bbox 1796 5022 1991 5090; x_wconf 85' lang='grc' dir='ltr'><strong>χρήσει</strong></span> <span class='ocrx_word' id='word_1_648' title='bbox 2023 5014 2175 5090; x_wconf 78' lang='grc' dir='ltr'><strong>κοινῇ</strong></span> <span class='ocrx_word' id='word_1_649' title='bbox 2237 5021 2676 5090; x_wconf 70' lang='grc' dir='ltr'><strong>λαμϐανόμενον,</strong></span> <span class='ocrx_word' id='word_1_650' title='bbox 2706 5021 2783 5083; x_wconf 86' lang='grc' dir='ltr'><strong>ὡς</strong></span> <span class='ocrx_word' id='word_1_651' title='bbox 2815 5014 2896 5085; x_wconf 73' lang='grc' dir='ltr'><strong>εἷς</strong></span> <span class='ocrx_word' id='word_1_652' title='bbox 2925 5020 3112 5084; x_wconf 74' lang='grc' dir='ltr'><strong>δοῦλος</strong></span> <span class='ocrx_word' id='word_1_653' title='bbox 3143 5021 3236 5075; x_wconf 82' lang='grc' dir='ltr'><strong>δύο</strong></span> <span class='ocrx_word' id='word_1_654' title='bbox 3267 5022 3578 5078; x_wconf 75' lang='grc' dir='ltr'><strong>δεσποτῶν·</strong></span> 
     </span>
    </p>
   </div>
   <div class='ocr_carea' id='block_1_95' title="bbox 1282 5090 3105 5162">
    <p class='ocr_par' dir='ltr' id='par_1_95' title="bbox 1282 5090 3105 5162">
     <span class='ocr_line' id='line_1_99' title="bbox 1282 5090 3105 5162; baseline 0 -18"><span class='ocrx_word' id='word_1_655' title='bbox 1282 5092 1343 5144; x_wconf 81' lang='grc' dir='ltr'><strong>τὸ</strong></span> <span class='ocrx_word' id='word_1_656' title='bbox 1375 5093 1432 5144; x_wconf 82' lang='grc' dir='ltr'><strong>ὲν</strong></span> <span class='ocrx_word' id='word_1_657' title='bbox 1495 5091 1910 5160; x_wconf 69' lang='grc' dir='ltr'><strong>προκαταλήψει</strong></span> <span class='ocrx_word' id='word_1_658' title='bbox 1945 5090 2394 5162; x_wconf 72' lang='grc' dir='ltr'><strong>ἰδιοποιούμενον,</strong></span> <span class='ocrx_word' id='word_1_659' title='bbox 2426 5091 2500 5154; x_wconf 87' lang='grc' dir='ltr'><strong>ὼς</strong></span> <span class='ocrx_word' id='word_1_660' title='bbox 2527 5094 2556 5145; x_wconf 87' lang='grc' dir='ltr'><em>ὀ</em></span> <span class='ocrx_word' id='word_1_661' title='bbox 2583 5095 2638 5144; x_wconf 75' lang='grc' dir='ltr'><strong>ὲν</strong></span> <span class='ocrx_word' id='word_1_662' title='bbox 2673 5092 2888 5162; x_wconf 74' lang='grc' dir='ltr'><strong>θεάτρῳ</strong></span> <span class='ocrx_word' id='word_1_663' title='bbox 2917 5096 3105 5155; x_wconf 69' lang='grc' dir='ltr'><strong>τόπος·</strong></span> 
     </span>
    </p>
   </div>
   <div class='ocr_carea' id='block_1_96' title="bbox 1278 5160 3181 5234">
    <p class='ocr_par' dir='ltr' id='par_1_96' title="bbox 1278 5160 3181 5234">
     <span class='ocr_line' id='line_1_100' title="bbox 1278 5160 3181 5234; baseline 0.002 -20"><span class='ocrx_word' id='word_1_664' title='bbox 1278 5163 1338 5214; x_wconf 79' lang='grc' dir='ltr'><strong>τὸ</strong></span> <span class='ocrx_word' id='word_1_665' title='bbox 1364 5162 1556 5230; x_wconf 78' lang='grc' dir='ltr'><strong>ἐπίσης</strong></span> <span class='ocrx_word' id='word_1_666' title='bbox 1587 5163 1968 5232; x_wconf 71' lang='grc' dir='ltr'><strong>μετεχόμενον,</strong></span> <span class='ocrx_word' id='word_1_667' title='bbox 2001 5161 2076 5224; x_wconf 84' lang='grc' dir='ltr'><strong>ὡς</strong></span> <span class='ocrx_word' id='word_1_668' title='bbox 2106 5163 2138 5232; x_wconf 88' lang='grc' dir='ltr'><strong>ή</strong></span> <span class='ocrx_word' id='word_1_669' title='bbox 2170 5160 2323 5232; x_wconf 81' lang='grc' dir='ltr'><strong>φωνὴ</strong></span> <span class='ocrx_word' id='word_1_670' title='bbox 2347 5162 2440 5214; x_wconf 78' lang='grc' dir='ltr'><strong>τοῦ</strong></span> <span class='ocrx_word' id='word_1_671' title='bbox 2471 5163 2713 5234; x_wconf 84' lang='grc' dir='ltr'><strong>κήρυκος</strong></span> <span class='ocrx_word' id='word_1_672' title='bbox 2741 5160 2867 5224; x_wconf 78' lang='grc' dir='ltr'><strong>τοῖς</strong></span> <span class='ocrx_word' id='word_1_673' title='bbox 2899 5163 3181 5220; x_wconf 75' lang='grc' dir='ltr'><strong>ἀκούουσι.</strong></span> 
     </span>
    </p>
   </div>
   <div class='ocr_carea' id='block_1_97' title="bbox 1220 5322 3008 5396">
    <p class='ocr_par' dir='ltr' id='par_1_97' title="bbox 1220 5322 3008 5396">
     <span class='ocr_line' id='line_1_101' title="bbox 1220 5322 3008 5396; baseline 0.002 -21"><span class='ocrx_word' id='word_1_674' title='bbox 1220 5344 1228 5396; x_wconf 44' lang='grc' dir='ltr'>λ</span> <span class='ocrx_word' id='word_1_675' title='bbox 1287 5324 1396 5376; x_wconf 80' lang='grc' dir='ltr'><strong>ἀπὸ</strong></span> <span class='ocrx_word' id='word_1_676' title='bbox 1425 5322 1992 5396; x_wconf 75' lang='grc' dir='ltr'><strong>τῇςδιοργανώσεῳς,</strong></span> <span class='ocrx_word' id='word_1_677' title='bbox 2014 5324 2089 5396; x_wconf 79' lang='grc' dir='ltr'><strong>ῶς</strong></span> <span class='ocrx_word' id='word_1_678' title='bbox 2118 5326 2179 5377; x_wconf 74' lang='grc' dir='ltr'><strong>τὸ</strong></span> <span class='ocrx_word' id='word_1_679' title='bbox 2210 5325 2499 5393; x_wconf 80' lang='grc' dir='ltr'><strong>δικέφαλον</strong></span> <span class='ocrx_word' id='word_1_680' title='bbox 2535 5325 2601 5396; x_wconf 77' lang='grc' dir='ltr'><strong>τῇ</strong></span> <span class='ocrx_word' id='word_1_681' title='bbox 2637 5324 3008 5395; x_wconf 76' lang='grc' dir='ltr'><strong>ἀμφισσαίνῃ’</strong></span> 
     </span>
    </p>
   </div>
   <div class='ocr_carea' id='block_1_98' title="bbox 1287 5393 2937 5466">
    <p class='ocr_par' dir='ltr' id='par_1_98' title="bbox 1287 5393 2937 5466">
     <span class='ocr_line' id='line_1_102' title="bbox 1287 5393 2937 5466; baseline -0.001 -20"><span class='ocrx_word' id='word_1_682' title='bbox 1287 5396 1394 5447; x_wconf 74' lang='grc' dir='ltr'><strong>ἀπὸ</strong></span> <span class='ocrx_word' id='word_1_683' title='bbox 1421 5395 1514 5466; x_wconf 80' lang='grc' dir='ltr'><strong>τῆς</strong></span> <span class='ocrx_word' id='word_1_684' title='bbox 1541 5395 1843 5466; x_wconf 74' lang='grc' dir='ltr'><strong>ἐνεργείας,</strong></span> <span class='ocrx_word' id='word_1_685' title='bbox 1879 5393 1954 5466; x_wconf 76' lang='grc' dir='ltr'><strong>ῶς</strong></span> <span class='ocrx_word' id='word_1_686' title='bbox 1986 5395 2045 5446; x_wconf 83' lang='grc' dir='ltr'><strong>τὸ</strong></span> <span class='ocrx_word' id='word_1_687' title='bbox 2073 5395 2509 5459; x_wconf 68' lang='grc' dir='ltr'><strong>λοξοϐαδιστικὺν</strong></span> <span class='ocrx_word' id='word_1_688' title='bbox 2532 5393 2609 5466; x_wconf 81' lang='grc' dir='ltr'><strong>τῷ</strong></span> <span class='ocrx_word' id='word_1_689' title='bbox 2638 5393 2886 5466; x_wconf 81' lang='grc' dir='ltr'><strong>καρκίνῳ</strong></span> <span class='ocrx_word' id='word_1_690' title='bbox 2924 5413 2937 5425; x_wconf 79' lang='grc' dir='ltr'><strong><em>ο</em></strong></span> 
     </span>
    </p>
   </div>
   <div class='ocr_carea' id='block_1_99' title="bbox 1285 5463 2675 5538">
    <p class='ocr_par' dir='ltr' id='par_1_99' title="bbox 1285 5463 2675 5538">
     <span class='ocr_line' id='line_1_103' title="bbox 1285 5463 2675 5538; baseline 0.002 -21"><span class='ocrx_word' id='word_1_691' title='bbox 1285 5467 1392 5518; x_wconf 73' lang='grc' dir='ltr'><strong>ἀπὸ</strong></span> <span class='ocrx_word' id='word_1_692' title='bbox 1431 5465 1526 5532; x_wconf 75' lang='grc' dir='ltr'><strong>τῆς</strong></span> <span class='ocrx_word' id='word_1_693' title='bbox 1558 5463 1863 5534; x_wconf 81' lang='grc' dir='ltr'><strong>δυνάμεως,</strong></span> <span class='ocrx_word' id='word_1_694' title='bbox 1891 5463 1967 5526; x_wconf 83' lang='grc' dir='ltr'><strong>ὼς</strong></span> <span class='ocrx_word' id='word_1_695' title='bbox 1997 5465 2058 5517; x_wconf 80' lang='grc' dir='ltr'><strong>τὸ</strong></span> <span class='ocrx_word' id='word_1_696' title='bbox 2085 5466 2385 5520; x_wconf 76' lang='grc' dir='ltr'><strong>καυστικδν</strong></span> <span class='ocrx_word' id='word_1_697' title='bbox 2412 5468 2489 5535; x_wconf 76' lang='grc' dir='ltr'><strong>τῷ</strong></span> <span class='ocrx_word' id='word_1_698' title='bbox 2516 5463 2675 5538; x_wconf 84' lang='grc' dir='ltr'><strong>πυρί.</strong></span> 
     </span>
    </p>
   </div>
  </div>
