3868 6362
363 369 477 439 783

1573 361 2000 427 NICEPHORI
2023 361 2454 428 BLEMMIDA!

3536 362 3651 434 784

364 489 471 545 hoc
499 494 605 550 est.
637 484 707 540 ad
735 481 978 541 hominis
1020 490 1076 540 et
1113 481 1239 554 equi
1268 478 1534 554 speciem.
1563 483 1953 539 ascenderunt.

2083 483 2294 538 ιαθόλου
2357 485 2526 538 ἵππον
2581 480 2916 551 ἀνέδραμον,
2944 480 3223 534 τουτέστιν
3258 479 3351 536 ἐπὶ
3387 482 3449 536 τὸ
3509 479 3655 549 εῐδος

366 582 479 638 lloc
494 589 674 636 autem
709 578 874 634 etiam
909 579 966 633 in
1000 577 1122 634 aliis
1161 575 1582 648 particularibus
1619 575 1952 630 animalibus

364 691 490 730 cum
525 674 786 730 fecissent
810 673 878 729 ab
913 673 999 728 his
1041 687 1163 742 qua)
1203 671 1495 726 mutationi
1544 681 1599 725 et
1640 669 1952 725 alteratioui

366 777 497 824 sunt
527 767 764 822 obnoxia
795 766 862 820 ad
887 779 950 819 ea
979 781 1100 834 qua:
1139 763 1461 818 mutationis
1505 773 1560 818 et
1605 761 1953 816 alterationis

366 869 496 914 sunt
536 859 808 928 expertia,
846 857 1207 912 transierunt.
1242 852 1601 908 Particularia
1648 853 1793 907 enim
1827 852 1952 919 qui—

366 953 488 1008 dem
536 951 828 1006 mutationi
877 958 934 1004 et
965 949 1288 1004 alterationi
1329 959 1456 1000 sunt
1488 945 1646 1019 124
1666 945 1898 999 obnoxia
1939 961 1955 999 :

371 1045 778 1100 universalibns
831 1055 1014 1097 autem
1059 1041 1318 1097 convenit
1351 1049 1412 1096 ut
1447 1041 1638 1095 eodem
1688 1042 1851 1094 modo
1895 1054 1954 1092 se

367 1152 584 1206 semper
607 1135 864 1190 habeant.
885 1135 1155 1202 Quoniam
1183 1143 1364 1188 autem
1388 1134 1552 1187 etiam
1573 1131 1952 1198 hujuscemodi

377 1227 592 1297 species
629 1243 738 1281 non
770 1243 962 1281 omnes
1010 1226 1228 1281 dianrea
1279 1233 1508 1295 possunt
1561 1223 1955 1294 comprehendi

376 1318 582 1385 (multa:
615 1318 760 1372 enim
798 1333 986 1372 earum
1023 1317 1342 1386 ignorantur
1376 1332 1406 1370 a
1432 1315 1637 1382 nobis),
1671 1315 1957 1368 universa-

375 1411 513 1465 liore
541 1410 648 1464 alio
676 1411 936 1480 inquisito
969 1409 1169 1462 animal
1198 1417 1541 1477 repererunt.
1577 1406 1780 1460 Eodem
1816 1422 1958 1476 prte-

379 1513 524 1556 terea
561 1503 721 1556 modo
778 1501 1198 1571 particularibus
1229 1499 1426 1568 plantis
1475 1500 1541 1554 ad
1591 1499 1958 1553 universalent

379 1595 620 1662 plantam
648 1603 703 1648 et
748 1593 1232 1664 plantaniiualibus
1275 1593 1342 1647 ad
1386 1593 1741 1662 plantanimal
1788 1593 1961 1648 culleo

377 1687 478 1742 ctis
524 1705 539 1750 ;
580 1687 760 1740 omnia
803 1688 936 1750 lucc,
1002 1686 1226 1752 animal,
1275 1685 1534 1754 plantam,
1587 1685 1960 1754 plautanimal,

376 1781 616 1833 animato
675 1778 1148 1832 consuinxerunt.
1189 1775 1296 1832 Sed
1325 1789 1379 1830 et
1413 1793 1576 1847 porro
1629 1778 1956 1831 inanimatas

378 1880 606 1922 naturas
639 1866 1020 1937 contemplati,
1053 1866 1284 1938 lignum,
1336 1867 1597 1936 lapidem,
1647 1868 1848 1921 ferrum
1892 1880 1946 1923 et

378 1962 580 2016 similia
621 1977 638 2028 ;
671 1961 756 2015 his
781 1961 1092 2015 universale
1122 1960 1482 2014 inanimatum
1512 1962 1954 2018 constituerunt:

377 2064 432 2109 et
461 2054 565 2108 hoc
609 2069 734 2108 cum
789 2054 1026 2107 animato
1057 2067 1155 2122 per
1191 2068 1391 2121 corpus
1435 2053 1787 2124 colligarunt.
1821 2055 1956 2120 Quia

378 2155 562 2199 autent
591 2145 753 2198 etiam
775 2144 1029 2214 angelum
1054 2153 1110 2198 et
1139 2145 1377 2198 animam
1408 2160 1527 2200 esse
1557 2135 1956 2215 cognoverunt.

377 2253 502 2307 quae
532 2238 782 2306 corporis
836 2248 1088 2291 naturam
1140 2253 1252 2291 non
1289 2239 1618 2308 participant
1652 2240 1780 2309 (hoc
1811 2241 1956 2294 enim

381 2333 434 2383 in
462 2339 646 2400 partes
676 2338 759 2384 est
788 2329 1094 2394 dividuum,
1123 2339 1178 2383 et
1212 2341 1322 2386 tres
1353 2331 1729 2386 dimensiones
1763 2332 1958 2386 habet:

380 2421 468 2475 illa
513 2437 644 2475 vero
671 2422 910 2491 partium
956 2436 1185 2492 prorsus
1213 2432 1343 2477 sunt
1375 2424 1624 2492 expertia
1665 2433 1720 2478 et
1754 2424 1959 2478 nullam

385 2514 780 2570 dimensionem
815 2514 1086 2578 obtinent,
1113 2529 1224 2569 non
1253 2514 1665 2587 longitudinem,
1697 2530 1808 2571 non
1834 2516 1961 2571 lati-

383 2608 650 2672 tudinem,
677 2622 782 2661 non
816 2606 1287 2678 profunditatem),
1311 2622 1410 2678 per
1439 2608 1802 2662 substantiam
1836 2608 1963 2664 cor-

387 2715 494 2768 pus
527 2716 650 2754 cum
683 2701 1008 2769 incorporeo
1030 2699 1343 2765 univerunt,
1375 2700 1616 2770 adeoque
1642 2701 1798 2771 125
1829 2703 1962 2756 sub-

389 2795 588 2848 stantia
624 2793 821 2846 horum
854 2793 1097 2848 onmium
1128 2807 1247 2862 qum
1275 2773 1373 2863 per
1401 2807 1461 2847 se
1494 2793 1788 2857 exsistunt,
1815 2810 1966 2850 com-

387 2901 553 2940 mune
588 2900 756 2956 genus
783 2885 922 2938 facta
953 2893 1058 2939 est.

462 2976 515 3029 5.
556 2975 828 3038 Quoniam
884 2984 1067 3028 autem
1128 2989 1214 3028 res
1250 2976 1496 3042 quaedam
1555 2976 1608 3028 in
1662 2976 1966 3031 substantia

389 3080 515 3122 sunt
545 3084 647 3122 nec
695 3067 750 3122 in
782 3067 979 3137 seipsis
1006 3068 1405 3121 ‘exsistentiam
1440 3069 1662 3133 habent,
1695 3071 1769 3124 ita
1803 3071 1966 3125 etiam

389 3164 458 3218 de
490 3162 576 3216 his
603 3161 1104 3214 considerationem
1137 3170 1521 3230 susceperunt.

458 3253 515 3310 6.
560 3253 678 3307 Duo
711 3254 957 3318 quaedam
1009 3265 1064 3306 et
1096 3253 1198 3306 tria
1246 3263 1302 3307 et
1332 3253 1525 3308 decem
1572 3263 1628 3308 et
1658 3255 1848 3324 viginti
1882 3259 1969 3309 in-

391 3360 555 3402 venta
587 3347 653 3400 ad
688 3360 973 3398 numerum
1004 3363 1018 3401 :
1055 3359 1309 3417 maguum
1337 3354 1520 3399 autem
1550 3353 1607 3400 et
1640 3335 1869 3416 parvum
1916 3355 1971 3400 et

391 3456 512 3511 qua:
544 3447 671 3492 sunt
711 3437 872 3506 hujus
906 3436 1146 3507 generis,
1175 3437 1240 3490 ad
1277 3437 1706 3507 magnitudinem
1735 3439 1970 3494 reduxe-

394 3543 560 3585 runt:
599 3545 884 3582 numerum
916 3527 1156 3597 denique
1184 3536 1240 3581 et
1291 3528 1725 3598 magnitudinem
1762 3540 1971 3599 quanto

393 3620 951 3690 comprehenderunt.
992 3620 1135 3672 Duas
1166 3616 1394 3687 proinde
1426 3619 1850 3676 communitates
1879 3621 1972 3674 ba-

393 3714 654 3777 buerunt,
689 3726 809 3780 qua:
839 3711 1038 3765 multas
1067 3724 1156 3764 res
1179 3711 1553 3777 continerent,
1591 3711 1968 3767 substantiam

395 3805 649 3873 (scilicet)
679 3813 734 3855 et
762 3802 1144 3872 quantitatem.

467 3899 518 3954 7.
558 3899 770 3952 Rursus
815 3895 1020 3965 aliquid
1069 3895 1252 3950 album
1308 3905 1414 3961 est,
1472 3897 1713 3966 nigrum,
1763 3896 1971 3953 fulvum

395 3990 670 4062 (gilvum),
699 3991 810 4044 haec
835 3988 938 4043 sub
982 3987 1164 4042 colore
1190 3996 1606 4043 coacervarunt.
1637 3986 1840 4058 Estque
1873 3991 1975 4044 ali-

398 4083 530 4152 quid
567 4083 747 4147 dulce,
789 4095 1060 4148 amarum,
1090 4079 1362 4142 calidum,
1395 4077 1650 4148 frigidum
1685 4095 1699 4132 :
1740 4081 1854 4134 bare
1882 4097 1974 4136 sa-

401 4193 469 4230 ne
499 4185 554 4228 et
578 4176 812 4229 colorem
841 4181 897 4228 et
923 4181 1070 4226 artes
1096 4182 1151 4226 et
1180 4170 1442 4237 scientias
1471 4185 1580 4225 una
1609 4174 1976 4227 communita-

401 4279 471 4330 te,
498 4269 765 4336 qualitate
795 4263 1370 4332 circumscripserunt.
1404 4263 1499 4317 Est
1524 4273 1708 4318 autem
1741 4265 1976 4333 qualitas

398 4381 428 4417 a
460 4379 566 4430 qua
622 4361 765 4430 quod
814 4359 988 4427 ipsam
1023 4357 1337 4427 participat,
1396 4356 1827 4420 denominative,
1881 4368 1977 4414 aut

400 4453 507 4507 alio
533 4467 756 4522 quoquo
793 4451 954 4504 modo
986 4449 1371 4504 denominatur
1399 4453 1504 4512 ;'ut
1538 4463 1570 4502 a
1617 4453 1977 4519 grammatica

399 4545 806 4616 grammaticus,
840 4557 869 4596 a
901 4543 1100 4596 virtute
1142 4541 1220 4593 vir
1257 4540 1454 4595 bonus.

473 4641 526 4693 8.
564 4638 702 4703 Quia
739 4651 869 4690 vero
921 4649 1085 4704 porro
1131 4643 1186 4688 et
1237 4631 1489 4687 dextrum
1538 4644 1623 4688 est
1668 4635 1873 4706 aliquid
1923 4647 1979 4691 ct

402 4732 709 4793 sinistrum,
743 4736 799 4782 et
843 4727 1066 4794 duplum
1099 4733 1154 4778 et
1183 4724 1470 4780 dimidium
1524 4743 1539 4782 :
1581 4727 1702 4781 talia
1736 4731 1785 4784 ei
1836 4732 1982 4799 quod

405 4834 488 4878 est
518 4823 582 4876 al
619 4818 826 4889 aliquid
854 4818 1245 4873 attribuerunt.
1279 4817 1617 4876 Suntautem
1652 4823 1716 4878 ad
1749 4824 1978 4895 aliquid,

403 4916 632 4972 alterius
663 4915 727 4966 ad
783 4895 1011 4965 alterum
1049 4909 1210 4982 126
1241 4910 1500 4966 habitudo
1529 4928 1625 4968 seu
1674 4927 1977 4985 respectus.

476 5011 530 5064 9.
569 5005 770 5060 lterum
799 5004 1000 5073 aliquid
1027 5013 1113 5056 est
1143 5003 1198 5056 in
1233 5013 1437 5069 mente,
1473 5005 1525 5059 in
1566 5006 1706 5070 foro,
1748 5007 1805 5062 in
1831 5011 1982 5064 thea-

407 5113 490 5153 tru
520 5117 532 5151 :
576 5096 704 5150 talia
733 5093 1112 5149 communitati
1148 5093 1244 5147 τοῦ
1275 5096 1362 5149 ubi
1393 5097 1725 5168 adaptarunt
1751 5116 1764 5164 ;
1797 5102 1859 5153 τὸ
1892 5103 1980 5156 ubi

407 5201 588 5244 autem
619 5189 724 5242 loci
755 5186 1108 5241 exbibitivum
1141 5197 1224 5243 est
1252 5205 1266 5242 :
1309 5199 1547 5260 suntque
1589 5201 1666 5246 tot
1695 5192 1845 5246 illius
1872 5195 1980 5248 dif-

406 5283 652 5339 ferentia:
695 5289 829 5351 quot
874 5280 1025 5335 loci:
1067 5295 1309 5350 sursum,
1351 5282 1606 5337 deorsum
1652 5301 1668 5341 ;
1703 5285 1981 5352 dextrum,

405 5382 690 5436 sinistrum
718 5395 732 5432 :
770 5386 918 5440 ante,
949 5386 1096 5446 post.

477 5473 564 5527 10.
600 5469 720 5526 Jam
751 5485 883 5526 vero
915 5472 1052 5536 lteri,
1086 5480 1141 5526 et
1184 5471 1464 5542 praeterito
1492 5485 1656 5536 anno,
1692 5483 1746 5528 et
1800 5475 1980 5539 hodie,

403 5577 459 5620 et
487 5581 633 5628 cras,
663 5574 718 5619 et
755 5571 1024 5634 quotquot
1050 5575 1180 5618 sunt
1218 5565 1380 5632 hujus
1413 5567 1634 5636 generis
1665 5564 1731 5618 ad
1760 5567 1979 5634 quando

401 5657 767 5728 collegerunt;
789 5657 893 5710 hoc
923 5664 1108 5710 autem
1134 5656 1396 5724 temporis
1428 5655 1848 5726 aignilicativum
1873 5668 1978 5712 est.

403 5753 654 5822 Suntque
678 5749 1002 5806 dilferentiae
1031 5749 1125 5803 τού
1169 5750 1414 5820 quando,
1448 5760 1584 5821 quot
1611 5751 1778 5805 etiam
1844 5762 1979 5807 tem-

402 5847 549 5918 poris
581 5855 728 5914 sunt,
764 5859 1033 5916 praesens,
1065 5845 1426 5915 prmteritum,
1463 5854 1518 5900 et
1553 5844 1823 5902 futurum.

2061 574 2154 630 τοῦ
2188 575 2480 645 ἀνθρώπου
2509 575 2604 628 καὶ
2630 574 2724 628 ἐπὶ
2750 576 2813 627 τὸ
2847 569 2989 634 εἶδος
3032 573 3127 627 τοῦ
3171 574 3364 631 ἵππου.
3391 575 3564 629 Τοῦτο
3591 577 3653 631 δὲ

2062 667 2202 720 κάπὶ
2239 668 2348 721 τῶν
2392 668 2571 722 ἄλλων
2621 667 2777 732 ζώων
2828 667 3196 736 πεποιηκότες
3219 666 3332 720 τῶν
3375 669 3652 737 μερικῶν,

2059 761 2170 814 ἀπὸ
2198 762 2310 813 τῶν
2339 761 2594 832 στρεπτῶν
2634 762 2728 814 καὶ
2759 759 3072 812 άλλοιωτῶν
3108 759 3424 830 μετέσησαν
3452 762 3544 814 ἐπὶ
3579 761 3653 814 τὰ

2059 853 2312 924 ἄτρεπτά
2359 871 2418 906 τε
2464 854 2558 907 καὶ
2615 852 2980 906 ἀναλλοίωτα.
3015 851 3240 920 Τρεπτὰ
3285 854 3384 919 μὲν
3412 853 3518 920 γὰρ
3551 854 3653 904 καὶ

2061 949 2332 1003 ἁλλοιωτὰ
2365 948 2604 1018 ὑπάρχει
2640 949 2707 1000 τὰ
2738 964 2801 1016 με
2815 948 2964 1016 ρικᾶι,
2986 948 3100 1008 τοῖς
3129 945 3184 997 δὲ
3214 945 3444 998 καθόλου
3477 944 3538 998 τὸ
3563 946 3657 998 ἀεὶ

2059 1036 2327 1099 ὡσαύτως
2379 1036 2525 1105 ἔχειν
2575 1035 2747 1090 ἐστίν.
2789 1037 2948 1090 Ἐπεὶ
3002 1036 3059 1088 δὲ
3089 1037 3183 1088 καὶ
3230 1037 3342 1088 τῶν
3388 1036 3658 1090 τοιούτων

2061 1129 2218 1183 εἰδῶν
2244 1130 2343 1183 ούκ
2376 1130 2520 1182 ἔστιν
2550 1129 2766 1182 ἅπαντα
2793 1133 2857 1199 τῇ
2882 1128 3089 1200 διανοίᾳ
3115 1129 3430 1198 περιληπτὰ
3457 1131 3660 1196 (πολλά

2062 1223 2172 1292 γὰρ
2205 1222 2386 1275 αὐτῶν
2422 1224 2705 1289 ἀγνοεῖται
2739 1221 2915 1291 ἡμῖν),
2942 1221 3004 1275 τὸ
3029 1220 3472 1294 καθολικώτερον
3499 1221 3662 1283 αὖθις

2068 1314 2414 1385 ζητήσαντες
2472 1313 2638 1384 εὗρον
2687 1318 2746 1367 τὸ
2801 1314 2964 1378 ζῶον.
3029 1313 3310 1378 Ὡσαύτως
3357 1315 3413 1366 δὲ
3450 1315 3548 1367 καὶ
3584 1319 3660 1367 ei:

2064 1407 2207 1460 κατὰ
2268 1407 2436 1476 μέρος
2485 1406 2628 1472 φυτὰ
2679 1406 2815 1476 πρὸς
2864 1406 2925 1459 τὸ
2978 1405 3212 1459 καθόλου
3251 1406 3661 1473 συναγαγόντες

2065 1501 2254 1568 φυτὸν,
2292 1503 2387 1552 καὶ
2435 1499 2574 1570 πρὸς
2622 1499 2684 1552 τὸ
2733 1500 3009 1566 ζωόφυτον
3041 1498 3108 1551 τὰ
3141 1498 3432 1570 ζωόφυτα·
3477 1500 3660 1552 ταῦτα.

2065 1595 2266 1657 πάντα,
2290 1593 2350 1645 τὸ
2383 1591 2543 1657 ζῶον,
2567 1593 2628 1644 τὸ
2655 1592 2844 1660 φυτὸν,
2875 1589 2936 1645 τὸ
2981 1590 3282 1659 ζωόρυτον,
3305 1591 3383 1662 τῷ
3417 1591 3658 1663 ἐμψύχῳ

2069 1688 2390 1755 συνέδησαν.
2425 1685 2825 1754 θεωρήσαντες
2857 1683 2914 1736 δὲ
2951 1684 3046 1738 καὶ
3087 1685 3230 1754 (τὰς)
3281 1682 3522 1754 ἀψύχους
3556 1686 3662 1752 φύ-

2071 1796 2207 1843 σεις,
2240 1779 2300 1831 τὸ
2333 1777 2512 1843 ξύλον,
2537 1778 2631 1830 τὸν
2658 1777 2833 1839 λίθον,
2862 1778 2954 1830 τὸν
2988 1778 3210 1847 σίδηρον
3236 1779 3329 1830 καὶ
3357 1781 3422 1830 τὰ
3445 1779 3615 1848 ὅμοια
3643 1820 3660 1844 ,

2060 1873 2122 1923 τὸ
2175 1870 2415 1924 καθόλου
2473 1869 2683 1949 ἄψυχον
2729 1870 2800 1922 δι’
2837 1870 3016 1922 αὐτῶν
3070 1871 3511 1938 συνεστήσαντοο
3561 1871 3664 1923 καὶ

2058 1964 2220 2018 τοῦτο
2258 1964 2400 2034 μετὰ
2429 1963 2522 2016 τοῦ
2553 1961 2802 2032 ἐμψύχου
2843 1965 3091 2033 συνῆψαν
3136 1963 3226 2016 διὰ
3256 1962 3351 2016 τοῦ
3380 1962 3661 2032 σώματος.

2062 2057 2186 2110 Ὅτι
2236 2057 2296 2109 δὲ
2347 2057 2440 2110 καὶ¹
2480 2057 2717 2125 ἄγγελον
2749 2056 3000 2125 ἔγνωσαν
3057 2053 3198 2108 εἶναι
3231 2055 3328 2108 καὶ
3358 2055 3564 2126 ψυχὴν,
3595 2057 3661 2107 ού

2067 2151 2284 2221 μετέχει
2321 2149 2378 2202 δὲ
2409 2149 2583 2203 ταῦτα
2618 2151 2716 2217 τῆς
2753 2149 2847 2202 τοῦ
2882 2148 3138 2220 σώματος
3179 2148 3398 2218 φύσεως
3443 2147 3526 2219 (τὸ
3557 2149 3665 2218 μὲν

2064 2245 2176 2314 γὰρ
2243 2243 2530 2313 μεριστὸν,
2592 2244 2687 2296 καὶ
2725 2246 2878 2309 τρεῖς
2931 2241 3054 2312 ἔχον
3107 2240 3558 2304 διαστάσεις·τὰ
3602 2240 3666 2292 δὲ

2071 2335 2352 2398 παντελῶς
2381 2336 2592 2405 ἀμερῆ,
2640 2337 2736 2387 καὶ
2788 2334 3061 2405 μηδεμίαν
3092 2331 3408 2404 κεκτημένα
3437 2329 3667 2384 διάστα-

2067 2442 2173 2483 σιν⁶
2203 2429 2265 2481 οὐ
2302 2429 2502 2498 μῆκος,
2535 2428 2594 2481 οὐ
2631 2428 2857 2494 πλάτος,
2879 2429 2939 2482 ού
2976 2427 3188 2497 βάθος),
3217 2426 3308 2480 διὰ
3338 2427 3437 2494 τῆς
3468 2425 3667 2488 οὐσίας

2065 2523 2285 2593 ἥνωσαν
2337 2519 2417 2591 τῷ
2449 2519 2664 2589 σώματι
2720 2521 2783 2573 τὸ
2814 2520 3133 2591 ἀσώματον,
3159 2518 3254 2572 καὶ
3279 2521 3470 2589 γέγονε
3505 2519 3537 2588 ή
3565 2519 3667 2571 οὐ·

2069 2617 2160 2668 σία
2197 2615 2415 2668 πάντων
2447 2614 2658 2668 τούτων
2707 2614 3114 2684 αὺθυπάρκτων
3145 2611 3317 2666 όντων
3353 2612 3509 2681 γένος
3539 2627 3670 2664 κοιο

2069 2707 2178 2762 νόν.

2147 2987 2209 3036 ε’.
2275 2981 2428 3034 Ἐπεὶ
2472 2982 2527 3036 δέ
2583 2999 2704 3035 τινα
2755 2981 2865 3035 τῶν
2917 2979 3261 3049 πραγμάτων
3293 2981 3350 3032 ἐν
3379 2980 3444 3049 τῇ
3477 2978 3665 3051 οὐσίᾳ,

2077 3074 2155 3144 μὴ
2210 3076 2396 3145 μέντοι
2456 3077 2515 3128 ἐν
2556 3077 2771 3138 ἑαυτοῖς
2821 3074 2922 3146 τὴν
2959 3073 3197 3144 ὓπαρξιν
3244 3073 3486 3143 ἔχουσιν,
3514 3077 3668 3128 οὓτω

1996 3187 2040 3244 c
2077 3170 2171 3221 καὶ
2201 3168 2560 3236 περὶτούτων
2593 3169 2918 3238 ἑσκέψαντο,

2150 3267 2224 3325 ς’.
2261 3259 2367 3314 Δύο
2395 3263 2518 3316 τινὰ
2543 3263 2640 3316 καὶ
2669 3263 2822 3333 τρία,
2843 3265 2938 3318 καὶ
2965 3264 3098 3319 δέκα
3124 3269 3221 3322 καὶ
3249 3267 3458 3321 εἴκοσιν
3491 3266 3668 3338 κύρη-

2077 3355 2258 3418 κότες,
2285 3356 2564 3426 ἀνήγαγον
2595 3355 2688 3409 ἐπὶ
2719 3357 2813 3410 τὸν
2847 3357 3086 3428 ἀριθμόν
3113 3374 3128 3389 ο
3161 3361 3305 3430 μέγα
3334 3361 3391 3414 δὲ
3440 3363 3536 3414 καὶ
3571 3379 3670 3413 ut-

2078 3443 2212 3513 κρὸν
2240 3445 2335 3498 καὶ
2366 3444 2436 3497 τὰ
2473 3445 2702 3499 τοιαῦτα
2732 3448 2824 3499 ἐπὶ
2854 3447 2915 3500 τὺ
2948 3448 3180 3516 μέγεθος
3213 3465 3227 3479 ·
3277 3450 3370 3503 τὸν
3424 3449 3669 3520 ἀριθμὸν

2077 3537 2134 3590 δὲ
2162 3537 2258 3590 καὶ
2289 3537 2518 3606 μέγεθος
2546 3538 2873 3607 περιέλαὸον
2903 3539 2984 3612 τῷ
3021 3541 3192 3611 ποσῷ.
3221 3542 3325 3596 Δύο
3347 3545 3479 3609 γοῦν
3502 3542 3668 3612 ἔσχον

2079 3628 2398 3698 κοινότητας
2454 3632 2815 3698 περιεκτικὰς
2872 3635 3220 3702 πραγμάτων
3275 3635 3507 3703 πολλῶν,
3557 3636 3669 3707 τὴν

2081 3721 2267 3774 οὐσίαν
2302 3723 2479 3776 καὶτὸ
2511 3725 2697 3780 ποσόν.

2151 3901 2394 3967 ζ’.ῐῖάλιν
2431 3903 2548 3957 ἔστι
2570 3921 2621 3958 τι
2641 3906 2855 3973 λευκὸν,
2889 3907 3078 3977 μέλαν,
3107 3909 3299 3980 κιρῤόν
3317 3925 3335 3943 ο
3362 3910 3531 3966 ταῦτα
3555 3914 3673 3970 ὑπὸ

2081 3994 2141 4048 τὸ
2175 3996 2377 4066 χρῶμα
2403 3998 2789 4068 συνήθροισαν.
2829 4001 2987 4054 Ἔστι
3021 4001 3080 4054 δέ
3128 4018 3181 4055 τι
3216 4001 3410 4071 γλυκὺ,
3438 4008 3666 4077 πικρῖιν,

2083 4086 2305 4157 θερμὸν,
2336 4087 2546 4160 ψυχρόν
2574 4106 2588 4120 ·
2622 4090 2794 4144 ταῦτα
2827 4091 2891 4163 δή
2923 4093 3018 4145 καὶ
3073 4093 3138 4147 τδ
3179 4095 3399 4167 χρῶμα,
3430 4099 3523 4152 καὶ
3565 4102 3674 4164 τὰς

2081 4179 2296 4248 τέχνας,
2334 4182 2426 4234 καὶ
2456 4183 2556 4245 τὰς
2579 4183 2891 4253 ἐπιστήμας
2927 4187 3028 4257 μιᾷ
3056 4189 3332 4257 κοινότητι
3362 4190 3673 4258 περιέγραο

2081 4271 2212 4342 ψαν,
2249 4271 2327 4342 τῷ
2372 4274 2536 4344 ποιῷ.
2569 4274 2727 4327 Ποιὸν
2755 4275 2813 4328 δέ
2864 4277 3033 4344 ἔστιν,
3071 4279 3166 4348 ἀφ’
3206 4273 3268 4332 οὗ
3317 4283 3676 4352 παρωνύμως

2084 4366 2411 4432 ὀνομάζεται
2445 4367 2504 4419 τὸ
2539 4369 2785 4438 μετέχον,
2806 4369 2840 4439 ἢ
2864 4370 3112 4424 ὁπωσοῦν
3137 4372 3312 4438 ἄλλως
3345 4374 3440 4428 ἀπ’
3464 4377 3634 4430 αὐτοῦ
3650 4395 3672 4411 ·

2085 4456 2162 4520 ὡς
2221 4457 2330 4510 ἀπὸ
2361 4459 2461 4527 τῆς
2493 4461 2898 4531 γραμματικῆς
2926 4463 2954 4514 ὁ
2985 4468 3398 4534 γραμματικὸς,
3434 4471 3528 4523 καὶ
3556 4471 3680 4526 ἀπὸ

2011 4550 2054 4604 D
2084 4550 2181 4618 τῆς
2205 4549 2409 4619 ἀρετῆς
2436 4551 2465 4602 ὀ
2502 4552 2812 4614 σπουδαῖος.

2161 4647 2230 4712 η’.
2276 4643 2402 4696 Ὅτι
2433 4643 2489 4694 δὲ
2520 4644 2612 4696 καὶ
2660 4643 2834 4709 δεξιὸν
2863 4645 2980 4699 ἔστι
3013 4664 3066 4701 τι
3099 4651 3193 4702 καὶ
3227 4651 3542 4724 ἀριστερὸν,
3572 4659 3680 4710 καὶ⁵

2090 4734 2373 4788 διπλάσιον
2426 4736 2522 4788 καὶ
2551 4737 2726 4807 ἣμισυ
2753 4754 2770 4770 θ
2811 4742 2881 4793 τὰ
2919 4744 3144 4797 τοιαῦτα
3175 4745 3252 4816 τῷ
3282 4747 3417 4816 πρός
3453 4767 3504 4803 τι
3535 4753 3686 4807 ἁπέ-

2090 4843 2305 4894 νειμαν.
2347 4827 2505 4880 Ἔστι
2531 4827 2587 4881 δὲ
2617 4830 2687 4882 τὰ
2717 4831 2853 4901 πρός
2881 4849 2934 4886 τι
2968 4835 3154 4905 σχέσις
3183 4837 3375 4909 ἐτέρου
3398 4839 3533 4914 πρδς
3551 4845 3682 4899 ita-

2093 4938 2205 4992 ρον.
2695 4992 2700 4996 ι

2161 5011 2400 5069 θ’.Ιιάλιν
2429 5014 2547 5068 ἔστι
2568 5033 2618 5069 τι
2643 5017 2701 5069 ὲν
2719 5017 2816 5086 νῷ,
2844 5021 2901 5071 ἐν
2917 5020 3113 5090 ἀγορᾷ,
3137 5023 3194 5075 ὲν
3223 5021 3456 5096 θεάτρῳ,
3478 5031 3541 5098 τῇ
3575 5031 3681 5085 τοῦ

2092 5108 2196 5161 ποῦ
2229 5107 2506 5179 κοινότητι
2555 5107 2624 5162 τὰ
2669 5109 2896 5163 τοιαῦτα
2927 5113 3347 5183 προσήρμοσαν.
3381 5119 3563 5173 Τόπου
3613 5124 3681 5177 δὲ

2091 5203 2504 5271 παραστατικὸν
2553 5203 2792 5273 ὑπάρχει
2847 5205 2908 5257 τὸ
2945 5206 3049 5259 ποῦ
3073 5223 3090 5238 ο
3127 5207 3386 5280 διαφοραὶ
3413 5211 3469 5266 δὲ
3499 5215 3679 5270 αὐτοῦ

2089 5295 2213 5347 ὅσαι
2245 5299 2340 5348 καὶ
2388 5293 2485 5346 τοῦ
2539 5297 2707 5348 τόπου
2732 5309 2747 5326 ·
2775 5296 2910 5362 άνω,
2949 5299 3122 5366 κάτω,
3158 5299 3334 5368 δεξιὰ,
3373 5306 3678 5380 ἀριστερά,

2090 5387 2422 5458 ἔμπροσθεν,
2453 5385 2698 5441 δπισθεν.

2164 5477 2299 5534 ι’.Τὸ
2325 5478 2380 5530 δὲ
2416 5478 2545 5546 χθὲς
2575 5479 2669 5532 καὶ
2690 5481 2890 5550 πέρυσι
2914 5487 3007 5538 καὶ
3036 5487 3298 5558 σήμερον,
3327 5496 3421 5543 καὶ
3453 5491 3680 5563 αὔριον,

2090 5572 2182 5624 καλ⁴
2211 5571 2311 5624 ὅσα
2342 5568 2592 5634 τοιαῦτα,
2638 5572 2734 5624 ἐπὶ
2769 5574 2865 5627 τοῦ
2929 5579 3061 5630 πότε
3129 5585 3433 5649 συνήγαγον
3459 5600 3473 5614 ο
3509 5588 3570 5637 τὸ
3614 5589 3678 5640 δέ

2091 5668 2207 5717 ἐστι
2241 5665 2435 5735 χρόνου
2473 5668 2833 5735 σημαντικόν.
2867 5671 3136 5740 Διαφοραὶ
3163 5671 3216 5726 δὲ
3238 5675 3331 5726 τοῦ
3367 5674 3520 5742 πότε,
3541 5677 3678 5731 ὅλαι

2091 5758 2183 5808 καὶ
2230 5756 2322 5810 τού
2371 5757 2602 5828 χρόνου·
2635 5760 2894 5824 ἐνεστὼς,
2937 5765 3350 5834 παρεληλυθὼς,
3402 5768 3498 5822 καὶ
3536 5771 3679 5842 μέλ-

2091 5847 2214 5900 λων.
