3868 6362
231 376 345 443 785

1504 383 1853 448 EPITOME
1894 386 2188 456 LOGICA.

3388 394 3497 459 788

295 494 385 552 ια’.
418 496 493 551 Τδ
525 497 584 553 δέ
635 496 881 564 τύπτειν,
910 499 971 553 τὸ
1005 498 1343 572 θερμαίνειν,
1370 500 1430 555 rb
1477 499 1674 572 ψύχειν
1708 501 1801 555 καὶ

1975 504 2064 561 11.
2095 507 2165 561 At
2187 508 2248 563 τὸ
2264 509 2579 575 verberare,
2613 510 2670 562 τὸ
2688 511 3021 567 calefacere.
3054 510 3116 564 τδ
3140 510 3490 583 refrigerare.

217 585 292 641 τὰ
340 588 590 656 τοιαῦτα,
622 590 794 662 ἤγουν
843 592 1227 665 παραπλήσια,
1261 596 1318 648 ἐν
1345 593 1424 665 τῷ
1475 596 1652 649 ποιεῖν
1682 593 1803 647 ἐθε-

223 697 353 737 σαν.

297 771 388 844 ιβ’.
426 773 639 846 Ὥσπερ
675 776 743 831 αὖ
794 778 852 830 ἐν
893 776 971 848 τῷ
1000 775 1255 849 πάσχειν,
1283 761 1347 832 rb
1389 779 1714 844 τύπτεσθαι,
1744 778 1806 832 τὸ

224 865 645 939 θερμαίνεσθαι,
684 870 744 923 rb
776 870 1072 941 ψύχεσθαι,
1109 873 1204 925 καὶ
1230 872 1300 926 τά
1334 872 1523 939 ὃμοια.

297 957 388 1028 ιγ’.
419 960 577 1015 Ἔστι
602 960 659 1014 δέ
689 964 864 1016 ποιεῖν
898 963 999 1032 μὲν
1023 963 1084 1016 τὸ
1129 962 1264 1034 δρᾷν
1296 962 1425 1035 περί
1454 981 1531 1030 τι,
1571 963 1805 1034 πάσχειν

217 1050 278 1104 δὲ
317 1050 381 1103 τὸ
414 1050 508 1118 ὑφ’
543 1051 735 1121 ἐτέρου
772 1052 1147 1107 ἀλλοιοῦσθαι.

298 1138 381 1193 ιδ’.
419 1138 586 1194 Πάλιν
627 1141 813 1212 ἐπειδή
850 1143 969 1196 ἐστι
994 1143 1056 1196 τὸ
1086 1143 1465 1211 ύπώεδέσθαι,
1505 1146 1802 1212 ὡπλίσθαι,

219 1227 512 1284 δακτύλιον
543 1234 754 1301 φορεῖν,
781 1232 854 1287 τά
887 1235 1104 1289 ἐοικότα
1138 1236 1316 1291 πάντα
1343 1238 1521 1293 ταῦτα
1549 1239 1628 1308 τῷ
1656 1239 1805 1310 ἔχειν

218 1318 550 1376 δεδώκασιν.
588 1323 747 1378 Ἔστι
784 1323 842 1378 δὲ
888 1325 951 1380 τὸ
989 1326 1136 1399 ἐχειν
1188 1328 1382 1395 οὐσίας
1435 1330 1567 1402 περὶ
1612 1331 1819 1387 ούσίαν-

223 1412 535 1482 περίθεσις.
1373 1401 1385 1414 ’

296 1510 380 1561 ιε’.
411 1506 486 1559 Τὸ
507 1506 565 1561 δέ
596 1506 838 1573 ἐστάναι,
877 1511 973 1565 καὶ
1005 1509 1349 1578 ἀνακεῖσθαι,
1383 1513 1480 1566 καὶ
1506 1511 1805 1585 καθῆσθαι,

220 1597 370 1666 γένει
399 1599 568 1671 κοινῷ
596 1600 675 1673 τῷ
707 1600 924 1658 κεῖσθαι
957 1602 1261 1666 ὑπέταξαν.

300 1718 395 1779 ις¹;
418 1714 650 1772 nauem
678 1715 735 1769 δέ
762 1719 911 1772 ἐστιν
938 1719 973 1791 ή
1010 1720 1188 1773 τοιάδε
1221 1720 1370 1786 θέσις
1403 1720 1499 1776 τοῦ
1529 1722 1803 1795 σώματος.

298 1890 386 1957 ιζ’.
420 1893 483 1946 Ei
520 1893 621 1964 μέν
651 1895 762 1968 γὰρ
792 1897 954 1968 ὄρθια
981 1900 1050 1955 τά
1078 1901 1217 1973 μέλη
1250 1892 1434 1959 πάντα
1455 1904 1617 1968 εἰσὶν,
1641 1905 1804 1961 ἐστά-

220 2000 315 2037 ναι
366 1984 628 2054 λέγεται·
676 1992 726 2043 εί
749 1989 795 2043 δ’
830 1989 1001 2045 ὕπτια
1065 1996 1269 2060 πάντα,
1323 1997 1651 2051 ἀνακεῖσθαι
1709 2000 1836 2052 καὶ·

218 2075 633 2134 ἀνακεκλίσθαι.
661 2079 724 2133 Ei
749 2079 805 2134 δέ
827 2082 897 2136 τὰ
928 2083 1029 2153 μὲν
1050 2084 1398 2157 ὀρθιάζοντα,
1430 2089 1499 2142 τὰ
1525 2088 1574 2143 δ’
1609 2089 1803 2147 ὑπτιά-

219 2173 388 2236 ζοντά
416 2194 552 2241 πως,
585 2176 883 2246 καθῆσθαι.

296 2295 391 2358 ιη’.
423 2290 532 2344 Τοῦ
562 2290 621 2345 δέ
651 2293 867 2347 κεῖσθαι
913 2293 985 2348 τὰ
1022 2294 1121 2363 μέν
1158 2294 1321 2363 φύσει
1369 2295 1613 2366 μετέχει,
1636 2294 1713 2359 ὡς
1734 2295 1803 2347 τὰ

220 2384 470 2454 τέσσαρα
503 2387 763 2455 στοιχεῖα,
788 2388 846 2440 ἐν
868 2392 982 2451 τοῖς
1016 2388 1171 2453 ίδίοις
1223 2389 1506 2460 ἱδρυμένα,
1540 2390 1636 2442 καὶ
1659 2390 1687 2442 ὁ
1714 2387 1804 2440 ού-

223 2476 403 2543 pavbr,"
427 2475 525 2546 τὴν
548 2478 812 2533 ἀνωτάτω
840 2478 1027 2548 χώραν
1054 2480 1271 2551 ἐπέχων
1293 2497 1309 2511 ·
1340 2480 1411 2534 τὰ
1447 2479 1503 2533 δὲ
1536 2479 1709 2540 θέσει.
1727 2482 1803 2544 ὡς

220 2567 570 2636 ἀνδριάντες,
595 2571 690 2623 καὶ
720 2569 922 2635 κίονες,
947 2573 1044 2626 καὶ
1070 2572 1240 2643 σκεύη
1276 2573 1371 2626 καὶ
1399 2572 1537 2637 δλως
1557 2572 1627 2627 τὰ
1661 2574 1803 2628 κατὰ

216 2657 418 2731 τέχνην
451 2661 575 2714 τινὰ
628 2660 661 2733 ἢ
688 2662 882 2733 χρείαν
913 2662 1197 2734 τιθέμενα.

297 2842 382 2899 ιθ’.
428 2845 551 2898 Ἔτι
599 2847 667 2900 τὰ
719 2846 819 2916 μὲν
866 2848 926 2901 ἐν
957 2849 1145 2903 στάσει
1176 2848 1289 2917 ἔχει
1325 2848 1425 2917 τὴν
1457 2847 1629 2912 θέσιν,
1661 2846 1737 2911 ὼς
1767 2847 1800 2918 ἡ

215 2939 320 3007 γῆ’
340 2939 410 2992 τὰ
442 2939 562 2992 δ’ἐν
601 2940 837 3012 κινήσει,
880 2942 954 3003 ὡς
1008 2942 1078 2995 τὰ
1128 2941 1355 3009 οὐράνια
1387 2938 1640 3010 σώματα.

299 3083 365 3129 κ’.
401 3077 523 3131 Ἔτι
562 3078 631 3130 τὰ
666 3078 765 3147 μιν
813 3078 1075 3148 διαμέσον
1108 3079 1220 3149 ἔχει
1275 3077 1335 3131 τὸ
1365 3078 1604 3140 κεῖσθαι,
1632 3077 1707 3140 ὠς
1734 3076 1804 3129 τὰ

1910 606 1967 652 et
2004 598 2419 669 hujuscemodi,
2458 600 2562 658 hoc
2594 614 2700 669 est,
2729 614 2984 675 cognata,
3018 605 3074 658 in
3108 603 3187 674 τῷ
3209 619 3371 676 agere
3402 619 3493 660 re-

1912 702 2249 762 posuerunt.

1979 785 2067 839 12.
2090 784 2565 852 Quemadmodum
2605 788 2848 844 vicissim
2895 789 2948 843 in
2979 789 3059 859 τῷ
3098 789 3234 859 pati.
3264 790 3329 844 rb
3370 806 3493 845 ver-

1905 876 2113 942 berari,
2140 878 2202 932 τὸ
2224 879 2484 943 calefieri,
2507 881 2570 934 τὸ
2598 880 2934 949 refrigerari,
2976 890 3032 937 et
3054 882 3280 936 similia.

1980 971 2069 1026 15.
2114 972 2212 1026 Est
2260 982 2440 1028 autem
2474 989 2637 1045 agere
2666 976 2884 1042 quidem
2946 975 3163 1045 operari
3207 976 3355 1031 circa
3390 975 3494 1031 ali-

1907 1060 2039 1131 quid
2070 1079 2084 1115 :
2121 1062 2236 1130 pati
2266 1078 2400 1118 vero
2430 1072 2515 1119 est
2536 1063 2758 1119 alterari
2797 1063 2865 1117 ab
2892 1063 3024 1119 alio.

1991 1153 2079 1207 M.
2109 1153 2319 1209 Rursus
2341 1154 2601 1224 quoniam
2621 1162 2705 1209 est
2727 1155 3030 1209 calceatum
3053 1170 3197 1219 esse,
3222 1164 3492 1209 armatum

1908 1258 2057 1309 esse,
2095 1245 2360 1299 annulum
2398 1256 2633 1314 gestare,
2667 1247 2849 1301 omnia
2884 1247 2969 1301 bis
2999 1258 3384 1302 convenientia
3416 1248 3495 1315 τῷ

1906 1336 2111 1393 habere
2166 1338 2560 1394 attribuerunt.
2610 1338 2814 1411 Estque
2840 1341 2902 1394 τὸ
2931 1340 3131 1395 habere
3167 1342 3493 1396 substantia:

1906 1431 2054 1486 circa
2088 1431 2451 1486 substantiam
2478 1433 2697 1501 positio.

1979 1524 2067 1578 15.
2101 1525 2170 1580 At
2198 1524 2261 1577 τὸ
2295 1536 2464 1592 stare,
2487 1535 2543 1582 et
2566 1527 2751 1595 jacere
2782 1526 3176 1594 (recumbere),
3198 1538 3252 1582 et
3277 1529 3488 1592 sedere,

1908 1619 2190 1674 communi
2225 1619 2414 1689 generi
2449 1620 2598 1691 quod
2631 1629 2717 1677 est
2752 1620 2915 1676 situm
2940 1636 3067 1676 esse
3104 1621 3487 1691 subjeeerunt.

1982 1732 2068 1790 16.
2101 1732 2196 1788 Est
2220 1743 2405 1788 autem
2435 1733 2498 1788 τὸ
2528 1737 2694 1790 situm
2727 1749 2851 1790 esse
2884 1744 3039 1790 certo
3069 1734 3307 1804 quodam
3328 1735 3492 1789 mndo

1833 1840 1880 1901 Β
1906 1823 2101 1879 affecta
2136 1825 2377 1894 positio._

1979 1914 2261 1985 12717.
2298 1915 2355 1970 Si
2384 1916 2530 1971 enim
2587 1918 2830 1973 membra
2893 1918 3076 1973 omnia
3134 1926 3282 1972 recta
3330 1929 3478 1980 sunt,

1904 2016 2090 2075 stare;
2140 2008 2186 2064 si
2224 2010 2410 2064 omnia
2445 2010 2677 2080 supina.
2703 2012 2891 2082 jacere
2967 2011 3359 2080 (accumbere).
3425 2011 3483 2063 Si

1904 2102 2154 2169 quaedam
2204 2112 2410 2169 erecta,
2468 2103 2718 2174 quaedam
2765 2103 3022 2173 resupina
3083 2113 3233 2162 sunt.
3286 2105 3482 2156 sedere

1903 2193 2126 2249 dicitur.

1977 2307 2066 2362 18.
2102 2308 2273 2363 Porro
2295 2309 2355 2363 rb
2375 2309 2538 2363 situm
2567 2324 2691 2363 esse
2726 2311 2974 2378 quaedam
3000 2317 3196 2362 natura
3223 2308 3490 2376 quodam-

1903 2402 2067 2456 modo
2105 2402 2450 2472 participant,
2483 2411 2542 2456 ut
2580 2412 2818 2471 quatuor
2846 2402 3121 2457 elementa
3159 2401 3214 2454 in
3252 2400 3491 2473 propriis

1901 2493 2039 2549 locis
2065 2493 2352 2559 collocata,
2387 2503 2444 2549 et
2482 2493 2685 2549 coelum
2745 2493 2891 2563 quod
2931 2491 3275 2562 superiorem
3308 2490 3490 2559 regio-

1904 2602 2033 2641 nem
2067 2586 2309 2653 obtinet;
2334 2587 2585 2657 quaedam
2615 2586 2908 2656 positione,
2957 2596 3017 2640 ut
3052 2595 3246 2640 statuae
3300 2594 3356 2638 et
3398 2598 3491 2637 co-

1905 2680 2124 2744 lumna',
2158 2690 2215 2734 et
2263 2678 2645 2749 supellectilis,
2700 2688 2756 2734 et
2805 2679 2858 2733 in
2898 2678 3214 2733 universum
3265 2693 3327 2731 ea
3369 2690 3491 2742 quae

1904 2771 2207 2826 secundum
2256 2779 2431 2827 artem
2462 2780 2560 2826 aut
2583 2786 2744 2828 usum
2773 2779 3078 2840 ponuntur.
3218 2758 3223 2767 ’

1976 2863 2063 2919 19.
2097 2863 2366 2919 Praeterea
2384 2863 2560 2918 aliain
2584 2871 2731 2917 statu
2748 2864 2918 2918 situm
2951 2861 3176 2925 habent,
3213 2869 3275 2916 ut
3305 2873 3490 2916 terra:

1903 2956 2008 3010 alia
2046 2956 2102 3009 in
2135 2964 2309 3020 motu,
2348 2965 2407 3010 ut
2436 2970 2668 3026 corpora
2701 2954 2976 3011 crrlestia.

1975 3088 2065 3146 20.
2093 3087 2321 3158 Insuper
2347 3088 2450 3143 alia
2476 3088 2700 3158 quidem
2733 3086 2938 3142 habent
2986 3085 3154 3142 situm
3211 3099 3337 3140 esse
3362 3099 3491 3154 per-

219 3174 471 3239 στοιχεία
491 3171 585 3225 καὶ
612 3172 838 3242 οὐρανός
859 3188 874 3204 ο
906 3172 975 3226 τά
1011 3170 1057 3227 δ’
1084 3170 1362 3242 ἐγχρονον,
1403 3170 1475 3236 ὡς
1513 3170 1581 3224 τά
1614 3172 1671 3224 ἐν
1708 3169 1803 3240 μέ-

1931 3197 2156 3247 manens,
2187 3191 2247 3237 ut
2264 3181 2535 3237 elementa
2566 3190 2622 3237 et
2649 3180 2848 3235 cmlum
2884 3178 3028 3233 :alia
3070 3176 3488 3249 temporarium.

221 3282 314 3334 ρει
348 3264 542 3335 χρόνου
572 3265 877 3334 ὑφεστῶτα.

298 3401 407 3455 κα’.
434 3399 591 3462 Οὕτω
622 3401 723 3471 μὲν
751 3396 846 3455 οὖν
874 3401 925 3455 οἱ
958 3401 1240 3471 φιλόσοφοι
1262 3399 1362 3464 τὰς
1386 3399 1644 3463 τοιαύτας
1667 3399 1802 3454 δέκα

216 3495 606 3561 γενικωτάτας
643 3494 866 3567 ἐξεῦρον
902 3497 1254 3565 κοινότητας.

300 3606 407 3678 κβ⁹.
445 3610 719 3662 ’Βκαστον
742 3609 800 3662 δέ
840 3608 952 3662 τῶν
988 3610 1130 3663 κατά
1173 3608 1449 3680 μηδεμίαν
1486 3608 1805 3678 συμπλοκὴν

216 3702 539 3773 λεγομένων
572 3703 701 3755 αὖτ’)
730 3702 855 3756 καθ’
891 3704 1023 3756 αὐτὸ
1068 3704 1303 3774 πρᾶγμα
1336 3706 1437 3773 μὲν
1469 3702 1528 3769 ἐξ
1558 3703 1805 3770 ἀνάγκης

217 3794 401 3864 δηλοῖ,
439 3792 633 3863 ψεῦδος
662 3793 719 3847 δὲ
772 3794 804 3864 ἢ
860 3793 1117 3865 ἀλήθειαν
1165 3793 1419 3864 οὐδαμῶς
1448 3809 1463 3824 ⁸
1490 3797 1556 3863 τῇ
1587 3793 1643 3847 δὲ
1672 3794 1806 3863 πρὸς

219 3888 433 3956 ἄλληλα
461 3886 666 3939 τούτων
697 3887 991 3956 συμπλοκῇ
1032 3885 1066 3956 ἢ
1098 3886 1351 3954 ἀλήθεια,
1392 3885 1423 3955 ἢ
1451 3884 1646 3956 ψεῦδος
1677 3887 1809 3939 ἀκο-

217 3981 428 4035 λουθεῖ.
465 3980 562 4031 "Av
621 3979 720 4048 μὲν
780 3980 889 4048 γὰρ
950 3978 1112 4040 είπω,
1173 3978 1561 4048 ἄνθρωπος,ῆ
1615 3978 1802 4044 ἵππος,

219 4076 257 4143 ἢ
294 4073 498 4143 τρέχει,
529 4073 561 4141 ἢ
590 4072 810 4126 ἵσταται
832 4084 846 4101 ’
880 4072 1114 4140 πρᾶγμα
1154 4070 1254 4140 μὲν
1309 4071 1565 4141 σημαίνω
1593 4069 1801 4139 ἁπλῶς,

218 4169 333 4222 οὒκ
373 4165 624 4235 ἀληθεύω
662 4166 742 4228 δὲ,
766 4165 888 4218 οὐδέ
933 4163 1239 4233 ψεύδομαιο
1279 4164 1375 4216 ἐὰν
1400 4162 1453 4215 δὲ
1491 4162 1805 4233 συμπλέξας

218 4259 363 4328 ἐρῶ,
418 4257 709 4327 ἄνθρωπος
763 4256 974 4325 τρέχει,
1019 4255 1053 4324 ἢ
1105 4255 1272 4318 ἵππος
1323 4253 1563 4319 ἵσταται,
1588 4252 1702 4307 τότ’
1750 4252 1808 4319 ἐξ

218 4353 475 4422 ἀνάγκης
504 4352 538 4425 ἢ
574 4350 825 4421 ἀληθεύω
862 4349 895 4421 ἢ
923 4348 1212 4421 ψεύδομαι.
1388 4390 1407 4419 ,

1911 3286 1965 3331 ιιι
2004 3290 2125 3347 quas
2154 3276 2211 3330 ln
2250 3282 2402 3345 parte
2441 3272 2707 3344 temporis
2730 3270 3071 3327 subsistunt.

1974 3414 2067 3467 21.
2106 3410 2196 3467 Sic
2243 3410 2463 3482 quidem
2524 3411 2691 3482 igitur
2736 3407 3048 3478 philosOphi
3103 3403 3489 3476 hujuscemodi

1906 3506 2099 3563 decem
2163 3503 2607 3576 generalissimas
2668 3502 3094 3557 communitates
3133 3500 3491 3553 invenerunt.

1975 3613 2065 3670 22.
2099 3613 2270 3667 Porro
2300 3611 2538 3681 quodvis
2560 3625 2751 3666 eorum
2781 3626 2902 3680 qua:
2925 3609 3061 3664 citra
3090 3624 3309 3664 omnem
3340 3624 3490 3664 eom-

1906 3705 2215 3775 plexioncm
2265 3703 2544 3766 dicuntur,
2590 3702 2766 3772 ipsum
2840 3701 3025 3772 seipso
3100 3716 3215 3756 rem
3267 3701 3488 3770 quidem

1909 3798 2243 3861 necessario,
2276 3795 2572 3850 falsitatem
2620 3802 2806 3849 autem
2840 3795 2927 3847 vel
2961 3793 3249 3847 veritatem
3283 3809 3492 3859 nequa-

1907 3904 2072 3959 quam
2103 3888 2384 3954 declarat;
2414 3885 2510 3940 sed
2548 3897 2792 3940 mutuam
2815 3900 3008 3940 eorum
3050 3882 3489 3953 complexionem

1908 3980 1994 4034 vel
2025 3978 2225 4033 veritas
2244 3978 2331 4033 vel
2361 3977 2568 4032 falsitas
2595 3977 2911 4031 comitatur.
2931 3975 3066 4030 Cum
3090 3976 3236 4029 enim
3267 3975 3487 4045 quidem

1908 4072 2119 4135 dixero,
2148 4072 2312 4125 homo
2346 4080 2442 4124 aut
2471 4085 2667 4139 equus,
2697 4078 2790 4125 aut
2816 4069 3012 4131 currit,
3055 4077 3149 4123 aut
3185 4076 3291 4121 stat
3320 4107 3334 4132 ,
3372 4081 3487 4121 rem

1907 4164 2129 4233 quidem
2161 4161 2488 4233 simpliciter
2517 4160 2768 4232 signiﬁco
2792 4179 2807 4228 ;
2834 4176 2940 4217 non
2969 4170 3155 4216 autem
3194 4176 3381 4214 verum
3407 4160 3490 4214 vel

1907 4257 2098 4311 falsum
2122 4256 2266 4311 dico.
2297 4254 2525 4321 Quando
2556 4266 2737 4310 autem
2768 4256 3150 4325 complexione
3197 4255 3360 4325 128
3410 4254 3490 4309 fa-

1908 4360 1993 4403 cta
2028 4348 2172 4412 dico,
2212 4347 2380 4402 homo
2417 4346 2614 4409 currit,
2650 4357 2746 4401 aut
2772 4362 2950 4417 equus
2983 4356 3110 4412 stat,
3150 4358 3265 4400 tum
3299 4361 3490 4400 neces-

1908 4441 2055 4495 sario
2085 4449 2179 4495 aut
2209 4455 2398 4497 verum
2431 4447 2527 4494 aut
2559 4438 2757 4494 falsum
2788 4440 2932 4497 dico.

299 4543 408 4606 κγ’.
448 4536 530 4589 Τὰ
589 4535 688 4607 μέν
724 4533 817 4589 οὖν
856 4534 1050 4607 πρῶτα
1098 4532 1193 4587 καὶ
1229 4532 1459 4603 δεύτερα
1509 4532 1801 4602 πρόσωπα,

1979 4534 2070 4588 23.
2102 4533 2298 4588 Prima:
2347 4533 2570 4602 quidem
2601 4530 2767 4600 igitur
2807 4545 2860 4586 et
2914 4530 3173 4587 secundat
3215 4544 3484 4598 personae.

219 4632 319 4685 διὰ
350 4631 411 4684 τὸ
448 4625 591 4684 εἶναι
643 4628 950 4700 ὡρισμένα,
989 4628 1065 4690 ὡς
1096 4627 1158 4680 rb
1201 4628 1386 4697 τρέχω
1436 4626 1532 4678 καὶ
1565 4626 1803 4696 τρέχεις,

222 4722 699 4794 συμπεπλεγμένα
732 4722 839 4774 εἰσὶ
883 4719 961 4789 τῷ
992 4719 1379 4791 σημαινομένῳ
1400 4734 1412 4748 ·
1444 4718 1511 4771 τὰ
1538 4718 1592 4769 δὲ
1619 4718 1802 4785 τρίτα,

219 4818 318 4872 διὰ
345 4813 407 4869 τὸ
430 4808 575 4869 εἶναι
600 4814 851 4885 ἀόριστα,
889 4812 1028 4885 μετά
1065 4813 1177 4865 τῶν
1223 4809 1414 4864 ἁπλῶν
1471 4808 1803 4877 ἐτάχθησαν.

1915 4637 2201 4697 propterea
2251 4624 2395 4693 quod
2444 4624 2681 4679 deﬁnitae
2734 4623 2866 4686 sint,
2915 4633 2974 4677 ut
3010 4638 3172 4676 curro
3205 4631 3262 4676 et
3285 4623 3484 4686 curris,

1914 4717 2217 4787 signiﬁcato
2243 4716 2541 4785 complexae
2572 4723 2733 4781 sunt;
2769 4714 2945 4768 tertia!
2973 4723 3157 4766 autem
3190 4722 3480 4781 prepterea

1914 4808 2042 4875 quia
2074 4807 2299 4863 iulinitae
2326 4814 2473 4873 sunt,
2509 4820 2636 4860 cum
2658 4803 3000 4875 simplicibus
3023 4803 3302 4858 collocatae
3331 4811 3484 4860 sunt.

1112 4956 1328 5026 Σχῆμα
1356 4956 1575 5025 κεφαλ.
1619 4953 1714 5015 ιδ’,
1742 4953 1877 5021 περὶ
1930 4948 2052 5005 τῶν
2091 4948 2493 5020 κατηγοριῶν.

1095 5075 1128 5145 ἢ
1157 5076 1221 5142 τῇ
1257 5075 1356 5143 μὲν
1382 5070 1988 5145 προφορᾷείσιν-ἀπλᾶ,
2014 5066 2183 5145 ἰξῷ-δέ
2215 5066 2601 5145 σημαινομένῳ
2625 5066 2877 5145 σύνθεπα,
2901 5063 2978 5145 ᾡς
3005 5062 3067 5116 τὸ
3092 5061 3279 5145 τρέχω
3301 5074 3323 5096 ⁸

1100 5133 1134 5217 ἦ
1164 5133 1232 5217 τῇ
1258 5133 1371 5215 μὴν
1401 5133 1652 5213 προφορᾷ
1684 5141 1939 5203 σύνθετα.
1969 5139 2050 5210 τῷ
2072 5133 2128 5193 δὲ
2160 5133 2549 5209 σημαινομένῳ
2568 5133 2738 5203 ἀπλᾶ,
2762 5135 2838 5202 ὠς
2866 5134 2918 5190 oi.
2946 5133 3189 5205 ὀρισμοί.

297 5400 382 5456 Τὰ
414 5396 688 5467 λεγόμενα
715 5395 808 5451 καὶ
829 5394 961 5452 ὅντα

1103 5535 1139 5606 ἢ
1177 5533 1272 5606 κει
1310 5533 1374 5603 τῇ
1409 5531 1814 5606 “Nemeaei”!

1175 5603 1254 5676 τῷ
1273 5621 1341 5675 an
1350 5601 1659 5675 μαινομένῳ
1674 5601 1822 5654 ἀπλᾶ

1930 5247 2110 5312 οὐσία,
2140 5245 2216 5307 ὠς
2245 5245 2556 5314 ἄνθρωπος,
2584 5242 2733 5314 βοῦς·

1933 5318 2121 5379 ποσὸν,
2151 5316 2226 5378 ὼς
2247 5316 2445 5385 δίπηχυ
2469 5328 2486 5345 ⁸

1937 5389 2109 5450 ποιὸν,
2143 5385 2216 5449 ὡς
2247 5385 2462 5449 λευκὸν,
2488 5386 2655 5454 μέλαν
2674 5403 2690 5417 ο

1941 5458 2075 5519 πρός
2107 5473 2182 5517 τι,
2203 5455 2276 5515 ὡς
2305 5456 2510 5526 πατὴρ,
2542 5458 2654 5519 υἱός
2688 5470 2705 5487 ·

1940 5527 2062 5590 ποῦ,
2085 5530 2144 5579 ἐν
2179 5528 2298 5576 lux:
2314 5527 2401 5595 ίῳο

1937 5599 2089 5658 πότε,
2123 5595 2270 5666 χθὲς,
2301 5599 2520 5665 πέρυσι’

1939 5664 2135 5728 ποιεῖν,
2167 5664 2384 5735 ψύχειν,
2416 5668 2470 5718 θε
2483 5667 2754 5736 ρμαίνειν·

1942 5734 2191 5811 πάσχειν,
2224 5734 2639 5811 θερμαίνεσθαι,
2664 5734 2958 5811 ψύχεσθαι·

1940 5809 2101 5873 ἔχειν,
2124 5807 2494 5857 ὑποδεδτσθιιο

1940 5881 2173 5942 κεῖσθαι,
2205 5877 2494 5947 καθησυαι.
