3868 6362
401 344 502 413 791

1592 361 2021 425 NICEPHORI
2050 367 2469 435 BLEMMIDE

3550 386 3654 450 792

403 465 562 523 dens.
612 467 729 522 Non
761 468 829 524 de
867 470 1115 534 subiecto
1172 473 1326 544 (dici)
1373 483 1425 532 et
1456 476 1509 532 in
1541 475 1789 547 subjecto
1815 480 1963 549 (esse

2088 483 2252 551 μένου
2306 488 2400 540 καὶ
2433 490 2492 541 ὲν
2531 488 2883 561 ὑποκειμένῳ
2926 491 2987 545 τὸ
3044 494 3268 566 μερικὸν
3315 495 3408 551 καὶ
3454 496 3660 568 ἄτομον

402 560 732 630 particulare
754 573 808 616 et
845 564 1187 620 individuum
1224 567 1511 624 accidens.

475 649 562 705 ll.
590 652 797 719 Quibus
834 656 907 709 ita
939 656 1215 714 distinctis
1239 675 1338 717 ens
1365 671 1461 716 aut
1489 661 1544 717 in
1581 662 1835 733 subjecto
1865 671 1971 729 est,

399 752 494 798 aut
536 759 643 798 non
683 755 767 801 est
792 748 844 801 in
880 748 1150 820 subjecto.
1185 751 1342 818 Quod
1386 744 1431 808 si
1461 754 1682 821 quidem
1736 755 1978 825 igiturin

397 835 645 905 subjecto
671 853 784 894 non
815 839 997 908 fuerit,
1026 844 1389 901 substantiam
1415 846 1615 915 eliicit;
1645 848 1729 903 sin
1762 849 1815 901 in
1849 846 1984 902 sub-

326 914 346 1007 ᾖ
392 928 542 999 jecto
566 940 672 994 est,
705 943 799 988 aut
846 949 955 990 non
985 945 1069 990 est
1111 954 1204 1009 per
1237 955 1318 1005 se,
1353 951 1448 995 aut
1474 948 1559 995 est
1596 914 1692 1009 per
1724 955 1807 998 se.
1865 940 1976 995 Sed

396 1022 669 1092 siquidem
706 1029 820 1098 'per
868 1042 928 1083 se
982 1040 1093 1093 est,
1139 1040 1235 1085 aut
1282 1032 1335 1086 in
1397 1041 1575 1100 partes
1623 1032 1891 1088 dividitur
1921 1041 1977 1087 et

396 1126 667 1186 quantum
723 1120 919 1187 ellicit;
958 1130 1048 1175 aut
1101 1125 1155 1178 in
1212 1136 1392 1195 partes
1438 1140 1549 1179 non
1592 1125 1875 1192 dividitur,
1921 1136 1975 1181 et

399 1210 568 1279 quale
612 1214 918 1269 consuluit.
946 1214 1102 1281 Quod
1140 1216 1184 1270 si
1229 1232 1358 1272 vero
1391 1233 1485 1287 per
1512 1233 1572 1273 se
1600 1234 1706 1273 non
1740 1226 1847 1282 est,
1880 1228 1978 1274 aut

398 1303 660 1359 habitudo
697 1314 906 1362 tantum
942 1314 1049 1375 est,
1082 1315 1138 1363 et
1165 1308 1324 1364 ellicit
1350 1325 1412 1365 ea
1444 1326 1568 1381 quae
1590 1320 1724 1367 sunt
1764 1312 1830 1366 ad
1874 1314 1979 1367 ali-

394 1396 548 1465 quid,
573 1406 665 1453 aut
708 1399 1008 1454 secundum
1044 1401 1275 1456 aliorum
1310 1403 1686 1459 habitudinem
1715 1404 1976 1473 intelligi-

396 1498 484 1542 tnr
508 1499 563 1544 et
593 1507 685 1547 sex
726 1493 936 1563 reliqua
989 1496 1405 1564 prwdicamenta
1435 1497 1619 1552 efficit.
1655 1496 1976 1553 Pulcherri-

394 1598 540 1635 nnuu
600 1586 748 1640 enim
807 1595 862 1641 et
925 1589 1163 1658 primum
1249 1588 1413 1662 134
1483 1590 1972 1661 ρτιοάἰσοῐιιεηιυιῐι

390 1678 733 1743 substantia,
765 1695 889 1734 cum
916 1690 1123 1750 quanto
1154 1683 1399 1752 quidem,
1420 1684 1481 1736 τὸ
1510 1683 1603 1739 ubi
1631 1693 1686 1739 et
1715 1684 1971 1753 quando:

2086 593 2149 630 συ
2158 579 2457 651 μσεϐηκός.

2155 677 2243 727 ια’.
2272 673 2492 728 Τούτων
2518 675 2662 730 οὕτω
2700 677 3153 751 διακεκριμένων,
3182 682 3243 735 το
3274 681 3334 735 ὃν
3362 683 3396 753 ἢ
3432 685 3491 738 ὲν
3525 685 3663 738 ὓπο-

2083 764 2325 836 κειμένῳ
2352 766 2522 833 ἐστὶν,
2549 767 2583 838 ἢ
2615 769 2717 824 οὐκ
2748 772 2806 826 ὲν
2832 772 3203 845 ὑποκειμένῳ.
3229 775 3290 828 ΕΞ
3325 776 3427 845 μὲν
3462 772 3558 831 οὖν
3587 780 3666 847 μὴ

2083 860 2141 912 ἐν
2170 860 2537 932 ’ὑποκειμένῳ
2582 865 2690 930 είη,
2713 866 2813 936 τὴν
2841 865 3032 921 οὐσίαν
3063 871 3244 921 ποιεῖ·
3273 870 3322 922 εί
3358 868 3406 922 δ’
3438 870 3495 922 ἐν
3526 870 3667 924 ὕπο-

2088 955 2347 1025 κειμένῳ,
2384 955 2417 1027 ἢ
2459 957 2521 1009 οὐ
2556 957 2680 1011 καθ’
2708 951 2841 1012 αὑτό
2874 962 3046 1023 ἐστιν,
3083 960 3116 1032 ἢ
3166 962 3291 1014 καθ’
3318 960 3468 1015 αὑτό.
3515 959 3665 1014 Ἀλλ’

2084 1044 2131 1095 εἰ
2159 1043 2261 1112 μὲν
2283 1045 2407 1099 καθ’
2437 1047 2590 1110 αὐτὸ,
2616 1048 2650 1120 ἢ
2683 1050 2940 1119 μεριστόν
2971 1053 3087 1104 ἐστι
3109 1053 3204 1104 καὶ
3230 1056 3375 1105 ποιεῖ
3390 1052 3450 1105 τδ
3469 1051 3664 1116 ποσὸν,

2083 1132 2115 1205 ἦ
2145 1135 2439 1207 ἀμέριστον
2466 1141 2564 1194 καὶ
2604 1143 2747 1195 ποιεῖ
2778 1143 2840 1196 τὸ
2876 1145 3052 1199 ποιόν.
3090 1142 3150 1197 El
3179 1144 3227 1198 δ’
3253 1145 3313 1198 οὐ
3352 1145 3476 1198 καθ’
3499 1145 3660 1206 αὐτὸ.

2083 1224 2326 1296 ἦσχέσις
2360 1230 2523 1296 μόνον
2566 1235 2685 1286 ἐστὶ
2724 1234 2820 1287 καὶ
2862 1238 3011 1289 ποιεῖ
3048 1237 3116 1290 τὰ
3151 1238 3289 1308 πρός
3317 1255 3393 1301 τι,
3436 1237 3468 1307 ἢ
3516 1239 3663 1290 κατᾶ

2086 1320 2272 1388 σχέσιν
2332 1321 2510 1376 ἄλλων
2565 1328 2792 1387 νοεῖται,
2850 1329 2945 1382 καὶ
2998 1335 3148 1383 ποιεῖ
3204 1332 3300 1393 τὰς
3353 1331 3549 1392 λοιπὰς
3598 1329 3665 1393 ἒξ

2076 1415 2435 1484 κατηγορίας.
2457 1414 2524 1471 Ἦ
2555 1418 2663 1489 γάρ
2697 1420 2961 1492 καλλίστη
2990 1422 3085 1476 καὶ
3108 1422 3301 1492 πρώτη
3341 1422 3451 1475 τῶν
3490 1438 3666 1490 κατη-

2075 1504 2279 1574 γοριῶν
2302 1507 2462 1562 οὐσία
2493 1512 2631 1575 μετὰ
2658 1511 2757 1581 μὲν
2790 1512 2883 1566 τοῦ
2912 1513 3079 1567 ποσοῦ
3110 1516 3280 1583 γεννᾷ
3300 1515 3359 1566 τδ
3398 1512 3501 1565 ποῦ
3560 1496 3664 1563 iam.

2072 1597 2134 1649 τὸ
2173 1599 2302 1652 πότε
2324 1615 2343 1632 ³
2405 1603 2544 1671 μετὰ
2590 1605 2647 1657 δὲ
2676 1605 2771 1660 τοῦ
2826 1605 2984 1659 ποιοῦ
3018 1608 3079 1659 τὺ
3114 1608 3288 1659 ποιεῖν
3310 1608 3406 1659 καὶ
3439 1607 3499 1658 τὸ
3554 1607 3670 1658 πά-

2074 1700 2226 1753 σχειν
2244 1703 2260 1718 ·
2308 1690 2449 1758 μετὰ
2475 1691 2533 1745 δὲ
2559 1692 2654 1746 τοῦ
2687 1694 2824 1764 πρός
2850 1712 2905 1748 τι
2935 1696 2996 1749 τὸ
3025 1695 3171 1766 ἔχειν
3194 1697 3288 1750 καὶ
3317 1696 3380 1749 ’τὸ
3406 1695 3656 1749 κεῖσθαι.

388 1786 513 1824 cum
553 1776 700 1841 quali
730 1787 910 1833 autem
933 1819 948 1844 ,
980 1778 1041 1831 τὸ
1064 1795 1225 1850 agere
1255 1789 1307 1837 et
1342 1781 1487 1851 pati;
1546 1795 1671 1837 cum
1700 1778 1767 1834 iis
1794 1777 2033 1846 denique
2064 1793 2187 1846 qure
2212 1794 2343 1839 sunt
2418 1786 2487 1842 ad
2528 1787 2754 1859 aliquid,
2806 1789 2869 1843 τὸ
2938 1789 3138 1845 habere
3183 1799 3237 1845 et
3306 1789 3472 1844 situm
3536 1802 3666 1842 esse

431 1863 690 1921 roducit.’

389 1879 690 1934 prooucu.’

273 1935 285 1945 ’
463 1959 551 2013 l2.
597 1962 772 2026 Atque
814 1965 929 2020 haec
969 1977 1097 2022 sunt
1140 1967 1329 2024 decem
1358 1969 1803 2038 praedicamenta,
1836 1979 1959 2040 quae
1990 1964 2036 2022 Β

392 2055 574 2110 omnia
601 2066 731 2111 sunt
760 2060 1055 2130 simplicia.

459 2151 549 2205 15.
580 2151 688 2206 Etsi
718 2153 864 2208 enini
897 2154 1205 2212 substantia
1227 2173 1351 2213 cum
1386 2161 1609 2229 quando
1639 2161 1859 2233 quidem
1906 2163 1971 2215 τὸ

387 2241 480 2296 ubi
505 2253 561 2299 et
596 2245 656 2298 τὸ
686 2248 938 2316 quando;
968 2264 1091 2303 cum
1143 2252 1290 2321 quali
1326 2267 1454 2305 vero
1505 2252 1569 2306 τὸ
1597 2265 1787 2322 tegere
1823 2263 1875 2308 et
1908 2254 1968 2306 τὸ

388 2335 535 2402 pati;
586 2350 712 2391 cum
761 2337 832 2394 iis
884 2339 1115 2408 denique
1168 2357 1289 2410 qnze
1339 2355 1464 2396 sunt
1527 2343 1592 2397 ad
1643 2344 1870 2414 aliquid,
1907 2345 1969 2396 τὸ

388 2427 592 2482 habere
629 2441 685 2484 et
724 2433 888 2486 situm
918 2447 1041 2488 esse
1073 2434 1275 2489 dicitur
1332 2451 1718 2508 progenerare.
1763 2437 1968 2492 Praedi-

385 2525 761 2576 camentoruin
796 2523 1003 2577 nullum
1039 2534 1123 2580 est
1161 2529 1549 2593 compositum.
1592 2529 1777 2598 Neque
1817 2528 1964 2582 enim

392 2611 448 2666 in
483 2611 604 2667 loco
630 2630 751 2669 esse
795 2627 887 2671 aut
926 2617 982 2672 in
1020 2632 1263 2689 tempore
1294 2636 1440 2687 esse,
1472 2631 1568 2677 aut
1603 2623 1710 2678 tale
1736 2622 1965 2689 aliquid,

385 2704 868 2772 przediramentum
900 2726 1022 2766 esse
1054 2712 1487 2783 (compositum).
1532 2716 1834 2785 Eapropter
1867 2715 1966 2782 igi-

385 2806 478 2851 tur
546 2798 728 2867 aliqua
784 2800 1209 2870 praedicamenta
1273 2808 1591 2861 nominibus
1677 2806 1966 2860 inﬁnitivi:

382 2904 694 2962 nuncupata
727 2906 889 2960 sunt;
923 2897 984 2948 τὸ
1011 2913 1174 2966 agere
1221 2910 1279 2954 et
1320 2902 1429 2965 pati
1458 2912 1513 2954 et
1541 2901 1709 2954 situm
1743 2914 1869 2954 esse
1898 2915 1965 2954 ne

380 2996 647 3051 personas
677 2989 1007 3040 assumendo
1036 2990 1495 3057 compesitionem
1523 2992 1766 3062 aliquam
1803 2991 1964 3044 indn~

381 3086 588 3131 carent.

456 3169 544 3225 M.
573 3169 765 3226 Omnia
812 3174 966 3240 proin
1002 3176 1427 3244 prmdicanmnta
1455 3179 1732 3248 simplices
1756 3194 1809 3238 et
1843 3188 1963 3240 nni-

377 3263 621 3318 versales
670 3278 831 3320 voces
863 3277 1010 3330 sunt,
1044 3283 1167 3336 quxe
1204 3268 1486 3338 simplices
1532 3285 1585 3327 et
1615 3275 1959 3341 universales
1987 3313 2032 3371 ο

378 3371 467 3413 res
502 3373 601 3427 per
629 3356 838 3412 medios
871 3358 1152 3429 simplices
1188 3371 1245 3416 et
1282 3362 1625 3422 universales
1649 3378 1951 3439 conceptus

378 3445 713 3515 signiﬁcant.

451 3541 538 3596 15.
574 3541 841 3599 Dill‘erunt
871 3558 1103 3603 autema
1133 3549 1378 3616 quinque
1400 3551 1650 3617 vocibus,
1676 3554 1821 3622 quod
1844 3554 1961 3610 haec

379 3637 601 3705 quidem
663 3639 1087 3706 praedicamenta
1119 3645 1188 3696 de
1235 3644 1400 3699 rebus
1461 3646 1789 3702 naturaliter
1818 3648 1958 3703 elle-

381 3740 579 3786 rnntur
637 3732 765 3786 dum
829 3720 1012 3787 rerum
1050 3745 1279 3792 naturas
1310 3736 1662 3807 signiﬁcant;
1718 3754 1960 3810 suntque

376 3841 543 3880 voces
570 3834 891 3881 naturarum
923 3827 1308 3895 prmdicativze,
1341 3830 1457 3884 sive
1479 3842 1780 3899 conceptus
1802 3832 1958 3903 135

376 3918 469 3988 qui
502 3917 570 3971 de
600 3916 761 3972 rebus
794 3919 1120 3975 naturaliter
1149 3921 1431 3978 dicuntur.
1462 3921 1751 3991 Propterea
1790 3926 1953 3979 etiam

378 4011 801 4081 praedicamenta
832 4011 1055 4081 pr0prie
1087 4021 1275 4066 vocata
1316 4021 1466 4069 sunt.
1502 4014 1754 4084 Quinque
1786 4030 1951 4071 voces

376 4105 637 4160 dicuntur
667 4107 920 4173 equidem
956 4114 1011 4161 et
1036 4106 1169 4174 ipsae
1200 4107 1524 4174 simpliciter
1568 4109 1956 4178 praedicativte,

374 4205 645 4263 quatenus
675 4196 1051 4267 signiﬁcativae
1076 4210 1239 4261 sunt;
1294 4208 1672 4257 verumtamen
1725 4212 1953 4256 naturas

378 4304 563 4343 rerum
601 4303 709 4343 non
752 4291 1087 4361 signiﬁcant,
1137 4307 1315 4362 ncque
1341 4294 1407 4347 de
1445 4308 1627 4349 rerum
1681 4295 1959 4349 exsisten-

272 4437 276 4441 .
377 4384 454 4436 tia
485 4383 809 4439 ell'eruntur.
843 4383 910 4438 Et
943 4384 1230 4455 propterea
1284 4401 1506 4455 proprie
1540 4400 1649 4440 non
1686 4386 1958 4453 obtinent,

378 4484 439 4532 ut
472 4477 834 4548 praedicativa‘.
881 4493 1066 4542 voces,
1105 4479 1199 4534 sed
1254 4478 1575 4548 simpliciter
1603 4492 1768 4532 voces
1799 4478 1911 4531 sint
1942 4494 1956 4532 :

378 4581 681 4639 conceptus
714 4570 971 4626 nimirum
1005 4571 1354 4641 significativi
1379 4557 1475 4640 qui
1511 4570 1564 4623 in
1596 4569 1959 4639 conceptibus

2137 1966 2228 2029 ιβ’.
2265 1967 2375 2020 Kal
2393 1957 2556 2021 αὗταί
2576 1970 2716 2021 εἰσιν
2744 1970 2802 2024 al
2830 1968 2962 2024 δέκα
2990 1969 3320 2042 κατηγορίαι
3345 1986 3361 2003 ο
3395 1972 3568 2025 πᾶσαι
3593 1967 3662 2024 δὲ

2074 2059 2403 2130 τυγχάνουσι
2444 2060 2641 2115 ἁπλαῖ.
2884 2070 2891 2073 ‘

2147 2157 2238 2217 ιγ’.
2288 2150 2407 2205 Κᾶν
2451 2153 2561 2224 γὰρ
2598 2154 2906 2226 ἀπογεννᾷν
2953 2157 2985 2222 ἡ
3026 2153 3187 2209 οὐσία
3223 2154 3473 2226 λέγηται.
3517 2153 3669 2224 μετὰ

2077 2242 2177 2314 μὲν
2207 2243 2302 2298 τοῦ
2356 2245 2528 2302 ποσοῦ
2578 2246 2639 2299 τδ
2678 2247 2780 2301 ποῦ
2817 2248 2913 2302 καὶ
2950 2248 3011 2302 τὸ
3040 2247 3171 2301 πότε
3194 2264 3210 2280 ⁸
3269 2248 3409 2316 μετὰ
3452 2246 3508 2301 δὲ
3558 2246 3665 2300 τοῦ

2074 2336 2253 2399 ποιοῦ.
2281 2338 2342 2390 τὸ
2368 2340 2546 2392 ποιεῖν
2579 2340 2675 2392 καὶ
2708 2342 2772 2393 τὸ
2795 2341 3068 2411 πάσχεινο
3116 2339 3256 2409 μετὰ
3285 2340 3343 2393 δὲ
3379 2339 3486 2393 τῶν
3518 2341 3671 2410 πρός

2070 2446 2143 2490 τι,
2177 2429 2238 2481 τὸ
2264 2429 2411 2500 ἔχειν
2432 2431 2528 2483 καὶ
2551 2435 2612 2483 τδ
2637 2432 2871 2489 κεῖσθαι.
2913 2432 3058 2487 Ἀλλ’
3089 2433 3321 2501 οὐδεμία
3350 2431 3461 2485 τῶν
3486 2449 3670 2502 κατη-

2070 2519 2272 2590 γοριῶν
2322 2520 2576 2586 σύνθετός
2610 2522 2784 2579 ἐστιν.
2831 2522 2968 2576 Οὐδὲ
3008 2522 3117 2595 γὰρ
3161 2525 3469 2592 κατηγορία
3503 2523 3563 2574 τὸ
3603 2523 3669 2574 ιν

2069 2615 2220 2684 τόπῳ
2257 2610 2417 2678 εἶναι,
2474 2615 2508 2687 ἢ
2565 2614 2627 2669 τὸ
2684 2617 2742 2669 ἑν
2799 2616 2978 2687 χρόνῳ
3025 2613 3253 2688 εἷναι,ἢ
3304 2615 3432 2669 ἄλλο
3457 2632 3509 2669 τι
3546 2613 3671 2667 τῶν

2069 2710 2350 2766 τοιούτων.
2408 2711 2508 2765 Διὰ
2555 2710 2719 2767 τοῦτο
2773 2712 2869 2766 καὶ
2914 2711 3180 2782 ὀνόμασιν
3231 2709 3673 2781 άπαρεμφάτοις

2066 2806 2176 2859 τῶν
2239 2803 2593 2875 κατηγοριῶν
2658 2802 2808 2869 τινες
2874 2802 3319 2874 ὠνομάσθησαν·
3361 2806 3424 2857 τὺ
3470 2803 3666 2854 ποιεῖν

2066 2898 2271 2969 δηλαδὴ
2295 2898 2391 2951 καὶ
2419 2898 2480 2951 τδ
2521 2898 2758 2967 πάσχειν
2786 2898 2883 2952 καὶ
2912 2898 2973 2950 τὸ
3005 2897 3152 2969 ἔχειν
3177 2896 3271 2950 καὶ
3303 2896 3365 2949 τὸ
3390 2894 3617 2949 κεῖσθαι
3641 2909 3660 2926 ο

2069 2989 2158 3042 ἵνα
2184 2988 2258 3058 μὴ
2286 2987 2363 3059 τῷ
2395 2987 2725 3059 ἐφέλκεσθαι
2758 2988 3029 3058 πρόσωπα
3061 2988 3314 3042 σύνθεσίν
3334 3005 3458 3042 τινα
3500 2988 3665 3041 elua-

2068 3085 2341 3150 γαγωσιν.

2138 3170 2219 3226 ιδ’.
2267 3174 2448 3228 Πᾶσαι
2480 3174 2665 3228 τοίνυν
2710 3173 2769 3229 al
2796 3176 3126 3245 κατηγορίαι
3152 3175 3325 3231 ἁπλαῖ
3355 3175 3450 3229 καὶ
3490 3171 3663 3228 καθο-

2066 3267 2218 3322 λικαὶ
2248 3266 2427 3333 φωναί
2452 3268 2613 3330 εἰσιν,
2643 3268 2791 3322 ἁπλᾶ
2835 3267 2931 3320 καὶ
2968 3267 3238 3322 καθολικὰ
3283 3268 3664 3339 σημαίνουσαι

2071 3360 2375 3429 πράγματα
2407 3358 2496 3413 διὰ
2534 3353 2717 3429 μέσων
2744 3358 2932 3412 ἁπλῶν
2964 3361 3061 3412 καὶ
3106 3359 3415 3414 καθολικῶν
3442 3358 3667 3429 νοημά-

2069 3470 2200 3506 των.

2143 3544 2226 3599 ιε’.
2272 3543 2603 3613 Διαφέρουσι
2638 3543 2694 3597 δὲ
2740 3544 2850 3596 τῶν
2897 3543 3060 3597 πέντε
3117 3544 3335 3613 φωνῶν,
3364 3545 3446 3597 ὅτι
3482 3542 3660 3598 αὗται

2071 3637 2173 3707 μὲν
2199 3639 2255 3689 αἱ
2281 3637 2611 3707 κατηγορίαι
2650 3637 2792 3690 κατὰ
2815 3637 3159 3708 πραγμάτων
3187 3637 3447 3708 φέρονται
3482 3654 3655 3705 φυσι-

2066 3731 2206 3797 κῶς,
2265 3730 2457 3800 φύσεις
2511 3733 2860 3801 πραγμάτων
2924 3730 3328 3800 σημαίνουσαν
3386 3732 3480 3786 καὶ
3537 3731 3660 3784 εἰσὶ

2071 3825 2244 3892 φωναὶ
2275 3827 2638 3895 κατηγορικαὶ
2684 3824 2923 3892 φύσεων,
2947 3825 3069 3893 ἢτοι
3097 3824 3247 3893 λόγοι
3296 3825 3440 3877 κατά
3467 3840 3664 3893 πραγ-

2072 3918 2261 3988 μάτων
2321 3917 2614 3987 λεγόμενοι
2646 3916 2916 3985 φυσικῶς.
2950 3920 3052 3971 Διά
3088 3916 3247 3971 τοῦτο
3289 3917 3383 3970 καὶ
3413 3933 3667 3986 κατηγο-

2072 4012 2186 4082 ρίαι
2215 4012 2421 4084 κυρίως
2457 4009 2789 4080 ἐκλήθησαν.
2813 4011 2880 4063 Δί
2910 4009 2968 4062 δὲ
2995 4010 3161 4065 πέντε
3195 4010 3374 4080 φωναὶ
3399 4010 3666 4077 λέγονται

2071 4105 2170 4173 μὲν
2205 4106 2302 4158 καὶ
2325 4098 2487 4157 αὗται
2513 4103 2891 4172 κατηγορικαὶ
2917 4101 3125 4165 ἁπλῶς,
3154 4101 3231 4165 ὡς
3263 4100 3608 4171 σημαντικαί
3642 4118 3662 4131 ’

2067 4197 2128 4248 οὐ
2163 4198 2268 4265 μὴν
2296 4194 2493 4264 φύσεις
2524 4195 2870 4264 πραγμάτων
2920 4196 3306 4263 σημαίνουσιν,
3354 4194 3476 4247 οὐδὲ
3506 4196 3664 4249 κατά

2069 4287 2413 4357 πραγμάτων
2473 4287 2767 4358 ὑπάρξεως
2817 4288 3096 4358 φέρονται.
3157 4287 3265 4339 Καὶ
3313 4289 3457 4339 κατὰ
3487 4285 3666 4341 τοῦτο

2067 4381 2191 4436 οὐδὲ
2253 4380 2456 4452 κυρίως
2507 4381 2694 4451 ἔχουσι
2748 4380 2810 4433 τὸ
2846 4380 3215 4449 κατηγορικαὶ
3262 4374 3402 4433 εἶναι
3449 4383 3659 4448 φωναὶ,

2069 4474 2186 4529 ἀλλ’
2232 4473 2419 4538 ἁπλῶς
2453 4475 2628 4541 φωναί
2656 4490 2671 4505 ·
2727 4474 2878 4543 λόγοι
2910 4472 3155 4542 δηλονότι
3193 4476 3522 4542 σημαντικοὶ
3551 4474 3663 4540 τῆς

2070 4567 2214 4621 κατὰ
2280 4567 2630 4637 πραγμάτων
2695 4566 3019 4636 όντότητος,
3087 4565 3405 4633 λεγομένοις
3464 4562 3659 4631 λόγοις

375 4666 821 4727 considerantur,
858 4663 947 4718 bis
980 4664 1073 4733 qui
1104 4664 1170 4719 de
1202 4680 1382 4718 rerum
1407 4664 1638 4719 entitate
1679 4662 1958 4718 dicuntur.

2079 4662 2521 4729 ίνθεωρούμενοι.
2575 4660 2669 4712 Διὸ
2721 4661 2817 4713 καὶ
2876 4658 3096 4728 λογικαὶ
3148 4657 3349 4727 μᾶλλον
3398 4652 3511 4710 εἷεν
3554 4659 3655 4724 ἂν,

376 4760 725 4829 Quapropter
763 4757 1060 4813 rationales
1086 4757 1271 4828 potius
1303 4755 1529 4821 fuerint,
1556 4771 1718 4825 quam
1760 4755 1959 4826 prredi-

377 4853 571 4909 cativze
606 4851 834 4923 (voces).

450 4946 539 4999 16.
597 4943 1068 5010 Quemadmodum
1114 4945 1258 4998 enim
1297 4943 1347 4997 in
1381 4944 1602 4998 entibus
1656 4950 1959 5012 conceptus

383 5040 604 5109 proprie
636 5038 972 5108 pi-wdécalivi
1005 5038 1359 5092 inveniuntur
1395 5036 1541 5107 (nam
1570 5046 1624 5091 et
1650 5034 1956 5089 substantia

373 5136 714 5203 conspicitur
770 5133 824 5187 in
861 5135 1025 5187 rebus
1059 5141 1114 5186 et
1162 5140 1426 5201 quantum
1460 5139 1516 5185 et
1549 5130 1710 5199 quale
1743 5138 1797 5184 et
1835 5145 1947 5184 cre-

376 5229 521 5296 tera)
563 5229 814 5283 eumdem
844 5227 910 5280 ad
944 5225 1166 5279 modum
1201 5224 1256 5279 in
1286 5223 1552 5292 ejusmodi
1591 5224 1958 5292 praedirativis

377 5318 758 5385 conceptibus.
798 5313 1096 5369 rationales
1141 5313 1221 5367 lue
1281 5327 1445 5368 voces
1506 5313 1947 5368 considerantur.

379 5412 518 5472 Nam
551 5420 606 5466 et
640 5411 694 5464 in
745 5408 1052 5464 substantia
1083 5423 1256 5478 genus
1286 5415 1342 5461 et
1371 5406 1582 5476 species
1611 5416 1667 5461 et
1700 5405 1957 5461 dill'eren-

375 5504 453 5569 tia
507 5514 561 5558 et
614 5501 921 5573 proprium,
982 5509 1037 5555 et
1090 5500 1346 5555 accidens
1376 5500 1432 5553 in
1492 5500 1607 5568 ipsa
1657 5500 1961 5553 consistens

379 5598 743 5667 conspicitur.
781 5594 843 5649 Et
875 5595 930 5650 in
978 5604 1300 5651 caeterorum
1337 5609 1468 5650 vero
1500 5592 1955 5663 praedicamento-

374 5706 496 5747 rum
534 5687 781 5756 quolibet
803 5695 858 5742 ct
907 5702 1080 5758 genus
1107 5686 1539 5759 deprehenditur
1573 5692 1628 5739 et
1659 5683 1871 5754 Species
1905 5689 1957 5735 et

376 5780 708 5844 (lim-rentia,
741 5792 794 5834 et
821 5782 1104 5853 proprium
1130 5789 1182 5836 et
1211 5779 1462 5836 accidens
1485 5776 1629 5849 quod
1653 5791 1746 5844 per
1771 5775 1948 5845 ipsum

381 5881 555 5935 totum
595 5882 864 5951 penetret.
1554 5864 1569 5895 ⁷

2060 4754 2094 4826 ἢ
2116 4754 2506 4824 κατηγορικαί.

2135 4945 2232 5003 ις’.
2261 4936 2526 5008 Καθάπερ
2555 4935 2664 5007 γάρ
2695 4940 2752 4990 ἓν
2779 4938 2891 5000 τοῖς
2938 4933 3090 4991 οὖσιν
3128 4939 3175 4991 oi
3220 4936 3424 5006 κυρίως
3472 4954 3657 5006 κατηο

2061 5034 2276 5102 γορικοὶ
2308 5032 2457 5100 λόγοι
2507 5033 2853 5102 εὑρίσκονται
2902 5032 3019 5103 (καὶ
3049 5033 3209 5087 οὐσία
3242 5033 3352 5103 γὰρ
3384 5034 3655 5101 ἐνορᾶται

2061 5128 2176 5190 τοῖς
2226 5126 2522 5196 πράγμασι
2582 5124 2678 5178 καὶ
2706 5125 2872 5178 ποσὸν
2905 5125 2998 5178 καὶ
3026 5130 3179 5177 ποιὸν
3201 5126 3299 5178 καὶ
3323 5124 3393 5178 τά
3420 5124 3645 5192 λοιπὰ),

2058 5220 2202 5274 κατὰ
2224 5221 2315 5272 τὸν
2332 5219 2494 5272 αὑτὸν
2510 5224 2712 5288 τρόπον
2731 5222 2790 5273 ὲν
2811 5223 2926 5284 τοῖς
2942 5221 3202 5283 τοιούτοις
3223 5223 3647 5291 κατηγορικοίς,

2061 5313 2116 5365 αἱ
2138 5311 2359 5379 λογικαὶ
2393 5307 2552 5365 αὗται
2585 5311 2920 5385 θεωροῦνται
2966 5316 3165 5384 φωναί.
3202 5315 3314 5371 Καὶ
3342 5316 3500 5383 γένος
3528 5323 3650 5387 γάρ

2062 5404 2389 5472 ἐμφαίνεται
2440 5407 2503 5475 τῇ
2563 5406 2724 5477 οὐσίᾳ
2771 5409 2868 5460 καὶ
2921 5407 3062 5472 εἶδος
3101 5410 3198 5462 καὶ
3252 5409 3490 5480 διαφορὰ
3545 5415 3653 5464 καὶ

2060 5498 2218 5557 ἴδιον,
2259 5497 2354 5549 καὶ⁵
2394 5496 2746 5568 συμϐεϐηκὸς
2794 5501 2853 5551 ὲν
2909 5501 3047 5571 αὐτῇ
3081 5504 3493 5572 συνιστάμενον.
3532 5504 3653 5558 Καὶ

2060 5590 2170 5643 τῶν
2207 5589 2414 5643 λοιπῶν
2443 5590 2501 5642 δὲ
2543 5593 2897 5663 κατηγοριῶν
2955 5596 3055 5665 μιᾷ
3109 5595 3318 5668 ἑκάστῃ
3352 5598 3449 5651 καὶ
3485 5596 3652 5666 γένος

2060 5684 2390 5753 ἐμφαίνεται
2440 5685 2533 5736 καὶ
2587 5680 2749 5750 εἶδος,
2805 5688 2903 5740 καὶ
2941 5688 3174 5759 διαφορὰ
3226 5694 3321 5745 καὶ
3372 5690 3506 5745 ἴδιον
3545 5693 3653 5748 καὶ.

2064 5776 2413 5847 συμὸεϐηκὸς
2450 5776 2517 5829 δι’
2546 5780 2714 5849 αὐτῆς
2743 5780 2861 5843 ὅλος
2889 5782 3123 5850 χωροῦν.
