3868 6362
188 429 297 491 793

1468 422 1698 484 EPlTO
1717 423 1825 484 ME
1858 427 2157 491 LOGICA.

3358 438 3464 503 794

264 541 331 608 ιζ’
359 580 375 597 .
402 541 586 597 Πᾶσαι
609 541 666 596 δὲ
688 540 744 595 αί
766 537 1097 611 κατηγορίαι
1122 500 1466 607 γενικώτατα
1488 537 1622 608 γένη
1648 537 1780 602 eici,

1965 540 2055 596 t7.
2075 540 2249 597 Porro
2275 543 2459 599 omnia
2479 543 2900 615 praedicamenta
2930 555 3063 605 sunt
3087 548 3248 623 136
3268 565 3464 623 genera

188 636 280 690 διὰ
314 636 377 690 τὸ
398 636 473 707 μὴ
504 634 649 707 ἔχειν
673 634 860 689 trrde
887 631 1074 689 αὐτῶν
1105 629 1237 687 ἄλλο
1249 646 1302 685 τι
1325 630 1482 700 γένος
1506 632 1783 686 ἐπανασε-

193 728 386 798 σηκός.

267 819 359 892 ιη’.
404 820 525 875 Κᾶν
556 818 665 890 γὰρ
709 819 774 872 ὲκ
803 818 899 873 τοῦ
932 817 1088 882 ΰντος
1132 813 1493 888 διαιροῦνται,
1533 814 1648 872 ἀλλ’
1682 814 1783 870 οὐκ

196 914 348 967 ἔστιν
389 914 574 967 αὐτῶν
612 913 770 977 γένος
795 913 855 967 τὸ
884 913 964 967 δν.

273 1004 364 1060 ιϐ’.
392 1005 467 1057 Τὸ
488 1006 598 1076 γὰρ
621 1005 779 1073 γένος
821 1005 883 1058 οῦ
923 1004 1085 1075 μόνον
1106 1002 1202 1059 τοῦ
1242 1004 1510 1075 ὀνόματος
1555 1002 1781 1072 μεταδί-

196 1097 331 1150 δωσι
365 1101 480 1160 τοῖς
528 1098 753 1161 οἰκείοις
807 1098 1029 1162 εἴδεσιν,
1057 1098 1195 1152 ἀλλὰ
1228 1099 1324 1152 καὶ
1360 1098 1486 1152 ὅλου
1534 1095 1632 1151 τοῦ
1663 1096 1781 1165 ὁρι-

201 1190 366 1258 σμοῦ.
400 1190 476 1243 Τὸ
509 1190 567 1242 δὲ
604 1190 666 1244 δν
695 1192 1079 1262 διαιρούμενον
1123 1195 1203 1255 είς
1248 1193 1343 1254 τὰς
1374 1192 1506 1246 δέκα
1541 1207 1785 1261 κατηγοο

203 1286 349 1349 ρὲας,
385 1282 481 1348 τοῦ
532 1284 632 1353 μὲν
679 1285 942 1353 ὀνόματος
994 1287 1189 1351 αὐταῖς
1243 1285 1641 1355 μεταδίδωσιν·
1687 1282 1784 1337 τοῦ

198 1377 363 1445 λόγου
386 1378 442 1432 δὲ
471 1379 682 1431 τελείου
717 1395 780 1446 γε
812 1379 1042 1450 οὐδεμιᾷ
1064 1396 1079 1413 ο
1127 1381 1189 1432 τὸ
1223 1379 1331 1450 γὰρ
1358 1377 1420 1429 ὃν
1453 1378 1627 1439 οὕτως
1652 1378 1786 1430 ὐπο-

199 1475 530 1540 γρᾶφουσιν.
564 1472 664 1525 Ὄν
688 1472 886 1542 ἐστινῆ
915 1472 1303 1542 αῦθύπαρκτον
1321 1473 1557 1543 πρᾶγμα
1586 1476 1680 1524 καὶ
1706 1473 1783 1541 μὴ

198 1554 463 1635 δεὸμενον
523 1548 717 1638 ἐτέρου
776 1566 915 1635 πρὸς
973 1566 1279 1619 σύστασινο
1334 1565 1366 1635 ἦ
1427 1565 1487 1618 τὸ
1538 1565 1614 1633 μὴ
1661 1564 1785 1616 καθ’

200 1659 367 1711 ἑαυτὸ
390 1658 692 1728 δυνάμενον
718 1655 881 1723 εἶναι,
913 1658 1030 1712 ἀλλ’
1055 1661 1113 1712 ὲν
1141 1658 1313 1727 ἑτέρῳ
1338 1658 1460 1727 ἔχον
1486 1657 1585 1727 τὴν
1611 1655 1790 1727 ῦπαρ·

203 1752 310 1817 ξιν.
341 1751 406 1805 Ἣ
431 1752 486 1805 δὲ
512 1752 707 1825 πρώτη
731 1752 843 1805 τῶν
863 1753 1215 1825 κατηγοριῶν
1236 1753 1395 1806 οὐσία
1420 1752 1513 1806 τὸν
1543 1750 1787 1806 τοιοῦτον

1885 635 2324 705 generalissitna,
2369 637 2515 707 quod
2549 653 2712 710 supra
2764 655 2823 698 se
2854 657 2963 699 non
2995 644 3237 701 habeant
3294 660 3466 718 genus

1884 729 2029 784 aliud
2063 729 2285 798 aliquod
2324 731 2602 801 superius.

1960 820 2045 876 18.
2083 819 2195 877 Etsi
2223 822 2369 875 enim
2394 837 2460 877 ex
2484 833 2608 880 cute
2638 823 2986 894 dividuntur,
3019 801 3201 886 t'atnen
3232 844 3331 887 ens
3355 847 3464 888 non

1884 922 1969 970 est
1999 928 2173 983 genus
2194 930 2412 971 eorum.

1956 1008 2045 1062 l9.
2104 1007 2317 1063 Etenim
2375 1025 2545 1076 genus
2579 1026 2687 1066 non
2722 1021 2936 1068 tantum
2990 1030 3188 1070 nomen
3227 1018 3467 1086 pr0priis

1888 1100 2201 1168 speciebus,
2239 1100 2335 1156 sed
2372 1102 2535 1157 etiam
2570 1113 2735 1158 totam
2770 1105 3148 1162 definitionem
3202 1109 3465 1177 impertit.

1888 1191 1995 1245 Ens
2032 1208 2160 1247 vero
2198 1195 2343 1263 quod
2384 1197 2438 1249 in
2471 1196 2657 1253 deCcm
2712 1199 3133 1267 praedicamenta
3167 1199 3461 1265 dividitur.

1887 1301 2084 1340 nomen
2119 1286 2339 1353 quidem
2367 1288 2469 1353 eis,
2496 1287 2915 1346 deﬁnititiunem
2940 1304 3146 1357 autem.
3167 1294 3467 1366 perfectam

1889 1380 2171 1441 nimirum.
2199 1380 2334 1434 nulli
2365 1381 2645 1451 impertit;
2681 1384 2762 1439 sic
2814 1386 2958 1441 enim
3002 1404 3101 1443 ens
3126 1391 3467 1445 describunt.

1891 1469 1997 1522 Ens
2019 1480 2104 1525 est
2125 1471 2206 1525 vel
2239 1488 2326 1527 res
2359 1489 2455 1544 per
2483 1490 2542 1530 se
2571 1478 2848 1533 etsistens
2871 1490 2923 1534 et
2953 1483 3059 1535 alia
3099 1485 3164 1539 ad
3202 1486 3288 1541 sui
3338 1470 3472 1540 con—

1890 1564 2227 1620 stitutinnem
2258 1581 2368 1621 non
2403 1568 2693 1638 indigens;
2725 1572 2808 1627 vel
2842 1589 2964 1639 qua!
2999 1592 3094 1643 per
3123 1594 3183 1632 se
3212 1594 3335 1634 esse
3361 1595 3469 1634 non
3570 1582 3591 1594 ’

1890 1667 2093 1726 potest.
2125 1658 2220 1713 sed
2278 1658 2330 1714 in
2369 1659 2473 1714 alia
2524 1660 2688 1717 habet
2748 1666 3152 1725 exsistentiam.
3186 1667 3307 1726 Jam
3339 1687 3472 1725 vero

1889 1751 2127 1819 primum
2195 1751 2673 1820 praedicamentum
2729 1757 3041 1813 substantia
3096 1758 3469 1837 deﬁnitionem

200 1849 327 1902 ὅλον
351 1849 510 1920 λόγον
545 1851 648 1905 οὐκ
670 1851 984 1921 ἐπιδέχεται
1005 1869 1016 1883 ’
1053 1851 1191 1906 ἀλλὰ
1223 1851 1283 1905 τδ
1311 1850 1369 1905 ἓν
1399 1849 1566 1921 μέρος
1592 1847 1785 1903 αὐτοῦ.

1912 1842 2160 1911 ejusmodi
2188 1852 2358 1899 tutam
2385 1860 2492 1900 non
2523 1846 2740 1915 recipit,
2766 1850 2860 1903 sed
2886 1866 3050 1906 unam
3079 1852 3229 1909 illius
3258 1863 3470 1923 partem

201 1943 320 1998 Καὶ
345 1911 452 2015 γὰρ
489 1945 649 1999 οὐσία
675 1946 793 1999 ἐστὶ
824 1911 1061 2015 πρᾶγμα
1095 1911 1507 2016 αὺθύπαρκτον,
1549 1911 1630 2014 μὴ
1672 1943 1785 1997 δεό-

1916 1937 2223 2019 ιίιιιιιιιιιιιι).
2258 1936 2466 1994 Etenim
2503 1941 2806 1998 substantia
2839 1952 2924 1997 est
2956 1960 3047 2000 res
3100 1962 3197 2019 per
3231 1911 3289 2002 se
3325 1947 3476 2002 exsi-

203 2051 373 2105 μενον
399 2036 590 2106 ἐτέρου
616 2039 755 2107 πρδς
784 2037 1071 2101 σύστασιν,
1105 2037 1201 2092 καὶ
1228 2038 1383 2093 οὐδὲν
1416 2035 1599 2093 πλέον.
1644 2033 1790 2091 Δλλὰ

200 2132 306 2184 καὶ
359 2132 416 2184 αί
465 2133 654 2185 λοιπαὶ
713 2132 1043 2203 κατηγορίαι
1100 2131 1452 2202 συμϐεϐηκὸς
1499 2125 1677 2192 οὖσαι,
1728 2129 1789 2183 τί)

202 2226 398 2278 λοιπὸν
438 2227 602 2295 μέρος
631 2227 970 2296 λαμϐάνουσι
999 2228 1098 2297 τῆς
1127 2226 1222 2280 τοῦ
1253 2227 1406 2288 δντος
1435 2225 1787 2294 ὑπογραφῆς.

201 2319 311 2371 καὶ
353 2318 452 2388 οῦχ
486 2319 618 2388 δλην
649 2319 749 2388 τὴν
801 2319 1156 2389 ὑπογραφὴν,
1190 2317 1312 2372 οὐδὲ
1354 2317 1539 2371 αῦται.
1574 2315 1791 2385 Συμσερ

203 2410 382 2479 σηκὸς
406 2411 515 2481 γάρ
549 2412 666 2465 ἔστι
705 2415 960 2482 πρᾶγμα.
1017 2412 1091 2481 μὴ
1132 2411 1257 2465 καθ’
1288 2411 1452 2465 ἑαυτὸ
1486 2410 1790 2479 δυνάμενον

205 2495 380 2565 εἶναι,
412 2499 528 2554 ἀλλ’
575 2501 633 2554 ιν
682 2502 855 2572 ἑτέρῳ
884 2502 1009 2571 ἕχον
1043 2503 1142 2573 τὴν
1183 2501 1443 2575 ὕπαρξιν.
1492 2504 1658 2556 ’Ὥστε
1691 2502 1791 2555 οὐκ

204 2595 331 2647 ἐστι
347 2593 504 2662 γένος
532 2594 647 2649 τῶν
671 2594 1027 2667 κατηγοριῶν
1046 2595 1108 2650 τὺ
1140 2595 1224 2651 δν.

287 2769 361 2825 κ’.
388 2774 510 2827 Ἔτι
549 2774 659 2827 πᾶν
685 2773 845 2842 γένος
869 2776 1255 2848 διαιρούμενον
1285 2778 1367 2840 είς
1400 2778 1516 2848 είδη
1555 2779 1630 2849 μὴ
1660 2779 1793 2832 slot-

206 2863 463 2933 κώτατα,
502 2866 598 2921 δύο
630 2868 662 2937 ἦ
703 2868 829 2939 τρία
861 2869 972 2939 ἔχει
1008 2872 1079 2924 τὰ
1116 2872 1176 2937 ἐξ
1206 2871 1372 2925 αὑτοῦ
1411 2870 1794 2942 διαιρούμενα,

205 2960 246 3028 ἢ
302 2959 397 3012 καὶ
440 2960 584 3014 κατὰ
630 2960 694 3015 τὺ
737 2962 965 3037 σπάνιον
997 2962 1262 3033 τέσσαρα.
1319 2962 1427 3018 Τοῦ
1473 2964 1531 3018 δὲ
1578 2964 1731 3027 sm;
1760 2967 1793 3035 ἡ

205 3052 484 3122 διαίρεσις
525 3054 689 3125 μέχρι
735 3056 871 3110 δέκα
908 3057 1277 3127 προχωροῦσὰ
1314 3064 1481 3111 τινων
1530 3059 1606 3130 μὴ
1627 3059 1798 3112 δντων

209 3145 591 3201 είδικωτατων
617 3148 797 3215 είδῶν,
825 3151 1054 3213 είκότως
1075 3150 1186 3205 οὐδ’
1218 3151 1326 3205 ἀπὸ
1351 3153 1542 3219 γένους
1571 3152 1652 3214 είς
1681 3151 1795 3223 εῐδη

1891 2039 2040 2084 stens
2069 2018 2181 2084 non
2213 2028 2466 2101 indigens
2491 2032 2596 2087 alia
2629 2035 2694 2090 ad
2751 2035 2836 2090 sui
2890 2018 3389 2104 constitutionem;
3421 2050 3477 2095 et

1890 2123 2026 2178 nihil
2080 2132 2162 2179 est
2224 2123 2480 2195 amplius.
2529 2124 2635 2181 Sed
2694 2135 2749 2181 et
2804 2130 3013 2200 reliqua
3046 2131 3476 2201 praedicamenta

1890 2233 2015 2288 quas
2070 2228 2201 2271 sunt
2259 2217 2541 2283 accidens.
2602 2220 2871 2291 reliquam
2906 2234 3115 2292 partem
3166 2240 3228 2277 ex
3269 2222 3477 2280 descri—

1893 2309 2079 2380 ptione
2102 2307 2245 2364 entis
2274 2309 2552 2379 accipiunt
2579 2310 2824 2380 quidem,
2863 2313 2958 2367 sed
3010 2330 3078 2368 ne
3110 2314 3229 2369 haec
3257 2316 3475 2382 quidem

1893 2411 2061 2456 totam
2091 2399 2520 2470 descriptionem
2554 2401 2875 2460 admittunt.
2904 2405 3177 2462 Accidens
3216 2407 3362 2460 enim
3396 2416 3481 2461 est

1895 2508 1983 2548 res
2010 2506 2131 2563 quas
2156 2507 2253 2562 per
2285 2507 2344 2549 se
2371 2508 2498 2550 esse
2553 2509 2661 2551 non
2704 2505 2905 2568 potest,
2937 2498 3030 2553 sed
3071 2496 3129 2552 in
3165 2498 3270 2553 alia
3308 2499 3472 2554 habet

1894 2583 2295 2642 exsistentiam.
2328 2584 2510 2653 Quare
2556 2600 2658 2644 ens
2715 2588 3270 2660 praedicamentorum
3304 2606 3480 2662 genus

1899 2694 2006 2733 non
2032 2690 2138 2735 est.
2761 2677 2766 2681 ’

1964 2772 2058 2830 20.
2090 2772 2360 2832 Praterea
2389 2788 2554 2832 omne
2575 2789 2749 2844 genus
2791 2776 2937 2846 quod
2974 2776 3029 2832 in
3062 2778 3274 2847 species
3311 2778 3470 2850 137

1896 2882 2007 2922 non
2059 2868 2487 2937 specialissimas
2539 2868 2827 2933 dividitur,
2872 2871 3009 2925 duas
3045 2880 3138 2925 aut
3171 2885 3281 2927 tres
3313 2872 3480 2927 habet

1898 2975 2018 3032 qua:
2048 2976 2115 3017 ex
2168 2976 2228 3016 se
2279 2961 2641 3030 dividuntur;
2683 2973 2800 3027 aut,
2839 2964 2987 3033 quod
3022 2965 3187 3019 etiam
3228 2979 3358 3019 raro
3408 2964 3486 3029 tit,

1896 3064 2155 3124 quatuor.
2178 3055 2322 3125 Ergo
2349 3055 2492 3110 emis
2523 3054 2722 3111 divisio
2745 3070 2870 3109 cum
2893 3056 2958 3110 ad
2990 3057 3181 3111 decem
3211 3055 3481 3127 quaedam.

1900 3162 2023 3218 quas
2067 3162 2177 3202 non
2236 3157 2367 3203 sunt
2422 3146 2635 3217 species
2690 3148 3129 3217 specialissimze,
3187 3149 3486 3219 procedat;

210 3238 363 3292 tari.
411 3239 487 3291 Τὸ
530 3239 587 3293 δὲ
639 3242 715 3309 μὴ
751 3239 897 3295 εἶναι
928 3243 1026 3306 τὰς
1078 3246 1420 3319 κατηγορίας
1466 3243 1796 3298 είδικὼτατα

1912 3241 2100 3296 merito
2132 3256 2311 3311 neque
2339 3240 2559 3310 generis
2590 3240 2644 3296 in
2672 3242 2888 3311 species
2926 3252 3012 3297 est
3073 3241 3294 3297 divisio.
3327 3240 3485 3309 Quod

211 3330 338 3400 αῑδη
386 3332 726 3404 παρίσταται
780 3334 972 3405 σαφῶς
1018 3338 1085 3390 εκ
1129 3336 1226 3390 τοῦ
1262 3336 1411 3406 έχειν
1449 3338 1653 3400 ταύτας
1704 3337 1798 3407 ὑφ’

213 3426 421 3489 ἑαυτὰς
441 3428 534 3479 καὶ
564 3427 894 3483 εἰδικῶτατα
922 3429 1065 3500 εἴδη,
1094 3431 1188 3484 καὶ
1217 3432 1351 3505 γένη
1383 3430 1691 3503 ῦπάλληλα.

298 3698 407 3757 κα’.
449 3701 734 3756 Ἐντεῦθεν
762 3703 1007 3775 δηλονότι
1054 3705 1177 3760 οὐδε
1210 3705 1272 3760 τὸ
1303 3706 1652 3779 συμϐεϐηκός
1681 3709 1800 3761 ἐστι

215 3796 383 3864 γένος
432 3797 543 3851 τῶν
589 3799 746 3853 ἐννέα
784 3801 1160 3871 κατηγοριῶν,
1211 3805 1262 3856 εί
1321 3804 1416 3856 κα)⁸
1471 3804 1803 3872 μεταδίδωσι

215 3891 454 3954 ταύταις
508 3893 603 3947 καὶ
640 3893 736 3946 τοῦ
780 3892 1047 3962 ὀνόματος
1079 3896 1173 3949 καὶ
1205 3895 1321 3959 ἶτοῦ
1371 3896 1537 3966 λόγου
1570 3899 1801 3954 τελείου.

220 3984 440 4053 Ὠσπερ
490 3984 679 4053 γάρτι
717 3984 875 4053 γένος
931 3987 1084 4058 φωνὴ
1128 3988 1188 4042 ὃν
1221 3988 1437 4060 λογικὴ.
1476 3990 1805 4059 μεταδίδωσι

219 4078 349 4139 ταῖς
395 4076 528 4130 δέκα
563 4078 927 4149 κατηγορίαις
960 4082 1056 4134 καὶ
1097 4080 1195 4134 τοῦ
1247 4082 1517 4152 ὀνόματος
1568 4086 1660 4137 καὶ
1711 4086 1806 4138 τοῦ

222 4167 390 4234 λόγου
418 4168 587 4223 αὐτοῦ
628 4170 749 4238 (καὶ
790 4173 902 4243 γὰρ
937 4174 1144 4245 ἑκάστη
1185 4174 1294 4228 τῶν
1327 4179 1679 4248 κατηγοριῶν
1713 4181 1809 4233 καὶ

217 4262 384 4328 γένος
410 4261 655 4329 λέγεται,
690 4265 784 4318 καὶ
826 4265 972 4319 κατὰ
1016 4269 1283 4323 πλειόνων
1313 4274 1411 4325 καὶ
1439 4272 1809 4341 διαφερόντων

218 4352 305 4421 τῷ
335 4351 489 4417 εῖδει,
539 4356 599 4407 ὲν
625 4355 703 4424 τῷ
748 4357 801 4410 τί
833 4359 950 4412 ἐστι
984 4362 1584 4431 κατηγορεῖται),κατα
1618 4364 1810 4418 τοῦτον

219 4450 319 4503 τὸν
349 4449 508 4517 λόγον
533 4451 630 4505 καὶ
658 4451 719 4503 τὸ
751 4452 1100 4524 συμϐεϐηκδς
1136 4456 1463 4525 μεταδίδωσι
1489 4459 1609 4522 ταῖς
1652 4458 1810 4511 έννέα

220 4542 613 4612 κατηγορίαις,
633 4543 841 4597 καὶτοῦ
866 4545 1136 4615 ὀνόματος
1161 4547 1327 4602 αὐτοῦ
1358 4549 1455 4604 καὶ
1477 4549 1575 4617 τῆς
1601 4550 1810 4612 οἰκείας

223 4637 584 4705 ὑπογραφῆς,
628 4636 704 4705 μὴ
759 4635 822 4690 ὃν
865 4638 1023 4704 γένος
1066 4639 1178 4691 τῶν
1237 4640 1604 4710 κατηγοριῶν.
1652 4640 1810 4713 Φωνὴ
1846 4674 1888 4728 D

220 4729 342 4798 γάρ
373 4732 487 4781 ἐστι
518 4728 616 4781 καὶ
646 4729 779 4781 αὐτὸ
808 4729 1025 4800 λογικὴ,
1060 4730 1156 4797 μία
1187 4730 1299 4783 τῶν
1329 4733 1495 4785 πέντε
1520 4732 1740 4802 φωνῶν.

301 4820 410 4891 κβ’.
445 4821 615 4875 Πάλιν
639 4823 695 4875 ὲν
716 4816 799 4885 οἷς
827 4821 891 4876 τδ
912 4823 1129 4889 πρῶτον
1146 4822 1241 4876 καὶ
1270 4824 1335 4877 τὸ
1356 4825 1613 4895 δεύτερον
1633 4825 1816 4893 φύσει,

221 4918 441 4969 τούτων
481 4916 543 4968 τὸ
580 4914 777 4979 κοινῶς
812 4916 1294 4985 κατηγορούμενον
1339 4916 1495 4984 γένος
1540 4917 1641 4971 οῦκ
1673 4918 1819 4970 ἔστιν

226 5005 376 5073 (οὐδὲ
409 5004 515 5075 γὰρ
559 5006 619 5057 ἐν
648 5006 762 5068 τοῖς
810 5005 977 5059 εἴδεσι
1002 5005 1093 5059 τοῦ
1115 5006 1280 5059 αὑτοῦ
1313 5007 1499 5075 γένους
1532 5009 1818 5079 θεωρεῖται

220 5099 295 5153 τὸ
339 5096 502 5167 φύσει
562 5096 834 5168 πρότερόν
890 5114 951 5151 τε
1003 5099 1102 5153 καὶ
1133 5098 1403 5171 ὕστερον).
1456 5101 1544 5153 Ἐν
1588 5101 1649 5155 δὲ
1695 5106 1818 5166 ταῖς

224 5190 595 5262 κατηγορίαις
651 5190 943 5263 θεωρεῖται
994 5192 1149 5246 αὑτό*
1192 5195 1353 5262 φύσει
1404 5195 1515 5264 γὰρ
1572 5196 1819 5265 προτέρα

224 5283 346 5337 τῶν
391 5282 826 5353 συμδεσηκότων
868 5286 900 5354 ὴ
938 5285 1099 5338 οὐσία
1148 5286 1285 5340 ἐστί.
1340 5286 1545 5350 Οὐσίας
1576 5287 1686 5357 γὰρ
1743 5288 1818 5358 μὴ

225 5375 426 5442 οὔσης,
460 5377 518 5429 ὲν
544 5377 652 5429 τίνι
688 5378 847 5447 σχοίη
867 5377 934 5431 ἂν
963 5378 1067 5449 τὴν
1090 5376 1327 5443 ὕπαρξιν
1352 5379 1415 5432 τὸ
1438 5380 1816 5449 συμϐεϐηκόςς

227 5461 671 5533 Σομσεσηκότος
715 5466 771 5519 δὲ
810 5467 885 5536 μὴ
923 5466 1096 5531 ὄντος,
1157 5468 1309 5523 ἔσται
1359 5470 1539 5524 οὐσία.
1579 5472 1819 5541 [πρᾶγμα

227 5556 348 5624 γάρ
380 5555 526 5608 ἐστιν
578 5557 966 5627 αῦθύπαρκτον
1006 5558 1167 5626 αῦτη,
1203 5558 1279 5627 μὴ
1326 5559 1580 5628 δεόμενον
1632 5560 1820 5627 ἑτέρου

229 5651 378 5721 πρὸς
430 5653 716 5708 σύστασιν.
772 5655 939 5707 Ὥστε
983 5657 1014 5723 ἡ
1060 5654 1221 5707 οὐσία
1278 5657 1599 5725 συναναιρεῖ
1632 5654 1729 5708 καὶ
1759 5654 1820 5707 ού

232 5749 672 5816 συναναιρεῖται,
708 5749 800 5801 καὶ
851 5749 1269 5817 συνεισφέρεται
1301 5747 1394 5800 καὶ
1433 5750 1494 5800 οῦ
1528 5747 1821 5816 συνεισφέ-

237 5855 348 5909 ρει.
381 5838 560 5891 Ὅπου
616 5838 725 5906 γὰρ
770 5839 1139 5908 συμϐεϐηκὸς,
1198 5839 1514 5905 ἀναγκαίως
1576 5840 1697 5891 ἐκεῖ
1728 5840 1821 5891 καί⁵

239 5931 403 5987 οὐσία
434 5933 490 5985 ἐν
541 5926 572 6008 ᾗ
609 5934 723 5985 ἐστι
771 5932 872 6003 (τὸ)
913 5933 1281 6008 συμὸεῦηκός.
1323 5934 1399 5987 υύ
1438 5932 1545 6005 μὴν
1585 5932 1715 5987 ἔνθα
1755 5950 1817 6005 γε

1902 3345 2085 3389 autem
2144 3333 2568 3404 praedicamenta
2633 3334 3048 3402 specialissima
3097 3333 3316 3405 species
3373 3349 3483 3388 non

1902 3428 2034 3488 sint.
2065 3425 2356 3482 manifesto
2388 3441 2482 3495 per
2509 3425 2558 3479 id
2583 3426 2925 3492 ostenditur,
2950 3427 3098 3498 quod
3147 3428 3260 3482 hmc
3296 3425 3401 3481 sub
3430 3440 3490 3481 se

1902 3528 1955 3574 et
2012 3520 2224 3589 species
2269 3519 2698 3588 specialissimas
2784 3531 2839 3575 et
2910 3536 3111 3592 genera
3174 3520 3490 3578 snbalterna

1907 3615 2170 3670 habeant.

1974 3707 2067 3763 21.
2099 3707 2238 3763 Ilinc
2271 3709 2535 3765 nimirum
2576 3723 2756 3780 neque
2784 3706 3045 3763 accidens
3073 3715 3157 3762 est
3188 3719 3360 3777 genus
3390 3721 3492 3759 nn-

1906 3814 2024 3853 vem
2080 3802 2656 3871 medicamentorum.
2693 3801 2915 3855 tametsi
2979 3800 3065 3854 bis
3113 3807 3168 3854 et
3196 3812 3399 3853 nomen
3435 3807 3493 3853 et

1908 3896 2286 3951 deﬁnitionem
2333 3895 2634 3967 perlectam
2689 3896 2957 3963 impertit.
3015 3892 3491 3960 Quemadmodqu

1907 3991 2051 4043 enim
2075 4005 2245 4059 genus
2278 3990 2423 4060 quod
2449 3999 2533 4045 est
2559 4004 2663 4045 vox
2686 3988 2861 4056 logica
2880 3987 3067 4042 decem
3102 3985 3494 4056 praedicamen-

1911 4084 1981 4138 tis
2005 4092 2059 4136 et
2087 4098 2287 4137 nomen
2311 4093 2363 4138 et
2388 4082 2769 4145 deﬁnitionem
2798 4095 2955 4137 suam
2993 4079 3237 4150 impertit
3268 4078 3496 4145 (etenim

1910 4175 2187 4244 quodlibet
2243 4176 2727 4244 prasJicamentum
2759 4180 2816 4228 et
2866 4187 3042 4243 genus
3094 4170 3298 4226 dicitur
3346 4180 3401 4224 et
3430 4169 3502 4222 de

1913 4266 2160 4337 pluribus
2198 4266 2589 4323 dill'erentibus
2641 4265 2827 4338 specie
2870 4265 2923 4320 in
2957 4264 3088 4336 quid
3114 4272 3199 4319 est
3230 4261 3498 4333 praedira-

1914 4358 2048 4427 tur),
2082 4359 2271 4413 eadem
2327 4360 2539 4414 ratione
2592 4367 2648 4413 et
2698 4356 2959 4413 accidens
3002 4372 3198 4411 novem
3232 4355 3499 4424 praedica-

1917 4452 2114 4506 mentis
2142 4460 2194 4504 et
2222 4466 2420 4504 nomen
2462 4466 2623 4504 suum
2659 4458 2713 4504 et
2749 4448 3028 4518 propriam
3063 4446 3494 4514 descriptionem

1918 4542 2176 4610 impertit,
2207 4555 2261 4595 ut
2308 4561 2410 4595 μου
2440 4543 2512 4596 sit
2562 4558 2735 4612 genus
2792 4542 3364 4613 praedicamentornm.
3410 4537 3506 4592 Ειη

1916 4636 2063 4689 enim
2099 4644 2153 4690 et
2189 4638 2368 4705 ipsum
2404 4641 2502 4690 'est
2537 4651 2635 4691 vox
2676 4636 2875 4706 logica,
2911 4652 3016 4688 una
3072 4632 3383 4702 (nimirum)
3432 4648 3500 4689 ex

1923 4729 2166 4798 quinque
2188 4730 2439 4782 vocibus.

1992 4821 2084 4875 τε.
2128 4821 2341 4875 Rursus
2372 4821 2426 4874 in
2460 4820 2668 4889 quibus
2717 4828 2802 4875 est
2859 4812 3181 4889 primarium
3218 4826 3273 4872 et
3306 4831 3506 4872 εεοιιιιε

1921 4915 2133 4970 darium
2176 4923 2393 4973 natura.
2424 4912 2541 4966 inec
2593 4928 2770 4983 genus
2802 4910 2953 4982 quod
2987 4910 3055 4963 de
3082 4909 3217 4979 ipsis
3252 4923 3501 4962 commu-

1921 5009 2064 5064 niter
2102 5008 2445 5078 prmdicetur,
2491 5006 2657 5076 138
2700 5020 2805 5060 non
2862 5005 3066 5059 habent
3098 5005 3301 5072 (neque
3358 5000 3504 5054 enim

1922 5103 1977 5158 in
2035 5100 2325 5170 speciebus
2359 5100 2610 5169 ejusdem
2646 5098 2864 5169 generis
2912 5096 3069 5167 prius
3126 5101 3181 5149 et
3233 5092 3505 5163 posterius

1920 5192 2299 5264 conspicitur).
2360 5191 2524 5262 Atqui
2589 5189 2644 5246 ln
2702 5188 3145 5259 praedicammttis
3194 5186 3248 5240 id
3308 5184 3489 5249 ipsum

1921 5285 2419 5349 animadvertitur;
2474 5283 2678 5337 etenim
2756 5281 3065 5336 substantia
3127 5267 3523 5333 accidentibus'

1921 5391 2119 5432 natura
2169 5378 2317 5449 prior
2350 5384 2457 5431 est.
2506 5374 2619 5430 Nisi
2670 5374 2815 5430 enim
2852 5372 3160 5428 substantia
3217 5379 3389 5445 esset,
3448 5368 3503 5421 in

1921 5486 2164 5541 quonam
2200 5470 2458 5524 accidens
2512 5484 2669 5524 suam
2719 5465 3100 5522 essistentiam
3140 5456 3509 5516 ltaberet?Ut

1924 5576 2103 5617 autem
2132 5566 2298 5618 etiam
2330 5563 2592 5617 accidens
2641 5578 2749 5614 non
2784 5560 2878 5624 sit,
2916 5556 3228 5613 substantia
3263 5554 3389 5608 erit.
3422 5550 3513 5606 Et—

1924 5658 2070 5710 enim
2128 5657 2242 5712 htee
2293 5672 2382 5711 res
2416 5667 2498 5710 est
2528 5671 2627 5724 per
2658 5670 2716 5709 se
2745 5654 3014 5708 exsistens
3057 5651 3123 5702 ad
3156 5646 3513 5701 constitutio-

1927 5766 2049 5804 nem
2070 5750 2174 5803 alia
2194 5765 2302 5803 non
2329 5748 2602 5819 indigens.
2637 5747 2984 5817 Quapmpter
3014 5740 3322 5797 substantia
3350 5734 3515 5790 simul

1926 5842 2084 5903 tollit,
2112 5856 2208 5895 nec
2247 5840 2410 5895 simul
2438 5840 2678 5901 tollitur;
2708 5850 2761 5891 et
2793 5837 2954 5892 simul
2984 5834 3240 5898 infertur,
3284 5846 3382 5884 nec
3440 5828 3517 5879 si-

1928 5935 2043 5994 mul
2091 5934 2274 5991 infert.
2318 5932 2420 5995 Ubi
2452 5933 2599 5991 cnim
2637 5930 2895 5987 accidens
2927 5938 3029 5985 est.
3073 5927 3144 5983 ibi
3195 5919 3513 5981 necessario
