3872 6452
222 350 325 411 801

1523 357 1863 420 EPITOME
1891 359 2189 422 LOGICA.
2224 332 2227 335 ’

3376 365 3484 431 802

215 464 532 537 ψιμμίθιον,
557 465 653 521 καὶ
676 467 709 537 ἠ
738 467 951 533 τίτανος
981 469 1079 523 καὶ
1109 471 1143 542 ἡ
1167 469 1301 543 χιὼν
1330 471 1500 527 λευκὰ
1520 474 1622 545 μέν
1646 476 1753 530 είσι
1770 492 1786 509 ο

1906 490 2045 534 tum.
2071 478 2287 534 Rursus
2314 477 2380 533 de
2412 477 2639 534 homine
2664 477 2864 534 animai
2896 480 3260 536 essentialiter
3282 484 3484 550 praedi-

219 558 491 631 χρώματα
526 559 582 612 δὲ
607 560 707 614 οὐκ
734 560 861 616 εισί.
893 561 1062 616 Πάλιν
1092 563 1186 617 τοῦ
1231 564 1524 635 ἀνθρώπου
1553 583 1794 636 κατηγο.

1896 584 2054 627 catur
2072 588 2086 639 ;
2115 572 2182 626 de
2221 572 2440 626 animali
2466 562 2649 628 autem
2679 574 3020 644 trisyllabum
3046 575 3479 645 accidentaliter;
3523 600 3530 609 -

225 654 401 719 ρείται
427 651 490 703 τὸ
511 650 651 714 ζῶον
676 652 954 718 οὐσιωδῶς
977 670 993 689 ο
1019 654 1114 707 τοῦ
1144 655 1202 710 δὲ
1227 656 1369 722 ζώου
1391 658 1452 710 τὸ
1473 658 1791 713 δισύλλαόον

1906 668 2059 721 homo
2078 665 2222 719 enim
2242 674 2296 719 et
2313 665 2513 719 animal
2531 666 2632 721 sub
2646 667 2946 722 substantia
2962 677 3122 724 sunt:
3143 672 3479 741 trisyllabum

220 744 606 805 imuatwotbg'
656 747 684 799 6
739 747 837 814 μὲν
886 746 994 819 γὰρ
1043 747 1356 818 ἄνθρωπος,
1409 751 1504 804 καὶ
1534 752 1597 805 τὸ
1630 752 1794 818 ζῶον,

221 835 330 889 ὑπὸ
362 836 461 906 τὴν
486 836 674 891 οὐσίαν
698 838 828 891 είσί·
860 839 923 892 τὸ
944 839 1001 892 δὲ
1022 840 1342 894 δισύλλαὸον
1366 842 1473 895 ὑπὸ
1499 843 1562 896 τὸ
1601 844 1790 899 ποσόν.

222 929 298 981 Οὐ
331 929 513 982 τοίνυν
537 932 633 984 καὶ
660 929 755 984 τοῦ
792 929 1079 1001 ἀνθρώπου
1114 932 1174 986 τὸ
1214 934 1532 988 δισύλλαϐον
1564 952 1800 1006 κατηγο-

223 1019 525 1091 ρηθήσεται
552 1036 569 1052 ⁸
616 1022 715 1075 καὶ
761 1022 870 1091 γὰρ
923 1025 952 1077 6
988 1024 1274 1095 ἄνθρωπος
1323 1025 1462 1090 ζῶον
1523 1025 1623 1094 μέν
1655 1028 1797 1091 ἐστι,

218 1111 547 1167 δισύλλαὸον
579 1113 636 1167 δὲ
659 1115 760 1169 οὐκ
790 1115 930 1170 ἔστι.
968 1118 1138 1170 Πάλιν
1168 1117 1312 1172 κατὰ
1343 1120 1437 1172 τοῦ
1469 1119 1798 1189 Σωκράτους

219 1204 570 1268 ἑπουσιωδῶς
600 1206 819 1277 λέγεται
851 1207 912 1260 τὸ
941 1209 1231 1277 φιλόσοφον
1250 1226 1266 1244 ο
1306 1210 1449 1265 κατὰ
1496 1211 1553 1264 δὲ
1581 1210 1673 1265 τοῦ
1710 1228 1797 1281 φι-

219 1293 453 1362 λοσόφου
507 1297 711 1363 ὁμοίως
769 1299 1113 1363 ἑπουσιωδῶς
1168 1301 1229 1354 τὸ
1262 1301 1732 1373 τετρασύλλαϐον·
1767 1304 1796 1356 6

225 1386 328 1456 μὲν
351 1386 465 1457 γὰρ
494 1388 795 1459 Σωκράτης
823 1392 927 1444 ὑπὸ
950 1393 1050 1459 τὴν
1080 1393 1270 1446 οὐσίαν
1305 1394 1447 1458 ἐστὶ,
1475 1395 1536 1449 τὸ
1563 1395 1620 1448 δὲ
1651 1395 1777 1465 φιλό

1900 767 2084 815 autem
2113 758 2447 828 subquauto
2479 765 2586 811 est.
2620 758 2741 811 Non
2776 759 2943 829 igitur
2970 761 3133 816 etiam
3160 762 3227 816 de
3259 764 3480 817 homine

1901 851 2240 920 trisyllabum
2303 847 2734 918 przedicabitur;
2793 855 2994 905 etenim
3045 855 3208 908 homo
3275 855 3477 909 animal

1906 944 2127 1011 quidem
2160 950 2264 1006 est,
2295 946 2390 997 sed
2457 959 2566 998 non
2629 954 2713 998 est
2748 945 3139 1016 trisyllabum.
3178 948 3377 1003 lterum
3411 949 3480 1001 de

1905 1035 2128 1090 Socrate
2153 1035 2564 1091 accidentaliter
2591 1036 2794 1091 dicitur
2824 1038 3206 1109 philosophum
3231 1055 3246 1107 ;
3284 1041 3378 1095 sed
3408 1045 3478 1094 de

1904 1124 2235 1193 philosopho
2262 1118 2732 1198 quadrisyllabum
2791 1128 2956 1183 simili
2986 1130 3197 1185 ratione
3222 1133 3477 1188 acciden-

1903 1216 2088 1270 taliter
2120 1214 2321 1268 dicitur
2350 1232 2365 1281 ;
2401 1217 2654 1272 Socrates
2685 1220 2829 1272 enim
2880 1220 2983 1273 sub
3037 1221 3338 1291 substantia
3375 1239 3391 1278 :
3426 1231 3484 1275 at

1902 1307 2290 1378 philosophum
2324 1311 2425 1361 sub
2453 1309 2598 1375 quali
2646 1319 2770 1366 est:
2806 1311 3273 1382 quadrisyllahum
3323 1314 3480 1368 deni-

1902 1414 2011 1469 que
2053 1401 2156 1454 sub
2183 1408 2408 1470 quanto.
2449 1400 2552 1454 Sed
2599 1417 2706 1454 non
2761 1403 2924 1456 etiam
2959 1404 3028 1458 de
3085 1403 3311 1459 Socrate
3344 1421 3482 1476 qua-

225 1497 395 1549 σοφον
442 1482 547 1534 ὑπὸ
583 1482 646 1536 τὸ
686 1484 841 1538 ποιόν
870 1499 884 1514 ’
924 1485 986 1538 τὸ
1024 1484 1082 1539 δὲ
1126 1486 1560 1555 τετρασύλλαὸον
1613 1488 1719 1542 ὑπὸ
1744 1489 1791 1542 τί

1906 1492 2261 1563 drisyllabum
2324 1493 2556 1548 dicetur.
2597 1492 2852 1549 Socrates
2907 1495 3052 1550 enim
3103 1498 3323 1566 quidem
3392 1506 3479 1553 est

221 1575 411 1628 ποσόν.
455 1576 596 1629 Ἀλλ’
625 1579 746 1647 οὐχὶ
791 1578 884 1630 καὶ
916 1577 1058 1632 κατὰ
1091 1578 1185 1632 τοῦ
1222 1581 1548 1650 Σωκράτους
1586 1581 1783 1652 ῥηθείη

1908 1584 2289 1655 philosophus,
2322 1586 2414 1640 sed
2452 1601 2558 1639 non
2581 1588 2744 1642 etiam
2769 1589 3232 1661 quadrisyllabum
3262 1598 3370 1646 est.

222 1665 292 1720 ἄν
327 1668 389 1721 τὸ
426 1669 882 1738 τετρασύλλαϐον.
916 1671 1206 1740 Φιλόσοφος
1256 1673 1357 1741 μὲν
1407 1673 1515 1740 γάρ
1565 1673 1714 1727 ἐστιν
1762 1675 1790 1728 6
1824 1674 2140 1746 Σωκράτης,
2172 1678 2233 1731 οὐ
2262 1677 2368 1749 μὴν
2390 1678 2447 1731 δὲ
2474 1680 2569 1732 καὶ
2592 1679 3048 1749 τετρασύλλασον.

301 1769 394 1818 ια’.
413 1762 627 1830 Ὥσπερ
647 1761 705 1814 δὲ
730 1762 961 1815 πάντοτε
987 1766 1055 1834 τῇ
1077 1763 1201 1816 καθ’
1226 1764 1593 1835 ὑποκειμένου
1629 1781 1802 1834 κατη-

1985 1768 2074 1824 i’l.
2126 1770 2594 1835 Quemadmodum
2661 1774 2806 1827 enim
2865 1774 3361 1846 inqpraadicatione
3410 1779 3479 1834 de

222 1856 391 1926 γορίᾳ
408 1856 736 1925 ἐμφαίνεται
761 1855 822 1908 τδ
850 1854 1058 1908 συνῶνυ
1067 1873 1186 1925 μον,
1208 1854 1383 1919 οὕτως
1398 1859 1464 1928 τῇ
1493 1860 1549 1910 ὲν
1570 1858 1791 1911 ὑποκει-

1906 1860 2149 1930 subjecto
2182 1862 2476 1915 univocum
2494 1875 2708 1929 semper
2727 1839 3070 1932 conspicitur
3101 1881 3117 1918 :
3145 1868 3227 1920 sic
3260 1869 3313 1921 in
3337 1881 3481 1937 pra:-

227 1946 379 2017 μένῳ
403 1946 663 2000 οὐδέποτε
689 1962 705 1978 ο
735 1945 851 1999 ἀλλ’
876 1947 964 2000 ὁτὲ
996 1947 1094 2016 μὲν
1115 1947 1176 2000 τὸ
1201 1948 1492 2019 ὁμώνυμον
1518 1964 1534 1980 ⁸
1563 1949 1639 2012 ὼς
1666 1949 1796 2003 ὅταν

224 2040 357 2113 εῐπῃ
387 2057 471 2103 τις
520 2039 678 2109 τήνδε
720 2040 818 2109 τὴν
852 2043 1088 2108 γυναῖκα
1142 2041 1410 2112 μουσικὴν
1465 2040 1797 2111 ἢγραμμα-

224 2135 418 2206 τικήν·
466 2134 554 2187 ὁτὲ
601 2134 659 2187 δὲ
706 2134 767 2187 τὸ
820 2133 1188 2203 παρώνυμον*
1233 2133 1309 2196 ὡς
1367 2136 1496 2187 ὅταν
1542 2134 1649 2187 ἀπὸ
1698 2136 1797 2202 τῆς

226 2224 549 2293 φιλοσοφίας
595 2223 956 2298 παρονομάσῃ
990 2240 1076 2288 τις
1116 2227 1209 2276 τὸν
1270 2223 1617 2294 Ἀριστοτέλη
1648 2224 1799 2293 φιλό-

229 2332 392 2384 σοφον
417 2331 433 2346 ο
489 2317 622 2368 ποτὲ
655 2315 721 2368 αὖ
777 2315 837 2368 τὸ
866 2315 1215 2385 ὲτερὼνυμον
1239 2331 1253 2346 θ
1306 2315 1382 2378 ὡς
1412 2315 1541 2369 ὅταν
1585 2315 1649 2368 ὲκ
1692 2315 1798 2385 τῆς

226 2408 429 2478 ἀρετῆς
461 2408 747 2460 σπουδαῖον
776 2407 868 2459 τὸν
902 2407 1203 2477 Σωκράτην
1224 2408 1431 2479 καλέσῃ
1456 2426 1562 2471 τις.
1589 2409 1664 2463 T6
1688 2410 1797 2482 γάρ

225 2502 485 2572 ινάρετον
538 2503 595 2554 ἐν
648 2504 715 2571 τῇ
781 2500 876 2554 τοῦ
938 2498 1303 2573 Ἑλληνισμοῦ
1376 2501 1637 2573 συνηθείᾳ
1698 2503 1798 2581 οὐχ

224 2591 479 2663 εὕρηται.
1446 2588 1451 2593 ’

295 2857 388 2927 ιβ’.
422 2860 594 2912 Οὐσὶα
620 2859 676 2911 δὲ
704 2862 799 2912 καὶ
841 2858 1099 2920 οὐσιῶδες
1142 2857 1497 2926 διαφέρουσιν
1527 2857 1793 2928 ἀλλήλωνο

222 2948 479 3013 ὡσαύτως
503 2950 844 3023 συμϐεϐηκός
874 2967 931 3004 τε
968 2951 1063 3004 καὶ
1093 2949 1441 3015 ἐπουσιῶδες.

298 3136 391 3205 ιγ’.
425 3137 490 3190 'll
518 3137 618 3207 μὲν
648 3137 757 3206 γάρ
779 3134 938 3189 οὐσία
963 3133 1193 3204 πρᾶγμά
1211 3133 1359 3185 ἐστιν
1381 3123 1793 3202 αὐθύπαρκτον,

228 3228 302 3302 μὴ
324 3228 577 3298 δεόμενον
609 3228 800 3298 ἑτέρου
834 3227 969 3298 πρὸς
1009 3225 1293 3279 σύστασιν.
1355 3224 1433 3276 Τὸ
1478 3223 1536 3275 δὲ
1588 3221 1794 3293 συμϐε-

224 3322 393 3393 ϐηκὸς
420 3321 655 3392 πρᾶγμά
708 3322 854 3373 ἐστιν
894 3320 954 3370 ὲν
982 3319 1049 3389 τῇ
1095 3317 1254 3389 οὐσίᾳ
1285 3316 1552 3386 ὑπάρχον,
1588 3315 1663 3385 μὴ
1718 3313 1794 3380 ὡς

225 3418 415 3487 μέρος,
446 3415 543 3468 καὶ
577 3417 652 3483 μὴ
682 3412 981 3482 δυνάμενον
1005 3407 1146 3464 εἶναι
1172 3409 1270 3480 τῆς
1306 3409 1495 3472 οὐσίας
1529 3411 1719 3481 χωρίς.

295 3508 378 3562 ιδ’.
418 3507 491 3560 Τὸ
520 3506 777 3569 οὐσιῶδες
826 3505 884 3559 δὲ
939 3506 1033 3557 καὶ⁹
1078 3503 1406 3569 ὲπουσιῶδες
1433 3504 1623 3574 τρόποι
1657 3502 1796 3557 εἰσὶν

176 3590 181 3597 ’
222 3601 513 3672 ὑπάρξεώς
560 3617 721 3655 τινων
775 3598 833 3655 ἐν
859 3615 996 3654 τισι.
1029 3599 1139 3652 Καὶ
1169 3597 1231 3651 τδ
1290 3597 1390 3668 μὲν
1444 3597 1704 3662 οὐσιῶδες
1732 3597 1795 3651 τὺ

221 3693 425 3747 οἰκεῖον
468 3692 564 3744 καὶ
608 3693 834 3762 γνήσιον
879 3686 979 3744 τοῦ
1038 3688 1441 3759 ἐνυπάρχοντος
1492 3687 1794 3759 παρίστησι

226 3785 556 3856 πράγματος
602 3783 738 3854 πρὸς
766 3774 1013 3852 ἐκεῖνοοῷ
1050 3782 1370 3852 ἐνυπάρχει.
1416 3781 1492 3835 Τὸ
1543 3781 1600 3835 δὲ
1628 3782 1792 3835 ἐπου-

225 3879 420 3943 σιῶδες
442 3879 504 3932 τὸ
548 3877 830 3948 ἀλλότριον
855 3877 1007 3949 δηλοί
1036 3877 1130 3930 καὶ
1163 3875 1224 3929 τὸ
1247 3874 1595 3933 ἐπείσακτον.
1629 3875 1794 3930 Ὅθεν

224 3971 319 4024 καλ⁵
342 3973 401 4024 ὲν
431 3970 637 4034 πάσαις
664 3973 785 4032 ταῖς
807 3971 1162 4039 κατηγορίαις
1211 3968 1275 4022 τδ
1326 3968 1582 4033 οὐσιῶδες
1608 3985 1666 4020 τε
1701 3962 1795 4021 καὶ

222 4062 284 4116 τὸ
315 4061 643 4125 ὲπουσιῶδες
675 4060 1052 4131 λαμϐάνεσθαι
1080 4061 1329 4118 δύναται.

297 4249 385 4297 ιε’.
410 4244 483 4297 Τδ
513 4242 557 4296 δ’
582 4240 638 4295 ἐν
668 4258 776 4295 τινι
818 4240 1038 4310 λέγεται
1069 4240 1375 4311 ἑνδεκαχῶς
1396 4255 1411 4272 ο
1451 4239 1526 4303 ὡς
1552 4240 1708 4309 γένος
1739 4242 1796 4293 ὲν

226 4338 359 4392 εῐδει
382 4354 395 4368 ·
433 4331 546 4389 οἷον
574 4335 634 4388 τὸ
666 4334 804 4400 ζῶον
839 4335 897 4387 ὲν
935 4332 1011 4404 τῷ
1044 4333 1337 4404 ἀνθρώπῳ.
1393 4329 1468 4385 Τὸ
1502 4331 1610 4400 γὰρ
1638 4332 1795 4400 γένος

226 4429 574 4502 ὲξῃρημένην
603 4429 728 4498 ἔχον
776 4429 879 4497 τὴν
912 4425 1170 4496 ὓπαρξιν,
1230 4425 1350 4478 ὅλον
1385 4427 1441 4477 ἐν
1465 4424 1682 4493 ἑκάστῳ
1710 4429 1793 4493 γί-

1904 1952 2173 2007 dicatioue
2200 1952 2252 2005 in
2277 1951 2520 2021 subjecto
2543 1950 2846 2019 (nunquam
2870 1949 3320 2024 deprehenditur)
3344 1973 3359 2021 ;
3380 1955 3477 2011 sed

1901 2042 2172 2097 interdum
2198 2041 2419 2111 quidem
2454 2040 2819 2109 aequivocum,
2853 2048 2913 2095 ut
2942 2056 3067 2095 cum
3103 2041 3304 2108 aliquis
3331 2044 3477 2096 hanc

1901 2133 2183 2187 mulierem
2219 2132 2479 2186 musicam
2512 2138 2608 2183 aut
2659 2129 3071 2198 grammaticam
3107 2131 3244 2185 dicit
3293 2147 3309 2188 :
3339 2145 3478 2186 non-

1900 2237 2183 2293 nunquam
2250 2237 2377 2275 vero
2433 2220 2946 2285 demonStrativum,
2978 2231 3036 2275 ut
3066 2237 3186 2277 cum
3228 2237 3258 2277 a
3294 2223 3476 2292 philo-

1901 2318 2091 2386 sophia
2142 2312 2303 2385 146
2363 2313 2709 2367 Aristotelem
2765 2312 2966 2383 aliquis
3025 2313 3473 2369 denominaverit

1902 2408 2320 2478 philosophum;
2357 2406 2627 2459 interdum
2654 2404 2893 2473 denique
2922 2405 3346 2471 diversivocum,
3408 2404 3493 2460 ut‘

1902 2513 2025 2552 cum
2053 2497 2254 2566 aliquis
2286 2497 2566 2550 Socratem
2591 2510 2621 2548 a
2643 2494 2844 2550 virtute
2875 2495 3055 2549 virum
3086 2496 3288 2550 bonmn
3320 2496 3476 2551 dixe-

1903 2589 1994 2644 rit.
2071 2587 2287 2642 Etenim
2346 2589 2401 2641 in
2465 2587 2667 2643 Graeca:
2717 2586 2915 2658 lingua:
2983 2588 3379 2643 consuetudine
3414 2586 3476 2642 τὸ

1900 2684 2154 2753 ἐνάρετον
2184 2681 2460 2751 (utetiam
2525 2679 2583 2734 in
2638 2679 2834 2735 Latina
2894 2680 3082 2751 lingua
3137 2679 3470 2750 virtuosum)

1902 2792 2008 2830 non
2037 2776 2337 2844 reperitur.

1970 2866 2057 2920 η.
2092 2865 2357 2920 Diﬂeruut
2389 2878 2569 2920 autem
2620 2865 2764 2921 inter
2791 2879 2851 2920 se
2907 2865 3214 2921 substantia
3249 2872 3304 2919 et
3331 2863 3466 2920 sub-

1900 2958 2181 3020 stantiale,
2211 2957 2462 3013 similiter
2491 2956 2746 3012 accidens
2771 2964 2826 3011 et
2857 2956 3112 3011 essentia!
3143 2954 3468 3023 adjunctum

1901 3048 2017 3116 (seu
2043 3048 2424 3116 accidentale).
2713 3084 2719 3091 .
2879 3056 2883 3061 ‘

1973 3143 2063 3197 15.
2137 3140 2455 3196 Substautia
2514 3142 2657 3197 enim
2716 3141 2938 3212 quidem
3010 3156 3096 3197 res
3142 3148 3228 3195 est
3275 3154 3369 3210 per
3404 3155 3467 3196 se

1901 3238 2168 3290 exsistens
2194 3249 2299 3288 non
2340 3234 2588 3305 indigens
2641 3234 2745 3288 alia
2776 3234 2843 3288 ad
2873 3234 2954 3288 sui
2984 3233 3458 3288 constitutionem.

1900 3327 2169 3382 Accidens
2200 3336 2381 3381 autem
2410 3343 2497 3382 res
2520 3337 2624 3387 est.
2656 3341 2777 3392 qua:
2819 3329 2871 3381 in
2901 3325 3206 3382 substantia
3261 3341 3369 3380 non
3406 3335 3468 3380 ut

1898 3434 2025 3490 pars
2060 3418 2296 3484 exsistit,
2327 3433 2426 3474 nec
2451 3419 2681 3474 seorsim
2711 3433 2738 3471 a
2778 3417 3086 3473 substantia
3117 3431 3239 3472 esse
3266 3424 3469 3485 potest.

1969 3510 2059 3564 14.
2085 3509 2457 3564 Substantiale
2481 3519 2664 3563 autem
2714 3515 2769 3561 et
2805 3505 3144 3561 aceidentale
3167 3506 3311 3561 modi
3339 3514 3474 3561 sunt

1896 3601 2233 3656 exsistentiae
2287 3601 2595 3669 aliquorum
2629 3600 2682 3652 in
2716 3598 3015 3668 aliquibus.
3048 3599 3117 3653 Et
3168 3599 3462 3673 essentiale

1897 3692 2115 3761 quidem
2142 3690 2524 3760 proprietatem
2555 3698 2610 3743 et
2638 3703 2953 3754 germanam
3008 3689 3456 3744 convenientiam

1898 3785 1972 3836 rei
2008 3782 2379 3836 iuexsistentis
2407 3780 2667 3844 declarat,
2707 3780 2775 3834 ad
2810 3780 2954 3833 illam
2988 3779 3042 3833 iu
3073 3794 3180 3849 qua
3229 3781 3464 3834 exsistit.

1897 3874 2243 3929 Accidentale
2266 3883 2446 3927 autem
2476 3872 2709 3927 alienum
2744 3878 2798 3926 et
2827 3872 3179 3926 adventitinm
3215 3871 3462 3927 denotat.

1896 3967 2076 4033 Quare
2120 3967 2285 4021 etiam
2334 3965 2388 4020 in
2441 3965 2698 4020 omnibus
2724 3964 3163 4034 praedicamentis
3192 3974 3247 4020 et
3276 3980 3468 4021 essen-

1898 4063 2023 4117 tiale
2067 4070 2121 4117 et
2159 4062 2411 4116 essentize
2442 4060 2762 4128 adjunctum
2819 4058 2939 4130 (seu
2975 4057 3339 4128 accidentale)
3367 4072 3465 4113 ac-

1896 4156 1997 4225 cipi
2032 4164 2229 4224 potest.

1968 4250 2054 4303 15.
2087 4249 2353 4303 Caeterum
2385 4245 2534 4315 quod
2568 4255 2650 4300 est
2674 4244 2726 4298 in
2760 4243 2961 4314 aliquo,
3000 4244 3252 4298 uudecun
3286 4243 3463 4298 modis

1895 4342 2130 4407 dicitur;
2177 4353 2234 4394 ut
2285 4353 2457 4408 genus
2514 4341 2570 4392 in
2633 4337 2832 4406 specie,
2870 4337 3014 4390 velut
3045 4334 3246 4389 animal
3278 4335 3331 4388 in
3367 4334 3465 4388 bo-

1899 4435 2063 4488 tuine.
2126 4431 2281 4503 147
2314 4431 2498 4486 Genus
2547 4428 2692 4485 enim
2721 4445 2844 4483 cum
2875 4446 2938 4482 ex
2964 4429 3330 4483 abstractione
3367 4428 3459 4480 ha-

222 4541 379 4579 νεται
402 4523 513 4575 τῶν
545 4520 725 4585 εἰδῶν,
768 4522 864 4573 καὶ
894 4520 1072 4572 κοινὸν
1120 4521 1231 4582 τοῖς
1257 4518 1456 4572 εἴδεσιν
1486 4518 1659 4587 ἅπασι
1696 4520 1791 4573 κα)⁵

1906 4525 2023 4579 beat
2066 4524 2464 4586 cxsistentiam,
2494 4530 2666 4575 totum
2709 4532 2792 4575 est
2830 4521 2883 4573 in
2936 4520 3126 4589 quavis
3160 4522 3366 4589 specie,
3407 4530 3462 4573 et

224 4616 397 4672 ιδικὸν
429 4616 510 4669 ἑνὶ
541 4613 759 4684 ἑκάστῳ
813 4612 945 4667 εἴδει
982 4612 1122 4668 ἐστί.
1178 4611 1434 4682 Καθὼςή
1488 4612 1642 4682 φωνὴ
1696 4613 1790 4669 τοῦ

219 4711 466 4783 κήρυκος
493 4710 606 4772 τοῖς
649 4706 931 4769 ἀκούουσι,
990 4705 1083 4760 καὶ
1133 4703 1295 4777 ἡῦλη
1349 4707 1461 4768 τοῖς
1494 4706 1553 4756 ὲν
1582 4706 1791 4777 κόσμῳ,

219 4801 315 4854 καὶ
342 4799 405 4853 τδ
425 4798 519 4851 τοῦ
544 4797 746 4852 κύκλου
773 4796 999 4866 κέντρον
1020 4796 1139 4858 ταῖς
1162 4795 1223 4858 ἐξ
1251 4794 1416 4848 αὐτοῦ
1446 4794 1510 4864 δὴ
1539 4794 1634 4849 τοῦ
1664 4796 1791 4847 κέν-

218 4912 351 4967 τρου
384 4893 719 4965 άρχομέναις
766 4891 1039 4953 εὐθείαιςο
1074 4887 1149 4952 ὡς
1201 4883 1340 4952 εἶδος
1373 4889 1431 4940 ἐν
1481 4889 1649 4952 γένει,
1680 4882 1793 4939 οἷον

216 4990 247 5039 6
275 4987 564 5058 ἄνθρωπος
598 4986 653 5037 ὲν
679 4982 758 5053 τῷ
780 4981 924 5051 ζὼῳ.
944 4981 1261 5051 Περιέχεται
1301 4981 1410 5052 γάρ
1443 4982 1471 5035 6
1504 4980 1792 5051 ἄνθρωπος

218 5084 276 5135 ἓν
304 5079 384 5149 τῷ
415 5078 561 5149 ζῴω,
587 5077 679 5131 καὶ
711 5077 820 5130 πᾶν
844 5074 980 5139 εἶδος
1000 5077 1054 5128 ὲν
1076 5074 1151 5145 τῷ
1176 5073 1363 5144 οἰκείῳ
1386 5073 1556 5141 γένει,
1577 5072 1651 5136 ὡς
1673 5071 1793 5125 ὅλον

215 5176 277 5226 ὲν
313 5174 529 5243 μέρεσι,
561 5169 818 5239 καθάπερ
840 5170 869 5222 6
896 5166 1195 5239 Σωκράτης
1230 5169 1288 5220 ἐν
1319 5169 1431 5229 τοῖς
1466 5164 1664 5219 ἑαυτοῦ
1690 5164 1791 5233 μὲ-

219 5282 363 5338 ρεσι,
405 5262 641 5334 κεφαλῇ,
696 5262 873 5332 χερσὶ,
925 5263 1076 5326 ποσὶ,
1126 5261 1223 5312 καὶ
1276 5260 1387 5320 τοῖς
1420 5257 1640 5320 mm-
1698 5258 1792 5310 καὶ

217 5363 379 5416 τοῦτο
406 5361 450 5414 δ’
486 5361 544 5413 ἔν
581 5362 723 5414 τισίν
768 5360 906 5421 ἔστι,
957 5358 1049 5411 καὶ
1079 5357 1178 5409 οὐκ
1206 5355 1264 5408 ἐν
1305 5372 1434 5408 τινι.
1471 5354 1705 5421 Λέγεται
1734 5353 1791 5406 δὲ

219 5454 388 5525 μέρος
420 5452 518 5522 μὲν
543 5452 696 5505 ὅλου·
729 5452 848 5503 ὅλον
879 5449 935 5521 δὲ
985 5449 1169 5519 μερῶν
1213 5447 1489 5514 οὐδαμῶς,
1524 5446 1641 5501 ἀλλ’
1671 5448 1790 5499 ὅλον

216 5550 276 5600 ὲν
301 5545 548 5616 μέρεσιν.
603 5543 691 5606 Ὠς
746 5543 911 5613 μέρος
944 5542 1002 5593 ἐν
1058 5541 1202 5610 ὅλῳ·
1269 5540 1525 5609 καθάπερ
1582 5541 1702 5609 χεὶρ
1755 5538 1787 5609 ἦ

216 5636 356 5701 ποῦς
383 5638 443 5687 ὲν
473 5634 777 5704 Σωκράτει.
798 5633 885 5696 Ὠς
935 5629 1077 5694 εἶδος
1108 5633 1166 5683 ὲν
1190 5630 1289 5703 ὕλη
1314 5646 1329 5661 ·
1387 5631 1531 5685 καθά
1557 5632 1617 5684 τὸ
1648 5626 1789 5692 εἶδος

213 5727 308 5782 τοῦ
342 5725 658 5796 ἀνδριάντος
689 5727 747 5776 ὲν
780 5724 866 5797 ¹τῷ
915 5723 1126 5795 χαλκῷ,
1158 5724 1250 5775 καὶ
1279 5724 1338 5776 τὸ
1383 5724 1609 5792 σημεῖον
1635 5723 1692 5774 ὲν
1719 5725 1785 5792 τῇ

217 5823 475 5892 γραμμῇ·
521 5818 779 5873 εἰδοποιεί
807 5820 913 5887 γὰρ
972 5818 1067 5869 καὶ
1096 5817 1155 5869 τὸ
1212 5816 1439 5885 σημεῖιν
1477 5814 1573 5868 τὴν
1615 5832 1787 5868 πεπε-

1898 4616 2151 4671 omnibus
2204 4615 2493 4686 speciebus
2551 4631 2841 4668 commune
2889 4624 2945 4667 et
3012 4614 3208 4682 cuique
3255 4613 3457 4682 speciei

1896 4710 2176 4779 proprium
2226 4718 2304 4763 est
2349 4707 2864 4773 :Quemadmodutn
2900 4721 2999 4759 vox
3048 4706 3312 4774 praecoms
3356 4721 3457 4759 an-

1898 4800 2192 4861 dientihus,
2219 4809 2273 4853 et
2337 4800 2561 4853 materia
2627 4799 2693 4853 iis
2723 4813 2843 4868 quae
2891 4799 2941 4851 in
2977 4798 3179 4851 mundo
3211 4810 3362 4860 sunt,
3407 4809 3460 4852 et

1896 4905 2142 4946 centrum
2185 4891 2379 4945 circuli
2410 4894 2575 4945 rectis
2597 4907 2718 4960 qua:
2747 4906 2813 4945 ex
2861 4906 2926 4944 eo
2978 4892 3210 4957 (scilicet
3244 4896 3459 4979 centro)

1897 4983 2198 5051 incipiunt;
2252 4994 2312 5037 ut
2353 4986 2566 5053 species
2608 4985 2660 5037 in
2696 4997 2915 5054 genere,
2964 4983 3128 5036 veluti
3185 4982 3346 5035 homo
3405 4984 3462 5036 in

1896 5074 2142 5128 animali.
2170 5076 2488 5128 Continetur
2514 5073 2660 5128 enim
2686 5076 2846 5127 homo
2874 5074 2927 5127 in
2954 5073 3172 5127 animali
3196 5082 3250 5127 et
3280 5074 3466 5128 ortinis

1895 5170 2104 5239 species
2137 5171 2188 5222 in
2223 5171 2444 5238 proprio
2475 5184 2712 5238 genere;
2767 5180 2823 5224 ut
2882 5178 3054 5223 totum
3086 5176 3138 5222 in
3169 5171 3414 5237 partibus
3440 5181 3467 5223 ε

1894 5261 2353 5332 quvmadmndum
2387 5259 2643 5315 Socrates
2698 5262 2751 5315 in
2805 5261 2922 5317 suis
2952 5261 3222 5331 partibus,
3257 5262 3452 5327 capite,

1894 5356 2147 5426 pedibus,
2183 5355 2434 5409 manibus
2472 5364 2525 5408 et
2557 5354 2719 5423 aliis;
2751 5364 2807 5409 et
2860 5370 2987 5410 vero
3022 5357 3135 5409 hth
3176 5355 3229 5407 in
3260 5354 3459 5422 aliqui-

1897 5448 1997 5502 bus
2020 5456 2102 5502 es”.
2129 5458 2182 5501 et
2223 5464 2327 5499 non
2368 5449 2417 5500 in
2454 5448 2660 5517 aliquo.
2701 5452 2776 5502 Ac
2826 5450 3026 5502 dicitur
3060 5465 3186 5519 pars
3238 5449 3468 5517 quidem

1900 5542 2069 5594 totius
2109 5556 2124 5596 :
2160 5550 2329 5594 totum
2358 5552 2538 5594 autem
2570 5543 2806 5608 partium
2838 5558 3208 5611 nequaquam,
3244 5542 3336 5596 sed
3376 5552 3456 5593 ιυρ-

1895 5641 2006 5685 tum
2034 5632 2085 5684 in
2118 5633 2382 5701 partibus.
2424 5630 2489 5687 Ut
2520 5648 2648 5703 pars
2680 5636 2732 5686 iu
2784 5644 2898 5688 toto
2950 5649 2965 5690 :
2998 5634 3464 5703 quemadmodum

1895 5740 2089 5779 manus
2119 5733 2214 5777 aut
2249 5740 2342 5791 pes
2377 5725 2429 5779 in
2478 5724 2720 5782 Socrate.
2760 5724 2827 5781 Ut
2859 5727 3032 5781 furum
3069 5728 3122 5780 in
3178 5706 3411 5779 tuaterift
3437 5741 3461 5777 ι

1893 5817 2348 5885 quemadmodum
2402 5818 2577 5873 forma
2630 5830 2817 5875 statua-
2855 5821 2908 5875 in
2954 5835 3086 5887 ζετο,
3114 5830 3165 5874 et
3192 5822 3460 5889 "punctum
