3868 6362
225 347 330 419 ξοδ

1493 344 1828 407 ΕΙἸΤΟΜΕ
1872 342 2167 403 LOGICA.

3373 329 3479 402 80'6

226 483 396 548 γένει,
432 481 527 532 καὶ
563 475 708 528 ποιεῖ
753 474 820 526 τὰ
873 474 1115 543 ὁμογενῆ
1141 489 1154 503 ο
1213 469 1324 528 οἷον
1383 472 1672 543 ἄνθρωπος
1704 475 1791 524 καῖ

1904 483 2033 525 nere
2060 476 2115 520 et
2146 464 2275 520 facit
2305 463 2644 534 honmgenea
2697 464 2841 535 (qua!
2895 473 3024 519 sunt
3046 463 3291 533 ejusdem
3324 480 3482 535 genea

220 567 427 630 ῐππος·
468 563 646 617 ταῦτα
665 562 775 632 γὰρ
808 561 866 615 ἐν
917 562 1014 614 καὶ
1068 561 1264 616 ταυτὸν
1321 561 1477 629 γένος
1524 560 1706 631 ἔχουσι
1736 559 1797 613 es

223 656 384 724 ζῶον.
409 656 483 710 ’Ἡ
511 655 589 723 τῷ
617 655 771 720 εῖδει,
805 656 898 708 καὶ
921 656 1068 708 ποιεῖ
1089 653 1156 707 τά
1177 654 1395 725 ὁμοειδῆ
1418 671 1432 684 ο
1461 650 1570 707 οἷον
1595 655 1799 724 Πέτρος

223 749 322 804 καὶ
345 747 565 809 Παῦλος
585 763 601 778 ·
633 747 845 809 τούτοις
870 747 980 815 γάρ
1011 745 1070 799 ἔν
1102 745 1195 799 καὶ
1224 746 1422 800 ταυτὸν
1449 742 1587 808 εἶδος
1626 745 1800 816 ὑπάρ-

221 859 308 913 χει
331 843 359 894 ὁ
387 841 696 912 ἄνθρωπος.
729 838 799 893 Ἦ
823 838 902 907 τῷ
929 837 1170 909 ἀριθμῷ,
1205 839 1299 890 καὶ
1332 839 1557 891 ποιεῖτὸ
1595 839 1797 906 ἄτομον

221 935 346 988 καθ’
376 934 510 988 αὐτὸ
538 933 853 1002 νοούμενον,
887 930 996 984 τῶν
1042 931 1248 984 λοιπῶν
1287 933 1506 1000 ἀτόμων
1561 950 1796 1002 κεχωρι-

223 1027 444 1096 σμένονο
472 1022 586 1080 οἷον
609 1025 928 1096 Σωκράτης.
957 1026 1055 1078 Ἓν
1076 1025 1183 1093 γὰρ
1203 1024 1437 1094 ὑπάρχει
1465 1026 1556 1077 καὶ
1577 1025 1792 1089 ταυτὸν,

220 1122 271 1173 εἰ
296 1119 393 1173 καὶ
417 1119 694 1181 πλείστοις
731 1118 862 1181 ἴσως
902 1118 1118 1172 καλοῖτο
1150 1117 1414 1186 ὀνόμασι*
1476 1119 1794 1187 Σωκράτης,

221 1213 610 1281 Σωφρονίσκου
642 1212 777 1274 υἱὸς.
812 1211 1121 1279 φιλόσοφος.
1164 1209 1238 1263 Τὸ
1269 1209 1316 1264 δ’
1354 1209 1484 1263 αὐτὸ
1529 1210 1665 1264 κάπὶ
1687 1211 1797 1262 τῶν

225 1304 373 1366 ἰδίως
402 1304 719 1372 λεγομένων
750 1303 1128 1370 πολυωνύμων
1163 1302 1334 1358 ἐστιν.
1395 1303 1491 1355 Ἓν
1537 1303 1648 1370 γάρ
1701 1303 1797 1356 καὶ

219 1394 418 1446 ταυτὸν
449 1395 688 1466 ὑπάρχει
722 1396 799 1460 τῷ
828 1393 1072 1465 ἀριθμῷ,
1107 1393 1168 1444 τὸ
1221 1393 1396 1463 ξίςος,
1453 1396 1549 1449 καὶ
1584 1396 1643 1447 τὸ
1672 1393 1793 1465 ἀορ,

221 1485 317 1537 καὶ
347 1487 382 1554 ἡ
416 1485 620 1556 σπάθη,
665 1491 759 1540 καὶ
790 1486 851 1540 τὸ
895 1488 1194 1557 φάσγανον.

292 1668 360 1736 β’.
401 1667 648 1738 Ὀσαχῶς
670 1667 726 1722 δὲ
751 1667 966 1736 λέγεται
992 1667 1052 1721 τὸ
1071 1667 1128 1721 ἓν
1158 1669 1253 1722 καὶ
1280 1669 1500 1736 ταυτὸν,
1532 1684 1798 1722 τοσαυτα-

218 1761 328 1832 χῶς
352 1762 446 1816 καὶ
473 1761 534 1814 τὸ
565 1761 772 1830 ἕτερον.
800 1761 872 1814 Ἢ
893 1761 1002 1831 7&9
1031 1761 1110 1830 τῷ
1154 1762 1302 1830 γένει
1335 1761 1432 1816 καὶ
1459 1761 1618 1814 τοῦτο
1643 1761 1798 1830 λέγε-

1909 557 2031 622 ris).
2069 565 2127 609 ut
2159 555 2323 611 homo
2347 561 2402 608 et
2431 569 2606 624 equus
2634 570 2650 622 ;
2685 555 2890 609 etenim
2915 555 3031 609 haec
3061 569 3227 608 unum
3259 563 3314 609 et
3335 553 3480 608 idem

1907 664 2083 719 genus
2113 649 2337 712 habent,
2375 649 2604 701 animal.
2636 649 2745 702 Aut
2795 650 2997 718 specie,
3029 657 3083 702 et
3105 648 3234 703 facit
3265 648 3484 702 homoi-

1905 744 2005 798 dea
2032 745 2176 811 (quae
2233 749 2362 794 sunt
2384 741 2628 808 ejusdem
2664 741 2886 812 speciei)
2914 757 2928 795 :
2957 752 3016 796 ut
3047 740 3239 796 Petrus
3259 752 3314 796 et
3342 740 3482 795 Pau-

1905 834 2030 899 lus;
2067 834 2260 887 horum
2304 833 2450 887 enim
2490 847 2593 885 una
2627 841 2680 884 ct
2710 833 2896 886 eadem
2925 840 3005 887 est
3029 833 3260 901 species,
3291 833 3480 888 homo.

1905 928 2012 980 Aut
2046 939 2296 991 numero,
2331 934 2385 978 et
2418 924 2544 978 facit
2595 924 2962 988 individuum,
2994 929 3137 994 quod
3179 941 3276 993 per
3310 941 3369 980 se
3398 925 3485 979 in-

1907 1016 2172 1085 telligitur
2227 1032 2256 1068 a
2311 1015 2539 1081 reliquis
2593 1014 2890 1069 individuis
2945 1027 3277 1086 separatum,
3336 1018 3484 1072 velut

1905 1109 2179 1164 Socrates.
2213 1108 2429 1163 Etenim
2462 1125 2628 1162 unttm
2660 1120 2711 1162 et
2739 1108 2879 1162 idem
2912 1119 2993 1162 est
3023 1113 3323 1178 (numero),
3360 1112 3482 1165 licet

1904 1200 2157 1270 plurimis
2201 1200 2339 1254 forte
2363 1201 2681 1254 nominibus
2714 1209 2936 1254 vocetur
2967 1217 2982 1254 :
3011 1199 3165 1270 151
3201 1199 3480 1266 Socrates,

1907 1289 2264 1360 Sophronisci
2304 1291 2471 1357 (ilius,
2501 1291 2882 1359 philosophus.
2919 1291 3098 1360 Atque
3129 1290 3271 1344 idem
3316 1291 3480 1344 etiatn

1905 1381 1958 1434 iu
1995 1381 2078 1435 his
2109 1397 2230 1451 quae
2252 1384 2468 1452 pr0prie
2495 1383 2789 1436 multivoca
2815 1381 3098 1444 dicuntur,
3126 1391 3233 1436 est.
3272 1373 3479 1435 Eteitim

1905 1489 2073 1527 unum
2109 1483 2164 1527 et
2194 1475 2336 1528 idem
2379 1490 2606 1528 numero
2645 1483 2777 1530 sunt
2802 1489 3015 1542 mucro,
3054 1475 3224 1540 ensis,
3265 1475 3481 1543 spatha.

1905 1565 2139 1634 gladius.

1975 1662 2030 1718 Ξ.
2073 1663 2211 1727 Quot
2269 1670 2448 1715 autem
2505 1663 2680 1716 modis
2735 1679 2904 1716 unum
2952 1673 3006 1718 et
3051 1662 3194 1716 idem
3239 1662 3480 1728 dicitur,

1906 1763 1985 1808 tot
2012 1755 2187 1808 modis
2219 1755 2382 1808 etiam
2415 1754 2689 1807 diversum
2725 1753 2946 1809 dicitur.
2981 1753 3118 1809 Nam
3155 1763 3208 1808 et
3243 1756 3348 1809 hoc
3398 1754 3481 1809 vel

217 1867 334 1915 ται,
363 1852 457 1904 καὶ
482 1853 627 1905 ποιεῖ
649 1851 715 1906 τὰ
735 1852 1055 1922 ἑτερογενῆ,
1078 1849 1189 1908 οἷον
1213 1855 1352 1920 ζῶον
1372 1855 1465 1908 καὶ
1490 1855 1685 1924 έπιστή
1697 1869 1791 1926 μη·

1902 1863 2098 1916 genere
2133 1847 2358 1912 dicitur,
2391 1855 2444 1900 et
2470 1845 2638 1901 cﬂicit
2667 1848 3028 1917 heterOgenea
3061 1849 3205 1917 (qua:
3233 1861 3364 1903 sunt
3396 1850 3484 1901 di.

219 1942 314 1996 τοῦ
352 1943 454 2013 μὲν
488 1942 596 2014 7&9
626 1941 767 2006 ζὼου
801 1943 959 2011 γένος
987 1945 1020 2014 ἡ
1051 1944 1229 2008 οὐσία,
1257 1949 1357 2016 τῆς
1396 1945 1706 2014 ἐπιστήμης
1737 1946 1794 2000 δὲ

218 2035 278 2088 τὸ
294 2036 550 2089 ποιόν.“Η
580 2035 660 2107 τῷ
688 2035 842 2101 εἴδει,
863 2035 958 2089 καὶ
988 2039 1132 2090 ποιεῖ
1149 2037 1216 2090 τὰ
1241 2037 1514 2108 ἑτεροειδῆ
1530 2053 1547 2071 ο
1565 2030 1678 2090 οἷον
1703 2039 1794 2091 ἶπ-

219 2145 322 2191 πος
351 2129 448 2182 καὶ
479 2128 612 2198 βοῦς
650 2145 665 2162 ο
709 2129 843 2184 ἀλλο
872 2129 982 2198 γὰρ
1005 2126 1142 2194 εἶδος
1182 2130 1371 2196 ἵππου,
1398 2132 1494 2184 καὶ
1543 2131 1672 2185 ἄλλο
1697 2132 1792 2184 τοῦ

219 2221 366 2291 βοὸς,
396 2223 447 2276 ει
485 2222 580 2275 καὶ
607 2223 760 2290 γένος
784 2222 888 2276 οὐκ
909 2222 1044 2277 ἀλλο
1072 2223 1166 2276 καὶ
1198 2223 1348 2278 ἀλλο.
1375 2222 1442 2277 Ἦ
1467 2223 1546 2294 τῷ
1574 2223 1794 2294 ἀριθμῷ

217 2313 315 2369 καὶ
345 2316 494 2368 ποιεῖ
530 2314 644 2386 (τά)
679 2314 898 2385 ἄτομαο
938 2317 1034 2370 καὶ
1083 2315 1194 2387 γὰρ
1233 2315 1313 2386 τῷ
1360 2315 1579 2388 ἀριθμῷ
1610 2317 1794 2387 διαφέ-

208 2428 424 2483 ρουσιν,
457 2412 558 2467 ὅσα
615 2415 684 2485 τῇ
739 2412 1012 2484 συνδρομῇ
1048 2413 1158 2467 τῶν
1210 2413 1641 2486 συμϐεϐηκότων
1690 2417 1793 2486 τὴν

220 2503 459 2575 ἰδιότητα
499 2504 599 2576 τῆς
635 2507 772 2571 ιδίας
814 2506 1166 2572 ὑποστάσεως
1206 2509 1578 2578 ἀφωρίσαντο.

287 2693 358 2755 γ’.
395 2687 583 2741 Ταῦτα
639 2685 697 2740 δὲ
757 2685 1007 2756 λέγονται
1065 2687 1160 2740 καὶ
1215 2686 1683 2755 ἐτεροῦπόστατα,
1715 2687 1791 2752 ὡς

216 2780 486 2852 ἐσχηκότα
512 2780 611 2852 τὴν
633 2781 737 2835 ἀνά
761 2780 925 2851 μέρος
957 2779 1080 2834 καθ’
1109 2781 1280 2834 ἑαυτά
1308 2779 1565 2849 ὕπαρξιν.
1605 2782 1792 2852 Τούτῳ

217 2875 323 2942 γὰρ
355 2873 450 2927 καὶ
476 2873 586 2926 τῶν
622 2873 1051 2942 ὁμοῦποστάτων
1077 2872 1468 2944 διενηνόχασιν.
1518 2873 1792 2942 Ὁμοῦπὸ-

218 2979 390 3018 στατα
440 2966 550 3034 γάρ
577 2966 734 3030 εἰσιν,
787 2967 918 3018 ὅταν
960 2965 1056 3019 δύο
1085 2965 1280 3034 φύσεις
1307 2969 1364 3019 ὲν
1413 2967 1513 3036 μιᾷ
1554 2966 1792 3019 ὑποστά-

218 3075 300 3110 σει
331 3059 596 3123 ὲνωθῶσι,
626 3059 720 3111 καὶ
751 3057 880 3128 μίαν
929 3059 1135 3128 σχῶσιν
1169 3058 1472 3112 ὑπόστασιν
1513 3057 1788 3125 σὺνθετον,

218 3153 310 3204 καὶ
334 3151 394 3228 ἓν
423 3151 715 3221 πρόσωπον
733 3166 750 3182 ο
783 3150 860 3213 ὡς
888 3149 1038 3220 ψυχὴ
1067 3151 1162 3203 καὶ
1199 3150 1383 3220 σῶμα.

285 3330 348 3385 δ’.
384 3331 568 3386 Πάντα
603 3331 702 3400 μὲν
732 3329 828 3386 οὖν
848 3329 916 3384 τὰ
945 3331 1165 3401 ὁμοειδῆ
1201 3331 1262 3396 ἐξ
1285 3331 1532 3401 ἀνάγκης
1560 3331 1668 3384 εἰσὶ
1693 3333 1788 3384 καὶ

217 3423 456 3491 ὁμογενῆ
477 3438 490 3451 ·
528 3422 588 3474 οὐ
621 3423 800 3476 πάντα
850 3421 908 3474 δὲ
941 3421 1012 3474 τὰ
1045 3423 1286 3490 ὁμογενῆ
1334 3423 1651 3490 ἀναγκαίως
1698 3423 1791 3476 καὶ

218 3512 463 3583 ὁμοειδῆ.
498 3510 690 3575 Οὕτως
719 3510 818 3566 καὶ
865 3513 1156 3583 ἑτερογενῆ
1209 3514 1310 3582 μὲν
1341 3515 1791 3583 ὁμολογουμένως

221 3607 397 3658 πάντα
427 3606 701 3678 ὲτεροειδῆ
726 3622 740 3636 ο
772 3605 836 3660 οὗ
866 3605 1047 3659 πάντα
1071 3605 1129 3659 δι
1153 3606 1220 3660 τὰ
1251 3608 1527 3677 ὲτεροειδῆ
1561 3608 1660 3678 ἤδη
1695 3607 1790 3662 καὶ

219 3697 529 3768 ἑτερογενῆ.
565 3698 675 3752 Καὶ
722 3698 790 3750 τά
820 3697 918 3769 μὲν
946 3697 1027 3767 τῷ
1055 3700 1202 3767 γένει
1231 3699 1395 3770 ἕτερα
1432 3699 1523 3753 καὶ
1549 3699 1627 3770 τῷ
1661 3700 1790 3753 εῖδει

219 3792 313 3844 καὶ
344 3789 422 3860 τῷ
453 3789 673 3859 ἀριθμῷ
712 3789 1066 3860 διαφέρουσι⁹
1123 3791 1191 3845 τά
1233 3791 1290 3845 δὲ
1327 3790 1407 3861 τῷ
1450 3791 1584 3845 εῖδει
1622 3792 1790 3864 ἔτερα

217 3879 294 3951 τῷ
320 3881 420 3952 μιν
466 3879 686 3952 ἀριθμῴ
708 3880 1083 3951 διαφέρουσιν,
1123 3881 1184 3935 οὐ
1244 3881 1352 3953 μὴν
1388 3883 1445 3936 δὲ
1470 3883 1557 3936 ἀεὶ
1589 3885 1684 3937 καὶ
1713 3884 1790 3951 τῷ

217 3972 388 4040 γένει.
430 3973 566 4026 Οὔτε
599 3973 657 4027 δὲ
702 3973 782 4044 τῷ
813 3971 1036 4044 ἀριθμῷ
1079 3973 1410 4045 διαφέροντα
1454 3974 1514 4040 ἐξ
1544 3976 1789 4047 ἀνάγκης

218 4064 312 4118 καὶ
349 4063 425 4134 τῷ
451 4064 602 4130 εῖδει,
648 4063 742 4119 καὶ
769 4063 847 4134 τῷ
891 4064 1040 4132 γένει
1069 4061 1236 4136 ἕτερά
1263 4065 1433 4119 ἐστιν.

285 4333 351 4390 ε’.
395 4334 700 4406 Ἐτεροειδῆ
741 4334 797 4388 δὲ
827 4333 1063 4403 λέγοιντ’
1101 4334 1169 4389 ἃν
1203 4336 1439 4404 μάλιστα
1479 4336 1545 4388 τὰ
1574 4339 1638 4390 ὲκ
1671 4338 1788 4390 δια-

218 4431 400 4501 φόρων
426 4428 792 4484 εἰδικωτάτων
820 4428 978 4482 εἰδῶν
1010 4427 1210 4499 ἄτομα.
1253 4428 1521 4501 Καθάπερ
1549 4430 1656 4501 γὰρ
1685 4432 1794 4484 Σω-

1897 1941 2040 1995 versi
2073 1939 2333 2010 generis),
2361 1939 2510 1994 velut
2553 1939 2757 1993 animal
2802 1950 2856 1995 et
2901 1941 3170 2006 scientia;
3227 1941 3481 1996 animalis

1895 2034 2039 2088 enim
2065 2048 2237 2103 genus
2275 2043 2356 2086 est
2382 2033 2686 2088 substantia
2710 2047 2726 2099 ;
2749 2032 2992 2087 scientiae
3011 2043 3191 2087 autem
3217 2035 3476 2103 qualitas.

1896 2123 2003 2178 Ant
2044 2126 2252 2194 specie,
2279 2135 2333 2178 et
2362 2125 2495 2178 facit
2547 2125 2871 2178 heteroidea
2913 2126 3055 2196 (quae
3086 2134 3215 2180 sunt
3248 2126 3480 2184 diversa:

1895 2215 2318 2286 species),velut
2340 2229 2516 2284 equus
2537 2225 2592 2268 et
2616 2216 2750 2280 hos;
2785 2214 2889 2268 alia
2943 2216 3088 2268 enim
3136 2215 3348 2285 species
3393 2225 3479 2270 est

1893 2309 2047 2379 equi,
2078 2315 2182 2364 alia
2208 2309 2382 2372 bovis,
2412 2308 2626 2363 tametsi
2666 2323 2836 2378 genus
2881 2323 2990 2361 non
3018 2316 3103 2363 est
3131 2309 3277 2362 aliud
3316 2317 3478 2376 atque

1893 2401 2174 2457 aliuddut
2204 2417 2450 2468 numero,
2498 2413 2553 2458 et
2601 2400 2730 2456 iacit
2774 2399 3089 2466 individua;
3141 2401 3341 2454 etenim
3381 2384 3494 2454 nu?

1894 2509 2045 2549 mero
2074 2495 2334 2550 dill'erunt
2394 2509 2732 2564 quaecunque
2787 2492 3151 2547 accidentium
3201 2508 3475 2547 concursu

1895 2587 2186 2658 peculiaris
2218 2589 2571 2658 hypostaseos
2604 2585 2989 2655 proprietatem
3020 2595 3365 2654 separarunt.

1963 2680 2016 2735 3.
2058 2680 2324 2735 Dicuntur
2381 2690 2564 2734 autem
2619 2681 2734 2733 haec
2767 2679 2930 2734 etiam
2970 2679 3473 2750 heterohypostata,

1892 2775 2038 2844 quod
2071 2777 2305 2830 seorsim
2342 2776 2582 2828 habeant
2613 2790 2710 2844 per
2747 2789 2805 2828 se
2834 2774 3239 2828 exsistentiam.
3277 2773 3334 2827 In
3375 2773 3478 2827 hoc

1893 2871 2036 2923 enim
2069 2873 2232 2924 etiam
2261 2872 2328 2923 ab
2364 2870 2469 2924 illis
2501 2868 2781 2931 diiIerunt,
2812 2883 2934 2936 qua:
2965 2877 3094 2920 sunt
3127 2866 3474 2937 homohypo-

1893 2961 2284 3017 stata.Etcnim
2307 2961 2756 3030 homohypostata
2781 2973 2930 3026 sunt,
2963 2977 3086 3016 cum
3119 2961 3240 3014 dua:
3268 2973 3478 3017 natura:

1895 3055 1946 3108 iu
1977 3069 2080 3108 una
2119 3054 2396 3123 hypostasi
2428 3053 2832 3119 unice-fuerint,
2859 3063 2910 3108 et
2945 3071 3107 3109 unam
3156 3054 3476 3125 hypostasin

1895 3148 2252 3217 compositam
2307 3163 2583 3217 unamque
2641 3163 2934 3218 personam
2997 3149 3290 3204 habuerint
3340 3164 3358 3216 ;
3416 3157 3477 3203 ut

1894 3223 2157 3294 anima-et
2187 3256 2405 3310 corpus.
2862 3299 2868 3304 _

1963 3334 2019 3390 ι.
2053 3332 2246 3388 Omnia
2288 3335 2453 3402 igitur
2490 3334 2774 3388 homoidea
2825 3332 3047 3404 quidem
3105 3345 3234 3390 sunt
3285 3350 3475 3392 neces-

1895 3426 2040 3481 sario
2077 3424 2262 3496 152‘
2289 3428 2454 3482 etiam
2487 3429 2824 3498 homogenea
2863 3443 2881 3484 :
2925 3444 3036 3482 non
3073 3438 3255 3483 autem
3285 3429 3471 3482 omnia

1895 3519 2258 3587 homoxenea,
2288 3521 2602 3575 necessario
2653 3521 2819 3575 etiam
2867 3532 2996 3576 sunt
3029 3519 3346 3576 homoidea.
3397 3520 3474 3574 ita

1892 3615 2059 3668 etiam
2086 3613 2449 3682 heterogenea
2477 3613 2699 3684 quidem
2729 3614 2912 3668 omnia
2943 3613 3187 3667 omnium
3241 3627 3478 3668 consen-

1894 3722 1958 3761 su
1993 3716 2124 3760 sunt
2151 3705 2463 3760 heteroidea
2497 3726 2512 3762 :
2554 3720 2666 3760 non
2697 3715 2880 3760 autem
2914 3705 3096 3759 omnia
3154 3703 3472 3760 heteroidea

1893 3804 2024 3850 sunt
2053 3797 2164 3867 jam
2195 3795 2360 3850 etiam
2384 3795 2768 3868 heterogeuea.
2795 3794 2860 3848 Et
2891 3811 3010 3866 qua;
3029 3796 3246 3866 quidem
3277 3811 3476 3862 genere

1893 3887 2108 3942 diversa
2160 3896 2310 3952 sunt,
2345 3887 2509 3942 etiam
2559 3887 2742 3956 specie
2785 3896 2839 3942 et
2888 3902 3120 3942 numero
3172 3886 3474 3942 diﬂ'erunt:

1893 3989 2016 4044 qua:
2045 3985 2226 4030 autem
2262 3977 2442 4045 specie
2492 3978 2707 4032 diversa
2763 3986 2915 4041 sunt,
2953 3983 3192 4050 numero»:
3223 3979 3470 4050 quidem,

1893 4084 2003 4122 non
2055 4086 2269 4140 semper
2299 4080 2479 4124 autem
2504 4074 2666 4127 etiam
2700 4086 2899 4142 genere
2951 4071 3231 4127 diﬂ‘erunt.
3285 4071 3473 4142 Neque

1895 4178 2024 4216 vero
2057 4177 2289 4217 numero
2340 4161 2672 4231 differentia,
2729 4145 3046 4220 necessario
3082 4165 3248 4218 etiam
3289 4167 3472 4235 specie

1895 4265 1948 4309 et
1994 4271 2192 4325 genere
2222 4257 2438 4311 diversa
2465 4265 2617 4310 sunt.

1965 4343 2019 4396 5.
2065 4343 2385 4398 lleteroidea
2417 4354 2597 4399 autem
2658 4347 2893 4402 maxime
2931 4345 3038 4400 dici
3086 4347 3302 4416 possint
3333 4345 3474 4401 indie
3577 4405 3580 4408 ,

1893 4435 2056 4490 vidua
2087 4453 2208 4506 quia
2251 4446 2377 4490 sunt
2405 4452 2468 4492 ex
2500 4437 2879 4495 tliii‘ercntihus
2935 4441 3224 4509 speciebus
3255 4441 3472 4510 specia-

217 4523 427 4595 κράτης
455 4523 553 4576 καὶ
586 4521 810 4577 Πλάτων
840 4522 1061 4592 ὁμοειδῆ
1105 4522 1221 4591 (καὶ
1243 4524 1410 4592 ἄμφω
1442 4525 1548 4593 γὰρ
1575 4524 1790 4592 ἀνθρω-

1902 4529 2141 4583 lissimis.
2195 4529 2666 4595 Quemadmodum
2700 4534 2845 4585 enim
2899 4531 3158 4589 Socrates
3201 4543 3254 4588 ct
3320 4535 3471 4592 Plato

215 4616 332 4684 ποι)
358 4613 449 4665 τὸν
480 4611 646 4666 αὐτὸν
671 4611 874 4682 τρόπον
918 4612 1174 4682 Πήγασος
1200 4612 1296 4664 καὶ
1338 4613 1639 4683 Κέρϐερος,
1667 4614 1785 4666 ἑτε-

220 4703 423 4777 ροειδῆ.
452 4705 557 4758 Τὸν
598 4705 698 4776 μὲν
725 4705 834 4773 γὰρ
865 4704 1035 4757 ῐππον
1082 4703 1332 4772 λέγουσιν
1354 4699 1493 4759 εἶναι
1542 4706 1635 4759 τὸν
1675 4705 1788 4775 Πήο

212 4814 401 4866 γασον,
438 4796 530 4849 τὸν
551 4796 606 4850 δὲ
632 4796 769 4851 κύνα
797 4798 889 4850 τὸν
920 4795 1220 4867 Κέρϐερον.

287 4895 365 4954 ς’.
391 4889 512 4942 Τῶν
542 4886 874 4959 ἑτερογενῶν
899 4888 956 4942 δὲ
982 4889 1077 4942 καὶ
1109 4889 1185 4960 μὴ
1218 4887 1500 4959 ὑπάλληλα
1525 4890 1791 4961 τεταγμέ-

215 4998 320 5034 νων
359 4979 545 5052 ἕτεραι
576 4979 655 5048 τῷ
685 4979 814 5032 εῖδει
849 4979 940 5030 καὶ
986 4978 1041 5030 αἱ
1079 4977 1353 5050 διαφοραιο
1386 4975 1496 5034 οἷον
1522 4980 1661 5044 ζώου
1693 4983 1788 5036 καὶ

215 5074 548 5141 ἐπιστήμης.
583 5069 774 5124 "sum
803 5069 912 5140 7&9
937 5069 1190 5138 διαφοραὶ
1221 5068 1314 5124 τοῦ
1342 5071 1480 5136 ζώου
1513 5078 1606 5127 καὶ
1631 5077 1786 5132 ἄλλαι

213 5167 314 5236 τῆς
344 5163 674 5234 ἐπιστήμης.
710 5161 818 5216 Τοῦ
840 5162 938 5233 μὲν
959 5163 1067 5233 7&9
1092 5161 1232 5226 ζὼου
1255 5167 1577 5219 συστατηκαὶ⁵
1598 5151 1787 5234 διαφο·

217 5259 330 5329 ραι,
363 5257 424 5309 τὸ
457 5255 720 5326 ἔμψυχον,
769 5255 830 5306 τὸ
890 5251 1227 5326 αἰσθητικὸν,
1271 5256 1333 5310 τὸ
1384 5259 1781 5326 μεταϐατικόν·

212 5348 546 5420 διαιρετικαὶ
572 5349 633 5402 τὸ
660 5346 899 5416 λογικὸν,
932 5349 1226 5418 τὸοάλογον,
1254 5349 1316 5403 τὸ
1353 5351 1535 5416 πεζὸν,
1559 5355 1619 5406 τὺ
1647 5371 1785 5425 πτη-

211 5445 324 5509 νὸν,
350 5441 412 5496 τδ
432 5441 676 5513 ἔνυδρον,
704 5443 799 5494 καὶ
825 5439 1012 5512 ἔτερα.
1035 5442 1149 5512 Τῆς
1173 5443 1228 5496 δὲ
1257 5445 1566 5515 ἐπιστήμης
1588 5465 1788 5503 συστα-

209 5537 364 5590 τικαὶ
419 5533 521 5604 μὲν
577 5532 641 5587 τὸ
669 5535 784 5597 τοῖς
830 5533 1068 5601 λογικοῖς
1119 5537 1448 5607 ἐνυπάρχειν
1499 5539 1679 5605 ζώοις,
1726 5541 1785 5595 τὸ

209 5625 674 5696 ὼσμετάσλητον,
742 5625 803 5677 τὸ
853 5627 1152 5680 ἄπταιστον
1213 5628 1324 5680 τῶν
1365 5631 1739 5700 ὑποκειμένων
1767 5651 1781 5666 ο

209 5721 538 5792 διαιρετικαὶ
570 5719 637 5773 ,δὲ
670 5718 732 5772 τδ
774 5719 1131 5790 θεωρητικὸν,
1191 5721 1253 5774 τὸ
1297 5726 1605 5793 πρακτικόν
1632 5743 1646 5758 ·
1693 5727 1784 5781 καὶ

211 5806 368 5875 αὖθις
404 5812 466 5865 τὸ
499 5813 873 5883 γεωμετρικόν
905 5828 961 5863 τε
995 5811 1087 5865 καὶ
1133 5814 1523 5885 ἀστρονομικὸν
1573 5821 1663 5873 καὶ
1715 5821 1782 5876 τὰ

1898 4629 2028 4674 sunt
2074 4622 2360 4674 homoidea
2386 4625 2569 4691 (ambo
2599 4624 2746 4678 enim
2783 4636 2910 4680 Sunt
2942 4627 3240 4697 homines),
3273 4631 3466 4684 eodem

1897 4714 2056 4766 modo
2086 4713 2326 4782 Pegasus
2367 4723 2420 4767 et
2457 4713 2732 4770 Cerberus
2764 4727 2893 4771 sunt
2945 4719 3278 4776 holeroidca.
3306 4722 3466 4776 Illum

1894 4806 2039 4858 enim
2075 4816 2302 4876 equum,
2366 4807 2510 4862 hunc
2541 4824 2730 4864 canem
2759 4826 2882 4866 esse
2911 4811 3112 4869 ferunt.

1966 4897 2025 4950 6.
2062 4895 2332 4954 Caeterum
2360 4900 2878 4970 heterogeneorum,
2907 4907 3010 4960 hoc
3037 4915 3142 4968 est.
3166 4909 3268 4964 sub
3293 4909 3470 4964 diver-

1895 4990 1971 5046 sis
2028 4993 2321 5060 generibus
2355 4996 2740 5051 exsistentium
2796 5009 2852 5053 et
2888 5016 2996 5054 non
3055 5004 3467 5062 subalternatim

1894 5085 2220 5155 positorum,
2251 5069 2675 5144 diversai‘ctiam
2714 5103 2840 5146 sunt
2883 5097 3063 5159 specie
3096 5097 3415 5153 diﬂ'et'enlize
3450 5119 3464 5155 :

1895 5175 2040 5230 velut
2072 5179 2324 5233 animalis
2388 5190 2442 5234 et
2491 5182 2755 5238 scientia}.
2807 5185 2942 5240 Alia:
2991 5187 3134 5241 enim
3194 5191 3464 5257 animalis,

1895 5271 2013 5324 alia:
2039 5273 2281 5342 scientiae
2306 5286 2431 5329 sunt
2461 5275 2802 5331 differentiae.
2837 5280 3107 5336 Animalis
3159 5286 3305 5338 enim
3335 5301 3470 5338 con-

1895 5363 2184 5418 Stituentes
2231 5365 2553 5422 dill’erentiaa
2598 5380 2747 5434 sunt,
2809 5374 3135 5440 animatum,
3195 5380 3462 5440 sentiens,

1894 5457 2298 5524 progressivum
2328 5473 2342 5514 :
2372 5459 2696 5525 dividentes,
2721 5451 2956 5520 rationis
2973 5468 3267 5536 particeps,
3302 5469 3470 5521 ratio-

1892 5545 1978 5598 nis
2001 5561 2217 5615 expers,
2242 5549 2517 5618 gradiens,
2544 5551 2702 5624 153
2721 5556 2954 5623 volatile,
2982 5561 3241 5629 aquatile,
3271 5572 3321 5615 et
3340 5563 3466 5618 alia.

1895 5639 2150 5696 Scientite
2174 5652 2376 5709 autem,
2419 5649 2822 5705 constituentes
2850 5652 3068 5720 quidem
3098 5653 3469 5722 (differendae)

1893 5742 2042 5796 sunt,
2087 5735 2416 5791 animalibus
2457 5738 2668 5793 ratione
2717 5743 2956 5809 praeditis
3001 5744 3197 5811 inesse,
3237 5745 3473 5800 dimini-

1894 5835 1978 5881 ter
2036 5830 2261 5897 mutari,
2317 5846 2422 5885 non
2480 5834 2735 5890 excidere
2790 5837 3101 5907 subjectis:
3159 5839 3472 5901 dividentes
