3868 6362
421 339 526 400 807

1564 321 1569 327 ’
1623 335 2052 398 NICEPIIORI
2093 333 2519 396 omnium

3581 331 3691 392 808

421 463 573 517 vero,
616 447 1127 521 contemplativum,
1187 450 1426 503 activum
1469 468 1483 514 ;
1520 460 1576 507 et
1633 451 1832 506 iterum
1877 465 1998 520 geo-

2117 450 2358 503 τοιαῦτα.
2395 449 2501 500 Καὶ
2533 447 2641 516 γὰρ
2683 440 2750 518 ἧς
2779 445 3116 516 κατηγορίας
3159 445 3399 516 ὑπάρχει
3419 443 3489 517 λτὸ
3515 445 3694 510 γένος,

423 542 714 598 metricum
746 552 803 598 et
833 542 1291 609 astronomicum,
1324 551 1376 598 et
1411 544 1628 598 similia.
1657 543 1831 612 Cujus
1861 543 2006 597 enim

424 635 828 705 praedicamenti
860 618 1057 706 genus,
1089 636 1236 689 illius
1269 638 1430 689 etiam
1475 636 1687 706 species
1746 644 1828 690 est
1861 650 1876 690 :
1913 633 2006 688 sed

424 739 477 782 et
503 729 897 784 convenientes
923 727 1260 783 diﬂerentiae.
1294 727 1788 801 lieterogeneorum
1819 728 2007 797 igitur,

2118 542 2334 610 ὲκείνης
2367 541 2460 593 καί¹
2487 540 2547 594 τὸ
2575 535 2751 602 εῐδοςσ
2809 539 3136 606 κατάλληλοι
3183 539 3238 592 δὲ
3275 538 3372 592 καὶ
3430 537 3485 590 αἱ
3511 536 3699 605 διαφο-

2119 633 2232 703 ραί.
2258 630 2379 684 Τῶν
2405 631 2586 684 τοίνυν
2636 630 2966 700 ἑτερογενῶν
2999 631 3188 699 ἕτεραι
3231 629 3308 699 τῷ
3351 629 3480 682 εἴδει
3516 630 3609 681 καὶ
3637 626 3699 678 αί

2115 724 2374 793 διαφοραὶ
2407 725 2462 777 ai
2493 725 2818 778 συστατικαί
2851 741 2909 774 τε
2934 725 3028 777 καὶ
3058 724 3114 776 ai
3135 723 3483 790 διαιρετικαί.

426 827 530 881 hoc
559 835 664 889 est,
698 841 886 880 eorum
934 841 1055 895 quae
1089 826 1192 880 sub
1243 824 1478 881 diversis
1546 825 1838 896 generibus
1911 821 2206 885 exsistunt,
2262 823 2495 876 diversae
2560 804 2690 877 sunt
2724 822 2888 876 etiam
2927 819 3110 889 specie
3196 817 3517 873 diﬂ‘erentize
3567 831 3694 871 cum

421 922 823 976 constituentes
855 930 967 973 tum
997 920 1324 975 dividentes.

495 1014 550 1066 7.
591 1012 796 1067 Eorum
849 1021 1057 1072 autem,
1102 1027 1223 1080 quae
1269 1011 1683 1066 subalternatim
1727 1015 2006 1081 ponuntur

422 1105 731 1160 dividentes
783 1103 1004 1170 quidem
1046 1119 1155 1156 non
1209 1120 1428 1174 semper
1480 1112 1610 1158 sunt
1665 1105 1891 1158 eadem.
1947 1101 2006 1156 Si

421 1199 566 1253 enim
599 1211 802 1265 corpus
854 1195 1139 1250 dividatur
1195 1196 1249 1249 in
1288 1197 1585 1250 animatum
1625 1204 1679 1249 et
1733 1194 2003 1248 inanima-

426 1302 568 1352 tum,
606 1303 716 1342 non
743 1289 912 1342 etiam
964 1287 1264 1340 animatum
1300 1288 1494 1342 iterum
1526 1288 1577 1340 in
1617 1290 1914 1340 animatum
1951 1293 2005 1339 et

422 1383 787 1436 inanimatum
840 1381 1141 1444 dividetur,
1189 1382 1280 1434 sed
1327 1381 1378 1434 in
1415 1383 1660 1435 sentiens
1696 1390 1751 1434 et
1807 1392 2003 1432 sensus

420 1490 661 1546 eapers:
694 1475 910 1543 eritque
944 1473 1109 1528 etiam
1166 1487 1370 1542 corpus
1399 1472 1635 1526 divisum
1671 1473 1723 1525 in
1763 1473 2001 1526 sentiens

420 1578 474 1623 et
526 1582 721 1622 sensus
783 1581 1002 1634 expers.
1081 1563 1298 1620 Rursus
1334 1565 1562 1619 animati
1609 1572 1663 1619 et
1714 1562 2002 1618 sentientis

421 1675 742 1714 communes
799 1658 1125 1712 dilferentia:
1181 1659 1488 1712 dividentes
1544 1636 1909 1727 reperientur,
1949 1665 2003 1709 et

418 1754 644 1808 rationis
718 1754 989 1820 particeps
1070 1761 1124 1805 et
1201 1750 1432 1805 rationis
1509 1765 1727 1819 expers.
1827 1749 2006 1814 Atque

419 1847 501 1900 sic
549 1859 808 1913 generum
848 1842 1269 1897 subaltcrnatim
1323 1841 1629 1912 positorum
1683 1839 2005 1894 diﬂ‘erentize

419 1937 728 1991 dividentes
754 1935 891 1989 alias
918 1935 1138 2004 Quidem
1175 1932 1402 1995 eaedem,
1438 1934 1571 1986 alias
1598 1947 1726 1986 vero
1757 1947 1864 1985 non
1899 1946 2005 1985 eae-

2189 1008 2254 1074 C'.
2289 1010 2409 1064 Τῶν
2443 1009 2500 1063 δέ
2532 1025 2592 1076 γε
2627 1006 2911 1076 ὑπάλληλα
2959 1007 3332 1074 τεταγμένων,
3365 1006 3696 1074 διαιρετικαὶ

2118 1104 2218 1174 μὲν
2242 1105 2302 1156 οὑ
2351 1103 2580 1156 πάντοτε
2621 1100 2883 1154 αίαὺταί.
2933 1099 3042 1154 Τοῦ
3101 1101 3212 1169 γὰρ
3267 1103 3519 1167 σώματος
3555 1100 3701 1152 διαι-

2118 1196 2388 1269 ρουμένου
2421 1196 2502 1258 είς
2558 1193 2807 1264 ἔμψυχον
2857 1193 3018 1263 σῶμα
3053 1194 3148 1245 καὶ
3193 1192 3424 1261 ἄψυχον,
3466 1192 3528 1244 οὑ
3557 1191 3702 1245 διαι-

2115 1289 2406 1357 ρεθήσεται
2440 1288 2533 1339 καὶ
2564 1286 2622 1337 τὸ
2658 1285 2901 1353 ἔμψυχον
2959 1285 3037 1343 είς
3097 1281 3338 1352 ἔμψυχον
3387 1281 3549 1336 πάλιν
3596 1283 3698 1335 καὶ

2110 1381 2341 1451 ἄψυχον,
2384 1379 2501 1433 ἀλλ’
2531 1381 2612 1442 είς
2646 1375 2966 1446 αἰσθητικὸν
3010 1378 3105 1429 καὶ
3153 1375 3506 1444 ἀναίσθητον⁸
3534 1372 3698 1426 ἔσται

2110 1476 2167 1529 δὲ
2197 1477 2290 1529 καὶ
2320 1455 2379 1528 τὸ
2414 1474 2577 1542 σῶμα
2607 1471 2936 1544 διῃρημένον
2961 1470 3040 1531 είς
3073 1467 3392 1538 αἰσθητικὸν
3419 1466 3511 1519 καὶ
3540 1465 3701 1520 ἀναί-

2114 1572 2340 1630 σθητον.
2374 1567 2547 1620 Πάλιν
2570 1565 2660 1618 τοῦ
2698 1564 2946 1635 ἐμψύχου
2981 1565 3075 1616 κα)⁸
3105 1561 3198 1615 τοῦ
3239 1559 3556 1630 αἰσθητικοῦ
3589 1558 3698 1631 (εἰς

2108 1661 2332 1731 λογικὸν
2375 1661 2465 1714 καὶ
2498 1658 2717 1726 ἄλογον)
2761 1656 3156 1725 εὑρεθήσονται
3206 1653 3385 1706 κοιναὶ
3431 1653 3700 1721 διαφοραὶ

2109 1751 2469 1819 διαιρετικαὶ,
2504 1750 2564 1802 τδ
2604 1746 2827 1816 λογικόν
2867 1761 2928 1798 τε
2956 1745 3050 1798 καὶ
3100 1744 3316 1810 ἄλογον.
3353 1742 3462 1794 Καὶ
3513 1740 3698 1803 οὑτως

2108 1846 2326 1898 ἔσονται
2355 1843 2468 1896 τῶν
2512 1840 2799 1910 ὑπάλληλα
2847 1838 3023 1907 γενῶν
3054 1836 3310 1906 διαφοραὶ
3360 1834 3703 1902 διαιρετικαὶ

2108 1935 2239 1989 ποτὲ
2277 1933 2380 2006 μὲν
2409 1936 2465 1987 αἱ
2490 1933 2676 1996 αὑταὶ,
2713 1932 2842 1985 ποτὲ
2875 1931 2923 1986 δ’
2948 1931 3045 2000 οὐχ
3077 1931 3131 1983 αἱ
3160 1928 3342 1983 αὗταί.
3383 1928 3494 1988 Τὰς
3515 1925 3572 1979 δὲ
3593 1940 3698 1976 συ-

419 2027 539 2079 dem
593 2033 774 2078 erunt.
837 2024 913 2078 Ut
973 2037 1154 2077 autem
1226 2023 1624 2078 constituentes
1683 2023 1998 2078 diﬂerentiae

2117 2025 2370 2090 στατικὰς
2406 2020 2545 2078 εἶναι
2585 2026 2818 2078 πάντοτε
2851 2023 2951 2086 τὰς
2975 2022 3145 2084 αὑτὰς
3176 2019 3236 2074 τὸ
3265 2018 3474 2074 κωλύοι)
3505 2016 3691 2070 οὐδέν.

421 2118 582 2190 154.
608 2133 823 2188 semper
850 2113 961 2172 sint
986 2117 1217 2184 eaedem,
1239 2117 1374 2171 nihil
1412 2127 1496 2172 est
1525 2118 1669 2187 quod
1697 2117 2000 2186 prohibeat.

414 2212 554 2265 Cum
609 2212 756 2264 enim
814 2208 1230 2263 subalternatim
1270 2211 1444 2278 posita
1495 2209 1607 2264 sint
1666 2211 2002 2279 homogenea

417 2302 688 2372 (eiusdem
754 2301 1016 2370 generis),
1065 2309 1120 2353 et
1181 2301 1410 2354 univoca
1500 2299 1595 2354 ﬁat
1668 2301 2000 2370 praedicatio,

417 2403 687 2464 quotquot
720 2393 1002 2462 praedicati
1037 2402 1165 2447 sunt
1213 2391 1557 2461 diﬂ‘erentiae,
1596 2407 1786 2450 omnes
1835 2394 2000 2449 etiam

417 2488 644 2558 subjecti
684 2498 864 2542 erunt.

487 2579 543 2634 8.
582 2578 738 2632 Scire
790 2587 970 2632 autem
1009 2585 1225 2648 oportet
1255 2575 1398 2646 quod
1453 2577 1629 2632 sancti
1687 2576 1878 2634 Patres
1915 2592 2005 2632 ea-

415 2671 539 2726 dem
601 2673 793 2725 diruut
849 2672 1184 2739 homogenea
1245 2680 1300 2724 et
1355 2671 1663 2737 homoidea,
1716 2671 2002 2727 homousia

416 2763 848 2834 (coessentialia)
878 2764 1150 2829 videlicet,
1183 2763 1509 2834 hypostases
1567 2763 1826 2820 nimirum
1881 2779 2004 2837 quae

414 2857 518 2914 sub
549 2855 734 2912 eadem
764 2856 944 2926 specie
975 2866 1120 2910 sunt.

485 2947 544 3001 9.
601 2947 765 3015 Atqui
833 2949 1143 3016 hypostasis
1231 2951 1340 3017 du‘u
1396 2947 1685 3017 signiﬁcat.
1751 2929 2006 3003 Deciarat

413 3038 561 3090 enim
592 3048 646 3092 et
699 3039 1028 3108 simpliciter
1063 3041 1465 3108 exsistentiam,
1516 3049 1789 3111 quatenus
1835 3043 2000 3094 etiam

414 3131 583 3200 aliqui
609 3149 673 3186 ex
708 3132 964 3188 Patribus
994 3150 1190 3190 nomen
1229 3136 1538 3207 bypostasis
1583 3137 1648 3189 ad
1698 3135 2004 3206 signiﬁcan-

413 3226 539 3278 dam
569 3235 818 3279 naturam
889 3236 1324 3298 assumpserunt.
1357 3228 1585 3281 Denotat
1607 3228 1770 3281 etiam
1800 3227 2002 3282 indivi-

414 3320 608 3386 duum,
632 3319 775 3389 quod
801 3319 967 3373 etiam
1018 3319 1237 3390 proprie
1266 3320 1581 3391 bypnstasis
1620 3318 1845 3385 dicitur,
1877 3333 2002 3387 pro-

2117 2115 2431 2188 ⁹ομογενῶν
2453 2115 2564 2186 γὰρ
2603 2115 2773 2169 όντων
2813 2113 2924 2166 τῶν
2957 2111 3265 2182 ὑπάλληλα,
3298 2110 3393 2163 καὶ
3450 2106 3701 2161 συνωνύ-

2111 2227 2216 2282 μου
2249 2209 2554 2279 γενομένης
2592 2211 2691 2277 τῆς
2743 2205 3106 2276 κατηγορίας,
3154 2207 3280 2259 ὅσαι
3312 2203 3407 2256 τοῦ
3453 2215 3702 2271 κατηγο-

2111 2301 2373 2371 ρουμένου
2401 2298 2660 2370 διαφοραί
2713 2299 2843 2363 είσι,
2877 2298 3050 2351 πᾶσαι
3108 2295 3164 2350 δὲ
3198 2293 3291 2349 τοῦ
3326 2294 3702 2362 ὑποκειμένου

2107 2393 2342 2449 ἔσονται.

2181 2578 2253 2651 η’.
2282 2579 2403 2650 Χρὴ
2434 2579 2492 2634 δὲ
2523 2578 2819 2647 γινώσκειν
2875 2577 2950 2641 ὡς
3000 2575 3052 2630 οί
3085 2574 3223 2630 θεῖοι
3267 2573 3516 2645 Πατὲρες
3565 2575 3705 2642 ὀμο-

2108 2673 2243 2744 γενῆ
2281 2675 2376 2726 καὶ
2401 2672 2622 2743 ὁμοειδῆ
2644 2670 2717 2725 τὰ
2738 2671 2879 2724 αὑτὰ
2912 2669 3153 2739 λέγουσι,
3187 2669 3256 2722 τὰ
3301 2667 3565 2738 όμοοὺσια
3597 2667 3707 2735 δη-

2107 2767 2266 2836 λαδὴ,
2329 2767 2495 2836 ἧγουν
2567 2765 2667 2828 τὰς
2734 2763 2841 2817 ὑπὸ
2882 2764 2943 2817 τὸ
3005 2763 3139 2818 αὑτὸ
3217 2757 3360 2825 εἶδος
3439 2760 3702 2816 ὑποστά-

2112 2873 2252 2920 σεις.
3137 2913 3141 2917 .

2179 2951 2244 3004 θ’.
2289 2949 2353 3002 Ἦ
2383 2949 2425 3002 δ’
2458 2949 2758 3010 ὑπόστασις
2785 2947 2882 2999 δύο
2927 2945 3210 3016 σημαίνει.
3241 2945 3408 3014 Δηλοῖ
3450 2943 3559 3015 γὰρ
3594 2946 3702 2997 καὶ

2106 3044 2203 3115 τὴν
2232 3043 2418 3106 ἁπλῶς
2443 3041 2702 3113 ὓπαρξιν,
2732 3041 2870 3095 καθὸ
2896 3041 2988 3094 καί
3012 3058 3154 3101 τινες
3179 3041 3288 3095 τῶν
3309 3038 3592 3107 Πατὲρων,
3617 3037 3702 3100 ὡς

2105 3135 2402 3202 δηλωτικδν
2433 3132 2646 3202 φύσεως,
2679 3133 3052 3202 παρειλήφασι
3087 3133 3147 3185 τὸ
3173 3131 3276 3202 τῆς
3327 3129 3699 3208 ὑποστάσεως

2107 3228 2300 3296 ὄνομα.
2337 3227 2497 3287 Δηλοῖ
2522 3227 2616 3279 καὶ
2644 3226 2704 3279 τδ
2735 3227 2938 3296 ἄτομον
2965 3226 2992 3280 ὃ
3023 3228 3118 3278 καὶ
3155 3225 3363 3295 κυρίως
3393 3222 3705 3284 ὑπόστασις

2107 3322 2350 3392 λέγεται,
2399 3321 2486 3375 διὰ
2514 3323 2575 3374 τὸ
2604 3318 2729 3374 καθ’
2756 3319 2890 3374 αὑτὸ
2930 3318 3233 3388 ὑφεστάναι
3265 3316 3706 3387 πραγματικῶς.

417 3423 603 3482 pterea
632 3411 774 3482 quod
813 3427 910 3482 per
939 3427 998 3467 se
1031 3427 1222 3467 revera
1255 3413 1542 3468 subsistat.
1575 3412 1824 3467 Essentia
1855 3411 1998 3465 enim

2238 3415 2344 3485 γὰρ
2369 3416 2486 3474 τοῖς
2535 3413 2764 3482 ἀτόμοις
2808 3413 2841 3480 ή
2883 3412 3046 3467 οὐσία
3087 3411 3342 3482 ὲνεργείᾳ
3388 3409 3704 3480 ὑφέστηκε,

414 3505 659 3574 acceptis
713 3504 1092 3560 accidentibus
1143 3505 1198 3560 in
1253 3504 1552 3560 individuis
1590 3504 1769 3572 reipsa
1820 3504 2003 3557 subsi-

416 3598 531 3652 siit.

499 3689 586 3743 10.
630 3688 696 3743 Et
749 3705 876 3744 vero
932 3691 1332 3761 anhypostaton
1390 3689 1499 3744 duo
1539 3688 1832 3760 significat.
1866 3685 2000 3741 Nam

418 3791 474 3837 ct
507 3781 558 3834 id
594 3782 930 3853 (signiﬁcat),
963 3785 1106 3855 quod
1136 3785 1284 3840 nullo
1333 3785 1496 3838 modo
1545 3785 1756 3852 uspiam
1786 3792 1870 3837 est
1907 3800 1919 3836 :
1947 3791 2005 3836 et

414 3873 670 3926 accidens
709 3884 766 3927 ut
819 3877 960 3944 quod
1005 3876 1281 3945 propriam
1335 3876 1649 3948 hypostasin
1683 3879 1798 3933 sive
1852 3879 2002 3934 exsi-

411 3965 671 4020 stentiam
706 3980 811 4020 non
849 3967 1066 4032 habeat,
1103 3970 1198 4022 sed
1225 3971 1278 4023 in
1312 3970 1618 4024 substantia
1649 3972 1937 4027 subsistat.

483 4059 573 4113 11.
628 4057 1040 4130 Euhypostalon
1101 4071 1285 4117 autem
1339 4063 1614 4115 interdum
1668 4065 1890 4132 quidem
1948 4065 2000 4125 id

410 4150 558 4219 quod
605 4151 932 4220 simpliciter
967 4152 1184 4207 exsistit
1215 4153 1459 4208 declarat
1489 4169 1503 4220 ;
1541 4169 1650 4224 quo
1691 4155 2002 4224 significato

415 4256 524 4294 nun
559 4250 772 4295 tantum
806 4243 1144 4312 simpliciter
1178 4245 1513 4309 substantia,
1545 4247 1638 4300 sed
1668 4249 1832 4300 etiam
1861 4250 2002 4301 acci-

412 4335 550 4388 dens
580 4335 984 4405 enhypostaton
1016 4337 1238 4402 dicitur,
1280 4336 1437 4408 155
1485 4353 1608 4391 cum
1647 4339 1820 4408 magis
1855 4342 2007 4393 hete-

413 4429 811 4498 rohypostaton
851 4429 926 4494 (id
960 4437 1064 4493 est,
1103 4429 1155 4482 in
1189 4429 1295 4483 alio
1329 4431 1537 4484 habens
1565 4429 2001 4499 subsistentiant)

408 4522 524 4589 sit;
579 4521 855 4575 interdum
891 4533 1074 4575 autem
1130 4523 1293 4575 etiam
1347 4522 1688 4576 individuum
1738 4524 2000 4578 declarat.

407 4614 516 4669 Sed
544 4623 723 4668 tamen
760 4631 860 4670 nec
887 4619 1063 4683 ipsum
1093 4614 1312 4684 proprie
1340 4615 1745 4684 enhypostatun
1774 4624 1880 4680 est,
1905 4617 2000 4671 sed

2110 3505 2496 3579 προσλαϐοῦσα
2523 3507 2598 3559 τὰ
2630 3504 3043 3576 συμϐεϐηκότα.

2181 3693 2230 3738 ι’.
2275 3686 2381 3740 Καὶ
2402 3685 2462 3739 τὸ
2486 3686 2860 3741 ἀνυπόστατον
2883 3685 2940 3742 δὲ
2972 3685 3067 3741 δύο
3091 3687 3368 3757 σημαίνει.
3388 3685 3463 3739 Τό
3489 3701 3551 3740 τε
3577 3686 3703 3755 γὰρ

2108 3781 2334 3851 μηδαμῆ
2396 3780 2664 3852 μηδαμῶς
2711 3779 2793 3845 ὃν,
2833 3782 2930 3834 καὶ
2973 3782 3034 3834 τὸ
3086 3780 3457 3852 συμϐεϐηκὸς,
3485 3780 3560 3844 ὡς
3615 3783 3702 3852 μὴ

2106 3876 2228 3942 ἔχον
2288 3873 2423 3928 ἰδίαν
2486 3875 2810 3940 ὑπόστασιν,
2849 3875 3024 3929 εῐτουν
3061 3874 3318 3946 ὓπαρξιν,
3355 3875 3473 3929 ἀλλ’
3503 3877 3563 3928 ὲν
3621 3877 3696 3946 τῇ

2103 3969 2262 4039 οὐσίᾳ
2293 3968 2622 4037 ὑφεστηκός.

2177 4059 2267 4118 ια’.
2298 4060 2371 4114 Τὸ
2400 4062 2456 4114 δὲ
2485 4061 2849 4114 ἐνυπόστατον
2883 4063 3016 4116 ποτὲ
3045 4061 3146 4132 μὲν
3187 4062 3248 4116 τὸ
3279 4063 3469 4126 ἁπλῶς
3499 4063 3696 4136 ὑπαρ-

2104 4171 2197 4224 χον
2218 4153 2389 4223 δηλοῖ,
2428 4154 2562 4206 καθὸ
2597 4155 3000 4223 σημαινόμενον
3041 4157 3101 4208 οὑ
3155 4155 3317 4224 μόνον
3345 4157 3443 4225 τὴν
3493 4158 3699 4218 ἁπλῶς

2103 4249 2313 4314 οὐσίαν,
2350 4248 2485 4300 ἀλλὰ
2518 4248 2615 4301 καὶ
2646 4250 2705 4299 τὸ
2737 4248 3089 4319 συμϐεϐηκὸς
3141 4251 3506 4303 ὲνυπόστατον
3533 4251 3703 4316 λέγο-

2107 4357 2229 4410 μεν,
2259 4340 2733 4410 ἑτεροῦπόστατον
2779 4341 2982 4410 μᾶλλον
3020 4342 3266 4414 ὑπάρχον
3289 4359 3304 4374 ο
3349 4344 3479 4397 ποτὲ
3507 4344 3563 4397 δὲ
3598 4346 3708 4416 δη-

2103 4433 2186 4485 λοῑ
2227 4436 2318 4486 κοιλ⁸
2341 4434 2400 4485 τὸ
2429 4433 2657 4502 όιτομον.
2691 4434 2814 4487 Οὐδ’
2839 4434 2971 4488 αὑτὸ
3000 4435 3056 4488 δὲ
3090 4436 3296 4505 κυρίως
3323 4437 3707 4490 ὲνυπόστατὸν

2103 4525 2275 4589 ἐστιν,
2325 4525 2441 4577 ἀλλ’
2495 4529 2814 4588 ὑπόστασις.
2878 4527 3096 4597 κυρίως
3152 4528 3261 4596 γὰρ
3317 4528 3707 4582 ἑνυπόστατόν

2104 4618 2254 4669 ἐστιν
2302 4616 2334 4685 ἧ
2367 4617 2427 4670 τὸ
2457 4617 2580 4668 καθ’
2638 4620 2770 4671 αὑτὸ
2803 4617 2902 4689 μὲν
2931 4619 3005 4690 μὴ
3039 4621 3432 4688 ὑφιστάμενον,
3475 4620 3594 4672 ἀλλ’
3633 4624 3705 4674 ἐν

409 4708 740 4797 hypostasis.
773 4707 993 4778 Proprie
1015 4708 1159 4761 enim
1190 4707 1592 4777 enhypostaton
1611 4717 1714 4769 est.
1743 4707 1821 4760 vel
1852 4710 1994 4777 quod

2117 4716 2220 4775 ταῖς
2245 4712 2577 4766 ὑποστάσεσι
2607 4712 3002 4783 θεωρούμενον,
3025 4712 3213 4784 ὥσπερ
3239 4714 3298 4767 τὸ
3327 4709 3490 4781 εἶδος,
3517 4715 3704 4784 ἤγουν

404 4817 504 4872 per
537 4817 596 4856 se
632 4801 852 4870 quidem
902 4816 1012 4855 non
1048 4801 1326 4866 subsistit,
1361 4807 1456 4856 sed
1500 4803 1552 4854 in
1594 4803 1990 4871 hypostusdius

402 4895 816 4958 consideratur,
848 4903 906 4949 ut
942 4894 1179 4964 species,
1215 4911 1407 4964 nempe
1437 4903 1631 4948 natura
1657 4890 1992 4964 (communis

402 4990 638 5052 scilicet,
669 4990 870 5042 etenim
938 5002 1129 5042 natura
1186 4989 1465 5042 hominum
1515 5005 1624 5043 non
1686 4992 1989 5046 secundum

404 5082 667 5150 seipsant,
722 5077 818 5133 sed
859 5080 908 5132 in
948 5080 1378 5147 particularibus
1432 5080 1752 5133 hominibus
1804 5083 1993 5136 subsi-

403 5173 543 5245 stit),
576 5175 660 5229 vel
691 5173 839 5244 quod
875 5190 998 5227 cum
1033 5177 1204 5228 altero
1236 5174 1472 5243 quodam
1496 5175 1777 5230 difl‘ercnte
1799 5193 1993 5231 secun-

397 5270 532 5322 dum
565 5268 929 5322 substantiam
985 5267 1339 5336 congreditur
1371 5267 1438 5320 ad
1499 5283 1660 5320 unam
1712 5265 1990 5339 'composi-

2105 4808 2136 4874 ἡ
2169 4806 2330 4875 φύσις
2354 4823 2365 4834 ·
2405 4808 2494 4857 καὶ
2523 4808 2630 4877 γὰρ
2663 4807 2771 4858 τῶν
2821 4807 3126 4877 ἀνθρώπων
3156 4808 3188 4878 ἡ
3237 4808 3398 4874 φύσις
3448 4809 3506 4861 οὑ
3563 4810 3703 4861 καθ’

2103 4897 2323 4967 ἑαυτὴν,
2354 4897 2466 4949 ἀλλ’
2498 4899 2555 4949 ἐν
2586 4900 2696 4959 τοῖς
2725 4899 2868 4952 κατὰ
2901 4899 3066 4968 μέρος
3100 4897 3408 4968 ἀνθρώποις
3443 4899 3697 4971 ὑφέστη-

2103 5006 2231 5042 κενο
2267 4991 2298 5060 ἢ
2337 4991 2396 5042 τὸ
2445 4991 2844 5059 συνερχόμενον
2894 4992 3067 5060 ἑτέρῳ
3111 4992 3218 5044 τινὶ
3271 4991 3517 5062 διαφόρῳ
3546 4999 3700 5046 κατὶ

2101 5083 2200 5151 τὴν
2233 5084 2419 5135 οὐσίαν
2447 5085 2526 5145 είς
2569 5085 2697 5152 μιᾶς
2724 5085 3076 5146 ὑποστάσεως
3108 5085 3366 5138 συνθέτου
3398 5087 3697 5156 ἐκπλήρω-

2103 5193 2187 5228 σιν
2210 5191 2223 5206 ο
2252 5175 2327 5239 ὡς
2367 5179 2396 5243 ἡ
2426 5177 2572 5247 ψυχὴ
2615 5181 2708 5229 καὶ
2742 5177 2802 5228 τὸ
2835 5177 2996 5246 σῶμα
3044 5179 3370 5234 συνελθόντα
3431 5179 3695 5254 ἀλλήλοις

2102 5274 2191 5326 τόν
2213 5291 2334 5326 τινα
2362 5273 2650 5342 ἄνθρωπον
2681 5275 3039 5329 ἀπετέλεσαν.

399 5371 510 5415 t-am
546 5360 862 5432 hypostasin
913 5359 1315 5429 complendam.
1346 5360 1816 5425 Quemadmodum
1869 5368 2048 5422 anima
2098 5375 2151 5421 et
2209 5382 2412 5434 corpus
2481 5381 2669 5421 secum
2737 5367 2973 5423 invicem
3041 5383 3336 5439 congressa
3388 5368 3534 5424 hunc
3585 5369 3694 5423 ali-

394 5469 561 5523 quem
597 5454 876 5507 hominem
909 5453 1289 5509 absolverunt.

469 5548 559 5601 £2.
594 5544 722 5601 Haec
771 5547 992 5614 quidem
1046 5547 1215 5617 igitur
1259 5548 1617 5619 enhypostata
1647 5551 1753 5605 dici
1791 5552 1984 5621 quive-

397 5647 558 5708 rint;
591 5641 739 5710 quod
777 5649 960 5693 autem
991 5656 1055 5692 ex
1097 5640 1205 5695 illis
1234 5644 1603 5710 compositum
1652 5653 1756 5705 est.
1815 5645 1985 5714 hypo-

396 5733 588 5788 stasis.
620 5732 728 5787 Sed
762 5741 815 5787 et
841 5747 904 5786 ea
943 5741 1134 5786 natura
1165 5751 1284 5803 qua:
1315 5737 1384 5790 ab
1413 5736 1514 5790 alia
1565 5737 1842 5806 ltypustasi
1896 5755 1988 5794 as-

393 5834 610 5896 sumpta
645 5825 698 5881 in
736 5826 858 5896 ipsa
892 5827 1264 5883 exsistentiam
1291 5827 1472 5897 habet,
1496 5840 1548 5887 et
1572 5833 1704 5899 haec,
1735 5831 1982 5902 inquam,

2168 5549 2256 5621 ιβ’.
2290 5549 2368 5602 Τὰ
2402 5549 2499 5617 μὲν
2528 5543 2621 5602 οὖν
2652 5549 2996 5603 ὲνυπόστατα
3030 5551 3272 5620 λεχθεῖεν
3314 5551 3380 5604 ἄν
3404 5565 3418 5580 '
3442 5549 3503 5603 τὺ
3535 5550 3585 5603 δ’
3624 5551 3689 5617 ἐξ

2097 5644 2278 5697 αὐτῶν
2351 5641 2595 5711 ἀλλήλων
2650 5643 3068 5712 συντεθειμένοι)
3133 5645 3454 5707 ὑπόστασις.
3515 5645 3685 5699 Ἀλλὰ

2098 5739 2190 5790 καὶ
2222 5737 2312 5805 ὑφ’
2367 5737 2559 5804 ἑτέρας
2616 5737 2971 5800 ὑποστάσεως
3023 5738 3441 5809 προσληφθεῖσα
3489 5741 3680 5810 φύσις,

2100 5832 2193 5884 καὶ
2227 5835 2280 5885 ἐν
2307 5832 2442 5903 αὐτῇ
2483 5835 2754 5904 ἐσχηκυῖα
2785 5835 2882 5906 τὴν
2930 5833 3168 5907 ὓπαρξιν
3197 5836 3287 5889 καὶ
3325 5833 3466 5907 αῦτη
3498 5835 3686 5901 καλῶς
