3872 6466
345 392 449 458 811

1530 387 1955 451 NICEPHORI
2002 389 2427 451 ΒιεΜΜιυΑς

3514 386 3619 452 812

419 516 474 567 2.
498 509 629 567 Uno
656 509 878 579 quidem
907 509 1072 565 modo
1102 523 1131 563 a
1181 517 1448 581 tempore,
1492 520 1602 578 quo
1633 503 1779 561 aliud
1814 505 1923 561 alio

2100 505 2166 575 β’.
2201 504 2334 559 Καθ’
2368 504 2467 559 ἕνα
2494 504 2592 572 μὲν
2637 502 2842 573 τρόπον
3014 500 3108 556 τοῦ
3152 500 3374 573 χρόνον,
3411 500 3616 554 καθ’όι

350 604 632 675 antiquius
665 614 719 660 et
767 604 1039 659 vetustius
1090 603 1350 659 dicimus:
1390 602 1705 668 Usurpatur
1741 609 1922 653 autem

348 698 627 768 antiquius
645 696 864 768 quidem
888 695 1182 766 propriejin
1210 695 1495 757 animalis,
1512 693 1674 764 158
1693 692 1927 746 maxime

348 791 404 845 iu
439 789 752 845 hominibus
780 806 796 844 :
826 789 881 843 in
916 788 1232 843 inanimatis
1262 795 1445 842 autem
1478 787 1580 859 (et)
1616 784 1777 841 simul
1809 799 1927 839 om-
1954 784 1960 789 ’

347 885 515 940 nibus
565 882 860 938 vetustius.
912 881 1262 937 Manifestum
1315 892 1496 935 autem
1540 889 1627 935 est
1671 888 1928 949 oportere

349 995 471 1035 cum
505 979 613 1031 alio
642 976 1016 1032 conferentem
1066 974 1247 1029 facere
1298 970 1764 1041 comparationem
1794 1013 1809 1038 ,
1854 983 1923 1025 ne

276 1080 289 1107 '
347 1074 473 1143 quis
503 1073 683 1140 scipso
715 1070 1015 1125 secuudmu
1046 1068 1342 1139 iuvenilem
1372 1073 1610 1126 a'lalem,
1644 1079 1766 1134 quae
1797 1068 1955 1117 tem-'

340 1180 480 1235 pore
498 1163 650 1236 prior
670 1171 778 1230 est,
800 1163 1077 1232 antiquior
1101 1162 1216 1234 (seu
1236 1158 1441 1229 senior)
1466 1155 1929 1227 deprehendatur.

422 1346 477 1401 3.
509 1344 631 1400 Alio
677 1343 839 1399 modo
873 1342 1024 1414 prius
1066 1321 1291 1407 dicitur,
1323 1340 1469 1410 quod
1505 1335 1808 1394 secundum
1835 1350 1932 1390 ua-

350 1452 526 1496 turam
582 1454 684 1494 esu.
742 1438 831 1493 Est
884 1447 1064 1491 autent
1121 1446 1318 1491 natura
1364 1436 1518 1503 prius
1563 1430 1709 1502 quod
1763 1427 1929 1484 simul

350 1536 495 1587 tollit
520 1543 574 1588 et
601 1531 764 1586 simul
794 1547 901 1585 non
930 1530 1142 1584 tollitur
1166 1545 1183 1598 ;
1210 1531 1465 1599 quodque
1487 1527 1640 1593 juxta
1672 1526 1927 1586 infertur,

344 1641 452 1679 nec
497 1624 651 1691 juxta
709 1624 893 1676 infert.
933 1620 1091 1675 Velut
1132 1636 1299 1673 unum
1350 1619 1503 1689 prius
1547 1624 1633 1671 est
1688 1615 1925 1670 duobus.

349 1716 575 1771 Etenim
600 1714 875 1769 sublatum
909 1728 1097 1767 secum
1129 1711 1269 1766 tollit
1315 1710 1445 1765 duo.
1489 1707 1546 1762 Si
1578 1706 1721 1761 enim
1756 1718 1925 1758 unum

2035 597 2410 669 πρεσϐύτερον
2444 596 2538 652 καὶ
2569 596 2930 666 παλαιότερον
2960 594 3150 664 ἓτερον
3195 594 3385 665 ἑτέρου
3413 594 3615 662 φαμέν.

2034 690 2303 744 Τάττεται
2335 689 2392 743 δὲ
2427 688 2490 743 τὸ
2527 689 2627 759 μὲν
2676 688 3058 758 πρεσϐύτερον
3102 690 3316 755 κυρίως
3383 686 3477 738 ἐπὶ
3507 685 3619 738 τῶν

2032 782 2297 854 ἐμψύχων
2328 783 2421 835 καὶ
2455 783 2693 853 μάλιστα
2748 783 2834 833 ἐπ’
2873 780 3203 849 ἀνθριῖιπων,
3264 780 3357 835 ἐπὶ
3405 777 3468 834 δὲ
3511 778 3622 832 τῶν

2035 876 2262 947 ἀψύχων
2294 877 2432 947 (καὶ)
2467 875 2605 945 όμοῦ
2635 877 2858 929 πάντων
2881 875 2941 926 τὸ
2966 873 3346 940 παλαιότερον.
3379 872 3552 943 Δῆἳον
3573 871 3620 925 δ’

2034 969 2116 1022 ὃτι
2142 969 2278 1036 πρὸς
2319 970 2507 1036 ἕτερον
2552 968 2658 1037 χρὴ
2713 967 3134 1036 παραῦάλ).οντα
3184 968 3415 1019 πάντοτε
3450 968 3622 1017 ποιεί-

2038 1061 2164 1113 σθαιι
2192 1061 2291 1128 τὴν
2338 1061 2654 1130 σύγκρισιν,
2689 1061 2775 1113 ἵνα
2825 1062 2898 1129 μή
2948 1077 3032 1123 τις
3078 1057 3274 1114 ἑαυτοῦ
3331 1060 3472 1113 κατὰ
3520 1059 3621 1125 τὴν

2035 1154 2162 1206 νέαν
2202 1154 2448 1221 ἡλικίαν,
2503 1153 2579 1216 ὡς
2636 1152 2713 1222 τῷ
2770 1155 2950 1225 χρόνῳ
3002 1153 3300 1226 προτέραν,
3366 1150 3621 1222 εὑρεθείη

2036 1248 2435 1323 πρεσθὺτερος.

2106 1347 2178 1411 Υ.
2215 1342 2351 1396 Καθ’
2377 1342 2569 1411 ἕτερον
2593 1342 2801 1412 τρόπον
2819 1341 3039 1411 λέγεται
3072 1342 3360 1411 πρότερον,
3393 1339 3456 1391 τὸ
3482 1339 3623 1392 κατὰ

2035 1433 2220 1503 φύσιν.
2252 1434 2418 1487 Φύσει
2444 1433 2501 1486 δὲ
2536 1435 2804 1504 πρότερόν
2851 1436 2968 1487 ἔστι
3018 1433 3081 1484 τὸ
3134 1431 3495 1501 συναναιροῦν
3528 1432 3626 1486 καὶ

2037 1531 2110 1597 μη
2146 1528 2664 1594 συναναιριύμενον,
2700 1526 2795 1578 καὶ
2849 1526 3338 1597 συνεισφερόμενον
3400 1526 3494 1578 καὶ
3547 1526 3625 1596 μὴ

2036 1623 2414 1691 συνεισψέρον.
2452 1616 2579 1675 Οἷον
2606 1623 2667 1675 τὸ
2715 1621 2775 1674 ἓν
2805 1622 3073 1690 πρότερον
3126 1620 3288 1689 φύσει
3345 1620 3455 1671 τῶν
3504 1619 3620 1673 δύο.

2042 1714 2151 1767 Kal.
2182 1714 2292 1785 γὰρ
2323 1716 2743 1785 ἀναιρούμενον,
2776 1717 3095 1783 συναναιρεῖ
3121 1715 3188 1766 τὰ
3209 1713 3323 1767 δύο.
3356 1714 3447 1783 Μὴ
3472 1712 3624 1776 ὖντος

349 1827 459 1867 non
492 1812 583 1875 sit,
620 1808 897 1876 quomodo
919 1806 1029 1860 duo
1050 1804 1257 1860 erunt?‘
1276 1802 1333 1858 Si
1365 1811 1551 1857 autem
1580 1800 1689 1853 duo
1713 1798 1926 1852 sublata

2052 1811 2145 1880 τὰρ
2168 1811 2310 1875 ἑνὸς,
2349 1810 2465 1873 πῶς
2501 1809 2720 1864 ἔσονται
2750 1810 2881 1878 δύος
2923 1811 3032 1862 τῶν
3069 1808 3167 1862 δύο
3203 1809 3250 1862 δ’
3302 1808 3627 1881 ἀναιρεθέν-

349 1903 580 1965 fuerint,
618 1916 724 1954 non
750 1899 905 1968 juxta
946 1914 1115 1951 unum
1145 1896 1377 1950 tollitttr.
1411 1891 1593 1949 Unum
1624 1892 1771 1945 enim
1806 1901 1890 1944 est
1913 1928 1930 1953 ,

348 1986 397 2050 si
429 1996 540 2049 duo
578 2010 685 2048 non
719 1996 851 2047 sint.
894 1992 1107 2047 Rursus
1137 2004 1260 2044 cum
1294 1988 1514 2042 duobus
1561 2000 1728 2039 unum
1767 1982 1935 2039 simul

349 2089 612 2144 infertur.
648 2084 751 2142 Ubi
786 2087 929 2140 enim
968 2082 1104 2148 duo,
1137 2082 1211 2136 ibi
1244 2081 1410 2134 etiam
1442 2093 1612 2133 unum
1659 2087 1761 2132 est.
1805 2075 1934 2129 Ete-

349 2181 463 2237 ιιὶηι
499 2185 609 2234 ιιιιο
642 2187 774 2234 sunt
822 2193 991 2232 unutn
1025 2184 1082 2230 et
1126 2189 1320 2229 unum.
1367 2172 1485 2227 NOII
1531 2179 1714 2226 autem
1761 2183 1931 2224 unum

348 2276 514 2331 simul
562 2274 729 2329 infert
773 2272 904 2329 duo.
944 2270 1122 2326 Unum
1158 2270 1305 2324 enim
1353 2267 1400 2323 si
1440 2267 1532 2330 sit,
1565 2281 1676 2320 non
1716 2273 1801 2318 est
1838 2279 1937 2319 ne-

349 2384 506 2424 cesse
543 2368 705 2423 etiam
748 2369 856 2420 duo
884 2381 1027 2420 esse.
1062 2366 1180 2419 Hoc
1213 2363 1378 2417 modo
1417 2375 1618 2432 genera
1663 2359 1780 2414 suis
1809 2373 1934 2429 spe-

344 2462 547 2517 ciebus
582 2461 766 2531 priora
802 2469 929 2516 sunt
983 2468 1038 2512 et
1083 2457 1297 2528 species
1337 2454 1639 2510 individuis
1684 2454 1837 2522 suis;
1879 2460 1936 2506 et

348 2556 684 2626 simpliciter
712 2551 1113 2608 uuirersaliora
1161 2549 1680 2621 particularioribus
1722 2561 1844 2619 quae
1879 2544 1934 2601 in

350 2654 544 2710 eodem
579 2652 1007 2720 prsedictuuento
1042 2659 1193 2705 sunt.
1403 2696 1406 2699 Α
1882 2641 1891 2650 ’

425 2745 481 2801 6.
512 2743 736 2800 Tertius
770 2745 963 2799 modus
996 2751 1080 2797 est
1111 2743 1178 2807 is,
1207 2740 1301 2812 qui
1330 2749 1413 2797 est
1449 2741 1753 2798 secundum
1788 2740 1938 2796 ordi-

348 2856 502 2905 nem,
544 2850 603 2895 ut
635 2837 925 2894 exordium
969 2837 1289 2892 narratione
1340 2835 1496 2907 prius
1533 2843 1639 2901 est,
1679 2843 1732 2889 et
1776 2835 1937 2890 miles

346 2932 494 2988 dure
530 2933 829 2986 exercitus.

421 3026 476 3080 5.
521 3026 763 3091 Quartus
798 3031 883 3077 est
914 3022 1007 3092 qui
1067 3020 1227 3092 159
1270 3019 1575 3076 secundum
1611 3019 1933 3091 dignitatem

351 3131 453 3187 est,
480 3129 538 3173 ut
566 3121 821 3190 priuCeps
841 3120 993 3187 prior
1017 3127 1101 3172 est
1126 3117 1377 3181 subdito,
1402 3116 1668 3185 dignitate
1688 3116 1933 3170 videlicet

2037 1923 2169 1970 των,
2201 1905 2263 1957 οὐ
2293 1907 2706 1972 συναναιρεῖται
2731 1906 2792 1959 τὺ
2817 1905 2899 1961 ἓν.
2961 1905 3119 1958 Ἐστι
3154 1904 3265 1974 γὰρ
3295 1903 3375 1966 ἓν,
3403 1904 3497 1958 δύο
3542 1902 3619 1975 μὴ

2036 1997 2229 2053 όντων.
2276 1998 2444 2052 Πάλιν
2490 2000 2607 2063 τοῖς
2669 1998 2770 2067 μὲν
2824 1998 2920 2053 δύο
2976 1997 3397 2067 συνεισφέρεται
3435 1996 3497 2049 τὸ
3525 1995 3621 2050 ιν·

2036 2089 2163 2143 ἔνθα
2190 2090 2297 2159 γὰρ
2327 2090 2441 2155 δύο,
2470 2092 2590 2143 ἐκεῖ
2628 2092 2723 2143 καὶ
2752 2091 2814 2143 τὸ
2847 2090 2908 2143 ἐν
2930 2106 2943 2120 ·
2978 2088 3039 2143 ἓν
3072 2089 3179 2158 γὰρ
3206 2092 3298 2143 καὶ
3321 2088 3381 2142 ἐν
3418 2088 3487 2140 τὰ
3505 2088 3623 2142 δύοο

2036 2184 2099 2237 οὐ
2134 2184 2485 2252 συνεισφέρει
2536 2184 2592 2237 δὲ
2621 2184 2685 2237 τὸ
2735 2183 2796 2236 ἓν
2826 2185 2895 2237 τὰ
2927 2184 3062 2237 δύο⁶
3114 2186 3230 2248 ἑνὸς
3285 2183 3395 2253 γὰρ
3444 2182 3623 2247 ὅντοςν

2037 2277 2139 2329 οὐκ
2170 2278 2476 2344 ἀναγκαῖον
2513 2271 2655 2330 εἰναι
2687 2279 2777 2329 καὶ
2819 2278 2934 2333 δύο.
2983 2279 3139 2332 Κατὰ
3170 2278 3362 2332 τοῦτον
3386 2278 3479 2331 τὸν
3500 2276 3628 2347 τρό-

2039 2385 2142 2420 πον
2180 2369 2249 2421 ea
2280 2369 2415 2439 γένη
2480 2371 2726 2440 πρότερα
2762 2370 2873 2422 τῶν
2924 2370 3145 2424 οἰκείων
3169 2371 3346 2434 εἰδῶν,
3411 2370 3505 2426 καὶ
3556 2370 3628 2423 τὰ

2037 2458 2153 2528 εῐδη
2176 2459 2285 2512 τῶν
2322 2461 2566 2531 ἀτόμων,
2634 2462 2734 2515 καὶ
2766 2462 2951 2526 ἁπλῶς
2983 2464 3052 2516 τὰ
3082 2460 3629 2534 καθολικώτεραστῶν

2040 2552 2147 2607 ὑπὸ
2174 2553 2273 2625 τὴν
2301 2553 2470 2627 αὐτὴν
2500 2554 2837 2625 κατηγορίαν
2863 2558 3274 2629 μερικωτέρων.

2113 2738 2180 2795 6'.
2211 2738 2410 2811 Τρίτος
2438 2739 2638 2810 τρόπος
2663 2741 2691 2793 ό
2713 2739 2858 2795 κατὰ
2907 2740 3081 2808 τάξιν,
3120 2739 3195 2803 ὡς
3221 2739 3283 2792 τὸ
3340 2737 3631 2811 προοίμιον

2041 2832 2312 2905 πρότερον
2375 2833 2477 2903 τῆς
2520 2833 2850 2905 διηγήσεως,
2901 2839 2995 2890 καὶ
3044 2836 3074 2889 6
3133 2833 3478 2906 στρατιώτης
3529 2833 3630 2889 τοῦ

2041 2927 2377 3000 στρατηγοῦ.

2110 3030 2174 3078 ε’.
2206 3023 2480 3094 Τέταρτος
2510 3025 2539 3078 6
2568 3022 2692 3078 κατ’
2724 3024 2882 3089 ἁξὶαν
2902 3040 2918 3057 ο
2970 3025 3045 3087 ὡς
3073 3025 3100 3078 6
3130 3024 3318 3095 ἄρχων
3362 3025 3632 3097 πρότερος

2040 3115 2136 3169 τοῦ
2161 3116 2499 3187 ἀρχομένου,
2519 3119 2585 3188 τῇ
2621 3117 2750 3187 ἀξία
2795 3117 3042 3187 δηλονότι
3079 3118 3172 3171 καὶ
3198 3122 3261 3189 τῇ
3289 3122 3447 3189 τιμῇ.
3496 3119 3633 3172 Τοῦτ

353 3218 410 3269 e’t
443 3216 669 3269 honore.
712 3209 869 3265 llunc
916 3210 1139 3265 modum
1184 3209 1516 3264 Aristoteles
1560 3223 1670 3262 non
1716 3207 1929 3277 recipit.

2052 3228 2134 3262 τον
2295 3183 2499 3280 τρόπον
2531 3183 2584 3265 6"
2617 3183 3003 3283 Ἀριστοτέλης
3048 3214 3111 3265 οὐ
3143 3183 3631 3283 δέχεται.“Τίθησι

352 3307 461 3362 Pro
512 3322 578 3361 eo
623 3314 804 3360 autem
840 3304 999 3375 ponit
1035 3304 1188 3358 illmn
1231 3304 1327 3371 qui
1376 3302 1678 3358 secundum
1712 3316 1935 3355 causam

352 3412 463 3467 est,
494 3406 664 3466 velut,
702 3398 880 3455 Homo
916 3410 1032 3467 est;
1076 3407 1130 3453 el
1167 3399 1399 3453 dicimus
1430 3397 1593 3452 etiam
1622 3411 1723 3451 nos
1750 3378 1936 3449 veram

353 3511 480 3551 esse
514 3494 844 3558 orationem,
873 3492 1020 3561 quod
1053 3492 1125 3547 sit
1160 3492 1345 3546 homo.
1387 3488 1570 3556 Quare
1598 3504 1727 3543 esse
1758 3488 1936 3543 homi-

348 3602 478 3641 nem
517 3600 684 3640 causa
709 3597 792 3638 est
825 3598 970 3636 verae
998 3581 1162 3652 hujus
1193 3580 1467 3635 orationis
1507 3594 1629 3645 qua!
1663 3587 1749 3633 est
1786 3577 1934 3648 quod

350 3681 519 3734 homo
550 3680 641 3735 sit.
681 3675 873 3744 Quoad
907 3677 1009 3730 ltoc
1040 3674 1409 3745 significatum
1441 3672 1659 3726 Putrem
1693 3671 1784 3739 qui
1816 3671 1938 3725 sine

350 3773 618 3845 principio
637 3783 739 3834 est,
756 3773 987 3838 primum
1010 3780 1063 3824 et
1082 3769 1342 3838 majorem
1363 3764 1655 3833 Unigeuito
1675 3763 1936 3831 dicimus,

350 3869 497 3940 (ιυιηὶ
536 3865 866 3921 ιοιςὶδιθιιιὲιιξ
894 3863 1041 3917 illius
1070 3876 1235 3916 causa
1264 3860 1335 3915 sit
1362 3858 1748 3915 essentialiter.

420 3962 475 4017 6.
506 3960 791 4029 Adjieiuut
818 3957 987 4027 nliqui
1019 3956 1194 4010 modis
1218 3956 1420 4025 prioris
1443 3970 1575 4011 eum
1609 3958 1701 4025 qui
1735 3970 1937 4012 secun-

349 4053 476 4109 dum
507 4060 784 4106 nntium-ut
810 4051 1010 4105 mentis
1034 4062 1117 4104 est
1146 4066 1161 4103 :
1186 4051 1336 4105 velut
1356 4052 1677 4106 azilificuturi
1712 4065 1930 4105 murum

349 4147 769 4201 tundameutmn
812 4143 1073 4211 jac-imus,
1100 4141 1463 4212 dicimusque,
1496 4143 1621 4212 quia
1658 4142 1810 4210 prius
1840 4156 1936 4195 co-

350 4244 589 4313 gitantes
623 4252 839 4291 murum
873 4243 1101 4305 propter
1132 4251 1352 4289 murum
1390 4235 1806 4290 fundamentum
1850 4232 1938 4299 ja-

350 4335 553 4395 cimus,
579 4347 793 4384 murum
819 4330 1176 4382 fundamento
1199 4328 1434 4398 priorem
1465 4343 1610 4383 esse.
1632 4327 1938 4382 “educitur

318 4422 531 4479 "autem
567 4420 763 4476 modus
795 4422 881 4474 bic
907 4418 974 4473 ad
1006 4434 1130 4474 eum
1157 4435 1250 4489 qm
1284 4420 1585 4475 secundum
1613 4420 1933 4490 dignitatem

2037 3300 2085 3356 δ’
2106 3300 2410 3366 ἀντἰαὑτοῦ
2439 3300 2532 3353 τὸν
2564 3301 2702 3355 κατὰ
2726 3302 2784 3353 τὸ
2815 3304 3011 3355 αἰτιον·
3044 3298 3177 3365 οἷον,
3205 3301 3395 3356 Ἔστιν
3421 3303 3636 3371 ἂνθρωο

2045 3413 2166 3461 πος,
2210 3400 2305 3450 καὶ
2333 3396 2568 3467 λέγομεν
2593 3400 2686 3452 καὶ
2722 3398 2884 3468 ἡμεῖς
2922 3397 3103 3468 ἀληθῆ
3144 3398 3328 3465 λόγον,
3368 3398 3450 3450 ὅτι
3482 3396 3634 3450 ἐστιν

2044 3488 2358 3561 ἄνθρωπος.
2388 3489 2461 3542 Τὸ
2496 3483 2645 3570 εἶναι
2695 3492 2829 3559 γοῦν
2859 3490 3149 3561 ἄνθρωπον
3189 3492 3368 3545 αἴτιον
3415 3490 3636 3558 γίνεται

2043 3585 2139 3639 τοῦ
2173 3585 2333 3654 λόγου
2383 3584 2578 3639 τούτου
2624 3583 2721 3640 τοῦ
2775 3584 3035 3654 ἀληθοῦς,
3068 3583 3183 3651 τοῦ,
3224 3586 3306 3637 ὅτι
3354 3583 3502 3636 ἔστιν
3532 3582 3633 3636 ἄν-

2045 3678 2288 3747 θρωπος.
2325 3679 2484 3734 Κατὰ
2516 3681 2676 3733 τοῦτο
2697 3679 2757 3733 τὸ
2809 3678 3213 3750 σημαινόμενον
3260 3678 3494 3749 λέγομεν
3536 3677 3634 3731 τὸν

2046 3771 2285 3843 ἄναρχον
2311 3773 2533 3844 Πατέρα
2575 3774 2792 3837 πρῶτον
2826 3774 2922 3826 καὶ
2972 3772 3203 3843 μεὲζονα
3230 3772 3323 3825 τοῦ
3381 3774 3634 3841 Mavors-

2046 3863 2193 3928 νοῦς,
2215 3864 2290 3928 ὡς
2328 3866 2505 3920 αἴτιον
2539 3864 2637 3934 τῆς
2661 3866 2829 3921 αὐτοῦ
2861 3866 3150 3937 ὑπάρξεως
3183 3865 3482 3929 οὐσιωδὼς.

2117 3964 2194 4022 ς’.
2235 3958 2601 4027 Προστιθέασί
2637 3975 2784 4021 τινες
2815 3960 2928 4021 τοίς
2956 3960 3184 4028 τρόποις
3216 3959 3310 4011 τοῦ
3351 3959 3631 4029 προτέρου

2042 4050 2136 4102 τὸν
2167 4050 2289 4103 κατ’
2333 4052 2581 4104 ἐπίνοιαν
2604 4066 2615 4079 ·
2648 4051 2723 4114 ὡς
2768 4053 2899 4106 ὅταν
2941 4051 3260 4120 βουλόμενοι
3310 4068 3487 4120 τοῖχον
3512 4053 3634 4104 δεῖ·

2047 4144 2255 4212 μασθαι
2316 4142 2569 4213 θεμέλιον
2642 4142 3113 4213 καταϐάλλωμεν⁹
3197 4145 3290 4197 καὶ
3366 4144 3628 4213 λέγομεν,

2056 4238 2213 4290 Ἐπεὶ
2240 4239 2509 4307 πρότερον
2530 4238 2623 4289 τὸν
2649 4241 2833 4306 τοῖχον
2869 4238 3258 4305 ἐπινοήσαντες
3293 4237 3381 4291 διὰ
3405 4240 3498 4292 τὸν
3528 4241 3635 4291 τοῖ-

2046 4348 2139 4401 χον
2170 4330 2433 4399 τιθέμεθα
2458 4330 2550 4383 τὸν
2585 4330 2858 4400 θεμέλιον,
2880 4332 2908 4383 6
2955 4331 3136 4401 τοῖχος
3184 4334 3302 4383 ἐστι
3359 4335 3631 4404 πρότερος

2044 4423 2141 4477 τοῦ
2174 4422 2451 4493 θεμελίου.
2478 4424 2786 4492 Συνὰγεται
2818 4423 2865 4476 δ’
2911 4417 3066 4486 οὗτος
3109 4426 3136 4477 6
3168 4425 3371 4495 τρόπος
3400 4429 3476 4493 cf:
3504 4429 3634 4481 κατ’

350 4526 458 4582 est,
491 4531 601 4584 quo
646 4514 699 4568 id
748 4512 893 4582 quod
941 4513 1136 4567 melius
1168 4522 1223 4569 et
1271 4512 1598 4569 honoratius
1638 4522 1744 4576 est,
1779 4514 1933 4583 prius

2052 4513 2199 4579 ἂξίαν
2227 4529 2243 4545 ⁸
2281 4512 2406 4567 καθ’
2436 4513 2496 4566 ὃν
2531 4515 2593 4566 τὸ
2638 4514 2851 4585 βέλτιον
2894 4517 2989 4568 καὶ
3039 4517 3364 4587 τιμιώτερον
3405 4519 3631 4587 λέγεται

350 4610 575 4665 dicitur.
608 4607 671 4661 Et
716 4606 1180 4677 quemadmodum
1220 4606 1373 4675 prior
1421 4608 1705 4676 dignitate,
1745 4608 1938 4663 ordine

353 4701 629 4773 posterior
658 4699 1093 4770 deprehenditur
1119 4699 1357 4772 (etenim
1390 4699 1640 4769 principe
1669 4699 1821 4765 prius
1853 4709 1939 4755 est

356 4794 634 4860 subditus,
658 4806 713 4847 et
747 4794 1021 4861 posterius
1044 4792 1300 4861 princeps
1342 4793 1743 4857 constituitur),
1771 4792 1940 4847 simili

358 4887 526 4942 modo
559 4885 723 4941 etiam
754 4883 809 4940 id
837 4884 982 4954 quod
1019 4884 1245 4939 notione
1275 4884 1477 4939 mentis
1510 4886 1665 4955 prius
1700 4894 1807 4949 est,
1839 4900 1941 4956 po-

354 4984 557 5038 sterius
591 4979 897 5035 absolvitur
927 4986 982 5031 et
1011 4976 1313 5046 perficitur.

432 5075 483 5129 7.
522 5077 665 5140 Quot
696 5082 877 5126 autem
915 5070 1092 5125 modis
1121 5072 1295 5139 prius,
1322 5075 1403 5124 tot
1429 5071 1594 5124 etiam
1628 5070 1788 5143 160
1822 5086 1938 5127 mo-

356 5170 440 5225 dis
474 5169 752 5239 posterius
789 5164 1059 5235 tdicitur),
1092 5166 1138 5219 si
1174 5164 1424 5237 apposite
1454 5174 1509 5221 et
1544 5168 1940 5222 convenienter

357 5260 535 5315 modis
566 5258 764 5329 prioris
792 5259 883 5312 fiat
908 5257 1203 5326 oppositis.

428 5351 483 5407 8.
526 5351 784 5406 Dividunt
834 5361 1015 5405 autem
1036 5351 1200 5418 prius
1234 5359 1289 5406 et
1321 5351 1597 5422 posterius
1627 5350 1933 5407 secundum

359 5447 530 5515 magis
563 5454 617 5501 et
650 5444 851 5507 minus.
881 5453 942 5499 ut
969 5442 1033 5499 ea
1069 5460 1192 5515 quae
1218 5446 1288 5501 ab
1321 5460 1453 5500 uno.

428 5540 484 5596 9.
520 5538 695 5594 Simul
727 5552 891 5609 porro
924 5552 1034 5593 uno
1059 5538 1282 5609 quidem
1327 5540 1489 5594 modo
1524 5547 1674 5606 sunt,
1701 5550 1939 5607 quorum

357 5634 645 5705 generatio
673 5642 755 5687 est
788 5633 843 5686 in
872 5633 1064 5688 eodem
1101 5642 1386 5704 tempore,
1424 5643 1482 5688 ut
1523 5648 1647 5687 cum
1677 5647 1792 5687 uno
1827 5647 1944 5686 mo-

357 5735 541 5780 mento
589 5726 727 5781 duos
774 5725 928 5781 nasci
979 5714 1293 5796 contigerit.
1350 5723 1450 5779 Hic
1508 5725 1710 5780 modus
1752 5723 1937 5796 primo

357 5819 519 5873 modo
551 5819 750 5891 prioris
774 5822 867 5891 qui
904 5828 990 5877 est
1021 5836 1050 5875 a
1083 5831 1329 5891 tempore
1363 5820 1682 5890 opponitur.

2046 4609 2335 4678 πρότερον.
2374 4609 2479 4661 Καὶ
2509 4607 2699 4679 ὥσπερ
2732 4610 2761 4662 6
2802 4611 2926 4663 κατ’
2958 4611 3113 4677 ἀξίαν
3163 4612 3431 4685 πρότερος
3462 4612 3629 4668 ὕστε-

2044 4716 2137 4769 ρος
2172 4700 2489 4770 εὑρίσκεται
2535 4702 2682 4756 κατὰ
2718 4702 2874 4767 τάξιν
2899 4706 2947 4772 (ὁ
2999 4703 3106 4773 γὰρ
3130 4705 3315 4775 ἄρχων
3358 4707 3631 4776 πρότερόν

2043 4793 2194 4844 ἐστιν
2232 4793 2537 4864 ἀρχόμενος
2573 4797 2666 4846 καὶ
2723 4787 2954 4865 ὕστερον
3008 4797 3194 4867 ἄρχων
3254 4797 3632 4870 καθίσταται)⁶

2042 4891 2474 4956 τοιουτοτρὸπως
2501 4891 2596 4941 καὶ
2625 4888 2687 4941 τὸ
2727 4888 2851 4943 κατ’
2886 4890 3132 4943 ἐπίνοιαν
3168 4892 3439 4962 πρότερον
3467 4894 3633 4948 ὔστε-

2046 4995 2141 5054 ρον
2171 4977 2537 5049 ἀπαρτίζεται
2570 4980 2663 5033 καὶ
2696 4982 3021 5037 τελειοῦται.

2116 5073 2184 5134 ζ’.
2229 5070 2475 5141 Ὀσαχῶς
2516 5071 2573 5124 δὲ
2605 5071 2668 5124 τὸ
2721 5075 3010 5145 πρότερον,
3046 5078 3400 5147 τοσαυταχῶς
3447 5084 3543 5133 καὶ
3573 5081 3636 5132 τὸ

2046 5165 2611 5236 ὓστερον,προσφυῶς
2644 5170 2756 5233 τοῖς
2785 5172 3010 5242 τρόποις
3041 5172 3135 5227 καὶ
3158 5174 3515 5241 animum»;
3544 5193 3639 5243 γι·

2046 5259 2279 5328 νομὲνης
2317 5259 2416 5330 τῆς
2456 5261 2804 5322 ἀντιθέσεως.

2116 5357 2186 5422 η’.
2221 5352 2506 5421 Διαιροῦσι
2535 5353 2591 5407 δὲ
2620 5354 2679 5408 τὸ
2712 5354 2981 5427 πρότερον
3029 5361 3127 5410 καὶ
3174 5355 3404 5431 ὕστερον
3447 5362 3546 5414 καὶ
3570 5362 3631 5413 τὸ

2049 5444 2252 5513 μᾶλλον
2286 5444 2383 5496 καὶ
2424 5446 2485 5497 τὸ
2509 5441 2695 5518 ἦττον,
2728 5445 2919 5518 ὥσπερ
2952 5450 3020 5501 τὰ
3051 5448 3144 5516 ἀφ’
3171 5450 3313 5512 ἑνός.

2119 5538 2183 5593 θ’.
2219 5539 2371 5608 Ἅμα
2400 5538 2455 5592 δέ
2480 5541 2595 5592 ἐστι
2624 5539 2748 5593 καθ’
2785 5539 2883 5593 ἕνα
2920 5542 3019 5611 μὲν
3053 5543 3275 5611 τρόπον,
3301 5535 3377 5595 ὧν
3407 5543 3440 5612 ἠ
3470 5545 3635 5611 γένε-

2049 5648 2131 5691 σις
2169 5633 2227 5687 ἐν
2257 5632 2335 5703 τῷ
2357 5633 2507 5704 αὐτῷ
2548 5633 2758 5703 χρόνῳ·
2812 5634 2886 5695 ὡς
2923 5636 3052 5688 ὅταν
3082 5639 3139 5687 ἐν
3192 5636 3291 5706 μιᾷ
3326 5638 3468 5707 ῥοπῇ
3488 5636 3637 5708 τύχῃ

2047 5724 2380 5795 γεννηθῆναι
2424 5724 2520 5779 δύο
2549 5726 2741 5790 τινάςο
2782 5721 2938 5791 οὗτος
2983 5730 3009 5780 6
3065 5730 3260 5799 τρόπος
3293 5730 3373 5798 τῷ
3423 5731 3638 5803 πρώτῳ
3712 5767 3720 5773 -

2046 5819 2238 5888 τρόπῳ
2288 5817 2385 5874 τοῦ
2438 5819 2709 5891 προτέρου
2770 5821 3098 5891 ἀντίκειται,
3133 5825 3211 5895 τῷ
3237 5825 3346 5878 ἀπὸ
3381 5826 3473 5879 τοῦ
3496 5828 3605 5897 χρό
3634 5863 3639 5871 .

2051 5923 2168 5970 νου,
