3868 6362
1487 298 1913 360 NICEPHORI
1960 298 2384 361 BLEMMIDE
3476 296 3560 361 816

1541 410 1870 467 SYNOPSIS
1921 411 2191 466 CAPITIS
2228 409 2370 475 XIX,

1584 551 1722 598 ρυυο
1752 551 1853 589 EST
1878 550 1941 587 DE
1973 550 2311 588 SUBsTANTIA.

320 697 370 747 t.
414 694 768 761 nomonymia
804 691 1155 752 substantiae,
1192 688 1533 761 ejusdemque
1566 680 1625 761 iii
1645 687 1819 761 altera
1857 685 2251 761 significatione
2272 684 2643 761 ‘descriptio‘et
2662 700 2793 761 cum
2825 684 3094 739 accidente
3125 685 3470 761 comparatio.
3509 712 3562 722 —-

387 764 441 816 ἓ..
484 755 681 817 Divisio
715 766 1052 818 substantice.
1087 789 1155 800 ——-
1191 755 1245 815 5.
1283 759 1491 813 Plantw
1516 758 1756 825 deﬁnitio
1788 772 1852 809 ex.
1885 758 2088 809 tradita
2124 755 2381 809 divisione
2422 755 2783 825 constituitur.
2817 768 2868 808 et
2897 771 2987 822 per
3016 765 3194 820 partes
3232 760 3562 822 probatur.—

390 835 739 889 4.'Aniutaiis
772 836 894 887 item
934 832 1089 902 163
1119 841 1164 884 et
1195 828 1603 899 plantanhnalis
1640 828 1973 902 definitiones
2013 826 2133 902 inde
2160 826 2508 902 colliguntur.
2541 854 2608 902 -έ
2642 826 2693 878 5.
2740 824 2979 902 Itemque
3014 826 3454 902 (taminia—“ti.
3484 825 3563 877 ln-

390 906 610 959 (tividua
645 921 734 959 seu
767 896 1082 975 Ιιῃροεῆιῖεἷ
1104 903 1167 954 ab
1191 896 1476 975 Aristotele
1506 899 1953 975 propriissimeet
1982 896 2497 975 primo‘étinnxime
2524 897 2859 975 substantias
2879 896 3297 975 appellari—7:
3331 896 3554 975 filiorum

389 978 495 1028 alia
531 965 844 1039 εεηιεηιὶαξ⁷
874 976 963 1044 qui
1010 975 1118 1026 haec
1160 972 1336 1039 elogia
1383 965 1724 1044 substantia
1761 968 2031 1035 speciebus
2077 965 2275 1044 inﬂatis
2351 967 2613 1044 tribuunt.
2664 997 2731 1007 --
2786 965 3108 1044 δηξρεοὶεῃι
3145 967 3563 1044 specialissimnni

389 1062 551 1116 quare
607 1047 775 1117 aliqui
803 1037 1181 1101 substantiam
1230 1037 1278 1097 et
1328 1051 1582 1096 naturam
1615 1049 1663 1094 et
1697 1040 1930 1109 formam
1967 1039 2317 1111 appellarint.
2352 1067 2418 1078 —
2449 1039 2502 1093 9.
2539 1038 2812 1103 Quatenus
2843 1037 2951 1091 illis
2996 1037 3273 1092 individua
3308 1038 3411 1091 sint
3455 1037 3565 1091 sub-

396 1117 640 1173 stantia.

898 1372 1133 1429 CAPUT
1177 1371 1326 1427 XIX.

889 1468 963 1522 De
992 1471 1315 1522 substantia.

389 1565 443 1621 1.
494 1564 747 1622 Essentia
803 1563 1081 1635 signiﬁcat
1133 1565 1360 1633 quidem
1407 1563 1700 1634 aliquando
1734 1562 1897 1618 etiam

316 1660 643 1729 simpliciter
689 1659 1092 1724 exsistentiam,
1137 1674 1262 1713 cum
1321 1661 1487 1713 etiam
1534 1660 1601 1713 de
1647 1659 1899 1712 omnibus

316 1753 537 1809 entibus
582 1752 858 1819 effertur;
911 1754 1137 1821 proprie
1178 1760 1358 1808 antem
1413 1752 1898 1822 praedicamentum

312 1845 689 1901 accidentibus
716 1843 1145 1899 contradivisnm
1188 1845 1467 1911 declarat;
1528 1844 1673 1915 quod
1705 1855 1786 1901 est
1810 1860 1898 1900 res

313 1954 409 2009 per
449 1953 509 1993 se
536 1938 833 2003 exsistens,
868 1952 978 1991 non
1031 1937 1282 2008 indigens
1335 1938 1440 1992 alia
1498 1948 1558 1992 nt
1617 1939 1714 1993 sit.
1761 1938 1899 1993 lluic

315 2032 461 2088 enim
504 2032 669 2085 etiam
701 2030 876 2099 ipsum
914 2045 1014 2086 ens
1052 2030 1227 2097 primo
1251 2032 1563 2098 .convenit;
1595 2041 1719 2101 post
1758 2032 1897 2085 hanc

312 2138 444 2180 vero
477 2122 876 2178 accidentibus.

381 2215 439 2271 2.
472 2214 601 2270 Haec
629 2215 942 2271 substantia
972 2215 1027 2269 in
1071 2229 1277 2285 corpus
1307 2226 1363 2269 et
1392 2215 1777 2286 incorporeum
1815 2215 1901 2269 di-

316 2308 546 2373 viditur,
583 2322 788 2378 corpus
820 2309 874 2361 in
909 2309 1210 2362 animatum
1243 2317 1297 2363 et
1332 2308 1692 2363 inanimatam
1726 2324 1741 2375 ;
1780 2307 1897 2361 ani-

316 2410 518 2454 matum
566 2399 622 2454 in
675 2400 917 2456 sentiens
949 2406 1004 2453 et
1038 2415 1235 2454 sensus
1272 2414 1472 2469 expers
1510 2415 1526 2455 :
1560 2400 1800 2454 sentiens
1838 2400 1894 2453 in

315 2491 723 2561 progressivum
776 2496 830 2544 et
863 2490 1269 2558 progressionis
1303 2505 1499 2559 expers
1532 2504 1547 2543 :
1587 2493 1894 2561 progressi-

321 2598 452 2637 vum
487 2581 540 2635 in
570 2581 837 2636 rationale
865 2590 919 2636 et
951 2582 1291 2648 irrationale;
1328 2582 1596 2636 rationale
1630 2583 1850 2652 quidem
1875 2624 1891 2650 ,

314 2672 595 2728 hominem
620 2686 641 2741 ;
672 2671 993 2729 irrationale
1018 2681 1225 2737 autem,
1252 2680 1446 2745 prattcr
1476 2672 1751 2729 hominem
1776 2673 1894 2726 ani-

317 2768 500 2823 malia.

382 2861 441 2916 3.
485 2861 677 2917 Planta
707 2864 927 2931 quidem
969 2864 1130 2933 Igitur
1172 2869 1256 2917 est
1304 2861 1610 2918 substantia
1655 2860 1894 2915 animata

316 2970 515 3010 sensus
549 2969 795 3024 expers:
829 2954 1159 3019 substantia,
1195 2953 1321 3022 quia
1360 2953 1475 3023 ipsa
1509 2954 1690 3022 planta
1722 2967 1819 3022 per
1841 2967 1899 3006 se

312 3057 398 3101 est
423 3091 437 3114 ,
475 3034 576 3101 nec
612 3047 775 3101 habet
804 3060 929 3101 esse
963 3047 1016 3100 in
1047 3046 1154 3099 alio
1178 3087 1192 3110 ,
1235 3046 1330 3100 sed
1371 3045 1475 3098 alia
1519 3042 1679 3115 164
1714 3044 1897 3112 potius

317 3145 372 3198 in
399 3144 516 3211 ipsa
542 3141 920 3197 exsistentiam
954 3140 1178 3193 habent.
1208 3139 1432 3193 Exsistit
1460 3140 1604 3193 enim
1633 3140 1683 3191 in
1710 3136 1895 3205 planta

314 3243 370 3291 et
394 3243 659 3304 quantum
695 3234 917 3305 (etenim
955 3232 1195 3289 bicubita
1226 3231 1367 3287 forte
1397 3230 1479 3284 vel
1519 3229 1778 3284 tricubita
1813 3239 1899 3285 est

316 3327 429 3381 haec
462 3326 692 3397 planta),
726 3335 783 3381 et
809 3325 969 3395 quale
993 3324 1212 3396 (etenim
1252 3323 1404 3394 nigra
1431 3323 1517 3377 vel
1549 3322 1670 3377 alba
1695 3330 1898 3392 est),et

315 3416 382 3472 ad
411 3417 625 3487 aliquid
674 3416 873 3487 (major
906 3418 1052 3471 enim
1092 3426 1175 3472 est
1204 3416 1307 3469 alia
1352 3414 1561 3484 planta,
1592 3424 1644 3469 et
1681 3416 1784 3467 alia
1819 3416 1899 3467 vi-

313 3511 499 3566 cissim
533 3508 757 3577 minor),
784 3508 961 3562 etubi
994 3507 1216 3577 (inloco
1245 3506 1389 3560 enim
1422 3504 1552 3571 est),
1583 3514 1636 3558 et
1671 3506 1897 3574 quando

316 3602 466 3671 (quia
517 3598 684 3654 etiam
735 3598 789 3652 in
838 3597 1129 3667 tempore),
1158 3606 1211 3650 et
1244 3612 1406 3667 agere
1438 3596 1620 3666 (ﬂoret
1668 3596 1811 3650 enim
1842 3606 1896 3650 et

300 3696 552 3749 -l‘ructum
587 3691 744 3762 fert),
782 3700 835 3745 et
860 3692 969 3760 pati
1002 3690 1244 3759 (secatur
1271 3691 1414 3743 enim
1445 3692 1582 3745 forte
1610 3701 1708 3744 aut
1733 3689 1897 3744 refri-

311 3794 534 3855 geratur
564 3794 657 3839 aut
680 3782 916 3851 calelit),
944 3791 999 3837 et
1024 3782 1189 3837 situm
1222 3798 1344 3839 esse
1373 3784 1505 3851 (stat
1529 3786 1676 3838 enim
1707 3791 1894 3838 erecta

312 3890 407 3933 aut
432 3879 499 3932 ad
546 3889 747 3932 terram
779 3875 1083 3943 inclinata),
1110 3885 1164 3929 et
1193 3877 1391 3931 habere
1419 3892 1435 3931 :
1462 3878 1568 3931 erit
1607 3876 1751 3931 enim
1786 3875 1899 3932 for-

315 3983 460 4028 tasse
492 3971 890 4025 munimentum
925 3970 1148 4040 aliquod
1197 3972 1396 4040 planta:
1445 3970 1685 4026 radicem
1722 3971 1897 4041 ipsius

311 4064 723 4135 quodammodo
779 4074 874 4117 aut
940 4063 1187 4132 stipitem
1254 4065 1552 4133 attingens.
1599 4063 1680 4118 ita
1730 4066 1896 4136 igitur

1923 1382 1972 1438 Α

2598 1368 2848 1424 ΚΕΦΑΛ.
2882 1368 2981 1424 ΙΘ’.

2568 1463 2705 1529 Περὶ
2732 1463 2977 1528 οὐσίτις,

2072 1558 2144 1613 α’.
2192 1556 2255 1610 Ἢ
2296 1558 2456 1610 οὐσία
2507 1557 2770 1625 σημαίνει
2817 1554 2917 1624 μὲν
2947 1553 3079 1605 ποτὲ
3110 1552 3207 1607 καὶ
3249 1551 3350 1622 τὴν
3395 1549 3570 1613 ἁπλῶς

2002 1652 2262 1722 ὓπαρξιν,
2285 1652 2373 1704 ὅτε
2403 1650 2500 1702 καὶ
2535 1651 2677 1704 κατὰ
2724 1649 2945 1702 πάντων
2970 1646 3080 1700 τῶν
3131 1645 3304 1699 ὄντων
3329 1644 3568 1713 φέρεται’

2001 1747 2209 1817 κυρίως
2236 1744 2301 1799 δὲ
2339 1744 2438 1814 τὴν
2486 1741 3001 1811 ἀντιδιαιρουμένην
3018 1740 3132 1802 τοῖς
3163 1736 3557 1808 συμϐεϐηκόσι,

2002 1839 2351 1908 κατηγορίαν
2389 1837 2560 1905 δηλοῖ,
2588 1836 2713 1903 ἥτις
2740 1836 2860 1887 ἐστὶ
2899 1835 3134 1902 πρᾶγμα
3188 1831 3573 1901 αὐθύπαρκτον
3619 1852 3625 1858 ν

2005 1931 2079 2002 μὴ
2118 1932 2381 2000 δεόμενον
2421 1931 2610 1999 ἑτέρου
2647 1929 2786 1998 πρὸς
2814 1927 3098 1980 σύστασιν.
3133 1924 3321 1997 Ταύτῃ
3360 1924 3574 1994 γὰρκαὶ

1998 2025 2060 2077 τὸ
2090 2022 2151 2077 ὃν
2184 2024 2420 2095 πάρεστι
2453 2021 2646 2093 πρώτῃ
2678 2036 2692 2051 ·
2723 2021 2863 2090 μετὰ
2892 2019 3103 2087 ταύτην
3120 2018 3178 2072 δὲ
3204 2021 3319 2083 τοῖς
3378 2019 3575 2087 συμεε-

2002 2117 2258 2188 σηκόσιν.
2310 2156 2319 2161 τ

2074 2209 2140 2280 β’.
2178 2209 2326 2283 Αὕτη
2368 2211 2402 2282 ἡ
2440 2211 2601 2265 οὐσία
2632 2210 2924 2280 διαιρεῖται
2958 2209 3036 2274 εἰς
3098 2208 3258 2279 σῶμα
3309 2208 3402 2261 καὶ
3434 2205 3577 2260 ἀσώ-

2004 2320 2177 2372 ματον
2204 2319 2220 2335 °
2255 2303 2318 2358 τὸ
2347 2304 2508 2373 σῶμα
2534 2304 2616 2366 εἰς
2646 2300 2892 2373 ῑμψυχον
2925 2303 3028 2357 καὶ⁹
3083 2300 3312 2372 ἄψυχον·
3373 2300 3434 2353 τὸ
3480 2300 3577 2369 ἒμ-

2000 2398 2173 2467 ψυχον
2209 2398 2298 2461 εἰς
2327 2395 2652 2465 αἰσθητικὸν
2681 2396 2775 2449 καὶ
2833 2393 3167 2465 ἀναίσθητον
3202 2411 3218 2426 ο
3244 2395 3306 2448 τὸ
3335 2392 3578 2463 αἰσθητι-

2000 2490 2094 2543 κδν
2124 2491 2204 2553 εἰς
2234 2486 2599 2557 μεταϐατικὸν
2632 2486 2728 2539 καὶ
2761 2484 3119 2555 ἁμετάὁατον
3150 2499 3165 2515 ’
3211 2483 3274 2537 τὸ
3339 2482 3578 2553 μεταδα-

2002 2583 2157 2637 τικδν
2212 2583 2292 2645 εις
2348 2578 2572 2648 λογικὸν
2627 2578 2726 2632 ua).
2775 2578 3019 2646 ἄλογον*
3072 2577 3294 2645 λογικὸν
3348 2575 3448 2644 μὲν
3488 2575 3579 2628 τὸν

1999 2677 2330 2747 ἄνθρωπον,
2383 2672 2581 2742 ἄλογον
2631 2672 2690 2726 δὲ
2730 2712 2746 2741 ,
2800 2670 2872 2726 τὰ
2925 2670 3081 2741 παρὰ
3133 2669 3228 2723 τὸν
3293 2667 3580 2738 ἄνθρωπον

1933 2759 1971 2815 Β
2004 2769 2140 2835 ζῶα.

2075 2860 2147 2932 γ’.
2179 2862 2353 2918 Οὒσῑα
2388 2861 2487 2932 μὶν
2520 2859 2613 2915 οὖν
2639 2859 2886 2931 ἔμψυχος
2916 2860 3244 2930 ἀναίσθητος
3275 2857 3336 2912 τὸ
3368 2858 3536 2927 φυτόν
3563 2873 3579 2889 ο

2002 2956 2182 3017 οὐσία,
2225 2954 2468 3023 ἐπείπερ
2504 2952 2636 3006 αὐτὸ
2667 2952 2792 3005 καθ’
2820 2953 2956 3006 αὑτό
2982 2954 3103 3005 ἐστι
3133 2953 3194 3005 τὸ
3231 2952 3419 3019 φυτὸν,
3489 2950 3582 3002 καὶ

2001 3051 2100 3103 οὐκ
2129 3049 2187 3102 ὲν
2213 3048 2423 3115 ἑτέροις
2453 3045 2568 3115 ἔχει
2599 3045 2658 3098 τὸ
2691 3042 2831 3099 εἶναι
2867 3060 2882 3075 ’
2930 3044 3046 3097 ἀλλ’
3082 3044 3250 3114 ἕτερα
3283 3044 3487 3111 μᾶλλον
3523 3045 3580 3094 ἐν

2001 3141 2279 3211 αὐτῷτὴν
2336 3137 2576 3207 ὓπαρξιν
2610 3138 2851 3208 ἔχουσιν.
2917 3138 3186 3207 ’Υπάρχει
3245 3137 3357 3206 γὰρ
3410 3138 3467 3188 ὲν
3507 3135 3584 3202 τῷ

2003 3235 2156 3306 φυτῴ
2190 3233 2285 3286 καὶ
2336 3232 2504 3284 ποσὸν
2543 3230 2767 3301 (δίπηχυ
2803 3232 2912 3299 γάρ
2945 3233 3092 3283 ἐστιν
3117 3231 3245 3291 ἴσως
3280 3229 3311 3299 ἦ
3341 3232 3583 3297 τρίπηχυ

1999 3330 2151 3382 τουτὶ
2214 3326 2276 3379 τὸ
2354 3325 2583 3395 φυτόν)”
2633 3327 2729 3378 καὶ
2787 3326 2940 3378 ποιὸν
3017 3324 3212 3393 (μέλαν
3262 3325 3370 3391 γάρ
3435 3325 3588 3376 ἐστιν

1999 3422 2034 3491 ἢ
2090 3419 2307 3488 λευκὸν)
2377 3419 2473 3472 καὶ
2521 3416 2659 3488 πρός
2716 3433 2769 3469 τι
2823 3415 3039 3486 (μεῖζον
3098 3416 3204 3485 γάρ
3258 3418 3411 3468 ἐστιν
3463 3415 3584 3468 ἐτέ-

2002 3530 2099 3583 ρου
2135 3509 2331 3580 φυτοῦ,
2359 3510 2453 3564 καὶ
2478 3509 2642 3564 ἄλλου
2676 3508 2849 3562 πάλιν
2905 3507 3251 3578 μικρότερον)
3283 3523 3296 3537 ·
3331 3508 3426 3560 καί
3480 3524 3587 3559 που

2004 3609 2084 3674 (ὲν
2115 3606 2265 3673 τόπῳ
2290 3603 2402 3674 γάρ
2433 3604 2576 3671 ἐστι)
2616 3601 2708 3655 καί
2741 3618 2895 3663 ποτε,
2921 3602 3056 3654 διότι
3106 3602 3206 3654 καὶ
3243 3602 3300 3652 ὲν
3353 3599 3540 3669 χρόνῳ
3572 3615 3587 3629 ’

2000 3699 2096 3751 καὶ
2118 3700 2295 3753 ποιεῖν
2332 3697 2508 3766 (ἀνθεῖ
2536 3698 2644 3766 γὰρ
2675 3696 2709 3765 ἦ
2758 3696 3126 3765 καρποφορεῖ)
3155 3710 3171 3726 ο
3225 3694 3318 3746 καὶ
3347 3695 3589 3763 πάσχειν

2002 3791 2283 3860 (τέμνεται
2301 3791 2411 3859 γὰρ
2442 3788 2627 3859 τυχὸν,
2654 3787 2686 3858 ἢ
2713 3785 2966 3857 ψύχεται,
2993 3786 3025 3856 ἢ
3064 3785 3466 3856 θερμαίνεταψ
3492 3788 3591 3837 καὶ

2000 3881 2217 3935 κεῖσθαι
2279 3881 2521 3951 (ἵσταται
2557 3870 2669 3949 γὰρ
2694 3878 2727 3950 ἢ
2759 3877 2966 3948 όρθιον,
2998 3877 3032 3948 ἢ
3066 3878 3201 3947 πρὸς
3249 3877 3355 3947 γῆν
3397 3894 3587 3931 νενευο

2000 3974 2142 4045 κός)·
2172 3976 2267 4028 καὶ
2297 3973 2442 4044 ἔχειν
2475 3988 2491 4004 ·
2541 3973 2693 4026 ἔσται
2731 3972 2841 4043 γὰρ
2876 3972 3006 4036 ἴσως
3053 3970 3148 4025 καί
3197 3988 3252 4024 τι
3285 3972 3593 4041 Θριγγωμα

2002 4068 2076 4139 τῷ
2095 4067 2249 4138 φυτῷ
2269 4067 2370 4137 τῆς
2390 4064 2558 4120 αὐτοῦ
2578 4083 2696 4129 πως
2726 4063 2883 4136 ῥίζης
2906 4065 2940 4136 ἢ
2968 4062 3063 4117 τοῦ
3093 4062 3382 4132 στελέχους
3410 4063 3595 4117 ἁπτό-

313 4156 498 4221 planta
529 4163 612 4207 est
634 4151 963 4207 substantia.
988 4152 1244 4208 Animata
1280 4161 1463 4208 autem
1490 4155 1617 4224 quia
1649 4157 1890 4210 nutritur

2009 4179 2180 4216 xsvov.
2245 4161 2407 4216 Οὖτω
2456 4160 2557 4231 μὲν
2589 4155 2684 4213 οὖν
2717 4159 2874 4212 οὐσία
2911 4157 3028 4211 ἐστὶ
3076 4157 3137 4210 τδ
3167 4158 3335 4227 φυτόν
3368 4172 3382 4186 ο
3411 4156 3600 4225 ἔμψυ-

310 4255 362 4298 et
404 4253 629 4314 augetur
654 4254 711 4298 et
740 4244 921 4298 simile
961 4244 1063 4298 sibi
1102 4252 1347 4314 generat.
1381 4246 1545 4315 Atqui
1578 4248 1776 4302 animae
1815 4248 1894 4302 fa-

311 4335 543 4389 cultates
576 4343 705 4389 sunt
743 4352 757 4390 :
795 4334 981 4389 nutrix
1004 4375 1020 4400 ,
1053 4336 1266 4399 auctrix
1297 4347 1352 4392 et
1392 4341 1703 4408 generatrix
1742 4341 1889 4410 (vis).

310 4428 446 4495 Quia
479 4438 659 4484 autem
709 4430 893 4499 planta
935 4438 1019 4484 est
1067 4431 1306 4486 animata
1336 4471 1352 4496 .
1401 4433 1662 4488 nimirum
1726 4434 1891 4490 etiam

309 4532 599 4593 corporata
644 4532 750 4578 est.
796 4521 1014 4592 Corpus
1057 4523 1206 4577 enim
1262 4525 1569 4579 animatum
1604 4524 1656 4579 id
1692 4525 1893 4580 dicitur

307 4616 451 4685 quod
488 4616 650 4671 habet
679 4614 946 4670 animam.
972 4614 1091 4670 Non
1119 4627 1300 4671 autem
1343 4627 1426 4671 est
1458 4618 1891 4688 appositum.de-

308 4708 566 4773 ﬁnitioni,
606 4716 989 4775 corporatnm;
1021 4716 1081 4761 ut
1124 4709 1270 4779 quod
1300 4710 1488 4763 animo
1526 4710 1893 4767 subaudiatnr

308 4810 363 4854 et
396 4801 863 4872 snbintelligatur.
900 4801 977 4856 lta
1018 4802 1186 4872 igitur
1219 4801 1405 4872 planta
1443 4803 1607 4857 etiam
1644 4802 1888 4856 animata

305 4904 413 4946 est.
440 4895 511 4946 At
544 4908 738 4948 sensus
771 4909 970 4963 expers
1005 4904 1107 4959 est,
1152 4894 1281 4964 quia
1318 4896 1468 4949 nullo
1495 4896 1739 4965 quinque
1768 4910 1893 4949 sen-

306 5001 468 5040 suum
507 4987 735 5057 regitur,
770 5002 878 5042 non
914 4989 1060 5053 visu,
1090 5004 1199 5044 non
1244 4988 1455 5054 auditu,
1485 5003 1597 5042 non
1631 4987 1839 5043 olfactu
1872 5029 1888 5056 ,

304 5095 413 5132 non
444 5090 629 5149 gustu,
659 5079 817 5152 165
851 5096 959 5136 non
993 5090 1166 5135 tactu.
1211 5080 1559 5136 Manifestum
1594 5090 1775 5135 autem
1811 5090 1897 5136 est

304 5172 452 5240 quod
488 5172 654 5227 etiam
699 5174 1103 5243 progressionis
1152 5173 1225 5228 sit
1259 5188 1478 5243 expers.
1529 5172 1666 5228 Dico
1712 5182 1893 5229 autem

302 5265 711 5335 progressionis
744 5280 960 5336 expers,
1001 5264 1146 5335 quod
1179 5265 1515 5335 |l'acnltatem
1549 5266 1620 5321 de
1674 5270 1793 5323 loco
1840 5267 1892 5321 in

302 5360 482 5416 locum
513 5360 896 5431 progrcdiendi
932 5361 986 5414 in
1027 5374 1089 5414 se
1131 5374 1237 5414 non
1290 5360 1495 5428 habet;
1539 5363 1892 5430 quemadmo-

302 5454 429 5507 dum
462 5453 875 5525 progressivum
923 5453 975 5507 id
1021 5453 1165 5521 quod
1215 5454 1444 5507 interius
1476 5470 1505 5506 a
1557 5454 1739 5522 seipse
1805 5470 1893 5508 se-

301 5547 541 5604 cundum
582 5549 763 5603 locum
801 5548 1007 5603 moveri
1053 5559 1252 5616 potest.

371 5644 429 5701 ι.
462 5640 654 5695 Planta
696 5640 862 5710 igitur
907 5652 989 5697 est
1036 5643 1341 5697 substantia
1392 5645 1637 5697 animata
1694 5658 1891 5697 sensus

301 5754 518 5807 expers.
554 5736 624 5790 At
656 5736 858 5809 animal
895 5745 950 5790 et
986 5736 1345 5805 plantanimal
1389 5739 1552 5792 simul
1586 5749 1717 5791 sunt
1750 5739 1888 5791 sub-

305 5831 529 5904 stantia_
564 5830 805 5884 animata
854 5830 1117 5887 sentiens.
1172 5828 1240 5885 Ut
1273 5830 1439 5901 igitur
1473 5846 1501 5884 a
1548 5844 1609 5885 se
1650 5831 1886 5886 invicem

1999 4274 2093 4326 γον
2122 4255 2203 4320 δὲ,
2228 4257 2368 4308 διότι
2402 4257 2670 4324 τρέφεται
2700 4253 2798 4306 καὶ
2817 4251 3064 4318 αὔξεται,
3094 4251 3188 4303 καὶ
3202 4252 3369 4322 γεννᾷ
3397 4251 3595 4320 ὅμοιον

1997 4348 2202 4415 ἑαυτῷ.
2239 4347 2513 4416 Δυνάμεις
2546 4346 2603 4399 δὲ
2636 4345 2816 4416 ψυχῆς
2846 4344 2907 4398 τὸ
2932 4344 3250 4414 θρεπτικὸν,
3286 4344 3382 4395 καὶ
3410 4341 3596 4409 αὐξη-

1997 4440 2167 4505 τικὸν,
2193 4441 2288 4492 καί
2323 4439 2665 4508 γεννητικόν.
2714 4437 2872 4492 Ἐπεὶ
2904 4436 2986 4511 ’δὲ
3025 4435 3271 4505 ἔμψυχον
3301 4435 3362 4489 τὸ
3393 4435 3598 4503 φυτὸν,

1997 4531 2247 4599 δηλονότι
2287 4534 2382 4584 καὶ
2419 4529 2898 4600 σεσωματωμένον
2925 4529 3098 4583 ἐστίν.
3129 4528 3421 4598 Ἔμψυχον
3476 4529 3601 4596 γὰρ

1999 4624 2219 4691 λέγεται
2255 4625 2316 4675 τὸ
2348 4623 2509 4693 σῶμα
2551 4625 2609 4676 τὸ
2641 4623 2765 4693 ἕχον
2825 4623 3026 4693 ψυχήν.
3063 4623 3137 4674 Οὐ
3195 4623 3603 4692 προσ-τέθειται

1996 4717 2055 4767 δὲ
2087 4717 2149 4769 τὸ
2179 4716 2652 4786 σεσωματωμένον
2675 4717 2754 4787 τῷ
2791 4716 2924 4786 ὅρῳ,
2955 4716 3029 4778 ὡς
3053 4715 3131 4787 τῷ
3163 4714 3406 4785 ἐμψύχῳ
3456 4733 3603 4768 συν-

2001 4810 2411 4879 υπακουὸμενὸν
2459 4807 2635 4861 τεκαὶ
2671 4809 3092 4878 συννοούμενον.
3128 4806 3285 4861 Οὕτω
3343 4810 3445 4877 μὲν
3500 4812 3610 4860 καί

1999 4900 2246 4971 ἔμψυχον
2274 4902 2336 4954 τὸ
2370 4902 2559 4969 φυτόν
2595 4900 2928 4969 ἀναίσθητον
2975 4900 3054 4963 δὲ,
3101 4901 3189 4954 διὰ
3243 4900 3305 4952 τὸ
3341 4900 3605 4970 μηδεμιᾷ

1998 4995 2320 5048 διοικεῖσθαι
2354 4995 2461 5048 τῶν
2493 4995 2656 5047 πέντε
2716 4994 3029 5063 αἰσθήσεων
3050 5009 3064 5024 ·
3111 4994 3209 5062 οὐχ
3237 4994 3452 5063 ὁράσει,
3487 4992 3608 5046 οὐκ

1998 5088 2159 5156 ἀκοῇ.
2194 5087 2297 5140 οὐκ
2332 5086 2623 5158 ὀσφρήσει,
2670 5088 2733 5139 οὐ
2767 5085 2980 5153 γεύσει,
3012 5087 3112 5155 οὐχ
3154 5087 3288 5155 ἁφῇ.
3322 5086 3505 5153 Δῆλον
3554 5083 3610 5138 δ’

1998 5181 2081 5234 ὅτι
2112 5183 2206 5234 καὶ
2247 5180 2623 5247 ἁμετάῦατον.
2671 5179 3047 5247 Ἀμετάϐατον
3093 5181 3149 5233 δέ
3197 5197 3342 5246 φημι
3385 5186 3449 5231 τὸ
3521 5180 3612 5248 μὴ

1998 5274 2124 5342 ἕχον
2177 5273 2235 5325 ὲν
2267 5272 2446 5343 ἑαυτῷ
2474 5272 2709 5343 δύναμιν
2743 5270 3129 5342 μεταϐατικὴν
3168 5274 3235 5323 ὲκ
3270 5272 3443 5324 τόπου
3515 5274 3614 5331 εἰς

1998 5368 2203 5420 τόπονο
2236 5366 2429 5434 ὥσπερ
2469 5366 2841 5436 μεταϐατικὸν
2890 5366 2953 5419 τὸ
2997 5365 3213 5421 ἔνδοθεν
3262 5365 3356 5434 ἀφ’
3386 5362 3609 5418 ἑαυτοῦ

2000 5461 2269 5515 κινεῖσθαι
2296 5462 2438 5515 κατά
2468 5461 2636 5514 τόπον
2663 5461 2986 5530 δυνάμενον.

2071 5639 2135 5693 δ’.
2174 5640 2332 5693 Ἔστι
2373 5642 2470 5710 μὲν
2497 5636 2593 5695 οὖν
2646 5641 2707 5694 τὸ
2741 5641 2911 5710 φυτὸν
2951 5639 3110 5695 οὑστα
3153 5641 3398 5710 ἔμψυχος
3431 5640 3617 5693 ἅναξ-

2003 5734 2200 5806 σθητος
2225 5749 2240 5763 ⁶
2267 5735 2432 5790 οὐσία
2463 5737 2507 5790 δ’
2532 5736 2787 5807 ,ἔμψυχος
2844 5736 3142 5805 αἰσθητικὴ
3175 5736 3236 5789 τὸ
3269 5734 3409 5799 ζῶον
3448 5732 3617 5805 ὁμοῦ

2002 5832 2091 5884 καὶ
2121 5829 2426 5901 ζωόφντον.
2461 5832 2579 5889 Ἵνα
2617 5831 2751 5902 γοῦν
2810 5830 2910 5886 ἀπ’
2947 5830 3195 5903 ἀλλήλων
3227 5829 3405 5883 ταῦτα
3463 5828 3626 5896 δταέ
