3868 6362
290 423 395 487 817

1623 426 1963 488 ΕΡΙΤΟΜΕ
2001 425 2297 490 ιΟϐΙΟᾹ.

3457 424 3563 489 813

289 539 535 611 κριθείη,
565 541 893 611 προσθέτεον
923 541 1000 613 τῷ
1034 542 1134 615 μὲν
1159 542 1271 615 ὅρῳ
1298 544 1395 599 τοῦ
1430 542 1573 610 ζώου
1621 545 1684 598 rb
1710 562 1877 615 μετα-

1993 538 2430 597 iiscernerentur
2458 580 2472 605 ,
2509 538 2888 610 opponendum
2936 548 3021 596 est
3050 538 3307 595 animalis
3339 541 3560 609 quidem

293 635 541 699 Garmbv,
583 634 661 702 τῷ
691 636 747 690 δὲ
777 634 872 690 τοῦ
940 637 1229 706 ζωφὺτου
1260 640 1326 692 rb
1359 639 1727 709 ἀμετάϐατον.
1766 640 1877 693 Με-

294 725 592 779 ταϐατικδν
616 725 673 780 δὲ
704 726 939 798 λέγομεν
966 728 1028 782 rb
1068 728 1229 797 ζῶον,
1279 732 1374 786 καὶ
1411 731 1510 801 οὐχ
1547 730 1736 794 ἁπλῶς
1789 730 1877 784 κί·

295 838 455 889 νησιν
488 820 650 891 ἔχον·
702 824 938 895 ἐπείπερ
990 826 1055 879 ὲκ
1087 826 1197 880 τῶν
1246 826 1386 882 ὅλων
1441 827 1716 897 κινήσεων
1776 825 1878 896 τὴν

302 915 608 982 μετάϐασιν
645 914 760 984 ἔχει
806 918 1031 973 πλείονα
1076 918 1231 986 παρὰ
1279 919 1341 972 rb
1370 919 1666 988 ζωόφυτον,
1708 918 1877 990 ήγουν

294 1008 396 1076 τὴν
417 1009 560 1062 κατὰ
590 1009 756 1063 τόπον
792 1011 1122 1082 μεταϐολήν.
1156 1012 1314 1066 Πᾶσα
1340 1012 1451 1080 γὰρ
1494 1011 1632 1083 άλλη
1661 1012 1879 1080 κίνησις

295 1099 393 1154 καὶ
425 1100 506 1169 τῷ
532 1101 799 1170 ζωοφύτῳ
827 1102 1006 1158 ἔνεστι
1036 1103 1134 1158 καὶ
1164 1103 1408 1174 αὑτῷτῷ
1435 1104 1609 1173 φυτῷ.
1634 1104 1880 1158 Γίνονται

293 1194 405 1265 γάρ
438 1194 535 1247 καὶ
565 1195 760 1259 ταῦτα,
818 1196 914 1249 καλ⁸
976 1196 1316 1266 φθείρονται,
1346 1197 1439 1251 καὶ
1473 1196 1750 1264 αὔξονται,
1784 1196 1881 1251 καὶ

296 1285 602 1354 μειοῦνται,
633 1290 730 1341 καὶ
761 1286 1129 1356 ἁλλοιοῦνται,
1193 1289 1597 1361 θερμαινόμενα
1629 1291 1723 1342 καὶ
1770 1288 1879 1359 ψυο

296 1379 528 1448 χόμενα,
559 1379 654 1433 καὶ
687 1382 814 1435 καθ’
840 1381 1004 1453 ἔτερα
1043 1382 1192 1451 πάθη
1212 1383 1446 1452 διάφορα
1472 1384 1572 1453 τὴν
1593 1381 1882 1437 ἀλλοίωσιν

297 1471 645 1540 ὑπομένοντα
675 1475 741 1543 τῇ
764 1473 949 1543 οίκείᾳ
997 1475 1162 1544 φύσει
1196 1474 1555 1544 καταλλήλως
1590 1474 1876 1544 ἑκάτερον.

303 1566 461 1620 Ἐστι
492 1567 592 1635 μὲν
640 1563 738 1622 οὖν
769 1569 831 1622 rb
867 1567 1008 1630 ζῶον
1065 1568 1228 1622 οὑσία
1290 1568 1532 1639 ἔμψυχος
1583 1566 1880 1638 αἰσθητικὴ

303 1659 646 1730 μεταϐατική
672 1677 689 1693 ·
723 1661 783 1715 rb
801 1660 861 1716 δὲ
894 1661 1177 1730 ζωόφυτον
1202 1663 1364 1717 οὑσία
1388 1662 1634 1734 ἔμψυχος
1676 1661 1881 1730 αισθηο

294 1753 423 1825 τική
457 1755 828 1823 ἀμετάϐατος.
873 1756 983 1809 Καὶ
1037 1757 1182 1812 κατὰ
1216 1756 1326 1827 μὴν
1379 1758 1481 1825 τὴν
1512 1755 1753 1827 άπτικὴν
1787 1755 1880 1811 αῐ-

299 1847 495 1919 σθησιν
524 1848 585 1902 rb
619 1847 902 1919 ζωόφυτον
935 1849 1380 1903 πλεονεκτείτοῦ
1444 1848 1637 1917 φυτοῦ.
1690 1848 1792 1902 Διὰ
1825 1847 1882 1902 δὶ

296 1943 359 1994 rb
388 1941 465 2012 μὴ
504 1943 878 2011 μεταϐαίνειν,
902 1944 1221 2015 ὑπερεῖται
1255 1943 1353 1998 τοῦ
1397 1943 1542 2010 ζώου
1567 1957 1580 1973 ³
1613 1942 1709 1998 καὶ
1739 1939 1884 1996 οὕτω

302 2036 403 2108 μὲν
429 2035 545 2111 ἔχει
571 2038 633 2092 rb
660 2036 801 2102 ζῶον
834 2039 928 2094 καὶ
959 2038 1021 2093 rb
1044 2038 1346 2110 ζωόφυτον.

369 2308 521 2367 s'.'0
556 2310 613 2366 δὲ
642 2310 936 2381 ἄνθρωπος
966 2311 1109 2378 ζῶόν
1133 2312 1252 2367 ἐστι
1287 2310 1537 2379 λογικὸν,
1570 2312 1747 2379 ήγουν
1783 2311 1882 2365 οὑ-

297 2402 384 2457 σία
413 2402 682 2473 ἔμψυχος,
708 2403 1025 2473 αίσθητικὴ,
1069 2403 1441 2474 μεταϐατικὴ,
1470 2403 1691 2474 λογική.
1736 2400 1881 2458 Ἀλλ’

297 2498 344 2547 εἰ
371 2495 470 2565 μὲν
491 2495 667 2559 οὕτως
695 2496 724 2549 ὁ
754 2495 849 2549 τοῦ
875 2495 1167 2566 ἀνθρώπου
1191 2495 1419 2567 ὁρισμὸς
1450 2494 1757 2563 ἀπεδίδοτο,
1792 2494 1883 2549 λε-

299 2590 510 2655 γόντων
534 2590 717 2658 ήμῶν,
745 2588 1074 2657 Ἄνθρωπός
1108 2590 1260 2642 εστιν
1290 2589 1450 2642 οὐσία
1497 2589 1767 2658 ἔμψυχος,
1796 2589 1884 2642 αί-

299 2682 554 2751 σθητικὴ,
588 2682 961 2751 μεταϐατικὴ,
986 2683 1205 2749 λογικήο
1226 2681 1326 2736 οὐκ
1358 2683 1425 2736 ἂν
1452 2682 1531 2751 τῷ
1545 2681 1639 2735 τοῦ
1671 2679 1885 2750 ἀνθρώ·

300 2792 403 2827 που
426 2773 644 2845 ὁρισμῷ
676 2776 1005 2846 προσέκειτο
1038 2776 1099 2828 rb
1153 2777 1373 2847 θνητὸν,
1417 2775 1494 2835 ὠς
1532 2778 1597 2845 τῇ
1651 2775 1883 2847 ἐμψύχῳ

300 2867 461 2939 οὐσία
490 2868 978 2938 συνεισαγόμενον.
1018 2868 1136 2922 Πᾶν
1172 2869 1281 2937 γὰρ
1334 2867 1583 2939 ἔμψυχον
1610 2869 1708 2922 καὶ
1757 2868 1888 2937 θνη-

303 2960 418 3025 τὸν,
465 2959 657 3027 ὥσπερ
712 2960 807 3015 καὶ
845 2961 956 3013 πᾶν
990 2960 1269 3023 σύνθετον,
1306 2960 1582 3014 διαλυτόν.
1625 2958 1885 3023 Σύνθεσις

299 3053 409 3131 γᾷρ
440 3051 585 3122 ἀρκῆ
619 3053 824 3122 μάχης,
882 3055 1030 3125 μάχη
1074 3054 1133 3107 δὲ
1188 3055 1569 3121 διαστάσεως,
1602 3054 1885 3118 διάστασις

302 3144 357 3196 δὲ
384 3144 612 3208 λύσεως.
657 3146 813 3199 Ἐπεὶ
848 3147 904 3200 δὲ
935 3148 997 3201 rb
1041 3146 1216 3211 οὑτως
1247 3146 1529 3220 ὁρίζεσθαι
1564 3146 1885 3217 ἀδολεσχίας

1978 633 2303 697 definitioni,
2335 634 2737 704 progressivum
2764 650 2778 700 ;
2802 633 3211 703 plantanimalis
3249 647 3401 696 vero,
3437 647 3562 702 pro-

1980 726 2284 798 gressionis
2319 741 2540 797 expers.
2576 727 2818 782 Dicimus
2852 738 3036 783 autem
3075 727 3277 782 animal
3310 741 3563 798 progres-

1978 820 2191 875 sionem
2217 828 2272 875 et
2300 834 2408 875 non
2441 818 2769 889 simpliciter
2796 831 3011 875 motum
3036 822 3272 885 habens,
3298 820 3569 892 {quando-

1977 914 2196 984 quidem
2225 930 2290 969 ex
2315 915 2569 969 omnibus
2600 915 2847 970 motibus
2872 917 3331 988 progressionem,
3371 917 3419 970 id
3473 923 3564 970 est

1980 1004 2333 1061 mutationem
2404 1007 2707 1062 secundum
2767 1006 2968 1075 locum,
3023 1023 3135 1078 prae
3190 1005 3563 1076 plantanimali

1979 1107 2331 1168 superantem
2380 1100 2571 1156 habet.
2617 1099 2808 1157 Omnis
2860 1102 3008 1155 enim
3074 1102 3214 1156 alius
3276 1108 3458 1155 motus
3509 1107 3562 1153 et

1979 1193 2365 1266 plantanimali
2413 1204 2467 1248 et
2518 1196 2618 1265 ipsi
2672 1196 2871 1266 plantae
2920 1196 3082 1251 inest.
3147 1195 3281 1250 Nam
3339 1205 3401 1249 et.
3450 1195 3565 1249 haec

1982 1288 2262 1351 oriuntur,
2290 1294 2345 1342 et
2375 1286 2659 1354 occidunt,
2689 1300 2745 1343 et
2779 1298 3072 1357 augentur,
3104 1298 3157 1343 et
3211 1297 3468 1345 crescunt
3511 1297 3566 1341 et

1978 1378 2391 1444 diminuuntur,
2421 1389 2476 1434 et
2506 1380 2829 1448 alterantur,
2858 1381 2988 1436 dum
3013 1381 3290 1447 calefiunt,
3319 1388 3371 1435 et
3403 1380 3568 1433 refri-

1982 1478 2250 1539 gerantur
2277 1478 2333 1525 et
2360 1472 2665 1527 secundum
2698 1474 2835 1528 alias
2879 1474 3124 1530 diversas
3162 1475 3455 1544 passiones
3490 1474 3567 1526 ai-

1984 1563 2307 1620 terationem
2338 1566 2642 1633 sustinent,
2670 1578 2972 1638 utrumque
3020 1578 3179 1639 prout
3209 1577 3422 1623 natura
3452 1583 3568 1623 suae

1983 1659 2262 1715 convenit.
2284 1660 2499 1716 Animal
2523 1661 2690 1732 igitur
2706 1672 2789 1718 est
2814 1663 2975 1735 166
2995 1664 3301 1720 substantia
3325 1664 3567 1719 animata

1985 1751 2232 1806 sentiens
2266 1754 2632 1825 progressiva.
2666 1754 3032 1812 Plantanimal
3079 1766 3259 1813 autem
3309 1767 3391 1814 est
3427 1757 3562 1813 sub-

1988 1845 2187 1900 stantia
2230 1847 2468 1903 animata
2499 1848 2764 1916 sentiens,
2793 1851 3199 1920 progressionis
3234 1867 3456 1923 expers.
3501 1850 3568 1905 Et:

1990 1939 2296 1995 secundum
2346 1942 2605 2011 tangendi
2655 1942 2879 2012 quidem
2936 1959 3156 2001 sensum
3210 1945 3566 2014 plantanitnal

1989 2030 2115 2101 plus
2161 2030 2325 2087 habet
2353 2047 2516 2102 quam
2552 2036 2777 2103 planta;
2813 2034 2909 2091 sed
2941 2046 3230 2107 propterea
3261 2036 3408 2106 quod
3452 2052 3563 2091 non

1990 2126 2360 2197 progreditur,
2421 2127 2607 2183 minus
2659 2128 2827 2185 habet
2875 2144 3037 2201 quam
3092 2131 3318 2186 animal.
3366 2131 3434 2187 Et
3488 2131 3572 2187 sic

1990 2216 2210 2286 quidem
2244 2218 2411 2274 habet
2446 2232 2507 2274 se
2538 2219 2740 2274 animal
2772 2229 2827 2275 et
2853 2220 3236 2292 plantanimal.

2062 2309 2115 2364 ii.
2152 2307 2323 2366 iiomo
2356 2319 2538 2366 autem
2565 2321 2647 2369 est
2672 2313 2876 2368 animal
2908 2314 3195 2382 rationale,
3225 2314 3278 2370 id
3312 2321 3419 2381 est,
3443 2315 3573 2369 sub.

1991 2403 2189 2458 stantia
2210 2403 2472 2471 animata,
2516 2406 2784 2472 sentiens,
2838 2408 3206 2478 progressiva,
3259 2407 3571 2462 rationalis.

1990 2495 2097 2553 Sed
2128 2497 2175 2552 si
2231 2497 2305 2553 ita
2339 2499 2558 2569 quidem
2597 2480 2836 2554 hominis
2883 2499 3128 2555 deﬁnitio
3174 2501 3573 2570 assignaretnr,

1993 2600 2053 2646 ut
2080 2589 2389 2648 diceremus
2428 2609 2443 2647 :
2480 2593 2652 2649 Homo
2692 2601 2775 2649 est
2800 2591 3107 2648 substantia
3142 2592 3413 2655 animata,
3450 2608 3578 2647 sen-

1994 2683 2162 2746 tiens.
2196 2685 2564 2755 progressiva,
2604 2683 2934 2739 rationalis:
2960 2700 3068 2738 non
3104 2686 3430 2754 adiiceretur
3464 2687 3576 2741 uti-

1992 2790 2099 2845 que
2141 2777 2451 2832 deﬁnitioni
2499 2777 2735 2832 hominis
2789 2777 2851 2829 rb
2891 2778 3145 2843 mortale,
3181 2785 3237 2832 ut
3272 2780 3416 2846 quod
3451 2794 3575 2832 eum

1992 2870 2232 2926 animata
2283 2870 2594 2927 substantia
2639 2871 2806 2927 simul
2857 2870 3176 2926 inferretur.
3224 2871 3398 2926 Omne
3427 2874 3575 2926 enim

1993 2964 2297 3019 animatum
2327 2966 2491 3019 etiam
2522 2965 2753 3033 mortale
2772 2973 2895 3032 est;
2923 2963 3384 3034 quemadmodum
3411 2965 3577 3018 etiam

1993 3070 2159 3111 omne
2178 3057 2543 3128 compositum
2570 3057 2798 3112 dissolvi
2836 3065 3037 3126 potest.
3070 3055 3406 3127 Compositio
3428 3059 3576 3110 enim

1990 3164 2207 3220 pugnae,
2231 3164 2409 3221 pugna
2433 3149 2837 3220 diremptionis,
2860 3149 3150 3221 diremplio
3174 3150 3464 3205 solutionis
3491 3159 3579 3205 est

303 3240 423 3291 ἐστὶ
460 3237 535 3309 μὴ
561 3240 884 3309 πρεπούσης
906 3243 1019 3304 τοῖς
1048 3243 1323 3311 ὁρισμοῖς,
1354 3240 1428 3299 (τί
1459 3242 1569 3310 γάρ
1625 3242 1683 3293 ὲν
1712 3240 1880 3307 ὅροις,

1993 3241 2346 3311 principium.
2381 3242 2519 3309 Quia
2551 3251 2733 3297 autem
2768 3244 2849 3299 sic
2882 3243 3112 3299 deﬁnire
3147 3244 3459 3313 nugatiouis
3490 3251 3579 3298 est

299 3333 481 3402 λόγοις
507 3334 822 3403 συντόμοις,
847 3334 953 3405 χρὴ
977 3334 1327 3403 πολυλογεῖν,
1354 3335 1476 3388 ὲνδν
1510 3335 1612 3405 μιᾷ
1643 3333 1789 3398 λέξει
1817 3333 1883 3387 τά

1993 3334 2405 3392 deﬁnitionibus
2441 3352 2548 3392 non
2578 3339 2984 3405 convenientis,
3040 3339 3161 3410 (cur
3186 3339 3332 3394 enim
3360 3338 3415 3393 in
3448 3338 3583 3394 deﬁ-

303 3426 535 3480 πλείστα
572 3425 895 3496 περιλαϐεῖν
930 3428 1027 3480 καὶ
1048 3427 1137 3482 διὰ
1161 3426 1258 3481 τοῦ
1293 3427 1433 3492 ζῶον
1456 3429 1633 3481 είπεῐν
1656 3428 1754 3498 τὴν
1785 3428 1881 3481 οὑ-

301 3521 426 3573 σίαν
464 3518 734 3589 δηλῶσαι,
770 3522 865 3574 καὶ
895 3520 956 3573 rb
1021 3520 1289 3591 ἔμψυχον,
1323 3520 1418 3574 καὶ
1450 3519 1512 3573 rb
1543 3520 1885 3588 αίσθητικδν,

301 3613 396 3665 καὶ
423 3611 485 3665 rb
509 3612 933 3683 μεταϐατικόνς)
990 3612 1077 3666 διὰ
1101 3613 1260 3667 τοῦτο
1317 3613 1457 3679 ζῶον
1501 3614 1752 3682 λέγοντες
1793 3614 1885 3668 rbv

302 3705 596 3774 ἄνθρωπον
624 3704 868 3772 λογικὸν,
900 3705 1273 3777 προστίθεμεν
1296 3706 1372 3777 τῷ
1399 3708 1514 3779 ὅρῳ
1548 3707 1642 3762 καὶ
1670 3710 1731 3761 rb
1758 3707 1886 3777 θνη-

301 3799 417 3852 τόν.
462 3799 623 3867 Δηλοί
653 3799 761 3869 γὰρ
792 3799 855 3853 rb
879 3798 976 3852 τοῦ
1010 3798 1153 3862 ζώου
1181 3799 1355 3868 ὄνομα
1407 3802 1502 3851 καὶ
1529 3799 1622 3852 rbv
1652 3798 1888 3866 ἄγγελον

303 3897 378 3955 ὡς
407 3894 555 3962 ζωῆς
587 3895 893 3963 μετέχοντα
927 3895 1021 3947 καὶ
1045 3893 1231 3957 αὑτὸν,
1259 3897 1306 3947 εί
1346 3896 1440 3949 καὶ
1474 3896 1572 3962 τῆς
1615 3895 1887 3949 ἀθανάτου

307 3989 404 4041 καὶ
446 3989 587 4056 ὑπὲρ
617 3987 910 4057 αἴσθησιν⁹
948 3988 1009 4050 ὃς
1036 3988 1101 4059 δὴ
1127 3987 1224 4041 καὶ
1274 3990 1495 4057 λογικός
1530 3991 1672 4053 ὲστι,
1717 3989 1814 4043 καὶ
1852 3990 1887 4059 ἡ

302 4083 595 4151 λογικότης
648 4081 815 4135 αὑτοῦ
877 4082 1062 4151 πάσης
1116 4082 1342 4150 ἀλογίας
1378 4083 1731 4151 ἁνεπιμιγὴς,
1794 4082 1893 4136 καὶ

307 4180 547 4246 πάμπαν
575 4176 909 4246 ἀμέθεκτος.
942 4176 1063 4232 ’ἴνα
1097 4176 1228 4245 γοῦν
1260 4178 1451 4246 μήτις,
1491 4177 1706 4230 ἀκούων
1748 4176 1891 4241 ζῶον

302 4273 562 4341 λογικὸν,
587 4270 842 4343 ὑπολάϐῃ
870 4271 1034 4342 τυχδν
1088 4272 1183 4325 τὸν
1219 4273 1453 4340 ἄγγελον
1510 4271 1795 4338 λέγεσθαι,
1830 4272 1891 4324 rb

303 4366 501 4436 θνητὸν
535 4365 840 4435 ὲπεισήχθη
870 4365 946 4434 τῷ
977 4364 1091 4434 ὅρῳ
1112 4364 1199 4416 διὰ
1227 4365 1527 4435 σαφήνειαν
1557 4364 1791 4430 ἔξιυθενο
1827 4367 1890 4419 οὑ

302 4462 411 4531 μὴν
438 4462 546 4514 ἀπὸ
596 4461 698 4527 τῆς
737 4460 879 4513 κατὰ
908 4459 1009 4528 τὴν
1039 4440 1228 4512 οὑσίαν
1273 4459 1450 4529 τομῆς
1488 4462 1585 4512 καὶ
1638 4461 1888 4514 ὑποδιαι-

304 4556 529 4624 ρέσεως.
565 4554 701 4606 Οὐδὲ
735 4552 844 4621 γάρ
889 4553 1041 4605 ἐστιν
1065 4552 1201 4605 αὑτὸ
1220 4552 1283 4604 rb
1305 4551 1466 4617 ζῶον,
1485 4553 1757 4617 τουτέστι,
1787 4554 1889 4622 τὴν

1997 3427 2304 3482 nitionihus
2333 3443 2456 3498 quae
2488 3438 2618 3483 sunt
2645 3432 2885 3485 concisa:
2913 3428 3186 3485 orationes
3223 3428 3391 3485 multa
3413 3431 3575 3485 verba

1998 3533 2254 3594 oporteat
2283 3523 2488 3590 facere,
2530 3540 2656 3580 cum
2690 3540 2796 3579 una
2829 3526 3074 3583 dictione
3110 3526 3580 3597 Comprehendere

2001 3620 2161 3674 liceat
2198 3633 2365 3687 quam
2399 3618 2740 3689 plurima,et
2771 3618 3007 3673 dicendo
3054 3618 3255 3672 animal
3298 3617 3579 3672 declarare

1994 3722 2048 3767 et
2078 3713 2447 3768 substantiam
2480 3720 2536 3766 et
2568 3710 2871 3765 animatum
2900 3721 2955 3765 et
2976 3711 3217 3766 sentiens
3245 3720 3297 3765 et
3322 3724 3576 3780 progres—

1994 3805 2236 3873 sivnm?)
2277 3814 2567 3875 eapropter
2599 3805 3021 3874 pronuntiantes
3068 3804 3344 3857 hominem
3416 3803 3574 3872 167

1997 3899 2202 3953 animal
2244 3897 2510 3952 rationale
2537 3897 2844 3952 deﬁnitioni
2881 3897 3045 3952 etiam
3080 3888 3142 3949 rb
3175 3897 3407 3951 mortale
3439 3894 3578 3965 adji—

1999 3993 2193 4049 cimns.
2224 3992 2431 4049 Nomen
2458 3992 2602 4047 enim
2638 3993 2892 4047 animalis
2919 3992 3085 4048 etiam
3121 3992 3371 4062 angelum
3399 3990 3580 4043 deela-

1998 4095 2121 4151 rat,
2161 4094 2221 4141 ut
2272 4088 2365 4155 qui
2409 4096 2465 4141 et
2501 4085 2618 4155 ipse
2652 4085 2761 4139 vita
2798 4086 3210 4152 communicet,
3263 4098 3578 4155 quanquam

1999 4178 2297 4235 immortali
2329 4193 2665 4248 sensumque
2706 4186 3040 4248 superante;
3079 4177 3261 4248 utqui
3311 4185 3365 4231 et
3414 4177 3579 4230 ratio.

1998 4273 2142 4327 nalis
2172 4272 2240 4327 sit
2274 4282 2329 4327 et
2360 4273 2523 4340 cujus
2565 4270 2583 4343 (
2615 4281 2670 4324 ut
2706 4274 2781 4325 ita
2819 4271 2996 4326 dicam
3024 4272 3043 4340 )
3078 4269 3423 4325 rationalitas
3455 4285 3580 4323 cum

1997 4366 2421 4420 irrationalitate
2466 4365 2616 4420 omni
2648 4364 2991 4434 iutpermista
3037 4364 3107 4419 sit
3150 4371 3203 4420 et
3242 4364 3377 4418 nihil
3425 4363 3583 4432 quid~

1997 4474 2159 4529 quam
2190 4458 2507 4513 commercii
2536 4456 2770 4513 habens.
2804 4453 2882 4510 Ne
2904 4455 3027 4525 quis
3051 4470 3181 4525 ergo
3208 4455 3439 4509 audiens
3469 4452 3583 4507 ani-

1997 4552 2105 4605 mal
2154 4551 2420 4605 rationale
2451 4550 2733 4604 existimet
2774 4547 3009 4603 fortasse
3043 4547 3296 4616 angelum
3335 4546 3440 4600 dici
3471 4585 3486 4610 ,
3518 4544 3581 4598 rb

296 4649 490 4701 οὐσίαν
516 4646 616 4715 τὴν
642 4645 912 4716 ἔμψυχον,
943 4645 1045 4716 τὴν
1075 4646 1404 4717 αἰσθητικὴν
1448 4647 1545 4699 καὶ
1582 4646 1882 4712 μεταϐατι-

1993 4645 2224 4699 mortale
2277 4641 2582 4699 deﬁnitioni
2630 4640 2916 4711 (hominis)
2966 4640 3420 4710 snperinductum
3492 4646 3581 4692 est

300 4743 426 4810 ιὴν,
458 4743 540 4803 είς
563 4740 787 4807 λογικὸν
840 4740 939 4793 καὶ
970 4739 1167 4806 ἄλογον
1210 4739 1626 4809 διαιρήσαντας,
1662 4738 1884 4792 ὑποδεε-

301 4836 417 4888 λεῖν
476 4829 636 4897 αὖθις
705 4834 765 4886 rb
803 4833 1021 4900 λογικὸν
1054 4835 1158 4896 είς
1204 4835 1403 4903 θνητὸν
1455 4836 1549 4887 καὶ
1586 4834 1886 4889 ἀθάνατον.

304 4926 465 4980 Οὕτω
494 4928 601 4995 γὰρ
630 4928 985 4995 ποιήσαντες,
1014 4925 1047 4994 ἦ
1080 4924 1174 4977 τὸν
1220 4925 1541 4994 Ἑλληνικὸν
1586 4925 1744 4977 ὕθλον
1791 4942 1887 4978 συ-

305 5019 606 5087 στήσομεν,
634 5016 729 5070 καὶ
769 5021 839 5070 τὰ
869 5016 1101 5084 οὐράνια
1143 5016 1375 5087 σώματα
1414 5016 1528 5080 ζῶα
1560 5016 1886 5086 τερατευσό-

308 5112 592 5180 μεθα,καὶ
643 5108 805 5164 αὐτοὶ
849 5112 947 5163 καὶ
990 5109 1190 5178 λογικὰ
1235 5110 1333 5163 καὶ
1384 5109 1628 5162 ἀθάνατα
1683 5109 1716 5179 ἢ
1762 5109 1890 5171 τοὺς

306 5204 573 5272 ἀγγέλους
597 5204 712 5268 ζῶα
741 5201 992 5267 εἰπόντες
1024 5202 1291 5267 ἀθάνατα,
1358 5202 1658 5271 δοξάσομεν
1689 5202 1887 5265 αὐτοὺς

300 5297 582 5382 ἐμςὺχους
605 5315 663 5349 τε
688 5298 782 5349 καὶ
806 5296 1163 5367 αἰσθητικοὺς
1185 5312 1200 5327 ο
1234 5297 1283 5349 εί
1308 5296 1464 5348 τοῦτο
1486 5295 1540 5348 δὲ
1578 5296 1673 5347 καὶ
1705 5311 1882 5348 σεσω-

304 5390 668 5461 ματωμένους
699 5388 794 5441 καὶ
825 5388 970 5442 οὕτω
1000 5388 1306 5452 ἀθανάτους
1355 5388 1753 5459 ὁμολογοῦντες
1788 5389 1882 5439 αὑ-

299 5487 448 5547 τοὺς,
481 5482 796 5535 τούναντίον
857 5482 1060 5550 μᾶλλον
1092 5482 1320 5549 θνητοὺς
1342 5478 1484 5535 εἶναι
1544 5480 1886 5535 κατασκευά-

305 5592 470 5640 σομιν
504 5575 562 5639 ἑξ
595 5569 944 5643 ὧνλέγομεν.
981 5574 1148 5627 Πάλιν
1174 5573 1336 5645 εἴπερ
1360 5575 1426 5626 ὲκ
1456 5572 1549 5625 τοῦ
1578 5573 1773 5641 θνητοῦ
1791 5573 1884 5625 τὸν

303 5668 591 5735 ἄνθρωπον
626 5667 922 5736 διέλοιμεν,
957 5666 1172 5719 καὶτὸν
1209 5667 1358 5736 βοῦν,
1415 5666 1511 5719 καὶ
1544 5667 1637 5719 τὸν
1688 5666 1878 5731 ἵππον,

302 5761 399 5811 καὶ
428 5760 497 5811 τὰ
534 5758 697 5812 λοιπὰ
726 5758 863 5823 («Lar
896 5761 1005 5813 πᾶν
1031 5760 1091 5812 τὸ
1131 5760 1324 5829 θαητὸν
1356 5758 1510 5813 ἔσται
1537 5760 1631 5812 καὶ
1662 5758 1879 5829 λογικόν

306 5852 395 5915 tri
434 5851 543 5922 γὰρ
569 5852 755 5905 ἐπάνω
776 5853 887 5904 τῶν
921 5853 1184 5905 ὑποκάτω
1212 5850 1673 5920 κατηγοροῦνται)
1710 5867 1721 5879 ’
1751 5854 1879 5904 κάν-

302 5944 492 5998 τεῦθεν
520 5945 752 6016 ἁρμόσει
788 5945 880 5997 καὶ
916 5946 1027 6008 τοῖς
1072 5943 1283 6010 ἀλόγοις
1317 5944 1376 5997 rb
1440 5943 1657 6013 λογικῦν
1694 5959 1705 5973 ·
1740 5947 1876 6015 ὅπερ

1996 4736 2382 4791 extrinsecus:
2418 4749 2526 4789 non
2570 4748 2707 4788 vero
2739 4749 2803 4787 ex
2851 4732 3173 4788 substantia:
3232 4732 3483 4787 sectione
3522 4738 3581 4785 et

1998 4827 2396 4883 subdivisione.
2444 4824 2630 4894 Neque
2659 4824 2805 4880 enim
2849 4840 2977 4880 cum
3029 4823 3258 4892 animal,
3313 4824 3419 4878 hoc
3451 4834 3578 4884 est.

2000 4919 2364 4977 substantiam
2396 4917 2693 4971 animatam
2738 4916 3069 4972 sentientem
3093 4923 3146 4970 et
3170 4915 3578 4986 progressivam

2004 5014 2056 5067 in
2094 5011 2360 5066 rationale
2386 5022 2443 5064 et
2473 5009 2793 5063 irrationale
2810 5008 3186 5070 diviserimus,
3220 5005 3349 5059 licet
3376 5008 3576 5060 iterum

2006 5106 2269 5160 rationale
2300 5104 2351 5157 in
2383 5102 2616 5157 mortale
2652 5112 2706 5156 et
2746 5100 3054 5155 immortale
3084 5098 3458 5155 subdividcre.
3485 5096 3581 5152 Sic

2000 5200 2145 5253 enim
2176 5199 2219 5252 si
2258 5197 2575 5258 fecerimus,
2600 5193 3060 5248 autGrmcanicas
3090 5208 3263 5263 nugas
3297 5207 3577 5246 commen-

2001 5291 2250 5345 dabimns
2282 5299 2337 5343 et
2381 5303 2614 5357 corpora
2644 5287 2891 5342 cteleStia
2928 5286 3237 5356 prodigiose
3269 5285 3573 5339 aﬁirmabi-

2001 5400 2125 5437 Inus
2163 5384 2261 5452 ipsi
2287 5397 2508 5452 quoque
2537 5381 2798 5435 animalia
2830 5379 3118 5445 rationalia
3141 5388 3196 5432 et
3221 5378 3578 5441 immortalia,

1996 5483 2090 5528 aut
2115 5476 2157 5530 si
2187 5476 2411 5545 angelos
2435 5472 2739 5529 dixerimus
2756 5471 3015 5528 animalia
3051 5471 3409 5535 immortalia,
3431 5470 3584 5540 ipsos

1989 5586 2114 5623 cum
2153 5569 2425 5624 animatos
2460 5576 2576 5621 tum
2623 5569 2932 5623 sentientes
2969 5565 3361 5646 opinabimur:
3397 5564 3442 5618 si
3486 5564 3587 5615 hoc

1996 5673 2051 5716 et
2077 5672 2394 5732 corporales
2421 5679 2434 5715 :
2466 5670 2520 5718 et
2547 5664 2629 5717 sic
2672 5660 2802 5714 dum
2848 5674 2945 5716 eos
2993 5658 3334 5713 immortales
3362 5656 3583 5725 proﬁte-

1993 5772 2140 5816 mur.
2186 5771 2217 5811 e
2264 5765 2456 5811 contra
2500 5756 2684 5825 potius
2718 5755 2982 5811 mortales
3010 5767 3133 5808 esse
3178 5752 3385 5807 nostris
3422 5749 3584 5803 dictis

1989 5849 2461 5904 confirmabimus.
2498 5849 2706 5902 Rursus
2733 5849 2777 5902 si
2833 5863 2896 5901 ex
2929 5845 3146 5901 mortali
3191 5843 3462 5896 hominem
3500 5841 3574 5892 til-

1995 5944 2287 6000 riscrimus
2325 5943 2485 6013 163
2512 5953 2561 5999 et
2590 5943 2782 5997 liorem
2816 5950 2868 5996 ct
2904 5954 3105 6009 equum
3132 5945 3185 5991 et
3225 5943 3419 5990 uetera
3464 5936 3583 5987 ani-
