3868 6362
310 397 419 465 819

1471 397 1898 465 NICEPHORI
1942 401 2367 467 BLEMMIDIE

3466 398 3569 464 820

311 518 512 584 malia';
547 531 710 574 omne
741 515 973 573 mortale
999 515 1105 573 erit
1149 516 1314 574 etiam
1380 518 1649 576 rationale
1699 518 1888 593 (stipee

2000 519 2144 576 ιστὶν
2169 516 2547 580 ἆτοτιτιὲηατον.
2576 522 2937 595 Τμηθήσεται
2962 519 3096 591 γοῦν
3116 519 3181 575 τὸ
3205 519 3424 590 λογικὸν
3438 517 3574 584 ζῶον

311 612 459 668 riora
509 612 653 666 enim
688 610 756 666 de
795 610 1151 669 inferioribus
1181 612 1644 681 praedicabuntur)
1677 622 1887 684 :atque

308 704 437 759 hinc
451 704 612 760 ctiam
632 705 1098 761 irrationabilibus
1117 704 1381 760 rationale
1400 706 1710 769 conveniet,
1741 703 1890 775 quod

1997 615 2181 680 εὐθὺς,
2216 616 2398 672 εῐτουν
2448 618 2478 672 ὁ
2526 616 2837 687 ἄνθρωπος,
2896 619 2975 681 εἰς
3010 615 3081 671 τὰ
3115 615 3299 687 ἄτομα
3349 614 3575 684 Πέτρον,

2001 705 2217 762 Παῦλον
2241 708 2338 762 καὶ
2362 706 2463 773 τὰς
2483 708 2681 772 λοιπὰς
2707 707 3066 771 ὑποστάσεις.

308 811 442 852 sane
464 806 547 854 est
579 797 1052 855 absurdissiumm.
1094 796 1382 853 Secabitur
1428 814 1561 870 ergo
1592 801 1865 855 rationale
1902 798 2106 856 animal
2145 803 2264 859 sive
2309 804 2475 860 homo
2542 813 2693 860 recta
2755 802 2881 869 (seu
2926 800 3263 871 immediate)
3313 799 3368 855 in
3439 795 3577 852 indi-

309 888 470 946 vidua
504 907 519 944 :
549 891 795 956 Petrum,
829 891 1056 947 Paulum
1083 904 1134 948 et
1159 896 1396 962 reliquas
1438 896 1778 964 hypostases.

381 990 436 1045 6.
468 989 618 1055 Quas
652 991 830 1058 inquit
864 991 1190 1047 Aristoteles
1218 992 1327 1047 dici
1363 992 1710 1046 substantias
1764 1006 1890 1059 pro-

319 1086 602 1154 priiss‘me
639 1095 695 1140 et
752 1086 931 1152 primo
984 1097 1038 1140 et
1079 1090 1338 1141 maxime.
1403 1085 1687 1140 ludivitlua
1739 1085 1889 1139 enim

313 1187 563 1245 respectu
599 1194 791 1233 eorum
820 1180 913 1249 qui
936 1179 1233 1234 sensibilcs
1261 1188 1390 1234 sunt
1421 1178 1636 1248 (etiam)
1668 1178 1894 1246 proprie

312 1272 773 1327 substantia-esse
792 1272 1053 1327 videntur
1073 1282 1358 1341 prapterca
1379 1271 1522 1338 quod
1548 1271 1892 1326 sensibiliter

313 1365 604 1419 exsistant.
631 1364 700 1419 Et
745 1367 921 1432 primo
957 1365 1446 1432 apprelmuluntur
1479 1381 1497 1419 :
1536 1364 1737 1418 etenim
1774 1363 1893 1417 dia-

312 1473 435 1513 nma
477 1468 665 1511 nostra
701 1474 796 1527 per
827 1458 1106 1512 sensibilis
1135 1459 1453 1524 provehitur
1501 1457 1567 1511 ad
1637 1458 1892 1528 intelligi-

305 1547 459 1603 bilia.
499 1550 566 1605 Et
601 1551 834 1604 tnaxime
867 1551 1186 1605 substantize
1248 1566 1374 1606 esse
1422 1561 1707 1620 apparent,
1762 1565 1890 1620 pro-

306 1655 496 1713 pterea
536 1643 680 1709 quod
746 1643 800 1697 in
866 1643 1066 1712 scipsis
1135 1654 1258 1698 actu
1318 1644 1523 1698 habent
1583 1643 1891 1700 accidentia

306 1737 656 1792 assistentia.
691 1738 873 1806 Atque
909 1739 1071 1793 talem
1113 1736 1335 1808 quidem
1366 1737 1563 1809 vulgus
1595 1737 1885 1793 hominum

307 1823 376 1877 de
406 1824 513 1877 illis
541 1826 855 1891 opinionem
896 1824 1083 1879 habet.

2060 1003 2141 1056 ς’.
2181 989 2285 1053 "Ac
2326 1008 2492 1061 φησιν
2545 992 2575 1045 ὁ
2615 988 3007 1061 Ἀριστοτέλης
3069 984 3261 1047 οὐσίας
3324 978 3574 1048 λέγεσθαι

1993 1085 2317 1156 κυριώτατά
2369 1103 2429 1140 τε
2457 1087 2556 1140 καὶ
2605 1084 2841 1152 πρώτως
2892 1084 2991 1137 καὶ
3036 1081 3295 1146 μάλιστα.
3328 1077 3409 1130 Τά
3469 1074 3576 1144 γὰρ

1994 1180 2180 1246 ἄτομα
2203 1178 2342 1248 πρὸς
2369 1178 2496 1243 τούς
2525 1178 2825 1245 αἰσθητοὺς
2880 1176 3023 1241 (καὶ)
3068 1174 3279 1243 κυρίως
3328 1169 3576 1224 δοκοῦσιν

1996 1272 2177 1325 οὐσίαι
2224 1272 2503 1337 λέγεσθαι,
2559 1271 2650 1326 διὸ.
2688 1272 2750 1323 τδ
2809 1269 3086 1336 αἰσθητῶς
3145 1266 3434 1335 ὐπάργειν,
3483 1259 3578 1315 καὶ

1996 1365 2235 1435 πρώτως
2262 1364 2803 1433 καταλαμϐάνονται.
2836 1363 2935 1416 Διά
2960 1362 3068 1414 τῶν
3093 1358 3373 1425 αἰσθητῶν
3402 1356 3511 1424 γὰρ
3544 1354 3574 1422 ἡ

1993 1459 2207 1513 διάνοια
2240 1459 2272 1526 ἡ
2284 1457 2400 1527 μῶν
2428 1459 2696 1524 ἀνάγεται
2727 1456 2863 1527 πρὸς
2889 1456 2957 1508 τὰ
2979 1453 3170 1518 νοητά.
3205 1451 3316 1505 Καὶ
3342 1449 3577 1517 μάλιστα

1992 1551 2273 1624 φαίνονται
2339 1551 2523 1605 οὐσίαι
2578 1547 2743 1614 εἶναι,
2833 1548 2922 1604 διὰ
2970 1548 3031 1602 τὸ
3092 1545 3348 1617 ἐνεργείᾳ
3432 1542 3575 1609 ἔχειν

1991 1647 2056 1699 ιν
2086 1643 2312 1705 ἑαυταῖς
2366 1642 2436 1694 τὰ
2466 1640 2858 1712 συμϐεϐηκότα
2930 1640 3270 1706 ὑπάρχοντα.
3342 1635 3452 1688 Καὶ
3484 1631 3577 1685 οὐ·

1990 1755 2071 1792 τω
2125 1735 2226 1806 μὲν
2262 1736 2292 1788 ὁ
2344 1733 2517 1813 πολὺς
2611 1734 2902 1807 ἄνθρωπος
2939 1732 3055 1802 ἔχει
3101 1729 3261 1797 δόξης
3309 1726 3436 1798 περὶ⁸
3482 1726 3580 1780 αὐ-

1992 1847 2104 1883 των

378 1916 434 1973 7.
467 1915 571 1982 Qui
602 1932 733 1973 vero
764 1919 1081 1974 accuratius
1106 1919 1508 1988 etdiligentius
1539 1920 1609 1977 de
1641 1921 1728 1976 his
1748 1936 1885 1976 con-

2071 1924 2139 1992 ζ’.
2174 1925 2242 1982 0i
2280 1924 2327 1980 δ’
2354 1922 2853 1994 ὲξεταστικώτερον
2878 1918 3238 1993 περὶτούτων
3269 1912 3575 1983 διασκεψά⁴

310 2009 629 2066 siderarunt
670 2010 1051 2080 propriissime
1084 2011 1604 2083 (principalissime)
1633 2024 1688 2068 et
1713 2014 1893 2083 primo

306 2110 364 2158 et
403 2102 637 2156 maxime
667 2103 1015 2158 substantias
1045 2118 1167 2173 quae
1187 2119 1377 2158 revera
1402 2103 1535 2168 sint,
1571 2119 1680 2160 non
1704 2105 1894 2160 dican-

310 2205 421 2258 tur.
460 2193 671 2264 species
715 2194 1144 2264 specialissimas
1203 2195 1680 2263 pronuntiarunt:
1758 2212 1892 2268 pro-

313 2283 595 2353 priissime
646 2284 869 2350 quidem
901 2284 1048 2354 quod
1086 2283 1503 2353 intclligihiliter
1532 2284 1807 2340 exsistant
1837 2293 1892 2341 et

308 2392 531 2433 sensum
559 2378 949 2433 transcendant
1001 2377 1382 2447 (intelligibilia
1416 2379 1579 2450 169
1604 2382 1750 2434 enim
1778 2395 1896 2436 me-

306 2468 446 2524 liora
468 2479 521 2525 et
540 2470 942 2540 magispropria
1002 2470 1378 2538 sensibilihus)
1411 2474 1628 2541 ;primo
1679 2482 1891 2539 autem,

312 2574 373 2617 ut
428 2579 552 2631 quae
587 2564 1013 2633 primo-omnes
1068 2563 1406 2619 dilfercutias
1462 2566 1789 2622 essentiales
1838 2574 1892 2621 et

304 2657 530 2725 propria
588 2656 901 2726 recipiant,
963 2665 1019 2709 et
1071 2658 1185 2712 haec
1243 2657 1426 2712 omnia
1478 2669 1893 2728 consequenter

307 2750 616 2806 individuis
658 2766 685 2804 a
743 2766 804 2834 se
866 2750 1187 2818 impertiant
1243 2757 1331 2822 (ex
1394 2753 1690 2806 universali
1744 2754 1891 2808 enim

307 2846 526 2899 homine
552 2855 605 2901 et
632 2845 827 2902 Petrus
856 2847 1019 2904 homo
1034 2848 1254 2912 dicitur,
1297 2854 1353 2904 et
1384 2848 1597 2901 animal
1622 2848 1893 2904 rationale

302 2940 541 2995 mortale
585 2940 957 3010 intelligentiae
1008 2951 1061 2996 et
1099 2943 1344 2997 scientia:
1401 2942 1628 3011 capax):
1657 2942 1893 2998 maxime

305 3031 569 3100 denique,
603 3040 665 3086 ut
692 3047 812 3100 quae
845 3032 1193 3088 alterationis
1218 3041 1473 3102 expertes
1502 3043 1555 3087 et
1580 3032 1803 3087 stabiles
1838 3040 1893 3087 ct

307 3139 525 3194 semper
565 3126 698 3189 sint,
732 3141 858 3181 cum
897 3126 1175 3180 individua
1222 3128 1528 3182 alterentur
1557 3135 1613 3183 et
1658 3126 1894 3183 instabi-

307 3216 380 3271 lia
411 3218 545 3283 sint,
583 3227 639 3272 et
675 3218 814 3273 alias
837 3218 942 3272 alia
965 3228 1303 3288 generentur
1333 3228 1388 3274 et
1436 3229 1890 3289 corrumpantur.

381 3306 436 3362 8.
466 3304 620 3362 Unde
651 3308 816 3363 etiam
844 3309 921 3363 illi
955 3283 1048 3378 qui
1071 3325 1254 3364 veram
1278 3283 1683 3380 philosophiam
1709 3309 1894 3379 iuqtti-
1920 3283 1963 3341 ο

321 3399 597 3464 siverunt,
634 3416 1086 3472 unamquamque
1126 3404 1435 3472 specierum
1465 3403 1895 3473 specialissima-

314 3508 435 3547 rum
487 3494 857 3549 substantiam
913 3503 969 3550 et
1022 3503 1277 3550 naturam
1339 3495 1505 3550 simul
1555 3506 1610 3551 et
1656 3495 1889 3553 formam

307 3599 618 3658 vocarunt;
677 3590 1069 3657 substantiam,
1134 3599 1196 3646 ut
1250 3605 1372 3662 quas
1421 3607 1641 3662 semper
1710 3592 1783 3648 sit
1836 3599 1892 3647 et

307 3698 582 3750 nunquam
607 3693 994 3752 corrumpatur
1029 3699 1046 3739 :
1074 3692 1348 3751 naturam,
1382 3693 1441 3741 ut
1466 3700 1590 3755 qua:
1622 3685 1893 3755 germinet

309 3773 1119 3846 (seu'producat)hypostases,
1154 3789 1210 3831 et
1272 3778 1605 3847 principium
1647 3785 1701 3830 et
1751 3790 1881 3830 cau-

307 3880 397 3921 sas
431 3879 485 3920 et
535 3868 617 3923 vis
664 3869 1020 3924 immutabilis
1068 3869 1329 3926 omnibus
1370 3870 1475 3926 sub
1544 3884 1605 3925 se
1660 3878 1891 3923 conten-

309 3958 383 4012 tis
444 3959 837 4029 hypostasihus
902 3963 1159 4027 exsistat,
1224 3970 1277 4018 et
1344 3963 1491 4019 hunc
1541 3963 1595 4017 in
1663 3961 1886 4016 modum

305 4053 515 4106 moveri
569 4053 744 4108 cuivis
770 4054 984 4109 illarum
1015 4055 1297 4126 praebeat:
1339 4053 1570 4109 formam
1628 4053 1886 4121 denique,

307 4146 455 4214 quod
482 4148 791 4214 speciiicata
826 4148 901 4204 sit
927 4157 981 4204 et
1012 4149 1242 4203 formata
1275 4146 1667 4203 essentialibus
1730 4145 1902 4201 δίκε.-

306 4240 502 4296 rentiis
546 4249 601 4296 et
647 4243 889 4311 propriis
936 4258 1102 4310 quam
1153 4242 1580 4311 perfectissime,
1633 4249 1688 4295 et
1757 4239 1885 4294 uni-

304 4348 499 4389 versas
530 4333 862 4391 lormatnras
889 4351 983 4392 seu
1011 4336 1360 4391 characteres
1388 4349 1578 4391 eorum
1614 4347 1736 4405 qua:
1784 4332 1888 4393 sub

303 4428 423 4493 ipsa
458 4435 610 4490 sunt,
644 4429 1099 4500 comprehendat.

374 4522 431 4576 9.
464 4519 753 4575 lndividua
786 4531 994 4584 autem.
1022 4520 1183 4591 17o
1207 4526 1486 4590 quatenus
1522 4526 1706 4589 partes
1756 4524 1886 4573 sunt

303 4613 764 4681 substantiarum,
819 4624 1055 4671 eatenus
1104 4615 1271 4669 etiam
1339 4613 1669 4669 substantiae
1720 4626 1887 4668 voca-

303 4707 533 4761 buntur.
560 4708 698 4763 Nam
734 4717 791 4764 et
821 4709 976 4765 Plato
1002 4708 1256 4764 homines
1284 4707 1651 4778 particulares
1702 4705 1888 4761 homi-

303 4797 391 4852 nis
420 4796 595 4855 l'rusta
652 4802 773 4871 (seu
810 4799 1136 4871 particulas)
1173 4813 1308 4857 esse.
1371 4798 1578 4868 inquit.
1614 4797 1771 4854 Unde
1830 4804 1887 4853 et

303 4891 404 4949 Pet
427 4910 502 4947 'us
545 4894 766 4962 quidem
810 4902 899 4949 est
930 4892 1260 4955 substantia,
1292 4899 1347 4946 et
1392 4890 1593 4947 Paulus
1625 4898 1712 4947 est
1755 4890 1891 4946 sub-

307 4988 535 5045 stantia.
561 4987 679 5065 Sed
694 4988 914 5060 utrique
930 4988 1092 5044 etiam
1124 4985 1368 5057 ejusdem
1388 4991 1517 5041 sunt
1544 4982 1883 5040 substantiae.

2000 2037 2154 2092 μενοι
2216 2019 2539 2091 κυριώτατα
2605 2017 2701 2072 καὶ
2733 2019 2967 2086 πρώτως
3021 2014 3127 2069 καὶ,
3165 2010 3406 2081 μάλιστα
3458 2004 3579 2061 κατ’

1996 2114 2258 2183 ἀλήθειαν
2283 2114 2478 2174 οὐσίας
2517 2110 2687 2174 οὔσας
2718 2110 2779 2163 οὐ
2806 2107 3112 2176 λεγομένας
3142 2103 3212 2157 τὰ
3246 2098 3579 2154 εἰδικώτατα

1994 2209 2204 2277 ἔφασαν
2237 2207 2353 2277 εῐδη
2376 2223 2391 2238 °
2416 2203 2735 2274 κυριώτατα
2769 2203 2890 2271 μὲν,
2923 2200 3012 2253 διὰ
3063 2197 3126 2250 τδ
3167 2193 3376 2264 νοητῶ;
3404 2193 3582 2260 ὑπάρ-

1994 2318 2113 2374 χειν
2160 2301 2258 2354 καὶ
2299 2298 2663 2369 ὑπερϐαίνειν
2712 2293 2813 2366 τὴν
2855 2291 3130 2361 αἴσθησιν.
3184 2286 3437 2355 Κρείττω
3470 2282 3579 2350 γὰρ

1995 2396 2091 2451 καὶ
2113 2392 2427 2464 κυριώτερα
2452 2390 2562 2444 τῶν
2592 2386 2871 2460 αἰσθητῶν
2915 2384 2986 2439 τὰ
3014 2382 3207 2453 νοητά.
3236 2378 3477 2447 Πρώτως
3498 2375 3579 2441 δὲ,

2006 2486 2083 2551 ὡς
2113 2485 2348 2557 πρώτως
2384 2482 2783 2553 έπιδεδεγμένα
2805 2480 2986 2540 πάσας
3019 2477 3118 2537 τὰς
3146 2470 3425 2529 οὐσιῶδεις
3457 2468 3581 2522 δια-

1997 2578 2172 2651 φορὰς
2191 2578 2289 2632 καὶ
2319 2577 2386 2630 τὰ
2422 2576 2551 2638 ἴδια,
2592 2575 2690 2629 καὶ
2721 2573 2935 2626 τούτων
2972 2569 3195 2624 πάντων
3227 2563 3580 2634 μεταδιδόντα

1995 2674 2109 2736 τοῖς
2143 2671 2369 2738 ἀτόμοις
2401 2668 2651 2739 ὑστέρως
2691 2667 2786 2734 ἀφ’
2817 2665 3054 2719 ἑαυτῶν.
3091 2663 3189 2714 Ἐκ
3220 2660 3329 2726 γὰρ
3354 2656 3449 2711 τοῦ
3479 2671 3580 2708 κα-

1999 2764 2158 2818 θόλου
2192 2762 2484 2832 άνθρὼπου
2528 2761 2624 2815 καὶ
2659 2762 2688 2815 ὸ
2741 2759 2952 2830 Πέτρος
3008 2753 3300 2824 ἄνθρωπος
3333 2748 3577 2815 λέγεται,

1995 2857 2093 2911 καὶ
2116 2855 2257 2920 ζῶον
2296 2854 2524 2923 λογικὸν
2555 2852 2778 2925 θνητὸν,
2818 2849 2914 2905 νοῦ
2944 2851 3040 2904 καὶ⁵
3067 2848 3381 2915 ἐπιστήμης
3400 2843 3583 2896 δεκτι-

1996 2951 2132 3004 κόνο
2170 2949 2414 3017 μάλιστα
2460 2947 2517 3001 δὲ
2549 2946 2626 3010 ὡς
2680 2944 3010 2999 ἑναλλοίωτα
3043 2942 3137 2996 καὶ
3191 2940 3434 3003 στάσιμα
3485 2935 3582 2988 καὶ

1995 3039 2083 3093 ἀεὶ
2124 3038 2256 3092 ὄντα
2284 3038 2394 3093 τῶν
2428 3038 2651 3106 ἀτόμων
2710 3036 2985 3098 παντοίως
3034 3031 3433 3099 ἁλλοιουμένων
3480 3026 3583 3081 καὶ

1995 3131 2405 3199 ἀστατούντων,
2447 3130 2544 3185 καὶ
2586 3129 2780 3186 ἄλλοτε
2834 3129 3012 3184 ἄλλων
3083 3121 3428 3195 γιγνομένων
3486 3118 3582 3173 καὶ

1998 3223 2400 3293 φθειρομένων.

2061 3326 2132 3391 η’.
2165 3319 2332 3374 Ὅθεν
2361 3318 2456 3373 καὶ
2485 3318 2535 3372 οἱ
2569 3318 2670 3388 τὴν
2718 3315 2897 3386 ἀληθῆ
2926 3312 3251 3384 φιλοσοφίαν
3303 3310 3583 3380 ζητήσανο

1993 3429 2088 3476 τες
2120 3412 2180 3465 ἓν
2218 3412 2454 3464 ἕκαστον
2486 3410 2597 3463 τῶν
2634 3406 3004 3462 είδικωτάτων
3050 3404 3210 3458 εἱδῶν
3244 3401 3441 3455 οὐσίαν
3487 3398 3583 3452 καὶ⁵

1995 3502 2161 3570 φύσιν
2186 3504 2456 3557 ἐκάλεσαν
2486 3499 2626 3570 ὁμοῦ
2691 3498 2788 3552 καὶ⁸
2834 3497 3054 3568 μορφήν
3083 3511 3098 3527 ο
3132 3495 3349 3557 οὐσίαν,
3382 3493 3458 3554 ὡς
3491 3485 3583 3544 οὗ·

1996 3611 2099 3648 σαν
2132 3596 2242 3661 ἀεὶ,
2262 3595 2360 3648 καὶ
2388 3594 2662 3664 μηδέποτε
2691 3585 3081 3661 φθειρομένην·
3104 3588 3293 3657 φύσιν,
3317 3587 3392 3649 ὡς
3419 3584 3585 3650 φύουσ-

1995 3704 2097 3742 σαν
2129 3689 2230 3750 τὰς
2260 3686 2633 3750 ὑποστάσεις,
2676 3687 2774 3738 καὶ
2800 3684 2980 3753 ἀρχὴν
3014 3681 3111 3736 καὶ
3147 3681 3334 3735 αετίαν
3366 3678 3463 3732 καὶ
3492 3676 3586 3731 δύο

1993 3797 2158 3849 ναμιν
2191 3779 2575 3849 ἀμετάϐλητον
2608 3780 2813 3840 πάσαις
2850 3778 2973 3834 ταῖς
3013 3774 3108 3826 ὑπ’
3140 3773 3311 3839 αὐτὴν
3338 3768 3583 3823 ὑποστά-

1993 3880 2154 3929 σεσιν
2175 3874 2555 3944 ὑπάρχουσαν,
2592 3872 2689 3925 καὶ
2722 3872 2784 3923 τὸ
2816 3869 3096 3923 κινεῖσθαι
3117 3865 3341 3920 τοιῶσδε
3370 3862 3583 3916 τούτων

1992 3949 2205 4041 ἑκάστῃ
2234 3968 2585 4037 παρέχουσαν
2611 3981 2626 3996 ο
2660 3963 2874 4035 μορφὴν
2907 3963 2990 4028 δὲ,
3014 3960 3104 4015 διὰ
3127 3960 3189 4013 τὸ
3238 3954 3587 4026 είδοποιηθῆο

1992 4079 2081 4116 ναι
2111 4065 2204 4115 καὶ
2235 4057 2599 4131 μορφωθῆναι
2636 4058 2756 4120 ταῖς
2784 4052 3071 4108 οὐσιώδεσι
3122 4050 3436 4119 διαφοραῖς,
3485 4044 3582 4099 καὶ

1992 4158 2107 4220 τοῖς
2138 4154 2295 4216 ίδίοις
2317 4150 2804 4214 ὼςοὲντελὲστατα,
2835 4151 2927 4203 καὶ
2950 4148 3060 4201 τῶν
3105 4146 3242 4199 ὅλων
3268 4140 3581 4213 μορφωμά-

1992 4266 2103 4304 των
2140 4247 2251 4301 τῶν
2281 4245 2375 4301 ὑπ’
2393 4245 2585 4318 αὐτὴν,
2604 4245 2725 4316 ἦτοι
2753 4242 2865 4298 τῶν
2885 4241 3253 4312 χαρακτήρων
3286 4231 3429 4290 εἶναι
3450 4232 3581 4288 συλ-

1990 4342 2290 4414 ληπτικήν.

2063 4523 2132 4580 θ’.
2171 4522 2256 4578 Τὰ
2291 4522 2336 4576 δ’
2367 4523 2550 4591 ἄτομα
2601 4519 2739 4575 καθὸ
2778 4520 2918 4591 μέρη
2945 4517 3170 4583 οὐσιῶν,
3227 4515 3372 4575 κατὰ
3420 4514 3586 4569 τοῦτο

1998 4619 2097 4674 καὶ
2154 4617 2337 4671 οὐσίαι
2392 4613 2787 4686 κληθήσονται.
2851 4614 2963 4667 Καὶ
3010 4612 3238 4666 Πλάτων
3274 4611 3384 4680 γὰρ
3455 4610 3585 4670 τοὺς

1998 4711 2146 4769 κατὰ
2170 4712 2335 4782 μέρος
2359 4710 2685 4780 ἀνθρώπους
2717 4705 3014 4777 ἀνθρώπου
3059 4704 3318 4775 κέρματά
3362 4720 3532 4772 φησιν
3576 4716 3586 4725 ’

1997 4806 2123 4864 ὃθεν
2148 4805 2243 4859 καὶ
2299 4802 2507 4873 Πέτρος
2536 4800 2637 4872 μὲν
2666 4799 2826 4854 οὐσία
2883 4799 3021 4865 ἐστὶ,
3055 4800 3150 4852 καὶ
3186 4796 3397 4860 Παῦλος
3424 4794 3586 4850 οὐσία

1998 4894 2177 4961 εστὶν,
2211 4894 2327 4951 ἀλλ’
2354 4895 2548 4960 οὐσίας
2584 4896 2718 4965 μιᾶς
2741 4895 2839 4950 καὶ
2862 4892 3190 4964 ἀμφότεροι.

1383 5114 1599 5183 Σχῆμα
1637 5113 1855 5181 κεφαλ.
1891 5108 1987 5178 ιϐ’,
2029 5111 2165 5180 περὶ
2203 5113 2443 5179 οὐσίας.

600 5327 649 5381 ιι
1090 5270 1728 5469 ξξυξῖιὶῗιιδῖοιςὶιτ

1112 5386 1123 5441 ι
1181 5360 1384 5434 κυρίω,
1405 5362 1461 5418 δὲ
1490 5364 1525 5434 ἡ
1557 5360 2038 5434 ἆντιδιαιρουμένη
2064 5365 2176 5429 τοῖς
2211 5361 2614 5432 συμὸεὸηκόσι.
