3872 6462
318 411 425 477 εει

1496 424 1936 487 NICEPHORI
1972 429 2396 495 BLEMMIDJE

3484 433 3587 495 8‘24

396 533 450 586 5.
502 530 557 585 lu
590 531 834 603 subiecto
871 541 1054 589 autem
1097 535 1266 608 (esse)
1330 538 1550 605 dicitur,
1588 542 1734 612 quod
1770 557 1891 597 cum

2076 550 2145 619 γ’.
2185 553 2275 606 Ἐν
2307 536 2655 623 ὑποκειμένῳ
2680 550 2738 606 δὲ
2773 550 3014 618 λέγεται,
3060 551 3091 606 ὃ
3141 552 3201 606 ἐν
3230 568 3337 607 τινι
3396 554 3471 622 μὴ
3510 553 3589 616 ὡς

322 623 377 678 in
408 623 592 693 aliquo
623 623 694 677 sit
719 639 828 680 non
852 634 910 680 ut
941 640 1090 697 pars,
1120 623 1465 699 impossibile
1487 640 1573 689 est
1597 648 1724 690 esse
1750 649 1899 690 seor-

263 752 271 760 .
320 717 424 769 sim
458 715 527 770 ab
564 716 703 772 eoin
736 731 846 788 quo
881 728 986 784 est,
1019 720 1352 792 quandoque
1376 725 1445 782 ab
1474 741 1540 783 eo
1572 728 1625 782 in
1678 743 1790 799 quo
1817 742 1899 786 est

318 807 657 877 cogitatione
710 823 809 866 seu
882 813 1105 869 notione
1160 817 1362 874 mentis
1424 829 1740 890 separatum
1788 837 1898 877 non

315 902 837 974 corrompitipsum.
868 904 983 963 Hoc
1026 917 1207 964 autem
1255 920 1341 967 est
1398 913 1680 971 accidens.
1734 912 1898 971 Omni

315 993 485 1060 igitur
516 997 734 1065 proprie
769 999 992 1068 quidem
1031 1001 1193 1057 dicta:
1250 1002 1574 1062 substantiae
1634 1009 1899 1079 competit

315 1103 426 1141 non
461 1103 584 1144 esse
617 1089 672 1144 in
706 1092 973 1164 subjecto.

385 1179 439 1233 4.
474 1180 589 1236 Νοη
619 1182 721 1238 soli
746 1192 926 1240 tamen
955 1187 1300 1259 substantia,
1328 1192 1423 1248 sed
1447 1192 1608 1250 etiam
1637 1195 1899 1252 substan-

316 1269 428 1323 tiali
456 1269 1024 1330 difl‘eretiti.e.Etenim
1059 1285 1115 1331 et
1139 1278 1256 1336 haec
1289 1296 1397 1335 non
1416 1289 1501 1338 est
1530 1283 1584 1338 in
1615 1283 1892 1352 subjecto.

311 1360 499 1431 Neque
516 1363 662 1418 enim
682 1365 970 1423 inhomlne
991 1371 1280 1440 rationale,
1310 1374 1447 1428 utin
1475 1374 1721 1443 subiecto
1752 1377 1900 1432 exsi-

310 1453 425 1519 stit,
461 1455 553 1511 sed
607 1464 665 1511 ut
696 1472 844 1528 pars.
880 1458 937 1516 Si
990 1462 1141 1518 enim
1203 1473 1262 1519 ut
1330 1466 1383 1519 iu
1442 1466 1694 1537 subjecto
1753 1470 1900 1524 exsi-

309 1556 498 1614 steret,
526 1548 640 1605 ficri
677 1560 861 1620 posset
894 1561 953 1608 ut
986 1555 1054 1610 ab
1086 1556 1307 1612 homine
1343 1561 1899 1636 separaretur,ll74

309 1651 365 1697 et
398 1642 563 1701 homo
590 1644 949 1704 nihilominus
976 1648 1453 1726 homomaneret.
1511 1652 1671 1710 Nunc
1710 1665 1896 1713 autem

310 1735 415 1790 hoc
452 1753 560 1791 non
589 1748 695 1794 est.
733 1740 791 1794 Si
822 1741 969 1795 enim
1004 1744 1275 1801 rationale
1303 1746 1374 1802 ab
1406 1746 1632 1804 homine
1648 1748 1893 1806 ablatum

310 1827 498 1894 fuerit,
532 1833 904 1903 corrumpitur
938 1835 1128 1894 homo.

383 1927 438 1981 ὃ.
507 1929 813 1987 Commune
895 1943 982 1989 est
1047 1935 1495 1995 substantiat-‘et
1568 1939 1896 1996 differentia:

317 2023 481 2076 etiam
537 2022 641 2079 hoc
692 2040 708 2078 :
756 2026 990 2082 univoce
1048 2028 1153 2085 diei
1219 2046 1565 2104 quzecunque
1612 2043 1742 2090 sunt
1793 2036 1897 2092 sub

317 2114 473 2182 ipsis.
507 2113 702 2174 Petrus
734 2119 880 2174 enim
934 2120 1099 2175 etiam
1161 2137 1358 2180 uornen
1411 2135 1465 2181 et
1518 2125 1894 2185 definitionem

318 2208 558 2265 nominis
591 2210 807 2281 recipit.

381 2301 437 2357 6.
505 2303 571 2359 Et
617 2319 748 2360 vero
809 2304 1077 2364 rationale
1135 2317 1367 2366 vocatur
1410 2311 1526 2383 ipsa
1555 2312 1892 2383 differentia,

311 2396 418 2451 hoc
479 2405 585 2462 est,
647 2396 765 2453 haec
828 2398 1198 2456 rationalitas.
1264 2401 1370 2458 Sed
1435 2413 1489 2459 et
1538 2403 1737 2461 Petrus
1796 2423 1897 2462 vo-

311 2498 473 2543 catur
510 2488 779 2544 rationale
804 2498 1082 2560 qoatenus
1106 2502 1191 2547 est
1234 2494 1439 2549 animal
1467 2497 1893 2553 rationalitatem

308 2581 667 2651 participans.
707 2580 825 2639 Etsi
853 2591 1032 2638 autem
1058 2586 1222 2641 etiam
1284 2587 1658 2645 definitionem
1721 2591 1895 2648 ratio-

310 2673 563 2728 nalitatis
614 2672 808 2731 Petrus
876 2675 1145 2732 invariate
1184 2694 1294 2733 non
1332 2680 1899 2752 recipitfrationalitas

306 2765 454 2819 enim
492 2763 717 2835 quidem
749 2775 831 2822 est
861 2766 1100 2823 facultas
1128 2771 1315 2825 utendi
1376 2774 1590 2830 ratione
1619 2791 1633 2826 :
1700 2776 1897 2833 Petrus

307 2866 490 2913 autem
518 2868 604 2915 est
637 2859 842 2916 animal
869 2864 1018 2931 quod
1058 2865 1231 2918 utitur
1255 2865 1524 2935 ratione),
1562 2884 1672 2923 non
1714 2880 1895 2927 tamen

307 2962 392 3008 est
425 2952 756 3009 mirandum.
819 2954 1027 3012 Dicitur
1083 2958 1227 3012 enim
1288 2957 1585 3015 univocum
1635 2970 1689 3016 et
1745 2963 1893 3035 quod

306 3058 511 3100 nomen
583 3060 648 3101 ac
701 3045 1075 3105 deﬁnitionem
1147 3048 1414 3119 impertit.
1457 3051 1669 3108 Dicitur
1722 3070 1895 3125 porro

305 3136 469 3191 etiam
502 3135 557 3191 id
590 3139 736 3208 quod
778 3147 990 3194 tantum
1044 3139 1111 3195 ad
1163 3142 1545 3199 exsistentiam
1607 3147 1889 3204 conducit.

2007 649 2176 717 μέρος
2223 649 2490 719 ὑπάρχον,
2545 647 2814 703 ἀδύνατον
2873 649 3045 721 χωρὶς
3097 645 3239 703 εἶναι
3294 646 3391 702 τοῦ
3426 650 3485 701 ἐν
3543 640 3586 714 ᾧ

2004 741 2121 795 ἐστι
2150 758 2164 772 ·
2192 741 2287 796 καὶ
2326 741 2354 794 ὃ
2377 741 2473 795 τοῦ
2512 734 2632 809 ὲνῷ
2666 742 2817 795 ἐστιν
2847 743 3065 815 ἰπινοίᾳ
3096 742 3492 814 χωριζόμενον,
3523 740 3584 795 οῦ

2003 834 2219 906 φθείρει
2254 835 2413 890 αὑτό.
2463 835 2637 890 Τοῦτο
2668 837 2725 891 δέ
2755 837 2872 891 ἔστι
2923 837 2987 891 τδ
3021 837 3396 908 συμϐεϐηκός.
3427 835 3585 905 Πάσῃ

2007 928 2110 1000 μὲν
2129 930 2222 985 οῦν
2254 932 2321 1003 τῇ
2349 932 2559 1003 κυρίως
2588 930 2750 1004 οὑσίᾳ
2773 930 3039 1004 πρόσεστι
3060 932 3123 987 τὸ
3149 930 3249 1003 μὲν
3279 933 3339 986 ὲν
3365 932 3591 986 ὑποκει-

2005 1023 2152 1095 μένῳ
2186 1022 2344 1079 εἶναι.

2067 1203 2131 1266 δ’.
2162 1210 2239 1265 Ού
2269 1211 2407 1282 μόνῃ
2433 1210 2491 1266 δὲ
2522 1215 2588 1282 τῇ
2618 1212 2798 1283 οὐσίᾳ,
2825 1213 2964 1269 ἀλλὰ
2979 1215 3076 1269 καὶ
3097 1216 3164 1287 τῇ
3194 1214 3446 1269 οὖσιώδει
3471 1215 3588 1271 61a-

2005 1304 2148 1374 φορᾷ
2180 1320 2196 1337 ο
2222 1305 2320 1358 καὶ
2347 1303 2489 1373 αὕτη
2506 1307 2617 1377 γάρ
2647 1307 2748 1360 οὑκ
2783 1307 2842 1360 ἐν
2875 1307 3228 1379 ὑποκειμένῳ
3250 1308 3423 1363 ἐστίν.
3451 1309 3587 1363 Οὐδὲ

2002 1398 2113 1467 γὰρ
2134 1397 2211 1461 ὡς
2244 1398 2305 1451 ὲν
2369 1397 2723 1471 ὑποκειμένῳ
2781 1400 3019 1471 ὑπάρχει
3072 1401 3150 1471 τῷ
3207 1401 3478 1474 ἀνθρώπῳ
3527 1403 3588 1456 τὸ

2002 1486 2244 1553 λογικὸν,
2274 1487 2485 1553 ἀλλ’ὡς
2518 1489 2704 1561 μέρος.
2741 1492 2805 1546 El
2846 1496 2956 1562 γάρ
3008 1492 3085 1555 ὡς
3118 1496 3179 1547 ἐν
3238 1492 3588 1563 ὑποκειμένῳ

2003 1578 2239 1650 ὑπῆρχε,
2279 1580 2513 1635 δυνατὸν
2542 1577 2614 1654 ἦν
2667 1584 2735 1637 ἂν
2764 1584 3100 1655 χωρίζεσθαι
3130 1582 3230 1638 τοῦ
3284 1584 3584 1665 άνθρὼπου

2001 1676 2097 1729 καὶ
2154 1675 2326 1745 μηδὲν
2376 1671 2546 1749 ἧττον
2602 1676 2894 1746 ἄνθρωπον
2961 1678 3153 1748 μένειν
3204 1679 3298 1732 τὸν
3373 1678 3586 1746 ἄνθρω-

2003 1786 2127 1825 πον.
2183 1769 2304 1825 Νῦν
2358 1771 2416 1826 δὲ
2439 1771 2598 1826 τοῦτο
2628 1772 2732 1826 οὑκ
2800 1772 3194 1846 ἔστιν.Ειγάρ
3249 1774 3582 1845 ἀφαιρεθείη

2001 1862 2094 1917 τοῦ
2127 1862 2420 1935 ἀνθρώπου
2473 1865 2535 1917 τὸ
2574 1864 2813 1934 λογικὸν,
2854 1866 2883 1919 ό
2934 1867 3228 1940 ἄνθρωπος
3272 1866 3582 1938 φθείρεται.

2065 1953 2127 2011 ε’.
2160 1955 2355 2009 Κοινδν
2380 1957 2573 2021 οὐσίας
2608 1959 2699 2011 καὶ
2738 1958 3007 2028 διαφορᾶς
3036 1959 3135 2014 xal.
3161 1959 3224 2012 τδ
3247 1961 3585 2031 συνωνύμως

2000 2048 2260 2117 λέγεσθαι
2318 2050 2499 2105 πάντα
2545 2052 2615 2104 τά
2669 2052 2762 2105 ὑπ’
2821 2052 3028 2108 αὑτῶν.
3107 2054 3169 2107 '0
3215 2052 3426 2124 Πέτρος
3474 2054 3585 2122 γὰρ

2000 2144 2096 2198 καὶ
2121 2144 2184 2198 τὸ
2223 2144 2396 2215 ὄνομα
2426 2145 2521 2199 τοῦ
2546 2146 2841 2216 ἀνθρώπου
2885 2147 2987 2217 καὶ,
3008 2146 3100 2201 τὸν
3127 2145 3363 2218 ὁρισμὸν
3399 2146 3583 2201 ἐπιδέ-

1998 2254 2178 2311 χεται.

2068 2333 2148 2401 ς’.
2177 2335 2287 2389 Καὶ
2311 2335 2534 2404 λογικὸν
2562 2335 2621 2390 δὲ
2653 2335 2901 2390 καλεῖται
2953 2335 3056 2407 μὲν
3108 2336 3205 2390 καὶ
3233 2336 3266 2406 ή
3314 2334 3574 2404 διαφορὰ,

1998 2427 2286 2483 τουτέστιν
2339 2430 2370 2498 η
2426 2428 2721 2497 λογικότης
2779 2426 2921 2496 αὕτη
2951 2444 2964 2458 ·
2998 2428 3248 2484 καλειται
3297 2428 3354 2482 δὲ
3413 2427 3504 2481 καὶ
3553 2428 3582 2478 ὁ

1998 2521 2208 2594 Πέτρος
2266 2522 2508 2591 λογικὸν,
2531 2522 2668 2576 καθὸ
2701 2521 2842 2587 ζῶον
2877 2520 3106 2591 μετέχον
3156 2520 3255 2590 τῆς
3298 2519 3585 2588 λογικότη-

1997 2632 2109 2679 τος.
2147 2615 2209 2668 Εἰ
2247 2615 2303 2668 δὲ
2347 2616 2442 2668 καὶ
2471 2614 2563 2668 τὸν
2614 2615 2742 2684 ὅρον
2793 2616 2893 2682 τῆς
2933 2612 3284 2684 λογικότητος
3330 2611 3586 2681 ἀπαραλ·

1998 2705 2217 2769 λάκτως
2257 2706 2518 2778 ὀΠέτρος
2566 2706 2671 2759 οὑκ
2734 2705 3052 2775 ἐπιδέχεται
3114 2704 3425 2775 (λογικότης
3484 2704 3585 2771 μὲν

1998 2799 2110 2869 γάρ
2141 2802 2261 2853 ἐστι
2283 2799 2521 2865 δύναμις
2545 2798 2797 2870 χρήσεως
2827 2797 2991 2865 λόγου
3019 2812 3036 2829 ·
3068 2796 3097 2851 δ
3127 2796 3184 2850 δὲ
3209 2796 3417 2866 Πέτρος
3444 2793 3585 2860 ζῶόν

1998 2894 2118 2946 ἐστι
2141 2892 2431 2962 χρώμενον
2451 2890 2621 2961 λόγῳ)
2651 2903 2671 2919 ⁸
2698 2888 3020 2959 θαυμαστὸν
3042 2886 3218 2941 οὑδέν.
3251 2885 3584 2954 Συνὼνυμον

1998 2983 2110 3052 γὰρ
2139 2983 2366 3051 λέγεται
2396 2984 2495 3054 μὲν
2518 2984 2614 3036 καὶ
2641 2981 2780 3052 ὅπερ
2809 2978 3076 3050 ὀνόματός
3099 2996 3160 3033 τε
3206 2978 3305 3031 καὶ
3345 2974 3581 3048 ὁρισμοῦ

2002 3077 2354 3148 μεταδίδωσι.
2387 3077 2622 3139 Λέγεται
2675 3076 2733 3128 δὲ
2780 3074 2875 3128 καὶ
2927 3075 3069 3143 ὅπερ
3123 3071 3372 3125 συντελεῖ
3418 3071 3583 3141 μόνον

2000 3169 2140 3239 πρὸς
2189 3168 2448 3240 ὓπαρξιν.
2479 3168 2638 3222 Ούτω
2672 3167 2783 3237 γὰρ
2833 3167 2929 3222 καὶ
2960 3167 2989 3219 ό
3042 3163 3435 3236 Ἀριστοτέλης
3478 3165 3582 3234 τὴν

303 3227 555 3284 Ita'enim
584 3230 750 3286 etiam
776 3232 1101 3289 Aristoteles
1144 3235 1382 3291 animam
1417 3237 1484 3292 de
1512 3239 1736 3296 animali
1765 3244 1890 3297 uni-

2004 3227 2172 3334 ζμῦχην
2196 3227 2530 3332 συνωνύμως
2581 3227 3013 3329 κατηγορεῖσθαι
3047 3227 3147 3312 τοῦ
3177 3254 3318 3323 ξὼου
3360 3227 3530 3326 (ρησίν
3564 3271 3580 3287 °

302 3335 438 3376 voce
466 3321 751 3392 praedicari
778 3324 981 3395 inquit,
1006 3326 1267 3395 quoniam
1309 3327 1375 3383 ad
1407 3329 1584 3399 ipsius
1614 3334 1889 3389 exsisten-

306 3416 435 3468 tiam
468 3415 723 3472 confert:
799 3418 1013 3473 tametsi
1046 3434 1226 3489 neque
1266 3425 1488 3487 nomen]
1517 3439 1696 3495 neque
1752 3427 1889 3481 defl-

302 3507 571 3561 nitionem
638 3508 865 3565 animali
923 3510 1229 3582 impertiat.
1306 3513 1647 3573 Praedicator
1702 3527 1886 3575 autem

303 3587 610 3657 differentia
638 3601 867 3658 univoce
898 3605 965 3659 de
986 3603 1054 3659 iis
1084 3621 1205 3676 quae
1240 3607 1344 3663 sub
1379 3608 1498 3679 ipsa
1523 3620 1674 3666 sunt.

373 3692 427 3746 7.
467 3691 740 3764 thuoad
776 3695 917 3751 hanc
971 3698 1239 3754 rationem
1306 3699 1617 3757 differentia
1669 3704 1886 3761 etiamsi

302 3786 546 3856 qualitas
574 3802 699 3847 esse
727 3800 974 3861 apparet,
1013 3808 1125 3848 non
1164 3802 1343 3851 tamen
1403 3795 1561 3866 175
1617 3806 1702 3853 est
1754 3798 1891 3853 sitn-

305 3881 523 3948 pliciter
550 3882 813 3952 qualitas,
840 3886 939 3941 sed
975 3887 1213 3955 qualitas
1247 3889 1560 3946 cssentialis
1589 3906 1711 3960 quae
1742 3891 1888 3946 nulla

304 3975 642 4047 cogitatione
667 3977 737 4032 ab
758 3977 901 4034 eoin
934 3993 1041 4046 quo
1066 3989 1154 4035 est
1182 3982 1426 4051 separari
1460 3990 1661 4052 potest,
1718 3983 1889 4041 veluti

305 4068 676 4125 rationalitas.
705 4070 1204 4127 Considerantihus
1229 4074 1374 4129 enim
1410 4089 1531 4129 eam
1558 4076 1718 4130 nobis
1735 4087 1889 4132 ante-

304 4176 470 4231 quam
511 4176 636 4217 cum
670 4161 896 4218 animali
928 4165 1285 4230 congreditur
1315 4176 1370 4223 et
1411 4168 1691 4224 hominem
1726 4170 1891 4239 perfl-

308 4252 406 4318 cit,
440 4252 584 4310 forte
615 4256 734 4311 sola
789 4264 843 4312 et
899 4258 1047 4313 nuda
1099 4260 1339 4329 qualitas
1408 4261 1639 4333 intelligi
1698 4244 1889 4333 queat,

305 4360 627 4417 quanquam
698 4355 816 4404 tum
904 4351 1070 4406 etiam
1129 4368 1384 4424 magnam
1461 4355 1570 4409 vim
1641 4355 1888 4419 habens;

305 4449 665 4513 posteaquam
699 4452 880 4499 autem
911 4459 1038 4500 cum
1076 4448 1299 4502 animali
1331 4462 1628 4518 congressa
1693 4458 1801 4515 est,
1835 4460 1891 4505 et

300 4536 578 4592 hominem
595 4536 801 4601 eﬂ‘ecit,
831 4549 944 4593 tum
970 4554 1103 4595 sane
1138 4541 1314 4606 (utita
1343 4542 1639 4613 dicam),in
1660 4541 1890 4598 homine

299 4632 667 4688 substantiata
707 4632 845 4705 (sive
882 4635 936 4688 in
962 4634 1202 4691 hominis
1238 4636 1604 4691 substantiam
1643 4651 1881 4692 conver-

300 4725 384 4796 sa)
423 4735 550 4792 est;
586 4741 688 4782 nec
723 4727 889 4784 homo
913 4727 1213 4799 quidquam
1246 4729 1392 4784 aliud
1427 4737 1510 4785 est
1539 4744 1704 4799 quam
1769 4728 1887 4783 ani-

301 4817 415 4872 mal
453 4833 579 4874 cum
613 4819 1005 4876 rationalitate.
1033 4821 1171 4877 Cum
1232 4822 1399 4893 igitur
1432 4823 1777 4880 rationalitas
1821 4824 1890 4877 ab

299 4908 524 4966 homine
551 4911 781 4968 omnino
810 4913 973 4967 etiam
1009 4914 1191 4985 quoad
1244 4914 1418 4986 ipsam
1453 4918 1655 4973 mentis
1707 4920 1887 4976 notio-

299 5018 424 5057 nem
456 5001 579 5075 (seu
610 5003 1032 5077 cogitationem)
1094 5008 1166 5061 sit
1217 5007 1606 5078 inseparabilis
1643 5057 1659 5079 ,
1723 5014 1891 5072 homo

301 5106 485 5149 autem
521 5096 590 5151 de
615 5097 778 5153 Petro
820 5097 1055 5154 univoce
1129 5101 1479 5169 praedicetur,
1536 5111 1591 5158 et
1649 5105 1891 5166 hominis

299 5189 645 5245 rationalitas
667 5191 733 5245 de
758 5188 922 5246 Petro
957 5192 1187 5249 univoce
1245 5194 1479 5252 dicetur.
1515 5195 1885 5263 Quemadmo-

299 5281 432 5335 dum
462 5280 612 5339 etim
641 5283 855 5354 species
884 5285 1210 5355 praedicatur
1236 5288 1303 5343 de
1334 5288 1541 5359 aliquo,
1579 5291 1651 5345 ita
1703 5293 1771 5348 de
1820 5310 1886 5350 eo

298 5388 424 5429 cum
453 5373 639 5443 specie
675 5390 858 5430 revera
892 5374 1281 5445 praedicabitur
1321 5381 1487 5435 etiam
1536 5379 1876 5440 differentia.

300 5466 513 5520 Etenim
545 5465 747 5537 speciei
780 5474 866 5521 est
887 5470 1277 5538 cognatissima
1317 5480 1371 5525 et
1406 5474 1634 5527 omnino
1701 5474 1771 5529 ab
1820 5491 1885 5531 ea

299 5556 513 5628 sejungi
545 5559 755 5628 nequit,
780 5560 968 5616 etsine
1000 5560 1119 5631 ipsa
1143 5563 1358 5633 species
1382 5578 1451 5621 ne
1472 5565 1622 5621 brevi
1652 5566 1878 5637 quidem

299 5664 579 5710 momento
610 5653 920 5712 subsistere
952 5666 1158 5728 potest.

371 5753 425 5808 8.
456 5751 726 5809 Primatio
764 5753 928 5826 igitur
954 5756 1277 5812 substantia:
1307 5768 1365 5814 et
1392 5757 1721 5814 differentia
1748 5774 1885 5814 con-

300 5846 454 5900 venit
496 5847 684 5902 omnia
721 5846 790 5903 ab
821 5849 904 5905 eis
940 5850 1200 5907 'univoce
1246 5851 1565 5921 praxlicari.
1625 5854 1697 5908 At
1755 5869 1888 5908 vero

304 5943 472 6001 etiam
512 5943 566 6001 in
593 5942 972 6005 accidentibus
1012 5945 1172 6019 176
1198 5962 1400 6019 genera
1432 5947 1498 6007 de
1530 5949 1642 6007 suis
1675 5950 1883 6015 specie—

2003 3355 2192 3426 ἐπειδὴ
2246 3355 2384 3427 πρὸς
2440 3354 2540 3426 τὴν
2598 3352 2837 3423 ὕπαρξιν
2908 3348 3076 3405 αὑτοῦ
3133 3349 3410 3403 συντελεί’
3476 3349 3583 3403 κᾶν

1996 3451 2137 3521 μήτε
2168 3448 2264 3503 τοῦ
2293 3450 2561 3520 ὀνόματος
2618 3445 2931 3519 μεταδιδοίη
2960 3445 3038 3516 τῷ
3095 3443 3243 3513 ζὼῳ,
3300 3443 3442 3513 μήτε
3483 3441 3581 3495 τοῦ

1991 3543 2249 3615 ὁρισμοῦ.
2279 3544 2376 3613 Εῐη
2408 3543 2454 3596 δ’
2482 3542 2551 3597 ἂν
2603 3540 2950 3612 συνωνύμως
2980 3535 3447 3610 κατηγορουμένη
3470 3535 3582 3588 τῶν

1994 3636 2088 3688 ὑπ’
2118 3635 2290 3708 αὑτὴν
2320 3636 2637 3707 ὴδιαφορά.

2058 3730 2124 3793 ζ’.
2165 3729 2275 3782 Kal.
2326 3728 2467 3782 κατᾶ
2509 3727 2702 3781 τοῦτον
2744 3726 2836 3781 τὸν
2895 3724 3054 3795 λόγον
3114 3725 3148 3793 ἡ
3207 3723 3441 3795 διαφορά
3473 3721 3583 3775 κᾶν

1996 3824 2222 3892 ποιότης
2272 3821 2536 3892 φαίνηται
2592 3815 2761 3886 εἶναι,
2806 3818 2926 3874 ἀλλ’
2973 3818 3072 3890 οὑχ
3124 3818 3315 3880 ἁπλῶς
3355 3816 3582 3885 ποιότης

1993 3917 2165 3983 ἐστὶν,
2184 3915 2302 3969 ἀλλ’
2332 3914 2604 3985 οὑσιώδης
2636 3914 2887 3983 ποιότης,
2936 3911 3181 3982 μηδεμιᾷ
3229 3911 3452 3979 ἐπινοίᾳ.
3482 3908 3581 3961 δυ-

1994 4008 2205 4080 ναμένη
2238 4007 2574 4080 χωρίζεσθαι
2597 4006 2696 4061 τοῦ
2723 3999 2844 4074 ὲνῷ
2875 4007 3033 4058 ἐστιν
3058 4017 3077 4036 ο
3119 3997 3237 4057 οἷον
3283 4004 3318 4073 η
3366 4000 3585 4071 λογικό-

1994 4120 2116 4173 της.
2140 4103 2253 4172 Πρὸ
2275 4103 2376 4171 μὲν
2406 4101 2516 4172 γάρ
2544 4099 2638 4154 τοῦ
2682 4098 2965 4153 συνελθεῖν
3017 4097 3097 4167 τῷ
3125 4095 3253 4166 ζώῳ
3289 4095 3388 4149 καὶ
3445 4096 3581 4148 ἁπο-

1994 4194 2213 4249 τελέσαι
2242 4194 2335 4249 τὸν
2357 4194 2648 4267 ἄνθρωπον
2666 4191 2970 4247 σκοποῦσιν
2988 4192 3145 4261 ἡμῖν,
3182 4190 3315 4253 ἴσως
3345 4190 3414 4243 ἂν
3440 4189 3576 4259 μόνη

1997 4290 2224 4356 ποιότης
2258 4287 2507 4359 νοηθείη,
2561 4287 2705 4353 πλὴν
2758 4285 2856 4339 καὶ
2896 4284 3019 4337 τότε
3071 4280 3320 4353 μεγάλην
3377 4281 3579 4351 ἔχουσα

1994 4382 2258 4453 δύναμιν·
2298 4379 2632 4434 συνελθοῦσα
2666 4381 2725 4433 δὲ
2747 4376 2824 4449 τῷ
2852 4375 3004 4448 (eo,
3048 4379 3146 4430 καὶ
3168 4376 3258 4430 τὸν
3286 4375 3579 4447 ἄνθρωπον

1996 4475 2358 4535 ὲκτελέσασα,
2388 4472 2652 4526 οὑσίωται
2696 4471 2762 4540 δὴ
2790 4472 2849 4523 ἐν
2876 4470 2956 4541 τῷ
2985 4467 3283 4539 ἀνθρώπῳ,
3307 4469 3407 4521 καὶ
3425 4467 3578 4521 οὐδὲν

1997 4569 2127 4626 ἄλλο
2156 4569 2275 4622 ἐστὶ
2299 4567 2425 4622 κατ’
2449 4566 2641 4620 οὐσίαν
2674 4568 2702 4619 ό
2735 4564 3027 4636 ἄνθρωπος
3072 4564 3106 4634 ἢ
3152 4562 3293 4627 ζῶον
3322 4564 3462 4632 μετὰ
3487 4560 3581 4614 λο-

1995 4663 2304 4733 γικότητος.
2350 4659 2507 4714 Ἐπεὶ
2536 4657 2668 4726 γοῦν
2706 4659 2739 4729 ἡ
2774 4656 3069 4726 λογικότης
3112 4653 3424 4725 άχώριστος
3480 4650 3576 4706 τοῦ

1995 4755 2315 4823 ἀνθρώπου,
2340 4753 2522 4823 πάντη
2550 4753 2644 4805 καὶ
2669 4750 2791 4805 κατ’
2822 4750 2998 4819 αὑτήν
3021 4750 3138 4802 ἐστι
3168 4746 3269 4818 τὴν
3284 4745 3531 4801 ἐπίνοιαν
3562 4759 3577 4776 ·

1994 4854 2022 4906 ὁ
2046 4851 2101 4905 δὲ
2117 4849 2214 4905 ἄνθ
2225 4864 2411 4918 ρωπος
2443 4848 2837 4917 κατηγορεῖται
2859 4843 2953 4898 τοῦ
2974 4843 3184 4914 Πέτρου
3204 4841 3576 4910 συνωνύμως·

1995 4944 2091 5000 καὶ
2112 4948 2144 5013 ἡ
2170 4943 2266 4998 τοῦ
2302 4941 2598 5005 ἀνθρώπου
2622 4938 2913 5008 λογικότης
2935 4937 3044 5006 ἄρα
3078 4934 3420 5005 συνωνύμως
3438 4934 3581 4987 κατὰ

1996 5038 2091 5093 τοῦ
2107 5039 2316 5110 Πέτρου
2334 5034 2873 5110 ρηθήσεται.⁶Ὠσπερ
2892 5030 3004 5103 γὰρ
3017 5031 3077 5085 τὺ
3099 5027 3241 5093 εϊδος
3256 5028 3583 5100 κατηγορεῖ-

1998 5150 2087 5186 ται
2119 5135 2286 5202 τινος,
2311 5131 2486 5195 οὕτως
2521 5128 2686 5184 αὑτοῦ
2711 5126 3209 5199 συγκατηγορεῖται
3240 5122 3317 5193 τῷ
3335 5122 3470 5177 εῖδει
3488 5122 3584 5175 καὶ

2003 5230 2036 5298 ἡ
2075 5225 2330 5296 διαφορά.
2358 5220 2758 5293 Συμφυεστάτη
2805 5218 2918 5288 γὰρ
2963 5216 3200 5288 ὑπάρχει
3228 5214 3307 5286 τῷ
3337 5213 3583 5267 εῐδεικαὶ

2000 5321 2280 5383 παντελῶς
2304 5319 2468 5373 αὐτοῦ
2497 5316 2892 5377 ἀδιάσπαστος,
2920 5312 3016 5367 καὶ
3042 5311 3213 5383 χωρὶς
3231 5309 3404 5379 αὑτῆς
3420 5307 3581 5362 οὐδα-

2001 5415 2116 5484 μῶς
2149 5413 2207 5467 τὸ
2236 5410 2374 5476 εἶδος
2401 5411 2730 5480 ὑφέστηκεν,
2762 5406 2883 5462 οὐδὲ
2908 5407 3047 5478 πρὸς
3078 5403 3250 5478 βραχύ
3274 5445 3289 5460 .
3317 5447 3324 5453 .

2035 5754 2130 5828 ἠ’.
2160 5753 2399 5827 Πρώτως
2430 5751 2530 5823 μὲν
2564 5746 2658 5806 οὖν
2691 5748 2795 5822 τῆς
2826 5750 3017 5814 οὐσίας
3060 5750 3155 5805 καὶ
3184 5748 3287 5819 τῆς
3313 5748 3583 5819 διαφορᾶς

2001 5850 2118 5902 ἐστι
2149 5847 2210 5902 τὸ
2240 5843 2571 5916 συνωνύμως
2591 5842 2853 5913 λέγεσθαι
2886 5843 3069 5898 πάντα
3114 5843 3184 5895 τά
3249 5843 3347 5894 ἀπ’
3377 5842 3581 5897 αὐτῶν.

1998 5945 2119 6001 Κάν
2148 5944 2257 6007 τοῖς
2286 5937 2663 6012 συμϐεϐηκόσι
2700 5937 2759 5994 δὲ
2788 5937 2856 5994 τὰ
2905 5937 3038 6009 γένη
3098 5938 3215 6035 τῶν
3236 5937 3457 5995 οἰκείων
3502 5936 3585 5991 εί-
