3868 6362
248 396 354 458 825

1522 411 1865 474 EPITOME
1905 372 2207 477 Loetca.

3414 418 3519 485 83:6

248 519 376 581 δῶν,
412 519 510 574 καὶ
538 522 604 576 τὰ
626 524 742 595 εἴδη
774 526 884 580 τῶν
932 528 1152 584 οἰκείων
1182 532 1427 602 ἀτόμων,
1490 537 1584 591 καὶ
1642 536 1822 599 ἁπλῶς

1939 538 2143 605 bus,et
2176 538 2391 609 species
2446 539 2511 593 de
2557 541 2671 595 suis
2730 539 3044 609 individuis,
3078 547 3133 597 et
3191 539 3517 611 simpliciter

250 614 320 666 τὰ
383 614 573 669 ἐπάνω
633 618 744 673 τῶν
820 620 1125 689 ὑποκάτω,
1185 628 1522 698 συνωνύμως
1588 647 1833 700 κατηγο-

252 721 497 775 ρουνται.

323 800 391 855 θ’.
436 801 560 857 Ὅτι
589 805 685 858 καὶ
725 806 1003 873 οὐσιωδῶς
1031 810 1293 881 πρόσεστι
1332 818 1402 886 τῇ
1437 815 1617 888 οὐσίᾳ.
1653 818 1748 870 καὶ
1772 817 1833 869 τὸ

252 893 422 963 μηδὲν
450 896 693 951 ἐναντίον
719 895 860 953 εἶναι
881 902 1051 973 αὐτῇ.
1085 903 1167 958 Τὰ
1196 906 1307 975 γὰρ
1339 908 1581 969 ἐναντία,
1613 909 1743 980 περί
1779 926 1831 962 τι

251 988 626 1055 ὑποκείμενον
664 992 932 1063 μάχονται
958 1011 971 1027 ’
1004 996 1100 1051 καὶ
1140 1000 1363 1053 σπεύδει
1394 1001 1603 1056 τούτων
1635 1003 1832 1057 ικάτε-

252 1096 346 1150 ρον
377 1081 601 1151 νικῆσαι
632 1084 691 1137 τὸ
712 1086 904 1156 ἔτερον
933 1090 1082 1154 ὅπως
1125 1091 1192 1145 ἂν
1217 1092 1312 1146 τοῦ
1341 1094 1711 1165 ὑποκειμένου
1734 1096 1831 1164 γέ-

249 1190 413 1242 νηται
444 1176 736 1246 ἐγκρατὲς.
781 1180 915 1234 Οὐδέ
943 1182 1052 1254 γὰρ
1078 1184 1252 1254 ίσχύει
1277 1187 1338 1241 τὸ
1366 1188 1733 1259 ὑποκείμενον
1771 1191 1832 1243 ἐν

246 1267 325 1336 τῷ
356 1269 507 1339 αὐτῷ
553 1270 672 1335 νῦν,
716 1274 785 1327 τὰ
841 1274 1060 1328 ἐναντία
1105 1277 1361 1343 δέξασθαι
1404 1282 1625 1346 ὑλικῶς.
1662 1285 1829 1337 Ὥστε

246 1358 510 1413 τΞιναντία
537 1360 647 1413 τῶν
677 1362 737 1414 ἐν
783 1363 1128 1434 ὑποκειμένῳ
1178 1371 1325 1422 ἐστίν
1346 1386 1360 1400 ·
1418 1373 1451 1443 ἠ
1481 1373 1537 1427 δέ
1568 1391 1632 1442 γε
1668 1376 1830 1429 οὐσία

245 1448 354 1501 τῶν
395 1450 452 1502 ἐν
505 1452 855 1526 ὑποκειμένῳ
908 1457 984 1526 μὴ
1030 1454 1187 1527 οὖσα,
1220 1465 1461 1519 ἐναντίον
1496 1466 1607 1531 ἔξει
1644 1468 1826 1523 οὐδέν.

247 1543 382 1597 usas
414 1544 524 1616 γὰρ
557 1547 801 1602 ἐναντίον
832 1554 898 1621 τῇ
948 1553 1108 1624 οὐσία
1148 1554 1269 1624 θείη
1296 1575 1384 1619 τις
1418 1560 1484 1614 ἂν
1527 1561 1588 1613 τὸ
1626 1561 1699 1632 μὴ
1738 1561 1826 1618 ὃν.

252 1635 318 1687 '0
347 1636 458 1704 γὰρ
504 1637 760 1707 οὐδαμῶς
813 1642 1142 1716 ὑφέστηκεν,
1182 1651 1448 1719 οὐδεμίαν
1495 1654 1679 1724 σχέσιν
1713 1655 1827 1726 ἔχει

252 1728 392 1798 πρὸς
430 1729 644 1802 ἕτερον.
678 1734 743 1789 El
791 1736 850 1791 δέ
899 1740 960 1792 τὸ
1024 1741 1138 1813 πῦρ
1171 1745 1353 1799 καὶτὸ
1395 1746 1539 1821 ὕδωρ
1574 1748 1827 1820 ἀλλήλοις

248 1822 473 1876 ἐναντία
503 1824 685 1880 δοκεῖ’
727 1829 844 1883 ἀλλ’
900 1832 962 1885 οὐ
1007 1833 1146 1888 καθδ
1197 1836 1382 1893 οὐσίαι
1440 1838 1504 1892 τὸ
1548 1840 1828 1895 ἐναντιοῦ-

1942 634 2226 705 superiora
2255 632 2324 690 de
2352 632 2709 690 inferioribus
2730 637 2958 693 univoce
2984 634 3373 709 praedicantur.

2008 815 2372 872 97Prteterca
2434 816 2600 871 etiam
2662 817 3344 888 essentialiter'competit
3388 815 3517 872 sub-

1942 913 2162 967 stantiae
2189 919 2244 967 et
2270 912 2397 975 hoc,
2427 911 2562 965 nihil
2584 910 2632 963 ei
2661 910 2995 965 contrarium
3030 925 3169 966 esse.
3228 910 3515 965 Contraria

1939 1004 2084 1058 enim
2118 1003 2263 1059 circa
2288 1002 2510 1073 aliquod
2543 1001 2849 1072 subjectum
2878 1010 3160 1072 pugnant;
3198 1013 3253 1057 et
3317 1002 3513 1057 horum

1939 1107 2241 1168 utrumque
2271 1096 2553 1153 contendit
2582 1109 2847 1167 superare
2890 1096 3147 1161 alterum,
3177 1102 3238 1150 ut
3268 1093 3517 1164 subjecto

1936 1192 2207 1261 potiatur.
2238 1188 2429 1260 Neque
2475 1189 2622 1245 enim
2680 1187 2988 1257 subjectum
3042 1187 3097 1241 in
3143 1186 3339 1242 eodem
3395 1200 3512 1240 mo-

1935 1295 2125 1340 mento
2148 1283 2430 1339 contraria
2459 1298 2524 1338 ex
2558 1289 2675 1337 toto
2701 1283 2947 1353 recipere
2976 1281 3143 1337 valet.
3173 1281 3354 1347 Quare
3384 1296 3517 1335 con-

1937 1375 2104 1429 traria
2144 1388 2208 1429 ex
2236 1387 2428 1428 eorum
2449 1382 2580 1429 sunt
2603 1388 2836 1429 numero
2857 1388 2980 1443 quae
3003 1373 3057 1427 in
3085 1372 3336 1442 subjecto
3363 1380 3512 1427 sunt.

1932 1470 2004 1525 At
2045 1469 2350 1525 substantia
2374 1484 2496 1539 quae
2524 1468 2577 1523 in
2610 1484 2799 1524 eorum
2836 1483 3069 1523 numero
3104 1483 3211 1523 non
3255 1476 3359 1533 est,
3392 1480 3516 1535 qua:

1932 1564 1988 1619 in
2018 1563 2271 1631 subjecto
2302 1570 2434 1619 sunt
2467 1603 2483 1627 ,
2515 1562 2653 1617 nihil
2685 1561 2909 1616 habebit
2940 1560 3304 1615 contrarium.
3329 1559 3517 1630 Neque

1933 1653 2080 1709 enim
2106 1652 2310 1723 aliquis
2335 1668 2447 1710 non
2475 1668 2574 1709 ens
2594 1652 2930 1708 contrarium
2956 1652 3280 1707 substantiae
3312 1666 3516 1720 posue-

1933 1745 2031 1801 rit.
2054 1743 2213 1812 Quod
2258 1746 2405 1800 enim
2454 1758 2804 1821 nequaquam
2861 1744 3134 1811 subsistit,
3190 1742 3395 1798 nullam
3444 1743 3512 1798 ad

1932 1839 2166 1895 alterum
2199 1838 2411 1895 obtinet
2465 1836 2686 1893 schesin
2745 1837 2866 1905 (seu
2916 1835 3345 1906 habitudinem).
3394 1834 3513 1892 Etsi

249 1914 372 1968 σθαι
454 1920 754 1991 φέρουσιν,
813 1926 935 1982 ἀλλ’
997 1922 1034 2004 ἦ
1092 1932 1430 1989 πεποίωνται
1499 1937 1822 1994 Ἀντίκειται

1937 1942 2117 1989 autem
2158 1932 2302 2003 ignis
2329 1937 2385 1987 et
2407 1945 2548 2001 aqua
2611 1929 2716 1986 sibi
2763 1928 3003 1984 invicem
3051 1928 3330 1985 contraria
3386 1944 3513 1986 esse

248 2011 392 2120 γὰρ-
418 2012 484 2068 τὸ
544 2014 753 2087 θερμὸν
798 2018 878 2090 τῷ
948 2020 1189 2095 ψυχρῷ,
1250 2026 1347 2080 καὶ
1400 2028 1461 2081 τὸ
1522 2029 1690 2102 ξηρὸν
1747 2031 1827 2103 τῷ

248 2118 424 2174 WE"?-

325 2376 370 2435 ι’.
408 2381 518 2435 Kal
547 2380 732 2449 ἄλλοις
764 2386 822 2441 δὲ
872 2388 1092 2455 πολλοῖς
1121 2392 1239 2447 ἐστι
1268 2393 1329 2448 τὸ
1360 2396 1528 2467 μηδὲν
1556 2398 1704 2471 ἔχειν
1742 2402 1828 2455 ιν-

247 2471 463 2527 αντίονο
496 2474 574 2537 ὡς
607 2481 721 2540 τοῖς
750 2479 1022 2551 σχήμασι,
1070 2485 1168 2538 καὶ
1215 2486 1326 2540 τῶν
1373 2491 1683 2560 χρωμάτων
1712 2498 1827 2556 τοῖς

247 2563 439 2632 μέσοις
462 2582 479 2597 ο
511 2566 591 2637 τῷ
623 2568 862 2643 ἐρυθρῷ,
915 2573 995 2647 τῷ
1030 2574 1225 2649 ξανθῷ,
1281 2579 1363 2651 τῷ
1415 2584 1561 2655 φαιῷ
1592 2585 1688 2640 καὶ
1716 2590 1827 2651 τοῖς

243 2656 454 2726 ὁμοίοις
479 2672 495 2688 ’
529 2658 628 2714 καὶ
644 2665 755 2727 τοῖς
783 2665 1197 2739 ἀφωρισμένοις
1228 2676 1441 2738 ποσοῖς.
1477 2678 1592 2731 Οὐκ
1623 2679 1742 2733 ἔστι
1778 2681 1827 2734 δ’

243 2750 430 2845 αὐτοῖς
452 2754 721 2820 ἐναντίον,
771 2758 858 2811 ῐνα
909 2762 982 2830 μὴ
1015 2763 1201 2829 ἄδικος
1243 2767 1276 2836 ὴ
1312 2767 1479 2835 φύσις
1543 2771 1823 2845 εὑρεθείη,

244 2842 420 2896 πολλὰ
457 2845 681 2900 ἐναντία
715 2848 798 2901 ἐνὶ
823 2850 1189 2921 ἀντιτάξασα.

315 2934 410 2991 ια’.
453 2936 841 3010 ’Δφωρισμινα
869 2944 926 2996 δέ
956 2946 1101 3000 ποσὰ
1148 2948 1390 3016 λέγεται,
1425 2952 1635 3025 ὅσαπερ
1689 2957 1825 3029 ὡρι-

243 3029 452 3100 σμένην
473 3032 594 3121 τινα
624 3036 900 3106 ποσότητα
946 3036 1188 3109 ἔχουσιν,
1214 3041 1291 3105 ὡς
1325 3043 1444 3111 δύο,
1485 3049 1670 3117 πέντε,
1692 3051 1824 3105 δέκα

239 3124 331 3214 καὶ
373 3122 601 3194 δίπηχυ,
642 3127 985 3200 πεντάπηχυ,
1021 3132 1332 3207 δεκάπηχυ,
1385 3139 1480 3193 καὶ
1533 3142 1603 3195 τὰ
1641 3159 1826 3214 παρα-

1928 2024 2186 2082 νίάεηιιιι·
2204 2064 2219 2090 ,
2243 2039 2358 2079 non
2387 2031 2571 2079 tamen
2598 2028 2872 2091 quatenus
2893 2020 3214 2079 substantia:
3245 2030 3376 2077 sunt
3407 2020 3514 2076 hoc

1932 2116 2138 2170 habent
2193 2121 2257 2169 ut
2307 2113 2739 2177 contrarientur,
2797 2113 2895 2168 sed
2947 2118 3223 2182 quatenus
3270 2111 3512 2180 qualita-

1934 2203 2080 2258 tibus
2131 2210 2260 2257 sunt
2323 2202 2576 2270 praedita.
2654 2200 2901 2257 Calidum
2957 2202 3105 2257 enim
3161 2199 3388 2273 frigido,
3455 2209 3511 2255 et

1929 2296 2139 2351 siccum
2169 2295 2400 2350 humido
2430 2294 2755 2365 opponitur.

2002 2386 2092 2442 10.
2122 2387 2187 2443 Et
2215 2402 2345 2443 vero
2375 2386 2539 2444 etiam
2563 2386 2686 2441 aliis
2709 2386 2899 2440 multis
2927 2385 3192 2455 competit
3214 2384 3341 2451 hoc,
3371 2385 3509 2440 nihil

1933 2482 2140 2537 habere
2172 2482 2539 2548 contrarium,
2566 2490 2627 2535 ut
2652 2479 2840 2548 lignris
2860 2488 2914 2535 et
2953 2478 3151 2534 mediis
3205 2479 3513 2543 coloribus,

1932 2574 2117 2639 rubro,
2144 2573 2307 2637 navo,
2336 2571 2492 2628 fusco
2516 2579 2573 2627 et
2586 2570 2859 2626 similibus
2882 2586 2898 2638 ;
2924 2580 2979 2626 et
3003 2570 3244 2625 deﬁnitis
3265 2571 3508 2640 quantis.

1930 2665 2050 2722 Non
2077 2674 2163 2721 est
2194 2673 2381 2720 autem
2414 2665 2498 2721 eis
2544 2663 2910 2729 contrarium,
2974 2664 3134 2735 177
3193 2679 3264 2718 ne
3314 2674 3510 2719 natura

1928 2758 2371 2829 deprehendatur
2394 2758 2599 2829 iniusta
2631 2772 2776 2824 esse,
2802 2771 2927 2827 qua
2961 2756 3055 2810 uni
3087 2756 3255 2811 multa
3288 2767 3511 2813 contra-

1928 2851 2010 2907 ria
2033 2851 2321 2923 obiecerit.

2003 2948 2092 3005 ll.
2133 2946 2364 3003 Deﬁnita
2397 2960 2562 3016 porro
2591 2952 2796 3014 quanta
2830 2944 3114 3009 dicuntur,
3166 2958 3515 3015 quaecunque

1927 3040 2165 3109 aliquam
2245 3039 2456 3095 ﬁnitam
2523 3039 2887 3109 quantitatem
2948 3036 3174 3106 habent,
3230 3044 3291 3092 ut
3359 3036 3513 3104 duo,

1928 3135 2195 3204 quinque,
2251 3133 2464 3197 decem,
2521 3140 2579 3188 et
2616 3131 2946 3198 bicubitum,
2997 3131 3514 3202 quinquecubitum.

238 3213 464 3314 πλίισια,
492 3218 587 3270 καὶ
625 3218 702 3289 μὴ
757 3223 824 3291 τῇ
869 3223 1007 3293 πρὸς
1057 3224 1247 3295 ἕτερον
1296 3231 1485 3300 σχέσιν
1546 3213 1821 3304 λέγονται,

1937 3226 2298 3282 decicubitum
2338 3233 2395 3281 et
2455 3225 2694 3293 similia;
2754 3240 2857 3280 nec
2906 3223 3015 3295 (ex)
3071 3223 3394 3279 habitudine
3444 3225 3512 3279 ad

240 3308 496 3380 καθάπερ
540 3313 602 3364 τὸ
639 3314 785 3382 μέγα
847 3316 944 3369 καί⁸
1007 3319 1231 3387 μικρὸν,
1286 3322 1380 3377 καὶ
1430 3325 1492 3378 τὸ
1546 3327 1684 3384 πολὺ
1727 3331 1822 3385 καὶ

1937 3318 2160 3374 alterum
2200 3318 2481 3383 dicuntur,
2506 3317 2970 3388 quemadmodum
3014 3332 3270 3389 magnum
3298 3324 3354 3371 et
3390 3331 3516 3386 par-

236 3402 445 3471 ὀλίγον.

310 3497 401 3567 ιβ¹ο
427 3500 572 3570 Πρός
593 3518 646 3555 τι
668 3503 776 3574 γὰρ
793 3510 987 3571 ταῦτα,
1021 3511 1117 3563 καί
1164 3512 1226 3565 οὐ
1264 3514 1429 3580 ποσὰ,
1456 3514 1553 3568 καὶ
1583 3516 1825 3571 ἀντίκει-

234 3604 325 3644 ται
356 3591 631 3661 ἀλλήλοις,
672 3597 771 3667 οὐχ
807 3598 884 3662 ὡς
912 3600 1156 3667 ἐναντία,
1188 3604 1309 3658 ἀλλ’
1338 3607 1415 3670 ὡς
1482 3608 1621 3678 πρός
1646 3627 1721 3664 τι.
1746 3610 1821 3664 Τὸ

238 3682 349 3753 γὰρ
382 3685 527 3754 μέγα
574 3687 713 3757 πρὸς
746 3691 947 3761 μικρὸν
1003 3693 1226 3763 λέγεται
1266 3699 1432 3768 μέγα,
1464 3702 1559 3755 καὶ
1589 3702 1653 3755 τὸ
1684 3703 1819 3758 πολὺ

241 3779 381 3845 πρὸς
411 3778 596 3847 ὀλίγον
637 3780 857 3849 λέγεται
884 3784 1044 3841 πολύ.
1089 3789 1198 3843 Kal
1228 3790 1390 3863 εῐπερ
1422 3793 1575 3849 ἐστὶν
1599 3796 1821 3852 ἐναντία

234 3872 305 3923 τὶ
343 3871 592 3938 τοιαῦτα,
623 3874 747 3928 ἐπεὶ
772 3875 834 3928 τὸ
858 3877 991 3931 αὐτὸ
1020 3880 1116 3932 καὶ
1153 3880 1213 3935 ἐν
1241 3882 1468 3938 δύναται
1534 3881 1676 3941 εἶναι
1724 3891 1821 3942 καὶ

238 3964 384 4034 μέγα
412 3967 506 4019 καὶ
540 3968 759 4039 μικρὸν,
796 3971 892 4024 καὶ
948 3973 1079 4027 πολὺ
1135 3975 1232 4028 καὶ
1274 3977 1459 4048 ὀλίγον
1487 3981 1627 4051 πρὸς
1688 3982 1820 4038 ἄλλο

238 4057 332 4107 καὶ
357 4054 487 4111 ἄλλο
511 4057 1090 4132 παραλαμϐανόμενον
1118 4079 1133 4093 ·
1160 4063 1366 4119 έσοιντ⁹
1392 4068 1461 4120 ἂν
1491 4071 1549 4121 ἐν
1573 4070 1654 4122 ἐνὶ
1686 4069 1821 4123 ὑπο-

237 4147 477 4220 κειμένῳ
507 4150 767 4205 τάναντία
808 4154 953 4209 κατὰ
990 4156 1210 4225 ταυτὸν,
1242 4158 1277 4231 ἢ
1309 4159 1513 4230 μᾶλλον
1574 4162 1820 4218 ἐναντίον

236 4239 415 4294 ἔσοιτο
436 4241 633 4297 ἑαυτοῦ
662 4245 724 4298 τὸ
750 4247 906 4302 αὐτό.

308 4422 401 4494 ιγ’.
431 4424 669 4495 Λέγεται
698 4429 756 4483 δέ
792 4448 922 4486 ποτε
953 4449 1051 4490 και
1073 4433 1136 4488 τὸ
1170 4435 1317 4506 μέγα
1355 4437 1454 4492 καὶ
1491 4439 1627 4493 πολὺ
1656 4440 1821 4512 ἀσχέ-

234 4532 343 4581 τως
376 4520 470 4573 ἐπὶ
492 4521 749 4592 ἀορίστου
778 4525 950 4580 ποσοῦ
984 4528 1420 4599 λαμϐανόμενονο
1457 4532 1534 4596 ὡς
1559 4534 1818 4605 λέγομεν,

1927 3426 2077 3477 rum,
2114 3419 2168 3466 et
2192 3410 2425 3466 multum
2458 3418 2513 3464 et
2546 3426 2805 3481 paucum.

2003 3503 2091 3559 12.
2127 3503 2345 3558 Etenim
2371 3505 2486 3559 haec
2517 3505 2584 3558 ad
2626 3503 2830 3574 aliquid
2880 3512 2935 3559 et
2962 3520 3067 3558 non
3100 3513 3306 3575 quanta
3360 3511 3509 3566 sunt,

1925 3604 1981 3652 et
2014 3601 2374 3664 Opponuntur
2406 3594 2510 3649 sibi
2536 3593 2773 3648 invicem
2810 3609 2919 3647 non
2969 3601 3029 3647 nt
3085 3592 3386 3655 contraria,
3413 3591 3509 3647 sed

1926 3695 2069 3742 utea
2097 3700 2219 3756 qua:
2238 3694 2367 3741 sunt
2401 3686 2467 3741 ad
2501 3686 2728 3756 aliquid.
2765 3684 3020 3757 Magnum
3056 3687 3202 3740 enim
3264 3684 3332 3738 ad
3390 3699 3515 3754 par-

1921 3796 2049 3833 vum
2081 3779 2287 3835 dicitur
2320 3794 2604 3850 magnum,
2632 3788 2689 3836 et
2710 3780 2943 3834 multum
2964 3778 3031 3832 ad
3051 3794 3283 3849 paucum
3311 3777 3514 3832 dicitur

1924 3874 2184 3929 multum.
2226 3874 2290 3928 Et
2318 3874 2589 3943 siquidem
2621 3874 2751 3928 talia
2787 3882 2975 3928 essent
3006 3872 3308 3935 contraria,
3372 3871 3501 3941 quia

1924 3981 2094 4020 unum
2126 3973 2181 4021 et
2215 3965 2358 4022 idem
2388 3974 2568 4037 potest
2591 3980 2717 4023 esse
2753 3976 2807 4022 et
2839 3981 3094 4036 maguum
3158 3974 3210 4019 et
3242 3978 3505 4034 parvum,

1923 4066 1979 4113 et
2005 4060 2234 4113 mttltum
2266 4067 2321 4114 et
2371 4075 2628 4129 paucnm,
2662 4074 2787 4115 cum
2830 4061 2897 4116 ad
2937 4059 3084 4113 aliud
3143 4068 3308 4124 atque
3359 4057 3507 4111 aliud

1925 4153 2265 4220 assumitur;
2299 4152 2353 4207 in
2387 4167 2497 4207 uno
2521 4152 2768 4222 subjecto
2784 4152 2946 4209 simul
2976 4151 3252 4206 contraria
3286 4150 3509 4217 forent;

1926 4256 2022 4301 aut
2055 4246 2243 4316 potius
2274 4246 2416 4300 idem
2450 4246 2534 4301 sui
2564 4246 2737 4318 ipsius
2768 4246 2909 4300 foret
2950 4244 3291 4301 contrarium
3336 4242 3508 4315 (quod

1923 4347 2224 4407 utrumque
2248 4338 2550 4393 absurdum
2577 4339 2705 4408 est).

1997 4433 2087 4487 15.
2122 4431 2330 4488 Dicitur
2367 4440 2549 4487 autem
2585 4433 2749 4488 etiam
2778 4433 3075 4503 aliquando
3127 4442 3183 4487 et
3246 4448 3505 4503 magnum

1923 4533 1978 4580 et
2010 4525 2240 4580 multum
2268 4525 2387 4582 sine
2415 4525 2735 4580 habitudine
2765 4530 2883 4595 (seu
2920 4526 3187 4593 abs'olute)
3218 4541 3340 4580 eum
3406 4540 3506 4594 pro

245 4610 335 4676 Ὦς
368 4614 504 4668 πολύ
537 4615 598 4669 τὸ
645 4615 852 4699 πλῇθος
884 4618 983 4688 τῆς
1032 4624 1408 4696 χρηστότητος
1436 4644 1554 4695 σου,
1610 4628 1810 4699 Κύριε,

1937 4628 2127 4689 ιυαιιιο
2158 4617 2371 4674 infinito
2396 4618 2701 4685 accipitur;
2726 4625 2785 4673 ut
2818 4618 3053 4673 dicimus
3085 4636 3098 4672 :
3131 4617 3303 4684 Quam
3338 4619 3508 4672 multa

232 4660 332 4759 κζί
354 4660 529 4761 eis
547 4660 848 4773 ’ἐλεὲξνᾶξξ
886 4660 1318 4784 ῤ’ὶὲίῖτῖἑῇΣέ

307 4890 389 4946 ιδ’.
428 4890 701 4962 Πρόσεστι
724 4884 789 4964 τῇ
824 4895 986 4968 οὐσίᾳ
1028 4897 1215 4952 καὶτὸ
1247 4901 1323 4971 μὴ
1358 4903 1712 4974 ἐπιδέχεσθαι
1753 4905 1816 4958 τὸ

232 4983 440 5052 μᾶλλον
475 4985 571 5038 καὶ
600 4987 661 5038 τὸ
694 4980 859 5057 ἦττον
892 4991 1035 5043 κατὰ
1064 4991 1132 5044 τὰ
1162 4992 1363 5063 ἑαυτῆς
1386 4996 1567 5065 ἄτομα
1587 4995 1812 5068 δηλαδὴ⁸

227 5070 340 5129 οἷον
364 5075 601 5131 ἕκαστον
631 5077 740 5132 τῶν
757 5079 858 5145 τῆς
880 5082 1069 5146 οὐσίας
1090 5084 1313 5155 ἀτόμων
1337 5088 1399 5140 οὐ
1430 5088 1651 5158 λέγεται
1680 5091 1816 5161 μᾶλ-

228 5171 319 5222 λον
349 5173 445 5224 καὶ
468 5165 657 5242 ἦττον,
689 5173 866 5227 ἐκεῖνο
894 5174 1034 5245 ὅπερ
1088 5177 1436 5248 ὠνόμασται.
1484 5181 1544 5235 '0
1604 5183 1815 5253 Πέτρος

227 5262 337 5333 γὰρ
369 5265 466 5318 καὶ
487 5266 517 5319 ὁ
541 5264 754 5330 Παῦλος
777 5267 965 5333 οὐσίας
994 5269 1148 5333 ὄντες
1176 5270 1379 5342 ἄτομα,
1414 5273 1815 5346 ὠνομάσθησαν

226 5356 507 5428 ἂνθρωποι
546 5360 692 5413 κατὰ
720 5358 781 5413 τὸ
814 5358 958 5424 εἶδος
1008 5363 1072 5416 τὸ
1127 5363 1494 5436 ἀνθρώπειον,
1532 5361 1576 5437 ᾧ
1624 5372 1815 5442 περιέ-

227 5466 415 5521 χονται
444 5452 539 5506 καὶ
575 5453 637 5507 οὐ
677 5454 930 5523 λέγονται
959 5457 1163 5526 μᾶλλον
1190 5461 1283 5513 καὶ
1310 5454 1475 5532 ἦττον
1508 5462 1809 5535 ἄνθρωποι.

226 5542 367 5597 Uine
402 5544 513 5615 γὰρ
538 5547 568 5599 ὁ
624 5548 832 5619 Πέτρος
864 5549 1070 5619 μᾶλλον
1106 5553 1399 5622 ἄνθρωπος
1429 5555 1676 5626 λέγεται,
1705 5558 1738 5629 ἦ
1786 5560 1814 5612 ὁ

225 5635 440 5701 Παῦλος
467 5632 633 5711 ἦττον
686 5639 1019 5713 ἄνθρωπος’
1067 5644 1102 5715 ἦ
1138 5663 1221 5709 τις
1272 5649 1467 5703 ἑαυτοῦ
1527 5650 1662 5704 ποτέ
1712 5640 1833 5722 μέν’

228 5731 430 5801 μᾶλλον
467 5732 781 5805 ἄνθρωπος,
809 5737 939 5789 ποτέ
970 5737 1028 5791 δὲ
1082 5732 1248 5809 ἦττον
1294 5742 1606 5812 ἄνθρωπος.
1640 5744 1812 5798 Τοῦτο

223 5826 320 5879 καὶ
344 5826 440 5880 ἐπὶ
467 5825 577 5880 τῶν
600 5826 805 5892 ἶππων,
829 5829 925 5882 καὶ
959 5829 1052 5883 ἐπὶ
1079 5830 1185 5885 τῶν
1213 5831 1399 5899 λίθων,
1436 5833 1527 5887 καὶ
1559 5835 1669 5889 τῶν
1696 5834 1809 5888 λοι-

229 5919 344 5974 πῶν
372 5922 470 5990 τῆς
503 5920 688 5985 οὐσίας
724 5922 969 5992 ἀτόμων.

1920 4721 2007 4768 est
2036 4711 2370 4766 abundantia
2397 4712 2656 4767 bonitatis
2680 4720 2809 4776 tuae,
2840 4709 3087 4775 Domine,
3119 4721 3172 4765 et
3192 4725 3386 4780 magna
3420 4720 3507 4766 est

1924 4812 2015 4859 tua
2052 4820 2183 4874 erga
2212 4820 2304 4861 me
2335 4805 2713 4860 misericordia

2003 4899 2166 4970 178
2214 4899 2303 4955 14.
2334 4898 2608 4969 Competit
2624 4898 2944 4955 substantiae
2981 4900 3185 4963 ethoc,
3223 4912 3329 4951 non
3368 4894 3506 4949 reci-

1923 5006 2055 5063 pere
2086 4993 2261 5059 magis
2282 5002 2337 5047 et
2369 4992 2576 5059 minus,
2596 4993 2774 5063 quoad
2795 5007 2893 5048 sua
2914 4991 3170 5045 videlicet
3193 4990 3499 5044 individua.

1924 5086 2104 5141 Veluti
2145 5085 2381 5156 quodvis
2434 5086 2760 5141 substantiae
2787 5085 3195 5140 individuorum
3231 5100 3340 5139 non
3367 5084 3508 5137 dici-

1924 5189 2012 5232 tur
2044 5177 2219 5248 magis
2258 5187 2313 5235 et
2367 5178 2551 5233 minus
2611 5177 2742 5232 illud
2787 5177 2935 5247 quod
2993 5177 3334 5231 nominatum
3395 5186 3497 5231 est.

1924 5271 2137 5327 Etenim
2171 5271 2369 5326 Petrus
2392 5281 2447 5326 et
2471 5269 2674 5326 Paulus
2725 5286 2849 5325 cum
2884 5270 3167 5325 individua
3204 5272 3321 5325 sint—
3367 5271 3502 5326 sub.

1920 5367 2157 5433 stantiae,
2194 5365 2450 5423 homines
2478 5366 2741 5421 nominati
2796 5374 2927 5420 sunt
2956 5364 3257 5420 secundum
3308 5364 3505 5419 huma-

1919 5479 2045 5516 nam
2072 5463 2333 5531 speciem,
2363 5476 2467 5531 qua
2500 5460 2851 5516 continentur
2880 5476 2980 5514 nec
3040 5459 3211 5528 magis
3245 5469 3291 5513 et
3324 5458 3508 5511 minus

1919 5555 2177 5609 homines
2202 5553 2485 5610 dicuntur.
2517 5553 2705 5623 Neque
2726 5555 2873 5609 enim
2913 5554 3112 5609 Petrus
3149 5552 3505 5621 tnagishotno

1918 5647 2141 5710 dicitur.
2180 5654 2276 5702 aut
2312 5648 2515 5702 l’aulus
2542 5648 2724 5703 minus
2749 5649 2937 5709 homo,
2970 5658 3062 5699 aut
3096 5646 3295 5714 aliquis
3323 5647 3502 5711 sc‘pso

1915 5740 2051 5793 alias
2094 5739 2266 5810 magis
2296 5739 2485 5807 homo,
2521 5741 2656 5795 alias
2716 5756 2845 5794 vero
2909 5741 3087 5793 minus
3152 5736 3335 5789 ltOmt).
3394 5731 3506 5784 line

1916 5836 2079 5888 etiam
2107 5835 2173 5887 de
2208 5833 2367 5903 equis
2396 5844 2449 5887 et
2485 5833 2758 5903 lapidihus
2809 5841 2859 5885 ct
2896 5833 3112 5886 vecteris
3177 5827 3505 5881 substantia:

1916 5928 2210 5985 individuis
2241 5930 2320 5985 sic
2342 5929 2716 5996 accipiendum
2747 5940 2853 5983 Cal.
