3868 6362
353 386 461 454 827

1550 399 1979 469 NICEPHORI
2020 404 2449 474 ΒιτηΜιοΑι

3520 418 3622 485 828

423 507 515 563 15.
555 506 1010 577 Quandoquidem
1046 524 1180 567 sane
1240 512 1567 586 simpliciter
1617 524 1926 582 substantia

2100 530 2186 581 ιε’.
2238 528 2392 582 Ἐπεί
2426 527 2511 583 τοί
2541 545 2607 597 γε
2635 527 2827 593 ἁπλῶς
2858 530 2890 601 ἡ
2921 528 3082 585 οὐσία
3147 530 3290 588 πατὰ
3313 530 3388 588 ’τὸ
3420 536 3622 604 μᾶλλον

354 602 658 660 secundum
712 602 884 674 magis
908 610 963 658 et
990 604 1173 660 minus
1218 606 1327 664 dici
1387 622 1587 680 queat;
1625 617 1935 685 lpropterea

355 695 499 764 quod
533 695 636 749 alia
663 696 969 751 substantia
986 698 1157 768 magis
1181 701 1518 771 subSIantia,
1543 717 1598 763 et
1619 709 1724 765 alia
1753 712 1936 768 minus

287 822 294 849 θ
356 793 735 859 Cognoscitur.

435 881 523 939 16.
577 882 758 939 Veluti
820 886 1065 942 materiae
1123 904 1320 959 expers
1371 902 1425 948 et
1489 899 1935 964 supramundana

353 973 689 1037 substantia.
720 993 883 1046 quam
910 980 1026 1034 hmo
1061 983 1335 1038 mundana
1385 995 1439 1040 et
1468 989 1767 1044 materialis
1793 1005 1934 1045 con-

358 1076 525 1117 sensu
556 1066 801 1119 omnium
839 1070 1013 1139 magis
1070 1080 1155 1126 est
1186 1073 1517 1131 substantia.
1571 1078 1741 1147 Magis
1790 1082 1936 1136 enim

361 1170 483 1210 esse
515 1155 811 1227 (ronwnit)
851 1160 956 1214 illis
986 1178 1108 1241 quae
1135 1166 1188 1218 in
1221 1174 1368 1221 statu
1408 1179 1534 1223 sntit
1566 1182 1790 1241 propter
1825 1189 1938 1228 ma-

359 1249 512 1301 teria»
538 1252 885 1317 vacuitatem,
922 1270 1089 1325 quam
1113 1256 1218 1313 illis
1242 1275 1364 1328 qua:
1395 1271 1524 1316 sunt
1574 1262 1631 1317 in
1692 1263 1937 1324 instabili

359 1344 509 1420 [luxu
534 1349 795 1405 materiae.

432 1438 522 1492 17.
559 1440 769 1494 Rursus
796 1450 977 1498 autem
1013 1445 1128 1513 ipsa
1188 1449 1413 1509 materia
1466 1466 1602 1507 sane
1652 1463 1709 1510 et
1764 1456 1938 1515 forma

360 1542 622 1598 apparent
648 1550 769 1589 esse
795 1535 978 1590 minus
1010 1537 1328 1594 Substantite
1351 1558 1517 1608 quam
1573 1560 1635 1599 ea
1692 1562 1817 1616 quae
1870 1565 1940 1605 ex

361 1623 498 1693 ipsis
522 1628 826 1695 composita
854 1636 956 1696 est,
1005 1640 1290 1700 propterea
1324 1634 1469 1702 quod
1504 1651 1680 1707 neque
1706 1644 1939 1698 materia

361 1734 461 1788 per
501 1734 581 1786 se,
614 1736 791 1788 neque
817 1721 989 1778 forma
1017 1740 1115 1794 per
1142 1742 1201 1782 se
1229 1728 1523 1796 perlectam
1555 1733 1754 1791 habeat
1783 1737 1940 1792 όντόο

360 1828 520 1882 τητα,
551 1815 705 1883 quasi
741 1815 896 1871 dicas
953 1818 1259 1883 entitzttein.
1282 1838 1380 1880 seu
1410 1825 1747 1895 coniunctim
1806 1845 1937 1897 pos-

362 1903 472 1959 sint
495 1906 832 1961 considerari
861 1910 1163 1966 secundum
1201 1915 1621 1986 exsistentiam;
1679 1928 1734 1976 et
1777 1923 1943 1995 179

361 2004 646 2065 propterea
677 2006 892 2055 tantum
926 2004 1072 2071 quod
1105 2004 1432 2065 substantia
1483 2011 1755 2070 elementa
1785 2024 1941 2085 sunt,

361 2103 563 2145 nomen
600 2092 925 2150 substantiae
955 2098 1310 2169 participant.
1648 2102 1651 2105 ⁷

435 2181 523 2234 18.
554 2181 732 2250 Ipsius
761 2195 946 2241 autem
977 2190 1222 2246 vicissim
1250 2198 1564 2266 composita
1619 2198 1943 2257 substantiae

362 2270 988 2333 Aristotelesintlividua
1017 2280 1193 2349 magis
1238 2295 1362 2339 esse
1408 2285 1540 2341 dicit
1585 2288 1943 2357 substantias,

364 2371 419 2415 et
456 2363 667 2428 species
688 2364 876 2420 minus
901 2369 1275 2441 substantias;
1305 2382 1359 2429 et
1406 2374 1499 2431 his,
1536 2378 1717 2435 adhuc
1758 2383 1943 2438 minus

367 2452 531 2524 (ipsa)
564 2471 789 2522 genera,
820 2458 889 2514 de
919 2476 1028 2529 quo
1048 2461 1164 2529 jam
1203 2475 1335 2521 ante
1361 2468 1622 2527 diximus.

440 2544 532 2600 19.
562 2546 836 2605 Convenit
865 2553 1029 2607 etiam
1066 2554 1243 2624 ipsum
1281 2560 1528 2631 recipere
1560 2565 1734 2632 magis
1766 2577 1821 2621 et
1846 2567 1949 2621 mi-

368 2657 473 2697 nus
512 2644 696 2710 quoad
753 2645 961 2701 dictum
1017 2648 1241 2706 modum
1280 2656 1535 2713 omnibus
1593 2660 1794 2728 quibus
1836 2679 1945 2719 non

371 2735 573 2791 habere
621 2738 828 2806 aliquid
866 2743 1232 2801 contrarium.
1288 2744 1424 2800 Nam
1459 2751 1632 2821 magis
1677 2764 1733 2809 et
1767 2757 1949 2812 minus

368 2829 455 2883 via
490 2836 573 2884 est
596 2829 664 2884 ad
696 2834 1002 2887 contraria.
1033 2834 1193 2891 Velut
1225 2837 1279 2892 in
1308 2842 1615 2900 mutatione
1640 2861 1708 2901 ex
1744 2849 1947 2918 frigido

370 2923 426 2977 in
463 2926 703 2980 calidum
737 2928 788 2980 id
842 2930 988 2998 quod
1025 2940 1183 2987 antea
1220 2935 1481 3004 frigidum
1523 2951 1642 2997 erat
1676 2944 1735 2999 lit
1764 2948 1947 3003 minus

372 3015 677 3086 frigidum;
733 3028 790 3075 et
842 3030 973 3078 tunc
1026 3027 1521 3099 quomodocunque
1581 3035 1840 3104 calidum,
1890 3042 1950 3097 ιιι

372 3106 572 3163 deinde
608 3114 782 3182 magis
815 3114 1084 3170 calidum.

2041 617 2136 669 καὶ
2167 612 2333 690 ἦττον
2363 619 2584 691 λεχθείη
2616 619 2685 674 ἂν
2738 621 2830 676 διὰ
2885 622 2948 676 sb
2986 622 3178 678 οὐσίαν
3212 624 3383 697 ἄλλης
3428 626 3617 693 οὐσίας

2044 711 2249 779 μᾶλλον
2277 713 2491 780 οὐσίαν,
2533 715 2631 768 καὶ
2659 715 2855 786 ἐτέρας
2883 709 3051 789 ἦττον
3078 717 3471 787 γινώσκεσθαι.

2119 899 2216 956 ις’.
2248 888 2378 947 Οἷον
2404 894 2438 965 ἠ
2474 894 2572 963 μὲν
2598 895 2762 957 ᾶῦλος
2803 895 2962 948 οὐσία
2994 895 3089 949 καὶ
3125 895 3500 967 ὐπερκόσμιοτ
3521 898 3619 967 τῆς

2041 981 2347 1051 ἐγκοσμίου
2385 986 2593 1054 ταύτης
2625 986 2720 1040 καὶ
2773 986 2990 1055 ὑλικῆς,
3027 988 3476 1057 ὁμολογουμένως
3502 992 3621 1044 ἐστὶ

2043 1074 2249 1143 μᾶλλον
2282 1076 2461 1132 οὐσία.
2495 1078 2717 1134 Μᾶλλον
2750 1080 2862 1150 γὰρ
2917 1080 2981 1135 sb
3019 1076 3163 1136 εἶναι
3211 1084 3324 1145 τοῖς
3382 1083 3440 1136 ιν
3498 1086 3624 1139 στά-

2043 1181 2127 1219 σει
2171 1166 2261 1221 διὰ
2307 1168 2408 1241 τὴν
2468 1170 2685 1235 ἀῡλίαν,
2744 1171 2924 1243 ἦτοῐς
2984 1173 3042 1226 ἐν
3067 1171 3292 1244 ἁστάτῳ
3336 1173 3433 1245 τῆς
3488 1174 3623 1248 ὕλης

2043 1259 2164 1330 ῥοῇ·

2116 1438 2204 1506 ιζ’.
2238 1441 2389 1514 Αὕτη
2420 1443 2477 1498 δὲ
2514 1444 2679 1501 πάλιν
2711 1446 2744 1518 ἡ
2772 1446 2896 1517 ὕλη,
2929 1450 3188 1522 καθάπερ
3236 1452 3303 1522 δὴ
3330 1453 3425 1508 καὶ
3455 1453 3518 1508 sb
3548 1441 3637 1510 It"

2039 1534 2150 1600 δος,
2173 1529 2337 1606 ἧττον
2368 1539 2548 1595 οὐσίαι
2602 1544 2705 1612 τῆς
2741 1541 2801 1607 ἐξ
2823 1542 3002 1598 αὐτῶν
3034 1544 3459 1615 συντεθειμένης
3498 1548 3627 1617 φαί-

2042 1644 2224 1682 νονται
2258 1625 2397 1684 εἶναι
2427 1631 2517 1686 διὰ
2574 1634 2636 1686 sb
2662 1633 2801 1704 μήτε
2843 1635 2942 1703 τὴν
2971 1635 3105 1707 ὓλην
3131 1637 3255 1691 καθ’
3287 1639 3483 1711 αὐτὴν,
3518 1642 3626 1712 μή·

2039 1738 2101 1775 τε
2125 1723 2186 1775 sb
2216 1719 2358 1788 εἶδος
2381 1724 2507 1779 καθ’
2539 1727 2700 1781 ἐαυτὺ
2747 1727 2963 1792 τελείας
3020 1730 3271 1801 μετέχειν
3313 1731 3621 1802 όντότητος,

2042 1816 2178 1869 ἀλλὰ
2203 1816 2302 1870 σὺν
2324 1817 2574 1883 ἀλλήλοις
2605 1820 2866 1876 δύνασθαι
2893 1824 3216 1895 Θεωρείσθαι
3234 1825 3619 1895 ὑπαρκτικῶς⁶

2048 1911 2144 1964 καὶ
2183 1910 2321 1965 καθὸ
2356 1913 2518 1988 μόνον
2548 1915 2743 1980 οὐσίας
2771 1920 3009 1990 στοχεΐα,
3047 1919 3193 1975 κατὰ
3219 1919 3381 1975 τοῦτο
3402 1919 3499 1975 τοῦ
3524 1919 3626 1990 τῆς

2049 2005 2240 2071 οὐσίας
2273 2009 2527 2082 μετέχειν
2556 2010 2843 2083 ὀνόματος.
3616 2017 3633 2033 ⁸

2122 2181 2214 2253 ιη’.
2236 2184 2418 2254 Αὐτῆς
2438 2186 2493 2239 δὲ
2522 2187 2685 2239 πάλιν
2714 2189 2817 2257 τῆς
2845 2189 3106 2244 συνθέτου
3130 2191 3324 2256 οὐσίας
3347 2192 3417 2245 τὰ
3449 2192 3629 2261 ἄτομα

2050 2275 2077 2327 ό
2105 2275 2487 2347 Ἀριστοτέλης
2514 2277 2714 2347 μᾶλλον
2739 2280 2930 2342 οὐσίας
2955 2281 3109 2349 φησὶ,
3127 2281 3223 2335 καὶ
3245 2276 3409 2354 ἦττον
3439 2282 3631 2346 οὐσίας

2050 2366 2118 2419 τὰ
2156 2368 2297 2437 εἴδη,
2332 2370 2426 2422 καὶ
2464 2370 2672 2425 τούτων
2704 2366 2868 2442 ἦττον
2896 2374 2980 2429 ἔτι
3028 2375 3096 2428 τὰ
3149 2374 3306 2445 γένη.
3356 2375 3469 2429 Καὶ
3502 2377 3633 2443 περὶ

2050 2457 2244 2510 τούτου
2281 2459 2589 2528 φθάσαντες
2619 2463 2869 2533 είπομεν.

2129 2552 2217 2608 ιθν.
2246 2555 2517 2623 Πρόσεστι
2552 2557 2613 2610 τὸ
2669 2558 2742 2627 μὴ
2777 2559 3128 2626 ἐπιδέχεσθαι
3175 2560 3238 2614 sb
3279 2562 3487 2630 μᾶλλον
3539 2563 3634 2616 καὶ

2051 2638 2244 2716 ἦττον,
2271 2647 2415 2701 κατὰ
2445 2648 2536 2700 τὸν
2555 2649 2850 2718 εἰρημένον
2883 2650 3105 2719 τρόπον,
3134 2652 3228 2704 καὶ
3255 2653 3424 2707 πᾶσιν
3460 2649 3543 2717 οἷς
3570 2657 3634 2707 sb

2059 2738 2135 2808 μὴ
2171 2739 2318 2809 ἔχειν
2348 2758 2401 2794 τι
2454 2741 2721 2797 ἐναντίον.
2759 2743 2831 2795 Τὸ
2884 2745 2992 2813 γὰρ
3057 2743 3264 2812 μᾶλλον
3325 2746 3424 2799 καὶ
3466 2741 3638 2817 ἦττον

2053 2833 2171 2894 ὁδός
2205 2834 2362 2886 ἐστιν
2412 2834 2505 2887 ἐπὶ
2557 2835 2855 2887 τάναντία·
2908 2828 3025 2889 οἷον
3054 2837 3148 2890 ἐπὶ
3189 2837 3287 2904 τῆς
3324 2836 3391 2891 ἔτι
3421 2835 3637 2907 ψυχροῦ

2058 2923 2360 2993 μεταϐολῆς
2390 2926 2470 2988 είς
2498 2924 2722 2995 θερμὸν,
2771 2922 2938 2997 ἧττον
2991 2927 3203 2997 ψυχρὸν
3242 2928 3458 2994 γίνεται
3495 2931 3634 2999 πρό-

2058 3032 2219 3082 τερον
2252 3016 2313 3073 sb
2341 3016 2572 3088 ψυχρὸν,
2628 3018 2725 3071 καὶ
2778 3020 2902 3072 τότε
2956 3019 3162 3089 Θερμζιν
3206 3019 3475 3086 ὁπωσοῦν,
3513 3017 3636 3075 εἶτα

2063 3109 2267 3180 μᾶλλον
2304 3109 2530 3179 θερμόν.

444 3194 534 3251 ΞΟ.
592 3172 821 3255 Maxime
882 3212 1065 3260 autem
1138 3213 1424 3279 proprium
1483 3225 1567 3272 est
1628 3220 1948 3279 substantiae

2129 3201 2200 3257 κ’.
2233 3202 2391 3256 Ἰδιον
2421 3204 2478 3256 δὲ
2521 3203 2753 3273 μάλιστα
2781 3206 2878 3273 τῆς
2914 3204 3170 3258 συνθέτου
3201 3206 3392 3270 οὐσίας
3414 3206 3477 3259 sb
3508 3206 3640 3259 ἱκα-

373 3291 689 3355 compesitaa
744 3292 871 3360 hoc,
925 3303 1357 3372 unumquodque
1421 3308 1592 3376 ipsius
1642 3312 1953 3369 individuo-

373 3394 497 3432 rum
558 3392 611 3435 et
654 3384 758 3438 sub
808 3392 1178 3446 ostensionetn
1234 3396 1431 3454 cadere
1485 3411 1543 3455 et
1591 3402 1693 3459 hoc
1744 3406 1949 3474 aliquid

372 3471 506 3533 dici.
534 3483 587 3526 et
619 3478 801 3541 quoad
838 3480 920 3532 sui
953 3484 1308 3540 mutationem
1338 3505 1499 3558 posse
1532 3496 1805 3549 contraria
1824 3471 1968 3551 επις-⁵

374 3564 558 3632 eipere
607 3569 856 3626 alterius.
920 3571 1063 3628 Fieri
1116 3579 1263 3633 enim
1336 3596 1443 3637 non
1497 3594 1675 3654 potest
1731 3594 1791 3641 ut
1841 3588 1954 3644 duo

360 3660 651 3711 contraria
695 3660 749 3713 in
789 3662 980 3718 eodem
1032 3668 1286 3736 subjecto
1325 3672 1487 3729 simul
1534 3678 1858 3733 consistant.
1893 3680 1952 3736 Si

372 3750 518 3804 enim
554 3755 830 3808 contraria
877 3767 1008 3812 sunt
1073 3764 1401 3829 accidentia,
1436 3768 1679 3822 vicissim
1716 3770 1768 3824 in
1807 3770 1951 3827 indi-

373 3842 557 3897 viduis
599 3846 763 3919 180
789 3849 1118 3908 substantia:
1143 3859 1462 3928 compositae
1488 3870 1612 3915 actu
1642 3862 1955 3920 considera-

367 3936 601 3992 ‘buntttr.

443 4026 534 4080 2|.
571 4029 894 4101 Quanquam
958 4051 1067 4092 non
1110 4042 1297 4095 omnia
1350 4041 1403 4097 in
1460 4046 1613 4100 omni
1639 4048 1949 4109 individuo.

373 4121 563 4192 Neque
594 4128 738 4179 enim
764 4130 907 4199 ignis
947 4142 1006 4185 ιιι
1051 4145 1269 4189 maneat
1302 4135 1467 4203 ignis.
1509 4154 1749 4207 unquam
1795 4143 1954 4214 frigi-

375 4214 481 4270 dtts
515 4215 631 4271 ﬁeri
664 4228 853 4287 queat,
889 4228 981 4274 aut
1016 4238 1153 4290 aqua
1205 4225 1374 4280 sirca.
1416 4228 1551 4280 Nam
1587 4230 1728 4293 ignis
1756 4235 1954 4289 calidi—

377 4318 459 4361 tas
489 4316 544 4363 et
592 4326 744 4373 aqua:
777 4312 1079 4370 httmitlitas
1109 4330 1217 4371 non
1252 4316 1577 4386 simpliciter
1604 4322 1689 4376 his
1721 4326 1955 4394 qualita-

374 4404 481 4458 tes,
543 4400 634 4453 sed
696 4404 1021 4459 essentiales
1084 4417 1212 4461 sunt
1271 4408 1613 4477 diﬂ‘erentiac,
1656 4417 1950 4472 essentiam

374 4492 759 4561 complentes;
790 4511 888 4549 nec
916 4496 1058 4567 ignis
1088 4508 1143 4553 et
1176 4515 1312 4569 aqua
1345 4504 1617 4558 manentia
1657 4522 1776 4575 qua:
1799 4519 1949 4575 sunt,

2058 3312 2182 3348 στον
2212 3295 2319 3348 τῶν
2363 3296 2568 3364 ἑαυτῆς
2622 3296 2844 3365 ἀτόμων
2879 3297 3209 3351 ὑποπίπτειν
3239 3315 3297 3351 τε
3326 3298 3514 3362 δείξει,
3540 3299 3637 3350 καὶ

2055 3390 2175 3443 τόδε
2228 3408 2280 3443 τι
2326 3388 2582 3454 λέγεσθαι
2637 3390 2731 3443 καὶ
2783 3388 2924 3441 κατὰ
2952 3390 3052 3458 τὴν
3093 3389 3289 3441 ἑαυτοῦ
3327 3389 3637 3458 μεταϐολὴν

2057 3482 2166 3536 τῶν
2194 3480 2455 3537 ἐναντίων
2489 3480 2635 3537 εἶναι
2664 3482 2918 3553 δεκτικὴν
2945 3484 3094 3552 παρὰ
3125 3481 3310 3552 μέρος.
3348 3482 3636 3536 Ἀδύνατον

2058 3575 2167 3644 γὰρ
2195 3577 2251 3630 ἐν
2282 3574 2360 3645 τῷ
2389 3576 2539 3646 αὐτῷ
2589 3576 2939 3644 ὑποκειμένῳ
2971 3574 3067 3627 δύο
3106 3573 3326 3627 ἐναντία
3365 3573 3639 3642 συστῆναι

2059 3669 2205 3724 κατὰ
2252 3670 2470 3723 ταυτόν.
2507 3671 2568 3723 El
2619 3671 2727 3738 γὰρ
2779 3672 3040 3724 τάναντία
3074 3666 3465 3736 συμϐεϐηκότα
3493 3666 3635 3731 ἐστὶ,

2059 3764 2213 3832 παρὰ
2261 3764 2428 3834 μέρος
2480 3765 2538 3817 ἐν
2590 3765 2701 3825 τοῖς
2738 3763 2962 3833 ἀτόμοις
2995 3762 3094 3832 τῆς
3131 3759 3393 3814 συνθέτου
3442 3758 3640 3821 οὐσίας

2058 3855 2313 3926 ἐνεργείᾳ
2338 3854 2769 3927 θεωρηοήσεται.

2133 4034 2244 4093 κα’.
2269 4035 2413 4100 Πλὴν
2440 4035 2541 4088 οὐκ
2570 4034 2628 4088 ἐν
2659 4033 2821 4087 παντὶ
2856 4022 3044 4102 ἀτόμῴ
3070 4031 3140 4084 τὰ
3168 4028 3513 4084 πάντα.οὐεέ
3528 4028 3643 4100 γὰρ

2059 4129 2119 4184 sb
2137 4129 2244 4201 πῦρ
2271 4129 2466 4198 γένοιτ’
2495 4128 2561 4182 ἄν
2594 4144 2722 4179 ποτε
2751 4125 2977 4196 ψυχρὸν,
3010 4122 3169 4192 μένον
3187 4120 3330 4192 πῦρ·
3354 4121 3386 4191 ἤ
3416 4123 3475 4174 τ’.
3495 4121 3643 4192 ὓδωρ

2064 4221 2248 4294 ξηρόν.
2293 4222 2358 4276 Ἦ
2386 4224 2494 4292 γὰρ
2517 4220 2613 4274 τοῦ
2663 4218 2838 4287 πυρὸς
2866 4218 3162 4287 θερμότης,
3190 4222 3285 4269 καὶ
3313 4216 3347 4284 ἡ
3378 4213 3474 4266 τοῦ
3508 4213 3644 4266 ὓδα-

2058 4332 2153 4378 τος
2207 4315 2466 4385 ὐγρότης,
2492 4314 2588 4383 οὐχ
2628 4312 2814 4373 ἁπλῶς
2870 4311 3161 4379 ποιότητες
3210 4307 3426 4368 τούτοις
3460 4306 3639 4360 εἰσίνο

2059 4409 2176 4463 ἀλλ’
2208 4408 2490 4470 οὐσιῶδεις
2518 4405 2792 4475 διαφοραὶ.
2836 4402 3296 4473 συμπληρωτικαὶ
3323 4399 3422 4467 τῆς
3446 4398 3643 4460 οὐσίας

2060 4502 2273 4556 αὐτῶν⁸
2307 4502 2403 4554 καὶ
2453 4499 2553 4553 οὐκ
2602 4498 2668 4552 ἂν
2728 4496 2959 4566 μένοντα
2999 4500 3058 4547 τὸ
3095 4494 3207 4562 πῦρ
3254 4493 3348 4546 καὶ
3383 4494 3447 4545 sb
3492 4490 3645 4560 ὕδωρ

368 4581 448 4636 ab
501 4582 609 4637 illis
673 4600 795 4647 quae
849 4587 1151 4640 secundum
1210 4591 1509 4644 essentiam
1563 4592 1786 4660 habent,
1848 4599 1948 4653 ulla

2065 4594 2211 4663 ἆπερ
2242 4594 2381 4658 ἐστὶ,
2413 4590 2521 4645 τῶν
2551 4588 2673 4643 κατ’
2702 4589 2895 4642 οὐσίαν
2933 4588 3118 4648 αὐτοῖς
3154 4584 3513 4655 ὑπαρχόντων
3548 4586 3645 4637 ἐκ-

375 4673 541 4729 modo
575 4676 845 4731 dimoveri
890 4687 1127 4748 poswnt
1166 4681 1250 4735 vel
1285 4683 1450 4736 etiam
1481 4684 1597 4739 sola
1637 4690 1835 4745 mentis
1860 4707 1958 4747 no-

366 4768 550 4823 Jtione.

443 4862 536 4919 22.
566 4861 656 4917 Illa
710 4862 858 4918 enim
917 4864 1120 4932 quibus
1170 4876 1366 4923 natura
1417 4881 1471 4926 et
1517 4872 1961 4943 inseparabiliter

361 4955 614 5010 :alterum
663 4959 1076 5014 contrariorum
1132 4976 1241 5016 non
1284 4963 1449 5027 inest.
1484 4974 1781 5037 utrumque
1827 4984 1962 5025 con-

374 5050 672 5103 trariorum
714 5066 811 5120 per
846 5053 994 5108 vices
1034 5057 1318 5125 suscipere
1376 5068 1629 5128 possunt.
1658 5058 1954 5131 Pmpterea

362 5142 539 5196 etiam
604 5159 807 5199 corvus
860 5148 1198 5215 cogitabitur
1257 5150 1399 5206 forte
1437 5151 1620 5218 albus.
1672 5153 1817 5221 quod
1871 5154 1958 5207 ni-

368 5248 531 5303 grum
564 5238 612 5288 ei
668 5251 774 5291 non
830 5248 1110 5310 competat
1162 5240 1559 5305 essentialiter,
1594 5254 1717 5295 actu
1773 5250 1955 5297 tamen

364 5332 430 5379 et
461 5339 653 5381 revera
705 5343 991 5398 nunquam
1046 5330 1202 5384 albus
1243 5330 1427 5396 fuerit,
1478 5341 1768 5409 propterea
1807 5335 1958 5403 quod

364 5424 428 5470 et
486 5418 615 5473 huic
681 5421 899 5491 nigrum
964 5422 1067 5477 etsi
1129 5437 1236 5477 non
1314 5423 1707 5488 essentialiter,
1775 5435 1957 5480 tamen

363 5511 482 5565 alio
539 5512 702 5567 tnutlo
754 5515 921 5581 inest,
978 5524 1039 5568 ut
1097 5516 1346 5585 separari
1408 5531 1517 5570 non
1560 5518 1753 5586 possit.
1814 5516 1961 5587 ignis

374 5604 594 5671 quidem
651 5607 823 5675 igitur
855 5607 1112 5678 frigidus,
1160 5616 1257 5662 aut
1284 5623 1426 5678 aqua
1466 5609 1612 5666 sicca
1644 5625 1710 5664 ne
1739 5611 1957 5680 quidem

377 5699 734 5765 rogitabitur.
791 5697 930 5753 Cum
996 5713 1178 5755 autem
1246 5701 1388 5770 ignis
1438 5703 1665 5756 humida
1728 5703 1959 5757 materia

374 5786 643 5860 nutritur,
690 5792 954 5849 humidus
999 5794 1125 5862 erit,
1157 5795 1339 5865 quoad
1385 5811 1653 5863 sensum;
1697 5803 1929 5865 quetnad

2062 4689 2245 4740 σταῖεν
2267 4686 2406 4748 ὅλως
2430 4700 2445 4716 ⁸
2478 4683 2599 4736 οὐδὲ
2635 4680 2779 4736 κατὰ
2817 4680 2985 4751 μόνην
3021 4678 3281 4733 ἐπίνοιαν.

2131 4865 2236 4936 κβ’.
2281 4859 2377 4926 Οἷς
2416 4863 2525 4933 γὰρ
2580 4860 2655 4932 μὴ
2706 4861 2867 4928 φύσει
2901 4858 2994 4911 καὶ
3026 4855 3351 4926 ἀχωρίστως
3409 4853 3644 4922 θάτερον

2060 4959 2296 5029 ὑπάρχει
2317 4956 2426 5009 τῶν
2446 4955 2729 5019 ἐναντίων,
2754 4950 2911 5005 ταῦθ’
2933 4950 3211 5019 ἑκατέρων
3237 4947 3346 5001 τῶν
3376 4947 3646 5001 ἐναντίων

2058 5052 2210 5121 παρὰ
2242 5051 2404 5121 μέρος
2446 5046 2564 5100 ἐστὶ
2608 5043 2857 5099 δεκτικά.
2903 5043 2997 5121 Διύ
3028 5042 3124 5095 καὶ
3156 5042 3186 5094 ὁ
3213 5039 3386 5108 κόραξ
3414 5043 3645 5111 ἐπινοη-

2057 5145 2282 5215 θήσεται
2314 5141 2414 5212 μὲν
2448 5141 2580 5204 ἴσως
2610 5138 2805 5201 λευκὸς
2846 5135 2934 5189 διὰ
2966 5134 3028 5189 sb
3058 5133 3132 5203 μὴ
3158 5133 3430 5195 οὐσιωδῶς
3464 5149 3646 5203 προσο

2056 5239 2194 5291 εἶναι
2258 5233 2321 5288 τό
2387 5234 2557 5304 μέλαν
2586 5229 2736 5298 αὐτῷ
2757 5246 2771 5261 ο
2804 5225 3204 5299 πραγματικῶς
3234 5225 3291 5277 δέ
3325 5224 3516 5287 λευκὸς
3542 5225 3649 5277 οὐκ

2057 5330 2126 5384 ἄν
2156 5346 2286 5382 ποτε
2324 5328 2558 5397 γένοιτο,
2603 5324 2740 5376 διότι
2778 5323 2876 5376 καὶ
2924 5321 3102 5389 τούτῳ
3128 5319 3190 5371 sb
3245 5318 3432 5386 μέλαν,
3466 5318 3516 5369 εί
3548 5317 3646 5368 καὶ

2061 5420 2137 5494 μὴ
2187 5418 2483 5480 οὐσιωδῶς,
2515 5413 2631 5469 ἀλλ’
2661 5414 2836 5477 ἄλλως
2876 5414 3116 5484 ὑπάρχει
3152 5411 3482 5481 ἀχώριστον.
3522 5408 3645 5461 Ψυο

2058 5513 2188 5584 χρὸν
2222 5513 2321 5583 μὲν
2352 5508 2446 5565 οὖν
2477 5510 2538 5563 sb
2572 5509 2709 5580 πῦρ,
2745 5509 2778 5578 ἢ
2815 5507 2876 5561 sb
2914 5506 3056 5568 ὕδωρ
3088 5505 3255 5573 ξηρὸν
3284 5502 3394 5556 οὐδ’
3420 5503 3645 5568 ἐπινοη-

2058 5605 2284 5675 equam
2305 5619 2319 5634 ·
2346 5603 2490 5673 ὑγρᾷ
2509 5600 2564 5653 δὲ
2586 5597 2922 5669 τρεφόμενον
2942 5595 3046 5667 ’ὐλῃ
3061 5594 3124 5647 τὸ
3163 5593 3275 5663 πῦρ
3300 5594 3453 5644 ἔσται
3475 5587 3647 5658 ὐγρὸν

2060 5699 2135 5762 ὡς
2161 5697 2297 5767 πρὸς
2321 5694 2575 5762 αἴσθησιν
2595 5708 2611 5725 ο
2644 5692 2835 5761 ὥσπερ
2869 5690 2966 5743 καὶ
2996 5686 3103 5741 ὑπὸ
3134 5684 3423 5757 πυρώδους
3450 5679 3643 5741 οὐσίας

2062 5788 2370 5861 θερμανθὲν
2401 5788 2461 5840 sb
2496 5786 2664 5857 ὕδωρ,
2687 5783 2912 5856 θερμόν.

374 5884 601 5941 modum
639 5887 802 5943 etiam
838 5905 977 5959 aqua
1002 5904 1123 5960 qua:
1158 5889 1225 5945 ab
1253 5889 1427 5962 ignita
1472 5888 1779 5947 substantia
1811 5887 2073 5946 calclacta
2100 5893 2203 5950 εει,
2231 5880 2424 5937 calida-
