3868 6362
198 417 308 481 820

1466 419 1822 485 EPITOME
1870 425 2173 490 LOGICA.

3360 441 3466 506 831i

263 527 373 597 κγ’.
400 526 627 594 Δὲεεται
648 527 708 582 δὲ
733 528 793 583 τδ
819 526 933 598 πῦρ
959 528 1051 583 καὶ
1075 528 1178 600 τὴν
1207 529 1304 585 ἰπὶ
1327 529 1396 586 τὰ
1427 531 1580 587 κάτω
1601 533 1771 607 φοράν

1948 538 2042 597 25.
2066 532 2319 611 Recipict
2358 552 2540 599 autem
2584 545 2727 614 ignis
2758 558 2815 602 et
2838 558 3048 605 motum
3089 552 3157 607 ad
3199 552 3465 614 inferiora

190 619 506 686 ὠθούμενον
533 620 623 674 διὰ
647 619 750 690 τῆς
802 620 1105 692 ὲκθλίψεως
1127 662 1145 688 ,
1182 621 1258 685 ὡς
1290 623 1320 676 6
1351 624 1618 694 κεραυνός
1637 640 1652 656 ⁸
1685 627 1784 681 καὶ

188 710 253 763 τδ
300 711 447 783 ὕδωρ
496 711 630 784 ὁλκῇ
666 714 981 783 πνεύματος
1036 715 1241 767 ὲσετται
1300 716 1608 787 μετέωρον,
1642 718 1782 773 κάπὶ

187 804 301 857 τῶν
331 804 512 859 ἄλλων
538 805 741 877 ὁμοίως
764 808 1028 863 τάναντία
1056 805 1471 879 θεωρηθήσεται
1495 824 1511 841 ο
1543 815 1686 866 κατά
1716 828 1783 882 γε

188 896 250 950 τδ
281 898 548 965 πεφυκός.

216 1002 220 1009 '
256 989 359 1044 κδ’.
403 991 483 1044 Τά
509 991 554 1043 δ’
600 991 828 1061 οὐράνια
863 991 1096 1063 στῖρματα
1148 993 1225 1058 ὡς
1283 995 1571 1064 μοναδικά,
1619 997 1783 1051 τινῶν

186 1083 284 1153 οὐχ
317 1084 669 1154 ὕπάρχουτιν
695 1084 894 1151 ἄτομα.
935 1084 1073 1138 Οὔτε
1104 1089 1213 1157 γὰρ
1245 1087 1432 1155 γένος,
1466 1086 1599 1142 οὔτε
1636 1083 1781 1153 εἶδός

186 1178 337 1231 ἔστιν
368 1178 425 1230 ἐν
462 1179 671 1241 αὐτοῖς.
711 1180 820 1233 Καὶ
851 1179 940 1235 διὰ
990 1179 1153 1234 τοῦτο
1200 1182 1466 1235 τάναντία
1497 1181 1601 1235 οὐκ
1652 1183 1777 1237 tm-

186 1269 455 1340 δέχονται.

256 1362 358 1420 κε’.
393 1365 611 1419 Μᾶλλον
645 1365 692 1419 δ’
717 1368 774 1419 ὲν
813 1369 878 1437 τῇ
924 1367 1264 1439 κυκλοφορίᾳ
1293 1368 1353 1421 τὸ
1387 1364 1529 1422 εἷναι
1560 1366 1776 1440 ἔχοντα,

181 1458 285 1511 οὐκ
323 1458 390 1512 ἂν
420 1459 594 1530 ἔχοιεν
621 1477 744 1515 τινα
769 1461 864 1515 τοῦ
898 1462 1146 1517 ἐναντίου
1187 1462 1525 1534 παραδοχὴν.

254 1635 373 1701 σις’.
415 1638 480 1691 Εἰ
515 1638 589 1708 μή
646 1655 730 1701 τις
777 1638 918 1709 λάϐῃ
952 1639 1052 1701 τὰς
1083 1639 1496 1710 ’ἀντικειμένας
1523 1642 1777 1714 κινήσεις

183 1730 244 1782 ἐν
304 1731 594 1799 πλάνησιν.
636 1724 796 1784 Οὗτοι
858 1734 969 1800 γὰρ
1017 1733 1283 1801 φέρονται
1344 1734 1466 1803 μιν,
1514 1739 1608 1789 καὶ
1669 1738 1777 1791 ἀπὸ

158 1822 408 1887 -δυσμῶν
458 1824 538 1885 είς
593 1822 862 1886 ἀνατολὰς
915 1824 1127 1878 οίκείαν
1185 1826 1400 1896 φοράν·
1462 1826 1774 1896 συμφέρον-

179 1931 272 1967 ται
299 1916 354 1967 δὲ
385 1917 481 1967 καὶ
512 1914 590 1983 τῷ
627 1917 789 1970 παντὶ
819 1916 954 1983 πρὸς
979 1916 1191 1987 δδσμάς
1226 1917 1286 1983 ἐξ
1315 1919 1616 1983 ἀνατολῶν,
1640 1937 1704 1973 συ
1718 1938 1768 1973 ι-

179 2007 338 2065 όδους
380 2024 441 2061 τε
473 2008 754 2062 ποιοῦνται
777 2010 874 2077 καὶ
900 2010 1233 2075 ἀποστάσεις
1254 2009 1349 2064 καὶ
1367 2010 1766 2082 ταπεινώματα

179 2104 278 2157 καὶ
304 2101 600 2172 ὑψώματα,
631 2102 727 2156 καὶ
776 2102 1163 2173 προποδίζουσι
1215 2103 1310 2157 καὶ
1355 2103 1764 2172 ἀναποδίζουσι,

180 2195 277 2248 καὶ
313 2194 552 2265 βορείοις
610 2196 707 2249 καὶ
758 2194 957 2259 νοτίοις
1010 2194 1105 2247 τοῦ
1146 2194 1416 2260 ζωδιακοῦ
1467 2197 1765 2263 πελάζουσι

183 2295 382 2363 μέρεσι
413 2306 429 2321 ο
459 2290 555 2343 τοῦ
585 2289 738 2359 ἡλίου
772 2290 938 2359 μόνου
991 2290 1225 2343 πάντοτε
1261 2290 1361 2358 τὴν
1400 2290 1573 2357 μέσην
1605 2307 1767 2361 φερο-

183 2385 350 2453 μένου
377 2383 471 2436 καὶ
504 2382 746 2452 ὁμαλῶς.
782 2381 848 2436 Ἦ
874 2382 932 2436 δὲ
965 2383 1188 2452 σελήνη,
1233 2383 1329 2436 καὶ
1361 2382 1623 2449 ποικίλως
1651 2384 1766 2446 τοῖς

180 2479 488 2546 φοιτισμοῖς
522 2492 581 2529 τε
613 2475 708 2530 καὶ
741 2475 1069 2542 σκοτασμοῐς
1115 2472 1517 2544 σχηματίζεται
1546 2474 1642 2527 καὶ
1681 2472 1766 2537 τζ-

177 2572 327 2625 λειον
375 2568 721 2638 ἀμαυροῦται
773 2567 943 2639 μόνης
977 2567 1088 2620 τῶν
1140 2568 1282 2621 ὅλων
1335 2567 1435 2635 τῆς
1485 2566 1766 2632 ἀπλανοῦς

180 2667 424 2735 σφαίρας
455 2664 731 2735 μηδεμίαν
761 2663 1159 2732 ἐπιδεχομένης
1203 2661 1576 2730 ἐναντιότητα,
1607 2663 1656 2714 εί
1688 2663 1763 2733 μή

177 2777 270 2813 πω
307 2760 462 2825 λέγει
515 2775 602 2820 τις
652 2758 977 2825 καινοτέρας
1030 2756 1437 2821 ἐναντιότητας,
1484 2757 1586 2825 τήν
1615 2755 1664 2807 τ’
1706 2755 1768 2820 ἐξ

176 2851 461 2906 ἀνατολῶν
496 2851 578 2913 εἰς
625 2849 838 2917 δυσμὰς
890 2848 1065 2916 φορὰν
1099 2849 1242 2902 κατὰ
1272 2848 1335 2902 τὸ
1367 2847 1516 2918 ὑπὲρ
1544 2848 1649 2918 γῆν
1678 2848 1769 2900 λε-

176 2948 416 3016 γόμενον
450 2945 833 3015 ἡμισφαίριον,
872 2943 971 2995 καὶ
1000 2943 1100 3011 τὴν
1133 2945 1197 2997 ὲκ
1244 2941 1473 3012 δυσμῶν
1508 2941 1590 3004 εἰς
1636 2940 1767 2994 ἀνα-

174 3043 342 3106 τολὰς
373 3042 516 3094 κατὰ
540 3041 601 3094 τὸ
624 3038 815 3093 δοκοῦν
844 3038 952 3092 ὑπὸ
984 3036 1108 3106 γῆν,
1135 3038 1225 3091 διὰ
1256 3037 1357 3106 τῆς
1391 3038 1522 3107 μιᾶς
1548 3037 1643 3090 καὶ
1666 3034 1765 3104 τῆς

174 3137 354 3202 αὐτῆς
405 3131 814 3202 κυκλοφορικῆς
863 3130 1306 3197 ἀπαρτιζομένας
1337 3130 1634 3195 κινήσεως,
1665 3126 1764 3180 καὶ

176 3227 346 3292 ξένως
377 3225 474 3277 καὶ
528 3222 859 3292 θαυμαστῶς
896 3218 1275 3287 συλληπτικάς
1312 3217 1561 3281 ἀλλήλων
1596 3215 1764 3282 οὔσας
1795 3252 1839 3311 c

173 3320 274 3375 καὶ
304 3315 750 3379 συντελεστικάς.

248 3614 356 3680 κζ’.
398 3613 563 3669 Ἀλλά
591 3610 764 3666 ταῦτα
797 3610 900 3679 μὲν
926 3608 1019 3662 ἐπὶ
1044 3605 1326 3662 τοσοῦτον.

247 3708 363 3782 κη’.
391 3708 645 3761 Φαίνεται
674 3706 729 3760 δὲ
762 3705 858 3758 καὶ
887 3704 915 3756 6
948 3704 1108 3770 λόγος
1147 3701 1239 3754 καὶ
1269 3702 1302 3772 ἡ
1329 3698 1458 3766 δόξα
1484 3698 1592 3752 τῶν
1621 3697 1776 3752 ἐναν-

174 3804 311 3859 τίων
352 3799 494 3857 εἶναί
558 3818 676 3864 πως
702 3798 948 3852 δεκτικά.
982 3796 1095 3849 Kal
1127 3798 1154 3848 6
1191 3794 1290 3865 μὲν
1321 3794 1481 3862 λόγος
1511 3793 1662 3865 δηλοῖ
1684 3790 1775 3846 τὸν

178 3895 523 3967 προφορικδν
550 3892 648 3947 καὶ
678 3892 795 3945 ἔστι
826 3890 993 3943 ποσόν
1013 3904 1026 3919 ⁸
1053 3889 1087 3956 ἡ
1105 3887 1231 3955 δόξα
1258 3886 1313 3940 δὲ
1340 3886 1500 3954 λόγος
1524 3884 1774 3939 ἐνδιάθε-

177 4006 273 4054 ττς
294 3988 455 4051 οὖσα,
488 3988 743 4040 τάττεται
764 3985 869 4038 ὑπὸ
885 3984 945 4036 τὸ
964 3981 1144 4037 παιόν.
1164 3978 1394 4033 Δοκοῦσι
1421 3981 1476 4033 δὲ
1494 3981 1587 4033 καὶ
1606 3979 1775 4048 ἄμφω

176 4084 473 4151 τυγχάνειν
513 4079 621 4132 τῶν
670 4079 949 4140 ἐναντίων,
976 4074 1051 4139 ὡς
1089 4076 1332 4144 εἴρηται.
1357 4070 1605 4126 δεκτικά.
1648 4071 1773 4125 Ἐὰν

175 4175 287 4242 γὰρ
334 4171 648 4240 καθημένου
698 4167 795 4221 τοῦ
850 4167 1176 4235 Σωκράτους
1232 4162 1368 4234 λέγῃ
1408 4177 1495 4224 τις
1538 4158 1771 4232 αὒτδνῆ

175 4265 382 4336 δοξὰζῃ
434 4260 731 4332 καθῆσθαι,
756 4258 1017 4330 ἀληθεύει
1044 4274 1060 4290 ’
1099 4259 1295 4311 τούτου
1333 4253 1380 4308 δ’
1406 4251 1770 4316 ἀναστάντος,

176 4359 465 4430 ψεύδεται.

253 4543 362 4598 κθν.
403 4539 548 4595 Ἀλλ’
571 4539 670 4610 οὐχ
700 4536 843 4590 οὕτω
878 4534 948 4588 τὰ
977 4534 1077 4603 τῆς
1111 4530 1302 4595 οὐσίας
1326 4531 1512 4600 ἀτομα
1540 4525 1770 4582 δεκτικὰ

175 4636 293 4689 τῶν
329 4634 592 4688 ἐναντίων
625 4630 897 4700 ὑπάρχειν
923 4628 1140 4693 ἐλέγετο
1163 4640 1178 4655 ·
1208 4625 1353 4689 κατὰ
1382 4623 1439 4677 δὲ
1468 4621 1566 4694 τὴν
1597 4638 1770 4691 μετα-ι
1803 4612 1849 4669 D

175 4724 346 4797 δολὴν
394 4723 625 4778 ἑαυτῶν.
668 4720 728 4774 '0
786 4721 945 4788 λόγος
1004 4719 1061 4772 δὲ
1103 4714 1202 4770 καὶ
1255 4716 1287 4785 ἡ
1336 4714 1463 4779 δόξα
1513 4715 1768 4784 μένουσιν

175 4822 322 4887 ὅπερ
357 4817 493 4884 εἰσὶ,
528 4814 625 4868 τοῦ
658 4814 988 4886 πράγματος
1027 4808 1481 4881 μεταϐάλλοντος.

250 4910 318 4965 λ’.
340 4910 550 4970 Ἀλλως
577 4925 636 4961 τε
660 4906 784 4963 οὐδὲ
829 4906 1094 4959 τάναντία
1115 4901 1271 4970 λόγος
1305 4901 1339 4972 ἢ
1380 4900 1508 4965 δόξα
1540 4899 1768 4954 δύναται

174 5002 458 5069 δέξασθαι.
510 5003 718 5072 Πάσχει
766 4999 879 5071 γὰρ
927 4997 989 5050 τὸ
1041 4995 1305 5049 τάναντία
1341 4994 1654 5065 δεχόμενον.
1702 4992 1766 5046 Ἦ

175 5098 290 5166 γὰρ
324 5097 405 5157 εἰς
438 5093 699 5146 τάναντία
742 5089 1017 5160 μεταϐολὴ
1053 5087 1227 5151 πάθος
1259 5086 1408 5140 ἐστίν
1433 5101 1447 5116 ·
1491 5087 1526 5155 ἡ
1556 5086 1685 5153 δόξα
1709 5084 1767 5139 δὲ

176 5188 279 5243 καὶ
307 5190 337 5242 6
362 5187 521 5256 λόγος
544 5185 782 5257 ἀκίνητα
820 5183 975 5254 μένει
1005 5182 1102 5236 καὶ
1128 5179 1514 5252 ἀμετάϐλητα.

250 5364 358 5417 λα’.
403 5361 623 5417 Μᾶλλον
656 5362 713 5417 δὲ
745 5363 922 5417 εἰπεῖν
956 5361 1080 5416 οὐδὲ
1115 5360 1295 5432 μένει,
1365 5359 1486 5415 ἀλλ’
1540 5359 1658 5431 ἅμα
1691 5360 1768 5431 τῷ

174 5454 513 5526 δοξασθῆναι
558 5454 623 5510 τὸ
663 5457 898 5527 πρᾶγμα
924 5457 959 5526 ἡ
987 5454 1119 5522 δόξα
1173 5454 1477 5519 πέπαυται,
1505 5456 1601 5507 καὶ
1653 5453 1771 5524 ἅμα

176 5551 259 5624 τῷ
290 5549 530 5623 ῥηθῆναι
561 5552 589 5602 6
618 5549 779 5616 λόγος
806 5548 1100 5621 ἔφθαρται.
1131 5548 1240 5601 Καὶ
1282 5547 1442 5611 ἄλλος
1483 5548 1583 5617 μὲν
1612 5547 1773 5616 λόγος

175 5642 208 5692 6
250 5637 425 5692 εἰπὼν
474 5638 535 5692 τὸ
587 5638 856 5709 πρότερον
890 5639 982 5693 τὸν
1017 5638 1319 5711 Σωκράτην
1348 5637 1647 5708 καθῆσθαι,
1680 5638 1774 5692 καὶ

177 5732 340 5796 ἄλλος
375 5734 404 5787 6
435 5732 554 5802 μετ’
578 5732 790 5787 ἐκεῖνον
819 5731 1054 5805 λεχθείς.
1086 5732 1159 5789 Τὸ
1189 5733 1234 5786 δ’
1260 5731 1394 5787 αὐτὸ
1427 5732 1522 5786 καὶ
1548 5734 1644 5787 ἐπὶ
1670 5732 1772 5803 τῆς

175 5827 360 5894 δόξης.
1294 5840 1301 5851 ⁸

254 5921 433 5993 Αβ’.Ἦ
455 5921 574 5977 οὐδὲ
600 5923 691 5992 τῆς
712 5921 869 5996 δόξης
890 5921 1083 5997 εστὶητδ
1101 5921 1389 5994 ἀληθεύειν
1409 5925 1769 5998 ἧψεύδεσθαι,

1886 650 2011 691 cum
2051 636 2207 708 181
2244 651 2342 707 per
2372 637 2656 693 elisionem
2692 642 3043 709 propellitur,
3096 654 3155 697 ut
3220 645 3464 714 fulmen;

1884 737 1939 783 et
1973 743 2115 798 aqua
2171 730 2318 784 venti
2374 731 2645 791 tractione
2683 732 2937 788 sublimis
2984 735 3092 791 erit
3122 754 3137 791 :
3169 746 3226 792 et
3259 739 3312 792 in
3339 740 3467 796 aliis
3571 752 3590 771 ’

1884 822 2144 877 similiter
2172 824 2450 878 contraria
2480 839 2579 894 pro
2615 824 2853 879 naturali
2881 825 3169 883 babilitate
3209 830 3467 887 conside-

1887 914 2181 971 rabuntur.

1954 1005 2043 1062 24.
2083 1009 2245 1078 Atqui
2287 1024 2516 1078 corpora
2571 1010 2817 1065 coelestia
2876 1018 2934 1063 ut
2983 1010 3304 1078 singularia,
3353 1030 3463 1071 non

1887 1106 2018 1152 sunt
2065 1100 2379 1166 aliquorum
2429 1102 2731 1157 individua.
2767 1100 2952 1171 Neque
2984 1102 3129 1156 enim
3166 1122 3337 1172 genus
3371 1123 3467 1163 ne-

1883 1205 1992 1259 que
2044 1193 2257 1260 species
2286 1204 2370 1249 est
2429 1194 2482 1248 iu
2529 1195 2658 1252 iiiis.
2698 1194 2763 1249 Et
2798 1202 3085 1264 propterea
3146 1213 3255 1252 nou
3290 1198 3468 1256 susei-

1884 1283 2044 1353 piunt
2074 1288 2378 1342 contraria.

1948 1376 2041 1432 25.
2076 1378 2183 1433 Sed
2228 1383 2409 1449 potius
2435 1380 2563 1435 dum
2606 1383 2660 1437 in
2715 1383 2969 1441 circulari
3038 1393 3188 1440 motu
3246 1386 3307 1438 τὸ
3344 1400 3466 1442 esse

1880 1468 2112 1538 habent,
2163 1476 2432 1529 contrarii
2467 1475 2705 1547 aliquam
2766 1479 3172 1550 susceptionem
3224 1494 3331 1534 non
3368 1481 3467 1535 atl-

1881 1563 2130 1620 mittunt.

1948 1656 2041 1712 26.
2089 1656 2204 1714 Nisi
2237 1660 2363 1725 quis
2410 1662 2695 1733 oppositos
2732 1665 2784 1718 in
2815 1664 3070 1734 'planetis
3104 1676 3289 1721 motus
3319 1666 3465 1722 acci-

1878 1749 2013 1820 piat.
2048 1750 2109 1805 Hi
2156 1752 2302 1807 enim
2357 1756 2521 1809 etiam
2563 1757 2632 1811 ab
2664 1758 2957 1813 occasibus
3001 1758 3068 1811 ad
3100 1770 3256 1815 ortus
3310 1770 3463 1815 motu

1881 1846 2110 1913 proprio
2153 1856 2442 1900 moventur
2480 1865 2494 1903 :
2545 1847 2711 1902 simul
2743 1860 2924 1903 autem
2981 1850 3143 1905 etiam
3181 1867 3305 1904 cum
3340 1852 3464 1906 uni-

1872 1950 2037 1992 verso
2069 1937 2145 2007 (id
2184 1947 2291 2001 est.
2322 1939 2504 2008 primo
2532 1940 2747 2008 mobili)
2785 1957 2848 1996 ex
2877 1942 3092 1997 ortibus
3147 1943 3201 1998 in
3230 1960 3461 2000 occasus

1870 2043 2181 2101 moventur,
2226 2045 2281 2090 et
2321 2036 2741 2105 conjunctiones
2788 2046 2843 2093 et
2899 2054 3179 2101 recessus,
3235 2046 3289 2093 ct
3316 2038 3465 2107 deie-

1869 2127 2089 2183 ctiones
2129 2135 2184 2183 et
2228 2128 2591 2184 exaltationes
2640 2130 2899 2194 subeunt,
2928 2139 2984 2184 et
3017 2131 3319 2198 procedunt
3356 2131 3464 2198 (di-

1868 2223 2069 2292 recti),
2107 2231 2163 2276 et
2218 2221 2592 2287 reirei-edunt,
2622 2231 2679 2278 et
2733 2223 3140 2291 aquilonaribus
3209 2224 3465 2279 australi-

1866 2318 2083 2387 busque
2114 2316 2331 2371 Zodiaci
2356 2314 2605 2387 partibus
2625 2317 3020 2388 propinquant;
3044 2326 3102 2370 ut
3128 2326 3342 2372 tantum
3379 2332 3460 2387 soi

1866 2420 2137 2482 perpetuo
2174 2412 2226 2465 in
2283 2411 2464 2466 medio
2490 2411 2713 2465 Zodiaci
2745 2421 2801 2467 et
2848 2411 3191 2481 aequabiliter
3235 2426 3465 2467 movea-

1868 2509 2007 2557 tur:
2080 2502 2211 2557 luna
2274 2510 2539 2557 autemet
2585 2505 2738 2557 varie
2794 2517 2917 2556 cum
2965 2503 3461 2558 illuminationibus

1868 2602 1982 2648 tum
2032 2592 2520 2673 obscurationibus
2575 2594 2868 2662 figuratur,
2894 2602 2949 2648 et
2986 2594 3205 2648 tandem
3232 2610 3459 2663 prorsus

1867 2678 2282 2758 evanescit;‘ut
2335 2691 2450 2743 sola
2499 2690 2643 2744 inter
2693 2704 2885 2744 omnes
2931 2688 3183 2744 inerrans
3245 2689 3455 2756 sphaera

1871 2784 2080 2839 nullam
2116 2784 2568 2838 contrarietatem
2604 2784 2852 2851 recipiat,
2887 2783 2988 2835 nisi
3039 2783 3165 2850 quis
3200 2783 3456 2838 not-iores

1870 2876 2296 2932 contrarietates
2325 2876 2471 2930 dicat
2496 2890 2620 2929 cum
2662 2876 2919 2930 lationem
2956 2874 3106 2929 illam
3132 2890 3256 2942 (μω
3291 2876 3454 2946 182

1872 2984 1940 3025 ex
1976 2970 2194 3025 ortibus
2220 2981 2307 3025 est
2334 2971 2389 3025 in
2419 2985 2649 3026 occasus
2679 2971 2980 3025 secundum
3009 2969 3456 3037 hemisplnerinm

1868 3061 2015 3132 quod
2048 3076 2216 3130 supra
2252 3069 2455 3115 terram
2487 3059 2709 3122 dicitur.
2744 3067 2858 3114 tum
2888 3075 3006 3114 eam
3039 3075 3162 3129 quze
3190 3076 3255 3112 ex
3301 3074 3461 3113 occa-

1873 3156 2032 3211 sibus
2082 3154 2258 3210 estin
2304 3166 2465 3209 ortus
2510 3153 2815 3208 secundum
2867 3152 2920 3207 id
2976 3154 3122 3222 quod
3177 3152 3282 3206 sub
3312 3160 3465 3206 terra

1873 3248 2086 3303 videtur
2112 3247 2629 3318 (hemisphaerium),
2665 3261 2790 3317 quae
2838 3260 2942 3300 una
2972 3255 3027 3300 et
3061 3245 3249 3298 eadem
3282 3244 3463 3298 circu-

1878 3340 1976 3396 lari
2017 3341 2261 3395 motione
2312 3339 2698 3402 absolvuntur,
2758 3346 2813 3392 et
2880 3336 3143 3403 singulari
3221 3334 3461 3390 admira-

1878 3432 2085 3502 bilique
2136 3432 2301 3488 modo
2351 3448 2414 3490 se
2454 3441 2647 3487 mutuo
2690 3430 3134 3501 complectuntur
3185 3437 3240 3485 et
3269 3425 3479 3500 ψει-ῆν

1876 3526 2051 3582 ciunt.
2244 3596 2256 3609 ι

1946 3618 2040 3673 27.
2083 3619 2188 3675 Sed
2225 3620 2292 3674 de
2324 3620 2410 3674 bis
2436 3618 2654 3689 quidem
2686 3617 2739 3670 in
2778 3626 3009 3672 tantum.

1946 3712 2043 3767 28.
2073 3712 2335 3767 Videntur
2386 3722 2567 3768 autem
2601 3722 2658 3768 et
2682 3721 2861 3765 oratio
2889 3720 2943 3764 et
2974 3707 3183 3773 opinio,
3236 3716 3460 3762 contra-

1876 3804 1957 3859 ria
1987 3804 2389 3873 quodammodo
2415 3806 2658 3875 recipere
2710 3818 2895 3873 posse.
2934 3800 2999 3855 Et
3026 3800 3205 3853 oratio
3235 3798 3475 3868 quidem

1880 3895 2213 3966 prolatitiam
2248 3896 2515 3955 declarat.
2551 3904 2605 3949 et
2660 3902 2748 3948 est
2776 3892 3095 3961 quantitas:
3144 3890 3333 3958 opinio
3367 3904 3459 3942 au-

1878 3996 1987 4042 lem
2018 4002 2142 4040 cum
2179 3988 2247 4042 sit
2276 3988 2453 4041 oratio
2504 3986 2746 4047 interna,
2793 3987 2895 4041 sub
2923 3983 3188 4053 qualitate
3237 3981 3459 4051 reponi-

1878 4090 1989 4135 tur.
2025 4079 2289 4134 Videntur
2336 4090 2517 4133 autcm
2565 4088 2816 4147 utraque,
2860 4087 2921 4132 ut
2956 4078 3156 4131 dictum
3183 4082 3287 4137 est.
3324 4090 3479 4129 con-v

1876 4171 2041 4227 traria
2089 4173 2366 4242 suscipere
2396 4186 2580 4240 posse.
2613 4170 2748 4226 Cum
2795 4169 2940 4224 enim
2976 4169 3199 4222 sedente
3230 4166 3465 4220 Socrate

1875 4261 2007 4316 dicit
2037 4270 2134 4316 aut
2160 4263 2418 4332 opinatur
2463 4260 2663 4330 aliquis
2694 4260 2887 4314 sedere
2941 4258 3149 4328 ipsum,
3182 4266 3295 4309 tum
3331 4270 3457 4310 vere

1874 4354 2008 4411 dicit
2062 4357 2178 4426 (aut
2230 4354 2510 4426 opinatur)
2548 4363 2887 4425 ;postouam
2948 4361 3130 4407 autem
3192 4347 3456 4413 surrexit,

1873 4447 2155 4503 mentitur.

1941 4540 2033 4596 29.
2076 4541 2274 4597 Verum
2326 4538 2582 4596 baud'ita
2617 4539 2899 4595 individua
2941 4534 3266 4594 substantiae
3295 4547 3488 4603 posse'

1877 4629 2152 4683 contraria
2181 4631 2464 4699 suscipere
2486 4629 2833 4696 dicebautur,
2872 4627 2964 4683 sed
2994 4624 3175 4697 quoad
3225 4624 3311 4679 sui
3341 4641 3464 4677 mu-

1877 4720 2160 4774 tationem.
2216 4719 2405 4775 Oratio
2452 4730 2633 4775 autem
2705 4730 2756 4775 ct
2811 4719 2999 4787 Opinio
3048 4724 3270 4771 manent
3314 4717 3477 4785 quod.

1879 4826 2029 4879 sunt,
2066 4830 2125 4877 re
2155 4822 2370 4869 tantum
2400 4814 2757 4869 mutationem
2785 4812 3079 4868 subeunte.

1948 4909 2039 4963 ‘50.
2068 4909 2240 4963 Aliter
2264 4909 2430 4963 etiam
2464 4908 2640 4963 oratio
2681 4916 2735 4961 et
2786 4905 2972 4974 Opinio
2997 4921 3064 4959 ne
3087 4905 3310 4977 quidem
3334 4920 3485 4960 cour

1878 5004 2043 5058 traria
2072 5004 2354 5072 suscipere
2383 5011 2631 5072 possunt.
2653 4998 2810 5067 Quod
2839 4998 2985 5052 enim
3016 5000 3292 5052 contraria
3320 5012 3456 5052 sus-

1876 5094 2037 5165 cipit,
2098 5093 2326 5165 patitur.
2387 5090 2613 5147 Mutatio
2651 5090 2798 5143 enim
2847 5087 2901 5142 in
2945 5090 3224 5142 contraria
3279 5090 3487 5159 passio-

1878 5198 1986 5243 est.
2020 5187 2090 5240 At
2126 5185 2313 5256 Opinio
2341 5194 2397 5240 et
2428 5185 2607 5239 oratio
2643 5182 2804 5254 183
2837 5192 3018 5238 motus
3061 5191 3115 5238 et
3144 5184 3481 5239 mutationis

1881 5290 2141 5350 expertes
2169 5287 2416 5334 manent.

1954 5371 2046 5426 51.
2098 5371 2240 5437 Quin
2276 5371 2480 5426 rectius
2512 5369 2787 5439 loquendo
2836 5384 3013 5440 neque
3067 5378 3328 5433 manent;
3372 5366 3481 5424 sed-

1884 5465 2052 5522 simul
2112 5480 2177 5521 ac
2209 5480 2326 5521 rem
2382 5464 2588 5535 opinati
2622 5479 2839 5527 sumus,
2886 5461 3124 5518 cessavit
3152 5461 3384 5529 opinio;
3416 5470 3470 5512 et

1881 5559 2045 5614 simul
2069 5573 2132 5613 ac
2164 5558 2308 5613 dicta
2334 5565 2418 5611 est
2456 5558 2657 5623 oratio,
2683 5562 2945 5622 corrupta
2974 5563 3077 5609 est.
3110 5553 3176 5607 Et
3203 5553 3305 5605 alia
3342 5552 3464 5621 qui-

1881 5652 2002 5708 dem
2035 5652 2212 5706 oratio
2244 5660 2329 5706 est
2362 5666 2483 5721 qum
2507 5652 2662 5720 prius
2694 5650 2832 5704 dixit
2858 5646 3139 5702 Socratem
3175 5644 3387 5710 sedere,
3414 5653 3475 5697 ct

1882 5740 1988 5794 alia
2020 5754 2141 5809 quae
2172 5747 2295 5809 post
2326 5739 2473 5793 illam
2505 5737 2650 5794 dicta
2675 5747 2779 5793 est.
2812 5736 2958 5793 Idem
2991 5746 3172 5792 autem
3204 5735 3367 5805 etiam
3398 5732 3471 5789 de

1884 5831 2142 5903 Opinione
2160 5830 2527 5887 sentiendum.

1955 5925 2043 5982 52.
2086 5926 2192 5982 Aut
2232 5941 2300 5982 an
2348 5940 2521 5999 neque
2552 5922 2828 5997 opinionis
2868 5932 2953 5980 cst
2998 5938 3183 5980 veram
3214 5935 3336 5980 esse
3380 5925 3467 5982 vel
