3868 6362
348 384 449 452 831
1552 381 1986 444 NICEPHORI
2028 380 2333 443 BLEMMI
2347 380 2462 443 DA!
3524 374 3636 439 832

352 498 595 558 mentiri.
630 495 726 551 sed
758 495 980 551 anima?
1011 494 1198 566 Neque
1233 497 1376 552 enim
1434 498 1628 568 opinio
1680 508 1778 570 per
1835 500 1940 555 sei-
1977 534 1979 560 ς

2095 496 2178 552 ad;
2204 496 2307 566 τῆς
2378 495 2559 567 ψυχῆς
2587 512 2603 563 ;
2631 495 2691 548 οὐ
2735 495 2842 566 γὰρ
2874 497 2905 569 ἡ
2940 496 3065 563 δόξα
3110 496 3324 563 δοξάζει
3356 494 3482 549 καθ’
3505 497 3636 548 ἐαυ-

352 601 504 655 psam
538 587 814 658 opinatur,
838 588 932 643 sed
960 589 1140 643 anima
1158 589 1415 660 opinione
1441 593 1717 661 opinatur.
1748 592 1935 662 Neque

2095 588 2309 660 μάλλ’
2339 588 2545 659 ἡψυχὴ
2583 587 2800 654 δοξάζει
2821 591 2885 659 τῇ
2916 589 3087 660 δόξῃ·
3123 591 3243 643 οὐδὲ
3265 590 3293 642 ὁ
3318 589 3476 657 λόγος
3498 588 3640 654 ἀλη-

353 679 530 735 oratio
561 680 674 735 sola
705 697 833 737 vera
867 692 952 737 est
976 695 1070 738 aut
1103 684 1411 750 mentitur;
1439 686 1534 741 sed
1581 685 1746 755 hujus
1775 693 1830 739 et
1855 688 1933 741 rei

2095 683 2194 737 nisi
2227 683 2389 753 μόνος
2418 685 2450 755 ἦ
2485 683 2763 753 ψεύδεται,
2789 682 2905 737 ἀλλ’
2931 685 2962 755 ἡ
2986 683 3179 737 τούτου
3204 686 3298 739 καὶ
3325 682 3419 737 τοῦ
3453 682 3639 752 πράγε-

353 773 658 843 complexio
688 792 701 828 :
738 785 792 830 et
821 775 1014 831 horum
1050 778 1273 847 quidem
1301 781 1534 833 duorum
1570 780 1933 836 consonantia

2095 793 2217 839 ατος
2276 776 2589 848 συμπλοκή.
2653 777 2765 830 Καὶ
2810 778 2844 837 ἡ
2903 776 3003 846 μὲν
3066 778 3355 846 συμφωνία
3389 776 3497 828 τῶν
3541 774 3641 828 δύο

355 878 563 927 verum,
609 863 949 920 dissonantia
981 876 1163 922 autem
1226 867 1428 924 falsum
1458 868 1644 924 ellicit.

2095 871 2191 925 οιετ
2222 871 2282 924 τὸ
2315 869 2543 939 ἀληθὲς,
2574 874 2608 944 ἠ
2639 871 2697 927 δὲ
2728 870 2996 942 διαφωνία
3027 870 3088 925 τὸ
3119 870 3336 941 ψεῦδος.

1331 1004 1552 1061 Tabula'
1582 1007 1774 1064 capitis
1802 1006 1893 1072 ‘20,
1926 1008 2051 1062 item
2091 1013 2157 1063 de
2190 1009 2517 1065 substantia.

391 1162 715 1219 Substantia
767 1164 974 1220 dicitur
1002 1166 1092 1224 vel
1134 1114 1163 1315 ἴ
1219 1137 1457 1220 ντ.⁰β¹’ίθ’
1489 1146 1547 1190 ⁸η
1584 1139 1920 1221 opmmsm'
1986 1209 1999 1222 .

1218 1224 1402 1263 minus
1440 1224 1681 1278 proprie,
1714 1218 1772 1263 ut
1806 1220 1997 1265 matert

1298 1224 1402 1263 nus
1440 1212 1681 1278 proprie,
1714 1218 1772 1263 ut
1806 1210 2033 1265 materia
2066 1222 2117 1264 et
2140 1210 2337 1266 forma.

1223 1346 1421 1417 prima,
1448 1360 1506 1404 ut
1531 1350 1811 1405 individua
1842 1351 2190 1415 substantiae,

456 1413 774 1471 Substantia
809 1415 914 1472 alia
941 1425 1027 1474 est
1135 1413 1167 1543 ς
1217 1413 1479 1484 secunda,
1535 1433 1589 1476 ut
1614 1424 1825 1492 species
1856 1432 1911 1476 et
1941 1438 2144 1493 genera
2178 1413 2527 1480 substantiae.

1224 1563 1274 1615 ι.
1302 1561 1419 1614 Non
1446 1578 1568 1616 esse
1598 1563 1650 1615 in
1689 1564 1954 1630 subjecto.

1225 1631 1281 1705 2.
1317 1630 1564 1705 ῌηίνορθ
1595 1636 1660 1688 de
1685 1636 1802 1689 suis
1831 1637 2092 1705 subjectis
2114 1638 2247 1694 dici.

1230 1703 1281 1757 5.
1317 1702 1464 1757 ΝἰΙιιΙ
1493 1719 1617 1758 esse
1646 1702 2007 1760 contrarium.

1233 1775 1286 1846 β.
1315 1772 1430 1846 δοκι
1458 1776 1700 1846 recipere
1729 1776 1901 1846 magis
1930 1785 1986 1830 et
2008 1779 2213 1836 minus.

1230 1843 1281 1928 ξ.
1315 1842 1786 1928 Quodlibetillins
1817 1842 2222 1928 individuorum
2254 1852 2357 1928 sub
2387 1855 2762 1928 ostensionem
2807 1859 3026 1917 cadere.
3056 1867 3108 1912 et
3151 1857 3254 1914 hoc
3273 1857 3479 1928 aliquid
3509 1854 3647 1912 dici.

1231 1914 1284 1970 6.
1310 1915 1497 1981 Quoad
1538 1916 1626 1972 sui
1665 1918 2023 1973 mutationem
2066 1924 2350 1978 contraria
2389 1926 2618 1983 alterius
2641 1931 2927 1998 suscipere
2958 1914 3140 1999 posse.

474 1697 637 1771 184
682 1697 1024 1780 Substantia’.

614 1778 876 1827 convenit

1558 2188 1900 2248 SYNOPSIS
1953 2188 2225 2247 CAPITIS
2281 2188 2429 2252 XXl,

1335 2340 1473 2389 QUOD
1513 2340 1610 2381 εςτ
1653 2340 1719 2379 DE
1759 2339 2012 2392 ρωπος
2051 2340 2135 2380 UBI
2173 2340 2340 2380 ETIAII
2374 2341 2438 2380 DE
2478 2340 2649 2381 κοτυ.

370 2443 422 2495 1.
460 2443 658 2501 Dividit
689 2456 945 2515 quantum
975 2447 1029 2500 in
1060 2444 1367 2500 continuum
1400 2454 1447 2496 ct
1481 2446 1771 2499 discretum
1804 2453 1855 2497 et
1888 2453 2169 2515 utrumn-ue
2197 2443 2467 2497 describit.
2505 2472 2563 2484 —
2589 2443 2644 2498 2.
2681 2443 2883 2510 Quanti
2916 2444 3133 2499 discreti
3169 2444 3365 2513 species
3390 2454 3647 2508 recenset,

439 2526 489 2569 et
521 2514 940 2571 sintul’ostendit
971 2517 1236 2587 quomodo
1258 2515 1342 2567 ltic
1372 2517 1691 2579 accipiendis
1726 2518 1852 2587 sint.
1883 2545 1953 2587 1—-
1984 2514 2037 2568 5.
2066 2514 2296 2568 Easdem
2328 2515 2516 2579 probat
2544 2522 2593 2566 et
2624 2515 2884 2569 declarat.
2914 2543 2981 2556 -ν-
3040 2517 3094 2569 4.
3150 2516 3405 2570 Continui
3455 2517 3649 2584 quanti

442 2589 636 2654 species
669 2585 1066 2642 enumerat.‘——
1096 2588 1149 2642 5.
1184 2585 1410 2639 Easdem
1442 2587 1650 2653 probat.
1684 2616 1750 2626 —-
1789 2586 1844 2639 6.
1885 2586 2175 2645 Punctum,
2203 2588 2385 2638 unitas
2407 2594 2457 2639 et
2489 2602 2629 2637 nunc
2681 2596 2940 2654 quatenus
3000 2588 3312 2639 conveniant
3367 2597 3417 2639 et
3453 2596 3646 2652 quate-

440 2673 542 2712 nus
578 2674 683 2710 non
727 2658 1058 2712 conveniant.
1086 2688 1146 2697 ——
1176 2656 1230 2710 7.
1268 2656 1371 2711 Nec
1395 2659 1726 2725 superﬁciem
1761 2656 1935 2719 lineis,
1967 2672 2058 2709 nec
2085 2672 2278 2724 corpus
2307 2656 2683 2724 snperﬁciebus
2707 2659 2909 2720 auqeri.
2939 2687 3007 2697 —-
3031 2658 3085 2708 8.
3113 2655 3403 2725 Oct-apatio
3438 2659 3504 2710 de
3530 2656 3653 2711 cor?

443 2745 567 2788 pore
593 2740 849 2795 quatenus
881 2730 1183 2783 substantia
1207 2731 1296 2789 sit,
1356 2737 1403 2779 et
1435 2740 1695 2796 quatenus
1744 2729 2065 2795 quantitatis
2111 2729 2393 2781 continua:
2426 2728 2646 2792 species.
2678 2756 2748 2766 —
2778 2729 2831 2781 9.
2880 2728 3201 2780 Continuam
3253 2740 3300 2781 et
3351 2730 3671 2781 discretam’

441 2808 697 2862 quantum
721 2811 978 2865 quatenus
1011 2801 1170 2852 etiam
1198 2800 1248 2850 in
1277 2809 1387 2851 toto
1421 2800 1616 2850 mando
1656 2800 2047 2852 causideretur.
2077 2824 2142 2836 —
2175 2797 2264 2851 10.
2309 2797 2468 2867 185
2504 2797 2606 2849 Per
2626 2798 2962 2863 epidia'rcsin
2992 2815 3082 2851 seu
3113 2815 3303 2851 nouam
3335 2799 3677 2854 diuisionem.

444 2880 701 2935 quantum
731 2871 899 2923 denuo
925 2870 1212 2923 subdividit
1254 2869 1311 2922 in
1343 2870 1396 2920 id
1430 2877 1568 2933 quod
1606 2869 1757 2921 habet
1794 2868 2115 2931 positionem
2162 2870 2401 2936 partium
2428 2869 2639 2937 etquod
2671 2885 2771 2920 non
2802 2869 2977 2923 habet.
3017 2899 3081 2907 ——
3132 2869 3216 2923 it.
3256 2868 3451 2921 l’rolzat
3481 2871 3675 2927 etiam,

445 2941 672 3002 numeri,
705 2941 963 2993 orationis
995 2950 1045 2994 et
1074 2944 1323 3008 temporis
1351 2950 1528 3003 partes
1556 2955 1655 2991 non
1683 2941 1871 2992 habere
1914 2941 2252 3003 positionem.
2290 2968 2345 2979 -ο
2387 2938 2474 2991 ιε.
2530 2938 2746 2992 I’ondns
2797 2957 2901 2992 non
2936 2954 3070 2991 recte
3118 2942 3171 2991 in
3230 2940 3650 3008 prmdicamento

447 3011 765 3076 quantitatis
803 3009 1077 3064 collocari.
1108 3042 1175 3050 —
1212 3011 1301 3064 15.
1345 3010 1478 3073 Quae
1506 3022 1707 3076 quanta
1732 3010 2104 3078 perfaccidens
2142 3011 2411 3062 dicantur.
2447 3039 2516 3049 —-
2546 3010 2634 3063 Η.
2677 3008 2793 3061 Duo
2850 3012 3039 3076 quanti
3065 3015 3307 3078 propria.
3364 3019 3422 3064 ut
3460 3011 3645 3078 appel-

448 3079 624 3133 lentur
656 3090 953 3134 ennmcrat.
995 3112 1061 3121 —
1092 3079 1181 3134 15.
1216 3079 1531 3149 Occupatio.
1565 3108 1635 3121 --
1675 3080 1761 3132 l6.
1790 3077 1996 3132 Mutum
2028 3096 2130 3134 non
2162 3096 2273 3132 esse
2304 3080 2681 3148 quantitatem,
2716 3084 2927 3133 tametsi
2963 3081 3016 3133 in
3067 3077 3371 3148 quantitate
3399 3077 3648 3134 conside-

447 3160 594 3203 retur
622 3158 679 3204 ut
708 3154 868 3204 etiam
898 3154 955 3204 in
984 3153 1129 3214 aliis,
1161 3150 1492 3219 substantia,
1518 3151 1785 3217 qualitate
1819 3160 1868 3202 et
1900 3151 2010 3203 ubi.
2036 3179 2105 3189 —-
2139 3151 2225 3202 l7.
2261 3149 2456 3202 Dividit
2486 3151 2682 3219 φορὰν,
2718 3152 2771 3203 id
2821 3161 2919 3209 est.
2953 3150 3206 3204 lationem
3236 3152 3291 3204 in
3317 3153 3649 3205 rectilineam

446 3232 493 3273 et
530 3222 896 3287 circularem;
937 3232 987 3276 et
1056 3224 1385 3277 reatilineam
1441 3222 1495 3273 in
1551 3237 1645 3275 sea:
1709 3221 1908 3285 species
1951 3221 2240 3275 subdividit
2294 3236 2388 3287 pro
2418 3221 2520 3273 loci
2549 3223 2788 3288 partibus
2835 3238 2925 3274 seu
2958 3222 3245 3288 speciebus,
3276 3237 3331 3272 ut
3361 3225 3493 3275 adeo
3529 3237 3651 3274 cum

448 3292 842 3345 circulari’sint
872 3304 1067 3359 septem
1097 3304 1269 3346 motus
1312 3293 1529 3345 locales.
1554 3320 1624 3332 -
1658 3290 1744 3343 18.
1780 3290 1993 3358 Species
2042 3303 2216 3344 motus
2254 3306 2346 3357 per
2399 3292 2711 3344 divisionem
2757 3292 2870 3360 ejus
2899 3296 3038 3359 quod
3069 3302 3307 3344 mutatur
3342 3295 3682 3360 investigat.-

455 3387 518 3401 —-
556 3362 641 3417 i9.
676 3362 932 3417 Distinctc
962 3364 1186 3427 indicat,
1222 3380 1322 3433 quo
1351 3364 1415 3433 de
1447 3372 1592 3415 motu
1627 3362 1708 3415 hic
1736 3361 2011 3430 loquatur.
2041 3392 2104 3405 --
2138 3362 2230 3433 ΞΟ.
2279 3361 2483 3414 Probat
2517 3379 2681 3430 quare
2710 3362 2981 3431 generatio
3009 3371 3057 3415 et
3093 3364 3364 3430 corruptio
3390 3363 3651 3415 mutatio-

451 3448 537 3484 nes
566 3433 696 3497 sint,
718 3449 822 3486 non
850 3446 1046 3487 motus.
1090 3464 1162 3477 —-
1210 3431 1302 3487 2|.
1358 3431 1674 3498 Occupatio,
1736 3448 1841 3499 qua
1896 3433 2072 3489 docet.
2116 3431 2488 3485 altcratiouem
2539 3449 2650 3485 esse
2699 3433 3023 3500 peculiarem
3070 3443 3243 3484 motus
3287 3434 3537 3500 speciem.
3581 3463 3653 3473 ——

448 3503 539 3557 ‘29..
568 3501 809 3557 Ostendit
844 3507 987 3559 omni
1020 3506 1186 3558 motui
1214 3511 1375 3558 etiam
1399 3505 1622 3572 quietem
1653 3502 1891 3570 aliquam
1916 3505 2131 3568 opponi,
2164 3520 2325 3572 quam
2359 3502 2487 3568 facit
2523 3504 2804 3569 triplicem,
2845 3514 2967 3555 ante
2996 3513 3213 3563 motum,
3248 3519 3362 3565 post
3396 3512 3649 3572 intutam,

450 3576 505 3625 in
539 3583 704 3628 motu.
738 3605 809 3616 —
846 3575 942 3630 '23.
974 3574 1191 3629 Omnem
1218 3571 1419 3627 motum
1465 3591 1528 3628 ea:
1571 3574 1752 3642 aliqua
1806 3574 1860 3626 in
1894 3572 2098 3641 aliquid
2162 3571 2277 3641 ﬁeri
2330 3589 2423 3641 per
2474 3573 2830 3627 inductionem
2865 3574 3073 3642 probat.
3105 3603 3178 3614 -α
3222 3574 3314 3626 21.
3371 3571 3651 3637 Quatenus

452 3645 618 3696 mutui
643 3646 789 3713 quies
813 3657 859 3698 et
890 3655 1010 3699 ante
1046 3655 1265 3706 malum,
1302 3655 1348 3697 et
1381 3656 1495 3708 post
1532 3654 1756 3705 motum,
1789 3653 1836 3695 et
1869 3645 1921 3696 in
1951 3645 2064 3706 ipso
2102 3656 2246 3696 motu
2281 3653 2582 3713 opponatur
2611 3645 2864 3712 explicat.
2900 3670 2968 3684 ——-
3010 3644 3104 3698 '25.
3145 3644 3205 3698 Ut
3237 3646 3403 3695 motui
3449 3644 3653 3713 simpli-

452 3715 586 3767 citer
609 3712 754 3783 quies
786 3716 1101 3782 simpliciter
1125 3716 1431 3785 opponitur,
1458 3715 1538 3767 ita
1573 3715 1798 3768 motibus
1829 3713 2194 3784 singularibus
2232 3713 2530 3785 singulares
2559 3724 2606 3768 et
2635 3722 2804 3769 tnotus
2849 3723 2898 3770 et
2926 3719 3070 3785 quies
3096 3716 3307 3784 apponi.
3336 3744 3405 3754 —
3436 3715 3526 3767 ‘26.
3558 3712 3653 3766 ln-

448 3785 697 3840 ductione
745 3786 1005 3842 declarat.
1032 3816 1103 3828 —
1129 3786 1222 3842 27.
1259 3783 1533 3840 Prcecisio.

960 4021 1189 4079 CAPUT
1229 4023 1373 4080 XXI.

2656 4026 2910 4081 ΚΕΦᾹΛ.
2942 4026 3093 4083 ΚΑ’.’

704 4116 781 4172 De
807 4127 1027 4186 quanto.
1061 4118 1150 4171 ubi
1179 4120 1334 4172 etiam
1364 4120 1429 4174 de
1463 4129 1630 4177 motu.

465 4212 630 4284 186
698 4213 746 4267 l.
794 4212 1073 4278 Quantum
1142 4212 1292 4268 aliud
1368 4215 1600 4293 quidem
1656 4224 1742 4273 est
1795 4212 1972 4270 conti-

385 4322 584 4370 nuum,
620 4305 768 4361 aliud
806 4319 935 4361 vero
955 4306 1277 4363 discretum.
1310 4308 1377 4363 Et
1400 4310 1723 4363 continuum
1748 4307 1969 4378 quidem

387 4409 488 4461 est.
526 4398 673 4469 quod
708 4409 891 4469 partes
920 4398 986 4454 ad
1012 4399 1253 4467 aliquem
1285 4415 1639 4455 communem
1674 4399 1970 4455 terminum

387 4490 695 4561 coniungit.
758 4490 1062 4545 Discretum
1117 4500 1299 4546 autem
1348 4500 1434 4547 est
1473 4491 1619 4561 quod
1676 4498 1861 4559 partes
1904 4488 1971 4544 ad

387 4597 736 4637 communem
763 4582 1002 4652 aliquem
1029 4583 1325 4637 terminum
1358 4597 1465 4636 non
1489 4582 1792 4652 coniungit.

457 4671 514 4726 2.
555 4672 799 4728 Discrela
840 4672 1009 4742 igitur
1050 4683 1254 4742 quanta
1308 4679 1438 4727 sunt
1505 4679 1561 4726 et
1622 4685 1886 4725 numerus
1920 4677 1977 4723 et

386 4766 581 4821 Oratio.
633 4765 749 4821 Νοη
796 4776 978 4821 autem
1027 4767 1385 4836 accipiendos
1427 4776 1510 4820 est
1562 4780 1828 4820 numerus
1879 4763 1973 4833 qui

387 4860 715 4931 simpliciter
747 4860 972 4925 dicitur,
1005 4861 1103 4917 sed
1136 4861 1229 4931 qui
1257 4860 1589 4939 partibiliter
1639 4876 1667 4912 a
1698 4859 1976 4914 sensibili-

387 4954 490 5008 bus
519 4952 902 5023 participatur,
932 4953 1047 5008 sive
1096 4957 1213 5023 ipsa
1260 4967 1381 5022 qua
1426 4960 1808 5017 numerantur,
1864 4967 1973 5006 non

385 5055 658 5115 quatenus
689 5046 957 5110 materiae,
996 5046 1090 5100 sed
1127 5054 1402 5115 quatenus
1464 5046 1837 5101 numerationi
1876 5047 1977 5101 ob-

384 5140 671 5206 jiciuntur.
705 5134 894 5193 Oratio
924 5145 1110 5193 autem
1152 5137 1500 5208 (accipienda
1538 5140 1646 5207 est)
1675 5154 1796 5208 quae
1844 5154 1976 5195 voce

387 5231 605 5299 ctlitur;
634 5230 945 5286 secundum
986 5245 1152 5301 quam
1177 5230 1342 5286 etiam
1393 5245 1501 5286 una
1551 5231 1739 5298 dictio,
1796 5232 1975 5286 oratio

389 5320 498 5376 dici
523 5329 709 5389 queat.

457 5411 511 5467 3.
546 5413 605 5468 Si
649 5413 816 5485 igitur
868 5428 1133 5469 numerus
1209 5416 1463 5471 senarius
1534 5412 1767 5472 fortasse
1816 5427 1876 5473 ut
1922 5419 1974 5473 in
2007 5419 2052 5482 ε

391 5516 578 5576 partes
605 5508 901 5570 dividatur,
938 5507 991 5563 in
1054 5509 1159 5563 tria
1197 5514 1253 5564 et
1309 5510 1431 5574 tria,
1483 5519 1580 5565 aut
1626 5520 1864 5581 quatuor
1921 5521 1977 5568 et

392 5612 524 5664 «tuo,
567 5610 659 5654 aut
693 5601 933 5672 quinque
959 5611 1015 5657 et
1043 5618 1242 5669 unum,
1278 5611 1374 5658 aut
1414 5604 1523 5659 duo
1546 5613 1600 5659 et
1634 5605 1743 5660 duo
1784 5614 1838 5661 et
1870 5607 1980 5661 duo

393 5693 664 5750 divisione
703 5693 845 5773 facta
878 5711 985 5750 non
1010 5699 1116 5751 erit
1141 5697 1344 5752 alicubi
1372 5698 1628 5769 partibus
1676 5699 1796 5768 ejus
1831 5716 1981 5754 corn-

398 5788 583 5842 munis
617 5789 887 5845 terminus
928 5790 992 5846 ad
1035 5807 1197 5863 quem
1228 5792 1346 5848 luet:
1395 5803 1803 5865 conpmgantur
1838 5795 1976 5850 invi-

402 5893 543 5934 cem.
580 5878 643 5934 Et
674 5896 803 5937 vero
827 5883 1001 5940 oratio
1037 5885 1309 5955 prolatilia
1342 5885 1386 5941 si
1417 5887 1720 5943 secundum
1778 5886 1977 5942 dictio.

2258 4118 2399 4186 Περὶ
2435 4119 2658 4190 ποσοῦ,
2699 4120 2769 4173 ἐν
2792 4113 2840 4186 ᾦ
2872 4120 2971 4174 καὶ
2997 4120 3129 4186 περὶ
3153 4119 3473 4186 κινήσεως.

2145 4218 2215 4266 α’.
2250 4211 2358 4266 Τοῦ
2394 4212 2565 4265 ποσοῦ
2599 4214 2659 4266 τὸ
2697 4212 2798 4283 μὲν
2845 4212 2961 4267 ἐστι
3016 4214 3260 4284 συνεχὲς,
3288 4214 3349 4266 τὸ
3378 4212 3433 4266 δὲ
3467 4212 3658 4284 διωρι-

2079 4305 2297 4375 σμένονο
2338 4304 2431 4358 καὶ
2462 4304 2687 4374 συνεχὲς
2722 4306 2822 4377 μὲν
2843 4305 2985 4374 ἔστι,
3009 4306 3037 4359 ὃ
3069 4308 3139 4361 τὰ
3172 4307 3337 4377 μόρια
3368 4307 3509 4376 πρός
3534 4322 3658 4357 τινα

2077 4395 2258 4450 κοινὸν
2296 4397 2425 4466 ὅρον
2457 4397 2755 4450 συνάπτειο
2804 4398 3169 4469 διωρισμένον
3224 4399 3280 4452 δέ
3331 4401 3503 4464 ἐστιν,
3532 4400 3560 4451 ὃ
3591 4398 3660 4451 τὰ

2080 4492 2248 4563 μόρια
2278 4491 2339 4545 οὐ
2375 4491 2641 4546 συνάπτει
2673 4492 2809 4564 πρός
2841 4510 2963 4547 τινα
2993 4495 3174 4547 κοινὸν
3206 4494 3352 4564 ὅρον.

2150 4674 2580 4743 β’.Διωρισμένα
2607 4671 2702 4727 οὖν
2746 4673 2886 4727 ποσά
2913 4674 3084 4739 ἐστιν,
3108 4674 3136 4727 ὃ
3157 4691 3218 4728 τε
3247 4675 3481 4746 ἀριθμὸς
3510 4675 3601 4727 καὶ
3629 4675 3662 4728 ὁ

2077 4764 2255 4832 λόγος.
2294 4764 2555 4833 Ἀριθμὸν
2582 4763 2639 4815 δὲ
2679 4764 2754 4834 μὴ
2787 4764 2877 4817 τὸν
2915 4765 3104 4829 ἁπλῶς
3158 4766 3450 4834 λεγόμενον
3496 4764 3661 4833 ἐκλη-

2080 4856 2268 4921 πτέον,
2311 4854 2450 4909 ἀλλὰ
2492 4854 2583 4907 τὸν
2633 4857 2746 4918 τοῖς
2800 4854 3081 4927 αἰσθητοῖς
3126 4856 3399 4928 μεριστῶς
3431 4854 3657 4926 μετεχό-

2080 4967 2262 5021 μενον,
2317 4951 2434 5022 ἦτοι
2488 4951 2628 5004 αὑτᾶ
2677 4950 2745 5004 τὰ
2803 4949 3213 5021 ἀριθμούμενα,
3241 4951 3300 5002 οὐ
3329 4949 3468 5003 καθὸ
3504 4949 3661 5010 ὔλας,

2077 5047 2212 5101 ἀλλᾶ
2251 5044 2384 5098 καθὸ
2414 5044 2717 5116 ἀριθμητάο
2760 5044 2917 5112 λόγον
2956 5044 3014 5098 δὲ
3045 5043 3140 5098 τὸν
3172 5043 3261 5097 διὰ
3290 5044 3476 5112 φωνῆς
3508 5046 3662 5113 ἐνερ-

2080 5138 2177 5207 γού
2188 5154 2351 5209 μενον
2372 5152 2386 5167 ·
2412 5136 2538 5190 καθ’
2560 5136 2621 5190 ὃν
2649 5138 2743 5191 καὶ
2772 5137 2804 5207 ἡ
2837 5136 2937 5206 μία
2968 5136 3112 5203 λέξις
3138 5135 3353 5204 λέγοιτο
3386 5135 3570 5204 λόγος.

2157 5407 2225 5478 γ’.
2256 5406 2358 5462 "Av
2387 5406 2520 5478 γοῦν
2548 5408 2576 5459 ὁ
2612 5406 2669 5473 ἓξ
2697 5406 2859 5476 τυχὸν
2885 5406 3120 5477 ἀριθμὸς
3143 5404 3218 5469 ὡς
3246 5407 3327 5469 εἰς
3357 5402 3501 5477 μέρη
3525 5404 3665 5460 διαι-

2084 5508 2249 5576 porto,
2275 5505 2354 5568 εἰς
2384 5502 2510 5573 τρία
2541 5502 2634 5554 καὶ
2660 5501 2808 5571 τρια,
2844 5501 2874 5571 ἢ
2908 5503 3153 5571 τέσσαρα
3186 5500 3281 5553 καὶ
3306 5498 3418 5566 δύο,
3441 5499 3474 5570 ἢ
3501 5502 3663 5554 πέντε

2085 5602 2177 5654 καὶ
2206 5598 2286 5664 ἓν,
2321 5597 2354 5666 ἢ
2388 5597 2483 5671 δύο
2522 5597 2619 5649 καὶ
2650 5594 2743 5647 δύο
2774 5595 2873 5650 καὶ
2914 5593 3009 5648 δύο
3049 5593 3352 5664 γενομένης
3381 5593 3480 5663 τῆς
3522 5593 3662 5647 διαι-

2088 5697 2315 5768 ρέσεως,
2351 5694 2450 5746 οὐκ
2482 5692 2635 5746 ἔσται
2661 5709 2766 5746 που
2795 5694 2909 5756 τοῖς
2944 5691 3111 5745 αὐτοῦ
3144 5692 3369 5764 μέρεσιν
3401 5690 3526 5759 ὅρος
3549 5706 3662 5743 κοι-

2084 5790 2193 5854 νὸς,
2221 5788 2356 5859 πρὸς
2376 5787 2433 5840 ὃν
2458 5786 2709 5857 ἀλλήλοις
2735 5785 2908 5841 ταῦτα
2936 5788 3313 5839 συνάπτοιντο.
3346 5785 3455 5837 Καὶ
3483 5786 3510 5837 ὁ
3534 5800 3661 5851 προσ

2087 5883 2310 5955 populi;
2362 5882 2418 5937 δὲ
2467 5880 2628 5951 λόγος
2679 5879 3054 5952 διαιρούμενος
3091 5879 3231 5934 κατὰ
3268 5877 3473 5944 λέξεις,
3505 5877 3535 5947 ἦ
3571 5878 3661 5931 καὶ
