3868 6362
215 341 320 403 8Ί3

1486 344 1823 406 EPITOME
1866 347 2170 410 LOGICA.

3390 352 3497 420 83$

213 465 357 519 κατὰ
410 463 704 530 συλλαϐὰς,
750 466 888 538 πρὸς
946 466 1140 520 οὐδένα
1184 464 1365 520 κοινὸν
1412 464 1541 533 ὅρον
1579 467 1692 536 ἔχοι
1726 468 1791 521 ἂν

1918 486 1997 526 tes
2025 471 2267 527 utetiam
2296 477 2599 530 secundum
2622 476 2865 547 syllabas
2882 475 3179 540 dividatur,
3201 474 3270 531 ad
3290 476 3499 533 nullum

212 559 281 610 τὰ
317 559 496 612 οἰκεία
533 558 674 630 μέρη
728 561 1111 630 συναπτόμενά
1148 578 1205 614 τε
1257 560 1352 613 καὶ
1404 561 1794 632 συιιενοὺμενα.

213 649 313 703 Διὰ
342 651 502 704 τοῦτο
533 650 666 718 γοῦν
698 650 936 722 ἀριθμὸς
971 641 1067 708 καὶ
1114 653 1271 720 λόγος
1321 654 1656 725 διωρισμένα
1691 672 1794 707 κα-

214 744 437 798 λοῦνται
472 746 639 809 ποσά,
668 746 758 800 διὰ
789 746 850 800 τὸ
881 746 1113 801 ἕκαστον
1143 747 1326 801 αὐτῶν
1357 747 1503 820 ἔχειν
1528 749 1598 802 τὰ
1619 747 1798 803 οἰκεῖα

219 836 362 906 μέρη
417 836 515 890 ἀπ’
563 836 814 909 ἀλλήλων
864 839 1271 911 διακεκριμένα
1336 841 1434 895 καὶ
1466 843 1801 912 διακεχωρι-

217 931 415 998 σμένα.
1610 982 1617 989 κ

284 1023 350 1079 δ’.
396 1025 606 1098 Συνεχῆ
650 1026 709 1082 δὲ
757 1030 902 1083 ποσά
934 1028 1146 1083 ἔστιτὸ
1176 1028 1360 1100 σῶμα,
1394 1030 1429 1098 ἠ
1478 1030 1798 1098 ἐπιφάνεια,

221 1119 315 1170 καὶ
346 1119 380 1188 ἡ
411 1121 672 1191 γραμμὴ,
703 1123 732 1176 ό
762 1122 931 1185 τόπος
959 1139 1019 1175 τε
1052 1122 1145 1177 καὶ
1182 1123 1213 1176 ό
1246 1123 1460 1194 χρόνος.

288 1217 352 1266 ε’.
382 1212 482 1265 Ἂν
510 1211 690 1269 τοίνυν
734 1215 975 1269 ἑκάστου
1005 1217 1215 1271 τούτων
1240 1217 1310 1271 τὰ
1344 1216 1486 1289 μέρη
1518 1235 1601 1281 τις
1638 1217 1803 1288 ἐκζη-

218 1306 358 1372 τοίη,
401 1306 631 1378 δυνάμει
686 1308 862 1364 ταῦτα
900 1310 1128 1381 διαιρῶν
1167 1310 1263 1365 καὶ
1302 1310 1798 1379 ἐπισκεπτόμενος,

215 1396 469 1469 ἀλλήλοις
499 1402 724 1471 εὑρήσει
755 1403 1080 1474 συνημμένα
1110 1404 1206 1459 καὶ
1233 1403 1550 1475 ἁδιάκριτα.
1586 1404 1670 1459 Τὰ
1696 1404 1801 1475 μὲν

216 1492 326 1563 γὰρ
350 1490 449 1546 τοῦ
481 1491 736 1564 σώματος
777 1496 946 1568 μόρια
994 1498 1295 1570 έπιφανείᾳ
1337 1498 1698 1562 συνάπτεται,
1731 1498 1801 1551 τὰ

214 1583 274 1638 δὲ
303 1585 403 1656 τῆς
430 1588 757 1657 ἐπιφανείας
780 1592 1015 1661 γραμμῇ
1038 1605 1053 1620 ·
1079 1590 1294 1661 σημείῳ
1318 1589 1376 1644 δδ
1405 1590 1477 1643 τὰ
1496 1589 1598 1659 τῆς
1621 1606 1803 1660 γραμ-

221 1678 327 1747 μῆς
356 1694 370 1711 ·
408 1680 503 1732 καὶ
533 1680 604 1734 τὰ
633 1679 729 1735 τοῦ
759 1680 929 1735 τόπου
967 1682 1026 1736 δὲ
1081 1683 1223 1754 μέρη
1259 1684 1500 1754 γραμμῇ
1539 1684 1803 1738 συνάπτει

218 1773 354 1843 πρὸς
386 1772 618 1844 ἄλληλα.
665 1774 992 1844 Ἐπιφάνεια
1022 1775 1132 1846 γάρ
1158 1776 1243 1839 τίς
1280 1777 1398 1829 ἐστι
1429 1776 1524 1829 καὶ
1555 1776 1584 1828 ό
1610 1775 1799 1839 τόπος,

1903 578 2253 619 communem
2300 568 2595 623 terminum
2633 584 2764 623 suas
2831 579 3017 639 partes
3071 568 3397 640 coniunctas
3443 582 3500 626 et

1903 657 2165 711 counitas
2216 656 2401 714 habet.
2477 661 2708 732 Propter
2765 662 2871 717 hoc
2924 663 3091 733 igitur
3144 676 3407 719 numerus
3447 677 3501 719 et

1903 750 2083 807 oratio
2118 751 2359 808 discreta
2395 766 2602 823 quanta
2633 764 2903 810 vocantur
2925 756 3073 826 quod
3104 755 3264 826 187
3290 766 3502 812 utrum-

1903 845 1986 900 vis
2014 860 2201 901 earum
2242 862 2273 901 a
2303 861 2365 902 se
2412 846 2653 904 invicem
2702 847 2973 905 discretas
3015 857 3070 902 et
3120 848 3498 917 disseparatas

1904 947 2087 1007 partes
2127 939 2314 995 habet.

1973 1032 2032 1090 4.
2067 1031 2340 1088 Continua
2373 1045 2557 1089 autem
2593 1042 2798 1105 quanta
2830 1045 2983 1099 sunt,
3032 1049 3260 1106 corpus,
3303 1049 3497 1105 super-

1905 1126 2056 1180 ﬁcies
2081 1136 2137 1181 et
2162 1127 2329 1193 linea,
2364 1128 2626 1196 locusque
2647 1138 2699 1183 et
2723 1112 2963 1197 tempus.

1976 1218 2031 1275 5.
2063 1218 2199 1275 Cum
2228 1236 2359 1291 ergo
2388 1221 2659 1292 cujusque
2686 1222 2884 1277 harum
2916 1231 3103 1292 partes
3146 1222 3371 1293 inquirit
3398 1224 3499 1277 ali.

1905 1312 2036 1380 quis
2075 1319 2129 1365 et
2158 1326 2251 1366 cas
2279 1312 2519 1381 potentia
2570 1312 2770 1367 dividit
2816 1314 3269 1382 consideratque,
3310 1330 3499 1368 secum

1907 1403 2140 1458 invicem
2176 1419 2455 1460 connexas
2477 1414 2531 1459 et
2576 1404 2910 1461 indiscretas
2943 1406 3229 1469 ,inveniet.
3283 1407 3496 1462 Etenim

1907 1496 2158 1564 corporis
2217 1496 2442 1566 quidem
2521 1506 2706 1568 partes
2787 1498 3116 1567 superﬁcie,
3189 1500 3499 1569 superﬁciei

1896 1604 2040 1644 vero
2076 1589 2221 1642 linea
2247 1628 2264 1653 ,
2326 1589 2487 1644 liueat
2533 1590 2770 1661 denique
2818 1603 3023 1662 puncto
3059 1592 3497 1663 coniunguntur.

1908 1681 1967 1734 Et
2002 1696 2133 1734 vero
2160 1679 2265 1735 loci
2291 1680 2457 1735 etiam
2487 1689 2672 1751 partes
2719 1682 2863 1736 linea
2917 1682 3203 1752 conjungit
3250 1686 3318 1738 ad
3362 1682 3501 1737 inivi-

1907 1787 2050 1825 cem.
2076 1770 2212 1825 Nam
2241 1780 2299 1826 et
2350 1772 2503 1827 locus
2542 1783 2627 1827 est
2679 1773 2931 1843 quaedam
2976 1773 3325 1844 superllcies,
3373 1788 3497 1829 cum

219 1864 398 1935 πέρας
447 1865 711 1936 ὑπάρχων
742 1866 837 1919 τοῦ
873 1868 1248 1938 περιέχοντος,
1291 1867 1429 1922 καθὸ
1461 1866 1709 1938 περιέχει
1740 1865 1801 1918 τὸ

1917 1865 1979 1919 sit
2009 1865 2331 1919 extremitas
2364 1866 2702 1921 continentis
2733 1866 3031 1937 (corporis)
3058 1875 3333 1935 quatenus
3365 1881 3500 1921 con-

220 1958 612 2031 περιεχόμενον
640 1974 655 1990 ·
688 1960 857 2031 ῆγουν
876 1960 1033 2024 τέλος
1056 1960 1150 2014 τοῦ
1180 1962 1527 2033 περιέχοντός
1559 1978 1635 2025 τι,
1666 1960 1805 2015 καθὸ

218 2050 372 2113 τέλος
420 2050 668 2121 περιέχει
720 2050 783 2103 τὸ
834 2050 1113 2121 περιέχον,
1147 2053 1327 2105 έκεῖνο
1361 2051 1425 2105 τὸ
1457 2053 1690 2122 πρᾶγμα
1744 2051 1806 2103 τὸ

222 2142 621 2213 περιεχόμενον
657 2141 750 2195 ὑπ’
782 2143 949 2196 αὑτοῦ
1004 2142 1071 2214 δὴ
1118 2142 1215 2196 τοῦ
1272 2143 1644 2214 περιέχοντος.
1694 2142 1803 2196 Τοῦ

220 2238 421 2307 χρόνου
486 2234 545 2289 δὲ
628 2236 1046 2306 διαιρουμένου,
1096 2239 1179 2301 είς
1230 2235 1653 2307 παρεληλυθότα
1709 2238 1807 2290 καὶ

227 2331 516 2401 μέλλοντα,
549 2328 815 2383 συνάπτει
844 2329 916 2381 τὰ
947 2329 1089 2400 μέρη
1123 2328 1319 2382 τούτου
1355 2327 1415 2381 τὸ
1448 2328 1567 2381 νῦν.

294 2424 372 2490 ς’.
401 2424 470 2476 ὐ
500 2423 558 2476 δέ
585 2425 702 2477 ἐστι
736 2425 965 2495 σημεῖον
1015 2424 1076 2477 έν
1130 2420 1577 2492 γραμμῇ,τοῦτο
1632 2421 1805 2489 μονὰς

220 2518 278 2572 έν
306 2516 554 2588 ἀριθμῷ,
578 2518 670 2570 καὶ
696 2518 756 2569 έν
773 2517 951 2589 χρόνῳ
977 2515 1040 2570 τὸ
1069 2513 1409 2570 νῦν.¹¹Δποσα
1442 2517 1550 2585 γὰρ
1580 2515 1651 2565 τὰ
1679 2514 1807 2583 τρία

225 2612 320 2664 καὶ
346 2609 559 2680 ἀμερῆ.
601 2606 742 2661 Ἀλλ’
784 2608 819 2677 ἠ
869 2609 970 2677 μὲν
1014 2605 1279 2676 [naviget
1312 2604 1403 2657 καὶ
1442 2600 1675 2671 ἀριθμὸς
1704 2602 1804 2653 οὐκ

223 2702 397 2767 εστιν,
427 2703 581 2771 ὅμως
634 2701 851 2769 γίνεται
908 2699 1077 2770 μέρος
1119 2698 1215 2752 τοῦ
1268 2695 1531 2768 ἀριθμοῦ.
1576 2697 1669 2748 Διὸ
1708 2695 1822 2784 καὶ.

225 2794 657 2866 προστιθεμένη,
691 2792 847 2859 αὔξει
897 2793 1084 2846 αὐτόν.
1121 2791 1183 2844 '0
1212 2790 1325 2860 γὰρ
1353 2789 1587 2861 ἀριθμὸς
1618 2791 1683 2841 ὲκ
1713 2804 1808 2857 μο-

225 2888 399 2943 νάδων
444 2888 684 2957 ὑπάρχει
742 2886 1106 2956 συγκείμενος
1130 2900 1145 2915 ·
1175 2884 1300 2936 ἐπεὶ
1345 2883 1440 2936 καὶ
1471 2882 1680 2953 σωρεία
1709 2898 1806 2950 μοι

223 2983 399 3037 νάὸων
438 2980 577 3036 έστί.
609 2979 683 3034 Τὸ
715 2980 772 3034 δὲ
802 2980 1031 3050 σημεῖον
1068 2980 1135 3049 τῇ
1167 2979 1407 3049 γραμμῇ
1438 2974 1808 3046 προστιθέμε-

225 3093 316 3130 νον
345 3077 451 3129 οὐκ
482 3074 641 3140 αὔξει
693 3074 1011 3144 αὑτήνοὸτι
1049 3070 1177 3144 μηδ’
1226 3072 1291 3124 ὲκ
1344 3069 1592 3139 σημείων
1650 3068 1807 3120 συνέ-

228 3185 432 3232 στηκεν
466 3170 500 3239 ἡ
527 3171 788 3239 γραμμή.
815 3166 926 3222 Καὶ
949 3168 1011 3221 τὸ
1044 3165 1144 3220 νῦν
1171 3163 1227 3217 δὲ
1259 3162 1695 3231 προστιθέμενον
1727 3156 1805 3227 τῷ

1912 1959 2046 2013 tinet
2074 1966 2391 2013 contentum
2425 1958 2571 2013 :ltoc
2593 1967 2695 2022 est,
2730 1958 2857 2014 ﬁnis
2901 1959 3238 2016 continentis
3293 1958 3498 2027 aliquid

1907 2066 2019 2122 quo
2053 2051 2160 2106 line
2197 2053 2495 2106 continens
2525 2052 2769 2107 continet
2800 2067 2915 2107 rem
2959 2053 3105 2107 illam
3155 2067 3280 2123 qua:
3316 2052 3498 2106 conti-

1909 2153 2071 2199 netur
2124 2145 2192 2199 ab
2224 2145 2345 2213 ipso
2379 2143 2636 2201 videlicet
2717 2150 3055 2201 continente.
3128 2146 3266 2200 Cum
3328 2159 3499 2215 porro

1911 2248 2127 2307 tempus
2157 2237 2418 2292 dividitur
2455 2237 2511 2292 in
2549 2239 2888 2309 praeteritum
2922 2250 2979 2294 et
3013 2238 3288 2303 futurum,
3327 2237 3494 2307 hujus

1910 2340 2093 2399 partes
2126 2344 2272 2385 nunc
2294 2330 2610 2402 coniungit.

1981 2424 2036 2476 6.
2069 2421 2225 2488 Quod
2252 2434 2433 2479 autem
2466 2432 2731 2493 punctum
2762 2436 2847 2480 est
2882 2424 2934 2480 in
2969 2425 3132 2490 linea,
3185 2426 3286 2481 hoc
3314 2425 3497 2480 unitas

1908 2524 1965 2570 et
1995 2516 2049 2570 in
2081 2531 2312 2571 numero
2334 2527 2388 2572 et
2422 2518 2647 2572 nuncin
2691 2530 2955 2589 tempore.
3015 2518 3144 2575 Haec
3194 2519 3341 2575 enim
3387 2520 3494 2573 tria

1910 2610 2237 2679 quantitatis
2268 2618 2323 2664 et
2370 2611 2605 2681 partium
2653 2621 2906 2681 expertes
2942 2621 3091 2667 sunt.
3158 2610 3263 2667 Sed
3313 2613 3497 2666 unitas

1909 2705 2152 2774 quidem,
2180 2705 2282 2761 etsi
2332 2719 2441 2760 non
2492 2713 2575 2759 est
2628 2721 2913 2771 numerus,
2981 2706 3339 2761 nihilominus
3416 2713 3500 2758 tu-

1911 2814 2033 2852 inen
2076 2813 2204 2867 pars
2238 2798 2295 2853 ﬁt
2327 2798 2567 2855 numeri.
2611 2798 2796 2866 Quare
2827 2799 2995 2853 etiam
3039 2814 3164 2853 cum
3197 2800 3498 2869 apponitur

1908 2896 2071 2958 auget
2109 2904 2420 2946 numerum.
2456 2889 2737 2945 Numerus
2781 2891 2927 2944 enim
2978 2907 3044 2946 ex
3078 2891 3385 2945 unitatibus
3412 2899 3497 2943 est

1909 2983 2248 3051 compositus
2275 3024 2289 3049 ,
2323 2983 2770 3054 quandoquidem
2805 2984 2969 3055 188
3003 2983 3167 3036 etiam
3215 2984 3493 3038 ttnitatum

1908 3070 2215 3140 congeries.
2258 3071 2531 3126 Punctum
2574 3085 2757 3128 autem
2816 3091 2944 3129 cum
2993 3073 3150 3129 linem
3180 3074 3495 3145 apponitur,

1909 3178 2015 3217 non
2045 3173 2207 3235 auget
2225 3179 2343 3221 eam
2373 3166 2502 3236 quia
2533 3182 2713 3237 neque
2735 3183 2802 3221 ex
2845 3168 3064 3237 punctis
3085 3177 3303 3222 constat
3329 3167 3496 3220 linea.

224 3228 425 3335 χρόνῳ,
454 3228 716 3331 οθδέμίαν
752 3228 997 3331 ἀὓξησιν
1043 3259 1283 3323 δίδωσιν,
1307 3228 1415 3310 -ὃτι
1459 3253 1597 3325 μηδὲ
1634 3253 1801 3323 μέρος

1917 3258 1978 3313 Ει
2009 3273 2134 3313 vero
2158 3261 2320 3312 etiam
2378 3228 2524 3314 nunc
2564 3228 2686 3314 cum
2735 3228 3032 3331 apponitur
3061 3262 3330 3331 tempori,
3373 3262 3500 3316 nul-

1422 3342 1445 3371 ἱ

229 3359 403 3430 αὐτῷ,
433 3358 568 3429 μηδὲ
606 3357 668 3410 τὸ
693 3357 881 3425 τυχόν.

297 3543 366 3610 ζ’.
410 3544 571 3599 Ἀλλὰ
599 3542 665 3614 δὴ
696 3542 789 3597 καὶ
817 3542 850 3612 ἡ
878 3542 1112 3612 γραμμὴ
1151 3540 1555 3611 προστιθεμένη
1592 3543 1657 3612 τῇ
1688 3540 1806 3593 ἑπι-

229 3640 430 3709 φανείᾳ
486 3640 589 3691 οὐκ
638 3635 793 3702 αὔξει
845 3636 1055 3706 αὐτήνο
1089 3636 1216 3688 ἐπεὶ
1263 3635 1452 3705 μόριον
1503 3635 1605 3688 οὐκ
1656 3635 1807 3688 ἐστιν

227 3733 398 3801 αὐτῆς
425 3732 549 3785 οὐδὲ
573 3731 951 3799 τούλάχιστον.
987 3728 1056 3782 Ἦ
1086 3727 1185 3799 μὶν
1232 3732 1343 3798 γὰρ
1376 3728 1679 3797 ἐπιφάνεια,
1705 3726 1809 3797 μῆ-

144 3846 148 3849 ‘
227 3843 320 3889 κος
375 3826 490 3894 εχει
538 3825 633 3877 καὶ
667 3824 905 3887 πλάτοςο
934 3824 968 3891 ἡ
1021 3820 1258 3892 γραμμὴ
1312 3821 1370 3875 δὲ
1423 3822 1600 3891 μῆκός
1660 3822 1809 3875 ἔστιν

226 3922 486 3984 ἀπλατές.
535 3918 694 3973 Οὕτω
729 3918 787 3973 δὲ
834 3918 932 3972 καὶ
972 3918 1035 3989 τὸ
1087 3917 1248 3985 σῶμα
1291 3918 1443 3989 τρεῖς
1492 3914 1809 3979 διαστάσεις

225 4015 372 4086 έχον,
409 4014 605 4083 μῆκος,
636 4012 840 4074 πλάτος
883 3986 989 4065 καί
1032 4009 1220 4081 βάθος,
1256 3986 1440 4063 είτουν
1472 4009 1671 4079 πάχος,
1703 4007 1809 4062 ὑπὸ

225 4108 327 4178 τῆς
356 4106 679 4175 ἐπιφανείας
704 4107 805 4159 οὐκ
830 4104 1079 4171 αὔξεται.

295 4199 368 4271 η’.
421 4200 483 4253 El
508 4200 565 4252 δὲ
597 4199 657 4251 τὺ
699 4198 859 4268 σῶμα
892 4198 1051 4253 οὐσία
1078 4198 1217 4263 ἐστὶ,
1250 4198 1469 4267 λέγεται
1498 4195 1557 4249 δὲ
1589 4197 1686 4250 καὶ
1713 4213 1809 4249 που

227 4294 337 4360 σδν,
372 4293 527 4347 οὐδὲν
581 4291 920 4362 θαυμαστόν.
975 4291 1221 4345 Καθόσον
1273 4293 1372 4361 μὲν
1422 4290 1534 4361 γάρ
1581 4290 1807 4344 ὑποκεί-

228 4387 390 4458 μενόν
416 4389 556 4450 ἐστι,
589 4385 683 4437 καὶ
713 4384 879 4438 ταυτὸ
909 4384 1007 4437 καὶ
1028 4382 1089 4437 ἓν
1125 4384 1286 4452 μένον
1316 4383 1396 4453 τῷ
1428 4382 1673 4453 ἀριθμῷ,
1693 4381 1804 4434 τῶν

1910 3346 2021 3402 lam
2057 3348 2108 3403 ei
2137 3351 2449 3405 auctionem
2484 3361 2728 3421 praestat,
2782 3353 2912 3423 quia
2947 3366 3126 3423 neque
3162 3367 3290 3423 pars
3346 3351 3495 3407 illius

1911 3451 1995 3497 est
2022 3452 2410 3515 quotacunque
2431 3445 2619 3499 etiam.

1983 3538 2038 3593 7.
2077 3538 2182 3594 Sed
2206 3548 2262 3594 et
2303 3540 2445 3594 linea
2494 3545 2686 3609 utique
2734 3543 2980 3613 apposita
3037 3545 3344 3615 superficici
3383 3564 3493 3604 non

1913 3639 2077 3703 auget
2114 3647 2257 3698 eam,
2296 3634 2427 3702 quia
2471 3644 2693 3690 nonest
2744 3651 2872 3705 pars
2929 3637 3078 3693 illius
3139 3652 3209 3692 ne
3267 3640 3493 3694 minima

1911 3722 2158 3794 quidem.
2191 3724 2521 3794 Snperticies
2575 3727 2719 3781 enim
2779 3728 2945 3782 habet
3002 3728 3400 3801 longitudinem
3440 3742 3493 3785 et

1912 3815 2258 3872 latitudinem
2294 3833 2311 3872 :
2339 3816 2479 3873 linea
2513 3826 2697 3872 autem
2731 3828 2816 3873 est
2845 3819 3135 3890 longitudo
3189 3821 3494 3877 latitudinis

1912 3923 2130 3981 expers.
2166 3909 2258 3964 Sic
2298 3920 2481 3964 autem
2535 3911 2700 3965 etiam
2739 3925 2941 3979 corpus
2998 3912 3210 3969 habens
3264 3918 3376 3969 tres
3418 3916 3499 3970 di-

1911 4002 2247 4067 mensiones,
2282 4003 2701 4073 longitudinem,
2744 4003 3089 4059 latitudinem
3150 4015 3205 4060 et
3261 4007 3496 4076 profun-

1911 4097 2137 4153 ditatem
2176 4096 2294 4153 sive
2318 4096 2649 4166 crassitietu,
2670 4112 2700 4153 a
2724 4098 3014 4168 superﬁcie
3043 4114 3150 4154 non
3175 4107 3425 4170 augetur.

1983 4190 2037 4246 8.
2070 4191 2185 4246 Etsi
2216 4206 2347 4245 vero
2395 4205 2599 4261 corpus
2647 4189 2963 4251 substantia
3032 4201 3140 4257 est,
3214 4200 3271 4247 et
3324 4192 3492 4246 etiam

1911 4298 2180 4358 quantum
2208 4286 2432 4349 dicitur,
2458 4299 2567 4339 non
2601 4294 2686 4339 est
2720 4286 3067 4339 mirandum.
3108 4284 3167 4339 ln
3229 4297 3498 4355 quantum

1911 4381 2056 4435 enim
2094 4389 2179 4434 est
2234 4381 2568 4447 subjectum,
2625 4389 2679 4434 et
2732 4395 2898 4434 unum
2951 4377 3211 4449 idemque
3268 4395 3499 4436 numero

224 4481 486 4534 ἐναντίων
518 4481 635 4533 ἐστὶ
666 4478 940 4543 δεκτικὸν,
997 4477 1425 4546 ἀναμφιλέκτως
1454 4475 1612 4527 οὐσία
1644 4473 1762 4526 ἐστί
1790 4488 1803 4505 ⁶

1917 4487 2146 4527 manens
2194 4475 2476 4528 contraria
2510 4476 2809 4544 {suscipere
2851 4481 3068 4543 potest,
3106 4476 3228 4529 sine
3278 4485 3500 4529 contra-

226 4574 458 4628 καθόσον
475 4572 534 4625 δὲ
554 4573 721 4643 τριχῆ
750 4570 1063 4633 διαστατόν,
1088 4571 1182 4622 καὶ
1209 4567 1533 4639 μετρεῖσθαι
1569 4566 1807 4637 πέφυκε,

225 4668 370 4721 κατὰ
398 4668 558 4721 τοῦτο
594 4666 758 4737 μόνον
790 4665 1029 4737 ὑπάρχει
1058 4663 1248 4716 ποσόν.

296 4854 365 4912 θ’.
418 4854 462 4907 Τ
465 4854 494 4906 ὃ
542 4851 765 4923 συνεχὲς
796 4847 856 4904 δὲ
889 4848 982 4902 τοῦ
1018 4847 1188 4902 ποσοῦ
1225 4848 1321 4901 καὶ
1351 4849 1411 4901 τὸ
1442 4849 1809 4920 διωρισμένον

224 4947 332 5000 κάν
365 4944 442 5014 τῷ
473 4944 669 5014 κόσμῳ
701 4942 990 5012 θεωρεῖται
1040 4941 1204 4993 παντί
1230 4955 1243 4971 °
1279 4939 1374 4995 τοῦ
1406 4939 1509 5011 μὲν
1547 4941 1808 5011 συνεχοῦς

223 5042 256 5109 ἡ
289 5038 453 5108 φύσις
501 5036 623 5106 ἥτις
659 5036 911 5089 καλεῖται
965 5033 1194 5105 μέγεθος
1223 5026 1268 5101 ᾧ
1300 5032 1588 5087 ἀκολουθεῖ
1613 5036 1672 5087 τὸ
1703 5052 1810 5105 πη-

222 5133 400 5195 λίκον,
430 5128 550 5183 καθ’
575 5130 772 5183 ἕνωσιν
806 5130 901 5183 καὶ
948 5128 1318 5198 ἀλληλουχίαν
1336 5144 1347 5156 ·
1383 5128 1476 5180 τοῦ
1504 5128 1560 5180 δὲ
1589 5128 1806 5199 διωρισ-

225 5222 394 5292 μένου
423 5222 547 5292 ἥτις
578 5222 827 5274 καλεῖται
861 5221 1089 5290 πλῆθος,
1115 5213 1161 5287 ᾧ
1197 5219 1485 5273 ακολουθεί
1516 5220 1577 5272 τὸ
1614 5221 1803 5288 ποσὸν,

220 5315 371 5368 κατὰ
421 5313 657 5383 σωρείαν
704 5320 798 5367 και
854 5312 1186 5384 παράθεσιν.
1241 5315 1350 5369 Καὶ
1383 5314 1523 5367 κατὰ
1562 5314 1662 5384 μὲν
1706 5314 1807 5386 τὴν

220 5407 317 5461 τοῦ
352 5406 622 5477 μεγέθους
652 5406 846 5459 οὐσίαν
881 5399 961 5468 εἷς
992 5408 1020 5458 ό
1052 5407 1258 5475 κόσμος
1301 5405 1419 5460 ἐστί
1448 5423 1508 5459 τε
1543 5410 1640 5461 καὶ
1671 5409 1807 5460 νοεῖ·

219 5517 316 5553 ται
350 5500 643 5568 σφαιρικὸς
688 5500 782 5551 καὶ
820 5497 1198 5567 συμπεφυκὼς
1224 5499 1426 5568 ἑαυτῷ,
1484 5499 1809 5568 διατεταμέ-

220 5612 312 5657 νος
349 5611 410 5647 τε
478 5595 571 5647 καὶ
622 5590 1146 5663 ἀλληλουχούμενος.
1181 5592 1337 5645 Κατὰ
1386 5593 1441 5645 δὲ
1493 5595 1552 5646 τὸ
1600 5593 1806 5663 πλῆθος

219 5690 257 5758 ἡ
292 5704 349 5740 τε
383 5686 636 5750 σύνταξις
688 5685 978 5755 θεωρεῖται
1029 5688 1126 5737 καὶ
1186 5686 1217 5754 ἡ
1255 5685 1640 5755 διακόσμησις,
1673 5689 1706 5755 ἡ
1742 5688 1805 5739 ὲκ

214 5776 458 5833 ¹τοσιιῖινδε
508 5780 641 5848 φέρε
694 5780 868 5831 εἰπεῖν
906 5778 1191 5846 στοιχείων
1240 5782 1332 5829 καὶ
1365 5779 1519 5841 ζαέων
1551 5779 1583 5845 ἦ
1618 5781 1801 5846 φυτῶν

221 5877 318 5928 καὶ
349 5876 746 5933 ἐναντιοτητων
780 5873 810 5940 ἢ
845 5875 1180 5943 ὁμοιοτήτων
1213 5872 1383 5924 τόσων
1414 5872 1505 5925 καὶ
1533 5873 1724 5926 τόσων.

1913 4564 2154 4620 dictione
2194 4566 2501 4621 substantia
2538 4575 2671 4620 est:
2721 4566 2775 4619 in
2832 4576 3101 4636 quantum
3151 4577 3333 4622 autem
3388 4578 3499 4622 tres

1913 4659 2283 4715 dimensiones
2314 4659 2499 4721 habet,
2531 4668 2585 4714 et
2617 4664 2931 4715 mensurari
2959 4672 3079 4729 gper
3120 4670 3368 4713 naturam
3401 4676 3496 4730 po-

1914 4763 2040 4819 test,
2068 4757 2248 4824 quoal
2281 4755 2381 4807 hoc
2412 4754 2615 4820 solum,
2647 4765 2917 4823 quantum
2947 4753 3185 4809 exsistit.

1982 4848 2134 4903 9.1Jt
2165 4864 2292 4903 vero
2316 4848 2643 4903 continuum
2696 4860 2749 4901 et
2805 4849 3103 4903 discretum
3169 4848 3237 4903 de
3292 4858 3499 4918 quanto

1911 4945 2078 4997 etiam
2117 4942 2172 4996 in
2202 4944 2458 4997 universo
2484 4946 2689 4996 mundo
2738 4943 3122 4997 consideratur
3163 4958 3179 4997 :
3231 4943 3479 4997 continui

1911 5034 2130 5105 quidem
2163 5043 2357 5088 natura
2397 5048 2521 5101 qua:
2551 5042 2779 5088 vocatur
2826 5032 3151 5101 nuagnitudo
3202 5048 3368 5101 quam
3408 5049 3495 5088 sc-

1911 5128 2100 5197 quitur
2129 5126 2480 5197 (quantum):
2543 5128 2850 5181 secundum
2917 5124 3079 5196 189
3124 5125 3386 5181 unionem
3435 5137 3491 5180 ct

1912 5228 2156 5272 mutuam
2218 5218 2694 5288 complexionem;
2773 5218 2997 5273 discreti
3061 5228 3241 5273 autem
3303 5226 3499 5272 natura

1912 5325 2034 5382 qua:
2067 5323 2292 5366 vocatur
2341 5310 2655 5378 multitudo,
2710 5326 2874 5381 quam
2922 5312 3174 5380 sequitur
3216 5311 3279 5364 τὸ
3329 5311 3499 5364 ποσὸν

1914 5406 2159 5477 (quotum
2194 5405 2276 5460 vel
2302 5407 2481 5475 quot),
2520 5406 2825 5460 secundum
2874 5406 3188 5476 congeriem
3241 5417 3297 5459 et
3336 5418 3501 5473 appo-

1912 5501 2189 5554 sitionem.
2236 5497 2303 5553 Et
2331 5500 2510 5568 quoad
2569 5499 2788 5569 quidem
2848 5499 3247 5583 magnitudinis
3308 5513 3500 5553 essen-

1912 5595 2042 5646 tiam
2070 5606 2195 5647 cum
2233 5608 2377 5648 unus
2406 5601 2493 5647 est
2529 5593 2785 5659 mundus,
2826 5602 2940 5647 tum
2991 5593 3262 5646 rotundus
3310 5603 3362 5644 et
3389 5590 3495 5643 sibi

1910 5697 2199 5748 connatus,
2240 5683 2620 5753 distentusque
2660 5694 2715 5738 et
2747 5684 2852 5738 sibi
2884 5693 3077 5741 mutuo
3102 5683 3379 5737 cohaerens
3413 5682 3497 5731 in-

1913 5778 2220 5847 telligitur:
2278 5788 2334 5832 at
2402 5779 2710 5833 secundum
2783 5778 3195 5833 multitudinem
3238 5782 3290 5828 et
3358 5777 3495 5826 orno

1913 5874 2416 5945 (scuconstructio)
2451 5882 2505 5928 et
2538 5888 2657 5930 cum
2692 5884 2891 5929 ornatu
2943 5870 3252 5942 dispositio.
3308 5884 3374 5923 ex
3418 5874 3499 5920 ιοῐ
