3868 6362
397 371 506 431 835

1594 350 2037 413 NICEPHORI
2079 346 2512 410 BLEMMIDE

3558 337 3664 398 8’36

385 485 541 542 verbi
576 482 745 556 gratia
770 477 1055 535 elementis
1085 483 1138 531 et
1161 470 1490 529 animalibus
1535 477 1630 524 aut
1675 467 1879 539 plantis
1955 475 2010 520 et
2084 461 2569 520 contrarietatibus
2631 465 2722 512 aut
2775 450 3232 508 similitudinibus
3293 456 3373 504 tot
3429 457 3484 504 ct
3551 457 3659 502 tam

388 582 574 633 multis
604 576 1011 632 consideratur.

457 675 548 728 10.
589 674 853 726 Praeterea
887 673 1334 722 enumeratorum
1365 669 1695 732 quantorum
1735 657 1838 712 alia
1869 657 1972 710 ha-

2150 650 2205 706 t'.
2251 651 2372 703 Ἔτι
2412 647 2523 701 τῶν
2558 644 3038 715 ἀπηριθμημὲνων
3069 642 3255 694 ποσῶν
3289 638 3361 692 τὰ
3418 639 3519 707 μὲν
3555 638 3666 706 ἔχει

388 765 517 821 bent
555 763 880 832 positionem
919 761 1154 827 partium
1211 757 1353 811 inter
1413 770 1471 808 se
1529 763 1798 816 mutuam,
1864 749 1966 801 alia

389 876 495 914 non
534 858 755 910 habent.
794 851 1128 906 Positiotn-nt
1155 865 1283 918 ergo
1341 860 1586 901 mutuam
1625 846 1824 898 hahent
1851 856 1972 910 par-

391 961 472 1007 tes
510 952 689 1011 linem,
714 945 1176 1016 qnemadm-nlnm
1210 957 1341 994 sane
1367 943 1532 994 etiam
1580 935 1886 1004 superliciei
1917 942 1972 986 et.

381 1042 640 1108 corporis
687 1051 739 1093 et
774 1039 900 1091 loci.
965 1034 1082 1089 Non
1137 1042 1321 1085 autem
1385 1032 1586 1096 habent
1642 1028 1971 1096 positionem

391 1148 634 1189 tnntuani
671 1143 852 1199 partes
886 1127 1132 1191 numeri,
1166 1122 1622 1195 quemadmodum
1651 1123 1815 1174 etiam
1847 1133 1975 1170 ora-

395 1228 558 1279 tinnis
591 1232 644 1276 et
679 1224 938 1288 temporis
976 1232 1180 1285 partes.
1257 1214 1350 1267 Hae
1394 1216 1539 1267 enim
1575 1213 1821 1264 ordinem
1847 1208 1978 1276 qui-

393 1319 513 1370 dem
556 1318 757 1368 habent
784 1351 801 1376 ,
838 1329 958 1380 quae
990 1313 1161 1379 prima
1186 1317 1240 1362 et
1281 1322 1400 1376 qua:
1431 1305 1670 1360 secunda
1697 1319 1710 1369 ;
1746 1301 1978 1372 positio-

395 1427 516 1462 nem
550 1419 728 1459 autem
761 1422 864 1457 non
898 1406 1122 1457 habent.

465 1501 553 1553 ll.
593 1500 719 1550 Nan“:
754 1497 873 1564 ejus
900 1496 1043 1563 quod
1071 1501 1157 1546 est
1180 1490 1506 1560 positionem
1556 1488 1780 1552 habere,
1841 1491 1976 1540 cha-

397 1592 779 1646 racteristicon
837 1598 919 1642 est
960 1597 1143 1656 partes
1182 1584 1454 1638 contineri
1505 1593 1559 1636 et
1605 1597 1975 1650 permanere;

396 1698 628 1751 quorum
687 1681 906 1747 quidem
962 1687 1218 1730 neutrum
1271 1677 1433 1728 habet
1476 1674 1699 1735 oratio;
1767 1682 1980 1738 tempus

399 1790 526 1829 vero
589 1772 747 1842 190
774 1772 1097 1823 ronlinumn
1139 1769 1360 1838 quidem
1398 1778 1503 1831 est,
1536 1767 1630 1820 sed
1683 1767 1803 1831 ejus
1861 1780 1983 1834 par-

397 1874 479 1918 tes
512 1881 618 1917 non
674 1871 1020 1931 permanent.
1066 1857 1280 1928 Quippe
1332 1868 1548 1926 tempus
1583 1871 1848 1909 numerus
1898 1863 1982 1908 est

401 1969 600 2012 motus.
653 1955 718 2009 Et
767 1972 889 2024 eius
938 1955 1156 2022 quidem
1203 1952 1540 2022 prmtenitnm
1602 1951 1978 2018 prmterlluxit,

2077 745 2231 798 θέσιν
2259 745 2367 796 τῶν
2401 745 2457 794 ὲν
2498 742 2683 803 αὐτοῖς
2720 737 2928 809 μορίων
2960 735 3096 806 πρὴς
3128 735 3356 804 ἄλληλα.
3389 744 3458 785 τα
3497 730 3542 784 δ’
3567 731 3668 783 οὐκ

2076 840 2211 908 ἔχει.
2241 836 2402 888 Θὲσιν
2439 835 2537 903 μὲν
2574 832 2708 901 (οὐν)
2743 831 2855 899 ἔχει
2883 831 3017 899 πρὸς
3045 827 3252 896 ἄλληλα
3281 827 3348 878 τὰ
3377 826 3543 894 μόρια
3567 824 3666 890 τῆς

2076 928 2589 998 γραμμῆς,,ὣσπερ
2625 925 2688 993 δὴ
2721 924 2815 975 καὶ
2845 922 2945 992 τῆς
2973 921 3301 986 ἐπιφανείας
3331 920 3426 970 καὶ
3459 916 3530 968 τὰ
3573 911 3664 965 τοῦ

2081 1023 2354 1088 σώματος,
2391 1021 2487 1074 xai
2540 1017 2633 1071 τοῦ
2686 1017 2880 1068 τόπου.
2939 1004 3104 1066 Θέσιν
3133 1011 3193 1062 δὲ
3237 1011 3338 1062 οὐκ
3371 1013 3484 1078 ἔχει
3529 1005 3667 1075 πρὸς

2079 1115 2287 1182 ἄλληλα
2315 1113 2384 1166 τὰ
2416 1113 2580 1180 μόρια
2613 1108 2708 1162 τοῦ
2747 1105 3011 1177 ἀριθμοῦ,
3043 1103 3236 1172 ὥσπερ
3261 1101 3327 1169 δὴ
3353 1101 3447 1152 καὶ
3471 1100 3538 1151 τὰ
3570 1095 3664 1149 τοῦ

2080 1205 2267 1274 λόγου,
2319 1205 2416 1258 καὶ
2463 1206 2531 1256 τὰ
2580 1203 2674 1255 τοῦ
2733 1203 2952 1271 χρόνον.
3009 1197 3197 1250 Ταῦτα
3228 1197 3335 1262 γὰρ
3375 1193 3531 1254 τάξιν
3567 1189 3665 1257 μὲν

2081 1299 2217 1368 ἕλει,
2275 1299 2326 1351 τί
2384 1297 2600 1368 πρῶτον
2657 1297 2754 1348 καὶ
2813 1293 2867 1346 τί
2927 1291 3221 1360 δεύτερον·
3265 1287 3417 1341 θέσιν
3467 1285 3514 1338 δ’
3566 1281 3668 1335 οὐκ

2086 1392 2222 1460 ἔχει.

2157 1489 2251 1536 ια’.
2280 1483 2354 1535 Τὸ
2386 1482 2492 1550 γὰρ
2520 1479 2672 1532 θέσιν
2705 1477 2852 1548 ἔχειν
2895 1471 3400 1546 χαρακτηριστικόν
3430 1471 3548 1522 ἐστι
3573 1465 3668 1519 τοῦ

2083 1575 2150 1629 τὰ
2193 1575 2360 1644 μόρια
2403 1570 2728 1639 συνέχεσθαί
2781 1583 2840 1619 τε
2889 1566 2986 1618 καὶ
3026 1564 3344 1632 ὑπομένειν.
3381 1554 3486 1610 Ὧν
3512 1557 3541 1606 ὁ
3569 1555 3668 1623 μὲν

2082 1668 2240 1734 λόγος
2287 1665 2568 1733 οὐδέτερον
2637 1663 2792 1732 ἔχει’
2847 1663 2875 1713 ὁ
2933 1660 2991 1712 δὲ
3048 1658 3240 1727 χρόνος
3287 1652 3520 1720 συνεχὴς
3573 1649 3673 1716 μὲν

2085 1760 2255 1823 ἔστιν,
2286 1758 2382 1827 οὐχ
2409 1757 2670 1826 ὑπομένει
2705 1756 2748 1808 δ’
2775 1752 2944 1807 αὐτοῦ
2979 1753 3045 1804 τὰ
3096 1750 3281 1820 μόρια.
3324 1747 3534 1814 Χρόνος
3564 1743 3675 1812 γάρ

2087 1854 2236 1903 ἐστιν
2285 1849 2521 1918 ἀριθμὸς
2569 1849 2858 1915 κινήσεως.
2899 1844 3007 1896 Καὶ
3037 1841 3098 1894 τὸ
3138 1841 3236 1910 μὲν
3287 1833 3672 1907 παρεληλυθὸς

2088 1943 2254 1998 αὐτοῦ
2290 1943 2611 2015 διὲρρευσεο
2637 1942 2698 1995 τὸ
2729 1941 2786 1994 δὲ
2830 1938 3025 2008 μέλλον
3058 1934 3212 1988 οὔπω
3239 1934 3410 1986 ἐστιν.
3478 1929 3585 1982 Επ¹ι
3614 1927 3671 1980 δὲ

399 2045 646 2100 [ιιιιιι-ιιιιι
687 2056 868 2098 autem
921 2045 1161 2096 nondum
1195 2054 1297 2095 est.
1332 2040 1496 2110 Atqui
1541 2041 1592 2091 iit
1645 2038 1982 2091 ttntneruin-

2107 2036 2177 2088 τοῦ
2205 2009 2438 2106 ἀριθμού
2462 2034 2808 2104 συμϐεϐήκει
2841 2032 2900 2084 τὸ
2931 2028 3222 2084 ἀνάπαλιν.
3249 2027 3424 2087 Οὗτος
3453 2025 3564 2092 γὰρ
3581 2037 3675 2092 μο-
3701 2009 3722 2030 ⁸

406 2154 626 2192 vet-sum
683 2138 902 2191 aet'idit.
971 2133 1073 2188 Hic
1123 2135 1268 2188 enim
1325 2132 1765 2201 permansionem
1819 2133 1982 2184 habet

401 2229 623 2296 quidem
654 2227 889 2296 partium
917 2239 1166 2285 suarum,
1226 2222 1588 2276 Continuitate
1623 2229 1807 2274 autem
1868 2222 1982 2289 pri-

404 2333 562 2376 vatus
601 2329 704 2374 est.

476 2406 592 2467 12C
631 2412 802 2466 Porro
859 2409 1030 2479 aliqui
1087 2408 1253 2463 etiam
1317 2407 1530 2478 pondus
1562 2407 1668 2476 (vel
1713 2407 1759 2460 si
1809 2406 1985 2462 mavis

406 2517 623 2560 staterae
654 2506 906 2566 examen)
931 2501 1034 2556 sub
1065 2511 1269 2570 quanto
1311 2500 1602 2564 collocant,
1628 2507 1681 2551 et
1733 2498 1987 2552 fortassis

407 2602 614 2665 alisque
645 2610 853 2649 errore.
887 2591 995 2646 Nec
1011 2594 1153 2646 enim
1176 2591 1391 2661 pondus
1415 2590 1654 2659 gravitas
1700 2597 1756 2642 et.
1797 2588 1989 2641 levitas

411 2698 527 2753 est,
563 2700 621 2740 ut
645 2690 865 2755 quidam
901 2686 1170 2738 instantes
1205 2685 1415 2746 dicunt,
1448 2694 1505 2733 ut
1537 2686 1684 2734 esset
1709 2678 1985 2746 qualitas:

408 2781 503 2834 sed
565 2781 848 2849 gravitatis
907 2785 960 2832 et
1011 2776 1252 2831 levitatis
1306 2788 1562 2828 mensura
1621 2781 1727 2827 est.
1755 2769 1820 2824 Et
1873 2770 1992 2824 haec

406 2869 628 2939 quidem
663 2872 759 2922 ita.

483 2962 571 3017 15.
606 2960 816 3014 Dit-itur
837 2971 1017 3013 autem
1052 2961 1216 3012 etiam
1252 2965 1518 3029 quantum
1561 2953 1865 3011 secundum
1903 2968 1992 3009 ac-

404 3055 616 3121 c‘dens,
654 3066 711 3108 ut
746 3055 977 3107 multum
1016 3053 1227 3118 album,
1253 3063 1306 3105 et
1339 3053 1496 3120 longa
1531 3049 1764 3113 actio,et
1791 3047 1994 3101 multus

409 3157 610 3201 mutus.
665 3148 862 3200 Album
915 3145 1061 3198 enim
1128 3155 1411 3215 propterea
1454 3142 1601 3211 quod
1648 3141 1818 3194 multa
1871 3141 1991 3210 (seu

411 3242 721 3310 inagna)sit
764 3241 1080 3309 superﬁcies
1120 3240 1174 3292 in
1208 3254 1316 3308 qua
1347 3247 1452 3300 est,
1488 3237 1719 3290 multum
1757 3234 1990 3300 dicitur;

2085 2129 2183 2200 νὴν
2238 2129 2338 2198 μὲν
2382 2130 2493 2198 ἔχει
2542 2129 2653 2180 τῶν
2703 2127 2908 2197 μορίων
2941 2123 3132 2188 αὐτοῦ,
3159 2123 3260 2190 τῆς
3297 2121 3354 2173 δὲ
3383 2117 3669 2188 συνεχείας

2086 2223 2402 2291 ἐστέρηται.

2169 2410 2234 2479 ιβ’
2262 2407 2538 2462 ,Τίθενταί
2600 2423 2748 2470 τινες
2780 2406 2877 2460 καὶ
2904 2404 3004 2475 τὴν
3025 2403 3199 2475 ῥοπὴν
3235 2403 3341 2457 ὕπδ
3361 2401 3422 2456 τδ
3457 2400 3627 2455 ποσόν
3650 2415 3668 2434 θ

2089 2506 2184 2558 καὶ
2215 2505 2344 2566 ἴσως
2389 2504 2450 2555 οὐ
2484 2502 2795 2571 σφαλερῶς.
2826 2499 2902 2552 Οὐ
2937 2499 3049 2569 γάρ
3090 2502 3238 2551 ἐστιν
3273 2499 3306 2568 ή
3339 2497 3481 2568 ροπὴ
3506 2493 3674 2566 βαρύ-

2088 2615 2189 2666 της
2218 2597 2312 2650 καὶ
2343 2598 2638 2666 κουφότης,
2687 2595 2761 2657 ὥς
2804 2610 2951 2656 τινες
3005 2595 3349 2663 ἐνιστάμενοι
3390 2593 3670 2660 λέγουσιν,

2094 2689 2159 2744 i’v'
2250 2691 2497 2758 ποιότης.
2524 2689 2662 2742 ἀλλὰ
2695 2690 2898 2759 μέτρον
2943 2685 3248 2758 βαρύτητος
3283 2685 3380 2738 καὶ
3406 2685 3677 2754 κουφότη-

2091 2800 2204 2847 τος.
2237 2782 2426 2836 Ταῦτα
2465 2781 2563 2852 μὲν
2593 2781 2764 2843 οὓτως

2178 2961 2514 3030 ιγ’.Λέγεται
2537 2961 2592 3016 δὲ
2613 2963 2705 3016 καὶ
2723 2963 2864 3018 κατὰ
2882 2963 3224 3034 συμϐεϐηκὸς
3242 2962 3426 3016 ποσόν⁶
3449 2962 3525 3024 ὡς
3547 2959 3683 3014 πολὺ

2095 3054 2310 3118 λευκὸν,
2339 3057 2434 3108 καὶ
2463 3060 2650 3126 μακρὰ
2675 3059 2877 3127 πρᾶξις
2902 3059 2997 3109 καὶ
3021 3059 3234 3123 κίνησις
3259 3057 3450 3125 πολλή.
3479 3056 3552 3108 Τὸ
3579 3054 3680 3123 μὲν

2095 3149 2204 3219 γὰρ
2237 3149 2452 3216 λευκὸν,
2471 3150 2557 3204 διὰ
2582 3150 2642 3204 τὸ
2667 3151 2870 3219 πολλὴν
2898 3146 3038 3204 εἶναι
3070 3150 3167 3221 τὴν
3193 3153 3522 3219 ἐπιφάνειαν
3558 3150 3614 3201 ὲν

2099 3245 2236 3308 ἐστι,
2270 3243 2494 3311 λέγεται
2550 3244 2640 3297 διὰ
2693 3243 2854 3297 τοῦτο
2886 3245 3020 3298 πολύ
3046 3262 3060 3276 ο
3089 3247 3122 3315 ἡ
3154 3244 3212 3297 δὲ
3259 3244 3457 3314 πρᾶξις
3487 3242 3682 3312 μακρὰ

412 3344 473 3388 ιιι
525 3344 667 3388 ιιριιο
713 3335 870 3404 longa
920 3343 1138 3403 propter
1181 3341 1394 3399 tempus
1428 3347 1443 3385 :
1477 3337 1736 3383 etmotus
1769 3329 1990 3393 multus,

2107 3335 2188 3388 διὰ
2214 3336 2307 3389 τδν
2337 3337 2532 3406 χρόνον
2555 3351 2569 3366 ·
2603 3336 2698 3389 καὶ
2730 3339 2764 3406 ὴ
2793 3337 3010 3408 κίνησις
3041 3337 3210 3408 πολλὴ
3239 3337 3326 3391 διά
3349 3353 3408 3390 τε
3436 3336 3530 3388 τὸν
3558 3334 3685 3406 χρόο

411 3444 537 3481 cum
577 3441 796 3498 promer
829 3437 1043 3497 tempus
1071 3439 1185 3480 tum
1225 3434 1442 3496 propter
1467 3423 1674 3476 locum.

484 3523 571 3576 H.
601 3520 1102 3589 Convenitquanto
1133 3534 1242 3572 tton
1283 3517 1529 3585 recipere
1575 3513 1750 3584 magis
1796 3522 1850 3568 et
1893 3513 1996 3568 mi-

413 3631 538 3676 nus.
567 3626 620 3669 et
646 3630 752 3668 non
786 3614 986 3667 habere
1024 3611 1389 3666 contrarium.

484 3709 573 3762 15.
605 3707 721 3762 Nisi
760 3709 886 3778 quis
919 3709 1067 3761 circa
1099 3707 1274 3760 locum
1303 3719 1426 3758 esse
1451 3702 1598 3756 dicat
1629 3701 1996 3756 contrarieta-

402 3815 520 3856 aem
555 3804 779 3872 quanti,
821 3800 971 3856 velut
1002 3816 1219 3853 sursum
1250 3809 1304 3853 et
1331 3798 1610 3853 deorsum.
1641 3798 1745 3850 Sed
1775 3810 1994 3850 sursum

398 3902 463 3945 -ιιι
491 3894 745 3946 deorsum
771 3891 818 3946 si
857 3893 1076 3960 quidem
1119 3891 1296 3959 quoad
1350 3889 1732 3943 habitudinem
1783 3886 1850 3941 ad
1896 3902 1998 3942 nos

393 3985 686 4047 .dicantur,
719 3998 780 4035 ex
817 3998 1008 4036 eorum
1045 3982 1199 4051 191
1257 3991 1385 4037 sunt
1418 3997 1650 4036 numero
1697 3997 1819 4049 quae
1867 3989 2014 4035 sunt-

413 4082 482 4134 ad
515 4080 721 4150 aliquid
763 4079 969 4151 (lunam
995 4085 1154 4149 enim]
1189 4079 1367 4149 quoad
1426 4095 1525 4135 nos
1577 4095 1796 4135 sursum
1861 4078 2000 4132 dici-

417 4189 714 4242 mus,qn:e
748 4184 927 4226 tamen
982 4172 1236 4226 omnibus
1303 4173 1538 4241 planetis
1589 4172 1710 4226 aliis
1771 4169 2000 4224 inferior

413 4268 674 4332 exsistit),
710 4266 798 4319 sin
823 4266 1007 4334 quoad
1039 4276 1288 4318 naturam
1321 4266 1597 4331 dicantur,
1635 4265 1696 4318 τὸ
1713 4279 1928 4319 sursum
1945 4270 2000 4318 et

415 4363 697 4424 deorsum,
761 4359 1170 4429 prendit-amenti
1210 4359 1299 4412 ubi
1329 4370 1480 4421 sunt,
1506 4369 1561 4412 ut
1591 4374 1714 4412 cum
1737 4357 1998 4420 dicimus.

417 4453 592 4521 ignem
627 4453 846 4519 quidem
883 4466 1128 4514 sursum,
1165 4463 1365 4504 terram
1399 4465 1528 4506 vero
1560 4451 1816 4504 deorsum
1852 4464 2000 4504 esse.

490 4540 578 4596 16.
623 4540 810 4596 Visum
839 4552 928 4598 est
963 4553 1145 4596 autem
1182 4542 1460 4612 aliquibus
1521 4541 1670 4612 quod
1720 4551 1776 4596 et
1819 4550 2002 4597 motus

406 4645 682 4705 quantum
715 4637 807 4690 sit.
850 4637 1049 4694 Verum
1089 4647 1272 4692 motus
1308 4654 1418 4691 non
1457 4648 1543 4692 est
1568 4647 1858 4707 quantum,
1906 4637 2000 4692 sed

2099 3445 2213 3492 vov,
2247 3431 2344 3482 καλ⁸
2382 3429 2473 3482 διὰ
2502 3430 2593 3482 τὸν
2622 3431 2807 3486 τόπον.

2173 3521 2268 3576 ιδ’.
2334 3523 2607 3593 Πρόσεστι
2656 3522 2735 3594 τῷ
2786 3523 2940 3594 ποσῷ
2995 3523 3059 3578 τὸ
3101 3524 3174 3595 μὴ
3214 3523 3563 3593 ἐπιδέχεσθαι
3618 3521 3686 3576 τὸ

2103 3615 2304 3684 μᾶλλον
2337 3617 2433 3669 καὶ
2463 3613 2648 3690 ἦττον,
2687 3619 2784 3671 xui.
2821 3619 2881 3670 τὸ
2923 3617 3091 3688 μηδὲν
3126 3618 3274 3688 ἔχειν
3305 3619 3575 3672 ἐναντίον.

2175 3715 2256 3762 ιε’.
2299 3707 2363 3761 Εἰ
2431 3711 2506 3779 μή
2551 3727 2640 3772 τις
2691 3710 2841 3778 λέγοι
2869 3712 2998 3783 περὶ
3050 3712 3144 3766 τὸν
3199 3712 3364 3766 τόπον
3401 3707 3541 3764 εἶναι
3583 3711 3688 3780 τὴν

2100 3802 2452 3872 ἐναντιότητα
2481 3802 2575 3856 τοῦ
2609 3803 2800 3868 ποσοῦ,
2833 3804 2909 3868 ὡς
2947 3805 3006 3857 τὸ
3036 3805 3150 3858 ἄνω
3181 3807 3275 3858 καὶ
3308 3805 3479 3858 κάτω.
3517 3804 3684 3858 Ἀλλὰ

2099 3895 2160 3947 τὺ
2189 3895 2300 3946 ἄνω
2331 3893 2426 3948 καὶ
2465 3895 2638 3960 κάτω,
2661 3896 2711 3948 εί
2745 3895 2847 3964 μὲν
2901 3897 3042 3950 κατὰ
3071 3897 3172 3967 τὴν
3211 3896 3350 3968 πρὸς
3379 3897 3530 3967 ἡμᾶς
3559 3899 3688 3966 σχέ-

2103 4003 2186 4038 σιν
2213 3985 2478 4054 λέγοιντο,
2521 3986 2630 4040 τῶν
2677 3988 2814 4058 πρός
2862 3977 2916 4040 τί
2960 3989 3114 4041 ἔστι⁹
3146 3987 3246 4058 τὴν
3289 3989 3397 4057 γὰρ
3444 3987 3687 4058 σελήνην

2103 4075 2240 4143 πρὸς
2273 4078 2424 4146 ἡμᾶς
2453 4077 2568 4130 ἀνω
2619 4077 2823 4147 φαμὲν,
2856 4080 3154 4151 κατωτέρω
3189 4079 3300 4133 τῶν
3329 4079 3507 4133 ἄλλων
3546 4079 3687 4132 πλα-

2103 4165 2280 4234 νήτων
2311 4165 2534 4221 πάντων
2575 4167 2964 4238 ὑπάρχουσαν⁹
2993 4171 3042 4221 εἰ
3088 4170 3146 4222 δὲ
3196 4169 3332 4237 πρὸς
3377 4169 3479 4239 τὴν
3519 4167 3690 4233 φύσιν

2102 4255 2351 4325 λέγοιντο
2380 4259 2440 4312 τὸ
2470 4260 2583 4315 ἄνω
2622 4263 2718 4316 καὶ
2747 4263 2806 4315 τὸ
2843 4263 3015 4329 κάτω,
3047 4266 3146 4332 τῆς
3195 4261 3296 4315 ποῦ
3346 4263 3690 4332 κατηγορίας

2103 4350 2253 4404 ἐστίν
2279 4365 2293 4380 °
2322 4351 2398 4416 ὡς
2427 4353 2556 4407 ὅταν
2587 4353 2858 4425 λέγωμεν,
2881 4355 2944 4409 τὸ
2979 4355 3080 4426 μὲν
3113 4353 3227 4426 πῦρ
3259 4351 3400 4409 εἶναι
3427 4356 3562 4420 ἄνω,
3587 4357 3693 4427 τὴν

2104 4445 2162 4498 δὲ
2184 4443 2288 4513 γῆν
2313 4445 2484 4501 κάτω.

2182 4545 2281 4604 ις’.
2307 4541 2495 4607 Ἔδοξε
2527 4539 2584 4594 δέ
2612 4559 2724 4596 τισι
2765 4542 2860 4596 καὶ
2897 4543 2997 4613 τὴν
3045 4543 3262 4614 κίνησιν
3303 4539 3444 4598 εἶναι
3494 4545 3692 4598 ποσόν.

2118 4629 2261 4684 Ἀλλ’
2279 4634 2379 4686 οὐκ
2407 4632 2524 4686 ἔστι
2548 4635 2716 4688 ποσὸν
2747 4637 2780 4704 ή
2813 4635 3052 4706 κίνησις,
3080 4637 3139 4690 ὲν
3173 4637 3250 4706 τῷ
3283 4636 3436 4706 ποσῷ
3464 4637 3520 4691 δὲ
3554 4639 3699 4690 θεω-

417 4731 471 4784 in
507 4740 713 4800 quanto
741 4730 1160 4795 coosideratur;
1213 4729 1677 4798 quemadmodum
1726 4730 1893 4783 etiam
1942 4729 1990 4780 in

2107 4727 2279 4794 ρεῖται
2336 4727 2591 4796 καθάπερ
2651 4729 2744 4780 καὶ
2792 4730 2849 4780 ὲν
2879 4732 2946 4798 τῇ
3001 4729 3160 4802 οὐσία
3207 4730 3301 4783 καὶ
3329 4731 3388 4782 ἐν
3416 4729 3492 4799 τῷ
3523 4730 3697 4800 ποιῷ,

407 4824 730 4878 substantia
763 4833 819 4876 et
847 4825 900 4875 in
934 4822 1081 4892 quali
1113 4831 1166 4877 et
1203 4825 1256 4876 in
1292 4822 1410 4878 ubi.
1440 4821 1498 4876 ln
1536 4821 1842 4876 substantia
1872 4820 1998 4891 qui-

409 4919 564 4980 dem,
599 4927 658 4970 ut
690 4919 967 4983 generatio
990 4926 1044 4971 et
1073 4917 1356 4986 corruptio
1392 4918 1732 4987 (quanquam
1790 4915 1872 4968 ha:
1899 4931 1999 4984 po-

417 5013 526 5064 tius
555 5011 884 5064 mutationes
919 5021 1045 5064 sunt
1077 5020 1130 5065 et
1183 5020 1361 5064 motus
1416 5009 1644 5064 abusive
1689 5008 1996 5072 dicuntur;

2099 4819 2192 4871 καὶ
2228 4818 2302 4890 τῷ
2363 4819 2484 4875 ποῦ.
2541 4821 2631 4874 Ἐν
2674 4820 2774 4892 μὲν
2806 4825 2874 4893 τῇ
2926 4823 3106 4893 οὐσίᾳ,
3135 4824 3212 4886 ὡς
3254 4825 3288 4894 ὴ
3329 4825 3549 4892 γένεσις
3592 4842 3700 4896 και

2101 4910 2298 4982 φθορά.
2324 4913 2638 4967 Μεταϐολαὶ
2672 4915 2729 4967 δὲ
2764 4917 2968 4985 μᾶλλον
2996 4912 3182 4982 αὗται,
3206 4919 3451 4988 κινήσεις
3489 4917 3546 4970 δὲ
3591 4919 3687 4971 λέ-

2098 5023 2286 5074 γονται
2341 5009 2804 5077 καταχρηστικῶς
2833 5024 2848 5040 ο
2898 5009 2956 5061 ὲν
3006 5009 3085 5079 τῷ
3134 5011 3287 5079 ποσῷ
3345 5011 3424 5076 δὲ,
3458 5011 3554 5064 καὶ
3600 5011 3688 5081 τῷ

416 5107 512 5159 sed
553 5106 604 5158 in
644 5116 852 5175 quanto
886 5115 940 5159 et
980 5106 1127 5174 quali
1163 5113 1219 5158 et
1266 5102 1394 5165 ubi,
1427 5101 1650 5172 pr0prie
1697 5111 1880 5155 motus
1910 5101 1990 5155 in-

2107 5099 2262 5169 ποιῷ,
2294 5105 2389 5155 καὶ
2426 5101 2502 5170 τῷ
2532 5101 2660 5166 ποῦ,
2683 5101 2894 5173 κυρίως
2937 5107 3180 5174 κινήσεις
3211 5107 3562 5175 εὑρίσκονται
3587 5121 3602 5137 ο
3633 5109 3699 5159 ὲν

420 5200 760 5270 veniuntur).
790 5201 848 5255 in
886 5209 1094 5270 quanto
1125 5200 1531 5253 incrementum
1558 5213 1575 5263 ;
1607 5197 1660 5250 in
1721 5195 1897 5266 quali,
1928 5196 2008 5251 al-

421 5297 612 5349 teratio
640 5311 655 5362 ;
686 5297 738 5348 in
780 5294 873 5348 ubi
901 5295 1157 5362 denique,
1196 5294 1428 5347 tnutatio
1461 5289 1766 5348 secundum
1794 5291 2005 5358 locum,

417 5404 540 5458 qua:
571 5389 706 5442 latio
741 5397 986 5442 vocatur.

494 5483 581 5536 17.
622 5481 898 5535 Dividitur
929 5488 1111 5533 autem
1149 5481 1267 5536 haec
1303 5490 1358 5534 et
1387 5479 1444 5534 in
1509 5479 1834 5535 ctrcularem
1888 5491 2006 5533 mo-

418 5587 558 5639 tum,
590 5591 750 5645 quem
787 5575 1202 5630 circulationem
1262 5590 1542 5641 vocamus,
1597 5584 1654 5630 et
1702 5575 1757 5628 in
1791 5582 2000 5628 motum

421 5668 721 5722 secundum
749 5677 953 5723 rectam
992 5667 1215 5724 lineam.
1261 5666 1441 5726 Motus
1501 5677 1684 5725 autem
1731 5667 1854 5738 ejus
1905 5666 1998 5736 qui

418 5770 503 5815 est
536 5761 836 5817 secundum
864 5771 1068 5816 rectam
1101 5761 1328 5826 lineam,
1359 5778 1454 5817 sex
1493 5770 1622 5818 sunt
1649 5759 2002 5816 dill'crentise:

420 5855 516 5927 qui
551 5871 768 5916 sursum
808 5865 910 5922 est,
946 5857 1039 5927 qui
1085 5855 1341 5914 deorsum
1371 5867 1499 5917 est;
1557 5855 1649 5938 qui
1711 5853 1778 5909 ad
1830 5853 2000 5920 intra,

2108 5194 2188 5264 τῷ
2239 5194 2394 5264 ποσῷ
2451 5195 2554 5266 μὲν
2611 5194 2843 5260 αὔξησις
2893 5199 2988 5251 καὶ
3029 5199 3297 5268 μείωσις’
3331 5201 3388 5252 ἐν
3420 5199 3498 5268 τῷ
3550 5199 3699 5268 ποιῷ

2103 5288 2164 5340 δὲ
2197 5289 2486 5351 ἀλλοίωσις
2518 5305 2532 5321 ⁶
2563 5290 2624 5342 ὲν
2653 5289 2732 5359 τῷ
2768 5291 2874 5343 πού
2906 5289 2964 5342 δὲ
2989 5292 3022 5361 ή
3047 5293 3194 5346 κατὰ
3241 5291 3410 5346 τόπον
3461 5291 3702 5363 μεταὸοο

2106 5379 2194 5451 λὴ,
2257 5380 2380 5451 ἦτις
2409 5381 2659 5434 καλεῖται
2690 5382 2851 5450 φορά.

2181 5473 2269 5537 ιζ’.
2305 5474 2607 5540 Διαιρεῖται
2634 5473 2679 5527 δ’
2715 5473 2852 5544 αὕτη
2879 5475 2958 5538 εἷς
2992 5491 3052 5528 τε
3093 5473 3194 5545 τὴν
3223 5475 3420 5547 κύκλῳ
3451 5477 3697 5546 κίνησιν,

2108 5569 2175 5639 ἢν
2196 5566 2469 5638 καλοῦμεν
2499 5570 2825 5638 περιφορὰν,
2857 5572 2947 5621 καὶ
2974 5571 3054 5632 είς
3079 5569 3178 5640 τὴν
3206 5570 3294 5624 ἐπ’
3317 5571 3553 5634 εὐθείας.
3579 5571 3702 5644 Τῆς

2113 5661 2201 5713 ἐπ’
2233 5660 2446 5723 εὐθείας
2482 5659 2536 5712 δὲ
2566 5662 2837 5732 κινήσεως
2866 5661 3128 5733 διαφοραί
3151 5664 3290 5716 εἰσιν
3320 5662 3382 5728 ἓξ
3402 5681 3416 5694 ο
3438 5665 3472 5733 ἡ
3507 5665 3598 5717 ἐπὶ
3638 5665 3702 5716 τὸ

2116 5753 2302 5823 ἄνω,ή
2337 5752 2430 5806 ἐπὶ
2459 5752 2519 5805 τὸ
2549 5753 2719 5816 κάτω.
2754 5755 2785 5822 ἡ
2815 5756 2908 5808 ἐπὶ
2947 5757 3007 5808 τὸ
3035 5756 3168 5821 ἔσω,
3199 5755 3450 5808 τουτέστι
3494 5755 3557 5808 τὸ
3595 5756 3704 5826 ιμ-

2117 5847 2375 5920 προσθεν,
2418 5848 2450 5918 ἠ
2484 5845 2576 5901 ἐπὶ
2607 5850 2668 5902 τὸ
2705 5848 2828 5915 ἔξω,
2853 5851 3180 5911 τουτέστιτὸ
3233 5850 3478 5918 ὄπισθεν,
3529 5851 3564 5922 η
3603 5851 3701 5906 ἐπὶ
