3868 6362
249 362 352 424 837

1515 358 1856 422 EPITOME
1899 357 2198 420 LOGICA.

3408 346 3514 411 838

245 498 314 551 τὰ
334 497 487 563 δεξιὰ
520 497 615 551 καὶ
646 497 678 567 ἠ
702 495 796 549 ἐπὶ
822 496 890 550 τὰ
920 491 1210 565 ἀριστερά.
1228 492 1303 547 Τὸ
1324 493 1433 566 γὰρ
1458 494 1551 548 ἐπὶ
1576 494 1636 547 τὸ
1662 495 1814 567 μέσοι

1934 475 2039 530 hoc
2071 483 2175 539 est,
2202 473 2256 527 in
2287 471 2618 527 anteriorem
2650 478 2861 540 partem
2890 476 3012 533 est,
3040 476 3093 524 et
3125 467 3218 537 qui
3257 465 3325 522 ad
3357 476 3511 523 extra

246 592 344 644 atat
393 591 486 643 ἐπὶ
518 590 579 643 τὸ
605 591 757 644 κάτω
788 587 1061 643 κινεῖσθαι
1094 589 1237 642 κατά
1266 588 1359 641 τὸν
1391 587 1600 656 κόσμον
1632 589 1831 642 ταυτόν

244 685 419 736 ἐστιν.
438 682 606 736 Ὅθεν
647 682 786 754 μετὰ
827 682 928 753 τῆς
964 684 1271 753 περιφορᾶς
1308 682 1450 736 ἑπτὰ
1485 682 1715 736 τοπικαὶ
1746 698 1833 735 κι-

244 776 430 846 νήσεις
460 776 618 830 εἰσιν.

313 1049 407 1116 ιη’.
448 1044 603 1099 Ἐπεὶ
632 1043 815 1098 τοίνυν
845 1044 907 1098 τὸ
937 1044 1281 1115 μεταϐάλλον
1307 1042 1340 1111 ἢ
1373 1041 1500 1097 καθ’
1530 1040 1695 1095 ἑαυτὸ
1729 1059 1828 1113 με-

243 1138 527 1206 ταϐάλλει,
559 1138 592 1209 ἢ
623 1138 764 1192 κατά
794 1157 844 1191 τι
878 1141 988 1190 τῶν
1018 1141 1076 1190 ἐν
1116 1136 1265 1205 αὐτῷ
1301 1137 1335 1205 ἢ
1390 1138 1518 1206 περὶ
1565 1135 1698 1188 αὑτό
1733 1153 1747 1168 ο
1780 1136 1831 1189 εί

246 1230 345 1297 μὲν
386 1231 513 1283 καθ’
552 1232 715 1284 ἑαυτὸ
749 1229 1100 1299 μεταϐάλλει,
1125 1231 1274 1281 ποιεῖ
1304 1230 1523 1296 γένεσιν
1559 1230 1656 1281 καὶ
1698 1226 1831 1295 φθο-

243 1324 344 1394 ράν
371 1339 386 1354 ο
423 1323 471 1376 εί
526 1324 583 1376 δὲ
639 1324 783 1377 κατά
820 1340 871 1376 τι
912 1322 1024 1375 τῶν
1065 1326 1124 1375 ἐν
1170 1323 1343 1392 αὐτῷ,
1374 1323 1421 1373 εί
1457 1320 1557 1390 μὲν
1596 1319 1738 1372 κατὰ
1770 1320 1832 1372 τὸ

121 1448 183 1462 ι..
245 1416 436 1476 ποσὸν,
471 1422 614 1470 ποιεῖ
653 1414 884 1484 αὔξησιν
942 1415 1037 1468 καὶ
1086 1415 1356 1484 μείωσινο
1387 1415 1434 1466 εί
1489 1411 1545 1464 δὲ
1584 1410 1723 1463 κατὰ
1770 1409 1832 1462 τὸ

241 1506 421 1570 ποιὸν,
451 1509 596 1559 ποιεῖ
625 1508 912 1559 ἀλλοίωσιν
934 1521 948 1536 ·
981 1505 1124 1557 κατὰ
1162 1504 1217 1556 δὲ
1252 1504 1314 1555 τὸ
1346 1503 1474 1572 περὶ
1508 1500 1643 1555 αὺτδ
1670 1517 1833 1569 μετα-

245 1597 443 1650 ϐάλλον
471 1603 618 1650 ποιεῖ
648 1599 746 1668 τὴν
775 1600 916 1651 κατὰ
940 1597 1107 1650 τόπον
1136 1595 1462 1666 μεταϐολήν.
1499 1592 1559 1645 '0
1587 1594 1694 1660 γὰρ
1740 1591 1831 1643 τό·

241 1706 345 1752 πος
390 1690 506 1743 οὒτ’
546 1693 678 1744 αὑτὸ
725 1694 841 1745 ἐστι
908 1692 971 1742 τὸ
1018 1689 1359 1758 κινούμενον,
1390 1683 1514 1738 οὔτε
1541 1702 1593 1737 τι
1624 1683 1734 1736 τῶν
1774 1686 1831 1736 ὲν

238 1780 392 1843 αὑτῴ
414 1796 427 1807 ·
460 1781 599 1834 ἀλλὰ
650 1785 762 1846 τοῖς
807 1783 1155 1853 κινουμένοις
1199 1781 1534 1850 παρέπεται,
1565 1776 1665 1830 καὶ
1696 1775 1830 1847 περὶ

238 1872 309 1919 τὰ
338 1872 638 1940 κινούμενά
662 1874 835 1927 ἐστιν.

1935 576 2037 631 est,
2071 566 2176 621 hoc
2199 574 2282 619 est
2334 563 2389 618 in
2426 562 2783 633 posteriorem
2817 571 3060 633 partem;
3096 560 3255 632 192
3308 562 3515 632 quique

1934 660 2002 714 ad
2036 659 2286 714 dextram
2309 666 2365 712 et
2392 659 2673 712 sinistram
2722 668 2827 713 est.
2864 655 2998 711 Nam
3057 657 3125 711 ad
3172 656 3407 710 medium
3459 664 3516 712 et

1936 751 2194 804 decrsum
2234 747 2814 811 moveri,sei-undum
2876 748 3143 801 mundum
3207 748 3347 801 idem
3403 756 3514 802 est.

1937 841 2086 897 Uud't
2138 856 2263 896 cum
2343 839 2704 895 circulatione
2798 848 3011 907 septem
3077 837 3279 893 locales
3334 848 3516 893 motus

1934 945 2084 991 811111.

2007 1028 2096 1083 18.
2131 1026 2398 1094 Quoniam
2460 1026 2626 1098 igitur
2656 1024 2803 1095 quod
2859 1033 3126 1087 mutatur,
3184 1035 3276 1079 aut
3336 1027 3514 1095 quoad

1936 1121 2179 1191 seipsum
2214 1129 2483 1185 mutatur,
2512 1127 2607 1173 aut
2631 1120 2808 1188 quoad
2843 1118 3051 1187 aliquid
3084 1133 3275 1171 eorum
3302 1135 3422 1187 qua:
3463 1121 3516 1174 in

1936 1214 2055 1283 ipso
2080 1223 2227 1279 sunt,
2261 1226 2356 1267 aut
2384 1213 2561 1282 quoad
2598 1213 2804 1282 aliquid
2853 1228 3057 1267 eorum.
3078 1228 3196 1278 qua-
3220 1221 3348 1264 sunt
3368 1213 3515 1268 circa

1934 1308 2115 1376 ipsum
2147 1324 2160 1361 :
2199 1308 2245 1361 si
2272 1308 2494 1376 quidem
2528 1311 2708 1378 quoad
2752 1307 2996 1375 seipsqu
3039 1315 3310 1367 mutatnr,
3345 1321 3515 1375 gene-

1936 1401 2203 1454 rationem
2230 1400 2399 1454 eitii-it
2431 1411 2484 1455 et
2517 1400 2924 1468 corruptionem
2960 1418 2973 1463 ;
3006 1403 3091 1455 sin
3147 1415 3272 1453 vero
3330 1399 3512 1463 quoad

1933 1492 2141 1557 aliquid
2175 1507 2364 1547 eurum
2400 1509 2523 1562 quae
2550 1505 2678 1547 suut
2726 1494 2777 1546 in
2814 1495 2954 1562 ipso,
2998 1509 3122 1547 cum
3173 1494 3394 1562 quidem
3432 1509 3517 1548 se-

1932 1584 2176 1637 cundum
2208 1595 2498 1652 quantum,
2560 1586 2963 1639 incrementum
3006 1595 3060 1638 ιιι
3090 1587 3506 1639 doc-renuentum

1931 1677 2144 1743 eflicit;
2188 1694 2313 1729 cum
2344 1689 2526 1732 autem
2569 1679 2874 1731 secundum
2906 1678 3090 1746 quala,
3127 1681 3513 1735 alterationetn

1932 1769 2262 1834 constituit;
2314 1769 2400 1822 sin
2465 1769 2704 1839 denique
2758 1779 3004 1823 mutatur
3061 1774 3240 1839 quoad
3309 1771 3517 1840 aliquid

1856 1864 2077 1918 Bcirca‘
2130 1864 2332 1932 ipsum,
2387 1866 2748 1918 mutationem
2803 1865 2861 1918 in
2912 1864 3034 1919 loco
3086 1864 3278 1920 etttcit.
3333 1863 3517 1921 Locus

235 1961 385 2015 enim
424 1978 600 2032 neque
630 1963 808 2031 ipsum
850 1971 935 2019 est
962 1963 1109 2035 quod
1162 1975 1439 2028 movetur,
1493 1976 1674 2031 neque
1723 1956 1929 2027 aliquid
1962 1969 2152 2010 eorum
2184 1970 2308 2025 qua:
2328 1968 2459 2012 sunt
2488 1956 2541 2010 in
2570 1958 2730 2026 ipso;
2804 1957 2900 2012 sed
2956 1972 3021 2012 ea
3094 1973 3219 2028 quae
3294 1974 3520 2013 moven-

235 2061 329 2109 tur
372 2057 750 2122 subsequitur,
785 2067 839 2111 et
870 2058 1013 2112 circa
1040 2072 1102 2111 ea
1139 2073 1261 2126 quae
1295 2066 1604 2121 moventur,
1638 2061 1745 2109 est.

317 2154 407 2211 ιϐ’.
466 2157 731 2211 Ἐνταῦθα
774 2157 831 2210 δὲ
877 2158 1092 2229 κίνησιν
1129 2159 1365 2229 λέγομεν
1391 2159 1450 2211 οὐ
1480 2157 1580 2227 τὴν
1609 2153 1825 2222 νοερᾶνο

234 2244 298 2297 οὗ
331 2245 430 2317 τὴν
452 2247 693 2319 ψυχικὴν
724 2250 1106 2321 αὐτοκίνητον,
1150 2252 1285 2304 ἀλλὰ
1315 2251 1414 2317 τὴν
1453 2247 1693 2317 φυσικὴν
1731 2243 1827 2297 καὶ

242 2342 604 2412 σωματικὴν,
628 2343 749 2412 ἣτις
776 2343 998 2413 λέγεται
1025 2345 1230 2415 κυρίως
1257 2342 1553 2414 μεταϐολή.

308 2531 379 2580 κ’.
428 2524 586 2579 Ἕπεὶ
628 2525 684 2579 δὲ
725 2531 825 2597 τὴν
870 2527 1090 2596 γένεσιν
1121 2530 1215 2582 καὶ
1249 2524 1459 2595 φθορὰν
1508 2523 1820 2590 μεταϐολὰς

231 2614 374 2670 εἶναι
407 2618 634 2688 μᾶλλον,
682 2618 797 2672 ἀλλ’
828 2622 889 2672 οὗ
926 2621 1176 2689 κινήσεις
1212 2619 1520 2688 φθάσαντες
1551 2617 1779 2684 εἴπομεν
1801 2629 1815 2646 ’

229 2710 296 2761 οὗ
324 2713 430 2780 χρὴ
457 2711 693 2777 ἀγνοεῖ).
732 2712 813 2764 ὅτι
852 2712 912 2763 τὸ
948 2714 1300 2779 κινούμενον,
1363 2711 1615 2782 ἐνεργείεὶι
1646 2707 1704 2761 ὃν
1728 2707 1821 2760 καὶ

230 2802 527 2871 ὑπομένον,
558 2801 699 2856 οῦτω
725 2808 953 2856 κινεῖται
979 2820 995 2836 ο
1020 2805 1081 2855 τὸ
1108 2805 1163 2855 δὲ
1191 2804 1265 2873 μὴ
1298 2801 1357 2854 ὃν
1386 2803 1659 2873 ἐνεργείᾳ,
1694 2801 1820 2872 μηδ’

231 2900 508 2969 ὑπομένον
562 2900 683 2954 οὐδὲ
729 2904 988 2955 κινεῖται.
1038 2899 1197 2952 Ἐπεὶ
1248 2898 1379 2968 γοῦν
1420 2898 1451 2968 ἡ
1487 2899 1703 2965 γένεσις
1754 2898 1819 2949 ἐκ

231 2992 327 3044 τοῦ
364 2994 439 3060 μὴ
471 2992 624 3054 ὄντος
653 2993 803 3047 ἐστὶν
830 2997 908 3056 εἰς
942 2989 1165 3059 τὸεῖναι
1218 2991 1516 3062 μεταϐολὴ,
1545 2991 1633 3044 διὰ
1659 2989 1817 3044 τοῦτο

231 3082 449 3150 κίνησις
483 3085 585 3136 οῦκ
615 3086 752 3138 ἐστι.
788 3086 861 3138 Τὸ
892 3086 999 3157 γὰρ
1030 3086 1105 3156 μὴ
1152 3085 1212 3139 ὃν
1247 3085 1309 3138 οῦ
1359 3089 1614 3139 κινεῖται.
1650 3086 1818 3139 Πάλιν

232 3176 359 3228 ἐπεὶ
408 3177 441 3244 ἡ
498 3175 673 3246 φθορὰ
716 3180 781 3228 ἐκ
838 3176 931 3230 τοῦ
991 3177 1147 3240 ϐντος
1194 3177 1343 3229 ἐστὶν
1368 3178 1448 3240 είς
1475 3175 1534 3229 τὸ
1570 3175 1645 3244 μὴ
1678 3171 1819 3227 εἶναι

1999 2147 2088 2202 19.
2117 2145 2323 2201 Motum
2365 2155 2549 2201 autem
2589 2149 2677 2203 hic
2723 2148 2957 2204 dicimus
3009 2164 3117 2204 non
3163 2151 3517 2206 intellectua-

1925 2242 2055 2307 lem,
2083 2259 2187 2296 non
2224 2259 2420 2298 animae
2455 2247 2608 2299 illum
2642 2259 2753 2314 quo
2800 2228 3010 2300 scimus
3054 2246 3222 2299 etiam
3272 2257 3517 2301 rationa-

1925 2339 2030 2393 lem
2063 2339 2298 2392 animam
2329 2354 2360 2393 a
2393 2341 2567 2407 seipse
2613 2340 2819 2394 moveri
2859 2356 3040 2409 posse,
3081 2340 3173 2393 sed
3206 2343 3510 2397 naturalem

1924 2437 1979 2485 et
2004 2446 2330 2500 corporeum
2367 2433 2459 2501 qui
2492 2432 2711 2501 proprie
2741 2443 2976 2487 mutatio
3003 2433 3230 2487 dicitur.

1996 2522 2089 2576 20.
2125 2522 2393 2588 Quoniam
2429 2535 2611 2579 autem
2642 2527 3051 2595 generationem
3102 2535 3156 2579 et
3199 2526 3512 2597 corruptio-

1931 2631 2052 2669 nem
2094 2615 2429 2670 mutationes
2453 2619 2632 2685 potius
2663 2633 2786 2672 esse
2813 2628 2865 2671 et
2897 2634 3006 2672 non
3051 2620 3345 2681 muliones,
3397 2618 3510 2685 jam

1927 2713 2053 2756 ante
2113 2704 2355 2759 diximus
2413 2720 2427 2761 :
2491 2705 2848 2776 iguorandum
2904 2708 3177 2771 ltaudest,
3234 2709 3288 2763 id
3352 2710 3510 2779 193

1929 2796 2072 2864 quod
2107 2806 2379 2862 movetur,
2440 2813 2565 2852 cum
2603 2808 2729 2853 actu
2788 2800 2856 2853 sit
2892 2810 2945 2854 et
3004 2812 3343 2869 permaneat,
3397 2819 3514 2858 mo-

1925 2888 2040 2942 veri
2081 2905 2095 2945 :
2128 2890 2272 2959 quod
2305 2902 2487 2945 autem
2528 2907 2635 2945 non
2671 2893 2740 2946 sit
2772 2902 2896 2948 actu
2931 2910 3107 2964 ttt‘quu
3163 2906 3509 2965 permaneat,

1922 2996 1991 3035 ne
2026 2984 2228 3036 moveri
2271 2986 2513 3053 quidem.
2561 2986 2835 3052 Quoniam
2891 2988 3059 3057 igitur
3111 2992 3397 3059 generatio
3442 3007 3510 3046 ex

1922 3090 2031 3129 non
2062 3085 2185 3129 eute
2220 3079 2289 3129 ad
2336 3091 2457 3132 eSse
2511 3090 2597 3133 est
2659 3082 2914 3142 mutatio,
2973 3091 3262 3150 propterea
3325 3095 3509 3139 motus

1925 3182 2031 3221 non
2070 3169 2350 3243 est.‘(.'um
2398 3170 2544 3224 enim
2603 3186 2703 3225 ens
2760 3172 2812 3225 in
2871 3173 3144 3241 ejusmodi
3202 3177 3510 3231 mutatione

232 3272 528 3340 μεταϐολὴ,
561 3275 649 3326 διὰ
674 3274 833 3327 τοῦτο
865 3275 1078 3343 κίνησις
1111 3276 1209 3327 οὐκ
1242 3276 1357 3326 ἐστι
1385 3290 1399 3305 ο
1435 3271 1511 3343 μὴ
1544 3275 1653 3344 γὰρ
1687 3274 1814 3325 ῦπο-

1931 3275 2031 3313 non
2060 3271 2295 3323 maneat,
2327 3265 2419 3316 sed
2453 3277 2481 3314 a
2520 3267 2739 3333 propria
2777 3273 2973 3319 natura
3029 3266 3247 3321 excidat
3293 3279 3349 3323 et
3391 3268 3510 3323 dis-

230 3366 399 3431 μένον
431 3365 487 3415 τὸ
519 3362 579 3417 ὃν
614 3367 758 3418 κατὰ
788 3365 887 3433 τὴν
915 3365 1174 3434 τοιαύτην
1205 3363 1531 3434 μεταϐολὴν,
1559 3365 1692 3416 ἀλλὰ
1719 3365 1816 3433 τῆς

228 3455 440 3518 οἰκείας
474 3457 692 3526 φύσεως
731 3460 999 3513 ἐκπίπτον
1033 3459 1129 3512 καὶ
1181 3457 1558 3530 διαλυόμενον,
1593 3458 1712 3522 πῶς
1749 3458 1815 3512 ἂν

230 3552 443 3619 κυρίως
478 3551 747 3605 κινεῖσθαι
783 3552 1039 3621 λέγοιτο;

303 3641 411 3698 κα’.
444 3643 556 3714 Τὴν
588 3645 633 3698 δ’
655 3647 940 3700 ἀλλοίωσίν
978 3664 1124 3709 τινες
1175 3648 1275 3702 οὐκ
1308 3643 1447 3711 εἶδος
1477 3642 1615 3702 εἶναι
1662 3648 1817 3720 κινή-

231 3754 373 3802 σεως
407 3740 637 3807 ἔφασαν,
667 3741 803 3793 ἀλλὰ
843 3743 955 3805 τοῖς
991 3741 1201 3806 λοιποῖς
1236 3741 1444 3812 ταύτης
1474 3743 1816 3812 συμπίπτειν

229 3832 425 3887 εἴδεσι.
478 3831 651 3887 Τοῦτο
700 3834 744 3887 δ’
773 3835 875 3888 οὐκ
926 3834 1064 3889 ἐστι.
1095 3835 1333 3888 Δυνατδν
1383 3837 1493 3905 γὰρ
1527 3833 1816 3888 ἀλλοῖωσιν

229 3928 485 3994 γίνεσθαι
522 3927 689 3997 χωρὶς
722 3926 884 3980 ἄλλου
913 3928 1058 3990 τινὸς
1088 3928 1263 3988 εἴδους
1288 3928 1577 3996 κινήσεως.
1602 3926 1676 3978 re
1705 3927 1816 3995 γὰρ

230 4020 380 4071 κατὰ
417 4022 591 4083 πάῡος
616 4019 938 4089 κινούμενον
962 4021 1062 4073 οὐκ
1119 4022 1419 4090 ἀναγκαῖον
1459 4020 1560 4091 ἤδη
1592 4020 1687 4072 καὶ
1719 4018 1815 4073 αὔ-

230 4112 445 4176 ξεσθαι,
476 4111 507 4182 ἦ
546 4112 868 4182 μειοῦσθαι·
904 4111 1030 4165 οῦτε
1057 4112 1112 4164 δὲ
1135 4113 1194 4166 τὸ
1224 4098 1525 4182 αὐξόμενον
1563 4112 1596 4183 ἢ
1633 4113 1815 4183 μειού-

231 4221 399 4274 μενον
453 4202 705 4257 ὁπωσοῦν
753 4207 969 4275 ἀνὰγκη
1029 4205 1124 4257 καὶ
1168 4205 1537 4272 ἀλλοιοῦσθαι,
1594 4208 1654 4260 τὸ
1706 4210 1815 4277 γὰρ

224 4298 574 4364 τετράγωνον
607 4295 830 4358 αὒξεται
865 4297 964 4366 μὲν
996 4299 1373 4366 περιτεθέντος
1412 4296 1562 4367 αὑτῴ
1592 4296 1813 4366 γνώμο-

225 4406 346 4454 νος,
376 4392 475 4441 οὐκ
506 4389 813 4442 ἀλλοιοῦται
840 4389 894 4442 δὲ
964 4391 1140 4458 (μένει
1172 4392 1279 4459 γὰρ
1310 4391 1402 4442 καὶ
1434 4389 1589 4453 αῦυις
1620 4391 1815 4460 τετρά-

232 4485 462 4550 γωνον),
496 4483 593 4535 καὶ
633 4481 724 4534 τοῦ
755 4482 1033 4551 γνωμονος
1069 4481 1536 4551 περιαιρεϐεντος,
1566 4484 1812 4553 μειοῦται

226 4580 328 4629 καὶ
355 4578 506 4644 μένει
567 4576 730 4628 πάλιν
753 4580 1123 4644 τετράγωνον.
1155 4575 1263 4627 Καὶ
1284 4579 1311 4627 ὁ
1334 4571 1472 4637 οἶνος
1502 4574 1810 4629 ἀλλοιοῦται

1920 3352 2187 3421 solvatur,
2220 3354 2496 3425 quomodo
2532 3356 2753 3428 proprie
2780 3357 3004 3415 mereri.
3030 3356 3295 3415 dicetur?

1988 3653 2080 3708 2|.
2107 3651 2376 3709 Caeterum
2432 3656 2599 3727 aliqui
2635 3658 3013 3716 alterationem
3066 3678 3172 3717 non
3220 3678 3342 3719 esse
3376 3680 3508 3737 spe-

1919 3746 2057 3800 ciem
2094 3761 2277 3803 motus
2306 3749 2586 3817 dixterunt,
2623 3753 2719 3806 sed
2750 3769 2872 3807 cum
2907 3755 3131 3825 reliquis
3172 3757 3337 3825 hujus
3380 3774 3504 3829 spe-

1918 3841 2105 3896 ciebus
2136 3842 2465 3900 coincidere.
2501 3844 2655 3911 Quod
2684 3862 2788 3900 non
2826 3857 2931 3903 est.
2962 3847 3102 3903 Fieri
3131 3854 3277 3904 enim
3303 3862 3501 3921 pctest,

1920 3941 1981 3987 ut
2012 3934 2102 3987 fiat
2135 3934 2390 3990 alteratio
2426 3940 2658 3993 seorsim
2694 3941 2763 3993 ab
2792 3942 2899 3994 alia
2934 3941 3120 4012 aliqua
3158 3952 3340 3997 motus
3372 3959 3496 4011 spe-

1919 4024 2022 4081 cie.
2055 4023 2210 4091 Quod
2243 4029 2387 4081 enim
2424 4034 2722 4082 secundum
2757 4031 3090 4099 passionem,
3130 4049 3236 4086 non
3264 4050 3494 4089 necesse

1918 4119 2136 4187 estjam
2162 4119 2325 4174 etiam
2360 4122 2546 4189 augeri
2582 4133 2635 4175 et
2676 4122 2872 4176 minui.
2918 4122 3105 4193 Neque
3153 4141 3283 4179 vero
3334 4130 3500 4181 etiam

1917 4215 2058 4282 quod
2087 4228 2319 4285 augetur
2349 4225 2401 4271 et
2436 4218 2700 4271 minuitur
2741 4221 3137 4289 quoquomodo
3164 4237 3388 4277 necesse
3420 4235 3504 4279 est

1918 4310 2080 4362 etiam
2113 4309 2360 4364 alterari.
2399 4308 2742 4375 Quadratum
2791 4314 2935 4366 enim
2983 4324 3216 4384 augetur
3280 4319 3500 4386 quidem

1917 4400 2311 4471 circumposito
2362 4402 2409 4457 ei
2471 4420 2764 4466 gnomone,
2818 4421 2922 4459 non
2996 4409 3258 4461 alteratur
3297 4419 3501 4465 tamen.

1916 4493 2096 4548 Manet
2123 4497 2267 4549 enim
2293 4497 2472 4551 adhuc
2502 4500 2662 4552 etiam
2709 4498 3060 4569 quadratum
3121 4500 3187 4553 Et
3232 4519 3502 4570 gnomone

1919 4590 2101 4641 alilato
2134 4590 2400 4643 minuitur
2434 4599 2490 4643 et
2546 4601 2731 4643 manet
2783 4591 2980 4643 iterum
3017 4591 3390 4660 quadratum;
3445 4602 3501 4652 et

226 4670 362 4739 μήτ’
402 4670 723 4739 αὐξόμενος,
757 4672 894 4739 μήτε
930 4668 1277 4738 μειούμενος.
1313 4667 1478 4721 Ὥστε
1514 4669 1546 4739 ἡ
1579 4671 1809 4722 ἀλλοίω-

1931 4684 2107 4736 vinum
2143 4683 2406 4737 alteratur
2465 4693 2524 4737 ut
2568 4699 2668 4737 nec
2724 4696 2991 4752 augeatur
3047 4702 3146 4739 nec
3199 4689 3497 4745 minuatur.

225 4779 317 4824 σις
362 4762 589 4814 δύναται
636 4760 965 4832 θεωρεῖσθαι
1016 4760 1140 4815 καθ’
1194 4761 1419 4827 ἑαυτὴν,
1448 4764 1657 4832 ἀμιγὴς
1689 4766 1811 4827 ταῖς

222 4855 419 4915 ἄλλαις
451 4855 721 4924 κινήσεσι.

300 4948 402 5014 κβ.
450 4950 602 5018 Ilion
632 4947 689 4999 δὲ
723 4947 936 5016 κινήσει
988 4948 1080 4999 καὶ
1116 4946 1327 5017 ἠρεμια
1353 4963 1436 5008 τις
1473 4946 1800 5004 ἀντίκειται.

219 5042 306 5110 Τῇ
334 5041 521 5104 ἁπλῶς
542 5045 763 5120 κινήσόι.
787 5042 818 5110 ἡ
840 5040 1030 5103 ἁπλῶς
1052 5042 1278 5109 ἠρεμία,
1311 5042 1491 5093 είτουν
1520 5043 1802 5113 ἀκινησία,

219 5136 259 5202 ἦ
300 5150 359 5184 τε
397 5136 504 5201 πρὸ
550 5134 651 5202 τῆς
700 5138 991 5203 κινήσεως,
1024 5135 1119 5186 καὶ
1172 5136 1203 5204 ἡ
1255 5135 1392 5204 μετὰ
1428 5134 1528 5203 τὴν
1563 5136 1800 5204 κίνησιν.

216 5226 381 5295 Τάχα
413 5228 470 5277 δὲ
500 5229 592 5277 καὶ
624 5228 681 5277 ἐν
714 5227 852 5295 αὐτῇ
888 5230 952 5295 τῇ
988 5229 1222 5296 κινήσει.

296 5315 404 5384 κγ’.
424 5319 578 5369 Ἐπεὶ
604 5335 712 5388 γαρ
737 5323 889 5370 πᾶσα
918 5319 1133 5387 κίνησις
1159 5320 1252 5371 καὶ
1275 5316 1552 5389 μεταϐολὴ
1571 5319 1634 5373 ἐκ
1656 5337 1800 5385 τινος

212 5414 298 5477 εἷς
327 5432 380 5467 τι
413 5415 643 5481 γίνεται,
676 5410 788 5465 οἷον
823 5416 916 5466 επὶ
949 5415 1240 5481 γενέσεως,
1281 5416 1344 5467 ἐκ
1377 5414 1488 5466 τῶν
1517 5418 1800 5487 στοιχείων
1830 5472 1835 5476 ,

216 5514 299 5567 εις
333 5505 395 5557 τὸ
431 5506 685 5558 σύνθετον
720 5505 914 5574 σῶμα·
948 5506 1044 5557 ἐπὶ
1083 5505 1138 5557 δὲ
1188 5508 1285 5576 τῆς
1340 5506 1574 5577 φθορᾶς,
1600 5511 1665 5561 ὲκ
1700 5508 1794 5562 τοῦ

212 5608 470 5669 σωματος
503 5599 660 5662 αῦοις
690 5602 767 5663 εἰς
801 5603 869 5652 τὰ
905 5602 1147 5670 στοιχεῖα
1173 5617 1187 5633 ο
1215 5603 1352 5654 κάπὶ
1384 5603 1481 5670 μὲν
1504 5602 1607 5672 τῆς
1631 5603 1798 5675 αὐξή-

211 5708 355 5752 σεως
408 5695 473 5742 εκ
523 5690 621 5743 τοῦ
670 5693 957 5755 ὲλαττονος
1006 5696 1084 5756 είς
1117 5695 1177 5745 τὸ
1220 5697 1443 5765 μεῖζον·
1476 5698 1569 5750 ἐπὶ
1610 5696 1667 5749 δὲ
1699 5703 1796 5769 τῆς

210 5785 495 5855 μειώσεως
529 5786 769 5857 ἔμπαλιν
813 5791 878 5842 ὲκ
921 5788 1016 5842 τοῦ
1058 5789 1307 5857 μείζονος
1338 5792 1416 5854 είς
1441 5791 1502 5844 τὸ
1528 5793 1751 5847 ἔλαττον
1780 5810 1794 5825 ·

209 5878 309 5932 tul
332 5877 389 5931 δὲ
419 5881 516 5953 τῇς
550 5879 891 5945 ἀλλοιώσεως
916 5882 975 5934 ὲκ
1006 5883 1112 5937 τῶν
1147 5883 1543 5953 ἀντικειμένων
1575 5887 1795 5958 no.0?!)-

1917 4776 2097 4841 Qttare
2123 4777 2375 4830 alteratio
2411 4793 2507 4845 per
2531 4777 2765 4845 si'ipsam
2817 4778 3155 4832 considerari
3211 4792 3413 4850 potest,
3440 4793 3498 4835 ut

1917 4871 2037 4924 aliis
2080 4869 2318 4923 motibus
2352 4871 2694 4939 impermista
2736 4871 2829 4925 sit.

1986 4961 2077 5015 ‘22.
2114 4959 2273 5015 Omni
2311 4971 2490 5015 autem
2522 4962 2693 5016 motui
2720 4964 2883 5015 etiam
2926 4963 3081 5031 quies
3113 4964 3291 5032 aliqua
3326 4978 3498 5033 oppo-

1913 5052 2101 5115 nitur;
2146 5050 2307 5123 194
2345 5052 2517 5105 motui
2587 5053 2915 5122 simpliciter
2969 5053 3124 5123 quies
3174 5054 3499 5125 simpliciter

1913 5145 2028 5200 sive
2048 5148 2430 5227 immoliilitas,
2458 5155 2511 5199 et
2533 5163 2650 5217 quin
2668 5155 2790 5200 ante
2808 5159 3010 5201 motum
3033 5159 3088 5202 et
3105 5166 3223 5218 qute
3246 5158 3369 5219 post
3388 5166 3498 5203 mo-

1819 5279 1828 5289 .
1914 5249 2025 5291 tum
2051 5248 2135 5292 est
2154 5256 2168 5301 ;
2187 5238 2323 5293 forte
2350 5251 2536 5295 autem
2565 5239 2728 5295 etiam
2755 5255 2815 5293 ea
2841 5257 2961 5311 quae
2985 5251 3071 5297 est
3097 5243 3150 5296 in
3176 5243 3293 5312 ipso
3319 5254 3491 5299 motu.

1982 5332 2072 5385 ‘25.
2113 5332 2384 5398 Quoniam
2439 5332 2607 5403 igitur
2637 5334 2820 5387 omnis
2867 5346 3046 5389 motus
3078 5346 3132 5388 et
3163 5335 3395 5391 mutatio
3426 5351 3491 5391 ex

1907 5426 2093 5495 aliquo
2128 5429 2186 5479 tit
2223 5427 2275 5479 in
2327 5426 2530 5497 aliquid
2569 5443 2585 5495 ;
2615 5428 2760 5482 velut
2795 5429 2850 5483 in
2884 5430 3239 5500 generatione
3271 5443 3337 5483 ex
3384 5428 3495 5484 ele-

1909 5520 2111 5573 mentis
2143 5519 2197 5573 in
2234 5536 2438 5589 corpus
2478 5524 2849 5589 compositum
2887 5538 2902 5588 ;
2944 5520 2998 5575 in
3025 5520 3384 5591 corruptione
3424 5536 3493 5575 ex

1904 5630 2136 5680 corpore
2189 5616 2385 5669 iterum
2448 5614 2501 5669 in
2546 5616 2869 5682 elementa;
2927 5624 2981 5668 et
3036 5615 3091 5671 in
3151 5617 3492 5670 incremento

1904 5708 2122 5776 quidem
2176 5722 2242 5761 ex
2275 5706 2469 5759 minori
2506 5708 2571 5761 ad
2606 5707 2828 5777 majus;
2866 5707 2920 5761 in
2970 5709 3322 5762 decrementa
3358 5721 3489 5760 vero

1910 5814 1973 5853 ex
2017 5798 2211 5867 majori
2236 5799 2300 5852 ad
2335 5800 2518 5853 minus
2550 5819 2564 5865 ;
2593 5802 2646 5854 in
2686 5801 3011 5855 alteratione
3034 5815 3196 5868 porro
3224 5815 3287 5853 ex
3319 5813 3489 5869 oppo-

1908 5892 2029 5951 sitis
2066 5891 2426 5963 qualitatibus
2459 5892 2513 5949 in
2551 5892 2834 5964 oppositas
2864 5896 3179 5964 qualitates,
3219 5901 3275 5944 ut
3301 5906 3364 5945 ex
3394 5903 3459 5944 ea
