3872 6454
367 371 471 428 81".)

367 570 602 636 denique
631 565 931 621 secundum
982 563 1160 616 locum
1194 575 1257 613 ex
1292 556 1558 627 Oppositis
1593 555 1729 608 locis
1761 555 1814 605 in
1846 567 1943 620 op-

362 657 567 725 posita,
601 655 704 709 hoc
741 664 845 718 est,
878 669 941 707 ex
996 667 1061 705 eo
1093 650 1184 719 qui
1222 662 1441 703 sursum
1495 655 1601 708 est,
1641 647 1895 700 deorsum
1925 661 1938 707 ;

360 755 420 802 et
447 763 510 801 ex
543 762 611 802 eo
660 747 750 814 qui
789 745 1046 799 deorsum
1095 752 1202 810 est,
1241 752 1460 796 sursum
1491 752 1506 802 ;
1538 747 1592 791 et
1629 737 1684 791 in
1714 737 1838 791 aliis
1871 735 1946 789 si-

369 840 573 893 militer
603 854 660 894 se
694 854 780 891 res
822 837 1006 891 habet.

439 930 532 985 24.
571 928 696 984 Haec
746 928 1006 999 quoniam
1043 927 1116 981 ita
1144 943 1204 982 se
1241 929 1468 993 habent,
1519 934 1789 996 quatenus
1821 920 1946 991 qui-

362 1023 712 1079 dem.motus
743 1037 807 1076 ex
853 1021 1037 1088 aliquo
1070 1028 1173 1084 est,
1207 1020 1380 1089 quieti
1424 1014 1771 1074 antecedenti
1800 1015 1947 1068 dice-

369 1128 458 1172 tur
485 1116 685 1186 Oppoui
717 1131 732 1178 ;
769 1123 1038 1184 quatenus
1069 1123 1248 1169 autem
1277 1125 1359 1170 est
1403 1113 1458 1167 in
1494 1109 1723 1178 aliquid,
1777 1107 1944 1179 quieti

365 1207 729 1278 consequenti
755 1223 770 1272 ;
799 1216 1072 1276 quatenus
1103 1206 1338 1275 denique
1369 1219 1476 1260 non
1510 1203 1794 1273 perlicitur
1827 1201 1946 1256 sine

373 1311 638 1370 tempore.
671 1299 763 1354 sed
792 1299 955 1353 etiam
981 1314 1103 1368 quae
1137 1298 1351 1352 videtur
1383 1295 1788 1351 confectissima
1812 1296 1950 1360 (ma-

368 1391 628 1458 ximeque
664 1388 976 1457 subitanea)
1009 1389 1242 1443 mutatio
1295 1397 1348 1442 et
1385 1388 1665 1442 concretio
1697 1385 1856 1440 lactis
1895 1384 1947 1437 in

372 1496 618 1554 tempore
650 1483 742 1539 ﬁt:
777 1483 1078 1539 secundum
1116 1484 1216 1537 hoc
1251 1483 1416 1537 habet
1446 1480 1586 1535 forte
1617 1480 1781 1534 etiam
1815 1494 1949 1532 con-

363 1586 688 1646 sequentem
723 1585 778 1632 et
807 1576 1201 1646 intelligibilem
1234 1576 1469 1638 aliquam
1521 1574 1782 1642 quietem,
1819 1571 1948 1624 dum

377 1667 534 1738 195
567 1684 632 1723 ex
665 1669 992 1724 remissione
1021 1667 1088 1723 ad
1121 1669 1484 1722 intentionem
1503 1663 1771 1734 procedit,
1802 1671 1855 1715 et
1881 1678 1948 1716 ex

1569 345 1999 414 NICEPIIORI
2034 337 2456 401 BLEMMlD/E

369 481 482 532 lore
519 478 570 530 in
599 475 768 544 frigus
801 482 854 536 et
885 488 948 528 ex
981 472 1136 542 nigro
1169 469 1220 523 in
1267 467 1450 520 album
1482 482 1495 518 :
1538 463 1593 516 in
1636 461 1942 517 mutatione

2063 468 2157 503 των
2213 450 2291 511 εἰς
2348 450 2445 510 τὰς
2502 444 2906 512 ἀντικειμένας,
2941 440 3016 502 ὡς
3066 439 3130 490 ἐκ

362 1779 437 1818 eo
463 1764 605 1834 quod
634 1776 717 1818 est
734 1764 917 1818 minus
949 1762 1014 1816 ad
1040 1761 1092 1816 id
1121 1761 1264 1832 quod
1288 1759 1460 1829 magis
1493 1764 1578 1813 est
1611 1755 1949 1826 provehitur,
1985 1799 2026 1853 Β

371 1857 546 1913 donec
578 1861 753 1926 ipsum
792 1855 1036 1927 perfecte
1063 1854 1224 1909 ﬁnem
1258 1859 1588 1921 assequatur
1616 1867 1630 1904 :
1669 1849 1786 1904 sive
1816 1849 1862 1902 is
1882 1863 1949 1902 ex

371 1952 632 2006 extremis
694 1950 830 2026 sive.
881 1964 947 2003 ex
1013 1947 1357 2002 intermediis
1409 1944 1594 2000 fuerit.
1657 1941 1751 1997 Est
1803 1942 1948 1997 enim

374 2044 538 2099 etiam
574 2041 628 2096 in
663 2040 1009 2097 intermediis
1039 2050 1091 2094 et
1124 2038 1375 2093 remissio
1392 2045 1445 2091 et
1481 2035 1735 2102 intentio,
1769 2043 1820 2089 et
1843 2034 1949 2088 mi-

369 2149 478 2188 nus
501 2143 556 2188 et
577 2134 768 2204 magis.
797 2133 866 2188 Et
899 2140 1144 2187 extrema
1178 2128 1395 2198 quidem
1429 2135 1584 2192 sunt,
1614 2126 1784 2181 veluti
1815 2125 1950 2180 eali-

372 2227 499 2281 tlum
545 2237 598 2281 et
637 2226 894 2296 frigidum
928 2243 942 2292 ;
978 2225 1113 2279 illud
1154 2223 1376 2292 quidem
1410 2231 1470 2274 ut
1515 2219 1752 2274 adurens
1780 2257 1795 2281 ,
1849 2221 1954 2273 hoc

367 2329 553 2374 autem
585 2329 642 2373 ut
669 2334 926 2374 enecans.
965 2320 1030 2371 At
1063 2318 1208 2371 inter
1233 2316 1348 2369 ha-e
1398 2328 1507 2367 non
1545 2326 1730 2382 pauca).
1761 2312 1954 2366 remis-

372 2411 560 2466 siones
590 2421 643 2465 et
675 2411 1008 2466 intentiones
1035 2418 1184 2464 sunt.
1216 2407 1360 2478 Ergo
1393 2404 1565 2461 motui
1607 2403 1950 2472 simpliciter,

373 2501 704 2569 simpliciter
730 2502 885 2570 quies
910 2500 1227 2570 opponitur.

449 2593 544 2648 25.
586 2594 656 2647 At
703 2593 1075 2660 singularibus
1128 2589 1366 2644 motibus
1420 2589 1730 2661 singulares
1772 2597 1954 2644 motus

369 2699 426 2748 et
453 2689 756 2761 singulares
790 2688 1006 2757 quietes
1041 2685 1432 2740 couvenienter
1463 2692 1842 2754 opponuntur.

441 2869 533 2923 26.
573 2867 925 2924 Generatioui
963 2865 1181 2933 quidem
1237 2874 1295 2918 ut
1350 2863 1693 2934 generatioui
1762 2878 1956 2918 corru-

377 2963 514 3034 ptio,
538 2970 596 3015 ut
620 2961 788 3016 motui
818 2970 1021 3021 autem,
1046 2959 1204 3028 quies
1236 2956 1533 3011 secundum
1561 2956 1712 3010 illum
1745 2957 1958 3013 :incre—

376 3065 565 3110 mento
600 3055 1010 3109 decrementum
1067 3065 1082 3116 ;
1118 3057 1172 3104 et
1204 3049 1506 3104 secundum
1543 3049 1954 3105 decrementum

3522 318 3630 386 8&0

3186 434 3520 504 θερμότητος
3547 432 3627 488 εἰς

2043 541 2382 612 ψυχρότητα,
2439 541 2546 593 κάκ
2613 536 2862 606 μέλανος,
2899 534 2978 595 είς
3016 531 3245 584 λευκόν·
3281 527 3374 578 ἐπὶ
3420 523 3477 576 δὲ
3561 520 3588 546 τ
3619 538 3627 544 -

2046 636 2188 689 κατὰ
2217 634 2385 687 τόπον
2416 627 2723 702 μεταϐολῆς
2760 629 2823 679 ἐκ
2867 623 2975 678 τῶν
3022 619 3414 689 ἀντικειμένων
3437 634 3453 673 ,·
3520 616 3551 662 .’
3607 652 3616 661 .

2047 731 2126 792 είς
2159 729 2283 789 τούς
2306 725 2742 794 ἀντικειμένους,
2780 720 2951 790 ήγουν
2986 714 3192 770 ἄνωθεν
3221 711 3371 766 κάτω
3399 711 3495 761 και
3525 725 3624 759 Lsa-

2045 815 2219 869 τωθεν
2252 816 2364 870 ἄνω
2384 830 2397 844 ·
2428 813 2569 866 κάπὶ
2595 810 2703 864 τῶν
2733 807 2912 863 ἄλλων
2935 807 3158 876 ὁμοίως.

2122 909 2222 964 κδ’.
2253 907 2408 960 Ἐπεὶ
2444 903 2598 958 ταῦθ’
2629 903 2802 966 οὕτως
2850 899 2986 970 ἔχει,
3025 897 3160 950 καθὸ
3199 896 3297 961 μὲν
3327 891 3391 945 ἐκ
3413 903 3560 950 τινος
3591 888 3626 954 ή

2050 1005 2265 1074 κίνησις
2296 1003 2360 1072 τῇ
2390 999 2497 1070 πρὸ
2528 997 2699 1066 αὐτῆς
2724 993 2931 1065 ἠρεμίᾳ
2953 988 3239 1058 λέγοιτ’ἃν
3262 981 3622 1040 ἀντικεῖσθαι·

2049 1097 2184 1150 καθὸ
2218 1093 2275 1148 δέ
2303 1094 2380 1156 είς
2407 1108 2480 1153 τι,
2510 1091 2576 1160 τῇ
2617 1085 2739 1158 μετ’
2790 1085 2996 1154 αὐτήν·
3033 1079 3170 1134 καθὸ
3191 1079 3352 1132 δὀὐκ
3385 1075 3629 1146 ἁχρόνως

2051 1185 2400 1244 ἐπιτελεῖται,
2432 1181 2569 1235 ἀλλὰ
2599 1181 2693 1234 καὶ⁹
2721 1181 2753 1250 ἡ
2789 1177 3020 1230 δοκοῦσα
3059 1170 3406 1244 ἁθρουστάτη
3458 1184 3630 1237 μετα-

2051 1256 2206 1349 ϐολὴ,
2241 1280 2316 1340 ὡς
2357 1278 2388 1346 ή
2426 1273 2590 1344 πῆξις
2618 1272 2711 1325 τοῦ
2745 1272 3036 1345 γάλακτος,
3067 1270 3126 1320 ἐν
3167 1265 3347 1336 χρόνῳ
3374 1261 3626 1331 γίνεται·

2051 1373 2194 1427 κατὰ
2223 1372 2381 1422 τοῦτο
2420 1365 2800 1436 συνεπομένην
2833 1364 2946 1433 ἔχει
2975 1361 3117 1432 τάχα
3149 1359 3243 1413 καὶ
3277 1355 3515 1427 ἠρεμίαν
3543 1369 3634 1404 νο-

2052 1466 2288 1536 ουμένην
2314 1462 2436 1516 τινὰ
2462 1461 2520 1526 ἐξ
2555 1462 2801 1528 ὐφέσεως
2834 1460 2916 1520 εἰς
2945 1457 3197 1508 ἐπίτασιν
3231 1445 3630 1521 προοδεύουσα,

2054 1563 2162 1613 κάκ
2191 1556 2284 1610 τοῦ
2332 1551 2494 1627 ἧττον
2545 1555 2622 1616 εἰς
2670 1552 2730 1604 τὸ
2767 1551 2968 1619 μᾶλλον
2999 1545 3301 1619 φερομένη,
3341 1542 3536 1613 μέχρις
3565 1536 3634 1590 ἂν

2056 1653 2239 1724 φθάσῃ
2271 1651 2468 1712 τελέως
2507 1649 2641 1703 αὐτὸ
2693 1633 2772 1717 δή
2809 1647 2868 1699 τὸ
2904 1644 3232 1711 κατάντημα
3259 1655 3272 1669 ’
3309 1638 3412 1692 κᾶν
3440 1651 3498 1686 τε
3523 1632 3634 1685 τῶν

2055 1747 2239 1818 ἄκρων
2271 1747 2356 1816 εἴη
2388 1745 2567 1807 τοῦτο,
2592 1743 2694 1797 κᾶν
2726 1758 2785 1794 τε
2819 1740 2927 1793 τῶν
2962 1735 3189 1809 μεταξύ.
3219 1733 3378 1786 Ἔστι
3399 1728 3506 1818 γὰρ
3530 1725 3634 1779 κάν

2055 1817 2166 1900 τοῖς
2200 1837 2406 1907 μεταξὺ
2439 1837 2533 1890 καὶ
2572 1834 2762 1903 ὕφεσις
2793 1834 2888 1887 καὶ
2935 1829 3210 1892 ἐπίτασις,
3242 1825 3339 1879 καὶ
3371 1823 3431 1875 τὸ
3465 1817 3634 1892 ἦττον

2055 1932 2148 1985 καὶ
2179 1930 2241 1993 τὸ
2277 1929 2500 2000 μᾶλλον.
2536 1927 2645 1981 Καὶ
2677 1927 2823 1995 ἄκρα
2875 1923 2997 1992 μὲν,
3033 1915 3146 1974 οἷον
3196 1919 3256 1971 τὸ
3291 1911 3494 1985 θερμὸν
3539 1910 3637 1962 καὶ

2056 2022 2120 2075 τὸ
2159 2021 2400 2090 ψυχρόν·
2437 2019 2499 2070 τὸ
2537 2017 2634 2088 μὲν
2690 2016 2766 2080 ὡς
2823 2015 3003 2078 καῖον,
3030 2010 3092 2065 τὸ
3115 2009 3174 2064 δέ
3224 2009 3298 2072 ὠς
3354 2000 3585 2073 νεκροῦν
3617 2017 3633 2032 ⁸

2058 2113 2262 2184 μεταξύ
2290 2111 2346 2164 δέ
2371 2109 2572 2164 τούτων
2605 2107 2826 2177 ὐφέσεις
2857 2106 2958 2158 οὐκ
2988 2103 3168 2171 ὀλίγαι
3197 2102 3292 2154 καὶ
3323 2095 3628 2152 ἐπιτάσεις.

2055 2207 2134 2276 Τῇ
2173 2209 2270 2275 μὲν
2299 2203 2391 2258 οὐν
2423 2201 2607 2266 ἁπλῶς
2637 2200 2852 2271 κινήσει
2883 2199 2917 2268 ή
2944 2196 3132 2259 ἁπλῶς
3167 2191 3374 2265 ἠρεμία
3400 2189 3636 2242 ἀντίκει-

2054 2315 2144 2352 ται

2131 2585 2228 2632 κε’.
2263 2578 2396 2640 Ταῖς
2445 2576 2502 2630 δὲ
2561 2575 2877 2629 καϐἐκαστα
2913 2572 3188 2642 κινήσεσιν
3229 2569 3284 2620 ai
3317 2564 3637 2620 καϐἐκαστα
3731 2609 3744 2622 ,

2059 2672 2326 2740 κινήσεις,
2355 2671 2448 2723 καὶ
2479 2670 2533 2722 αί
2561 2669 2876 2721 καοέκαστα
2902 2665 3133 2736 ἡρεμίαι
3159 2659 3516 2730 καταλλήλως
3539 2657 3635 2710 ἀν’

2057 2765 2341 2817 τίκεινται.

2130 2853 2244 2920 κς·’.
2276 2857 2355 2925 Τῇ
2388 2854 2624 2923 γενέσει,
2646 2853 2718 2915 ὡς
2773 2851 2872 2921 μέν
2906 2851 3142 2919 γενέσει,
3173 2849 3206 2918 ή
3240 2845 3452 2916 φθοράο
3482 2841 3558 2904 ὡς
3582 2841 3638 2896 δὲ

2061 2954 2297 3022 κινήσει,
2333 2953 2365 3020 ἡ
2413 2949 2533 3003 κατ’
2555 2951 2727 3017 αὐτὴν
2757 2947 2961 3019 ἠρεμία
2990 2961 3002 2974 ·
3037 2947 3104 3016 τῇ
3139 2943 3368 3013 αὐξήσει
3400 2941 3432 3011 ἡ
3472 2938 3637 3009 μείω-

2063 3064 2170 3111 σις,
2220 3046 2313 3097 καὶ
2344 3047 2378 3114 ή
2409 3043 2530 3096 κατ’
2555 3041 2788 3110 αὔξησιν
2819 3037 3209 3113 ἠρεμία..οὐδέ
3242 3037 3348 3105 γὰρ
3378 3037 3457 3097 εἰς
3481 3033 3637 3086 ἀπει-

369 3152 532 3221 quies
566 3148 768 3216 (neque
801 3146 944 3199 enim
973 3146 1027 3198 in
1059 3145 1328 3198 inﬁnitum
1362 3157 1590 3215 augetur
1611 3144 1754 3215 quod
1785 3161 1950 3216 θυεε-

2064 3157 2158 3210 ρον
2183 3135 2407 3204 αὒξεται
2440 3136 2501 3190 τὸ
2531 3135 2848 3206 αὐξόμενον,
2875 3135 2908 3205 ἢ
2941 3135 3002 3186 τὸ
3037 3135 3361 3203 μειούμενον
3390 3127 3637 3197 μειοῦται

371 3255 490 3308 tur,
551 3252 643 3295 aut
688 3254 904 3308 semper
945 3238 1210 3291 minuitur
1260 3238 1406 3308 quod
1438 3239 1957 3308 minuitur);muta-

376 3335 514 3390 tioni
570 3335 871 3388 secundum
922 3333 1128 3394 locum,
1183 3339 1241 3384 ut
1292 3331 1462 3385 motui
1513 3331 1760 3402 quidem,
1798 3336 1956 3404 quies

375 3430 678 3484 secundum
735 3426 953 3490 locum;
1007 3433 1064 3479 at
1107 3434 1166 3479 ut
1212 3425 1499 3480 mutationi
1539 3427 1837 3481 secundum
1881 3427 1957 3482 lo-

369 3537 500 3574 cum
559 3519 786 3573 mutatio
834 3518 887 3571 in
934 3517 1271 3570 contrariqu
1312 3519 1520 3580 locum,
1559 3520 1706 3572 velut
1741 3518 1788 3572 ei
1836 3533 1958 3588 qua:

374 3620 460 3666 est
499 3614 550 3664 in
608 3609 868 3664 inferiora
911 3607 1072 3678 196
1102 3609 1190 3662 illa
1226 3624 1346 3678 quae
1381 3622 1466 3663 est
1515 3610 1580 3663 ad
1629 3610 1955 3681 superiora;

374 3705 424 3757 ei
451 3720 571 3773 quae
599 3713 684 3756 est
723 3702 789 3756 ad
823 3701 1067 3756 dextram
1104 3702 1195 3756 illa
1225 3717 1347 3772 qua:
1397 3712 1477 3756 est
1521 3703 1587 3757 ad
1618 3703 1898 3758 sinistram
1939 3721 1953 3772 ;

376 3798 425 3850 ei
489 3810 610 3865 quae
678 3804 762 3849 est
808 3796 873 3849 ad
938 3795 1200 3849 interiora
1236 3834 1251 3860 ,
1308 3795 1412 3850 huc
1461 3804 1546 3850 est
1594 3796 1661 3850 ad
1722 3797 1958 3851 anterio-

377 3907 460 3956 ra,
496 3890 586 3942 illa
638 3905 759 3958 quae
787 3897 873 3944 est
908 3888 974 3942 ad
1018 3887 1313 3954 exteriora,
1373 3889 1474 3943 hoc
1503 3896 1586 3944 est
1634 3890 1957 3958 posteriora,

376 3993 430 4037 et
479 3998 510 4037 e
567 3990 780 4037 contra.
832 3982 944 4037 Soli
993 3993 1176 4036 autem
1230 3983 1438 4037 caelesti
1497 3982 1666 4036 motui
1722 3998 1831 4036 non
1878 3993 1960 4040 est

377 4076 694 4130 contrarius
722 4074 923 4144 aliquis
941 4083 1144 4142 motus,
1175 4076 1284 4130 nisi
1311 4074 1434 4144 quis
1465 4090 1560 4130 eas
1589 4089 1708 4145 quae
1737 4083 1866 4130 sunt
1891 4077 1960 4132 ab

378 4169 596 4223 ortibus
623 4168 676 4221 in
712 4182 946 4224 occasus
972 4177 1027 4224 et
1057 4169 1254 4224 iterum
1295 4169 1362 4222 ab
1390 4169 1683 4224 occasibus
1708 4171 1763 4224 in
1799 4177 1960 4226 ortus

380 4262 636 4332 periodos
682 4260 933 4330 spharrae,
993 4261 1303 4316 contrarios
1341 4276 1462 4316 esse
1496 4273 1677 4318 motus
1708 4263 1961 4320 evincere

383 4354 636 4410 voluerit.
678 4354 747 4408 Et
797 4353 1054 4409 alteratio
1089 4369 1218 4409 vero
1268 4363 1325 4408 ut
1361 4355 1600 4411 mutatio
1653 4356 1957 4412 secundum

380 4448 542 4520 quale
593 4447 926 4502 contrariam
975 4447 1199 4503 habebit
1253 4449 1638 4516 mutationem,
1698 4465 1820 4522 quae
1877 4461 1963 4509 est

2062 3227 2149 3279 ἀεί
2181 3242 2195 3258 ο
2228 3229 2294 3296 τῇ
2328 3225 2470 3280 κατὰ
2519 3227 2686 3280 τόπον
2725 3223 3023 3294 μεταϐολῇ,
3067 3223 3142 3285 ὡς
3177 3224 3278 3292 μέν
3330 3221 3562 3288 κινήσει,
3603 3220 3637 3288 ὴ

2062 3321 2204 3375 κατά
2237 3321 2405 3374 τόπον
2431 3320 2641 3390 ήρεμία
2668 3335 2682 3348 ·
2715 3320 2790 3381 ὠς
2813 3317 2868 3370 δέ
2901 3317 3042 3371 κατὰ
3069 3317 3234 3370 τόπον
3269 3313 3573 3385 μεταϐολῇ,
3604 3313 3636 3382 ή

2060 3416 2143 3477 εἰς
2173 3416 2264 3467 τὸν
2307 3412 2685 3481 ἀντικείμενον
2733 3411 2898 3463 τόπον
2936 3408 3208 3479 μεταϐολή
3241 3423 3254 3437 °
3287 3403 3420 3472 οἷον,
3444 3407 3511 3478 τῇ
3547 3405 3641 3457 ἐπὶ

2060 3511 2128 3564 τὰ
2188 3510 2338 3563 κάτω
2375 3509 2407 3577 ή
2442 3508 2533 3561 ἐπὶ
2566 3507 2634 3561 τὰ
2684 3505 2796 3560 ἄνω
2821 3522 2836 3538 ⁸
2866 3506 2958 3561 καὶ
2992 3507 3058 3576 τῇ
3093 3506 3185 3557 ἐπὶ
3221 3504 3288 3558 τὰ
3317 3503 3430 3557 ἄνω
3488 3504 3522 3573 ή
3551 3502 3642 3554 ἐπὶ

2062 3606 2130 3658 τὰ
2165 3607 2316 3656 κάτω
2340 3619 2354 3634 ⁸
2387 3605 2453 3672 τῇ
2491 3603 2569 3664 είς
2600 3598 2749 3666 δεξιὰ
2807 3601 2840 3671 ή
2875 3599 2955 3660 είς
2995 3597 3277 3670 ἀριστερὰ,
3305 3597 3400 3650 καὶ
3446 3597 3511 3665 τῇ
3563 3597 3642 3656 είς

2063 3697 2330 3769 ἀριστερὰ
2390 3697 2422 3767 ή
2460 3695 2537 3758 εἰς
2587 3694 2739 3757 δεξιά
2764 3709 2779 3724 ο
2813 3695 2881 3764 τῇ
2913 3692 3004 3744 ἐπὶ
3037 3692 3106 3746 τὰ
3141 3690 3270 3754 ἔσω,
3294 3688 3542 3742 τουτέστι
3573 3689 3643 3740 τὰ

2063 3793 2398 3863 ἔμπροσθεν,
2434 3791 2468 3860 ή
2499 3789 2592 3840 ἐπὶ
2621 3789 2690 3841 τὰ
2714 3787 2839 3853 ἔξω,
2871 3787 2939 3840 τὰ
2986 3786 3212 3838 ὄπισθεν
3240 3801 3253 3814 ·
3289 3784 3382 3836 καὶ
3431 3782 3643 3836 ἀνάπαο

2063 3887 2166 3941 λιν.
2194 3885 2348 3956 Μόνη
2377 3883 2432 3937 δέ
2459 3886 2525 3954 τῇ
2578 3881 2815 3952 οὐρανίῳ
2864 3881 3078 3951 κινήσει
3114 3881 3215 3933 οὐκ
3244 3879 3391 3932 ἐστιν
3421 3877 3643 3930 ἐναντία

2063 4000 2146 4046 τις
2181 3982 2415 4050 κίνησις,
2443 3982 2489 4033 εί
2519 3979 2596 4049 μή
2636 3995 2720 4041 τις
2744 3978 2842 4040 τὰς
2880 3976 2938 4041 ἐξ
2973 3975 3252 4029 ἀνατολῶν
3287 3976 3367 4038 είς
3405 3971 3640 4042 δυσμὰς,

2064 4072 2161 4126 καὶ
2211 4070 2376 4125 πάλιν
2414 4071 2480 4122 ἐκ
2529 4069 2752 4139 δυσμῶν
2795 4068 2879 4130 είς
2922 4066 3190 4130 ἀνατολὰς
3227 4065 3508 4136 περιόδους
3538 4064 3642 4134 τῆς

2068 4165 2302 4236 σφαίρας
2336 4164 2586 4228 ἐναντίας
2617 4159 2758 4216 εἶναι
2801 4162 3047 4232 κινήσεις
3099 4159 3365 4231 βιάσοιτσ.
3409 4160 3519 4212 Καὶ
3550 4159 3646 4213 ἁλ-

2065 4261 2281 4325 λοίωσις
2314 4259 2390 4324 δὲ,
2414 4258 2490 4322 ὡς
2543 4259 2645 4330 μὲν
2696 4256 2970 4327 μεταϐολή
3003 4254 3144 4309 κατὰ
3179 4255 3239 4309 τὸ
3273 4254 3448 4320 ποιὸν,
3489 4256 3646 4307 ἐναν-

2065 4358 2189 4411 τίαν
2215 4353 2327 4419 ἓξει
2355 4353 2456 4424 τὴν
2495 4351 2574 4415 είς
2604 4349 2913 4404 τούναντίον
2957 4347 3052 4403 τοῦ
3093 4348 3248 4402 ποιοῦ
3294 4345 3604 4418 μεταϐολήν
3627 4360 3644 4376 ο

2067 4448 2140 4511 ὡς
2176 4450 2211 4519 ή
2241 4446 2528 4506 λεύκανσις
2559 4443 2660 4515 τήν
2696 4442 2955 4514 μέλανσιν
3001 4443 3100 4496 καὶ
3133 4443 3166 4512 ή
3204 4440 3364 4512 ψύξις
3389 4442 3488 4507 τὴν
3523 4439 3647 4507 Οερ-

383 4544 438 4595 iu
471 4540 652 4611 qualis
685 4541 1051 4606 contrarium,
1092 4549 1154 4594 ut
1195 4539 1469 4596 dealbatio
1520 4543 1950 4616 denigrationem

2071 4555 2294 4612 μανσινο
2321 4538 2394 4602 ὡς
2424 4538 2640 4607 κίνησις
2674 4536 2730 4589 δέ
2779 4535 2915 4605 πρὸς
2943 4535 3043 4606 τὴν
3069 4533 3214 4589 κατὰ
3234 4535 3293 4590 τὸ
3330 4533 3484 4588 ποιὸν
3512 4534 3643 4604 ἡρεσ

382 4643 438 4687 et
465 4630 769 4702 frigefactio
791 4629 1204 4685 calefactiouem
1229 4645 1248 4700 ς
1278 4639 1338 4683 ut
1369 4640 1550 4688 motus
1581 4642 1762 4688 autem
1791 4633 1962 4704 quieti

383 4727 684 4780 secundum
719 4724 878 4794 quale
909 4722 1360 4778 contrariabitur.

454 4820 545 4873 27.
586 4818 661 4872 De
700 4826 850 4872 motu
888 4827 1072 4871 autem
1123 4801 1178 4871 et
1212 4820 1277 4871 de
1311 4815 1496 4886 quiete
1531 4817 1854 4886 posterioris
1891 4819 1963 4874 li-

385 4914 467 4968 bri
503 4913 742 4968 secundo
790 4919 844 4967 et
873 4913 1064 4980 quinto
1094 4909 1361 4978 capitibus
1386 4911 1696 4966 accuratius
1725 4927 1966 4969 comme-

386 5008 706 5061 morabitur.

2072 4635 2199 4707 μίαν
2238 4631 2718 4702 ἐναντιωθήσεται.

2144 4812 2248 4880 κζ’.
2275 4814 2409 4884 Περὶ
2432 4811 2703 4883 κινήσεως
2741 4808 2797 4862 δέ
2830 4808 2922 4863 καὶ
2955 4808 3190 4878 ἠρεμίας
3222 4805 3650 4873 ἐξεταστικὼτε-

2075 4928 2166 4982 ρον
2217 4911 2273 4962 ἐν
2318 4906 2396 4978 τῷ
2438 4907 2678 4976 δευτέρῳ
2706 4901 2896 4974 βιϐλίῳ
2928 4903 3070 4955 κατὰ
3097 4901 3158 4954 τὸ
3184 4902 3444 4970 τέταρτον
3477 4902 3656 4969 xeo-ti-

2072 5007 2240 5067 λαιον,
2267 5002 2361 5055 καί
2391 5017 2453 5068 γε
2485 5000 2545 5052 τὸ
2571 4999 2819 5067 πέμπτον
2858 4994 3361 5067 ὐπομνησθήσεται.

1065 5097 1276 5168 Σχῆμα
1329 5103 1544 5168 respuat.
1569 5098 1682 5167 κη’,
1715 5102 1849 5169 περὶ
1893 5102 2071 5157 ποιοῦ
2098 5116 2112 5131 ·
2147 5099 2215 5151 ὲν
2250 5089 2298 5162 ᾧ
2328 5096 2426 5150 καὶ
2457 5094 2594 5164 περὶ
2633 5093 2956 5158 κινήσεως-

1261 5194 1490 5273 σξιγμή.

1262 5282 1378 5330 νυν,

1261 5339 1448 5404 μονάς,

672 5268 891 5322 νΛποσα

1163 5195 1188 5398 l

630 5688 735 5743 Τοῦ
769 5689 935 5745 ποσοῦ
1180 5535 1209 5918 ξ

1242 5869 1296 5921 τὸ
1319 5866 1373 5920 δὲ
1401 5870 1778 5937 ὅιωρσμένον,
1807 5869 1832 5920 ὅ
1861 5869 1974 5920 ἐστι

1183 5942 1208 5989 \
1514 5939 1712 6010 πλῆθος

1262 5619 1322 5671 τδ
1377 5614 1474 5686 μὲν
1529 5615 1751 5683 συνεχὲς
1798 5615 1824 5667 ὃ
1859 5617 1972 5669 ἐστι

1505 5689 1735 5757 μέγεθος

2022 5444 2052 5790 l

2107 5437 2288 5505 σῶμα,

2107 5507 2337 5592 ἐπιφὰνε
2349 5521 2421 5568 ια,

2103 5595 2365 5664 γραμμην

2107 5667 2289 5710 τοπος,

2111 5721 2322 5787 χρόιος.

2105 5862 2361 5931 ἀριθμὸς,

2107 5934 2288 6002 λόγος.
