3872 6478
185 376 295 452 8ίῦ

1507 358 1847 435 Epirotis
1890 357 2192 431 LOGICA.

3339 347 3448 421 8L6

255 510 325 575 γ’.
347 502 650 576 Διαιρεῖται
684 498 741 556 δὲ
782 499 814 572 ἡ
852 496 1075 569 ποιότης
1105 495 1185 560 είς
1216 492 1330 560 ἕξιν
1364 491 1457 546 καὶ
1496 489 1739 545 διάθεσιν
1763 500 1775 515 '
1809 538 1810 541 η

1953 482 2006 539 5.
2042 480 2293 550 Qualitas
2320 482 2450 535 vero
2481 476 2739 535 dividitur
2762 477 2817 533 in
2851 475 3097 534 habitum
3128 487 3181 535 et
3214 476 3453 550 disposi-

185 601 268 665 είς
299 600 532 668 δύναμιν
563 596 654 651 καὶ
684 592 985 664 ἀδυναμίαν
1007 607 1021 623 ⁸
1053 590 1137 656 είς
1176 588 1349 653 πάθος
1394 586 1490 640 καὶ
1542 581 1777 654 παθητι-

186 694 295 764 κὴν
327 694 590 761 ποιότητα
618 706 632 722 ⁸
665 690 758 743 καὶ
792 686 873 750 είς
902 682 1214 767 σχῆμακαὶ
1250 680 1490 752 μορφήν.

270 786 327 840 δ’.
361 785 567 849 Ἐξεως
609 784 708 854 μὲν
745 777 839 834 οὖν
867 781 961 833 καὶ
1008 776 1303 839 διαθέσεως
1330 774 1500 847 όνομα
1537 768 1714 825 κοινὸν
1743 769 1776 839 ἡ

189 879 453 943 διάθεσις.
508 879 812 950 Διαιρεῖται
837 874 944 946 γὰρ
975 874 1009 946 ἡ
1040 871 1280 936 διάθεσις
1319 871 1398 932 είς
1425 884 1484 921 τε
1510 867 1608 938 τὴν
1638 864 1775 931 ἕξιν,

190 973 286 1026 καὶ
340 970 438 1042 τὴν
494 969 805 1040 ὁμωνύμως
843 965 922 1037 τῷ
963 962 1127 1039 κοινῷ
1186 960 1532 1030 καλουμένην
1586 954 1778 1011 διάθεὲ-

194 1082 303 1119 σιν.

265 1161 325 1210 ε’.
357 1152 425 1207 Αἰ
456 1153 549 1206 καὶ
576 1152 925 1221 διαφέρουσιν
971 1139 1239 1219 ἀλλήλων,
1267 1145 1345 1217 τῷ
1378 1144 1477 1217 τὴν
1515 1140 1637 1215 μὲν,
1659 1140 1780 1214 ἦτοι

191 1250 291 1319 τὴν
320 1247 436 1312 ἕξιν
492 1244 849 1316 πολυχρόνιον
877 1246 973 1300 xci.
1025 1240 1348 1311 δυσκίνητον
1388 1236 1547 1303 εἶναι,
1580 1236 1677 1308 τὴν
1702 1235 1779 1300 δὲ,

193 1344 294 1408 τὴν
322 1341 582 1405 διάθεσιν,
606 1339 972 1410 ὀλιγοχρόνιον
1004 1338 1097 1394 καὶ
1120 1335 1406 1405 εὐκίνητον
1435 1350 1449 1365 ⁸
1479 1334 1512 1402 ἡ
1542 1330 1642 1403 μὲν
1671 1328 1780 1399 γὰρ

194 1434 433 1495 διάθεσις
465 1426 577 1485 οἷον
614 1430 733 1499 ἕξις
782 1411 933 1485 ἐστὶν
981 1429 1208 1499 ἀπαγὴς
1238 1445 1251 1459 ⁸
1296 1427 1331 1498 ἡ
1363 1425 1408 1479 δ’
1450 1423 1561 1492 ἕξις
1595 1438 1773 1493 nem;-

196 1528 326 1594 γυῖα
357 1524 616 1597 διάθεσις,
651 1524 747 1592 καί
776 1520 1193 1594 δυσμόχλευτος-

273 1809 350 1870 ς’.
384 1802 539 1869 Ἐξις
585 1801 878 1875 τοιγαροῦν
909 1804 1026 1857 ἐστι
1059 1803 1282 1873 ποιότης
1312 1786 1783 1867 δυσαπάλλακτος,

203 1896 524 1969 τελειωτικὴ
561 1896 684 1967 μὶν,
712 1896 789 1960 ὡς
820 1896 1100 1965 ἐπιστήμη
1134 1894 1229 1949 καὶ
1267 1894 1461 1965 ἀρετὴ.
1486 1893 1579 1946 καὶ
1610 1894 1789 1957 ἀσφαο

203 1989 304 2060 λης
366 1990 587 2058 ὑγίεια·
639 1982 925 2057 κακωτικὴ
969 1988 1046 2055 δὲ,
1089 1987 1166 2051 ὡς
1198 1990 1225 2041 ὁ
1259 1988 1475 2049 ἐκτικδς
1535 1985 1789 2052 πυρετός.

206 2081 416 2136 Αὐτίκα
446 2082 556 2151 γὰρ
594 2082 628 2152 ὴ
657 2079 939 2151 ἐπιστήμη
984 2079 1087 2131 οὐκ
1132 2077 1199 2133 ἂν
1248 2075 1587 2147 ἀποσληθείη
1624 2076 1795 2146 χωρὶς

212 2174 458 2245 μεγάλης
513 2172 839 2244 μεταϐολῆς,
870 2172 971 2228 εἷθ’
1002 2171 1107 2226 ὑπὸ
1139 2172 1296 2225 νόσου
1355 2171 1669 2240 γεγονυίας,
1693 2167 1793 2221 εἴθ’

211 2265 319 2321 ὕπὸ
350 2265 612 2337 συνεχοῦς
644 2264 946 2337 ῥᾳθυμίας,
972 2262 1074 2317 εἴθ’
1103 2263 1209 2339 ὑπό
1239 2279 1384 2323 τινος
1417 2259 1579 2314 ἄὶλου
1619 2257 1797 2311 τοιού-

210 2370 306 2416 του
330 2360 529 2414 αἰτίου.
552 2354 659 2413 Τὸν
688 2358 852 2412 αὑτὸν
881 2355 1082 2428 τρόπον
1099 2356 1198 2409 καὶ
1227 2354 1419 2427 ἁρετὴ,
1446 2352 1793 2424 σωφροσύνη,

211 2452 550 2523 δικαιοσύνη,
576 2454 671 2506 καὶ
701 2450 837 2522 ἄλλη
877 2452 1051 2514 πᾶσα,
1082 2451 1185 2503 οὐκ
1213 2448 1361 2502 ἔστιν
1393 2446 1797 2518 εὐαπόὸλητος,

212 2548 325 2601 οὐδ’
355 2546 661 2614 εὐκίνητος.
705 2543 983 2607 Ὦσαύτως
1012 2542 1106 2595 καὶ
1136 2542 1169 2612 ἡ
1203 2543 1432 2610 μόνιμος
1478 2537 1661 2606 ὑγίεια
1705 2536 1799 2590 καὶ

216 2641 253 2711 ἠ
288 2638 468 2711 πο).λῷ
492 2638 673 2712 χρόιῳ
705 2639 870 2691 οἱονεὶ
916 2636 1307 2705 πεφυσιωμένη
1340 2634 1515 2695 νόσος.

290 2899 356 2974 ζ’.
384 2908 633 2969 Διάθεσις
658 2906 716 2961 δέ
752 2909 901 2960 ἔστιν
931 2907 965 2978 ἠ
990 2909 1069 2970 εἰς
1103 2906 1219 2973 ἒξιν
1257 2893 1454 2976 όδδς,ἥ
1487 2905 1579 2958 καὶ
1612 2903 1699 2957 διὰ
1746 2908 1807 2957 τὸ
1866 2961 1873 2968 ,

225 3005 392 3073 μήπω
420 3002 609 3056 στάσιν
638 3001 935 3072 ἐσχηκέναι
958 3002 1068 3054 τῶν
1098 3000 1408 3069 εὐκινήτων
1434 2999 1552 3052 ἐστὶ
1580 2997 1806 3052 καὶτῶν

222 3094 651 3164 σύμεταὸλήτων
673 3110 687 3125 ⁸
719 3092 797 3155 ὥς
825 3096 857 3164 ὴ
897 3094 1192 3165 ἐπίκτητος
1249 3092 1431 3165 θέρμη
1492 3094 1587 3146 καὶ
1619 3092 1803 3163 ψύξις,

226 3187 323 3240 καὶ
354 3188 387 3258 ἡ
414 3185 670 3250 ἀϐέϐαιος
695 3184 859 3253 ὑγεία
894 3186 991 3238 καὶ
1027 3184 1064 3256 η
1102 3182 1280 3246 νόσος.

298 3373 370 3438 η’.
408 3367 633 3436 Ἕτερον
659 3361 812 3432 ,εἷδος
848 3366 1157 3436 ποιότητος,
1197 3356 1431 3437 δύναμις
1470 3366 1568 3419 καὶ
1610 3365 1808 3420 ἀδυνα-

230 3463 356 3534 μία.
567 3451 580 3464 ’

304 3555 370 3614 θ’.
403 3555 647 3627 Δύναμιν
675 3554 734 3611 δέ
760 3556 825 3627 γέ
855 3562 1038 3627 φαμὲν
1070 3557 1131 3611 οὗ
1166 3556 1265 3627 τὴν
1292 3554 1479 3628 κοινὴν
1510 3555 1814 3625 ἐπιτηδειό-

229 3667 397 3720 τητα,
417 3651 539 3706 καθ’
563 3650 631 3722 ἦν
661 3650 797 3722 πρὸς
837 3650 1020 3714 πάσας
1049 3650 1150 3712 τὰς
1178 3649 1374 3719 τέχνας
1402 3649 1637 3717 δύναμιν
1666 3648 1814 3718 ἔχειν

236 3744 443 3811 πάντες
469 3742 748 3813 ἂνθρωποι
790 3741 1046 3812 λόγονται
1075 3741 1333 3812 φυσικὴν,
1366 3741 1502 3796 ἀλλὰ
1528 3742 1628 3814 τὴν
1669 3743 1814 3807 ίδίως

238 3835 551 3907 προσοῦσαν
588 3837 818 3906 εὐφυΐαν
856 3836 1077 3907 ἑκάστῳ
1109 3836 1220 3890 τινὶ
1251 3838 1389 3907 πρὸς
1425 3836 1544 3889 τόδε
1576 3853 1629 3890 τι
1654 3853 1668 3868 ⁸
1693 3836 1818 3906 ητις

239 3933 442 4000 εὐφυΐα
470 3932 563 3986 καὶ
624 3933 766 4002 αὐτὴ
809 3931 1059 4002 φυσικῶς
1104 3932 1387 4004 προσεῖναι
1430 3930 1674 4001 λέγεται.
1707 3931 1822 3985 Καὶ

238 4027 277 4098 ἡ
306 4027 503 4096 κρᾶσις
531 4025 639 4097 γὰρ
690 4024 854 4096 φύσις
900 4018 1230 4097 ὀνομάζεται
1270 4026 1495 4096 μερική.
1530 4019 1688 4079 Κατὰ
1722 4026 1822 4095 τὴν

241 4118 504 4190 τοιαύτην
554 4117 791 4189 δύναμιν
831 4117 932 4190 τὴν
985 4121 1081 4172 ἐπὶ
1125 4119 1328 4190 μέρους
1380 4118 1613 4189 λέγομέν
1669 4133 1823 4184 τινας

242 4213 570 4280 πυκτικοὺς,
614 4212 648 4280 ἢ
698 4211 1075 4283 δρομικοὺς,ἦ
1110 4211 1406 4281 ὑγιεινοὺς,
1437 4211 1471 4283 ἢ
1522 4211 1777 4275 νοσώδεις
1804 4224 1821 4245 ⁸

244 4305 324 4377 τῷ
368 4305 493 4370 τοὺς
528 4305 627 4376 μὶν
660 4305 805 4375 ἔχειν
854 4305 1110 4375 ἀφορμὰς
1157 4305 1399 4372 φυσικὰς
1422 4288 1521 4358 ἐίς
1551 4305 1612 4358 τὸ
1642 4306 1827 4370 καλῶς

245 4402 552 4473 ὲξασκῆσαι
583 4401 683 4474 τὴν
713 4402 1013 4471 πυκτικὴν,
1046 4403 1171 4464 τοὺς
1200 4400 1258 4455 δὲ
1292 4401 1459 4456 πάλιν
1501 4402 1604 4473 τὴν
1640 4401 1830 4475 δρομιο

245 4497 353 4567 κήν
373 4510 389 4526 ⁸
419 4496 517 4551 καὶ
546 4496 672 4560 τοὺς
702 4496 803 4566 μὲν
857 4495 1157 4565 κεκτῆσθαι
1191 4494 1426 4565 δύναμιν
1456 4495 1717 4569 φυσικὴν,
1744 4497 1829 4562 είς

252 4588 313 4640 τὸ
348 4586 422 4656 μὴ
449 4587 680 4656 πάσχειν
712 4585 909 4658 ῥᾳδίως
951 4588 1056 4640 οπο
1087 4587 1198 4641 τῶν
1232 4588 1504 4657 τυχόντων
1530 4588 1626 4642 καὶ
1652 4603 1832 4659 παρα-

249 4678 591 4734 ϐλάτιτεσθαι
609 4692 622 4707 ⁸
647 4678 773 4742 τοὺς
801 4678 856 4732 δὲ
883 4678 984 4749 τῆς
1015 4678 1273 4745 τοιαύτης
1300 4678 1626 4753 ἐστερῆσθαι
1667 4678 1831 4734 δυνά-

255 4788 424 4841 μεως.
450 4770 608 4824 Οὕτω
661 4771 884 4839 λέγεται
938 4772 1036 4824 καὶ
1074 4771 1135 4823 τὸ
1167 4770 1423 4841 σκληρὸν,
1452 4772 1547 4827 καὶ
1571 4772 1631 4825 te
1657 4773 1832 4842 μαλα-

252 4858 353 4914 κόν
378 4876 393 4891 ⁸
422 4860 483 4914 τὸ
516 4860 615 4929 μὲν
641 4859 871 4931 δύναμιν
895 4861 1040 4932 ἔχειν
1063 4860 1159 4916 τοῦ
1184 4862 1261 4932 μὴ
1289 4862 1589 4931 τέμνεσθαι
1606 4863 1828 4936 ῥᾳδίως

254 4950 319 5004 τὸ
345 4950 403 5004 δὲ
440 4950 681 5022 μαλακὸν
720 4952 857 5023 πρὸς
891 4952 1050 5007 τοῦτο
1080 4953 1387 5019 ἀδυνατεῖν.

1881 577 2113 640 tionem,
2140 574 2194 629 in
2224 573 2522 645 potentiam
2554 581 2610 629 et
2625 573 3026 644 impotentiam,
3056 573 3109 627 in
3140 573 3452 642 passionem

1878 681 1931 726 et
1969 669 2286 741 passibilem
2313 668 2657 738 qualitatem,
2683 666 2817 723 etin
2838 666 3065 737 figuram
3101 679 3162 720 ac
3200 664 3453 719 formam.

1952 768 2005 821 4.
2046 765 2347 836 Dispositio
2383 764 2539 833 proin
2578 764 2800 833 quidem
2859 763 3078 817 habitus
3128 766 3181 816 et
3215 760 3456 828 disposi-

1883 859 2046 915 tionis
2073 874 2367 915 commune
2398 873 2594 913 nouten
2620 866 2727 910 est.
2781 855 3049 909 Dividitur
3078 853 3223 908 enim
3276 853 3460 922 dispo-

1884 955 2013 1012 sitio
2060 961 2114 1010 et
2144 952 2200 1009 in
2229 952 2473 1008 ltabitnm
2508 960 2563 1006 et
2595 951 2648 1005 in
2681 949 3098 1019 dispositionem
3130 960 3254 1019 qua:
3284 949 3458 1019 aequi-

1884 1064 2017 1105 voee
2051 1064 2176 1104 cum
2211 1047 2491 1104 communi
2533 1044 2824 1116 dispositio
2861 1054 3113 1098 vocatur.

1955 1142 2117 1213 202
2154 1141 2208 1197 5.
2248 1142 2377 1208 Quae
2407 1141 2569 1196 etiam
2598 1152 2628 1194 a
2656 1154 2719 1199 se
2744 1137 2975 1194 invicem
3005 1135 3283 1202 diﬂ‘erunt,
3309 1136 3456 1207 quod

1887 1236 1979 1291 ille
2043 1236 2287 1308 quidem,
2336 1236 2451 1290 sive
2508 1231 2732 1311 babitns
2790 1231 3080 1287 diuturnus
3134 1230 3201 1284 sit
3237 1240 3294 1285 et
3326 1229 3466 1285 difﬁc

1887 1329 2062 1385 culter
2093 1328 2335 1383 amoveri
2373 1327 2583 1396 possit;
2622 1326 2737 1380 haec
2770 1311 2953 1381 autem
3001 1323 3116 1378 sive
3147 1322 3462 1394 dispositio,

1886 1422 2067 1491 exigui
2100 1422 2172 1479 sit
2206 1422 2469 1491 temporis
2503 1428 2560 1476 et
2587 1421 2742 1475 facile
2764 1419 3008 1475 amoveri
3041 1418 3234 1488 possit.
3262 1417 3463 1487 Dispo-

1888 1516 2018 1572 sitio
2066 1517 2210 1572 enim
2256 1516 2469 1586 quidem
2520 1522 2606 1570 est.
2660 1513 2878 1569 habitus
2927 1512 3073 1568 velut
3108 1511 3330 1567 habitus
3378 1518 3466 1566 est

1890 1624 2000 1665 non
2043 1607 2236 1664 firmus
2295 1606 2551 1672 habitus;
2585 1605 2805 1661 habitus
2835 1620 2983 1671 vero,
3036 1615 3119 1661 est
3178 1604 3466 1671 dispositio

1892 1698 2100 1753 firmata
2129 1704 2185 1752 et
2217 1712 2337 1769 qua:
2366 1697 2651 1753 dilIiculter
2676 1698 2893 1755 extrudi
2922 1704 3107 1770 queat.

1958 1788 2014 1845 6.
2050 1787 2279 1845 Habitus
2302 1789 2530 1861 proinde
2554 1790 2789 1862 qualitas
2804 1801 2910 1855 est,
2932 1806 3054 1862 quae
3074 1786 3355 1845 dimenlter
3374 1789 3471 1843 im-

1897 1883 2098 1939 mutari
2128 1891 2331 1954 potest.
2368 1884 2656 1955 perflciens
2684 1892 2778 1939 aut
2810 1885 2975 1939 etiant
3004 1883 3311 1952 depravatis
3339 1883 3472 1938 sub-

1893 1973 2124 2044 jectum.
2152 1971 2456 2030 Perliciens
2486 1974 2730 2045 quidem,
2768 1985 2826 2029 ut
2853 1975 3083 2030 scientia
3109 1984 3161 2030 et
3194 1978 3370 2031 virtus
3417 1983 3472 2029 et

1896 2072 2155 2135 constans
2185 2065 2413 2130 sanitas,
2450 2065 2762 2136 depravatis
2801 2076 3006 2129 autem,
3051 2077 3108 2121 ιιι
3146 2066 3312 2124 febris
3377 2068 3478 2143 he-

1905 2158 2070 2213 ctica.
2097 2157 2283 2229 Neque
2311 2159 2457 2213 enim
2487 2160 2716 2215 scientia
2747 2162 2934 2215 statim
2964 2160 3122 2229 abjici
3156 2168 3331 2231 potest
3356 2162 3476 2217 sine

1902 2270 2098 2321 magna
2125 2254 2449 2317 mutatione,
2481 2254 2598 2309 sive
2628 2269 2657 2308 a
2691 2255 2881 2311 morbo
2911 2265 3031 2309 orta
3066 2254 3250 2320 fuerit,
3285 2255 3401 2310 sive
3434 2268 3465 2308 a

1901 2345 2163 2402 continua
2195 2346 2435 2415 ignavia,
2469 2347 2585 2401 sive
2619 2347 2688 2402 ab
2725 2348 2830 2401 alia
2890 2346 3071 2417 aliqua
3109 2361 3274 2400 causa
3324 2347 3477 2415 ejus-

1903 2438 2134 2495 cemodi.
2184 2438 2452 2494 Eutntlem
2480 2437 2547 2493 ad
2588 2437 2807 2494 modum
2853 2440 3015 2493 etiam
3052 2438 3244 2505 virtus,
3278 2448 3485 2507 tempe-

1904 2532 2103 2595 rantia,
2154 2530 2389 2600 iustitia,
2418 2543 2472 2587 et
2506 2532 2714 2601 quaevis
2749 2532 2877 2598 alia,
2932 2547 3041 2586 non
3082 2540 3261 2602 potest
3318 2530 3478 2585 facile

1906 2624 2067 2693 abjici
2112 2634 2201 2678 aut
2238 2624 2537 2693 removeri.
2590 2618 2783 2681 Itidem
2830 2633 2883 2679 et
2917 2624 3129 2680 stabilis
3174 2625 3383 2679 sanitas
3418 2635 3475 2679 et

1907 2722 2155 2787 nim-bus,
2191 2720 2282 2790 qui
2314 2720 2479 2793 longo
2515 2732 2758 2791 tempore
2801 2718 2968 2776 veluti
3002 2718 3276 2775 naturalis
3296 2718 3483 2793 factus

1906 2823 2014 2869 οδι.

1982 2908 2036 2963 7.
2080 2908 2372 2979 Dispositio
2421 2920 2600 2965 autem
2652 2919 2736 2964 est
2783 2909 2869 2964 via
2923 2908 2991 2964 ad
3039 2908 3310 2972 habitum,
3364 2924 3485 2977 que

1911 3002 2074 3057 etiam
2102 3012 2385 3071 propterea
2413 3001 2558 3072 quod
2588 3010 2790 3057 statum
2818 3016 2927 3055 non
2949 3002 3140 3072 adepta
3171 2999 3268 3063 sit,
3295 3013 3484 3054 earum

1913 3105 1993 3149 est
2028 3109 2092 3150 ex
2127 3109 2360 3150 numero
2406 3108 2528 3163 quae
2565 3094 2722 3148 facile
2759 3093 2964 3149 moveri
3002 3102 3055 3148 et
3105 3093 3302 3148 mutari
3354 3107 3486 3161 posa

1831 3185 1879 3253 C
1913 3196 2042 3244 sunt
2094 3203 2109 3245 :
2152 3196 2210 3241 nt
2252 3187 2556 3257 acquisitus
2607 3188 2757 3243 calor
2800 3195 2854 3241 et
2908 3187 3104 3257 frigus,
3159 3196 3213 3242 et
3266 3186 3481 3241 inllrma

1914 3280 2173 3336 valetudo
2215 3280 2573 3351 morbosque.

1984 3373 2146 3446 203
2170 3373 2227 3432 8.
2262 3374 2381 3430 Alia
2411 3375 2620 3447 species
2666 3374 2945 3445 qualitatis
2983 3373 3375 3453 (est).potentia
3426 3382 3485 3429 et

1790 3488 1807 3496 δ
1915 3469 2258 3541 impotentia.

1986 3562 2040 3618 9.
2091 3561 2398 3619 Potentiam
2426 3572 2607 3618 autem
2623 3564 2858 3618 dicimus
2888 3562 3076 3631 utique
3106 3576 3216 3617 non
3245 3575 3494 3616 commit-

1918 3672 2042 3712 nem
2075 3655 2457 3723 aptitndinem,
2493 3672 2601 3727 qna
2633 3657 2697 3710 ad
2734 3671 2929 3710 omnes
2981 3664 3132 3712 artes
3186 3657 3485 3726 potentiam

1921 3750 2229 3806 naturalem
2263 3750 2464 3804 habere
2508 3764 2700 3804 omnes
2754 3748 3006 3804 homines
3050 3749 3312 3805 dicuntur
3351 3750 3494 3815 ;sed
3536 3757 3541 3761 '

1919 3861 2039 3901 eam
2090 3852 2299 3900 natura:
2349 3843 2644 3898 bonitatem
2703 3843 2777 3911 (et
2828 3841 3088 3911 indolem)
3124 3856 3245 3911 quae
3279 3832 3497 3911 proprie

1923 3938 2153 4010 singulis
2182 3936 2247 3993 ad
2283 3936 2387 3992 ltoe
2423 3935 2631 4007 aliquid
2660 3935 2835 4000 adest,
2877 3950 2998 4004 qum
3031 3942 3241 3991 natura
3284 3937 3501 3990 bonitas

1925 4034 2003 4102 (et
2031 4030 2264 4097 indoles)
2299 4028 2464 4083 etiam
2508 4028 2628 4097 ipsa
2663 4028 2989 4081 naturaliter
3030 4026 3223 4081 adesse
3270 4026 3497 4081 dicitur.

1927 4121 2060 4178 Nam
2095 4133 2151 4176 et
2179 4123 2357 4191 ipsum
2398 4128 2891 4190 temperamentum
2922 4118 3273 4188 particularis
3305 4129 3500 4174 natura

1928 4216 2257 4285 appellatur.
2293 4212 2612 4267 Secundum
2644 4211 2921 4281 ejusmodi
2958 4211 3352 4284 particularem
3398 4227 3500 4284 pn-

1931 4308 2154 4364 tentiam
2207 4307 2445 4363 dicimus
2484 4307 2697 4376 aliquos
2742 4307 3016 4376 pugilares
3072 4312 3189 4373 (seu
3231 4315 3386 4377 aptos
3432 4304 3498 4361 ad

1936 4400 2259 4473 pugilatum)
2293 4408 2388 4457 aut
2414 4412 2670 4457 cursores
2706 4402 2826 4468 (seu
2861 4409 3017 4469 aptos
3046 4399 3114 4454 ad
3150 4402 3503 4457 currendum)

1932 4502 2027 4550 aut
2054 4494 2297 4549 valentes
2333 4491 2452 4563 (seu
2479 4492 2686 4549 salubri
2725 4492 3003 4562 corpore),
3039 4501 3135 4548 aut
3165 4492 3504 4548 valetudina-

1939 4588 2098 4654 rios;
2138 4595 2424 4657 propterea
2471 4586 2617 4654 quod
2665 4585 2755 4640 alii
2816 4585 3036 4654 quidem
3091 4584 3362 4643 naturalia
3414 4584 3508 4640 lta-

1940 4682 2105 4736 beant
2151 4680 2396 4735 subsidia
2436 4679 2502 4734 ad
2547 4680 2683 4735 bene
2714 4679 3074 4735 exercendam
3127 4678 3509 4749 pugilatoriant

1943 4769 2186 4841 (artem),
2218 4770 2308 4825 alii
2344 4785 2474 4824 vero
2510 4772 2576 4827 ad
2626 4769 2962 4834 cursoriam,
2998 4767 3251 4839 quodque
3284 4767 3377 4823 alii
3419 4783 3515 4821 nas

1944 4865 2175 4923 turalem
2204 4863 2441 4919 habeant
2469 4863 2793 4932 potentiam.
2826 4873 2879 4919 ut
2906 4878 3013 4917 non
3045 4862 3207 4919 facile
3235 4862 3517 4931 patiantur

1943 4966 2039 5014 aut
2085 4956 2350 5012 laedantur
2379 4970 2411 5007 a
2462 4954 2818 5023 quibusltbut.
2881 4955 2973 5008 alii
3030 4963 3211 5008 autem
3242 4934 3515 5022 ejusmodi

262 5045 503 5114 potentia
563 5044 759 5115 privati
797 5046 927 5101 sint.
987 5046 1065 5100 Ita
1102 5047 1267 5101 etiam
1321 5047 1521 5102 durum
1576 5058 1636 5103 et
1703 5052 1867 5108 molle
1909 5052 2135 5113 dicitur.
2192 5050 2325 5104 illud
2382 5050 2604 5119 quidem
2662 5059 2961 5118 potentiam
3018 5049 3220 5103 bal-ere
3280 5054 3337 5101 ttt
3409 5061 3517 5101 non

259 5137 424 5211 facile
457 5150 671 5193 secetur
702 5154 718 5204 ;
757 5137 861 5193 Itoe
897 5150 1100 5205 autem,
1133 5141 1296 5194 tnolle
1331 5140 1641 5209 (nimirum)
1678 5143 1743 5196 ad
1776 5145 1827 5199 id
1870 5145 2187 5213 impotentia
2218 5145 2506 5213 llabnraz'e.

340 5238 391 5289 t'.
419 5232 616 5302 Τρίτον
662 5227 801 5295 εἶδος
832 5232 1140 5299 ποιότητος,
1176 5232 1457 5303 παθητικὴ
1491 5236 1714 5305 ποιότης
1748 5244 1841 5291 καὶ

2026 5236 2111 5293 10.
2148 5235 2331 5292 Tertia
2361 5237 2571 5305 species
2618 5232 2906 5304 qualitatis
2939 5233 3065 5304 (est)
3092 5233 3371 5302 passibilis
3402 5234 3519 5305 (seu

265 5325 457 5390 πάθος,
502 5323 538 5378 ὃ.
588 5324 679 5376 καὶ
714 5323 1068 5394 διαφέρουσιν
1128 5323 1415 5388 ἀλλήλων·
1447 5326 1527 5395 τῷ
1584 5327 1683 5396 τὴν
1742 5328 1807 5397 μὲ

1947 5328 2163 5398 passiva
2191 5323 2354 5401 204
2378 5326 2456 5377 vel
2491 5324 2675 5391 potius
2707 5323 2982 5392 passiliea,
3035 5321 3081 5376 si
3115 5326 3187 5373 ita
3226 5321 3411 5375 dicere
3462 5322 3526 5370 li-

266 5417 582 5488 παθητικὴν
613 5417 872 5487 ποιότητα
898 5415 1344 5487 συνεζευγμὲνην
1365 5416 1501 5471 εἶναι
1529 5415 1691 5473 πάθει
1713 5422 1841 5484 τινὶ,

267 5510 333 5562 τὸ
392 5506 677 5570 δὲ’πάθος
726 5506 843 5560 ὁδὸν
895 5502 1033 5560 εἶναι
1087 5509 1223 5577 πρὸς
1261 5509 1358 5578 τὴν
1392 5508 1649 5581 τοιαύτην
1695 5510 1846 5563 ποιό-

267 5613 440 5672 τητα·
466 5601 557 5655 καὶ
601 5599 701 5672 τὴν
734 5599 831 5670 μὲν
861 5598 917 5652 ἐν
956 5601 1035 5670 τῷ
1066 5602 1351 5668 γεγονέναι
1403 5606 1465 5654 τὸ
1510 5597 1651 5655 εἶναι
1679 5600 1843 5672 ἔχειν,

266 5697 332 5749 τὸ
370 5696 415 5746 δ’
447 5694 506 5745 ὲν
529 5691 605 5763 τῷ
636 5691 906 5759 γίνεσθαι.
956 5692 1021 5745 Ἠ
1065 5691 1163 5762 μὲν
1187 5688 1280 5746 οὖν
1310 5691 1596 5764 παθητικὴ
1629 5693 1847 5764 ποιότης

269 5791 384 5855 ἕξει
422 5785 694 5853 ἀναλογεῖ,
721 5786 961 5839 διαθέσει
992 5786 1049 5840 δέ
1082 5802 1145 5853 γε
1180 5786 1240 5838 τὸ
1267 5785 1460 5850 πάθος.

1947 5421 2119 5488 ceret)
2155 5394 2394 5489 qualitas
2426 5424 2479 5470 et
2528 5416 2735 5484 passio,
2770 5430 2890 5483 quae
2920 5416 3084 5469 etiam
3131 5429 3159 5466 a
3196 5427 3254 5468 se
3294 5412 3524 5477 invicem

1949 5514 2208 5569 differunt
2235 5512 2288 5565 in
2318 5527 2405 5576 eo,
2464 5510 2607 5580 quod
2658 5509 2931 5577 passibilis
2968 5507 3198 5577 qualitas
3232 5504 3525 5576 conjuncta

1953 5616 2039 5661 est
2070 5603 2317 5675 passioni
2360 5603 2517 5657 alicui
2561 5616 2577 5668 ;
2611 5601 2795 5670 passio
2830 5609 3010 5654 autem
3045 5600 3134 5654 via
3161 5607 3244 5653 est
3281 5599 3346 5650 ad
3380 5598 3511 5665 eiu-‘-

1960 5699 2105 5753 modi
2139 5696 2461 5767 qualitatem
2497 5707 2549 5749 et
2580 5694 2724 5762 quod
2771 5694 2884 5748 haec
2933 5691 3153 5762 quidem
3204 5691 3259 5746 in
3292 5705 3357 5744 eo
3384 5692 3525 5757 quod

1962 5794 2103 5843 facta
2145 5789 2218 5843 sit
2258 5804 2273 5853 ;
2317 5787 2407 5842 illa
2439 5787 2494 5842 in
2526 5802 2589 5842 eo
2624 5784 2771 5858 quod
2810 5784 2923 5851 fiat,
2966 5800 3089 5841 esse
3126 5783 3310 5838 habet.
3348 5781 3528 5835 Passi-

277 5887 407 5941 bilis
439 5886 669 5953 proinde
700 5881 937 5952 qualitas
972 5882 1180 5937 liabitui
1214 5898 1229 5950 ;
1260 5891 1315 5936 at
1340 5894 1468 5937 vero
1497 5880 1845 5952 dispositioni
1886 5885 2071 5954 passio
2102 5882 2457 5955 prOportione
2485 5883 2796 5953 respondet.
