3868 6362
445 318 547 388 δᾶἹ

1598 276 2021 388 ΝῐεΕΡΗοιιῐ
2060 327 2486 390 nmmum

3582 328 3690 397 ’848

510 439 595 492 ll.
636 435 962 506 Spei-lantur
990 442 1170 490 autem
1206 433 1365 490 ambo
1395 447 1502 489 non
1532 441 1739 491 tantum
1785 437 1972 493 in'ani

2181 441 2270 496 ια’.
2304 438 2648 511 Θεωροῦνται
2683 437 2728 493 δ’
2773 439 2963 511 ἄμφω.
2991 439 3068 513 μὴ
3116 440 3277 515 μόνον
3318 442 3376 497 ὲν
3404 443 3688 517 ἐμψύχοις,

439 534 604 590 matis
629 542 683 586 ut
736 530 954 586 habitus
1001 536 1053 585 et
1114 529 1425 602 dispositio,
1459 530 1554 587 sed
1589 533 1750 587 etiam
1787 534 1842 590 in
1879 535 1997 591 ina-

434 629 677 686 nimatis.

504 722 591 777 12.
626 720 789 776 Proin
833 717 1110 789 passibilis
1164 718 1386 789 quidem
1442 722 1679 792 qualitas
1713 721 1771 777 in
1828 721 2006 777 inani-

432 816 595 868 matis
629 810 822 880 triplex
877 818 981 863 est.
1026 806 1135 862 Aut
1191 808 1394 864 enima
1447 809 1707 881 passione
1758 825 1869 865 non
1922 819 2006 865 est

432 918 549 963 orta
602 905 844 977 quidem,
902 903 1213 975 passionem
1267 911 1450 960 autem
1493 904 1658 960 infert
1708 904 1866 960 nobis
1897 922 1911 972 ;
1944 911 2006 959 ut

430 1004 580 1059 calor
611 1002 777 1071 ignis.
816 998 918 1055 Hic
964 1000 1111 1056 enim
1144 998 1214 1054 ab
1245 998 1425 1071 aliqua
1459 1000 1712 1070 passione
1760 1015 1865 1055 non
1917 1007 2006 1057 est

427 1107 604 1162 ortus,
659 1092 1102 1166 quandoquidem
1167 1093 1486 1148 naturaliter
1537 1102 1589 1148 ct
1638 1094 2004 1149 essentialiter

417 1191 538 1262 igni
571 1190 712 1245 inest
739 1203 753 1252 ;
785 1185 942 1243 nabis
970 1194 1151 1241 tamen
1182 1185 1496 1256 passionem
1529 1184 1703 1249 affert,
1734 1186 1999 1240 calorem.

437 1286 474 1338 Α
493 1294 552 1339 ιιι
603 1283 767 1339 etiam
827 1297 858 1337 a
897 1280 1152 1351 passione
1176 1287 1260 1335 cst
1289 1289 1409 1334 orta
1439 1288 1493 1333 et
1522 1279 1796 1342 passionis
1831 1294 2000 1334 causa

428 1381 504 1447 fit,
542 1378 1002 1452 quemadmodum
1056 1375 1199 1446 juris
1231 1375 1498 1431 esculenti
1546 1373 1813 1430 suavitas.
1874 1371 2002 1428 llaec

425 1475 571 1531 enim
605 1483 655 1528 et
684 1488 711 1526 a
747 1471 1007 1540 passione
1040 1468 1375 1525 condimenti
1412 1477 1529 1523 orta
1559 1476 1664 1531 est,
1692 1473 1747 1522 et
1779 1476 1998 1537 gustum

424 1568 553 1622 dum
585 1567 703 1637 ejus
737 1565 794 1618 fit
829 1562 1105 1634 particeps
1154 1560 1427 1618 suavitate
1483 1558 1668 1615 allicit.
1722 1561 1830 1614 Aut
1879 1566 1998 1614 orta

422 1658 641 1731 quidem
667 1668 751 1714 est
791 1673 817 1710 a
852 1657 1127 1728 passione,
1159 1655 1470 1726 passionem
1492 1662 1670 1708 autem
1702 1650 1859 1707 nobis
1891 1665 1999 1706 non

423 1755 812 1809 communicat.
870 1747 1339 1816 Quemadmodum
1395 1746 1609 1801 colores
1661 1759 1722 1799 se
1770 1743 1996 1799 habent.

421 1848 557 1902 Cum
593 1844 738 1899 enim
758 1860 819 1899 ex
845 1843 1103 1911 passione
1132 1838 1631 1909 contemperatione
1659 1835 1822 1907 205
1841 1836 1995 1890 vidc-

420 1940 546 1995 licet
569 1937 698 1994 facti
718 1938 850 2000 sint,
891 1950 1000 1990 non
1031 1949 1138 1988 una
1175 1947 1360 1987 secum
1392 1930 1553 1986 etiam
1596 1944 1698 1984 nos
1729 1927 1995 1982 colorant.

499 2032 579 2088 15.
614 2029 732 2085 Etsi
761 2043 889 2084 vero
916 2025 1102 2082 album
1134 2023 1337 2080 dicitur
1371 2022 1687 2093 disgregare
1715 2031 1768 2076 et
1794 2019 1995 2075 diil‘un-

417 2125 547 2179 dere
586 2122 804 2177 visum:
836 2120 1053 2191 nigrum
1084 2130 1417 2188 congregare
1461 2124 1514 2169 et
1553 2111 1846 2183 colligere:
1886 2123 1993 2165 non

299 2191 302 2195 ’
416 2230 598 2273 tamen
633 2213 946 2284 passionem
1001 2196 1209 2265 faciunt
1262 2206 1749 2263 denominativam.
1802 2202 1993 2258 Album

415 2327 523 2365 non
579 2307 836 2374 dealbat;
870 2305 1087 2375 nigrum
1133 2316 1244 2357 non
1299 2298 1592 2369 denigrat:
1642 2293 1994 2367 quemadmo-

414 2406 542 2465 dum
585 2401 728 2475 ignis
787 2397 1039 2456 calefacit
1085 2403 1142 2451 et
1176 2393 1282 2451 mel
1326 2392 1511 2448 dulcat
1556 2406 1654 2447 seu
1705 2386 1993 2445 dulcedine

414 2496 615 2561 afficit;
676 2509 802 2551 cum
850 2491 943 2548 ille
994 2487 1213 2561 quidem
1260 2485 1489 2549 calidus,
1526 2484 1631 2539 hoc
1666 2497 1798 2539 vero
1833 2481 1993 2537 dulce

410 2591 504 2647 sit.
539 2589 632 2646 Sic
675 2588 846 2660 igitur
876 2584 931 2641 in
968 2580 1300 2639 .inanimatis
1352 2578 1646 2651 qualitates
1695 2574 1989 2647 passibiles

409 2688 758 2754 spectantur.
1256 2694 1259 2697 ν

479 2798 570 2852 ιι.
600 2796 663 2851 in
699 2793 958 2849 animatis
999 2800 1208 2858 autem,
1250 2796 1346 2844 aut
1384 2791 1686 2844 secundum
1722 2783 1986 2848 animam,

406 2901 505 2948 aut
560 2887 866 2947 secundum
925 2900 1128 2955 corpus
1189 2881 1725 2939 animadvertuntur.
1778 2875 1988 2933 Secun-

318 2984 323 2991 ’
410 2989 540 3041 dum
579 2996 809 3051 corpus,
867 2988 927 3033 ut
986 2975 1212 3047 nigredo
1274 2989 1397 3045 qua:
1451 2971 1773 3028 naturaliter
1833 2970 1989 3028 adest

404 3076 760 3147 Ethiopibus
786 3081 841 3128 et
868 3070 1049 3128 corvis
1074 3071 1222 3137 (nam
1251 3076 1306 3123 et
1325 3067 1439 3122 haec
1471 3080 1690 3137 quoque
1718 3080 1781 3120 ex
1804 3062 1985 3135 aliqua

2109 532 2300 602 ὥσπερ
2329 535 2360 605 ὴ
2394 532 2510 603 egi;
2563 532 2657 587 καὶ
2688 533 2723 605 ἠ
2754 531 3022 600 διάθεσις,
3045 533 3184 589 ἀλλὰ
3213 535 3308 591 καὶ
3341 538 3400 591 ὲν
3436 536 3686 610 ἀψύχοις.

2181 711 2351 784 ιβ’.Ἠ
2387 713 2488 786 μὲν
2513 711 2609 770 οὖν
2634 715 2694 770 ιν
2721 709 2950 788 ἀψύχοις
2967 717 3244 792 παθητικὴ
3268 720 3491 790 ποιότης
3516 724 3690 796 ὑπάρ-

2109 825 2192 879 χει
2207 810 2501 882 τριττή.Ἣ
2526 812 2636 882 γὰρ
2667 810 2775 866 ἀπὸ
2805 811 3013 887 πάθους
3043 814 3142 885 μὲν
3170 814 3270 870 οὐκ
3313 816 3554 887 ἐγένετο,
3584 818 3690 872 πά-

2110 902 2198 967 θος
2219 903 2265 957 δ’
2296 905 2430 976 ἡμῖν
2469 905 2799 978 ἔμποιεῖοώς
2821 907 2855 979 ἡ
2877 911 2972 962 τοῦ
3003 909 3175 981 πυρὸς
3214 908 3510 982 θερμότης·
3538 911 3679 982 αὕτη

2107 998 2217 1068 γὰρ
2246 999 2351 1052 άπό
2387 1016 2531 1063 τινος
2576 999 2676 1054 οὐκ
2719 1000 2942 1070 ἐγένετο
2985 1002 3229 1069 πάθουςο
3267 1005 3390 1059 ἐπεὶ
3435 1005 3688 1074 φυσικῶς

2107 1089 2202 1144 καὶ
2229 1090 2505 1153 ούσιωδῶς
2535 1088 2713 1145 ἔνεστι
2742 1090 2839 1163 τῷ
2864 1093 3037 1165 πυρί·
3081 1094 3237 1168 φέρει
3276 1096 3321 1150 δ’
3353 1097 3485 1169 ἡμῖν
3515 1096 3687 1161 πάθος

2105 1183 2203 1254 τὴν
2235 1183 2535 1254 θέρμανσιν
2558 1203 2573 1218 ·
2603 1185 2637 1256 ἢ
2666 1188 2761 1240 καὶ
2805 1187 2916 1242 ἀπὸ
2964 1187 3173 1250 πάθους
3206 1189 3421 1258 γέγονε,
3457 1191 3553 1245 καὶ
3584 1190 3691 1245 πά-

2107 1274 2233 1341 θους
2269 1277 2420 1331 αίτία
2454 1276 2665 1346 γίνεται
2690 1296 2705 1312 ο
2743 1278 2995 1352 καθάπερ
3029 1281 3185 1353 ἠτοῦ
3216 1282 3406 1352 ζωμοῦ
3454 1284 3679 1355 ἠδύτης·

2106 1367 2248 1439 αὕτη
2274 1370 2383 1440 γὰρ
2433 1371 2527 1425 καὶ
2554 1372 2685 1437 ἀπὸ]
2706 1372 2920 1438 πάθους
2950 1374 3052 1444 τῆς
3082 1379 3384 1449 καρυκείας
3428 1378 3675 1448 ἐγένετο,

2104 1462 2199 1516 καὶ
2229 1463 2332 1535 τὴν
2372 1461 2565 1533 γεῦσιν
2617 1465 2800 1537 ἡδύνει
2842 1468 3184 1542 μετεχομένη
3217 1485 3235 1503 ο
3267 1471 3302 1542 ἢ
3335 1470 3530 1540 γέγονε
3585 1472 3686 1543 μὲν

2104 1552 2211 1606 άπὸ
2265 1554 2491 1622 πάθους,
2525 1555 2587 1611 οὐ
2632 1557 2959 1626 μεταδίδωσι
2993 1560 3051 1614 δὲ
3102 1563 3195 1618 τοῦ
3248 1559 3458 1630 πάθους
3513 1567 3681 1638 ἡμῖν’

2101 1646 2176 1711 ὡς
2200 1646 2313 1719 ἔχει
2339 1649 2404 1703 τὰ
2429 1649 2725 1721 χρώματα.
2758 1655 2875 1709 Καὶ
2902 1656 3012 1726 γὰρ
3040 1658 3105 1711 ὲκ
3138 1658 3347 1724 πάθους
3393 1661 3683 1730 γεγονότα,

2102 1741 2203 1810 τῆς
2261 1743 2532 1811 κράσεως,
2603 1745 2666 1800 οὐ
2736 1751 3189 1823 συγχρωματίζει
3270 1753 3492 1819 ἑαυτοῖς
3584 1738 3682 1811 2&3.

2101 1836 2272 1907 ἡμᾶς.

2175 2022 2262 2086 ιγ’.
2291 2017 2350 2071 Ei
2373 2018 2430 2072 δὲ
2463 2019 2523 2074 τὸ
2548 2020 2742 2075 λευκὸν
2766 2021 2980 2093 λέγεται
3016 2025 3312 2100 διακρίνειν
3334 2030 3425 2084 καὶ
3440 2032 3684 2102 διαχέειν

2101 2107 2201 2179 τὴν
2253 2110 2401 2181 ὄψιν,
2456 2114 2769 2185 συγκρίνειν
2816 2115 2874 2170 δὲ
2929 2119 3026 2172 καὶ
3076 2120 3334 2191 συνάγειν
3362 2126 3421 2178 τδ
3452 2126 3629 2196 μέλαν
3660 2144 3678 2160 ο

2101 2200 2218 2256 ἀλλ’
2244 2204 2305 2257 οὑ
2338 2205 2555 2258 ποιοῦσι
2583 2207 2759 2274 πάθος
2806 2210 3144 2284 παρώνυμον
3169 2230 3184 2246 ·
3221 2217 3283 2270 οὐ
3312 2217 3590 2275 λευκαίνει
3616 2222 3681 2275 τὸ

2100 2296 2318 2365 λευκὸν,
2346 2299 2407 2352 οὐ
2459 2300 2706 2370 μελαίνει
2758 2304 2827 2384 τὸ
2883 2307 3090 2376 μέλαν’
3119 2311 3267 2366 καθά
3301 2313 3362 2367 τὸ
3403 2314 3515 2384 πῦρ
3549 2315 3680 2385 θερ-

2101 2390 2303 2459 μαίνει,
2324 2391 2504 2476 καὶτὸ
2539 2395 2660 2465 μέλι
2684 2396 2987 2466 γλυκαίνει·
3024 2403 3086 2456 τδ
3132 2405 3233 2474 μὲν
3267 2406 3470 2478 θερμὸν
3498 2410 3680 2482 ὑπάρ-

2095 2499 2213 2555 χον,
2245 2483 2306 2538 τδ
2358 2486 2415 2539 δὲ
2452 2486 2651 2556 γλυκύ.
2691 2490 2848 2547 Οὕτω
2907 2494 3009 2563 μὲν
3067 2496 3160 2553 οὖν
3214 2499 3273 2552 ὲν
3328 2501 3560 2574 ἀψύχοις
3611 2507 3673 2558 αί

2096 2577 2402 2648 παθητικαί
2422 2580 2755 2653 θεωροῦνται
2787 2587 3093 2659 ποιότητες.

2136 2777 2250 2885 ,ιδ’.
2295 2780 2486 2885 Ἐν.δὲ
2538 2786 2654 2849 τοῖς
2692 2787 3031 2885 εμψύχοιςῆ
3066 2797 3420 2871 κατὰ-ψυχὴν
3443 2802 3478 2874 ἦ
3526 2807 3676 2862 κατὰ

2094 2874 2256 2943 σῶμα
2287 2874 2675 2942 γινώσκονται.
2707 2881 2867 2935 Κατὰ
2907 2884 3066 2955 σῶμα
3104 2887 3224 2958 μὲν,
3251 2889 3328 2954 ὡς
3358 2894 3391 2964 ἡ
3422 2899 3675 2966 φυσικῶς

2093 2969 2377 3063 προσοῦσα
2408 2973 2637 3044 μελανία
2660 2978 2775 3041 τοῖς
2802 2978 3021 3052 Αἰθίοψι
3044 2986 3140 3038 καὶ
3165 2987 3280 3052 τοϊς
3308 2989 3506 3063 κόραξι
3530 3008 3546 3024 ·
3571 2995 3675 3048 καὶ

2091 3061 2229 3133 αὕτη
2268 3063 2379 3136 γὰρ
2431 3066 2494 3119 ἐκ
2534 3069 2695 3133 ποιᾶς
2747 3072 2997 3141 κράσεως
3047 3067 3236 3146 γέγονε
3287 3061 3397 3135 τῶν
3444 3084 3669 3154 χυμῶν,

407 3174 699 3228 humorum
779 3164 1180 3236 temperatione
1231 3160 1373 3217 facta
1441 3171 1559 3228 est;
1627 3157 1979 3229 quemadmo-

2094 3153 2282 3228 ὥσπερ
2305 3159 2399 3249 καὶ
2428 3160 2459 3229 ή
2489 3161 2555 3214 ἐκ
2598 3164 2826 3234 γενετῆς
2857 3165 3102 3239 ὠχρότης
3176 3172 3272 3226 καὶ
3318 3175 3621 3249 ἐρυθρότης
3652 3195 3671 3212 ο

406 3264 537 3320 dum
570 3273 622 3317 et
653 3260 975 3330 congenitus
1020 3255 1193 3326 pallor
1254 3262 1310 3311 et
1370 3254 1599 3317 rubedo,
1656 3250 1976 3316 secundum,

401 3374 523 3428 qum
571 3355 739 3425 aliqui
799 3364 855 3409 et
923 3349 1108 3420 pallidi
1167 3354 1222 3403 et
1292 3345 1411 3402 ruffi
1461 3345 1640 3401 vocati
1675 3342 1849 3414 sunt),
1884 3351 1980 3396 aut

403 3451 571 3505 etiam
608 3448 687 3504 illi
722 3446 955 3516 pallorcs
984 3451 1043 3498 et
1076 3440 1410 3513 nigredines,
1447 3452 1569 3510 quae
1604 3444 1822 3508 propter
1856 3436 1978 3490 lon-

397 3558 525 3616 gum
574 3543 851 3607 morbum,
896 3544 991 3593 aut
1051 3534 1472 3590 continuitatem
1507 3530 1814 3588 adustionis
1850 3545 1976 3601 per-

400 3644 684 3691 manentes
732 3641 787 3689 et
841 3629 1131 3687 difficulter
1185 3627 1414 3684 mobiles
1468 3625 1624 3681 fiunt.
1681 3617 1973 3680 Péssibiles

395 3736 578 3782 autem
608 3716 914 3781 secun'dum
935 3712 1181 3776 animam
1207 3718 1506 3789 qualitates
1537 3723 1688 3781 sunt,
1720 3721 1776 3768 ut
1821 3714 1972 3769 insa-

395 3821 482 3873 nia
518 3827 570 3873 et
602 3814 885 3873 iracundia
907 3822 964 3869 et
1023 3824 1365 3882 quaecunque
1395 3808 1518 3863 alia;
1572 3807 1969 3863 commotiones

2097 3248 2220 3300 καθ’
2240 3248 2304 3313 ἃς
2328 3248 2536 3320 ιώχρίιιι
2573 3255 2669 3310 καὶ
2694 3256 2943 3328 ὲρυθρίαι
2972 3261 3266 3331 κέκληνταί
3294 3283 3439 3332 τινες
3464 3287 3479 3300 ·
3509 3270 3542 3340 ἦ
3569 3248 3674 3325 καὶ

2088 3341 2209 3394 ὅσαι
2230 3342 2317 3397 διά
2346 3346 2501 3399 νόσον
2530 3350 2772 3419 μακρὰν,
2794 3351 2826 3424 ἢ
2852 3355 3137 3426 συνέχειαν
3158 3358 3462 3430 καύματος,
3486 3362 3671 3434 ὠχρό-

2085 3453 2247 3506 τητες
2278 3440 2369 3491 καὶ
2410 3441 2775 3513 μελανότητες
2807 3448 3186 3519 παραμόνιμοι
3222 3455 3317 3505 καὶ
3346 3454 3667 3526 δυσκίνητοι

2084 3532 2350 3598 γίνονται.
2376 3536 2689 3602 Παθητικαὶ
2710 3540 2770 3595 δὲ
2800 3546 2943 3599 κατὰ
2974 3546 3154 3618 ψυχὴν
3181 3549 3488 3623 ποιότητες,
3520 3555 3597 3620 ὡς
3627 3558 3664 3627 ἡ

2086 3627 2251 3694 μανία
2306 3630 2403 3682 καὶ
2454 3631 2680 3701 ἠόργὴ,
2710 3634 2806 3688 καὶ
2849 3636 2972 3690 ὅσαι
3027 3639 3187 3698 ἄλλαι
3257 3644 3545 3710 ἐκστάσεις
3581 3649 3666 3719 μὴ

2081 3719 2348 3811 ιρυςικῶς,
2377 3719 2493 3773 ἀλλ’
2540 3722 2647 3811 ἀπό
2696 3740 2857 3779 τινων
2888 3733 3316 3802 συμπτωμάτων
3362 3738 3664 3811 γεγένηται

2077 3806 2515 3879 δυσαπάλλακτοι
2539 3809 2769 3888 οὗπαι,ἢ
2805 3821 2898 3874 καὶ
2925 3821 3063 3887 ὅλως
3101 3825 3378 3897 ἀκίνητος.

394 3909 596 3965 mentis
644 3922 751 3961 non
830 3902 1157 3957 naturaliter
1233 3898 1329 3955 sed
1381 3914 1409 3953 a
1450 3897 1778 3969 quihusdam
1829 3897 2048 3953 casibus
2088 3909 2222 3955 ortae
2275 3913 2423 3971 sunt,
2485 3919 2608 3961 cum
2666 3907 2957 3968 diﬂiculter
3020 3919 3218 3973 multari
3280 3923 3518 3992 possint,
3569 3929 3665 3982 vel

394 4005 555 4060 etiam
583 4015 805 4073 prorsus
836 3995 1106 4054 dimoveri
1138 4004 1438 4067 nequeant.

463 4118 627 4189 206
674 4116 762 4172 15.
794 4113 1088 4170 Passiones
1139 4121 1319 4168 autem
1371 4111 1651 4177 dicuntur,
1709 4123 1965 4179 quaecun-

392 4228 499 4281 que
528 4216 583 4265 et
610 4208 766 4265 facile
795 4205 1172 4262 dissolvuntur
1205 4213 1261 4286 et
1292 4203 1404 4259 cito
1448 4211 1750 4258 mutantur.

463 4324 548 4379 16.
585 4324 649 4376 Et
684 4331 743 4378 ut
781 4322 834 4376 in
872 4318 1186 4375 inanimatis
1246 4318 1467 4388 quidem
1518 4316 1848 4372 adventitius
1906 4316 1962 4371 in

392 4429 532 4486 aqua
579 4414 749 4479 calor,
792 4414 975 4481 passio
1018 4420 1101 4466 est
1137 4426 1155 4466 :
1203 4415 1262 4463 ut
1308 4411 1362 4464 in
1400 4408 1658 4463 animatis
1692 4422 1846 4474 vero,
1881 4423 1966 4463 se-

2138 4116 2222 4165 ιε’.
2254 4109 2404 4181 Πάθη
2458 4113 2516 4165 δὲ
2568 4116 2837 4182 λέγονται,
2867 4120 3041 4174 ὁπόσα
3073 4123 3275 4192 ῥᾳδίως
3307 4144 3366 4181 τε
3403 4129 3656 4186 διαλύον-

1986 4234 1999 4251 ι
2066 4216 2158 4265 ται
2185 4203 2443 4274 καὶςαχιὺ
2487 4208 2905 4274 μεταϐάλλουσι.

2064 4310 2075 4323 ⁷
2139 4320 2237 4379 ις’.
2295 4316 2404 4370 Καὶ
2440 4318 2524 4384 ὼς
2582 4322 2681 4391 μὲν
2719 4324 2778 4379 ὲν
2827 4326 3059 4400 ἀψύχοις
3087 4334 3119 4405 ὴ
3147 4336 3207 4388 ιν
3238 4336 3394 4395 ὕδατι
3420 4342 3657 4405 ἐπίκτη-

2068 4422 2160 4508 τος
2188 4407 2371 4508 θέρμη
2408 4411 2580 4508 πάθος
2603 4414 2755 4470 ἐστίν
2776 4433 2789 4448 ·
2823 4392 2899 4484 ὡς
3007 4392 3066 4477 ἐν
3089 4392 3653 4508 ἐμψύχοιςκάτάημὲν

393 4508 628 4560 ι·ιιιιί1ιιιιι
661 4504 898 4558 animam
956 4501 1200 4573 quidem,
1227 4511 1285 4556 ut
1312 4502 1394 4555 ira
1432 4499 1681 4565 fortuita,
1736 4500 1879 4556 velut
1916 4499 1961 4555 si

468 4602 477 4612 .
556 4601 568 4612 .
613 4606 652 4612 ,-
711 4611 714 4612 ,
775 4595 797 4612 ,-
899 4597 933 4612 ..
1230 4591 1430 4612 -..μμ
1489 4607 1667 4612 --μ-μ
1711 4591 1958 4612 ____=__-,

2094 4502 2249 4612 μυχὴν
2279 4505 2313 4576 ἡ
2347 4506 2504 4612 κατά
2539 4525 2666 4612 τινα
2690 4511 2864 4612 τύχην
2904 4515 3042 4588 ὀργή
3067 4536 3082 4551 ·
3108 4516 3218 4574 οἷον
3246 4497 3407 4597 εἴπερ
3435 4546 3520 4593 τις
3544 4497 3653 4604 δρα

391 4602 512 4669 quis
556 4601 728 4653 iratus
773 4595 939 4650 fuerit
974 4604 1193 4666 propter
1224 4591 1434 4663 aliquid
1481 4607 1671 4648 eorum
1704 4606 1826 4663 quae
1859 4591 1960 4661 ipsi

2094 4596 2308 4702 ἰσθείη,
2465 4618 2517 4654 τι
2547 4602 2658 4702 τιῦν
2710 4606 2862 4677 αὐτῷ
2897 4608 3173 4675 δοξάντων
3220 4591 3441 4675 ἀτόπων
3472 4591 3657 4695 trape-

392 4714 436 4743 κ»
463 4693 627 4746 surda
657 4689 774 4745 visa
802 4694 931 4743 sunt
965 4686 1248 4742 incitatus.
1283 4685 1497 4741 Etenim
1534 4685 1642 4741 cito
1671 4686 1865 4740 iterum
1891 4684 1961 4740 ad

2100 4690 2301 4784 υνθείς.
2336 4694 2505 4749 Πάλιν
2538 4696 2647 4768 γάρ
2674 4701 2881 4770 ταχέως
2918 4704 2998 4768 είς
3027 4706 3125 4778 τὴν
3156 4713 3430 4783 προτέραν
3451 4684 3653 4784 φθάνει

391 4787 626 4854 priorem
678 4796 738 4837 se
774 4778 973 4849 recipit
1021 4788 1268 4846 statum;
1323 4778 1471 4833 unde
1520 4791 1624 4832 nec
1671 4776 1832 4831 etiam
1868 4776 1962 4847 qui

387 4873 656 4944 ejusmodi
710 4881 837 4940 est,
920 4871 1220 4928 iracundus
1292 4880 1535 4939 vocatur,
1594 4870 1693 4926 sed
1749 4869 1960 4924 ~iratus

387 4968 557 5022 fuisse
619 4966 840 5021 dicitur.
905 4965 975 5019 At
1038 4961 1342 5019 secundum
1402 4976 1602 5032 corpus
1666 4962 1954 5031 passiones

384 5061 661 5125 dicuntur,
691 5066 744 5115 et
773 5056 951 5128 pallor
990 5055 1060 5111 ob
1087 5064 1289 5111 metum
1315 5061 1369 5110 et
1400 5055 1569 5110 robur
1591 5054 1662 5110 ob
1694 5069 1958 5111 verecun-

381 5154 548 5208 diam.

452 5266 775 5322 l7.Etenim
795 5263 967 5334 pallor
1012 5260 1233 5333 quidem
1269 5262 1339 5317 ob
1365 5270 1570 5318 metum
1606 5261 1665 5318 fit
1688 5265 1955 5335 sanguine

378 5361 445 5416 ad
471 5376 567 5417 cor
588 5369 647 5416 ut
671 5361 738 5415 ad
763 5357 1047 5429 proprium
1072 5373 1235 5414 suum
1272 5367 1587 5414 recurrente
1612 5361 1946 5433 principium

373 5464 428 5511 et
463 5469 570 5509 non
605 5452 842 5527 amplius
869 5460 1163 5521 apparente
1198 5449 1253 5505 in
1284 5451 1593 5520 superficie.
1623 5453 1776 5520 Quod
1813 5470 1949 5510 con-

375 5546 536 5617 tingit
564 5546 726 5600 etiam
755 5526 866 5598 illis
895 5543 987 5611 qui
1030 5543 1167 5596 alias
1193 5526 1461 5612 sanguine
1495 5544 1749 5601 exhausti
1797 5556 1947 5603 sunt.

374 5637 477 5704 Qui
512 5644 693 5689 autem
722 5643 941 5705 propter
980 5634 1245 5704 pudorem
1295 5631 1484 5702 robur,
1524 5634 1771 5689 oboritur
1816 5653 1946 5691 san-

375 5730 536 5799 guine
575 5742 606 5783 a
650 5727 813 5783 corde
856 5727 922 5782 ad
971 5725 1317 5797 superﬁciem
1344 5726 1645 5796 prodeunte
1675 5738 1730 5783 et
1776 5730 1942 5784 veluti

371 5822 690 5876 obstruentc
733 5817 896 5891 (parti
934 5818 1150 5889 animm)
1200 5818 1514 5891 principali,
1573 5822 1939 5894 tenebrasque

2063 4782 2418 4844 κατάστασιν.
2458 4788 2625 4844 Ὅθεν
2655 4791 2764 4846 οὐδ’
2797 4795 3013 4864 ὀργίλος
3035 4801 3062 4853 ό
3099 4782 3345 4870 τοιοῦτος
3369 4782 3647 4865 καλεῖται’

2064 4872 2181 4927 ἀλλ’
2208 4875 2310 4972 ὅτι-
2324 4876 2572 4972 ὠργίσθη
2597 4880 2845 4952 λέγεται.
2880 4886 3037 4944 Κατὰ
3094 4891 3255 4964 σῶμα
3282 4896 3338 4949 δὲ
3364 4898 3510 4972 πάθη
3538 4900 3641 4955 λέο

2058 4984 2250 5115 get/rat
2283 4969 2320 5040 ἦ
2350 4988 2408 5024 τε
2435 4969 2524 5024 διὰ
2547 4972 2712 5042 φόϐον
2735 4974 3024 5049 ὠχρίασις,
3067 4984 3162 5036 καὶ
3196 4984 3229 5055 ἠ
3253 4985 3324 5038 δι’
3349 4969 3646 5061 αίδὼνὲρυ-

2093 5078 2126 5133 ρ
2154 5078 2293 5126 ασις.
2624 5098 2632 5105 -
3466 5088 3475 5097 °

2133 5266 2215 5331 ιζ’.
2259 5266 2326 5322 Ἥ
2361 5268 2463 5337 μὲν
2507 5269 2616 5339 γὰρ
2645 5270 2734 5324 διά
2765 5273 2933 5342 φόϐον
2977 5274 3242 5347 ὠχρίασις
3278 5278 3489 5347 γίνεται
3533 5283 3642 5338 τοῦ

2057 5359 2288 5429 αἵματος
2320 5361 2413 5415 ἐπὶ
2439 5362 2537 5433 τὴν
2568 5365 2798 5435 καρδίαν
2829 5367 2905 5432 ὡς
2946 5370 3039 5424 ἐπὶ
3069 5372 3169 5442 τὴν
3198 5373 3408 5427 οἰκείαν
3455 5376 3642 5447 ἀρχὴν

2055 5451 2470 5523 ἀνατρέχοντος,
2498 5457 2592 5510 καὶ
2615 5457 2816 5526 μηκέτι
2850 5460 2919 5529 τῇ
2955 5461 3249 5534 ἐπιφανείᾳ
3279 5464 3645 5538 διαφαινομέ-

2053 5561 2170 5611 νου,
2207 5546 2343 5617 ὅπερ
2379 5546 2667 5615 συμϐαίνει
2715 5551 2810 5605 καὶ
2843 5554 2955 5615 τοῖς
2987 5552 3166 5619 ἄλλως
3205 5556 3441 5628 αἵματος
3467 5578 3639 5615 κεκε-

2056 5637 2319 5704 νωμένοις
2345 5654 2357 5668 ·
2393 5641 2424 5709 ή
2458 5638 2513 5693 δὲ
2542 5640 2611 5693 δι’
2650 5643 2916 5713 αἰσχύνην
2946 5646 3267 5719 ἐρυθρέασις
3298 5651 3509 5718 γίνεται
3528 5656 3636 5710 τοῦ

2054 5728 2285 5795 αἵματος
2315 5728 2422 5782 ἀπὸ
2438 5732 2536 5800 τῆς
2559 5734 2787 5801 καρδίας
2816 5738 2907 5789 ἐπὶ
2937 5738 3036 5809 τὴν
3062 5741 3383 5811 ἐπιφάνειαν
3413 5748 3645 5813 προῖόν-⁵

2051 5838 2165 5887 τος,
2197 5822 2289 5875 καὶ
2328 5821 2519 5895 ὥσπερ
2554 5827 3015 5897 ἐπιπροσθοῦντος
3045 5833 3121 5903 τῷ
3159 5835 3492 5907 ἡγεμονικῷ,
3539 5842 3647 5896 καὶ
