3868 6362
362 412 459 477 851

1480 450 1483 451 ν
1526 407 1961 469 NICEPHORI
2002 409 2422 472 BLEMMIDE.

3434 358 3438 362 “
3516 399 3621 462 852

360 541 418 581 se
450 521 610 579 habet
642 517 869 590 spongio
899 529 954 575 et
1008 533 1226 590 pumex.
1281 517 1358 572 De
1388 515 1743 589 qualitatibus
1774 518 1939 588 igitur

2077 519 2421 587 χεισπόγγος
2445 517 2539 571 καὶ
2579 515 2862 586 κίσσηρις.
2896 513 3035 584 Περὶ
3070 513 3171 585 μὲν
3206 506 3299 568 οὖν
3328 514 3634 581 ποιοτήτων

361 619 477 674 haec
507 615 650 671 dicta
684 620 833 671 sunt.

434 704 758 771 28.‘Qualia
794 712 975 759 autem
1026 709 1176 769 sunt,
1229 696 1788 772 quaeaqualitatihus
1841 699 1937 753 de-

363 798 717 863 nominative,
755 806 850 853 aut
877 797 986 854 alio
1037 809 1369 869 quocunque
1406 795 1569 851 modo
1599 794 1668 849 ab
1698 792 1830 864 ipsis
1858 789 1941 845 di-

364 898 587 949 cuntur.

434 986 527 1043 29.
557 985 692 1041 Nam
726 995 961 1057 quatuor
1020 983 1199 1040 modis
1254 982 1438 1054 qualia
1469 988 1794 1045 sumuntur;
1849 982 1944 1032 aut

367 1079 780 1137 dcnominative
808 1077 992 1135 ethoc
1020 1085 1081 1132 ut
1119 1075 1447 1147 plurimum;
1497 1080 1557 1127 ut
1586 1071 1655 1126 ab
1694 1067 1944 1125 albedine

367 1188 570 1244 corpus
598 1172 781 1233 album
809 1210 828 1238 ,
877 1179 931 1227 et
961 1185 991 1227 a
1024 1168 1334 1231 dulcedine,
1386 1166 1546 1221 dulce
1581 1182 1596 1219 :
1653 1170 1744 1218 aut
1774 1159 1944 1232 aequi-

367 1281 525 1335 voco,
559 1276 619 1322 ut
646 1265 1001 1336 triangulum,
1055 1259 1519 1334 quadrangulum,
1554 1265 1609 1313 et
1654 1270 1777 1325 qua
1814 1259 1946 1309 sunt

377 1359 731 1429 huiusmodi;
758 1366 815 1414 et
842 1356 1051 1412 musica
1082 1355 1280 1410 mulier
1308 1368 1371 1409 ac
1400 1348 1755 1421 grammatica
1794 1347 1943 1420 (nam

377 1451 430 1507 in
460 1454 545 1506 his
573 1467 697 1508 cum
729 1448 1086 1522 qualitatibus
1112 1444 1275 1500 etiam
1298 1443 1481 1515 qualia
1510 1441 1702 1497 eodem
1723 1438 1946 1493 nomine

379 1543 653 1614 veniunt),
686 1553 777 1597 aut
803 1541 1020 1595 diverso
1047 1537 1305 1603 nomine;
1344 1532 1802 1605 quemadmodum
1840 1529 1950 1585 vir-

373 1642 491 1690 tute
518 1634 776 1704 praeditus
805 1632 889 1687 vir
918 1631 1095 1687 bonus
1120 1628 1360 1685 dicitur:
1396 1636 1489 1681 aut
1515 1625 1635 1681 sine
1688 1623 1945 1687 nomine;

373 1725 836 1799 quemadmodum
888 1724 953 1778 in‘
990 1721 1233 1779 secunda
1291 1718 1574 1792 qualitatis
1626 1714 1810 1787 specie
1860 1728 1950 1768 res

314 1811 322 1819 ’
374 1820 668 1891 aliquando
697 1833 817 1876 sese
838 1817 1028 1885 habet,
1057 1831 1119 1872 ea
1148 1830 1368 1883 inquam
1401 1822 1619 1883 quaeest
1653 1809 1952 1866 secundum

374 1915 670 1988 p0tentiam
703 1923 759 1969 et
791 1912 1190 1982 impotentiam.
1233 1911 1290 1965 In
1313 1909 1416 1966 hac
1440 1908 1584 1964 enim
1615 1905 1795 1976 specie
1821 1916 1955 1958 non-

379 2024 656 2079 nunquam
714 2006 878 2075 quale
907 2011 1121 2060 tantum
1180 2016 1383 2057 nomen
1412 1997 1667 2069 adeptum
1701 2004 1826 2063 eet;
1863 2008 1957 2049 ve-

377 2102 477 2156 luti
508 2100 744 2156 dicimus
789 2099 1092 2169 pugilarem
1140 2094 1233 2167 qui
1285 2102 1410 2165 apte
1457 2092 1524 2150 ad
1572 2088 1955 2169 pugilatoriam

379 2192 602 2264 (artem)
628 2165 933 2262 dispositus
958 2196 1043 2244 est
1080 2196 1135 2245 et
1159 2165 1319 2258 pugil
1353 2185 1469 2241 ileri
1506 2165 1730 2253 potest;
1768 2192 1959 2251 poten-

378 2287 452 2343 tia
480 2295 686 2352 autem,
717 2298 912 2353 nempe
955 2282 1073 2354 ipsa
1120 2280 1367 2351 aptitudo
1396 2277 1560 2347 210
1586 2276 1705 2333 sine
1737 2274 1960 2329 nomine

385 2381 608 2437 mansit.
685 2378 895 2433 Etenim
960 2373 1291 2448 pugilatoria
1364 2370 1575 2441 accepit
1653 2366 1956 2424 secundum

387 2483 569 2528 artum
600 2487 707 2527 non
740 2469 1044 2527 secundum
1072 2466 1399 2537 potentiam.
1435 2461 1839 2530 Nonnunquam
1864 2472 1961 2513 au—

387 2576 494 2622 tem
548 2565 709 2621 etiam
780 2564 941 2637 quale
998 2570 1055 2619 et
1123 2559 1361 2631 qualitas
1394 2557 1521 2612 inde
1567 2550 1962 2610 nominationis

386 2661 632 2730 expertia
665 2662 1029 2714 manserunt:
1070 2649 1529 2725 quemadmodum
1572 2647 1736 2703 etiam
1790 2647 1835 2701 is
1868 2642 1960 2715 qui

385 2765 598 2814 naturae
628 2754 788 2809 habet
818 2751 1122 2807 bonitatem
1160 2747 1226 2803 ad
1267 2743 1709 2815 grammaticam,
1759 2747 1813 2797 et
1844 2740 1959 2809 ipsa

384 2853 452 2907 ad
518 2846 926 2920 grammaticam
990 2842 1256 2916 aptitudo.
1296 2838 1360 2894 Et
1393 2836 1763 2910 grammatica:
1817 2834 1961 2890 enim

384 2944 550 3002 etiam
581 2940 687 2998 arti
718 2955 919 2996 nomen
976 2939 1044 2994 ab
1075 2946 1199 2996 actu
1232 2934 1566 3005 assignatum
1604 2934 1711 2985 est.

454 3059 544 3112 50.
604 3055 774 3113 Adest
831 3050 978 3123 quali
1027 3058 1081 3106 et
1138 3049 1374 3104 maxime
1429 3049 1816 3102 convenienter
1868 3058 1963 3100 seu

2041 607 2278 663 τοσαῦτα
2312 608 2579 679 εἰρήσθω.

2114 709 2225 773 κη’.
2252 703 2389 757 Ποιὰ
2416 701 2476 758 δέ
2505 704 2623 756 ἐστι
2657 700 2727 755 τὰ
2758 699 2868 755 ἀπὸ
2899 697 3010 753 τῶν
3038 698 3347 769 ποιοτήτων
3378 691 3638 767 παρωνύ-

2048 811 2163 866 μως
2192 794 2547 867 λεγόμενα,ἢ
2582 790 2837 848 ὁπωσοῦν
2869 791 3047 856 ἄλλως
3095 791 3191 845 ἀπ’
3221 789 3429 863 abs-GM,

2118 981 2223 1036 κθ¹.
2257 979 2554 1053 Τετραχῶς
2599 985 2710 1049 γὰρ
2729 976 3105 1049 λαμδάνονται
3132 972 3202 1026 τὰ
3235 971 3368 1026 ποιά
3400 987 3414 1002 ’
3443 969 3475 1041 ἢ
3530 984 3638 1021 πα-

2051 1075 2341 1148 ρωνύμως,
2374 1073 2471 1128 καὶ
2499 1070 2651 1127 τοῦθ’
2672 1071 2748 1133 ὡς
2773 1069 2869 1125 ἐπὶ
2897 1068 2958 1124 τὸ
2974 1067 3229 1122 πλεῖστον
3249 1079 3264 1094 °
3296 1064 3372 1128 ὡς
3393 1062 3503 1117 ἀπὸ
3533 1062 3634 1130 τῆς

2046 1166 2375 1237 λευκότητος
2403 1166 2465 1219 τὸ
2492 1164 2683 1219 λευκὸν
2713 1162 2905 1232 σῶμα,
2931 1160 3051 1237 ᾐκαὶ
3086 1159 3195 1213 ἀπὸ
3230 1158 3329 1228 τῆς
3359 1152 3641 1225 γλυκύτη-

2047 1277 2139 1325 τος
2200 1235 2272 1314 τὸ⁷
2311 1256 2524 1328 γλυκύο
2575 1235 2976 1329 ῆόμωνύμως,
3023 1252 3100 1317 ὡς
3145 1251 3205 1306 τὸ
3240 1248 3534 1321 τρίγωνον,
3576 1244 3642 1299 τὸ

2048 1351 2418 1422 τετράγωνον,
2472 1352 2568 1405 καὶ
2613 1349 2682 1403 τὰ
2711 1345 2959 1407 τοιαῦτα.
2999 1346 3090 1399 καὶ
3136 1344 3170 1415 ἡ
3229 1339 3468 1412 μουσικὴ
3499 1338 3644 1407 γυνὴ

2051 1444 2147 1498 και
2173 1445 2205 1515 ἡ
2242 1441 2602 1514 γραμματική
2639 1457 2654 1472 ο
2683 1439 2921 1510 καὶγὰρ
2967 1437 3061 1491 ἐπὶ
3093 1435 3300 1492 τούτων
3327 1436 3450 1497 ταῖς
3489 1429 3645 1484 ποιό-

2050 1553 2177 1607 τησι
2204 1532 2688 1602 ταυτωνυμοῦνται
2711 1537 2806 1585 και
2841 1531 2911 1584 τὰ
2942 1528 3076 1583 ποιά
3108 1542 3124 1559 ⁸
3174 1525 3208 1594 ἢ
3250 1521 3642 1596 ἐτερωνύμως.

2051 1630 2128 1693 ὡς
2165 1629 2193 1681 ὁ
2245 1629 2344 1699 τῆς
2396 1629 2599 1701 ἀρετῆς
2645 1626 2894 1697 μετέχων
2957 1621 3252 1683 σπουδαῖος
3303 1618 3567 1685 λέγεται⁶
3604 1612 3641 1684 ἢ

2055 1719 2537 1791 ἁκατονομάστως,
2573 1717 2650 1782 ὡς
2680 1718 2776 1772 ἐπὶ
2800 1714 2897 1771 τοῦ
2916 1713 3186 1785 ’δευτέρου
3220 1710 3320 1780 τῆς
3353 1709 3647 1775 ποιότητος

2056 1814 2232 1875 εἴδους
2288 1811 2400 1883 ἔχει
2442 1811 2596 1877 ποτέ,
2621 1810 2716 1865 τοῦ
2750 1810 2892 1865 κατὰ
2923 1807 3156 1877 δύναμιν
3201 1804 3300 1858 καὶ
3337 1799 3644 1867 ἀδυναμίαν

2056 1901 2235 1971 φημί·
2271 1878 2364 1953 ἐπὶ
2387 1899 2583 1954 τούτου
2615 1902 2726 1971 γὰρ
2765 1898 2862 1954 τοῦ
2894 1897 3071 1959 εἴδους
3114 1895 3286 1951 ἐνίοτε
3324 1895 3425 1961 μὲν
3479 1878 3659 1961 μόνον

2058 1996 2119 2048 τὸ
2158 1994 2310 2047 ποιδν
2338 1992 2605 2064 ὀνόματός
2635 1993 2824 2064 ἔτυχεν
2846 2008 2859 2024 ο
2887 1993 2964 2053 ὡς
2993 1991 3231 2060 λέγομεν
3258 1984 3526 2041 πυκτικδν
3548 1981 3647 2036 τὸν

2059 2086 2386 2158 ἐπιτηδείως
2419 2066 2559 2158 πρδς
2608 2082 2880 2157 πυκτικὴν
2922 2082 3297 2151 διακείμενον,
3363 2077 3460 2131 καὶ
3483 2073 3646 2145 γενέ-

2061 2181 2185 2234 σθαι
2238 2179 2453 2248 πύκτην
2487 2178 2826 2248 δυνάμενον·
2878 2179 2912 2250 ἡ
2973 2178 3030 2232 δὲ
3085 2175 3340 2244 δύναμις,
3401 2172 3576 2244 ἧγουν
3608 2166 3645 2241 ἡ

2059 2273 2456 2344 ἐπιτηδειότης,
2491 2271 2783 2342 ἀνώνυμος
2813 2270 3018 2342 ἔμεινε.
3061 2269 3135 2323 Τδ
3160 2269 3269 2338 γὰρ
3314 2265 3485 2334 ὄνομα
3517 2258 3649 2318 κατ’

2061 2366 2346 2437 ἐνέργειαν
2394 2363 2556 2435 ἔσχεν
2608 2364 2643 2433 ἡ
2674 2361 2940 2434 πυκτικὴ,
2967 2363 3064 2416 και
3118 2361 3179 2414 οὒ
3216 2357 3358 2413 κατὰ
3387 2354 3646 2427 δύναμιν.

2075 2459 2276 2513 Ἐνίοτε
2329 2456 2387 2513 δέ
2418 2457 2514 2511 καὶ
2545 2456 2608 2511 τὸ
2637 2456 2792 2512 ποιὸν
2838 2455 2934 2510 καὶ
2964 2456 2997 2525 ἡ
3028 2453 3252 2524 ποιότης
3288 2445 3647 2517 ἀκατονόμα-

2063 2568 2164 2605 στα
2200 2551 2615 2622 μεμενήκασιν
2656 2547 2847 2619 ὥσπερ
2880 2548 2909 2601 ό
2949 2542 3087 2617 πρὸς
3135 2537 3531 2615 γραμματικὴν
3557 2536 3657 2592 εὐ-

2066 2642 2218 2714 φυῶς
2249 2643 2412 2715 ἔχων,
2448 2642 2547 2696 καὶ
2603 2641 2638 2712 ἡ
2689 2640 2828 2712 πρὸς
2887 2639 3056 2708 αὐτὴν
3100 2636 3198 2707 τὴν
3251 2628 3653 2706 γραμματικὴν

2062 2737 2460 2809 ἐπιτηδειότης.
2515 2734 2623 2789 Καὶ
2684 2735 2750 2807 τῇ
2817 2730 3182 2803 γραμματικῇ
3235 2729 3344 2796 γὰρ
3392 2724 3561 2796 τέχνῃ
3589 2719 3658 2775 τδ

2063 2830 2234 2902 ὄνομα
2267 2829 2404 2901 πρὸς
2452 2829 2553 2900 τῆς
2587 2826 2871 2900 ἐνεργείας
2904 2822 3386 2895 κεκληροδότηται.

2139 3031 2209 3085 λ’.
2251 3021 2519 3101 Πρόθστι
2545 3026 2623 3099 τῷ
2673 3027 2811 3099 ποιῷ
2842 3026 2936 3081 καὶ
2991 3024 3225 3097 μάλιστα
3278 3018 3557 3090 συγγενῶς
3590 3016 3661 3072 τδ

386 3151 610 3222 proprie
639 3148 1091 3207 contrarietatem
1127 3144 1431 3215 suscipere.
1480 3138 1615 3195 Nam
1645 3146 1701 3195 et
1754 3137 1808 3192 in
1842 3134 1963 3193 aliis

2077 3122 2395 3179 ἐναντίωσιν
2420 3119 2792 3191 ἐπιδέχεσθαι.
2828 3120 2949 3172 Κάν
2981 3120 3102 3180 ταῖς
3138 3115 3327 3176 eam;
3349 3112 3459 3184 γὰρ
3488 3126 3663 3181 κατη-

2182 3213 2194 3222 .
2357 3213 2369 3222 .
2525 3212 2536 3222 .
2736 3210 2747 3222 .
2822 3208 2834 3222 .
2882 3210 2894 3222 .
2988 3208 3001 3222 .
3062 3207 3076 3222 .
3246 3219 3302 3222 Μ
3338 3203 3394 3222 ,7,
3435 3197 3655 3222 ,ηηιμμ

387 3243 838 3318 praedicameutis
866 3240 1143 3297 contraria
1173 3238 1474 3295 secundum
1509 3234 1690 3305 quale,
1722 3232 1866 3303 quod
1901 3230 1956 3287 in

366 3338 586 3405 "quovis
620 3344 705 3393 εει
727 3335 907 3392 inesse
936 3332 1215 3387 videntur.
1253 3328 1640 3384 Verumtamen
1696 3339 1763 3379 ne
1815 3323 1965 3380 omni

388 3432 609 3501 quidem
639 3429 784 3501 quali
833 3428 1171 3485 contrarium
1206 3430 1291 3478 est
1348 3434 1710 3490 consequens.
1748 3418 1963 3489 Figuris

389 3525 536 3578 enim
571 3520 870 3577 rectilineis
909 3530 963 3574 et
1012 3516 1373 3572 circularibus
1413 3514 1543 3570 nihil
1604 3524 1687 3568 est
1744 3523 1962 3569 contra-

390 3619 554 3674 rium.
575 3616 680 3670 Sed
700 3629 873 3684 neque
902 3613 1085 3676 rubro,
1109 3610 1283 3674 fusco,
1307 3605 1444 3662 ﬂavo
1462 3613 1512 3660 et
1540 3605 1659 3661 aliis
1680 3603 1958 3661 coloribus

394 3709 587 3764 mediis
609 3706 972 3762 contrarietas
1006 3702 1186 3770 aliqua
1220 3701 1339 3770 (seu
1365 3697 1698 3754 contrarium
1722 3692 1965 3764 aliquod)

393 3801 672 3871 obiicitur.
704 3798 760 3854 Si
795 3799 942 3851 enim
1005 3793 1283 3850 contraria
1337 3798 1465 3848 sunt
1513 3804 1634 3858 qua:
1671 3787 1965 3857 plurimum

399 3897 607 3950 distant
640 3910 670 3950 a
706 3909 764 3949 se
799 3893 1065 3957 invii-em;
1090 3889 1213 3959 jure
1247 3885 1438 3942 mediis
1466 3898 1587 3954 quae
1622 3881 1914 3951 plurimum
1939 3894 1968 3933 a

398 4004 461 4045 se
488 3989 717 4043 invicem
772 4002 879 4040 non
910 3985 1140 4046 distant,
1173 3980 1504 4035 contrarium
1549 3976 1683 4031 nihil
1720 3975 1971 4030 obsistet.

399 4079 687 4149 Quomodo
739 4087 923 4137 autem
990 4078 1156 4148 etiam
1206 4076 1360 4151 plura
1409 4074 1500 4128 uni
1556 4072 1829 4129 contraria
1859 4069 1976 4125 fuev

401 4175 557 4232 rint?

469 4290 563 4346 51.
600 4289 670 4344 At
720 4302 853 4342 vero
883 4286 1054 4356 magis
1088 4294 1141 4341 et
1188 4284 1370 4339 minus
1424 4283 1571 4353 quali
1629 4282 1801 4337 adest.
1872 4280 1973 4335 Ubi

400 4387 545 4443 enim
601 4382 962 4439 contrarietas
1012 4388 1115 4438 est.
1172 4378 1241 4431 ibi
1271 4379 1436 4432 etiam
1489 4376 1661 4445 magis
1705 4382 1759 4430 et
1790 4374 1972 4428 minus

400 4494 615 4549 semper
642 4477 756 4533 fere
788 4475 1083 4530 invenitur.
1113 4472 1272 4543 211
1294 4472 1358 4525 Et
1383 4470 1657 4540 siquidem
1702 4470 1755 4522 in
1793 4466 1971 4521 omni—

405 4575 507 4630 bus
533 4569 832 4627 contrariis
876 4575 1154 4639 spectetur
1211 4563 1618 4627 intermedium,
1665 4558 1978 4615 necessario

404 4669 567 4723 etiam
602 4667 775 4737 magis
810 4674 865 4719 et
921 4664 1106 4717 minus
1152 4658 1511 4731 spectabitur.
1547 4656 1641 4710 Sin
1693 4662 1873 4710 autem
1908 4652 1980 4707 sit

406 4760 627 4824 alicubi,
664 4758 804 4828 quod
870 4753 1171 4811 rariuscule
1228 4752 1307 4814 lit,
1375 4749 1740 4806 contrarietas
1790 4748 1982 4803 imme-

406 4856 579 4915 diata,
629 4859 689 4907 nt
732 4865 797 4906 ea
825 4865 945 4920 quae
974 4858 1057 4904 est
1101 4846 1155 4901 in
1185 4843 1509 4914 simpliciter
1542 4840 1658 4912 pari
1685 4848 1741 4895 et
1761 4838 1977 4908 impari,

408 4946 557 5001 illinc
594 4943 765 5012 magis
799 4951 851 4998 rt
893 4943 1072 4996 minus
1101 4939 1272 4994 abest.

474 5059 565 5111 3'2.
611 5056 842 5110 Maxime
885 5065 1064 5107 autem
1114 5050 1394 5122 proprium
1433 5059 1530 5115 ,εει
1577 5048 1762 5117 quali,
1802 5044 1982 5100 simile

406 5157 501 5206 aut
531 5148 822 5205 dissimile.
873 5144 1189 5202 Similitudo
1220 5156 1403 5198 autem
1435 5150 1517 5194 est
1564 5139 1810 5209 ejusdem
1854 5150 1979 5206 spe-

406 5244 521 5300 cies
546 5260 645 5300 seu
680 5243 871 5299 formae
897 5240 1194 5295 adventitia
1220 5235 1587 5309 participatio.
1619 5231 1773 5288 Unde
1798 5231 1982 5283 colore

414 5337 620 5392 similes
649 5334 885 5390 dicimus
918 5332 1010 5404 qui
1057 5330 1305 5388 eumdem
1341 5328 1577 5382 colorem
1619 5324 1855 5387 habent;
1907 5321 1982 5375 si-

410 5430 569 5487 miles
622 5428 937 5485 charactere
985 5439 1081 5478 seu
1136 5423 1527 5482 lineamentis,
1587 5417 1679 5488 qui
1735 5416 1980 5471 eamdem

409 5523 590 5589 ideam
624 5537 721 5579 seu
753 5519 988 5590 speciem
1018 5516 1289 5573 obtinent.

478 5641 572 5696 3'5.
613 5638 785 5692 Porro
833 5630 1294 5703 quemadmodum
1328 5628 1473 5701 quali
1510 5626 1688 5680 simile
1727 5634 1779 5678 et
1821 5623 1985 5677 dissi-

408 5734 565 5798 mile,
599 5732 678 5788 sic
706 5740 761 5786 et
797 5737 1003 5798 quanto
1032 5724 1318 5796 mqualeac
1349 5720 1614 5792 inaequale
1655 5716 1983 5787 (ςοιινρηίι).

409 5828 546 5882 Nam
579 5832 633 5879 et
663 5834 866 5891 corpus
895 5820 1103 5890 aequale
1136 5826 1218 5872 est
1254 5812 1492 5882 corpori,
1531 5821 1625 5865 aut
1662 5809 1928 5878 iumquale
1968 5826 1981 5861 :

368 5900 468 5979 3“et.
502 5929 768 5979 numerus
799 5928 1025 5976 numero
1064 5909 1286 5987 trqualis
1334 5924 1400 5964 au
1461 5907 1545 5960 ina
1566 5905 1778 5982 qualis;
1817 5914 1868 5956 et
1905 5901 1984 5955 lo-

2069 3213 2287 3286 γορίαις
2312 3212 2575 3266 τάναντία
2620 3210 2761 3264 κατὰ
2791 3208 2847 3263 τὸ
2878 3210 2936 3262 ἐν
2984 3207 3187 3276 ἐκάσεῃ
3240 3203 3395 3255 ποιὸν
3432 3197 3661 3268 ἐγγίνε-

2073 3302 2199 3357 σθαι
2248 3301 2429 3355 δοκεῖ’
2491 3298 2632 3372 πλὴν
2664 3298 2788 3353 οὐδὲ
2822 3297 2900 3369 τῷ
2934 3295 3076 3368 ποιῷ
3122 3295 3286 3349 παντὶ
3339 3286 3661 3345 τούναντίον

2072 3391 2377 3448 ἀκολουθεῖ.
2420 3391 2545 3454 Τοῖς
2599 3390 2849 3460 σχήμασι
2881 3387 2991 3457 γὰρ
3038 3386 3153 3449 τοῖς
3238 3379 3667 3452 εὐθυγράμμοις

2075 3488 2171 3542 καὶ
2201 3487 2482 3550 κυκλικοϊς
2514 3485 2758 3539 ἐναντίον
2785 3481 2959 3537 οὐδέν.
3003 3479 3143 3533 Ἀλλ’
3178 3472 3298 3531 οὖδέ
3327 3474 3404 3545 τῷ
3436 3470 3659 3545 ἐρυθρῷ

2076 3584 2172 3636 καὶ
2201 3572 2344 3652 φαιῷ
2377 3580 2473 3634 καὶ
2508 3578 2689 3649 ξανθῴ
2720 3576 2954 3638 καὶτοῖς
3001 3574 3182 3634 ἄλλοις
3207 3570 3315 3623 τῶν
3342 3568 3662 3640 χρωμάτων

2079 3672 2263 3743 μέσοις
2296 3671 2613 3741 ἐναντιότης
2635 3686 2719 3733 τις
2752 3665 3153 3721 ἀντιτάττεται.
3185 3662 3372 3730 Ειγὰρ
3400 3659 3469 3713 τὰ
3501 3656 3664 3710 πλεῖ-

2080 3783 2205 3819 στον
2224 3765 2469 3835 ἀλλήλων
2496 3764 2816 3833 διεστηκότα
2847 3759 3067 3812 ἐναντία
3104 3757 3214 3809 εἰσί
3240 3772 3254 3785 ·
3297 3756 3409 3814 τοῖς
3461 3751 3659 3821 μέσοις

2078 3861 2303 3923 εἰκότως
2335 3860 2409 3931 μὴ
2449 3859 2701 3911 πλεῖστον
2734 3856 2844 3909 τῶν
2883 3853 3071 3924 ἄκρων
3119 3848 3467 3919 διεστηκόσιν
3500 3847 3669 3898 ἐναν-

2081 3955 2195 4009 τίον
2224 3951 2377 4008 οὐδὲν
2426 3952 2834 4022 ἀντιστήσεται,
2873 3948 2989 4011 πῶς
3014 3946 3069 4000 δέ
3101 3946 3195 3998 καὶ
3241 3940 3414 3996 πλείω
3437 3937 3667 3993 ἐναντία

2082 4050 2291 4103 ἔσοιντο
2323 4039 2400 4118 τῷ
2430 4047 2509 4100 ἐνί
2527 4064 2541 4113 ;

2088 4284 2095 4287 ν
2155 4258 2258 4315 λα’.
2301 4259 2408 4311 Καὶ
2460 4256 2519 4311 τὸ
2550 4255 2753 4323 μᾶλλον
2811 4250 2869 4304 δὲ
2915 4250 3010 4304 καὶ
3059 4244 3222 4322 ¹ἧττον
3277 4246 3541 4313 πρόσεστι
3583 4240 3668 4311 τῷ

2087 4357 2246 4429 ποιῷ.
2286 4355 2452 4409 Ἔνθα
2477 4356 2586 4425 γάρ
2617 4351 2957 4413 ἐναντίωσις,
2987 4349 3104 4401 ἐκεῖ
3126 4346 3221 4398 καὶ
3257 4345 3314 4397 τὸ
3339 4341 3541 4412 μᾶλλον
3567 4340 3671 4393 καὶ

2085 4447 2250 4525 ἦττον
2299 4448 2375 4513 ὼς
2425 4449 2628 4502 ἐπίπαν
2669 4444 3006 4514 εὑρίσκεται.
3068 4438 3170 4494 Καὶ
3211 4437 3370 4503 εἴπερ
3430 4436 3488 4487 ἐν
3528 4434 3670 4487 πᾶσι

2083 4546 2338 4615 θεωροίτο
2386 4544 2500 4603 τοῖς
2558 4539 2823 4599 ἐναντίοις
2874 4537 2936 4588 τὸ
2990 4536 3265 4604 ἕμμεσον,
3324 4531 3381 4595 ἐξ
3415 4528 3670 4593 ἀνάγκης

2082 4614 2265 4690 καὶτὸ
2327 4634 2529 4703 μᾶλλον
2591 4632 2687 4686 καὶ
2713 4630 2773 4685 τὸ
2831 4625 2995 4702 ἦττον
3027 4624 3467 4696 θεωρηοήσεται.
3520 4617 3583 4671 Εἰ
3620 4614 3670 4668 δ’

2083 4730 2198 4783 ἐστί
2230 4744 2335 4784 που
2370 4726 2669 4790 σπανιάκις
2723 4724 3044 4785 ἐναντίωσις
3101 4721 3324 4788 άμεσος,
3384 4716 3457 4778 ὼς
3500 4714 3533 4783 ἡ
3568 4712 3669 4765 τοῦ

2086 4823 2273 4886 ἁπλῶς
2313 4823 2502 4893 ἀρτίου
2539 4821 2636 4876 καὶ
2665 4816 2950 4890 περιττοῦ,
3014 4815 3076 4868 τὸ
3112 4811 3314 4884 μᾶλλον
3364 4809 3457 4862 καὶ
3498 4801 3668 4878 ἦττον

2086 4917 2297 4972 ἐκεῖθεν
2338 4916 2586 4970 ἄπεστιν.

2159 5034 2260 5105 λβ’.
2299 5036 2461 5088 Ἰδιον
2486 5032 2542 5085 δέ
2583 5030 2821 5101 μάλιστα
2846 5026 2923 5096 τῷ
2965 5023 3103 5092 ποιῷ
3134 5023 3195 5076 ab
3243 5022 3431 5091 ὅμοιον
3464 5017 3495 5086 ἧ
3533 5016 3669 5070 ἀνό-

2090 5128 2567 5203 μοιον.”ομοιότης
2600 5126 2656 5177 δέ
2677 5125 2838 5190 ,ἐστιν
2873 5122 2906 5189 ἡ
2943 5116 3041 5173 τοῦ
3073 5115 3241 5170 αὐτοῦ
3278 5114 3445 5173 είδους
3474 5112 3669 5163 ἐπεισ-

2086 5226 2310 5294 οδιώδης
2345 5219 2579 5292 μέθεξις.
2614 5218 2777 5271 Ὅθεν
2843 5214 3071 5283 ὁμοίους
3111 5208 3252 5280 χρόᾳ
3281 5208 3406 5268 τοὺς
3438 5205 3664 5273 ἔχοντας

2085 5322 2146 5372 τῦ
2175 5317 2307 5371 αὐτὸ
2339 5314 2540 5387 χρῶμά
2576 5323 2791 5381 φαμεν·
2829 5307 3050 5376 ὁμοίους
3088 5320 3147 5357 τε
3180 5299 3489 5373 χαρακτῆρι
3533 5297 3665 5360 τοὺς

2087 5414 2186 5485 τὴν
2226 5412 2395 5482 αὐτὴν
2423 5405 2803 5476 κεκτημένους
2834 5401 3000 5456 ἰδέαν.

2159 5618 2255 5688 inf.
2294 5619 2503 5682 Ὥσπερ
2538 5614 2614 5681 τῷ
2661 5609 2800 5681 ποιῷ
2847 5607 2908 5661 τὸ
2939 5607 3126 5675 ὅμοιον
3166 5604 3197 5673 ἢ
3230 5601 3517 5671 ἀνόμοιον.
3570 5594 3666 5649 οὖ-

2089 5730 2194 5776 τως
2247 5709 2340 5760 καὶ
2389 5705 2467 5774 τῷ
2493 5704 2646 5773 ποσῷ
2675 5703 2733 5755 τὸ
2765 5703 2881 5754 ἴσον
2918 5697 2951 5766 ἢ
2978 5696 3183 5751 ἄνισον.
3244 5692 3353 5743 Καὶ
3378 5689 3539 5756 σῶμα
3569 5687 3666 5738 καὶ

2094 5804 2206 5855 ἴσον
2237 5797 2450 5869 σώματί
2485 5794 2707 5867 ἐστιν,ἦ
2737 5795 2843 5865 μὴν
2874 5794 3058 5847 ἄνισον
3079 5804 3092 5817 ’
3131 5782 3476 5857 καὶάριθμὸς
3503 5776 3661 5849 ἀριθ-

2097 5896 2182 5975 μῷ
2232 5895 2343 5958 ῐιος
2373 5893 2406 5963 ἢ
2441 5893 2646 5959 ἄνισος,
2706 5890 2797 5945 καὶ
2822 5888 2983 5951 τόπος
3012 5888 3186 5954 τόπῳ,
3216 5881 3301 5934 καθ
3328 5876 3516 5949 χρόνος
3541 5872 3664 5954 χρά-
