3868 6362
400 322 506 384 855

1578 341 1999 406 NICEPHORI
2043 351 2470 438 BLEM‘MIDE

3555 360 3657 421 856

399 453 518 491 rum
567 453 686 494 esse
710 479 723 504 ,
777 451 868 495 aut
902 457 1120 513 quoque
1165 447 1272 501 alio
1319 449 1480 504 modo
1515 450 1581 506 ad
1618 454 1848 509 alterum
1883 456 1955 511 di«

2078 460 2220 518 εἶναι
2271 467 2487 535 λέγεται
2541 469 2572 538 ἢ
2629 469 2875 522 ὁπωσοῦν
2931 470 3108 533 ἄλλως
3141 470 3274 538 πρὸς
3305 469 3517 541 ἕτερον.
3567 471 3658 522 Ἐν

383 523 616 586 ἐυιιιυτ.
648 531 780 588 Nam
807 551 928 606 qua:
963 537 1030 592 ad
1066 540 1270 611 aliquid
1303 545 1519 601 sunt'in
1547 561 1612 603 eo
1638 548 1785 620 quod
1817 549 1972 604 habi-

394 625 612 682 tudines
641 638 770 682 sunt
801 631 1175 688 exsistentiam
1210 634 1434 710 habent.

463 716 520 771 2.
561 716 904 790 Quapropter
961 723 1126 779 etiam
1189 729 1489 784 secundum
1553 729 1713 784 aliam
1761 730 1971 786 descri-

391 809 632 878 ptionem
657 811 723 866 ad
757 812 962 882 aliquid
988 824 1140 879 sunt,
1166 819 1367 886 quibus
1392 836 1513 877 esse
1538 821 1678 876 idem
1709 831 1794 876 est
1824 821 1970 892 quod

392 904 458 956 ad
496 904 699 973 aliquid
731 907 1139 976 quodammodo
1172 927 1233 968 se
1267 914 1489 970 habere.

458 995 621 1066 215
653 997 705 1052 5.
746 998 882 1053 Cum
911 1002 1132 1072 quidem
1165 1004 1331 1075 igitur
1369 1007 1575 1078 aliquid
1644 1009 1821 1078 quoad
1862 1011 1969 1064 sei-

389 1101 544 1156 psum
577 1090 974 1157 consideratur,
1000 1111 1107 1150 non
1148 1103 1231 1152 est
1271 1099 1340 1154 ad
1374 1099 1578 1168 aliquid
1616 1117 1629 1153 :
1664 1115 1791 1154 cum
1829 1116 1958 1156 vero

390 1180 713 1238 habitudine
746 1187 812 1238 ad
849 1186 1052 1256 aliquid
1087 1187 1252 1244 fuerit
1298 1193 1585 1262 praeditum
1611 1233 1628 1258 ,
1676 1204 1790 1248 tum
1835 1209 1968 1250 sane

386 1281 470 1326 cst
510 1275 574 1327 ad
607 1276 832 1346 aliquid.
871 1276 1044 1335 Veluti
1083 1279 1379 1350 Socrates,
1427 1293 1702 1352 quatenus
1743 1285 1964 1356 quidem

390 1366 551 1421 homo
584 1378 678 1423 aut
719 1369 1081 1442 philosophus
1117 1384 1211 1428 aut
1255 1375 1360 1431 tale
1389 1377 1516 1446 quid
1549 1386 1633 1432 est
1664 1393 1759 1448 per
1789 1394 1848 1434 se
1879 1379 1964 1434 di-

387 1461 530 1516 citur
572 1471 627 1518 et
672 1466 820 1519 nullo
867 1467 1030 1520 modo
1075 1468 1142 1522 ad
1178 1468 1324 1524 aliud
1371 1470 1656 1527 refertur:
1690 1482 1964 1543 quatenus

386 1563 565 1608 antem
595 1565 749 1624 pater
784 1566 880 1612 aut
913 1559 1129 1623 doctor,
1162 1569 1391 1617 eatenus
1420 1562 1487 1616 ad
1517 1563 1664 1618 aliud
1698 1565 1960 1629 refertur,

384 1656 438 1698 et
470 1663 590 1714 quae
641 1648 758 1718 ipse
791 1660 874 1706 est
912 1651 1144 1706 aliorum
1189 1668 1312 1708 esse
1357 1655 1579 1710 dicitur.
1616 1653 1776 1710 Pater
1814 1657 1959 1712 enim

384 1753 508 1792 cum
545 1740 638 1807 sit,
669 1740 766 1796 ﬁlii
804 1754 956 1812 pater
989 1745 1228 1815 dicitur;
1273 1756 1325 1803 et
1354 1749 1547 1806 doctor
1576 1767 1697 1807 cum
1731 1751 1836 1816 sit,
1875 1752 1959 1807 di-

387 1832 580 1900 scipuli
615 1836 806 1890 doctor
838 1837 1061 1893 dicitur.

463 1924 517 1978 4.
559 1924 692 1994 Quia
730 1937 908 1982 autem
943 1932 1227 2005 multiplex
1263 1945 1347 1991 est
1373 1949 1561 1988 eorum
1592 1951 1712 2004 qua).
1743 1945 1866 1990 sunt
1896 1937 1962 1991 ad

387 2016 637 2087 aliquid,
683 2022 877 2075 relatio
918 2024 985 2079 ad
1028 2025 1176 2080 aliud
1203 2067 1217 2090 ,
1261 2040 1317 2082 et
1358 2042 1468 2082 non
1511 2031 1692 2083 omnia
1733 2029 1960 2083 aliorum

387 2129 512 2168 esse
545 2115 845 2185 dicuntur;
883 2128 1172 2189 propterea
1201 2121 1364 2176 etiam
1399 2121 1670 2192 adjectum
1705 2133 1826 2188 est,
1869 2131 1963 2175 aut

387 2224 612 2279 quoquo
653 2211 760 2266 alio
793 2215 958 2267 modo
1000 2215 1063 2268 ad
1096 2214 1246 2270 aliud
1283 2213 1663 2286 (referuntur).
1705 2217 1961 2282 Qumdam

382 2303 528 2354 enim
574 2318 766 2357 eorum
809 2321 930 2374 qua:
976 2316 1107 2366 sunt
1153 2308 1216 2362 ad
1253 2307 1499 2378 aliquid,
1547 2313 1613 2365 ad
1661 2309 1960 2379 genitivum

384 2409 577 2450 casum
617 2397 955 2467 referuntur,
992 2412 1050 2455 ut
1089 2401 1231 2457 filius
1264 2412 1316 2458 et
1355 2414 1528 2473 pater,
1567 2403 1870 2474 discipulus
1909 2412 1963 2456 et

382 2488 597 2543 doctor.
637 2491 896 2556 anrdam
940 2495 1003 2546 a.l
1041 2494 1288 2550 dativum
1317 2511 1508 2552 casum
1555 2504 1613 2550 ut
1655 2503 1866 2568 ecquale
1910 2505 1963 2550 et

381 2583 579 2636 simile.
613 2582 849 2655 :Equale
872 2587 1016 2640 cnim
1046 2589 1239 2658 aequali
1264 2589 1492 2660 aequale,
1520 2597 1572 2645 et
1594 2590 1772 2645 simile
1796 2589 1960 2645 simili

379 2673 559 2728 sinzile
603 2683 708 2730 est.
756 2676 1015 2743 Quaedam
1059 2680 1224 2734 simul
1263 2682 1328 2735 ad
1355 2681 1663 2751 'genitivum
1715 2693 1767 2736 et
1806 2681 1960 2736 abla-

381 2767 553 2822 tivum
581 2768 658 2838 (in
687 2769 874 2824 Graeca
906 2771 1127 2841 quidem
1157 2772 1341 2843 lingua
1372 2774 1634 2843 dativum)
1670 2792 1684 2830 :
1715 2785 1772 2830 ut
1801 2792 1963 2831 exsu-

378 2876 580 2931 perans
611 2865 927 2932 exsuperati
965 2875 1052 2919 est
1079 2879 1452 2936 exsuperans:
1483 2878 1536 2922 ct
1566 2878 1958 2939 cxsuperatum

376 2968 745 3027 exsuperante
788 2972 1186 3029 exsuperatur;
1224 2972 1278 3017 et
1327 2963 1564 3026 iterum,
1619 2980 1959 3034 exsuperans

379 3049 547 3122 216
577 3055 965 3121 exsuperantia
994 3063 1294 3124 exsuperat
1326 3073 1340 3109 :
1375 3056 1537 3110 veluti
1571 3057 1832 3111 denarius
1861 3073 1959 3110 ex-

2077 559 2184 626 γὰρ
2214 559 2290 629 τῷ
2315 561 2525 630 σχέσεις
2553 558 2692 620 εἶναι
2721 563 2790 617 τὰ
2819 565 2952 634 πρὸς
2971 580 3022 618 τι
3051 565 3148 634 τὴν
3177 563 3412 634 ὓπαρξιν
3443 562 3653 632 έχουσι.

2145 741 2211 814 β’.
2245 744 2337 798 Διὸ
2373 745 2468 798 καὶ
2497 745 2620 799 καθ’
2653 747 2848 816 ἑτέραν
2878 747 3205 818 ὑπογραφὴν
3233 747 3370 818 πρός
3405 746 3459 799 τί
3490 746 3651 810 εἰσιν,

2071 832 2153 900 οἷς
2195 839 2255 891 τὸ
2290 835 2429 893 εἶναι
2459 840 2657 896 ταυτόν
2690 842 2806 894 ἐστι
2831 840 2908 912 τῷ
2937 842 3074 912 πρός
3102 839 3156 894 τί
3191 859 3309 900 πως
3341 841 3509 911 ἔχειν.

2143 1025 2212 1087 γ’.
2247 1017 2419 1074 ’Ὅταν
2452 1021 2551 1091 μὲν
2578 1015 2672 1075 οὖν
2695 1020 2971 1090 θεωρῆταί
3001 1039 3056 1074 τι
3092 1021 3217 1076 καθ’
3249 1021 3406 1086 αὐτὸ,
3432 1020 3570 1090 πρός
3599 1037 3652 1072 τι

2070 1112 2171 1166 οὐκ
2202 1112 2384 1165 ἔστιν’
2417 1114 2578 1184 ἡνίκα
2622 1114 2680 1167 δὲ
2721 1114 2907 1186 σχέσιν
2959 1114 3094 1186 πρὸς
3141 1115 3328 1185 ἕτερον
3361 1116 3488 1185 σχῇ,
3527 1113 3649 1166 τότε

2069 1203 2132 1274 δὴ
2165 1206 2301 1274 πρός
2331 1204 2384 1258 τί
2415 1208 2600 1260 ἐστιν’
2649 1199 2759 1260 οἷον
2826 1208 2852 1260 6
2899 1207 3218 1277 Σωκράτης,
3254 1206 3388 1260 καθὸ
3423 1206 3523 1274 μὲν
3558 1205 3653 1257 ἄν·

2071 1299 2310 1370 θρωπος,
2348 1301 2380 1369 ἢ
2411 1299 2718 1368 φιλόσοφος,
2778 1300 2812 1371 ἦ
2846 1317 2898 1353 τι
2930 1299 3196 1362 τοιοῦτον,
3238 1299 3359 1353 καθ’
3402 1297 3536 1352 αὖτό
3565 1298 3655 1350 λέ-

2069 1409 2260 1461 γεται·
2327 1393 2420 1445 καὶ
2486 1392 2594 1445 οὐδ’
2658 1393 2794 1455 ὅλως
2833 1393 2971 1464 πρὸς
3039 1394 3222 1460 ἕτερον
3276 1393 3648 1462 ἀναφέρεταιο

2070 1485 2204 1539 καθὸ
2229 1485 2284 1537 δὲ
2341 1485 2522 1556 πατὴρ
2550 1486 2581 1557 ἢ
2627 1484 2967 1553 διδάσκαλος,
3010 1487 3152 1539 κατὰ
3178 1485 3338 1539 τοῦτο
3360 1487 3498 1554 πρὸς
3527 1485 3651 1538 ἓτε-

2072 1593 2162 1647 ρον
2194 1577 2548 1644 ἀναφέρεται,
2579 1579 2674 1632 καλ⁸
2697 1578 2841 1648 ᾇπερ
2873 1577 3020 1632 ἐστὶν
3051 1579 3232 1644 αὐτὸς,
3281 1578 3485 1648 ἐτέρων
3507 1573 3651 1631 εἶναι

2067 1671 2305 1737 λέγεται.
2356 1670 2550 1741 Πατὴρ
2578 1673 2688 1742 γὰρ
2739 1670 2814 1725 ὢν
2873 1671 2988 1724 υίοῦ
3023 1669 3242 1738 λέγεται
3281 1672 3499 1743 πατὴρ·
3550 1670 3651 1724 καλ⁵

2069 1763 2390 1827 διδάσκαλος
2425 1763 2501 1819 ὢν
2537 1765 2783 1836 μαθητοῦ
2815 1764 3130 1827 διδάσκαλος
3169 1764 3413 1833 λέγεται.

2139 1941 2204 1997 δ’.
2234 1942 2388 1994 'Ensl
2427 1941 2482 1996 δὲ
2526 1942 2850 2011 πολυσχιδὴς
2883 1944 2915 2008 ἡ
2955 1941 3092 2011 πρὸς
3144 1941 3340 2011 ἕτερον
3369 1942 3478 1997 τῶν
3510 1943 3655 2015 πρός

2067 2053 2118 2089 τι
2139 2034 2409 2107 ἀναφορὰ,
2437 2036 2528 2088 καὶ
2555 2035 2615 2088 οὐ
2650 2035 2870 2105 λέγεται
2898 2037 3078 2091 πάντα
3099 2037 3301 2106 ἐτέρων
3324 2052 3337 2065 ⁶
3372 2035 3459 2090 διὰ
3489 2037 3653 2091 τοῦτο

2065 2129 2387 2198 πρόσκειται
2443 2127 2504 2182 τδ
2540 2129 2574 2199 ἢ
2629 2129 2880 2182 ὁπωσοῦν
2933 2130 3107 2194 ἄλλως
3139 2129 3278 2198 πρὸς
3309 2129 3521 2202 ἕτερον.
3564 2129 3651 2182 Τὰ

2069 2221 2167 2292 μὲν
2197 2223 2306 2293 γὰρ
2340 2222 2448 2276 τῶν
2482 2221 2618 2292 πρός
2646 2240 2700 2275 τι
2728 2223 2863 2293 προς
2886 2223 3109 2293 γενικὴν
3131 2223 3359 2296 φέρεται
3393 2223 3603 2276 πτῶσιν
3631 2238 3647 2251 ·

2065 2319 2140 2381 ὡς
2177 2317 2289 2381 υίὸς
2329 2318 2425 2370 καὶ
2459 2316 2666 2386 πατὴρ,
2699 2317 2949 2389 μαθητὴς
2977 2317 3072 2370 καὶ
3097 2316 3424 2379 διδάσκαλος
3447 2333 3462 2349 ο
3491 2317 3558 2369 τὰ
3587 2315 3649 2369 δὲ

2066 2412 2201 2483 πρὸς
2228 2409 2470 2480 δοτικὴν,
2521 2409 2595 2472 ὠς
2628 2409 2685 2461 τὸ
2721 2410 2834 2463 ἴσον
2880 2411 2973 2464 καὶ
3015 2410 3198 2477 ὅμοιον
3231 2425 3244 2439 ·
3284 2409 3345 2462 τὸ
3377 2410 3491 2478 γὰρ
3526 2409 3649 2462 ἴσον

2066 2506 2166 2573 ῐσῳ
2219 2503 2353 2565 ἴσον,
2385 2503 2480 2554 καὶ
2511 2501 2569 2554 τὸ
2604 2501 2794 2570 ὅμοιον
2826 2504 3000 2571 ὁμοίῳ
3045 2503 3228 2569 ὅμοιον
3257 2520 3271 2533 ·
3310 2503 3376 2554 τὰ
3418 2502 3473 2555 δὲ
3509 2501 3648 2571 πρὸς

2065 2595 2287 2665 γενικὴν
2316 2592 2451 2662 ὁμοῦ
2479 2595 2568 2644 καὶ
2595 2591 2928 2662 δοτικήνοὼς
2961 2591 3019 2645 τὸ
3055 2593 3322 2661 ὑπερέχον
3360 2594 3454 2644 τοῦ
3479 2591 3652 2662 ὑπερ-

2065 2684 2326 2752 εχομένην
2391 2683 2674 2752 ὑπερέχει,
2732 2685 2828 2736 καὶ
2871 2683 2932 2734 τὸ
2979 2683 3387 2752 ὑπερεχὸμενον
3442 2683 3647 2753 ὑπερέ-

2064 2795 2211 2846 χοντι
2239 2775 2602 2844 ὑπερέχεται·
2662 2776 2756 2827 καὶ
2787 2776 2952 2828 πάλιν
2988 2775 3047 2828 τδ
3082 2776 3348 2846 ὑπερέχον
3395 2776 3645 2846 ὑπεροχῇ

2065 2862 2491 2939 ὑπερέχει’”οἷον
2521 2869 2548 2921 ὁ
2579 2867 2712 2921 δέκα
2751 2868 2846 2920 τοῦ
2876 2865 2936 2931 ἒξ
2971 2869 3230 2937 ὑπερέχει
3265 2869 3343 2938 τῷ
3373 2869 3642 2937 τέσσαρα⁰

2063 2963 2181 3016 τινὰ
2213 2963 2270 3016 δὲ
2315 2963 2409 3032 καὶ
2441 2961 2578 3030 μετὰ
2632 2961 2948 3030 προθέσεως
2982 2961 3242 3028 λέγεται·
3277 2961 3352 3024 ὡς
3403 2963 3463 3015 τὸ
3499 2963 3647 3032 μέγα

2063 3055 2199 3126 πρὸς
2235 3023 2622 3124 μικρδίμέγα,
2651 3023 2745 3106 καὶ
2778 3055 2838 3106 τὺ
2866 3023 3066 3124 puxva
3081 3054 3219 3122 πρὸς
3247 3056 3387 3124 μέγα
3422 3023 3644 3124 μικρέν.

377 3153 600 3214 superat
655 3147 930 3200 senarium
991 3149 1368 3217 quaternario.
1438 3148 1698 3215 Quaedam
1772 3157 1950 3201 autem

2070 3147 2201 3201 Τινὰ
2229 3146 2404 3200 δὲκαὶ
2434 3147 2572 3214 μετά
2605 3163 2752 3208 τινος
2808 3145 2935 3216 περὶ
2963 3145 3062 3216 τὴν
3095 3145 3238 3211 λέξιν
3272 3147 3595 3215 ὑπαλλαγῆς
3625 3162 3643 3177 ο

376 3238 539 3293 etiam
589 3254 709 3293 cum
755 3241 1138 3310 praepositione
1172 3242 1452 3307 dicuntur,
1484 3252 1542 3296 ut
1595 3257 1851 3312 magnum
1889 3241 1956 3296 ad

377 3347 606 3402 parvum
647 3343 700 3388 et
740 3349 1037 3406 magnum;
1066 3343 1118 3388 ct
1151 3351 1378 3405 parvum
1429 3335 1496 3389 ad
1537 3349 1791 3405 magnum
1837 3349 1951 3403 par-

375 3441 528 3483 vum.
569 3425 830 3493 Quaedam
872 3429 1036 3484 etiam
1079 3445 1206 3485 cum
1249 3431 1430 3504 aliqua
1468 3431 1612 3486 circa
1657 3429 1950 3489 dictionem

377 3521 719 3587 mutatione;
760 3531 818 3575 ut
859 3537 1056 3577 secans
1107 3521 1160 3576 id
1208 3523 1352 3592 quod
1405 3532 1622 3576 secatur
1673 3533 1857 3587 secat;
1901 3529 1955 3575 et

374 3610 523 3679 quod
569 3627 795 3670 secatur
833 3631 865 3670 a
914 3624 1140 3671 secante
1191 3623 1431 3670 secatur.
1477 3613 1748 3681 Quoniam
1792 3614 1956 3683 igitur

374 3722 495 3776 qua:
525 3719 654 3764 sunt
691 3710 757 3763 ad
797 3709 1002 3780 aliquid
1037 3712 1109 3764 ita
1148 3709 1501 3766 multifariam
1543 3711 1851 3779 figurantur
1927 3719 1980 3763 et
2019 3709 2427 3778 exprimuntur,

369 3806 571 3876 jectum
603 3817 687 3862 est
717 3808 842 3873 hoc,
877 3817 970 3861 aut
1003 3807 1112 3861 alio
1142 3822 1474 3878 quocunque
1505 3808 1669 3863 modo
1693 3809 1761 3862 ad
1799 3805 1945 3861 aliud
1987 3803 2368 3876 (referuntur).

441 3901 498 3956 5.
541 3900 810 3955 Convenit
849 3900 1179 3970 quibusdam
1225 3916 1350 3970 qua:
1384 3907 1513 3956 sunt
1557 3901 1622 3955 ad
1659 3899 1865 3970 aliquid
1902 3909 1954 3952 et

373 3993 758 4059 contrarietas,
791 4003 845 4048 et
873 3993 1048 4062 magis
1075 3993 1406 4062 minusque;
1436 4003 1810 4049 verumtamen
1841 4008 1951 4048 non

371 4102 434 4142 ea
469 4088 680 4142 ratione
708 4103 830 4156 qua:
864 4096 992 4142 sunt
1021 4088 1086 4142 ad
1125 4088 1329 4158 aliquid
1357 4129 1372 4152 ,
1407 4087 1502 4143 sed
1533 4089 1662 4157 quia
1694 4087 1813 4142 sine
1843 4085 1952 4138 alio

374 4180 796 4246 praedicamento
837 4196 904 4233 ne
946 4181 1166 4250 quidem
1212 4181 1439 4250 cogitari
1481 4187 1710 4250 possunt
1753 4193 1851 4248 per
1890 4192 1950 4232 se

374 4286 496 4339 quse
528 4280 658 4324 sunt
695 4269 762 4324 ad
795 4269 1019 4338 aliquid.
1053 4270 1278 4338 Semper
1311 4268 1456 4322 enim
1487 4282 1610 4322 cum
1646 4265 1768 4320 aliis
1815 4278 1949 4334 prae-

375 4361 700 4416 dicantentis
741 4362 1105 4417 eoexsistunt.
1143 4362 1442 4432 Propterea
1469 4375 1592 4413 cum
1631 4357 1855 4428 quidem
1887 4355 1942 4410 in

371 4453 794 4524 praedicamento
842 4463 1062 4524 accepta
1109 4451 1313 4507 fuerint
1361 4452 1806 4506 contrarietatem
1850 4447 1946 4501 ha-

277 4601 299 4622 ,
373 4553 556 4614 hcnte,
587 4550 1029 4606 contrarietatem
1058 4559 1111 4605 et
1149 4550 1264 4618 ipsa
1296 4548 1612 4614 habebunt;
1651 4544 1736 4601 sin
1765 4553 1952 4602 autem.

376 4643 431 4696 in
484 4643 909 4712 praedicauit-nlo
943 4643 1385 4698 contrarietatem
1417 4655 1526 4694 non
1553 4637 1806 4703 habente,
1850 4650 1952 4691 nec

371 4737 490 4806 ipsa
558 4736 796 4806 aliquam
857 4736 1303 4791 contrarietatem
1366 4731 1663 4786 habebunt.
1723 4728 1781 4784 In
1841 4741 1951 4799 quo

370 4839 550 4883 autem
584 4831 1010 4900 praedicamento
1036 4828 1198 4899 217
1227 4825 1589 4882 contrarietas
1622 4833 1726 4887 est,
1757 4822 1812 4876 in
1855 4821 1947 4876 illo

371 4921 533 4974 etiam
578 4921 751 4991 magis
787 4932 842 4974 et
883 4921 1066 4975 minus
1111 4927 1228 4983 est,
1270 4913 1540 4983 siquidem
1593 4910 1952 4968 contrarietas

371 5014 753 5072 intermedium
788 5015 951 5072 habet
977 5021 1036 5068 ut
1065 5021 1221 5064 antea
1251 5008 1456 5062 dictum
1489 5012 1594 5060 est.

443 5107 496 5164 6.
541 5106 796 5162 Scientia:
831 5106 996 5176 igitur
1018 5143 1034 5168 ,
1069 5089 1383 5172 particulari
1418 5097 1494 5151 illi
1522 5095 1782 5150 nimirum
1825 5107 1948 5164 qua)

370 5209 455 5256 est
480 5200 533 5254 in
574 5201 675 5254 hoe
714 5198 901 5267 aliquo
938 5197 1066 5267 (hoc
1093 5205 1177 5247 est
1215 5187 1504 5260 singulari)
1535 5186 1778 5253 nomine,
1811 5201 1946 5240 con-

376 5295 602 5346 trarinm
655 5291 762 5346 erit
809 5286 1171 5360 ignoranti-cc;
1226 5293 1278 5337 ct
1327 5283 1440 5336 haec
1491 5280 1662 5350 magis
1713 5279 1945 5334 scientia

370 5388 618 5440 nzimtsve
649 5383 882 5440 scientia
911 5377 1017 5453 dici
1046 5390 1236 5448 queat.
1283 5371 1752 5442 Quemadmodum
1782 5373 1946 5426 etiam

375 5479 502 5534 huic
537 5494 660 5547 qua:
692 5478 761 5533 al)
791 5473 1072 5545 aliquibus
1103 5471 1230 5540 (hoc
1259 5477 1344 5523 est
1366 5510 1381 5535 ,
1420 5462 1811 5534 singularibus)
1849 5463 1948 5516 ho-

368 5574 609 5628 minihus
644 5578 934 5626 exercetur
970 5566 1155 5622 virtuti
1207 5563 1399 5622 vitium
1438 5569 1522 5614 cst
1560 5557 1899 5613 contrarium
1929 5571 1944 5622 ;

367 5676 422 5722 ct
466 5667 583 5720 hzcc
628 5665 802 5735 magis
848 5662 1026 5716 virtus
1071 5659 1360 5723 minusque
1392 5653 1568 5706 virtus
1612 5651 1717 5705 dici
1759 5658 1944 5720 queat.

369 5758 682 5816 Universali
733 5766 912 5812 autem
949 5753 1191 5809 scientia:
1229 5758 1283 5805 et
1330 5748 1456 5802 huic
1499 5747 1720 5817 quidem
1763 5743 1943 5814 quoad

377 5847 742 5908 universalcm
789 5847 1052 5900 rationem
1083 5838 1397 5914 ignorantia
1436 5848 1517 5892 est
1561 5835 1941 5898 contrarium;

2062 3242 2138 3302 ὡς
2171 3239 2232 3293 τὸ
2268 3239 2464 3307 τέμνον
2490 3239 2826 3309 τεμνόμενον
2851 3239 3061 3308 τέμνει,
3103 3243 3192 3294 καὶ
3219 3242 3277 3294 τὸ
3308 3243 3646 3310 τεμνόμενον

2060 3335 2166 3389 ὑπὸ
2193 3338 2482 3404 τέμνοντος
2512 3333 2794 3401 τέμνεται.
2846 3331 3001 3387 Ἐπεὶ
3022 3332 3114 3387 οὖν
3139 3335 3280 3387 οὕτω
3312 3335 3380 3387 τὰ
3411 3337 3552 3406 πρός
3584 3352 3646 3388 τι

2061 3427 2358 3490 πολυειδῶς
2407 3424 2828 3496 σχηματίζεται,
2862 3426 2950 3479 διὰ
2999 3426 3157 3480 τοῦτο
3209 3430 3536 3496 πρόσκειται
3569 3430 3642 3498 τῇ

2060 3520 2262 3575 τούτων
2297 3519 2590 3589 ὑπογραφῇ
2646 3517 2706 3570 τὸ
2743 3517 2776 3588 ἢ
2832 3517 3294 3583 ὁπωσοῦνλᾶλλως
3345 3521 3482 3590 πρὸς
3515 3519 3645 3573 ’ἐτε-

2070 3631 2182 3684 ρον.

2513 3715 2796 3777 pr0pterea
2861 3707 3101 3777 ipsorum
3146 3707 3500 3774 descriptioni
3541 3705 3646 3760 ad—

2135 3896 2194 3951 ε’.
2233 3898 2502 3967 Πρόσεστί
2559 3915 2667 3951 τισι
2720 3897 2833 3950 τῶν
2889 3898 3027 3966 πρός
3085 3915 3136 3950 τι
3186 3898 3281 3950 καὶ
3312 3898 3641 3970 ἐναντιότης

2056 3990 2152 4045 καὶ
2174 3991 2234 4044 τὸ
2277 3989 2479 4060 μᾶλλον
2511 3989 2604 4042 καὶ
2635 3989 2696 4042 τὺ
2727 3984 2918 4061 ἦττον·
2959 3989 3102 4059 πλὴν
3148 3992 3207 4042 οὑ
3247 3991 3387 4045 κατὰ
3432 3993 3522 4044 τὸν
3544 3992 3642 4044 λόο

2055 4101 2150 4152 γον
2181 4084 2291 4137 τῶν
2319 4085 2457 4152 πρός
2506 4102 2558 4136 τι
2583 4101 2596 4114 ·
2626 4084 2744 4137 ἀλλ’
2777 4084 2897 4136 ἐπεὶ
2948 4085 3116 4154 χωρὶς
3157 4085 3349 4153 ἐτέρας
3394 4103 3643 4154 κατηγο⁴¹

2056 4175 2179 4247 ρίας
2208 4175 2318 4228 οὐδ’
2341 4174 2701 4246 ἐπινοηθῆναι
2720 4175 2946 4228 δύναται
2976 4177 3042 4229 τὰ
3067 4176 3201 4244 πρὸς
3226 4193 3278 4227 τι
3311 4175 3434 4228 καθ’
3463 4176 3640 4229 ἑαυτὰ

2051 4270 2195 4339 (ταῖς
2227 4267 2416 4331 ἄλλαις
2472 4268 2581 4336 γὰρ
2629 4269 2986 4338 κατηγορίαις
3043 4269 3129 4320 ἀεὶ

2050 4359 2150 4413 Διὰ
2175 4357 2322 4412 τοῦθ’
2352 4360 2482 4412 ὅταν
2515 4359 2614 4427 μὲν
2640 4360 2730 4412 ἐπὶ
2753 4360 3091 4429 κατηγορίας
3123 4360 3352 4430 ληφθείη
3398 4363 3639 4432 ἐχούσης

3185 4268 3639 4338 συνυφίσταται).

2053 4451 2393 4517 ἐναντίωσιν,
2446 4451 2557 4518 ἕξει
2589 4455 2684 4506 καὶ
2728 4453 2868 4506 αὐτὰ
2901 4455 3250 4507 ἐναντίωσιν⁸
3283 4455 3410 4506 ὅταν
3455 4456 3500 4507 δ’
3539 4457 3637 4508 ἐπὶ
3723 4508 3726 4512 ,

1984 4523 2027 4576 ί)
2056 4543 2396 4613 κατηγορίας
2435 4545 2535 4597 οὐκ
2562 4544 2794 4615 ἐχούσης
2821 4546 3159 4610 ἐναντίωσιν,
3209 4547 3318 4600 οὐδ’
3351 4547 3490 4600 αὐτά
3520 4548 3635 4613 ἔξει

2047 4637 2170 4691 τινὰ
2197 4638 2528 4691 ἐναντίωσιν·
2563 4639 2618 4690 ὲν
2719 4638 2776 4690 δὲ
2806 4639 3167 4710 κατηγορίᾳὴ
3203 4640 3539 4703 ἐναντίωσις,
3573 4643 3636 4692 ὲν

2049 4729 2234 4802 ἐκείνῃ
2273 4730 2366 4782 καὶ
2407 4731 2466 4781 τὸ
2503 4729 2704 4794 μᾶλλον
2746 4732 2840 4783 καὶ
2884 4732 2945 4783 τὸ
2969 4726 3136 4802 ἧττόν
3179 4733 3352 4795 ἐστιν,
3405 4732 3562 4802 εἴπερ
3597 4735 3632 4802 ἡ

2049 4823 2368 4886 ἐναντίωσις
2391 4823 2505 4894 ἔχει
2539 4824 2600 4876 τὸ
2624 4821 2891 4893 ἕμμεσον,
2921 4823 3001 4888 ὡς
3034 4825 3380 4896 προείρηται.

2131 5011 2206 5070 ς’.
2237 5005 2314 5075 Τῇ
2348 5002 2480 5072 γοῦν
2513 5005 2605 5057 ἐπὶ
2643 5005 2841 5075 μέρους
2869 5005 3175 5077 ἐπιστήμη,
3202 5006 3447 5076 δηλονότι
3478 5009 3544 5078 τῇ
3573 5009 3634 5062 ἐν

2055 5096 2328 5168 ἀνθρώπῳ
2367 5097 2503 5168 τῷδέ
2533 5115 2660 5161 τινι,
2699 5097 2943 5151 ἐναντίον
2979 5100 3129 5151 ἐστὶν
3174 5100 3204 5167 ή
3263 5099 3490 5165 ἄγνοιαι
3535 5101 3634 5152 καὶ

2057 5191 2256 5262 μᾶλλον
2306 5191 2588 5260 ἐπιστήμη
2655 5191 2856 5257 λέγοιτ’
2894 5191 2960 5244 ἂν
2995 5190 3134 5261 αὕτη
3188 5192 3278 5244 καὶ
3323 5187 3485 5266 ἦττον
3510 5194 3636 5245 ἐπι-

2055 5285 2258 5352 στήμη.
2313 5283 2578 5352 Καθάπερ
2635 5285 2730 5336 καὶ
2772 5285 2836 5353 τῇ
2873 5284 3243 5356 ἐνεργουμένη
3276 5265 3430 5353 παρά
3464 5302 3633 5337 τινων

2052 5375 2220 5444 ἀρετῇ
2240 5376 2483 5432 ἐναντίον
2510 5375 2658 5427 ἐστὶν
2689 5377 2719 5446 ἡ
2747 5376 2912 5428 κακία
2935 5391 2950 5406 ο
2987 5377 3081 5429 καὶ
3109 5378 3311 5444 μᾶλλον
3343 5380 3512 5449 ἁρετὴ
3536 5378 3628 5430 λέ-

2053 5467 2190 5534 γοιτ⁹
2223 5467 2288 5520 ἂν
2313 5468 2451 5535 αὕτη
2505 5470 2597 5520 καὶ
2624 5463 2786 5539 ἦττον
2818 5471 3009 5540 ἀρετή.
3045 5471 3123 5540 Τῇ
3148 5470 3377 5523 καθόλου
3415 5471 3461 5523 δ’
3508 5475 3628 5524 ἐπι-

2053 5559 2239 5631 στήμῃ
2298 5559 2539 5612 ἐναντίον
2591 5559 2690 5628 μὲν
2732 5560 3027 5632 καὶταύτῃ
3063 5564 3202 5615 κατὰ
3259 5565 3352 5615 τὶν
3395 5563 3623 5616 καθόλου

2051 5651 2206 5720 λόγον
2247 5653 2277 5720 ἠ
2310 5651 2539 5716 ἆγνοιω
2590 5651 2650 5704 τὸ
2685 5652 2885 5720 μᾶλλον
2916 5651 2972 5704 δὲ
3009 5655 3098 5706 καὶ
3146 5648 3308 5725 ἦττον
3340 5655 3439 5708 ςύκ
3475 5656 3623 5710 ἐστιν

2055 5745 2114 5796 ἐν
2148 5745 2307 5813 αὐτῇ.
2354 5743 2490 5796 Οὐδὲ
2523 5742 2629 5812 γὰρ
2663 5743 2764 5810 τῆς
2793 5745 3024 5798 καθόλου
3057 5749 3368 5818 ἐπιστήμης
3417 5747 3623 5818 μᾶλλον

2054 5833 2252 5904 γένοιτ’
2285 5833 2348 5887 ἂν
2375 5833 2675 5904 ἐπιστήμη.
2697 5834 2766 5889 T6
2789 5835 2833 5890 δ’
2856 5836 2986 5890 αὐτὸ
3019 5840 3112 5892 καὶ
3143 5839 3234 5892 ἐπὶ
3264 5839 3362 5904 τῆς
3392 5837 3619 5895 καθόλου
