3872 6520
326 434 434 499 85’)

1422 494 1425 497 .
1498 438 1924 500 NICEPHORI
1955 436 2384 497 BLEMM‘ID£

3463 436 3572 504 860

328 552 421 607 ﬁat
455 550 864 616 convenienter,
904 550 1051 618 quod
1101 565 1202 604 nec
1248 547 1302 604 in
1348 549 1458 604 illis
1493 562 1615 617 quae
1647 549 1894 603 omniunt

2017 549 2165 611 ιειως
2190 549 2291 613 τῆς
2324 549 2635 612 ἀποδόσεως
2683 550 2806 605 οὐδὲ
2833 553 2926 604 ἐπὶ
2984 552 3094 604 τῶν
3125 553 3510 619 ὁμολογουμέν.
3543 570 3570 618 ς

326 644 1058 717 consensu‘reciprocantur
1105 644 1270 714 220
1318 652 1374 698 et
1423 644 1644 698 nomina
1696 643 1900 697 habent

329 740 526 808 posita,
553 739 839 794 conversio
876 740 989 793 ﬁat.
1020 736 1075 792 Si
1112 741 1236 808 quis
1267 738 1410 791 enim
1438 752 1682 802 servum,
1718 736 1900 790 homi-

329 832 416 886 nis
462 846 679 887 servum
730 831 928 887 dixerit
962 840 1015 887 et
1046 848 1153 886 non
1185 830 1434 896 domini,
1482 828 1897 884 conversionem

327 925 539 981 efﬁcere
576 940 680 980 non
715 927 932 995 poterit.
965 924 1167 980 Verum
1200 926 1344 979 enim
1377 924 1598 993 quidem
1629 931 1712 977 est
1735 920 1897 976 etiam

327 1019 457 1084 hoc,
493 1034 711 1076 servum
759 1021 996 1076 hominis
1038 1036 1159 1077 esse
1203 1035 1445 1085 servum,
1483 1018 1576 1074 sed
1632 1033 1742 1072 non
1790 1030 1899 1087 qua

329 1112 493 1167 homo
542 1113 705 1168 habet
753 1112 952 1182 aliquis
1005 1127 1249 1179 servum,
1301 1112 1394 1166 sed
1446 1125 1554 1181 qua
1588 1108 1845 1165 dominus
1882 1126 1898 1177 ;

328 1203 570 1273 alioquin
605 1217 801 1260 omnes
828 1204 1078 1261 homines
1117 1203 1382 1260 haberent
1408 1217 1616 1260 servos.

400 1295 487 1350 15.
526 1293 643 1349 Etsi
674 1311 804 1351 vero
848 1296 1033 1353 clavus
1080 1306 1133 1351 et
1163 1297 1246 1351 ala
1276 1312 1400 1352 cum
1433 1297 1545 1350 sint
1574 1291 1897 1351 substantiae

327 1387 395 1442 ad
438 1388 642 1459 aliquid
689 1402 1004 1454 sumuntur,
1056 1404 1166 1445 non
1224 1396 1403 1445 tamen
1469 1395 1742 1458 quatenus
1771 1385 1900 1441 sub-

328 1484 549 1537 stantiae
591 1492 718 1538 sunt
744 1483 810 1538 ad
839 1484 1044 1554 aliquid
1070 1522 1087 1549 ,
1139 1484 1236 1540 sed
1271 1489 1544 1554 quatenus
1576 1480 1903 1536 habitudine

329 1584 519 1647 mutua
554 1585 684 1631 sunt
719 1578 963 1647 praedita.

400 1669 489 1723 Η.
520 1668 657 1721 Nam
690 1679 747 1723 et
772 1685 899 1737 pars
927 1685 1051 1723 cum
1101 1668 1424 1724 habitudine
1461 1668 1534 1723 sit
1564 1664 1788 1736 praedita
1831 1649 1899 1718 ad

328 1767 540 1826 totum,
590 1776 715 1831 pars
768 1763 935 1818 totius
980 1761 1225 1829 dicitur;
1267 1768 1323 1817 et
1362 1769 1533 1817 totum
1566 1759 1623 1814 in
1654 1757 1899 1830 partibus

331 1862 525 1909 totum.
561 1854 623 1908 Et
656 1869 853 1924 genera
881 1854 1311 1910 substantiarum
1363 1861 1530 1922 atque
1563 1850 1776 1922 species
1811 1862 1901 1903 se-

2005 641 2321 709 λεγομένων
2352 642 2490 713 πρὸς
2517 641 2952 714 ἀντιστρέφοντα
2983 646 3077 701 καὶ
3112 646 3347 719 ἑχόντων
3374 646 3570 718 ὀνόμα-

2007 749 2075 786 τα
2117 735 2346 803 κείμενα
2387 734 2587 804 γένοιτ’
2614 737 2743 806 ὃ.νή
2796 737 3154 810 ἀντιστροφή.
3207 740 3304 793 Ἂν
3345 738 3455 809 γὰρ
3478 738 3567 792 τδν

1990 825 2192 912 ,δοῦλον
2226 827 2514 899 ἀνθρώπου
2541 828 2727 883 δοῦλον
2755 830 2897 884 εἴποι
2929 848 3036 898 τις,
3066 832 3161 887 καὶ
3189 832 3250 885 οὐ
3273 832 3532 885 δεσπότου
3550 869 3567 897 ,

2009 921 2232 990 ποιῆσαι
2280 922 2645 995 ἀντιστροφὴν
2676 923 2776 978 οὐκ
2806 924 2873 979 ἂν
2921 925 3161 984 δύναιτο.
3202 924 3430 991 minus;
3471 926 3567 993 μὲν

2008 1012 2116 1083 γὰρ
2162 1012 2257 1067 καὶ
2289 1013 2350 1067 τὸ
2378 1014 2472 1069 τὸν
2500 1014 2686 1070 δοῦλον
2716 1013 3009 1086 ἀνθρώπου
3042 1011 3182 1071 εἶναι
3218 1015 3427 1082 δοῦλον,
3457 1012 3570 1069 ἀλλ’

2007 1106 2105 1176 οὐχ
2142 1101 2177 1182 ᾖ
2211 1107 2494 1178 ἄνθρωπος
2524 1109 2638 1178 ἔχει
2694 1127 2778 1174 τις
2811 1109 3021 1175 δοῦλον,
3052 1109 3169 1164 ἀλλ’
3198 1107 3233 1185 ᾖ
3263 1107 3533 1178 δεσπότης
3552 1123 3567 1139 ’

2006 1195 2042 1271 ἦ
2070 1198 2179 1270 γὰρ
2207 1199 2275 1253 ἂν
2302 1200 2524 1265 δούλους
2549 1195 2695 1269 εἶχον
2720 1200 2959 1265 ἅπαντες
2987 1199 3086 1255 ἀνθ
3095 1216 3291 1270 ρωποι.

2080 1292 2160 1349 ιε’.
2198 1294 2261 1348 Et
2289 1293 2348 1348 δὲ
2376 1294 2437 1347 τὸ
2460 1293 2719 1364 πηδάλιον
2753 1295 2847 1347 καὶ
2872 1293 2931 1345 τὸ
2954 1292 3179 1361 πτερὸν,
3200 1288 3378 1344 οὐσίαι
3423 1287 3572 1349 ὅντα,

2009 1385 2143 1456 πρός
2162 1402 2214 1438 τι
2247 1384 2618 1455 λαμϐάνονται
2641 1401 2656 1417 ·
2696 1386 2756 1439 οὐ
2789 1384 2927 1440 καθὸ
2952 1384 3136 1439 οὐσίαι
3170 1382 3415 1453 γίνονται
3440 1378 3575 1449 πρός

2007 1495 2081 1544 τι,
2108 1477 2247 1532 ἀλλά
2277 1479 2411 1533 καθὸ
2441 1478 2627 1550 σχέσιν
2658 1477 2772 1549 ἔχει
2801 1477 2941 1548 πρὸς
2977 1474 3207 1547 ἄλληλα.

2080 1671 2175 1730 ις’.
2211 1664 2324 1718 Kal.
2347 1663 2407 1717 τὸ
2439 1663 2604 1732 μέρος
2636 1662 2745 1734 γὰρ
2789 1662 2975 1734 σχέσιν
3001 1661 3125 1733 έχον
3177 1659 3314 1731 πρὸς
3343 1657 3405 1712 τὸ
3432 1655 3575 1725 ὅλον,

2010 1759 2173 1830 μέρος
2204 1760 2333 1829 ὅρου
2364 1758 2579 1826 λέγεται
2604 1773 2621 1790 ⁸
2680 1759 2773 1812 καὶ
2829 1758 2889 1811 τὸ
2914 1756 3035 1812 ὅλον
3070 1758 3130 1811 ἑν
3166 1757 3394 1828 μέρεσιν
3429 1755 3572 1811 ὅλον.

2005 1851 2118 1907 Καὶ
2144 1853 2213 1905 τὰ
2235 1850 2365 1922 γένη
2393 1851 2501 1905 τῶν
2539 1851 2740 1907 οὐσιῶν
2772 1853 2866 1906 καὶ
2914 1852 2983 1906 τὰ
3017 1851 3134 1922 εῐδη
3181 1851 3323 1906 κατὰ
3347 1855 3441 1905 τδν
3477 1849 3577 1920 τῆς

326 1944 564 1999 cundum
586 1944 925 2001 habitudinis
951 1948 1218 2010 rationem
1242 1947 1523 2001 dicuntur.
1549 1943 1733 2000 Genus
1753 1940 1896 1997 enim

2017 1944 2246 2015 σχέσεως
2273 1943 2495 2012 λέγεται
2525 1941 2709 2012 λόγον.
2743 1942 2817 1998 Tb
2845 1943 2954 2015 γὰρ
2982 1944 3142 2013 γένος
3173 1942 3349 2007 εἴδους
3381 1941 3536 2011 γένος
3556 1955 3570 1971 ·

330 2036 533 2105 speciei
570 2050 764 2105 genus,
793 2046 846 2093 et
873 2040 1084 2108 species
1116 2040 1333 2111 generis
1360 2040 1571 2110 species
1600 2048 1708 2096 est.

396 2129 482 2183 17.
517 2128 786 2185 Praeterea
820 2146 942 2201 quas
987 2140 1116 2188 sunt
1154 2133 1221 2187 ad
1256 2132 1458 2203 aliquid
1494 2132 1663 2188 simul
1697 2138 1899 2187 natura

328 2231 476 2278 sunt.
514 2221 674 2279 Unde
702 2233 756 2280 et
789 2238 849 2280 se
880 2225 1078 2280 tollunt
1112 2233 1305 2291 mutuo
1331 2235 1383 2279 et
1417 2224 1819 2282 coinferuntur.
1842 2223 1898 2279 Si

328 2313 473 2367 enim
507 2330 613 2370 non
642 2316 715 2370 sit
748 2316 893 2372 illius
928 2332 1028 2372 nec
1062 2326 1212 2387 pater
1239 2318 1381 2384 erit;
1416 2320 1503 2373 sin
1549 2329 1727 2373 autem
1758 2319 1903 2372 ﬁlius

330 2407 423 2469 sit,
459 2407 646 2479 utique
669 2418 721 2463 et
748 2418 904 2479 pater
930 2410 1035 2465 erit
1062 2425 1077 2465 :
1113 2420 1166 2466 et
1200 2425 1389 2467 rursus
1422 2413 1465 2467 si
1497 2421 1651 2482 pater
1679 2413 1898 2482 quidem

256 2509 262 2514 '
330 2496 426 2559 sit.
468 2507 523 2554 et
569 2498 714 2557 ﬁlius
753 2502 898 2569 erit;
951 2504 1036 2558 sin
1086 2511 1269 2560 autem
1306 2511 1459 2576 pater
1492 2519 1602 2561 non
1653 2505 1746 2572 sit,
1790 2520 1917 2561 nec.

328 2588 475 2646 ﬁlius
501 2592 631 2648 erit.

400 2681 488 2738 18.
511 2685 646 2741 Cum
671 2687 815 2742 enim
836 2687 1080 2745 defuncti
1112 2690 1279 2745 ﬁlium
1304 2691 1559 2757 dicimus,
1589 2694 1892 2749 secundum

328 2772 648 2832 relationem
680 2794 798 2833 eam
841 2782 1058 2849 quando
1090 2783 1270 2837 adhuc
1306 2783 1523 2839 vivebat
1564 2785 1882 2853 pronuntia-

327 2879 471 2930 mus,
501 2875 596 2922 aut
634 2870 794 2923 etiam
824 2870 981 2940 221
1017 2872 1163 2940 quod
1194 2881 1444 2930 mortuus
1498 2890 1606 2930 non
1649 2877 1894 2947 perierit.

324 2953 505 3020 Quare
540 2974 600 3013 ea
633 2975 752 3029 quae
785 2971 912 3016 sunt
952 2961 1020 3017 ad
1051 2963 1260 3035 aliquid
1290 2974 1345 3022 et
1370 2979 1432 3023 se
1474 2967 1670 3022 tollunt
1702 2979 1901 3025 mutuo

322 3055 379 3102 et
410 3050 570 3105 simul
601 3054 892 3110 exsistunt.

402 3164 484 3221 l9.
521 3168 586 3220 At
618 3184 748 3224 vero
768 3171 826 3223 τὸ
850 3171 1014 3228 simul
1040 3174 1309 3232 exsistere
1333 3184 1388 3233 et
1404 3193 1461 3232 se
1484 3185 1677 3234 mutuo
1702 3179 1893 3236 tollere

2004 2038 2098 2092 καὶ
2117 2037 2179 2091 τὸ
2206 2033 2346 2105 εἶδος
2372 2037 2570 2107 γένους
2596 2032 2761 2102 εἶδος.
2932 2090 2935 2095 ,

2078 2129 2164 2197 ιζ’.
2198 2131 2320 2185 Ἔτι
2348 2131 2418 2185 τά
2446 2130 2587 2202 πρός
2615 2148 2670 2185 τι
2698 2130 2818 2201 ἅμα
2866 2133 2932 2203 τῇ
2973 2129 3137 2199 φύσει
3190 2129 3360 2183 ἐστίν.
3410 2124 3577 2182 Ὅθεν

2003 2223 2097 2279 καὶ
2127 2221 2515 2294 συναναιροῦσι
2544 2223 2639 2278 καὶ
2667 2224 3141 2294 συνεισφέρονται.
3182 2221 3318 2276 Υιοῦ
3363 2221 3473 2290 γὰρ
3500 2220 3575 2291 μὴ

2002 2316 2176 2382 ὄντος,
2204 2318 2305 2372 οὐκ
2327 2317 2482 2373 ἔσται
2510 2317 2730 2390 «acup:
2756 2317 2910 2382 δντος
2932 2317 2996 2372 δὲ
3027 2316 3368 2381 υίοῦηέσται
3395 2313 3459 2385 δὴ
3481 2314 3577 2368 καὶ

2004 2412 2188 2480 πατήρ
2213 2425 2228 2440 ³
2252 2408 2532 2464 mtuam
2560 2411 2771 2482 πατρὸς
2801 2411 2902 2481 μὲν
2927 2409 3102 2473 ὄντος,
3131 2410 3229 2464 καὶ
3256 2407 3368 2472 alb;
3395 2408 3577 2461 ἔσται*

2006 2504 2081 2574 μὴ
2105 2503 2258 2567 ὅντος
2285 2501 2342 2556 δὲ
2369 2501 2600 2575 πατρὸς,
2637 2502 2740 2558 οὐκ
2759 2502 2914 2557 ἔσται
2941 2501 3081 2566 υἱός.

2072 2689 2167 2753 ιη’.
2192 2682 2379 2753 Είγὰρ
2411 2682 2643 2751 λέγομεν
2676 2681 2792 2737 υίδν
2822 2681 2919 2737 τοῦ
2943 2679 3417 2752 τετελευτηκότος,
3447 2678 3572 2734 κατ’

2001 2778 2282 2849 ἀναφορὰν
2304 2776 2405 2849 τὴν
2429 2777 2507 2831 ὅτ’
2543 2776 2643 2849 ἔζη
2671 2774 2833 2831 τοῦτό
2856 2791 3037 2847 φαμεν
3057 2788 3074 2806 ⁶
3106 2774 3140 2847 ἢ
3167 2775 3263 2828 καὶ
3294 2776 3377 2829 ὅτι
3398 2772 3574 2853 θανὼν

1999 2874 2099 2928 οὐκ
2152 2871 2420 2927 ἀπώλετο.
2448 2870 2615 2924 Ὥστε
2647 2868 2716 2926 τά
2748 2870 2887 2939 πρός
2918 2884 2975 2923 τι
2995 2870 3093 2925 καὶ
3128 2866 3449 2940 συναιροῦσι
3474 2868 3575 2922 καὶ

2001 2965 2433 3037 συνυπάρχουσι.

2074 3174 2123 3226 ιθ
2144 3210 2160 3228 .
2194 3173 2267 3228 Τὸ
2317 3172 2685 3246 συνυπάρχειν
2729 3172 2787 3228 δὶ
2820 3172 2920 3228 καὶ
2958 3173 3308 3243 συναναιρεῖν
3337 3171 3571 3226 ἐπὶτῶν

326 3256 382 3309 in
418 3256 486 3312 iis
519 3273 638 3326 qua:
668 3267 798 3314 sunt
826 3261 893 3317 ad
937 3263 1139 3335 aliquid
1171 3267 1351 3336 quoad
1386 3268 1762 3326 habitudinem
1800 3287 1896 3328 ac-

2017 3267 2142 3338 πρός
2171 3284 2224 3321 τι
2256 3267 2396 3323 κατά
2426 3266 2609 3339 σχέσιν
2640 3266 2966 3339 έκληπτέον,
2992 3266 3053 3322 οὐ
3074 3266 3196 3323 κατ’
3223 3265 3435 3321 οὐσίαν.
3483 3263 3587 3319 Ἐν

323 3348 629 3416 cipiendum
661 3363 764 3418 εει,
793 3368 899 3408 non
923 3357 1098 3424 quoad
1121 3360 1504 3417 substantiam.
1531 3361 1590 3417 in
1616 3379 1725 3433 quo
1748 3364 1895 3419 enim

2017 3353 2047 3429 ἶ)
2074 3360 2181 3430 γάρ
2207 3363 2322 3414 ἔστι
2349 3364 2463 3425 τοῖς
2490 3360 2627 3433 πρός
2654 3377 2708 3416 τι
2748 3361 2811 3415 τδ
2837 3360 3133 3432 ὑπάρχειν,
3165 3360 3221 3414 ὲν
3250 3357 3427 3430 τούτῳ
3477 3355 3577 3413 καὶ

325 3439 393 3495 iis
419 3436 542 3511 qua:
571 3456 698 3499 sunt
720 3446 784 3499 ad
843 3446 1048 3517 aliquid
1102 3450 1163 3504 τὸ
1222 3454 1486 3509 exsistere
1542 3454 1817 3520 convenit,
1843 3455 1896 3509 in

329 3530 431 3585 hoc
480 3530 542 3583 τὸ
574 3533 732 3587 simul
775 3536 1040 3593 exsistere
1070 3546 1123 3594 et
1154 3554 1212 3596 se
1251 3553 1440 3597 mutuo
1474 3544 1683 3601 tollere.

393 3642 483 3698 ΞΟ.
541 3643 748 3704 Rursus
797 3649 1097 3706 exsistente
1148 3654 1374 3711 scientia
1426 3656 1618 3712 scibile
1665 3667 1786 3723 est,
1845 3668 1901 3715 et

323 3751 489 3790 sensu
519 3739 800 3808 sensibile;
829 3742 1056 3799 scientia
1095 3753 1276 3801 autem
1335 3762 1443 3802 non
1491 3750 1790 3806 exsistente
1838 3763 1897 3807 et

324 3844 516 3895 sensu,
552 3833 716 3887 etiam
753 3834 944 3890 scihilc
981 3843 1036 3891 et
1083 3838 1341 3895 sensibile
1374 3840 1649 3897 sublatum
1695 3851 1801 3909 est,
1846 3851 1901 3899 et

325 3939 443 3977 ινιοε
475 3940 657 3979 νει-εἰ.

390 4034 481 4088 2t.
516 4035 841 4094 Etsiantem
891 4044 1246 4111 generatione
1290 4059 1420 4101 sunt
1451 4046 1639 4116 priora
1687 4046 1898 4102 sribilia

330 4136 383 4181 et
415 4129 695 4183 sensibilia
736 4132 896 4202 (ipsa)
930 4135 1163 4191 scientia
1217 4147 1271 4193 et
1322 4154 1508 4207 sensu,
1560 4155 1666 4193 non
1720 4150 1899 4194 tamen

320 4229 590 4287 quatenus
617 4223 829 4279 scibilia
851 4235 980 4282 sunt
1012 4237 1066 4283 et
1091 4229 1371 4295 sensibilia
1395 4245 1409 4284 :
1436 4229 1898 4300 quemadmodum

328 4324 509 4380 neque
550 4321 701 4382 pater
730 4331 836 4386 qua
873 4330 1027 4388 pater
1069 4320 1178 4375 ﬁlio
1208 4323 1291 4377 est
1336 4321 1639 4392 antiquior,
1679 4325 1895 4378 tametsi

320 4404 467 4472 prior
492 4405 564 4460 sit
591 4415 851 4478 tempore.
871 4413 1171 4481 Antequam
1205 4415 1348 4467 enim
1382 4416 1660 4481 generavit
1690 4415 1884 4478 ﬁlium,

320 4512 426 4552 non
477 4510 596 4553 erat
643 4511 794 4570 pater
829 4518 845 4558 :
880 4505 1096 4571 quamln
1144 4515 1326 4560 autem
1373 4508 1653 4570 generavit
1695 4499 1898 4572 tilium,

333 4602 464 4647 tunc
496 4593 693 4664 iurrpil
730 4607 785 4649 ut
817 4610 961 4651 esset
1003 4606 1178 4668 pater.
1221 4599 1311 4653 Sic
1338 4600 1499 4654 etiam
1528 4616 1617 4656 res
1647 4617 1705 4656 se
1738 4603 1900 4657 habet

321 4684 378 4737 in
412 4684 701 4742 scihilibus
739 4696 793 4743 et
821 4690 1195 4747 sensibilibus.

388 4799 478 4853 22.
512 4800 777 4857 Praeterea
820 4819 943 4874 quae
982 4815 1109 4860 sunt
1135 4808 1200 4861 ad
1234 4778 1433 4877 aliquid
1469 4818 1563 4864 aut
1609 4810 1663 4865 in
1722 4809 1895 4867 ﬁrmis

319 4894 439 4953 (seu
472 4894 919 4961 subsistentibus)
951 4914 1044 4966 per
1080 4914 1141 4953 se
1167 4901 1283 4955 sive
1312 4903 1636 4957 substantiis
1669 4905 1888 4958 habitu-

317 4984 501 5040 dinem
533 4988 804 5050 obtinrnl,
836 5003 925 5044 aut
955 4992 1006 5043 in
1042 5011 1148 5046 non
1183 4996 1355 5048 ﬁrmis
1386 5013 1478 5064 per
1508 5013 1586 5054 se.
1618 5014 1741 5066 qua:
1766 5008 1898 5052 sunt

317 5081 648 5137 accidentia.
682 5084 737 5137 Si
766 5086 993 5151 proinde
1020 5087 1242 5154 quidem
1270 5088 1323 5140 in
1355 5089 1528 5143 ﬁrmis
1556 5107 1652 5157 per
1689 5108 1767 5154 se,
1800 5103 1894 5142 aut

316 5174 622 5228 naturalem
659 5172 909 5230 Obtinent
946 5179 1108 5248 222
1144 5179 1547 5245 habitudinem,
1576 5194 1631 5235 ut
1662 5194 1817 5251 pater
1842 5193 1896 5237 rt

317 5265 485 5333 illius,
525 5277 618 5322 aut
668 5284 775 5323 non
823 5272 1149 5329 naturalem.
1187 5274 1242 5329 Si
1287 5291 1395 5329 non
1445 5278 1750 5330 naturalem
1801 5286 1891 5332 aut

316 5357 624 5421 fortuitam,
661 5370 722 5416 ut
749 5378 940 5418 servus
962 5373 1015 5419 et
1052 5366 1311 5422 dominus
1341 5385 1357 5437 ;
1386 5380 1479 5424 aut
1508 5371 1851 5426 artilicialem
1877 5414 1891 5433 ,

320 5460 381 5506 ut
409 5451 710 5521 discipulus
739 5464 794 5511 et
825 5457 1057 5526 doctor;
1087 5470 1181 5514 aut
1209 5462 1529 5527 electitiam,
1575 5474 1635 5517 ut
1684 5463 1894 5520 amicus

317 5553 373 5599 et
407 5545 641 5604 amicus.
677 5548 773 5603 Sin
810 5549 863 5604 in
892 5567 1006 5607 non
1044 5554 1216 5610 ﬁrmis
1246 5572 1342 5625 per
1366 5573 1426 5612 se
1451 5567 1547 5612 aut
1582 5557 1891 5612 naturalem

314 5650 405 5690 aut
439 5638 660 5709 duplum
691 5650 746 5694 et
775 5641 1063 5699 dimidium
1091 5661 1107 5713 ;
1155 5656 1251 5701 aut
1288 5663 1394 5702 non
1443 5649 1748 5703 naturalem
1778 5691 1793 5716 ,
1836 5658 1896 5703 ut

314 5741 574 5797 magnum
604 5742 656 5787 et
678 5747 926 5802 parvum.
953 5733 1070 5792 Hoc
1095 5739 1237 5792 enim
1272 5740 1502 5795 fortuna:
1532 5742 1707 5812 magis
1729 5756 1890 5811 quam

316 5828 525 5877 naturae
557 5833 657 5879 est.
695 5826 796 5882 Ars
813 5828 957 5883 enim
981 5838 1035 5883 et
1058 5832 1250 5886 electio
1280 5834 1332 5886 in
1358 5850 1464 5887 non
1499 5836 1670 5891 ﬁrmis
1708 5853 1804 5905 per
1836 5854 1894 5891 se

318 5908 500 5968 locum
540 5929 647 5970 non
684 5917 908 5987 habent,
938 5921 1043 5978 nisi
1086 5922 1222 5979 forte
1269 5928 1636 5992 conspiciatur
1686 5930 1889 5995 aliquid

2002 3453 2062 3504 τὺ
2088 3453 2453 3524 συνυπάρχειν
2485 3454 2581 3507 καὶ
2608 3453 2668 3508 τὸ
2708 3458 3079 3527 συναναιρεῖν.

2074 3660 2141 3718 κ’.
2182 3661 2352 3715 Πάλιν
2390 3660 2705 3731 ἐπιστήμης
2735 3676 2924 3730 ουσης,
2956 3660 3102 3714 ἔστιν
3127 3658 3417 3729 ἐπιστητόν
3442 3674 3458 3690 ο
3482 3657 3577 3713 καὶ

2005 3757 2333 3825 αἰσθήσεως,
2388 3755 2647 3827 αίσθητόν
2677 3770 2692 3785 ⁸
2727 3755 3036 3826 ἐπιστήμης
3092 3755 3147 3809 δὲ
3183 3754 3257 3824 μὴ
3284 3751 3452 3824 οὖσης
3481 3753 3576 3807 καὶ

2003 3847 2330 3918 αἰσθήσεως,
2363 3847 2635 3919 ἀνῄρηται
2689 3846 2786 3901 καὶ
2822 3850 2884 3900 rb
2914 3846 3205 3918 ἐπιστητὸν
3255 3845 3351 3898 καὶ
3389 3845 3451 3898 τὸ
3483 3845 3573 3899 al-

2007 3940 2200 4009 σθητόν
2224 3955 2239 3970 ⁸
2268 3940 2362 3992 καὶ
2391 3938 2683 3995 ἀνάπαλιν.

2073 4048 2177 4104 κα’.
2203 4050 2263 4103 Et
2296 4050 2353 4102 δὲ
2406 4050 2500 4104 καὶ
2533 4048 2944 4119 προγενέστερα
2981 4048 3051 4102 τὰ
3082 4049 3352 4132 ἐπιστητὰ
3388 4049 3486 4103 καὶ
3505 4049 3574 4101 τὰ

2003 4140 2238 4210 αἰσθητὰ
2264 4143 2366 4211 τῆς
2416 4143 2725 4211 ἐπιστήμης
2767 4139 2977 4209 καὶτῆς
3005 4140 3334 4211 αἰσθήσεως,
3363 4140 3483 4193 ἀλλ’
3515 4140 3576 4194 οὐ

2002 4234 2141 4289 καθὸ
2168 4234 2438 4305 ἐπιστητά
2472 4234 2565 4288 καὶ
2606 4233 2864 4305 αἰσθητά.
2898 4235 3137 4305 Ὥσπερ.
3166 4233 3278 4287 οὐδ’
3312 4236 3339 4287 ὅ
3371 4234 3576 4304 πατὴρ,

2002 4321 2037 4400 ᾗ
2066 4327 2272 4398 πατὴρ,
2309 4326 2680 4398 πρεσϐύτερός
2702 4326 2818 4379 ἔστι
2845 4324 2941 4381 τοῦ
2971 4326 3110 4393 υἱοῦ,
3143 4326 3248 4381 κᾶν
3281 4325 3360 4396 τῷ
3395 4326 3577 4397 χρόνῳ

2004 4420 2271 4491 πρότερος
2307 4419 2429 4488 εῐηο
2465 4419 2574 4489 πρὸ
2620 4418 2711 4472 τοῦ
2751 4419 3009 4488 γεννῆσαι
3050 4419 3159 4489 γὰρ
3202 4419 3320 4472 υἱὸν
3375 4422 3476 4473 οὐκ
3504 4414 3575 4489 ἦν

1954 4549 1960 4555 -
2003 4515 2186 4584 πατήρ
2212 4529 2225 4544 ·
2272 4513 2362 4567 ὅτε
2402 4511 2458 4565 δὲ
2491 4512 2824 4581 γεγέννηκεν
2866 4512 3019 4579 υίὸν,
3068 4513 3191 4566 τότε
3241 4512 3449 4581 ἧρξατο
3485 4510 3578 4565 τοῦ

2003 4603 2141 4660 εἶναι
2196 4607 2377 4676 πατήρ
2404 4622 2418 4636 ·
2460 4604 2634 4669 οὕτως
2681 4604 2795 4675 ἔχει
2831 4605 2969 4659 κάπὶ
3008 4604 3119 4659 τῶν
3152 4604 3466 4675 ἐπιστητῶν
3515 4619 3577 4657 τε

1930 4674 1977 4733 υ
2004 4701 2097 4755 καὶ
2119 4674 2416 4769 αῑσθητιῦν.

2072 4813 2176 4883 κβν.
2209 4812 2329 4866 Ἔτι
2356 4812 2427 4864 τά
2452 4810 2590 4882 πρός
2619 4828 2695 4874 τι,
2729 4810 2761 4880 ἦ
2798 4812 2857 4865 ὲν
2888 4814 3001 4875 τοῖς
3039 4812 3427 4891 αὐθεδράστοις
3457 4812 3585 4885 ἤτοι

2002 4909 2121 4969 ταῖς
2149 4905 2361 4968 οὐσίαις
2383 4903 2497 4975 ἔχει
2519 4904 2619 4973 τὴν
2652 4904 2837 4975 σχέσιν
2872 4905 2904 4974 ἢ
2952 4905 3050 4959 οὐκ
3076 4906 3136 4958 ὲν
3165 4908 3277 4968 τοῖς
3310 4905 3583 4977 αὐθεδράο

2006 5018 2172 5062 στοις.
2201 5001 2343 5069 ειπερ
2365 4999 2482 5051 ἐστὶ
2507 4998 2575 5051 τὰ
2608 4997 3018 5069 συμϐεϐηκότα.
3056 5000 3116 5052 El
3141 5000 3240 5068 μὲν
3259 4996 3354 5054 οὖν
3384 5005 3443 5054 ἐν
3468 5006 3586 5065 τοῖς

2002 5091 2408 5163 αὐθεδράστοις,
2447 5091 2479 5162 ἢ
2513 5090 2746 5162 φυσικὴν
2779 5091 2892 5162 ἔχει
2919 5091 3017 5163 τὴν
3057 5092 3265 5161 σχέσιν,
3290 5093 3366 5156 ὡς
3390 5096 3587 5165 πατὴρ

2004 5188 2096 5241 καὶ
2127 5186 2271 5250 υἱός·
2303 5186 2337 5257 ἢ
2372 5186 2433 5239 οὐ
2474 5184 2734 5255 φυσικήν.
2786 5186 2850 5238 Ei
2897 5184 2942 5238 δ’
2964 5185 3025 5237 οὐ
3063 5187 3324 5254 φυσικὴν,
3360 5186 3392 5256 ἢ
3425 5204 3584 5257 τυχι-

2003 5278 2126 5350 κὴν,
2155 5279 2228 5342 ὡς
2258 5277 2444 5341 δοῦλος
2498 5278 2594 5332 καὶ
2621 5277 2895 5348 δεσπότης
2919 5294 2935 5312 ο
2980 5277 3012 5349 ἥ
3052 5280 3330 5349 τεχνικὴν,
3365 5281 3443 5343 ὡς
3473 5299 3583 5350 μα-

2004 5373 2173 5443 θητὴς
2207 5371 2303 5425 καὶ
2358 5370 2715 5434 διδάσκαλος’
2774 5371 2808 5443 ἢ
2847 5371 3266 5441 προαιρετικὴν,
3321 5373 3400 5434 ὠς
3422 5373 3580 5441 φίλος

2001 5471 2094 5525 καὶ
2125 5468 2293 5538 φίλος.
2316 5469 2378 5522 Et
2399 5467 2444 5521 δ’
2472 5466 2575 5521 οὐκ
2604 5468 2661 5520 εν
2685 5470 2795 5533 τοῖς
2813 5466 3218 5539 αὑθεδραστοις.
3238 5466 3283 5535 ἢ
3315 5469 3583 5537 φυσικὴν,

1998 5562 2075 5625 ὡς
2102 5561 2385 5615 διπλάσιον
2435 5561 2531 5615 καὶ
2556 5561 2767 5632 ἥμισυο
2807 5560 2840 5632 ἢ
2892 5560 2958 5614 οὐ
3017 5561 3278 5630 φυσικὴν,
3320 5560 3397 5623 ὠς
3430 5562 3577 5629 μέγα

2002 5652 2096 5707 καὶ
2146 5651 2362 5722 μικρόν.
2418 5650 2589 5703 Τοῦτο
2641 5648 2749 5721 γάρ
2800 5649 2975 5720 τύχης
3006 5649 3210 5719 μᾶλλον
3261 5649 3292 5719 ἢ
3332 5652 3577 5717 φύσεωςο

2001 5744 2177 5815 Τέχνη
2217 5742 2274 5796 δὲ
2324 5743 2416 5795 καὶ
2453 5741 2778 5813 προαίρεσις
2808 5742 2866 5796 ὲν
2901 5743 3015 5805 τοῖς
3046 5741 3149 5795 οὐκ
3178 5738 3571 5810 αὐθεδράστοις

2003 5836 2186 5905 χώραν
2217 5834 2317 5886 οὐκ
2344 5832 2580 5904 ἔχουσιν.
2614 5833 2675 5886 Εἰ
2714 5833 2788 5903 μή
2836 5832 2887 5887 τι
2915 5844 3029 5887 που
3051 5831 3247 5902 φανείη
3282 5830 3420 5900 πρὸς
3443 5830 3576 5885 ἄλλο

2002 5928 2098 5996 τὴν
2132 5927 2409 5996 ἁναφορᾶν
2453 5924 2596 5997 ἔχον,
2634 5926 3000 5998 αὺθέδραστον
3050 5926 3144 5980 καὶ
3190 5925 3330 5979 κατὰ
3364 5922 3573 5995 συμὸε-
