3872 6480
332 378 437 441 8ίὶ5
492 361 497 369 ’

1579 375 1917 442 EPI'I‘OME
1960 378 2252 439 LOGICA.

2567 248 2603 259 σν

3465 383 3570 444 8ὕῦ

323 498 581 553 Τοιοῦτόν
616 499 731 558 ἐστι
773 482 836 555 Ῑεδ
882 477 1198 573 ἀδημονεῖν,
1260 500 1356 554 καὶ
1389 500 1519 554 αὐτὸ
1553 502 1613 554 τὸ
1660 498 1887 567 πάσχειν

2004 496 2149 561 nere)
2195 510 2314 565 quae
2359 496 2665 565 passionem
2712 498 2992 565 denotant,
3029 498 3244 555 tametsi
3283 499 3562 569 operatio-

318 593 490 655 πάθος
512 590 796 663 δηλοῦντα.
843 592 950 648 κᾶν
979 594 1263 664 ἐνέργειαν
1291 596 1357 665 τῇ
1393 594 1645 665 προφορᾷ
1682 607 1892 663 σχημαο

316 685 587 751 τίζωνται.
613 686 747 741 Τινά
773 687 829 740 δὲ
854 686 1171 759 παθητικῶς
1202 686 1583 757 προαγόμενα,
1606 682 1893 754 παριστῶ-

320 795 404 833 σιν
434 779 745 849 ἐνέργειαν·
788 775 899 833 οἷον
948 779 1008 834 τὸ
1060 779 1325 852 ἔρχεσθαι
1356 780 1450 833 καὶ
1488 777 1594 851 (τὸ)
1621 777 1889 847 ἀγωνίζε-

322 872 469 928 σθαι.

390 968 457 1031 γθ.
494 965 797 1033 Διαιρεῖται
835 940 891 1019 δὲ
925 963 987 1017 τὸ
1019 966 1200 1020 ποιεῖν
1230 965 1311 1030 είς
1343 982 1403 1019 τε
1436 964 1498 1018 τὸ
1525 964 1773 1033 θεωρεῖν,
1797 963 1889 1014 καὶ

319 1055 400 1118 εἰς
423 1055 485 1109 ἐδ
516 1057 807 1126 ὀμώνυμον
855 1056 934 1128 τῷ
972 1059 1120 1127 γένει
1161 1058 1356 1125 ποιεῖν,
1388 1059 1482 1112 καὶ
1508 1059 1589 1122 είς
1622 1057 1684 1111 τὸ
1714 1057 1891 1129 πράτ-

317 1164 454 1203 τειν.

388 1233 451 1289 δ’.
483 1239 557 1291 To
585 1236 683 1308 μὲν
728 1237 822 1293 οὖν
846 1238 1071 1307 θεωρεῖν
1093 1240 1127 1313 ἢ
1154 1242 1282 1309 περὶ
1303 1240 1401 1312 τὴν
1425 1239 1538 1294 τῶν
1563 1238 1770 1310 νοητῶν
1798 1239 1892 1291 καὶ

319 1331 631 1399 ἀμερίστων
653 1332 852 1385 οὐσιῶν
886 1332 1176 1404 ἐπίσκεψιν
1234 1334 1487 1403 νοήσεσιν
1518 1332 1717 1394 ἁπλαῖς
1743 1333 1894 1400 ὲνερ-

318 1426 426 1491 γεῖ,
459 1423 598 1494 ὅπερ
631 1424 747 1479 ἐστὶ
776 1425 871 1479 καί⁵
912 1427 1129 1497 κυρίως
1147 1426 1377 1497 θεωρεῖν
1401 1443 1414 1458 ·
1448 1425 1612 1496 ἔργον
1642 1424 1702 1479 δὲ
1732 1424 1893 1478 τοῦτο

321 1516 484 1588 μόνου
524 1518 675 1581 νοόςο
718 1517 753 1589 ἤ
784 1519 914 1590 περὶ
958 1518 1029 1574 τὰ
1056 1518 1291 1593 ἀκίνητα
1324 1516 1689 1590 μαθηματικὰ
1722 1519 1893 1571 ποιεῖ-

317 1626 409 1662 ται
438 1609 714 1681 διανόησιν
738 1626 752 1641 ·
786 1607 897 1665 οἷόν
943 1612 1060 1665 ἐστι
1088 1612 1149 1665 τδ
1180 1611 1523 1683 γεωμετρεῖν
1555 1598 1891 1681 ὡρισμέναις

322 1703 442 1773 μὲν,
475 1705 535 1759 οὐ
585 1704 693 1777 μὴν
717 1704 918 1768 ἁπλαῖς
970 1702 1052 1758 ἔτι
1102 1702 1389 1776 χρώμενον
1421 1706 1544 1767 ταῖς
1588 1700 1889 1768 ἐπιϐολαῖς,

316 1796 453 1850 ἀλλά
489 1798 763 1887 σννθέτοις
796 1799 890 1852 καὶ
935 1798 1079 1852 κατὰ
1110 1797 1361 1864 διέξοδον,
1398 1792 1510 1852 οἷαί
1543 1798 1681 1850 εἰσιν
1713 1797 1767 1849 al
1795 1795 1893 1865 τῆς
1926 1831 1968 1888 Β

318 1878 567 1960 καθαρῗίς
598 1888 840 1954 διανοίας
900 1890 1199 1961 ἐνέργειαι.
1242 1892 1313 1944 Ἦ
1365 1891 1493 1961 περὶ
1552 1888 1648 1953 τὰς
1712 1891 1886 1944 ἀεικι·

316 1982 513 2053 νὴτους
539 1980 801 2053 αίσθητάς
838 1979 1025 2046 οὐσίας
1057 1984 1291 2037 ποιεῖται
1316 1982 1416 2051 τὴν
1444 1978 1887 2052 θεωρίαναίσθή-

318 2091 401 2128 σει
426 2074 563 2145 μετὰ
586 2071 849 2145 λογισμοῦ
883 2072 1189 2145 χρώμενον.
1235 2068 1362 2128 Οίόν
1390 2074 1510 2128 ἐστι
1548 2073 1611 2127 τὸ
1635 2074 1892 2142 ἀστρονο-

321 2169 445 2236 μεῖν
494 2167 820 2239 συμφώνους
861 2168 978 2232 τοῖς
1010 2168 1358 2239 φαινομένοις
1387 2167 1513 2232 τοὺς
1543 2166 1733 2236 λόγους
1768 2169 1890 2221 επι-

315 2257 688 2329 δεικνύμενον.

389 2536 453 2597 ε’.
479 2537 594 2595 Καὶ
621 2536 793 2602 οὕτως
824 2539 854 2608 ἡ
883 2536 981 2608 ὅλη
1004 2537 1103 2607 τῆς
1131 2533 1369 2607 θεωρίας
1400 2530 1651 2601 ἐνέργεια
1679 2526 1889 2582 ἄνωθεν

315 2629 427 2686 ἀπὸ
458 2627 568 2684 τῶν
601 2627 860 2701 καθαρῶν
881 2628 1124 2698 νοήσεων
1158 2627 1250 2681 ἐπὶ
1282 2625 1409 2689 τοὺς
1436 2623 1560 2694 μετ’
1582 2622 1891 2694 αἰσθήσεως

314 2723 614 2796 λογισμοὺς
644 2722 941 2795 προχωρεῖ.
965 2720 1041 2775 Τὸ
1075 2719 1175 2793 μὲν
1201 2717 1299 2774 οῦν
1317 2718 1542 2789 θεωρεῖν
1573 2716 1744 2779 οὕτως
1767 2715 1890 2786 ἔχον

315 2814 454 2869 ἐστί.

388 2906 463 2973 ς’.
492 2908 566 2962 Τδ
609 2908 654 2963 δ’
680 2906 1007 2980 ὁμωνυμοῦν
1051 2906 1133 2976 τῷ
1181 2905 1334 2976 γένει
1364 2904 1563 2967 ποιεῖν,
1620 2902 1679 2956 ὲν
1709 2902 1788 2973 τῷ
1818 2901 1886 2954 τὰ

320 3001 457 3072 μηδέ
489 3017 593 3055 που
628 2996 769 3055 εἶναι
811 3001 1131 3072 μετέχοντα,
1174 3000 1253 3063 είς
1287 2996 1348 3051 τὸ
1397 2995 1539 3051 εῖναι
1572 2994 1729 3063 ἄγειν
1753 2991 1889 3064 ὑφέ-

317 3111 508 3166 στηκε.
544 3092 719 3148 Τοῦτο
758 3092 814 3147 δὲ
840 3092 1050 3164 κυρίως
1106 3090 1200 3144 καὶ
1252 3090 1495 3161 ἀληθῶς,
1536 3090 1598 3141 ὲν
1631 3086 1781 3158 μόνῳ
1810 3087 1889 3158 τῷ

1997 599 2119 640 nem
2169 587 2478 655 prolatione
2531 590 2780 659 ligni-ent.
2834 590 3092 658 Quasdam
3144 591 3381 663 denique
3436 606 3562 647 cum

1997 680 2214 749 passive
2244 682 2615 752 proferantur,
2646 686 2916 742 actionem
2944 694 3358 757 repraesentant,
3391 696 3452 741 ut
3478 686 3567 742 in-

1996 773 2145 845 gredi
2177 784 2230 830 et
2263 776 2521 846 przeliari.

2065 954 2120 1010 5.
2147 944 2266 1010 Jam
2322 973 2452 1014 vero
2482 960 2544 1013 τὸ
2594 958 2775 1016 facere
2822 968 2878 1017 et
2923 961 2980 1016 ln
3023 965 3379 1034 contemplari
3415 974 3469 1021 et
3509 964 3565 1020 in

1992 1047 2331 1116 :equivocum
2355 1050 2539 1121 generi
2568 1052 2751 1109 facere
2780 1061 2836 1110 et
2864 1054 2919 1110 iu
2951 1070 3110 1126 agere
3139 1056 3422 1113 dividitur.

2065 1237 2119 1290 4.
2153 1236 2522 1305 Contemplari
2570 1238 2800 1306 proinde
2830 1239 3051 1309 quidem
3085 1241 3168 1296 vel
3207 1241 3275 1296 de
3314 1242 3568 1314 intelligi-

1996 1330 2202 1386 bilibus
2231 1341 2283 1386 et
2317 1330 2745 1388 imlivisibilihus
2795 1334 3121 1390 substantiis
3168 1335 3564 1394 consideratio-

1996 1437 2117 1477 nem
2185 1430 2406 1492 praestat
2461 1423 2805 1493 simplicibus
2862 1423 3366 1493 intellectionibus,
3421 1428 3566 1497 quod

1996 1516 2156 1571 etiam
2186 1517 2406 1586 preprie
2451 1526 2535 1574 est
2584 1518 2941 1588 contemplari
2997 1518 3124 1590 (hoc
3157 1528 3342 1577 autem
3394 1520 3570 1576 solius

1998 1610 2197 1665 mentis
2229 1626 2429 1666 munus
2458 1611 2588 1681 est),
2622 1611 2702 1667 vel
2734 1611 2878 1689 circa
2926 1611 3225 1668 immobilia
3264 1598 3571 1670 maihema-

1997 1704 2103 1759 tica
2155 1705 2671 1760 commentationem
2726 1705 2863 1774 obit,
2897 1706 3043 1761 velut
3092 1718 3175 1762 est
3231 1718 3568 1777 geometram

1999 1812 2195 1868 agere;
2229 1796 2469 1853 deﬁnitis
2502 1798 2722 1869 quidem
2750 1800 2847 1855 sed
2881 1814 2990 1855 non
3036 1801 3273 1869 amplius
3303 1801 3571 1873 simplici-

1999 1891 2099 1947 bus
2127 1899 2283 1945 utens
2306 1891 2781 1961 applicatiouibus,
2817 1908 3007 1947 verum
3043 1894 3365 1961 compositis
3391 1906 3445 1951 et
3474 1911 3569 1953 se-

1996 1986 2229 2041 cundum
2263 1986 2554 2040 transitum
2592 1987 2660 2041 ab
2696 2002 2805 2041 uno
2837 1988 2903 2041 ad
2928 1986 3076 2042 aliud
3106 1988 3296 2058 quales
3326 1998 3453 2044 sunt
3482 2005 3570 2045 ac-

1996 2088 2082 2133 tus
2107 2094 2254 2148 purae
2276 2078 2544 2147 dianucae;
2573 2078 2651 2132 vel
2680 2079 2825 2133 circa
2858 2094 3078 2150 semper
3102 2080 3330 2137 mobiles
3359 2090 3413 2135 et
3440 2097 3571 2137 scn-

1995 2165 2182 2221 sibiles
2204 2166 2539 2223 substantias
2569 2168 3037 2239 contemplatione
3067 2168 3384 2240 defungitur
3403 2186 3570 2227 sensu

1994 2272 2118 2313 cum
2155 2258 2570 2315 ratiocinatione
2617 2267 2812 2327 utens;
2865 2262 3014 2316 velut
3050 2270 3136 2317 est
3185 2273 3567 2320 astronomum

1996 2366 2157 2423 agere
2196 2353 2663 2411 consentientibus
2695 2353 3059 2424 phaenomena
3088 2371 3188 2413 seu
3224 2361 3570 2429 apparentias

1907 2470 1913 2476 -
1995 2443 2297 2500 rationibus
2324 2455 2788 2504 commonstrans.

2065 2538 2119 2593 5.
2149 2538 2326 2608 Atque
2348 2539 2420 2595 ita
2454 2547 2561 2595 tota
2595 2540 3076 2610 contemplationis
3101 2541 3308 2598 functio
3333 2558 3571 2612 superne

1993 2645 2022 2685 a
2076 2631 2230 2701 puris
2282 2633 2747 2690 lntelleetiouibus
2796 2634 2862 2690 ad
2909 2634 3358 2692 ratiocinationes
3406 2634 3573 2706 229

1994 2737 2117 2778 cum
2165 2723 2571 2794 sensujunctas
2601 2726 2851 2796 procedit
2877 2742 2895 2796 ;
2923 2725 2985 2779 τὸ
3013 2725 3370 2797 contemplari
3406 2726 3571 2796 igitur

1993 2818 2070 2873 ita
2103 2833 2161 2872 se
2189 2816 2375 2872 habet.

2063 2909 2115 2963 6.
2155 2908 2311 2975 Quod
2348 2916 2530 2962 autem
2563 2910 2747 2981 generi
2777 2908 3117 2980 aquivocum
3159 2917 3244 2965 est
3271 2906 3469 2971 facere,
3512 2908 3568 2964 in

1995 3001 2097 3056 hoc
2124 3001 2270 3071 quod
2301 3009 2382 3055 est
2411 3000 2463 3054 in
2495 3017 2616 3057 esse
2642 3002 2910 3058 deducere
2941 3016 3005 3058 ea
3037 3017 3160 3072 qua:
3192 3017 3313 3057 esse
3340 3017 3567 3072 prorsus

1996 3108 2103 3149 non
2124 3092 2455 3161 habuerunt,
2486 3093 2759 3150 consistit.
2780 3091 2894 3151 Hoc
2917 3102 3097 3150 autem
3126 3094 3343 3165 proprie
3366 3101 3419 3148 et
3442 3108 3569 3149 vere

315 3186 434 3260 Θεῷ
469 3189 585 3241 ἐστι
617 3185 696 3257 τῷ
741 3184 921 3240 πάντα
946 3184 1014 3239 τὰ
1038 3184 1168 3237 ὄντα
1200 3184 1265 3235 ἐκ
1302 3182 1378 3253 μὴ
1435 3181 1606 3234 ὄντων
1641 3196 1887 3250 παραγα-

2004 3184 2056 3240 ἰη
2090 3186 2206 3242 solo
2240 3186 2350 3242 Deo
2378 3198 2484 3251 est,
2533 3185 2627 3257 qui
2672 3187 2858 3243 omnia
2887 3185 3038 3243 entia
3081 3202 3149 3243 ex
3202 3201 3311 3243 non
3344 3185 3568 3241 cutibus

314 3281 463 3351 γόντι
484 3279 546 3334 τὺ
571 3281 810 3350 πρῶτον,
844 3279 941 3331 καὶ
968 3276 1122 3340 αὖθις
1151 3276 1210 3343 ἐξ
1234 3275 1404 3330 ὅντων
1436 3276 1504 3329 τά
1537 3273 1613 3346 μὴ
1640 3273 1767 3326 ἐντα
1789 3289 1888 3326 πα-

316 3373 559 3445 ράγοντι.
596 3372 861 3441 Λέγονται
887 3370 942 3424 δὲ
974 3370 1069 3433 καῖ
1101 3370 1157 3424 αἱ
1194 3369 1384 3441 τέχναι
1418 3368 1594 3421 ποιεῖν
1626 3366 1698 3420 τά
1753 3366 1888 3438 χρή-

315 3482 455 3535 σιμα
504 3464 645 3537 πρὸς
665 3465 765 3537 τὴν
793 3464 1129 3536 αὐτάρκειαν
1161 3461 1257 3517 τοῦ
1287 3461 1406 3533 βίου
1433 3460 1888 3535 παρασκευάζου-

315 3574 423 3615 σαι.

390 3674 454 3732 ”.
485 3676 560 3729 Τδ
585 3674 644 3728 δὲ
675 3675 939 3746 πράττειν
972 3673 1068 3727 ἐπὶ
1098 3671 1194 3728 τοῦ
1226 3671 1611 3745 προαιρεῖσθαι
1644 3673 1738 3728 καὶ
1765 3671 1890 3744 βου-

313 3767 568 3825 λεύεσθαι
619 3768 717 3823 καὶ
766 3765 1113 3838 δογματίζειν
1157 3765 1254 3820 καὶ
1296 3765 1406 3820 τῶν
1436 3764 1639 3836 ὁμοίων
1669 3765 1886 3838 λαμϐά-

313 3877 465 3916 νεται
472 3900 489 3917 .

382 3982 455 4048 η’.
481 3974 639 4041 Τινὲς
678 3975 737 4032 δὲ
761 3975 1052 4046 ποιητικάς
1104 3975 1205 4045 μὲν
1231 3974 1454 4043 λέγουσι
1488 3972 1686 4044 τέχνας
1716 3969 1790 4028 ὧν
1816 3973 1885 4028 τὰ

314 4066 731 4138 ἀποτελέσματα
753 4068 1061 4140 παραμένει
1093 4068 1231 4138 μετὰ
1250 4066 1348 4138 τὴν
1375 4067 1596 4137 ποίησιν
1616 4083 1629 4096 ·
1664 4065 1740 4131 ὠς
1765 4064 1882 4136 εχει

311 4163 347 4232 ἡ
384 4160 702 4233 οἰκοδομικὴ
730 4161 826 4215 καὶ
854 4163 1167 4232 ναυπηγική
1191 4176 1208 4194 ο
1243 4160 1557 4232 πρακτικὰς
1602 4158 1679 4235 δὲ,
1703 4151 1777 4213 ὧν
1813 4159 1883 4212 τὰ

310 4253 732 4324 ἀποτελέσματα
781 4254 841 4308 ἐν
871 4252 951 4325 τῷ
979 4252 1227 4323 γίνεσθαι
1261 4250 1323 4305 τὸ
1359 4247 1502 4305 εἶναι
1556 4250 1750 4322 ἔχοντα
1774 4240 1883 4317 ,ὀύ

312 4345 658 4417 παραμένει⁸
690 4346 766 4411 ὡς
810 4345 905 4401 ἐπὶ
956 4342 1401 4417 τῆςυαωητικῆς
1442 4343 1591 4398 ἔστιν
1619 4345 1753 4416 όρᾷν
1788 4344 1886 4398 καὶ

311 4440 670 4511 ὀρχηστικῆς.

382 4643 448 4700 θ’.
476 4643 775 4713 θεωρεῖται
796 4641 867 4703 δὲ,
886 4643 981 4696 καὶ
1015 4642 1073 4693 ὲν
1111 4638 1343 4710 ἀψύχοις
1375 4640 1435 4692 τὸ
1467 4640 1663 4703 ποιεῖν,
1692 4639 1882 4707 ὥσπερ

310 4738 375 4809 δὴ
426 4736 518 4790 καὶ
568 4735 629 4787 τὸ
676 4734 942 4803 πάσχειν·
974 4726 1086 4785 οἷον
1132 4733 1192 4784 τὸ
1228 4731 1339 4801 πῦρ
1371 4731 1676 4802 θερμαίνει,
1711 4729 1805 4783 καὶ
1854 4732 1882 4783 ὀ

310 4828 647 4900 κρύσταλλος
698 4824 883 4895 ψύχει,
936 4824 1033 4878 καὶ
1092 4823 1155 4877 τὸ
1186 4822 1343 4890 ξύλον
1374 4823 1651 4893 τέμνεται,
1712 4823 1809 4877 καὶ
1855 4824 1884 4876 ό

309 4919 458 4983 λίθος
487 4918 860 4988 θερμαίνεται,
896 4914 992 4968 καὶ
1022 4912 1185 4978 αὖθις
1220 4913 1478 4983 ψύχεται.
1548 4966 1560 4979 ,

390 5017 443 5067 ι’.
470 5008 577 5063 Τοῦ
612 5009 845 5077 πάσχειν
894 5005 952 5059 δὲ
981 5006 1042 5058 τὸ
1070 5005 1169 5074 μὲν
1213 5003 1331 5058 ἐστι
1360 5004 1683 5076 φθαρτικὸν,
1712 5006 1789 5069 ὡς
1821 5006 1883 5060 τὸ

309 5101 589 5166 καίεσθαι,
618 5099 679 5152 τὺ
737 5099 795 5152 δὲ
825 5096 1199 5161 τελειωτικδν,
1251 5095 1326 5161 ὼς
1365 5096 1426 5149 τὸ
1469 5096 1762 5166 μανθάνειν
1791 5100 1888 5152 καὶ

309 5195 605 5266 γινώσκειν
630 5192 724 5248 καὶ
752 5189 1129 5245 αἰσθάνεσθαι.

382 5310 473 5365 ια’.
506 5311 569 5364 Et
602 5309 659 5362 δὲ
686 5309 749 5362 τδ
782 5310 958 5361 ποιεῖν
986 5306 1084 5360 καὶ
1113 5306 1350 5377 πάσχειν
1375 5304 1559 5377 σχέσιν
1594 5306 1707 5376 ἔχει
1747 5306 1885 5377 πρὸς

306 5405 534 5475 ἄλληλα,
557 5402 633 5467 ὡς
654 5402 715 5456 τὸ
754 5399 1072 5471 θερμαίνειν
1100 5399 1278 5453 καὶτὸ
1317 5397 1707 5468 θερμαίνεσθαι
1726 5414 1741 5430 ο
1769 5398 1886 5451 ἀλλ’

230 5544 237 5549 .
308 5500 546 5554 ἕκαστον
574 5496 707 5567 χρὴ,
753 5494 890 5549 καθὸ
920 5493 1204 5562 λέγεσθαι,
1251 5492 1394 5546 κατὰ
1423 5490 1585 5545 τοῦτο
1617 5491 1716 5545 καὶ
1748 5491 1878 5544 ἀνά-

307 5608 426 5661 γειν
453 5590 546 5643 ἐπὶ
574 5588 676 5660 (τὸ)
710 5588 888 5655 γένος.
920 5586 1076 5643 Ἔστι
1105 5586 1289 5639 τοίνυν
1338 5588 1431 5638 καὶ
1465 5584 1526 5638 τδ
1555 5587 1732 5637 ποιεῖν
1760 5585 1884 5639 καθ’

308 5683 443 5737 αὐτὸ
499 5680 906 5750 κεχωρισμένον
963 5678 1073 5731 τῶν
1123 5677 1261 5747 πρός
1294 5693 1370 5739 τι,
1427 5678 1525 5731 καὶ
1554 5678 1614 5729 τὸ
1650 5677 1884 5746 πάσχειν

307 5774 592 5837 ὡσαύτως.
627 5773 895 5841 Καθάπερ
922 5770 968 5825 δ’
1001 5772 1057 5823 ιν
1101 5770 1146 5822 δ’
1175 5769 1334 5839 οὐσίᾳ
1372 5770 1431 5822 τὸ
1463 5770 1601 5839 πρός
1636 5787 1688 5823 τι
1730 5771 1886 5837 ἐφαί-

312 5885 453 5935 νετο,
485 5869 625 5926 κατὰ
654 5866 714 5922 τὺ
746 5866 934 5937 πατὴρ
961 5863 1058 5920 καὶ
1080 5863 1193 5928 υίὸς
1225 5864 1328 5919 κάν
1357 5862 1436 5933 τῷ
1466 5863 1617 5933 ποσῷ
1656 5863 1795 5917 κατὰ
1825 5863 1885 5917 τὸ

1993 3278 2245 3343 produxit
2267 3280 2525 3348 primum,
2548 3287 2601 3335 et
2626 3280 2819 3335 iterum
2844 3296 2911 3337 ex
2938 3278 3395 3351 entibus(in)‘non
3424 3280 3570 3335 cutia

1994 3365 2224 3420 reducit.
2257 3360 2519 3422 Dicuntur
2549 3367 2684 3437 quin
2716 3367 2877 3423 etiam
2910 3375 3055 3422 artes
3086 3367 3265 3423 facere
3288 3381 3411 3429 cum
3449 3365 3562 3419 uti-

1993 3454 2063 3509 lia
2094 3456 2160 3510 ad
2189 3456 2570 3512 sufficientiam
2595 3458 2722 3514 vitae
2757 3467 3100 3530 comparant.

2063 3667 2117 3722 7.
2148 3666 2218 3719 At
2246 3666 2307 3719 τὸ
2340 3679 2502 3735 agere
2543 3662 2610 3719 de
2643 3663 2731 3736 (iis
2752 3676 2887 3735 quae
2917 3661 3068 3732 sunt)
3100 3660 3302 3732 eligere
3344 3666 3401 3716 et
3435 3672 3568 3716 eon-

1991 3757 2197 3813 sultare
2220 3764 2272 3813 et
2294 3766 2533 3812 statuere
2560 3762 2615 3810 et
2644 3755 2921 3810 similibus
2954 3751 3244 3825 accipitur.

2060 3959 2113 4014 8.
2145 3957 2397 4015 Factivas
2425 3974 2586 4030 porro
2622 3959 2841 4029 quidem
2876 3968 3023 4016 artes
3056 3959 3281 4025 dicunt,
3322 3972 3559 4029 quarum

1989 4053 2378 4125 apotclesmata
2410 4069 2505 4109 seu
2542 4052 2730 4108 effecta
2779 4061 2905 4125 post
2953 4052 3294 4110 effectionem
3341 4066 3557 4122 perma-

1990 4158 2142 4212 nent,
2174 4145 2448 4216 quomodo
2476 4146 2918 4201 acditieandarum
2946 4145 3231 4202 domorum
3257 4154 3311 4200 et
3340 4144 3560 4199 navium

1995 4240 2444 4295 fabricaudarum
2495 4254 2586 4294 ars
2622 4255 2681 4295 se
2712 4239 2895 4295 habet.
2932 4239 3152 4293 Activas
3184 4248 3365 4295 autem
3415 4247 3563 4293 artes

1992 4343 2184 4389 vocant
2212 4349 2442 4402 quarum
2477 4333 2869 4403 apotelesmata
2901 4346 2995 4387 seu
3029 4331 3218 4388 effecta
3242 4348 3365 4387 cum
3401 4332 3454 4385 in
3491 4345 3557 4387 eo

1988 4427 2133 4497 quod
2168 4425 2304 4482 fiunt
2356 4441 2518 4481 suum
2555 4441 2676 4483 esse
2721 4426 2991 4492 habeant,
3035 4440 3143 4480 non
3187 4435 3560 4496 permanent:

1920 4526 1965 4582 1)
1997 4530 2056 4573 ut
2090 4519 2142 4573 iu
2184 4518 2497 4574 modulandi
2527 4528 2582 4575 et
2619 4520 2849 4575 saltandi
2888 4520 3101 4597 artibus
3134 4518 3316 4575 videre
3348 4527 3454 4574 est.

2064 4637 2115 4692 9.
2148 4628 2540 4691 Consideratur
2562 4643 2826 4705 praeterea
2849 4634 2911 4689 τὸ
2944 4634 3124 4689 facere
3154 4633 3320 4689 etiam
3360 4632 3413 4686 in
3444 4630 3561 4687 ina-

1985 4728 2204 4783 nimatis
2230 4768 2245 4793 ,
2274 4727 2734 4799 quemadmodum
2766 4743 2898 4783 sane
2931 4726 3095 4784 etiam
3122 4727 3186 4781 τὸ
3215 4726 3327 4795 pati
3353 4742 3369 4794 ;
3405 4725 3556 4780 velut

1984 4823 2127 4895 ignis
2158 4821 2407 4877 calefacit
2435 4830 2490 4878 et
2524 4821 2814 4892 crystallus
2844 4818 3136 4891 frigefacit,
3163 4826 3218 4875 et
3244 4820 3449 4886 lignum
3475 4833 3563 4875 se-

1986 4926 2163 4980 catur,
2192 4921 2247 4969 et
2278 4913 2418 4984 lapis
2442 4913 2640 4980 caletlt,
2666 4914 2972 4984 iterumque
3006 4910 3378 4983 refrigeratur.

2056 5008 2220 5078 230
2258 5008 2344 5062 10.
2373 5006 2503 5075 Ejus
2530 5015 2709 5063 autem
2733 5009 2878 5077 quod
2900 5017 2984 5062 est
3015 5007 3124 5078 pati
3156 5008 3303 5063 aliud
3330 5013 3415 5062 est
3436 5020 3558 5060 eor-

1989 5104 2263 5171 ruptivum
2291 5138 2308 5163 ,
2346 5109 2409 5153 ut
2445 5098 2568 5165 uri;
2615 5098 2760 5154 aliud
2805 5097 3189 5169 perfectivum,
3232 5107 3291 5152 ut
3322 5098 3556 5160 discere,

1986 5210 2324 5263 ceguoscere
2349 5203 2403 5249 et
2434 5193 2659 5248 sentire.

2025 5306 2249 5362 ll.Etsi
2274 5314 2456 5361 autem
2485 5304 2665 5359 facere
2685 5311 2742 5359 et
2768 5303 2877 5374 pati
2908 5303 3111 5359 habent
3142 5302 3209 5357 ad
3240 5316 3297 5356 se
3324 5300 3551 5356 invicem
3584 5299 3592 5307 ’

1989 5401 2387 5467 habitudinem,
2422 5406 2483 5453 ut
2515 5396 2812 5453 calefacere
2838 5406 2893 5453 et
2921 5396 3178 5463 caleﬁeri;
3211 5393 3557 5464 unumquod-

1987 5506 2094 5562 que
2125 5500 2307 5546 tamen
2336 5497 2614 5560 quatenus
2647 5487 2876 5553 dicitur,
2911 5498 3134 5543 eatenus
3163 5486 3325 5540 etiam
3360 5484 3428 5539 ad
3461 5501 3555 5554 ge-

1989 5599 2090 5640 uus
2124 5585 2390 5639 reducere
2428 5591 2665 5652 oportet.
2712 5581 2805 5637 Est
2838 5580 3007 5652 igitur
3056 5587 3109 5635 et
3142 5578 3317 5633 facere
3342 5591 3439 5648 per
3469 5592 3548 5639 se,

1987 5685 2303 5746 separatum
2337 5675 2406 5730 ab
2442 5674 2550 5730 illis
2578 5690 2700 5745 qua:
2748 5682 2875 5729 sunt
2926 5674 2993 5728 ad
3045 5670 3281 5742 aliquid;
3333 5679 3388 5723 et
3438 5666 3551 5737 pati

1987 5768 2263 5824 similiter.
2297 5766 2776 5835 Quemadmodum
2807 5778 2986 5822 autem
3029 5766 3205 5836 ipsum
3249 5762 3313 5816 ad
3343 5760 3583 5829 aliquid.

1990 5865 2044 5919 in
2077 5862 2386 5921 substantia
2419 5859 2789 5934 spectabatur,
2819 5857 3118 5917 secundum
3147 5856 3199 5912 id
3226 5852 3365 5925 quod
3395 5857 3551 5923 pater
