3868 6362
167 325 261 384 ετξ]
878 375 883 380 .
1426 326 1764 387 ΕΡΙΤΟΜΕ
1809 327 2107 388 LOGICA.

3309 328 3415 390 874

158 440 184 502 ἢ
235 439 305 503 ὡς
359 442 426 492 τὰ
481 440 617 509 πρός
658 457 733 504 τι,
786 437 896 493 οἷον
952 440 1267 506 διπλάσιον,
1331 441 1598 511 ἥμισυοῆ
1649 442 1723 503 ὡς

1854 440 2055 508 [Itidem
2092 449 2337 494 mutatur
2393 441 2445 494 in
2501 441 2908 510 privationem;
2967 442 3200 512 privatio
3234 457 3418 500 autem

154 536 419 600 τάναντία,
443 531 554 588 οἷον
579 535 789 593 λευκὸν,
823 536 1012 605 μέλαν’
1035 536 1066 605 ἢ
1089 535 1162 597 ὡς
1193 535 1305 602 ἕξις
1334 539 1425 588 καὶ
1453 536 1732 604 στέρησις,

155 623 258 677 οἷοι
290 625 407 694 ὄψις
443 628 533 679 καὶ
557 629 847 694 τυφλότης,
894 629 924 696 ἢ
961 629 1035 690 ὡς
1069 630 1373 696 κατάφασις
1398 629 1489 679 καὶ
1523 627 1738 693 ἀπόφα-

157 735 237 781 σις
263 736 276 749 ο
305 713 439 778 οἷον.
465 719 753 790 ἄνθρωπος
776 721 1033 790 κάθηται,
1060 723 1346 794 ἄνθρωπος
1379 721 1441 772 οῦ
1473 719 1729 786 κάθηται.

1845 535 1898 586 in
1930 534 2174 588 habitum
2219 551 2324 588 non
2364 544 2626 588 mutatur.
2675 535 2923 601 Quatuor
2973 539 3202 606 proinde
3246 541 3423 596 modis

1841 626 2087 692 opposita
2115 627 2402 693 dicuntur;
2427 639 2521 682 aut
2555 639 2615 681 ut
2639 633 2703 681 ad
2739 629 2966 698 aliquid,
3003 633 3143 685 Vclttl
3167 633 3416 703 duplum,

1837 716 2125 772 dimidium
2165 737 2178 774 ;
2211 733 2304 774 aut
2363 734 2411 774 ut
2455 723 2750 784 contraria,
2785 725 3414 796 velutalbum,nigrum;

157 826 245 868 aut
271 824 325 867 ut
350 815 565 868 habitus
607 827 658 868 et
687 816 940 882 privatio,
985 816 1148 870 veluti
1187 818 1336 871 visus
1367 825 1420 870 et
1453 813 1670 868 can-itas
1708 824 1721 862 :
1765 816 1859 861 aut
1895 817 1954 862 ut
1986 809 2274 868 aliirmatio
2349 827 2402 870 et
2443 818 2660 886 negatio
2686 860 2699 883 ,
2759 819 2906 873 velut
2965 820 3127 876 homo
3214 825 3366 878 sedet
3399 859 3416 885 .

159 909 311 961 homo
343 924 450 961 non
484 908 658 961 sedet.

223 1013 287 1072 γ’.
324 1006 404 1057 Τὰ
455 1005 554 1073 μὲν
603 1005 695 1058 οῦν
736 1007 872 1075 πρός
921 1023 972 1058 τι
1010 1006 1151 1077 (καὶ)
1191 1008 1604 1074 συνεισάγουσιν
1635 1003 1724 1056 ἀλ-

155 1097 283 1166 ληλα
333 1101 424 1152 καὶ
482 1100 873 1166 συναναιροῦσι
925 1102 1018 1152 καὶ
1067 1101 1205 1158 αὑτά
1252 1100 1396 1169 ἆπερ
1448 1099 1576 1158 εἰσὶ,
1613 1095 1726 1150 τῶν

155 1194 540 1262 ἀντικειμένων
565 1195 744 1257 αὐτοῖς
769 1189 910 1247 εἶναι
936 1194 1155 1263 λέγεται
1173 1208 1186 1223 ·
1213 1194 1246 1265 ἢ
1271 1193 1522 1248 ὁπωσοῦν
1551 1191 1725 1253 ἄλλως

157 1289 286 1351 πρὸς
317 1287 475 1341 αὑτά.

222 1380 282 1434 δ’.
311 1381 387 1434 Τά
417 1380 462 1433 δ’
495 1382 713 1435 ἐναντία
741 1383 773 1451 ἥ
809 1383 926 1456 εἰδη
971 1385 1068 1436 καὶ
1099 1383 1268 1453 ἄμφω
1303 1382 1463 1442 είσὶν,
1501 1381 1573 1440 ὼς
1603 1379 1725 1430 λευο

153 1472 244 1525 κδν
274 1475 363 1526 καὶ
392 1474 580 1542 μέλαν,
612 1475 825 1544 ψυχρόν
848 1493 908 1530 τε
943 1477 1038 1531 καὶ
1064 1476 1270 1545 θερμὸν
1303 1477 1399 1528 καὶ
1426 1476 1494 1526 τὰ
1517 1473 1682 1542 ὃμοια
1709 1487 1722 1500 ·

153 1565 184 1628 ἦ
219 1565 440 1636 θάτερον
493 1566 726 1637 Θατέρου
783 1571 990 1638 ἐσχάτη
1047 1568 1371 1629 ἀπόπτωσίς
1431 1568 1599 1630 ἐστιν,
1651 1564 1728 1626 ὼς

152 1657 315 1710 δειλία
347 1660 441 1712 καὶ
492 1659 699 1714 ἀδικία.
742 1660 807 1714 ἸΙ
860 1661 960 1730 μὲν
1007 1661 1114 1731 γὰρ
1185 1665 1282 1730 τῆς
1321 1660 1564 1731 ἀνδρίας,
1609 1658 1731 1728 ἡδὲ

151 1751 248 1818 τῆς
276 1751 619 1824 δικαιοσύνης
667 1755 873 1818 τελέως
917 1755 1196 1821 ἐξέπεσον.
1228 1756 1341 1811 Καὶ
1371 1755 1512 1818 ὅλως
1549 1756 1610 1807 τὸ
1631 1771 1733 1806 καο

1903 995 1957 1052 5.
2001 995 2092 1052 Illa
2123 999 2285 1071 igitur
2317 1019 2437 1070 qua:
2463 1013 2594 1057 sunt
2617 1004 2682 1057 ad
2735 1005 2966 1074 aliquid,
3000 1019 3055 1062 et
3081 1024 3140 1064 se
3185 1009 3416 1066 insicem

1833 1089 1996 1143 simul
2054 1094 2352 1157 inducunt,
2388 1108 2443 1151 et
2477 1097 2639 1151 Simul
2673 1098 2870 1152 tollunt
2897 1114 2912 1165 ;
2940 1110 2993 1154 et
3016 1117 3078 1154 ea
3118 1117 3240 1170 qua:
3291 1117 3420 1160 sunt

1831 1181 2209 1250 oppositorum
2261 1186 2365 1240 sibi
2413 1203 2535 1243 esse
2593 1189 2878 1256 dicuntur,
2937 1201 3032 1247 aut
3085 1210 3421 1267 quocunque

1831 1274 1939 1328 alio
1970 1276 2129 1330 modo
2154 1278 2220 1333 ad
2252 1279 2370 1350 ipsa
2402 1282 2744 1340 referuntur.

1905 1368 1960 1422 4.
1998 1367 2287 1425 Contraria
2324 1389 2486 1442 porro
2519 1376 2598 1430 vc'
2637 1376 2803 1431 etiam
2840 1380 3001 1436 ambo
3028 1391 3160 1438 sunt
3189 1387 3415 1452 Species,

1835 1461 2091 1516 utalbum
2110 1472 2164 1518 et
2193 1463 2430 1535 nigrum,
2463 1466 2721 1537 frigidum
2747 1477 2804 1524 et
2826 1472 3090 1539 calidum,
3117 1484 3171 1529 et
3193 1476 3417 1539 similia;

1835 1565 1928 1607 aut
1959 1554 2192 1608 alterum
2256 1557 2324 1609 ab
2362 1557 2538 1612 altero
2580 1571 2827 1616 extrema
2863 1575 2947 1620 est
3009 1567 3306 1638 prolapsio,
3365 1581 3422 1623 ut

1839 1647 2102 1703 timiditas
2135 1660 2188 1703 et
2215 1649 2508 1719 injustitia.
2547 1653 2641 1710 illa
2685 1658 2831 1712 enim
2871 1659 3092 1728 quidem
3129 1677 3158 1715 a
3195 1661 3420 1716 fortitu-

1839 1743 1986 1810 dine,
2035 1743 2150 1800 haec
2173 1760 2203 1800 a
2227 1745 2440 1816 justitia
2474 1749 2711 1819 perfecte
2745 1754 2971 1809 excidit,
3023 1757 3087 1809 Et
3118 1757 3171 1812 in
3201 1758 3418 1813 univer-

150 1845 267 1909 κδν,
295 1841 429 1908 εἶδος
466 1847 566 1910 μὲν
609 1848 703 1902 καὶ
735 1848 862 1918 ὅρος
893 1848 994 1902 οῦκ
1030 1847 1180 1902 ἐστιν
1203 1865 1218 1880 ·
1255 1848 1531 1911 ἔκπτωσις
1561 1846 1616 1900 δὲ
1646 1864 1728 1900 τε⁶

1854 1852 1962 1890 smn
2015 1851 2184 1904 sane,
2219 1842 2418 1896 malum
2453 1859 2560 1899 non
2609 1855 2694 1902 est
2723 1851 2936 1919 species
2978 1860 3033 1906 et
3085 1853 3232 1919 linis,
3266 1855 3358 1910 sed
3388 1872 3419 1909 a

143 1937 268 1990 λεία
296 1939 388 1992 τοῦ
414 1938 648 2010 ἀγαθοῦ.

223 2062 282 2111 ε’.
329 2055 500 2109 Ὅταν
547 2055 649 2127 μὲν
697 2050 790 2110 οῦν
823 2055 955 2109 αὐτὸ
1003 2057 1298 2126 σκοπῶμεν
1340 2057 1416 2118 ὡς
1465 2057 1728 2126 πεφυκὸς,

151 2149 529 2216 ἀνακάμπτειν
581 2151 716 2219 πρὸς
768 2151 830 2203 τὸ
884 2148 1046 2218 εἶδος,
1089 2151 1333 2205 ἐναντίον
1382 2152 1553 2204 ἐστίν·
1602 2153 1731 2205 ὅταν

151 2245 208 2295 δὲ
267 2243 531 2312 μηδαμῶς
580 2246 966 2314 ἀνακάμπτειν
1018 2245 1270 2325 δύνηται,
1319 2245 1442 2298 τότε
1500 2245 1726 2314 λέγεται

151 2340 431 2408 στέρησις.
943 2340 948 2346 ’

229 2452 298 2524 ς’.
335 2456 456 2508 Ἔτι
489 2454 598 2508 τῶν
621 2454 881 2507 ἐναντίων
909 2456 978 2507 τὰ
1016 2455 1116 2524 μὲν
1152 2453 1302 2507 ἐστιν
1332 2454 1537 2524 ἄμεσα,
1577 2455 1645 2508 τὰ
1673 2455 1730 2506 δὲ

153 2549 396 2618 μεσωτά,
436 2549 613 2622 εῐτοῦν
651 2549 892 2620 ἐμμεσα.

221 2666 281 2730 ζ’.
323 2665 431 2717 Καὶ
464 2665 647 2733 ἀμεσα
693 2664 792 2733 μὲν
815 2663 986 2727 ἔστιν,
1023 2658 1098 2718 ὧν
1129 2661 1190 2729 ἐξ
1217 2663 1464 2733 ἀνάγκης
1503 2662 1732 2732 θάτερον

152 2760 385 2827 ὑπάρχει
415 2758 494 2828 τῷ
522 2758 758 2828 δεκτικῴ
785 2777 801 2793 ·
854 2757 1076 2829 ἐμμεσα
1112 2759 1191 2824 δὲ,
1223 2751 1299 2812 ὧν
1337 2757 1438 2810 οὐκ
1476 2757 1534 2822 ἐξ
1565 2756 1732 2824 ἀνὰγο

153 2870 255 2922 κης
279 2853 517 2922 ὑπάρχει
547 2852 802 2923 θάτερον.

224 2976 293 3037 η’.
336 2969 459 3022 Τῶν
491 2969 536 3022 δ’
567 2969 793 3038 ἀμέσων
833 2968 1095 3024 ἐναντίων
1124 2969 1195 3022 τά
1231 2968 1330 3040 μὲν
1359 2969 1509 3022 ἐστιν
1538 2968 1732 3021 οὐσιῶ-

151 3065 240 3130 δη,
267 3066 330 3118 τὰ
355 3065 398 3117 δ’
433 3063 768 3130 ἐπουσιώδη.

230 3184 291 3236 υο.
325 3181 479 3250 (Καὶ)
505 3180 739 3250 οῦσιώδη
779 3180 900 3249 μὲν,
943 3179 1018 3242 ὡς
1047 3179 1135 3232 ἐπ’
1171 3178 1430 3250 ἀριθμοῦ,
1459 3177 1520 3230 τδ
1549 3177 1734 3248 ἄρτιον
1763 3187 1808 3244 c

153 3289 214 3325 τε
234 3274 328 3326 καὶ
348 3273 626 3342 περιττόν.
649 3271 790 3344 Οὐδὲ
814 3270 923 3340 γὰρ
943 3272 1168 3324 δυνατὸν
1187 3271 1476 3339 ἐπινοῆσαι
1494 3287 1699 3341 κεχωρι
1716 3298 1731 3308 ο

155 3368 355 3435 σμένον
388 3364 481 3418 τοῦ
503 3366 694 3434 ἀρτίου
726 3365 819 3418 τὸν
855 3364 1110 3434 ἀριθμὸν,
1146 3365 1178 3434 ἢ
1212 3363 1306 3417 τοῦ
1350 3363 1607 3434 περιττοῦ
1643 3364 1732 3416 τὸν

152 3463 314 3513 ἑπτά.
369 3461 467 3511 Διά
522 3458 679 3511 τοῦτο
731 3460 823 3510 καὶ
871 3457 1104 3528 οῦσιώδη
1152 3458 1390 3526 λέγεται.
1429 3460 1647 3528 ’Ἄρτιος
1677 3457 1732 3510 δέ

149 3558 298 3606 ἐστιν
329 3557 356 3605 ὁ
385 3554 510 3622 δίχα
559 3552 943 3622 διαιρούμενος
977 3552 1230 3622 ἀριθμός.
1278 3553 1337 3606 '0
1384 3552 1440 3606 δὲ
1473 3554 1548 3622 μὴ
1597 3553 1734 3607 διαι-

153 3653 421 3718 ρούμενος
445 3648 588 3717 δίχα,
613 3646 832 3714 λέγεται
862 3647 1137 3714 περιττός.
1158 3647 1240 3700 Τά
1268 3648 1367 3717 μὲν
1384 3645 1477 3700 οὖν
1496 3646 1732 3716 οῦσιώδη

150 3747 262 3796 τῶν
285 3746 509 3809 ἀμέσων
542 3743 800 3795 ἐναντίων
824 3743 1075 3796 τοιαῦτα.

225 3958 279 4005 ι’.
320 3951 402 4004 Τά
434 3950 480 4002 δ’
509 3950 823 4022 ἐπουσιὼδη
849 3951 1011 4019 εἰσιν,
1043 3953 1146 4006 ὅσα
1175 3953 1400 4007 δύναται
1430 3954 1600 4023 χωρὶς
1636 3954 1732 4021 τῆς
1767 3937 1776 3944 ’

146 4045 359 4114 φθορᾶς
386 4043 479 4098 τοῦ
524 4044 776 4099 δεκτικοῦ
815 4047 1061 4113 γίνεσθαί
1095 4064 1153 4100 τε
1203 4049 1298 4100 καὶ
1347 4047 1730 4115 ἀπογίνεσοαι’

144 4135 260 4192 οἷον
289 4141 474 4207 ὑγίεια
503 4140 598 4192 καὶ
638 4141 805 4202 νόσος.
850 4141 1121 4194 Ἐνταῦθα
1166 4139 1222 4193 δὲ
1255 4141 1409 4193 νόσον
1435 4141 1735 4210 ἐκληπτίον

143 4234 246 4303 τὴν
313 4233 703 4303 ὁποιανδήτινα
771 4234 870 4299 τῆς
922 4235 1138 4302 φύσεως
1179 4233 1595 4286 ὑποπίπτουσαν
1649 4236 1735 4287 αίο

146 4328 344 4397 σθήσει
378 4328 762 4398 παρατροπήν.
793 4325 952 4380 Οὕτω
979 4329 1080 4396 μὲν
1111 4327 1204 4380 οῦν
1232 4327 1340 4381 τῶν
1373 4327 1637 4382 ἐναντίων
1667 4327 1734 4381 τὰ

143 4421 356 4491 ἄμεσα.

217 4543 314 4591 ια’,
366 4535 487 4588 Τῶν
516 4534 562 4588 δ’
606 4534 865 4604 ἐμμέσων
894 4534 1208 4602 λεγομένων
1241 4535 1338 4587 καὶ
1380 4535 1663 4604 μεσωτῶν,
1698 4537 1730 4608 ἢ
1759 4556 1816 4620 D

139 4631 445 4700 ἀμφότερα
474 4629 704 4682 δύναται
743 4629 966 4681 ἀπεῖναι
999 4626 1093 4680 τοῦ
1128 4627 1496 4696 ὑποκειμένου
1521 4643 1534 4657 '
1565 4627 1640 4692 ὡς
1669 4629 1730 4682 τὸ

136 4724 342 4778 λευκὸν
374 4723 554 4776 καὶτὸ
586 4722 757 4792 μέλαν
803 4720 898 4773 τοῦ
945 4722 1269 4791 Σωκράτους
1299 4738 1312 4752 ·
1349 4721 1576 4775 δυνατὸν
1621 4723 1730 4792 γάρ

135 4816 288 4869 εἶναι
338 4817 433 4868 τὸν
503 4815 809 4885 Σωκράτην
861 4816 1000 4884 μήτε
1065 4817 1295 4884 μέλανα,
1337 4820 1476 4885 μήτε
1511 4815 1728 4881 λευκὸν,

131 4909 259 4962 ἀλλ’
294 4908 541 4979 ὠχρὸνῆ
595 4907 786 4978 φαιὸνο
837 4907 871 4977 ἢ
917 4907 1146 4976 Θάτερον
1179 4907 1278 4976 μὲν
1311 4910 1420 4960 τῶν
1469 4902 1730 4962 ἐναντίων

133 5003 371 5065 ἄπεστι,
409 5002 469 5055 τὸ
497 5003 554 5055 δέ
585 5001 772 5054 λοιπὸν
803 4999 1026 5062 πάντως
1064 5000 1324 5070 ὑπάρχει,
1356 5000 1447 5054 διά
1491 5001 1552 5053 τὸ
1596 5017 1732 5069 προ-

132 5097 518 5166 κατειλῆφθαι
552 5096 612 5149 τὸ
648 5092 790 5156 εἶδος
823 5093 916 5146 ὑπ’
948 5094 1184 5149 ἐκείνου.
1220 5090 1347 5148 Οἷον
1378 5095 1440 5147 τὸ
1466 5095 1561 5162 μὲν
1602 5095 1746 5148 λειμ-Δ

132 5193 237 5245 κὸν
271 5190 519 5262 ὑπάρχει
547 5189 734 5258 κύκνῳ
774 5189 870 5241 καὶ
899 5187 1041 5257 χιόνι
1067 5189 1162 5242 καὶ
1189 5189 1419 5258 τιτάνῳ,
1448 5189 1648 5242 ἄπεστι
1672 5187 1733 5242 δὲ

127 5285 195 5338 τὸ
238 5283 418 5353 μέλαν
440 5299 455 5313 ·
487 5285 686 5352 κόρακι
709 5281 766 5334 δὲ
794 5281 888 5334 καὶ
922 5281 1093 5350 ἐϐένῳ
1123 5279 1220 5335 καὶ
1247 5282 1421 5354 πίσσῃ
1464 5280 1527 5334 τὺ
1559 5281 1730 5350 μέλαν

129 5377 412 5448 ὑπάρχει,
444 5375 644 5431 ἄπεστι
665 5375 723 5428 δὲ
756 5375 1060 5430 τὺσλευκόν.

207 5493 309 5565 ιβ’.
357 5492 431 5545 Τὸ
480 5492 645 5562 μέσον
688 5489 746 5543 δὲ
788 5490 897 5542 τῶν
939 5488 1202 5560 ἐμμέσων
1251 5491 1513 5545 ἐναντίων
1555 5492 1590 5562 ἢ
1639 5493 1734 5546 καὶ

124 5585 483 5656 ἀμφοτέρων
522 5582 738 5652 μετέχει
765 5581 874 5635 τῶν
909 5582 1119 5652 ἀκρων,
1150 5581 1240 5634 ὅτε
1276 5583 1372 5634 καὶ
1412 5583 1736 5652 κατωνόμα-

124 5697 294 5739 σται,
331 5677 409 5740 ὡς
458 5677 520 5729 τὸ
562 5674 822 5745 χλιαρόν
861 5673 894 5744 ἦ
927 5674 1218 5744 οὐδετέρου
1252 5673 1359 5726 τῶν
1389 5675 1601 5744 ἄκρων,
1643 5675 1734 5726 ὅτε

122 5777 229 5828 καὶ
263 5771 724 5841 ἀκατονόμαστον
769 5772 906 5834 ἐστι,
943 5769 1078 5839 μόνῃ
1125 5770 1192 5840 τῇ
1241 5766 1352 5821 τῶν
1378 5767 1565 5838 ἄκρων
1593 5769 1733 5820 ἀπο-

122 5869 315 5938 φάσει
343 5865 702 5937 δηλούμενον·
727 5865 802 5929 ὡς
828 5866 888 5917 τὸ
922 5864 1089 5934 μέσον
1123 5861 1220 5916 τοῦ
1250 5861 1464 5917 δικαίου
1494 5862 1590 5917 καὶ
1617 5861 1734 5916 ἀδίο

455 5967 490 6001 ι’
507 5981 726 6024 nam.
757 5965 878 6020 Gn.
899 5958 1135 6024 CXLII.

1842 1928 1984 1982 bono
2007 1931 2243 1996 perfecta
2275 1933 2501 2006 elapsio.

1911 2047 1965 2102 5.
1997 2049 2133 2104 Cum
2174 2051 2225 2106 id
2273 2071 2404 2125 ergo
2452 2059 3024 2126 consideraverimus.
3052 2077 3319 2135 quatenus
3355 2069 3418 2117 ad

1843 2143 2082 2208 speciem
2119 2146 2299 2200 redire
2330 2160 2548 2218 potest,
2596 2158 2935 2210 comrarium
2965 2173 3050 2213 est
3076 2177 3088 2212 ι
3116 2176 3240 2213 cum
3290 2178 3421 2214 veto

1842 2233 2023 2289 redire
2048 2252 2392 2310 nequaquam
2422 2255 2621 2312 potest,
2646 2260 2776 2303 tunc
2797 2250 3032 2319 privatio
3063 2254 3283 2307 dicitur.

1911 2439 1964 2493 6.
2001 2437 2270 2497 Praeterea
2308 2449 2712 2504 contrariorum
2759 2453 2862 2508 alia
2893 2466 3022 2509 sunt
3074 2457 3422 2526 inuucdiata,

1841 2530 1946 2585 alia
1976 2532 2362 2593 intermedium
2400 2542 2622 2608 habent,
2650 2545 2766 2600 sive
2793 2550 3028 2605 mediata
3053 2564 3200 2606 sunt.

1910 2649 2074 2723 240
2099 2650 2150 2704 7.
2194 2652 2258 2707 Et
2291 2655 2510 2725 quidem
2547 2659 2857 2718 imn.ediata
2894 2677 3043 2731 sunt,
3079 2685 3310 2739 quorum
3344 2675 3424 2727 ai-

1842 2753 2018 2800 terum
2051 2748 2300 2817 subjecm
2329 2767 2393 2805 ex
2426 2757 2754 2810 necessitate
2781 2758 2923 2814 inest
2958 2781 2971 2816 :
3008 2765 3420 2836 mediataﬁsnnt,

1841 2851 2076 2906 quorum
2105 2840 2338 2896 alterum
2364 2860 2424 2897 ex
2456 2849 2783 2905 necessitate
2813 2868 2922 2908 non
2949 2855 3112 2912 inest.

1912 2952 1968 3006 8.
2021 2952 2467 3012 lmmediatorum
2501 2971 2684 3015 autem
2722 2969 3122 3026 contrariorum
3155 2974 3262 3028 alia
3297 2978 3426 3031 sub-

1843 3046 2124 3100 stantialia
2154 3058 2304 3111 sunt.
2339 3050 2443 3104 alia
2475 3055 2856 3114 accidentalia.

1911 3161 1968 3214 9.
2015 3161 2079 3215 lit
2113 3164 2504 3220 substantialia
2539 3152 2759 3236 q‘uidem
2787 3185 2845 3228 ut
2875 3173 2926 3230 iu
2979 3193 3208 3234 nmuero
3253 3194 3426 3252 paret

1842 3256 2038 3325 impar.
2068 3256 2255 3327 Neque
2282 3262 2428 3314 enim
2466 3264 2578 3317 lieri
2606 3275 2788 3334 potest
2841 3280 2896 3322 ut
2930 3285 3220 3328 numerum
3267 3291 3427 3329 sena.

1839 3351 1976 3404 rium
2013 3362 2322 3420 separatum
2363 3370 2392 3408 a
2435 3359 2552 3426 pari
2607 3373 2663 3413 et
2713 3364 3086 3431 septenarium
3129 3368 3198 3421 ab
3232 3369 3426 3438 impari

1837 3445 2166 3513 cogitemus.
2197 3445 2494 3516 Propterea
2535 3452 2699 3505 etiam
2726 3456 3113 3511 substantialia
3140 3461 3420 3514 dicuntur.

1841 3536 1943 3590 Par
1999 3548 2181 3592 autem
2228 3555 2492 3596 numerus
2531 3553 2614 3597 est
2667 3549 2762 3612 qui
2822 3548 3070 3602 bifariam
3110 3550 3418 3605 dividitur:

1839 3629 1930 3698 qui
1969 3639 2148 3683 autem
2205 3632 2459 3686 bifariam
2510 3651 2617 3689 non
2650 3637 2936 3703 dividitur,
2976 3640 3152 3710 impar
3193 3643 3416 3700 dicitur.

1838 3720 2025 3791 itaque
2050 3725 2328 3780 contraria
2355 3725 2671 3784 immediata
2695 3733 3075 3789 substantialia
3112 3747 3242 3790 sunt
3268 3741 3420 3806 ejus-

1838 3807 2006 3872 In'odi.

1913 3934 1999 3988 l0.
2027 3936 2092 3987 At
2127 3935 2482 3990 aecidentalia
2512 3946 2661 4006 sunt,
2694 3954 2814 4008 quae
2845 3940 2982 3994 citra
3016 3944 3425 4010 COfl'Uptiuttem

1838 4029 2067 4098 subjecti
2125 4030 2316 4083 adesse
2372 4039 2426 4084 et
2453 4030 2646 4086 abesse
2695 4042 2975 4102 possunt:
3013 4035 3181 4090 veluti
3215 4036 3424 4090 sanitas

1839 4132 1895 4178 et
1939 4124 2182 4178 morbus.
2247 4123 2615 4193 Accipiendus
2674 4138 2856 4182 autem
2920 4128 3009 4182 hic
3046 4139 3130 4184 est
3195 4136 3426 4184 morbus

1841 4231 1942 4285 pro
2013 4229 2340 4284 quacunque
2415 4226 2625 4270 naturae
2711 4219 3066 4288 perversione
3131 4233 3253 4287 qum
3322 4223 3426 4271 sub

1840 4324 2064 4365 sensum
2123 4309 2291 4363 cadit.
2330 4308 2422 4365 Sic
2463 4312 2628 4380 igitur
2683 4313 2960 4367 contraria
3011 4314 3328 4368 immediata
3365 4328 3426 4367 se

1841 4403 2065 4460 habent.

1916 4521 2146 4589 ll.Qua:
2171 4532 2350 4578 autem
2385 4522 2619 4576 mcdiata
2639 4522 2924 4590 dicuntur,
2948 4530 3004 4577 et
3036 4521 3422 4578 intermedium

1837 4617 2065 4683 habent,
2103 4625 2199 4672 aut
2247 4616 2409 4670 ambo
2445 4626 2681 4686 possunt
2723 4631 2754 4670 a
2809 4617 3057 4688 subjecto
3099 4617 3332 4681 abesse;
3368 4627 3427 4669 ut

1835 4713 2018 4766 album
2061 4717 2115 4765 et
2151 4709 2369 4780 nigrum
2413 4725 2442 4763 a
2495 4708 2723 4765 Socrate
2760 4709 2901 4780 (ﬁeri
2952 4710 3098 4765 enim
3151 4718 3330 4778 potest
3368 4717 3429 4760 ut

1835 4822 2015 4877 neque
2060 4808 2219 4876 niger
2253 4819 2432 4873 neque
2477 4804 2659 4871 albus,
2695 4818 2791 4858 seu
2832 4803 3068 4873 pallidus
3101 4814 3193 4856 aut
3229 4803 3423 4858 luscus

1835 4900 2094 4954 Socrates
2131 4898 2245 4966 sit),
2281 4907 2375 4952 aut
2405 4898 2636 4951 alterum
2683 4896 2902 4967 quidem
2937 4897 3094 4952 abest
3122 4897 3429 4950 contrario-

1835 5009 1981 5055 rum,
2015 4991 2286 5062 reliquum
2313 4990 2470 5063 241
2510 5000 2692 5045 autem
2726 4991 2869 5046 inest
2904 4989 3111 5060 utique,
3135 4990 3278 5060 quod
3306 5008 3402 5060 spe

1835 5088 1948 5141 cies
1996 5086 2066 5140 ab
2089 5100 2155 5139 eo
2182 5089 2294 5154 jam
2339 5097 2467 5137 ante
2519 5093 2792 5153 occupata
2848 5086 2920 5139 sit
2982 5099 2998 5139 :
3053 5084 3203 5138 velut
3239 5085 3426 5138 album

1836 5180 1977 5233 incst
2009 5192 2185 5248 cygno
2226 5185 2282 5231 et
2334 5175 2446 5230 nivi
2483 5186 2536 5230 et
2586 5191 2849 5240 cerussae,
2884 5175 3100 5247 nigrum
3143 5179 3295 5230 ain-st
3325 5192 3340 5242 ;
3375 5185 3431 5227 at

1836 5288 2004 5330 corvo
2031 5280 2087 5328 et
2112 5272 2288 5328 ebeno
2317 5279 2374 5326 et
2412 5269 2521 5341 pici
2547 5271 2764 5341 nigrum
2795 5271 2960 5336 inest,
2992 5272 3177 5326 album
3211 5273 3386 5326 abest.

1910 5481 2143 5544 12.1am
2170 5494 2302 5534 vero
2339 5477 2580 5533 medium
2623 5478 3032 5534 contrariorum
3057 5479 3424 5534 mediatorum

1839 5587 1936 5628 aut
1997 5583 2290 5642 utrumque
2345 5572 2638 5641 participat
2681 5583 3052 5626 extremorum
3099 5571 3322 5641 quando
3372 5581 3430 5626 ct

1843 5685 2040 5722 nmnen
2074 5669 2259 5731 habet,
2299 5675 2360 5720 ut
2395 5667 2678 5736 tepidum;
2713 5675 2805 5720 aut
2848 5677 3104 5721 neutrum
3136 5665 3428 5736 participat

1840 5775 2236 5825 extremorum,
2273 5776 2399 5815 cum
2428 5761 2590 5815 etiam
2625 5760 3022 5814 innominatum
3053 5770 3158 5823 est,
3200 5760 3430 5828 solaque

1840 5870 2215 5911 extretnorum
2243 5854 2533 5925 negatione
2565 5855 2909 5921 declaratur;
2945 5867 3003 5908 ut
3029 5855 3266 5910 medium
3288 5853 3425 5924 jnSti

2921 5953 2998 6011 28
