3872 6458
215 432 324 497 877

1518 446 1862 509 ΕΡΙΤΟΜΕ
1898 450 2200 510 LOGICA.

3379 449 3485 515 878

282 561 393 622 κγ’.
429 554 644 610 Είδέναι
677 556 737 610 δὲ
760 557 861 622 δεῖ,
893 540 1110 612 ὅτιτῶν
1147 560 1399 633 ἀλλήλοις
1435 563 1700 619 ἐναντίων
1731 566 1749 618 ε

1963 571 2055 627 25.
2097 572 2269 628 Nosse
2303 581 2484 627 autem
2509 581 2722 642 oportet
2750 588 2939 630 eorum
2961 586 3081 644 quae
3110 572 3214 629 sibi
3247 571 3481 628 invicem

205 647 274 699 τὸ
298 648 562 702 ἀνωτάτω
595 650 754 718 γένος
795 651 966 706 ἐστίν.
1031 651 1167 707 Οὔτε
1204 655 1316 724 γάρ
1350 657 1382 725 ἡ
1412 656 1587 727 ἀρετὴ
1628 659 1790 730 καὶή

207 741 379 794 κακία
417 743 615 812 πρῶτα
653 745 787 815 γένη
835 746 997 809 εἰσὶν,
1047 747 1160 801 ἄνω
1197 749 1308 818 γάρ
1357 752 1538 805 αὐτῶν
1575 753 1690 818 ἕξις
1733 770 1790 807 τε

206 835 306 886 καὶ
338 835 608 900 διάθεσις·
637 837 762 890 οὔτε
795 840 856 891 τὸ
888 841 1124 894 καθόλου
1154 845 1382 912 ἀγαθὸν,
1414 847 1510 900 καὶ
1536 847 1598 900 τὸ
1628 848 1793 900 καθό-

201 929 299 981 λου
340 933 550 983 κακόν·
609 932 747 986 ἀλλὰ
793 936 890 988 καὶ
942 937 1116 992 ταῦτα
1153 942 1518 996 συνάπτονται
1573 944 1605 1007 ἦ
1665 963 1787 998 συν-

200 1021 434 1090 άγονται
466 1024 546 1094 τῷ
584 1027 744 1097 ποιῷ.
780 1031 892 1084 Καὶ
921 1031 1040 1085 ἔστι
1072 1034 1132 1086 τὸ
1161 1052 1321 1105 ποιον
1369 1039 1522 1104 γένος
1567 1038 1790 1092 πάντων

196 1119 376 1171 αὐτῶν
417 1119 807 1185 γενικώτατον.
855 1126 1109 1182 Τοσαῦτα
1159 1129 1294 1199 περὶ
1351 1131 1639 1186 ἐναντίων.

271 1301 372 1356 κδ’.
415 1303 572 1370 Ἔξις
627 1306 685 1359 δὲ
740 1309 834 1362 καὶ
885 1311 1146 1383 στέρησις
1201 1314 1424 1384 λέγεται
1476 1319 1782 1388 πολλαχῶς.

197 1393 342 1446 Καθ’
380 1396 476 1451 ενα
527 1399 628 1467 μὲν
660 1401 771 1473 γὰρ
801 1405 1004 1474 τρόπον
1035 1408 1148 1474 ἕξις
1177 1410 1396 1478 λέγεται
1439 1415 1470 1483 ἡ
1503 1413 1600 1468 τοῦ
1636 1415 1785 1485 ἕχον-

192 1504 289 1550 τος
318 1491 416 1541 καὶ
458 1489 556 1544 τοῦ
597 1494 861 1564 ἐχομένου
897 1500 1174 1569 ἐνέργεια.
1504 1542 1506 1544 τ

268 1586 369 1636 κε’.
413 1583 568 1651 Ἐξις
597 1586 707 1658 γάρ
755 1589 975 1658 ἱματίου
1025 1592 1271 1661 λέγεται,
1316 1614 1444 1652 οταν
1469 1601 1498 1653 ὁ
1529 1599 1629 1668 μὲν
1656 1601 1777 1672 ἔχῃ,

187 1677 254 1726 τὸ
293 1673 338 1727 δ’
365 1675 558 1746 ἔχηται
589 1679 694 1733 ὑπὸ
741 1682 836 1736 τοῦ
868 1683 1108 1754 ἔχοντος.
1127 1689 1241 1744 Καὶ
1287 1690 1403 1758 ἕξιν
1447 1692 1629 1750 ὃπλων
1660 1693 1779 1750 εἶπέ

187 1782 298 1819 που
336 1767 567 1824 Πλάτων
600 1774 690 1826 ἐπὶ
718 1773 809 1828 τοῦ
835 1766 1055 1847 ἔχοντος
1081 1782 1244 1838 ὅπλα.

264 1868 380 1924 κς’.
422 1863 562 1916 Καθ’
595 1865 786 1937 ἕτερον
833 1870 890 1923 δὲ
942 1876 1148 1944 τρόπον
1202 1877 1347 1945 ἔξεις
1398 1881 1630 1953 λέγομεν
1674 1888 1775 1951 τὰς

1899 676 2029 721 sunt
2064 669 2358 733 contraria,
2394 682 2566 722 unum
2596 683 2876 724 summum
2905 683 3079 739 genus
3121 682 3264 724 esse.
3294 667 3480 735 Neque

1897 762 2039 814 enim
2067 762 2236 817 virtus
2267 771 2322 818 et
2372 761 2564 817 vitium
2616 764 2795 832 prima
2834 772 2961 820 sunt
2989 761 3154 836 244
3181 761 3477 818 contraria.

1895 835 2106 910 Etenim
2131 871 2296 926 supra
2326 857 2445 926 ipsa
2488 867 2618 914 sunt
2663 866 2716 914 et
2767 856 2987 912 habiius
3045 866 3096 940 et
3163 857 3476 926 dispositio,

1895 961 1997 1001 nec
2039 948 2350 1004 universale
2381 951 2583 1005 bonum
2613 958 2668 1005 et
2723 949 3031 1005 universale
3082 950 3287 1003 malum
3352 959 3478 1002 sunt

1893 1054 2104 1094 summa
2139 1058 2374 1111 genera;
2410 1045 2508 1100 sed
2537 1055 2591 1100 et
2623 1044 2735 1099 haec
2761 1045 2827 1100 ad
2875 1043 3038 1115 quale
3065 1044 3390 1112 copulantur
3421 1053 3475 1095 et

1891 1132 2246 1201 colliguntur.
2281 1135 2482 1206 Estque
2513 1137 2676 1206 quale
2723 1137 2940 1190 illorum
3002 1135 3246 1188 omnium
3299 1149 3472 1204 genus

1890 1229 2389 1296 generalissimum.
2416 1228 2649 1285 Tantum
2694 1233 2758 1286 de
2792 1229 3106 1286 contrariis.

1959 1321 2050 1376 24.
2083 1322 2313 1380 Habitus
2343 1335 2521 1380 autem
2571 1337 2626 1380 et
2680 1325 2913 1395 privatio
2975 1325 3332 1380 multifariam
3392 1325 3475 1378 di-

1889 1424 2107 1472 cuntur.
2144 1415 2264 1472 Uno
2297 1421 2441 1474 enim
2475 1421 2637 1474 modo
2669 1419 2872 1475 dicitur
2926 1420 3184 1476 habentis
3212 1432 3266 1476 et
3297 1416 3470 1475 habiti

1889 1521 2060 1566 actus.

1956 1607 2046 1662 25.
2081 1608 2307 1664 Habitus
2357 1610 2504 1664 enim
2560 1612 2876 1669 vestimenti
2919 1613 3146 1678 dicitur,
3195 1626 3319 1668 cum
3374 1609 3466 1665 ille

1886 1703 2106 1772 quidem
2135 1704 2320 1771 habet,
2354 1706 2458 1762 hoc
2483 1721 2612 1763 vero
2664 1708 2920 1765 habetur.
2954 1709 3020 1763 Et
3054 1709 3210 1763 Plato
3264 1707 3464 1762 alicubi

1886 1799 2134 1854 habitum
2166 1815 2445 1858 armorum
2469 1803 2536 1858 de
2567 1818 2634 1859 eo
2665 1804 2824 1870 dixit,
2857 1805 2950 1876 qui
2978 1819 3132 1860 arma
3167 1802 3351 1857 habet.

1954 1892 2047 1946 26.
2070 1893 2192 1948 Alio
2243 1902 2426 1950 autem
2458 1896 2618 1951 modo
2645 1895 2866 1953 habitus
2898 1896 3135 1952 dicimus
3167 1897 3462 1967 qualitates

185 1953 520 2020 ἐπικτήτους
556 1961 875 2032 ποιότητας,
909 1965 1182 2036 ἐμμόνους
1213 1975 1501 2041 γεγονυίας
1523 1993 1538 2008 ο
1573 1978 1674 2042 τάς
1713 1997 1749 2032 τι

1881 1987 2182 2055 acquisitas
2214 2002 2338 2041 cum
2373 1988 2597 2062 stabiles
2648 1988 2809 2043 factae
2837 1987 3067 2050 fuerint,
3103 1990 3300 2057 partim
3361 2003 3460 2040 na-

183 2047 428 2111 φυσικάς
460 2051 554 2104 καὶ
586 2054 687 2116 τὰς
717 2057 839 2108 κατ’
864 2059 1182 2134 ἐπιστήμην
1217 2065 1250 2136 ἢ
1285 2067 1503 2138 τέχνην,
1535 2072 1663 2126 καθ’
1703 2073 1770 2136 ἃς

173 2138 230 2189 οἱ
288 2139 348 2192 ὲν
393 2141 589 2206 αὐταῖς
625 2145 837 2202 ἑκτικοὶ
868 2151 1142 2219 λέγονται.
1179 2156 1339 2212 Κατὰ
1382 2160 1544 2216 τοῦτο
1569 2163 1632 2236 δὴ
1673 2167 1769 2220 καὶ

175 2230 283 2295 τὰς
319 2232 536 2300 τελείας
564 2238 770 2309 ἀρετὰς
800 2242 1146 2315 ὀνομάζομεν
1171 2248 1333 2315 ἔξεις.

245 2509 520 2579 κζ’.”Εξις
548 2516 798 2574 καλεῖται
823 2522 978 2594 καὶὴ
1011 2495 1218 2602 ιρυσικὴ
1247 2534 1589 2604 κατασκευὴ,
1632 2536 1762 2590 ὅταν
1834 2603 1836 2605 ,

168 2600 415 2673 ἔμμονος
442 2604 501 2679 ᾗ,
546 2608 736 2682 ὥσπερ
764 2620 1092 2686 σωματικάς
1121 2600 1278 2686 τινας
1302 2625 1447 2691 ’ἐξεις
1474 2629 1570 2683 καὶ
1595 2629 1762 2699 ψυχι-

165 2700 280 2761 κάς
325 2701 559 2772 νοοῦμεν
605 2706 701 2759 ἐπί
746 2724 946 2764 τινωνο
1000 2712 1094 2767 καὶ
1138 2715 1410 2792 ἀρετάςῆ
1460 2723 1662 2787 κακίας
1694 2725 1761 2778 ἐκ

167 2793 394 2864 φύσεως
422 2797 604 2854 εῐτουν
627 2801 904 2872 κράσεως.

237 2980 352 3046 κη’.
381 2976 620 3046 Λέγουσι
659 2999 805 3049 τινες
833 2986 948 3052 ἕξιν
993 2994 1089 3046 καὶ
1115 2993 1218 3070 τὴν
1243 2997 1346 3068 τῆς
1373 2997 1593 3067 φύσεως
1626 3002 1755 3057 ἔπι-

160 3067 513 3138 τηδειότητα.

237 3164 342 3218 x-‘i’.
391 3165 626 3234 Λέγουσι
672 3175 769 3230 καὶ
797 3173 898 3246 τὴν
929 3179 1172 3250 φυσικὴν
1216 3182 1488 3256 δύναμινο
1532 3189 1610 3254 ὡς
1653 3192 1750 3247 τοῦ

1875 2081 2100 2146 turales,
2137 2081 2333 2150 partim
2371 2097 2466 2138 eas
2531 2099 2653 2152 quae
2702 2083 3006 2139 secundum
3050 2083 3336 2139 scientiam
3405 2094 3457 2132 ι·1.

1872 2183 2043 2227 artem
2070 2185 2218 2238 sunt,
2255 2174 2550 2230 secundum
2583 2190 2718 2245 quas
2749 2176 2840 2247 qui
2878 2176 2934 2230 in
2990 2175 3123 2245 ipsis
3173 2187 3320 2235 sunt,
3360 2175 3456 2229 hr-

1870 2267 2020 2330 ctici,
2050 2267 2100 2322 id
2131 2278 2236 2331 est,
2270 2269 2554 2324 habilibus
2580 2270 2790 2333 praediti
2826 2272 3104 2324 dicuntur.
3141 2269 3452 2324 Secundum

1868 2361 2014 2429 quod
2045 2375 2177 2416 sane
2203 2363 2612 2434 (significatum)
2652 2365 2818 2420 etiam
2873 2364 3147 2435 perfectas
3197 2363 3450 2427 virtutes,

1869 2453 2218 2508 nominamus
2276 2455 2521 2513 habitus.

1934 2544 2026 2600 27.
2057 2543 2286 2602 llabitus
2321 2558 2549 2604 vocatur
2578 2551 2743 2606 etiam
2804 2553 3069 2609 naturalis
3121 2551 3449 2623 praeparatio

1865 2654 1963 2696 seu
1998 2641 2345 2707 confirmatio
2367 2659 2492 2698 cum
2522 2646 2735 2702 stabilis
2769 2647 2974 2716 fuerit;
3010 2648 3289 2718 quomodo
3321 2663 3446 2702 cor-

1863 2734 2012 2804 poris
2043 2745 2097 2790 et
2129 2737 2323 2794 animae
2353 2739 2565 2808 aliquos
2627 2741 2845 2799 habitus
2876 2743 2933 2800 in
2989 2745 3262 2814 aliquibus
3325 2746 3446 2800 ani-

1864 2828 2298 2898 madvertimus;
2326 2841 2380 2890 et
2408 2834 2639 2893 virtutes
2665 2846 2762 2893 aut
2812 2839 2947 2893 vitia
2979 2854 3046 2895 ex
3078 2850 3305 2906 natura,
3328 2844 3444 2898 sive

1861 2929 2319 2991 temperamento.
3435 2998 3438 3000 ν

1927 3013 2023 3071 28.
2052 3015 2253 3074 Dicunt
2275 3019 2444 3092 aliqui
2468 3022 2714 3080 habitum
2741 3035 2796 3082 et
2816 3036 3026 3084 naturae
3051 3030 3439 3099 aptitudinem.

1927 3204 2089 3278 245
2127 3207 2220 3262 29.
2254 3207 2452 3266 Dicunt
2477 3213 2640 3272 etiam
2682 3215 2977 3286 (habitum)
3011 3223 3311 3288 potentiam
3341 3241 3438 3280 na-

156 3255 342 3324 πυρὸς
371 3257 434 3310 τὸ
467 3259 808 3334 θερμαίνειν,
841 3267 930 3323 ὅτε
961 3270 1035 3341 μὴ
1061 3255 1368 3345 θερμαίνοι,
1389 3281 1482 3334 καὶ
1510 3283 1609 3354 τήν
1630 3284 1749 3356 ὄψιν

156 3347 256 3388 m'.
286 3350 644 3388 νηιιειικηυρηρ

1927 3255 2089 3278 -..η’
2129 3255 2220 3262 ..--
2258 3255 2452 3266 -.νυ-η
2479 3255 2640 3272 ν-Ἒιιισ
2683 3255 2977 3286 νιυιυιιιιιυι
3011 3255 3311 3288 μυιῠιιιιαιιι
3341 3255 3435 3280 ηει-

1884 3302 2114 3370 uralem,
2149 3312 2210 3358 ut
2243 3303 2385 3375 ignis
2415 3307 2475 3360 τὸ
2504 3309 2802 3367 calefacere
2843 3326 2968 3368 cum
3018 3331 3124 3372 non
3163 3318 3435 3388 calefecit,

153 3347 256 3399 τοῦ
286 3350 668 3420 καθεύδοντος.

149 3534 294 3604 cini)
343 3535 534 3605 ὅρασις
583 3541 616 3611 ή
669 3543 771 3613 ἤδη
819 3546 1024 3616 ὁρῶσα,
1077 3554 1173 3607 καὶ
1200 3557 1234 3626 ἡ
1269 3556 1544 3632 θερμότης
1575 3564 1608 3634 ή
1636 3565 1737 3636 ἤδη

147 3629 548 3696 θερμαίνουσα.

224 3720 329 3778 λα’.
364 3725 656 3798 Πολλαχῶς
685 3727 779 3785 οὖν
808 3733 912 3804 τῆς
959 3737 1134 3804 ἕξεως
1167 3741 1490 3819 λεγομένης,
1540 3752 1740 3808 πολλα-

143 3812 262 3880 χῶς
301 3817 394 3870 καὶ
446 3819 480 3890 ἡ
536 3823 793 3893 στέρησις
832 3828 1054 3899 λέγεται
1108 3812 1573 3918 καταλλήλωςτῇ
1624 3848 1737 3914 ἔξει

141 3907 565 3987 λαμϐανομένη.
617 3918 684 3972 Ἦ
721 3921 821 3991 μὲν
849 3926 960 3994 γὰρ
990 3926 1104 3992 ἕξις
1155 3907 1382 3996 ἀπδτδῦ
1403 3907 1734 4014 ἔχειλίέῖλιι·

140 4016 317 4056 πται·
359 4005 392 4076 ή
423 4007 487 4079 δὴ
525 4012 788 4084 στέρησις
822 4018 1016 4090 άέχειά
1044 4024 1132 4087 τίς
1170 4027 1342 4084 ἐστιν.
1430 4005 1464 4008 τ’
1545 4064 1574 4076 ~

213 4184 317 4254 λβ⁹.
361 4186 692 4248 ’Λντίκειται
723 4198 855 4264 γοῦν
877 4200 957 4270 τῷ
983 4203 1190 4276 πρώτῳ
1215 4213 1606 4282 σημαινομένῳ
1633 4217 1731 4289 τῆς

136 4277 310 4344 ἕξεως
348 4282 380 4352 ή
415 4284 672 4356 στέρησις
704 4291 799 4345 τοῦ
836 4294 1063 4365 ἱματίου
1098 4302 1194 4356 καὶ
1225 4303 1322 4357 τοῦ
1356 4307 1547 4362 ὅπλου.

215 4373 323 4441 λγ’.
381 4378 474 4448 Τῷ
519 4381 761 4454 δευτέρῳ
808 4389 842 4457 ή
889 4391 998 4447 τῶν
1044 4395 1364 4466 ἐπικτήτων
1417 4407 1729 4476 ποιοτήτων

132 4468 407 4538 ἀποϐολή.

205 4557 302 4616 λό’.
339 4563 430 4635 Τῷ
462 4567 654 4640 τρίτῳ,
687 4572 788 4644 τῆς
829 4583 1072 4651 φυσικῆς
1101 4591 1458 4662 κατασκευῆς
1486 4595 1519 4663 ή
1554 4612 1723 4665 μετα·

127 4659 336 4729 τροπή.

197 4774 298 4828 λε’.
333 4774 424 4847 Τῷ
453 4781 722 4854 τετάρτῳ,
762 4786 795 4858 ἢ
829 4787 969 4861 ὅπερ
999 4791 1236 4861 οὖδὸλως
1279 4799 1530 4869 πέφυκεν
1573 4807 1722 4878 ἔχειν

125 4865 188 4920 τὸ
221 4870 405 4935 γένος,
451 4872 527 4935 ὡς
559 4874 792 4947 λέγομεν
847 4883 908 4935 τὸ
945 4886 1047 4954 μὲν
1097 4887 1300 4959 βρέφος
1331 4865 1479 4963 ἔξζειν
1530 4865 1718 4974 ἐπιτη-

121 4960 384 5029 δειότητα
450 4966 588 5036 πρὸς
650 4969 710 5022 τὸ
785 4973 1046 5040 δέξασθαι
1113 4982 1215 5052 τὴν
1274 4960 1714 5063 γραμματικήνὀ

121 5052 463 5122 ἐστερῆσθαι
503 5057 559 5111 δὲ
599 5061 699 5130 τῆς
725 5061 1170 5140 ἐπιτηδειότητος
1201 5052 1408 5146 ταύτης
1438 5052 1543 5151 τὴν
1575 5052 1717 5138 πλά-

118 5161 285 5197 τανον
314 5148 394 5199 ὅτι
445 5150 540 5203 καὶ
568 5153 626 5206 τὸ
658 5154 809 5210 ἅπαν
837 5162 1004 5227 φυτόν
1032 5179 1046 5192 ·
1081 5164 1112 5235 ἢ
1164 5166 1302 5242 ὅπερ
1329 5170 1389 5224 τὸ
1421 5148 1576 5241 γένος
1612 5178 1714 5248 μὲν

119 5237 371 5305 πέφυκεν
401 5241 572 5311 ἔχειν,
605 5247 660 5298 τὶ
733 5249 791 5302 δὲ
821 5252 932 5307 τῶν
979 5257 1138 5310 εἰδῶν
1185 5262 1287 5315 οὐκ
1337 5264 1489 5335 ἔχει*
1541 5270 1618 5334 ὡς
1652 5274 1712 5326 τὸ

116 5329 260 5392 ζῶον
285 5332 387 5402 μὲν
419 5334 532 5405 ἔχει
565 5339 980 5416 ἐπιτηδειότητα
1007 5349 1102 5404 τοῦ
1133 5354 1288 5424 όρᾷν,
1322 5329 1430 5411 (θ’θ’
1457 5329 1710 5431 ἀσπάλαξ

115 5423 326 5495 ταύτης
364 5430 676 5503 ἐστέρηται.

185 5542 299 5609 λς’.
340 5544 432 5612 Τῷ
464 5546 722 5624 πέμπτῳ,
750 5553 787 5620 ή
820 5554 1064 5634 άποόολὴ
1099 5564 1200 5634 τῆς
1246 5568 1368 5621 καθ’
1396 5571 1512 5640 ἕξιν
1545 5575 1705 5630 δυνά-

115 5650 294 5704 μεως.
559 5675 562 5678 ~

182 5747 284 5814 λζ’.
341 5752 438 5821 Τῷ
463 5755 609 5826 ἕκτῳ
659 5761 754 5814 καὶ
808 5765 1126 5844 τελευταίῳ,
1157 5774 1258 5844 τῆς
1288 5778 1514 5850 τελικῆς
1551 5786 1701 5855 ἐνερ-

107 5845 265 5909 γείας
299 5846 332 5914 ἡ
369 5850 650 5919 στέρησις.
1469 5845 1480 5850 1
1517 5879 1520 5882 ’

181 5963 248 6033 λη
271 6002 284 6016 .
323 5963 544 6034 Κυρὶως
573 5967 637 6038 δὴ
685 5971 829 6043 καθ’,
853 5973 968 6040 ἕξιν
999 5982 1094 6034 καὶ
1135 5983 1393 6056 στέρησιν
1422 5989 1698 6058 ἀντίθεσις

1848 3400 1901 3446 et
1935 3393 2108 3448 vismn
2149 3395 2496 3456 dormientis.

1915 3486 2262 3562 50.1nsuper
2325 3503 2509 3555 autem
2569 3500 2751 3566 potius
2809 3504 3088 3573 perfectus
3130 3520 3286 3565 actus
3345 3522 3431 3568 est

1844 3579 2103 3648 habitus;
2139 3593 2195 3641 ut
2225 3587 2364 3643 visio
2391 3590 2502 3659 jam
2542 3593 2730 3651 videns
2763 3607 2818 3651 et
2869 3601 3021 3656 calor
3057 3601 3170 3670 jam
3219 3605 3427 3660 calefa-

1911 3769 2003 3825 51.
2063 3773 2198 3827 Cum
2273 3777 2438 3847 igitur
2501 3781 2852 3840 multifariam
2913 3785 3132 3844 habitus
3187 3790 3423 3854 dicatur.

1843 3865 2199 3924 multifariam
2246 3876 2410 3928 etiam
2461 3876 2696 3944 privatio
2754 3880 2981 3947 dicitur,
3034 3899 3154 3954 quae
3211 3887 3424 3944 lialiilui

1837 3970 2206 4027 congruenter
2235 3967 2525 4037 accipitur.
2558 3969 2786 4029 llabitus
2805 3974 2948 4030 enim
2979 3980 3198 4048 quidem
3227 3981 3297 4035 ab
3328 3983 3426 4036 ha-

1841 4051 2018 4108 bendo
2054 4069 2307 4128 sumptus
2331 4074 2415 4116 est
2444 4080 2460 4131 ;
2491 4066 2728 4134 privatio
2758 4080 2939 4126 autem
2973 4073 3242 4131 inhabitiu
3269 4095 3419 4148 quae-

1837 4146 1987 4207 dam.
2016 4164 2112 4203 seu
2140 4151 2374 4210 habendi
2406 4159 2627 4228 quidam
2649 4163 2898 4221 defectus
2919 4178 3026 4223 est.

1907 4240 2211 4314 32.ltaque
2248 4250 2428 4316 primo
2484 4253 2703 4310 habitus
2765 4259 3072 4330 signiﬁcato
3121 4267 3416 4335 opponitur

1836 4335 2067 4403 privatio
2099 4341 2402 4398 vestimenti
2434 4355 2486 4401 et
2522 4348 2635 4422 teli.

1908 4429 1997 4485 55.
2039 4433 2292 4490 Secundo
2314 4440 2703 4508 acquisitarnm
2733 4447 3058 4516 qualitatum
3085 4453 3363 4532 abjectio.‘

1757 4650 1803 4706 ι)
1902 4637 1991 4694 34.
2031 4639 2237 4709 Tertio,
2277 4651 2540 4707 naturalis
2570 4657 2987 4726 przeparationis
3052 4676 3148 4718 seu
3210 4667 3405 4721 confir~

1834 4733 2088 4790 mationis
2121 4733 2378 4796 inversio.

1896 4852 1985 4906 55.
2023 4852 2256 4922 Quarto,
2288 4861 2374 4912 vel
2404 4861 2550 4931 quod
2577 4865 2804 4921 omnino
2835 4883 2941 4924 non
2977 4882 3156 4941 potest
3204 4873 3406 4932 habere
3474 4905 3488 4960 ς

1824 4950 2309 5018 genus,quomodo
2336 4953 2596 5010 infantem
2633 4959 2851 5028 quidem
2878 4963 3110 5019 dicimus
3143 4969 3401 5038 aptitudi-
3468 5046 3473 5052 .

1824 5055 1948 5094 nem
2003 5041 2205 5098 habere
2257 5049 2629 5113 grammaticae
2681 5056 3063 5126 suscipiendm,
3121 5062 3402 5132 platanum

1820 5137 2000 5184 autem
2033 5131 2135 5186 hac
2191 5135 2496 5202 aptitndine
2550 5139 2814 5210 privatam
2871 5163 3012 5213 esse,
3045 5131 3173 5221 quia
3237 5159 3402 5210 etiam

1819 5223 2001 5277 utnnis
2049 5225 2280 5293 planta:
2330 5242 2423 5283 aut
2456 5235 2676 5302 qUando
2730 5239 2946 5308 quidem
3003 5245 3184 5313 ipsum
3229 5267 3404 5320 genus

1819 5313 2021 5371 habere
2058 5327 2255 5387 potest,
2289 5325 2536 5392 quaedam
2604 5340 2787 5386 autem
2836 5349 2905 5389 ex
2949 5341 3236 5407 speciebus
3293 5361 3401 5402 nun

1819 5411 2016 5482 habet;
2051 5417 2327 5483 quomodo
2357 5418 2574 5488 quidem
2607 5424 2806 5490 animal
2841 5430 3054 5488 videndi
3079 5434 3241 5494 habet
3265 5455 3405 5512 apr-

1816 5505 2081 5571 tndinem,
2139 5509 2242 5566 hac
2262 5522 2444 5567 autem
2475 5518 2614 5586 talpa
2650 5520 2860 5587 privata
2890 5538 2992 5580 est.

1883 5599 1968 5651 56.
2007 5601 2209 5664 Quinto
2245 5607 2498 5674 potentiae
2523 5615 2828 5671 secundum
2875 5617 3116 5682 habitum
3147 5625 3390 5682 amissio.

1880 5799 2046 5873 246
2081 5804 2169 5860 57.
2209 5807 2372 5865 Sexto
2395 5821 2448 5868 et
2475 5816 2666 5874 ultimo
2694 5823 2921 5890 perfecti
2951 5838 3107 5883 actus
3138 5833 3392 5896 privatio.

1878 5997 1966 6053 2-8.
1995 5998 2222 6072 Pmprie
2251 6017 2432 6065 autem
2462 6017 2734 6084 oppositio
2767 6036 2913 6090 :qme
2947 6026 3248 6082 secundum
3298 6033 3394 6087 lia‘
