3868 6362
421 369 522 433 983
1263 367 1274 372 “
1571 372 1996 435 NICEPHORI
2041 372 2464 436 BLEMMIDE
3566 364 3671 430 884

1280 490 1311 557 ὴ
1349 490 1606 560 στέρησις
1633 491 1731 561 τοῦ
1767 489 1985 561 ἱματέιου
2007 491 2104 545 καὶ
2138 489 2233 544 τοῦ
2254 491 2420 544 ὅπλου
2454 505 2471 520 ο

1279 561 1312 629 ή
1347 561 1591 630 ἀποϐολὴ
1617 560 1729 614 τῶν
1768 560 2082 628 ἐπικτήτων
2112 563 2419 631 ποιοτήτων
2438 578 2452 591 ·

1281 633 1311 698 ἡ
1350 632 1670 701 μετατροπὴ
1702 631 1803 700 τῆς
1827 633 2070 700 φυσικῆς
2107 636 2480 701 κατασκευῆς

1278 700 1310 770 ἢ
1347 701 1483 774 ᾇπερ
1511 698 2190 774 οὐδό>.“ως“πέφυκεν’ἔχειν
2215 706 2274 754 τὸ
2299 698 2476 774 γένος,
2503 703 2578 766 ὡς
2604 705 2637 774 ἡ
2663 702 2935 774 πλᾲτανος
2964 698 3195 774 ξυνάμξι
3223 698 3626 774 “quiaaetatin
3656 708 3673 724 '

1347 772 1379 858 ᾖ
1405 766 1544 842 mp
1581 772 1828 839 πέφυκεν
1855 766 2005 842 ἔχειν
2041 766 2102 826 τδ
2130 766 2391 842 γένοςζτὶ
2417 773 2476 826 δὲ
2510 766 2811 828 τῶνέἰδῶν
2833 773 2935 826 οὐκ
2961 766 3202 842 ἔχει,’ὡς
3234 766 3274 823 ὁ
3295 766 3545 833 ἀσπάλαξ
3571 766 3678 832 τὴν

1345 861 1560 897 οοασιν.

1279 915 1311 984 ἠ
1610 915 1710 978 τῆς
1743 913 1867 984 καθ’
1903 912 2016 977 ἕξιν
2047 913 2331 984 δυνάμεως
2372 933 2385 946 ο

1280 983 1312 1054 ἡ
1343 986 1600 1054 στέρησις
1630 984 1733 1054 τῆς
1764 983 1988 1053 τελικῆς
2012 983 2325 1056 ὲνεργὲίας.

635 731 705 787 Ἦ
735 734 988 807 στέρησις

1586 1298 1793 1354 Tabula
1825 1299 2017 1364 capitis
2047 1300 2142 1363 ‘25,
2175 1299 2240 1353 de
2270 1299 2542 1368 oppositis.

1281 1445 1374 1490 aut
1403 1436 1458 1489 in
1487 1436 1847 1498 orationibus.
1877 1446 1931 1491 et
1967 1436 2174 1491 iaciunt
2208 1434 2622 1490 affirmatiouem
2679 1445 2731 1489 et
2769 1434 3132 1505 negationem,
3162 1432 3334 1499 velut,
3365 1432 3654 1504 (Socrates

1351 1508 1525 1570 sedet,
1557 1506 1856 1576 (Socrates)
1886 1520 1994 1561 non
2023 1507 2192 1562 sedet.
2622 1519 2644 1548 κ

891 1684 1150 1712 ,ηδ-,ΗΜΛ
1210 1645 1233 1712 1
2035 1659 2062 1712 ι
2108 1655 2208 1705 aut
2235 1647 2536 1700 secundum
2574 1645 3391 1709 habitudinem,rteﬂicinutea
3411 1654 3688 1712 quassant

460 1684 718 1755 opposita
766 1684 1152 1756 (accipiumur)
1209 1662 1232 1788 ί
2029 1662 2062 1788 ί
2108 1662 2536 1729 autsecunqum
2574 1662 3444 1729 Itathtltttetll,.t‘lBlltcmltteaq

2177 1717 2243 1772 ad
2277 1719 2507 1788 aliquid,
2545 1725 2604 1772 ut
2641 1728 2792 1788 pater
2839 1726 2893 1769 et
2924 1716 3084 1773 ﬁlms.

2939 1869 3030 1915 aut
3075 1869 3356 1915 mutantur
3389 1860 3444 1914 in
3496 1875 3556 1915 se
3588 1860 3688 1914 in-

1441 1943 1534 1991 aut
1563 1935 1620 1991 in
1645 1933 1811 1992 rebus
2025 1930 2051 1997 ί
2853 1930 2876 1997 |
3010 1933 3179 1984 virent
3206 1933 3251 1984 si
3270 1930 3576 1997 subjectum
3609 1935 3688 1984 sit

3010 2003 3151 2070 quod
3209 2003 3316 2055 vim
3378 2001 3686 2068 recipiendi

3013 2072 3256 2132 haheat,
3313 2082 3367 2126 et
3437 2070 3688 2125 eﬂiciunt

2111 2152 2206 2200 aut
2237 2159 2346 2200 non
2375 2143 2679 2198 secundum
2715 2140 2810 2196 ha-
2857 2140 2879 2205 Ι
3011 2143 3309 2205 contraria,
3351 2151 3410 2195 ut
3437 2142 3681 2196 calidum

2312 2215 2616 2271 biludinem
2853 2212 2878 2282 Χ
3008 2223 3061 2267 ct
3090 2212 3373 2282 frigidum.

2944 2292 3040 2338 aut
3083 2299 3188 2337 non
3222 2291 3503 2336 mutantur
3533 2282 3586 2334 in
3625 2298 3687 2336 se

3015 2354 3269 2415 invicem,
3290 2362 3495 2406 etsunt
3524 2353 3687 2405 habi-

3017 2434 3106 2478 tus
3139 2432 3192 2477 et
3222 2423 3483 2493 privatio,
3503 2433 3561 2477 ut
3595 2423 3683 2475 vi-

3017 2509 3114 2550 sus
3135 2501 3191 2550 et
3226 2493 3464 2550 caecitas.

1281 2738 1378 2812 aut
1409 2740 1469 2786 ut
1500 2732 1568 2787 ad
1598 2727 1826 2812 aliquid,

1277 2811 1372 2856 aut
1401 2811 1460 2856 ut
1493 2811 1788 2861 contraria.

1281 2881 1373 2926 aut
1406 2883 1462 2927 ut
1495 2872 1718 2927 habitus
1747 2881 1801 2926 et
1831 2867 2086 2938 privatio.

493 2773 653 2845 250
678 2767 934 2840 Opposita
967 2765 1140 2839 (sunt)

1273 2669 1370 2716 aut
1401 2669 1458 2715 ut
1487 2658 1776 2715 affirmatio
1797 2665 1852 2711 et
1880 2654 2111 2724 negatio,

1281 2738 1378 2784 aut
1409 2740 1469 2786 ut
1500 2732 1568 2787 ad
1598 2727 1826 2800 aliquid,

1277 2811 1372 2856 aut
1401 2811 1460 2856 ut
1493 2802 1788 2861 contraria.

1281 2881 1373 2926 aut
1406 2883 1462 2927 ut
1495 2872 1718 2927 habitus
1747 2881 1801 2926 et
1831 2867 2086 2938 privatio.

1282 3023 1379 3071 aut
1399 3013 1566 3069 etiam
1597 3021 1893 3080 utrumque
1918 3018 2002 3063 est
2025 3010 2260 3079 species,
2287 3014 2347 3061 ut
2374 3003 2628 3074 frigidum
2657 3015 2712 3061 et
2751 3005 3041 3065 calidum.‘

1216 3011 1240 3218 ζ
1284 3094 1377 3168 aut
1409 3085 1638 3166 alterum
1668 3084 1739 3138 ab
1767 3083 1936 3136 altero
1968 3091 2051 3135 est
2073 3090 2318 3137 extrema
2349 3077 2626 3149 prolapsio
2647 3092 2742 3132 seu
2773 3076 3010 3133 defectio

1354 3165 1589 3218 iustitia.

603 3090 1020 3148 Contrariorum
1216 3074 1240 3168 ζ
1284 3094 1377 3168 aut
1409 3085 1638 3168 alterum
1668 3084 1739 3138 ab
1767 3074 1936 3136 altero
1968 3074 2318 3137 est'extrema
2349 3077 2626 3149 prolapsio
2647 3092 2742 3132 seu
2773 3076 3010 3133 defectio
3041 3089 3056 3130 :
3107 3083 3166 3130 ut
3211 3074 3428 3142 iustitia
3483 3086 3540 3131 et
3593 3075 3683 3130 in-

1354 3165 1589 3226 justttta.

2103 3297 2208 3350 aha
2251 3289 2590 3349 essentialia,
2626 3302 2684 3344 nt
2709 3299 2886 3359 paret
2913 3288 3113 3354 impar.

1258 3369 1360 3424 alia
1393 3376 1522 3425 sunt
1553 3366 1888 3430 immediata;
1925 3358 2052 3435 (et):
2109 3367 2212 3421 alia
2240 3362 2490 3418 essentia:
2509 3358 2824 3435 adventitia
2852 3375 2948 3416 seu
2998 3358 3383 3426 acridentalia,
3421 3366 3479 3410 ut
3537 3375 3688 3414 mor-

834 3450 844 3456 '
1215 3419 1360 3505 rw
1394 3419 1520 3425 ww
1929 3419 1943 3435 “
2113 3419 2280 3491 Wbus
2306 3442 2359 3489 et
2396 3431 2632 3487 sanitas.

613 3551 1024 3610 Contrariorum
1211 3551 1240 3641 ς
2035 3585 2055 3641 ι
2111 3585 2204 3632 θυι
2227 3585 2520 3641 υιτῃιιιςιιθ
2556 3579 2733 3639 potest
2767 3573 2960 3627 abesse
2999 3587 3026 3624 a
3061 3573 3327 3641 subjecto,
3387 3580 3443 3624 ut
3501 3572 3688 3627 album

1295 3660 1397 3712 alia
1451 3655 1689 3711 medium
1749 3649 1987 3710 habent.
2036 3642 2064 3714 \
2183 3658 2236 3701 et
2255 3648 2468 3714 nigrum
2499 3657 2528 3697 ιι
2564 3642 2804 3706 Socrate,
3170 3713 3173 3714 ν
3557 3686 3562 3690 η

1367 3727 1483 3783 sive
1561 3724 1797 3780 mediata
1852 3727 1996 3791 [sunt
2039 3713 2063 3791 <
2117 3726 2211 3775 aut
2243 3713 2476 3791 alterum
2506 3713 2726 3791 quidem
2759 3713 3391 3791 abestcontrariorium,
3446 3716 3686 3791 alterum

2111 3585 2204 3632 aut
2227 3585 2520 3641 utrumque
2556 3585 2733 3639 potest
2767 3585 2960 3627 abesse
2999 3587 3026 3624 a
3061 3585 3327 3641 subjecto,
3387 3585 3443 3624 ut
3501 3585 3688 3627 album

1371 3673 1397 3709 a
1451 3655 1689 3711 medium
1749 3649 1987 3710 habent.
2183 3658 2236 3701 et
2255 3648 2468 3714 nigrum
2499 3657 2528 3697 ιι
2564 3642 2804 3706 Socrate,
3557 3686 3562 3690 η

1367 3727 1483 3783 sive
1561 3724 1797 3780 mediata
1852 3727 1996 3791 [sunt
2117 3726 2211 3775 aut
2243 3723 2476 3772 alterum
2506 3713 2726 3782 quidem
2759 3715 2914 3766 abest
2940 3713 3391 3772 contrariorium,
3446 3716 3686 3767 alterum

1367 3795 1650 3869 (quorum)
2189 3803 2320 3843 vero
2381 3787 2524 3838 inest
2559 3783 2805 3847 omnino,
2861 3783 3006 3852 quod
3059 3783 3170 3846 jam
3207 3793 3332 3836 autc
3368 3785 3581 3852 species
3616 3788 3689 3838 ait

2194 3875 2259 3914 eo
2300 3857 2370 3912 sit
2395 3863 2679 3926 occupata,
2720 3864 2778 3906 ut
2814 3855 2924 3924 igni
2961 3855 3109 3909 calor
3166 3853 3374 3925 (inest).

2194 3875 2259 3914 eo
2300 3857 2370 3912 sit
2395 3863 2679 3926 occupata,
2720 3864 2778 3906 ut
2814 3855 2924 3924 igni
2961 3855 3109 3909 calor
3166 3855 3374 3925 (inest).

1304 4030 1536 4084 quorum
1564 4014 1804 4069 medium
1840 4011 2446 4084 partioipatutrumque
2477 4012 2867 4062 extremorum,
2901 4009 2958 4054 ut
2991 4000 3248 4084 tepidum,

1305 4070 1536 4158 quorum
1574 4086 1810 4158 medium
1843 4070 2130 4158 participat
2163 4070 2418 4132 neutrum
2448 4085 2836 4138 extremorum,
2870 4082 2929 4124 ut
2952 4072 3186 4126 medium
3221 4070 3354 4141 justi
3385 4082 3440 4126 et
3475 4073 3692 4144 injUsti,

1376 4173 1552 4227 neque
1576 4155 1782 4224 justum
1816 4150 1992 4222 neque
2027 4150 2312 4218 iniustum.

444 4052 600 4122 251
651 4053 1056 4109 Cont'ariorum
1104 4068 1208 4110 me.

513 4124 780 4178 diatornm
837 4125 965 4189 (alia
998 4127 1145 4193 sunt)

1299 4302 1407 4357 alia
1439 4314 1608 4354 unum
1633 4297 1839 4354 habent
1876 4293 2142 4355 medium,
2176 4298 2236 4343 ut
2281 4286 2517 4357 calidum
2549 4292 2605 4338 et
2631 4281 2886 4357 frigidum
2913 4280 3112 4357 habent
3143 4283 3457 4357 (tepidum),

482 4299 750 4354 Praeterea
779 4301 1182 4358 contrariorum
1219 4299 1246 4363 ν
1299 4302 1407 4357 alia
1439 4314 1608 4354 unum
1633 4299 1839 4354 habent
1876 4299 2142 4363 medium,
2176 4299 2236 4343 ut
2259 4299 2517 4363 _ca_nu_um
2549 4299 2605 4338 et
2631 4299 2886 4363 trtgtoum
2914 4299 3112 4363 nauem
3143 4299 3311 4363 (ιθριιι

1301 4352 1407 4428 iiii
1438 4352 1615 4442 plura,
1650 4380 1710 4424 ut
1739 4352 1981 4426 medium
2010 4352 2201 4417 albi’et
2221 4357 2380 4428 nigri,
2405 4354 2645 4417 fuscum,
2677 4352 2912 4420 fulvum,
2936 4353 3135 4406 ﬂavum
3167 4364 3222 4408 et
3244 4355 3369 4408 alia.

639 4371 1007 4427 mediatorum

1303 4565 2036 4655 acquisitaiqualitasrcum
2079 4574 2246 4629 fuerit
2267 4572 2505 4635 stabilis,
2533 4576 2594 4622 ut
2617 4565 2846 4620 scientia
2887 4574 2940 4620 et
2970 4567 3179 4655 νὶηιιε,⁸
3281 4637 3290 4648 ,

1307 4637 1574 4710 habitans
1598 4637 1946 4722 praeparatio,
1978 4649 2094 4702 sive
2121 4650 2614 4711 temperamentum
2646 4651 2771 4691 cum
2803 4652 3131 4706 permanens
3157 4637 3339 4698 fuerit,

1305 4736 1513 4781 naturae
1544 4725 1812 4792 aptitudo,

1304 4795 1574 4850 naturalis
1606 4795 1874 4863 potentia,
1902 4797 1963 4863 ut
1992 4785 2301 4863 calefacere
2323 4781 2465 4852 ignis
2491 4797 2617 4836 cum
2654 4796 2760 4838 non
2791 4795 2831 4836 c:

2171 4797 2301 4863 cere
2323 4781 2465 4852 ignis
2491 4797 2617 4836 cum
2654 4796 2760 4838 non
2791 4777 3046 4837 calefacit
3075 4788 3132 4837 et
3158 4779 3310 4835 visus
3339 4779 3698 4852 dormientis,

1308 4867 1581 4936 perfectus
1609 4854 1794 4929 'actus,
1820 4869 1881 4914 ut
1906 4859 2044 4914 visio
2077 4857 2187 4928 jam
2213 4854 2426 4910 videns.

514 4689 746 4746 Habitus
775 4691 1024 4763 (dicitur)
1057 4693 1138 4749 vel

1302 5007 1534 5079 privatio
1565 5001 1952 5079 vestimentiet
1978 4999 2091 5066 teli,

1301 5069 1699 5148 acquisitarum
1736 5072 2066 5148 qualitatum
2091 5069 2340 5148 amissio,
2426 5098 2435 5107 -

1306 5142 1574 5204 naturalis
1598 5143 2014 5214 praeparationis
2044 5142 2304 5204 inversio,

1300 5230 1396 5274 aut
1426 5219 1544 5286 ejus
1573 5206 1912 5286 q'uod'genns
1942 5215 2120 5286 ipsum
2178 5225 2405 5279 prorsus
2432 5209 2651 5286 habere
2687 5225 2795 5266 non
2832 5215 3012 5286 potest
3038 5226 3060 5286 _:
3089 5219 3148 5265 ut
3173 5206 3700 5286 platanuspotentia

3119 5127 3130 5152 Ι

481 5254 640 5326 252
669 5256 906 5313 Privatio
954 5256 1178 5326 (dicitur

778 5278 906 5356 "3"“
954 5278 1178 5326 “mm”
1225 5278 1252 5397 ί
1402 5278 1818 5358 grammaticam
1848 5278 2074 5353 (habere
2105 5278 2217 5336 non
2248 5282 2451 5350 potest)
2488 5287 2581 5332 aut
2605 5282 2726 5350 ejus
2747 5280 2892 5352 quod
2923 5280 3140 5346 quidem
3167 5278 3340 5352 genus
3367 5278 3570 5334 habere
3601 5293 3698 5347 po-

778 5329 880 5397 νει)
1379 5367 1482 5397 luet
1553 5359 1731 5397 nlinna
1765 5363 1944 5397 alitem
1988 5369 2051 5397 ex
2104 5351 2394 5397 sneciehus
2443 5365 2549 5397 non
2602 5353 2782 5397 habet-
2841 5359 2900 5397 ut.
2958 5349 3100 5397 talna
3153 5359 3352 5397 vietum-

1303 4512 1556 4570 habentis
1579 4521 1634 4566 et
1662 4509 1831 4566 habiti
1861 4518 2037 4573 actus,
2063 4515 2124 4559 ut
2159 4499 2468 4555 vestimenti
2497 4505 2590 4553 aut
2621 4494 2711 4578 teii
2745 4494 2980 4577 habitus,

1303 4584 1575 4655 acquisita
1608 4582 1868 4652 qualitas,
1909 4593 2035 4633 cum
2079 4574 2246 4629 fuerit
2267 4572 2505 4635 stabilis,
2533 4576 2594 4622 ut
2617 4576 2846 4620 screntta
2887 4574 2940 4620 et
2970 4583 2980 4610 ι

1307 4655 1574 4710 naturalis
1598 4649 1946 4722 praeparatio,
1978 4649 2094 4702 sive
2121 4650 2614 4711 temperamentum
2646 4651 2771 4691 cum
2803 4652 2980 4706 perma

1305 4736 1513 4781 naturae
1544 4725 1812 4792 aptitudo,

1304 4795 1574 4850 naturalis
1606 4795 1874 4863 potentia,
1902 4797 1963 4842 ut
1992 4785 2296 4843 calefacere
2323 4781 2465 4852 ignis
2491 4797 2617 4836 cum
2654 4796 2760 4838 non
2791 4777 2980 4837 calefai

1308 4867 1581 4936 perfectus
1617 4873 1794 4929 actus,
1820 4869 1881 4914 ut
1906 4859 2044 4914 visio
2077 4857 2187 4928 jam
2213 4854 2426 4910 videns.

1304 5036 1534 5079 pl‘tvauu
1571 5036 1872 5060 vcauuscuu
1897 5036 1952 5055 ω
1979 5036 2091 5066 -υιι,

1301 5079 1699 5148 acquisitarum
1736 5072 2066 5142 qualitatum
2091 5069 2340 5132 amissio,
2426 5098 2435 5107 -
3039 5103 3047 5113 .

1306 5147 1574 5204 naturalis
1598 5143 2014 5214 praeparationis
2044 5142 2304 5204 inversio,
3119 5127 3130 5152 ‘

1300 5230 1396 5274 aut
1426 5219 1544 5286 ejus
1573 5215 1717 5286 quod
1741 5229 1912 5284 genus
1942 5215 2120 5281 ipsum
2178 5225 2405 5279 prorsus
2432 5209 2636 5264 habere
2687 5225 2795 5266 non
2832 5215 3012 5277 potest
3043 5226 3060 5265 :
3089 5219 3148 5265 ut
3173 5211 3352 5280 platan

1402 5287 1818 5358 grammaticam
1848 5285 2074 5353 (habere
2105 5296 2217 5336 non
2248 5282 2451 5350 potest)
2488 5287 2581 5332 aut
2605 5282 2726 5350 ejus
2747 5280 2892 5352 quod
2923 5280 3140 5346 quidem
3167 5298 3340 5352 genus

1379 5367 1509 5424 test,
1553 5359 1732 5426 aliqua
1765 5363 1946 5409 autem
1988 5369 2054 5408 ex
2103 5351 2394 5422 speciebus
2442 5365 2550 5405 non
2601 5353 2786 5418 habet,
2841 5359 2900 5405 ιιι
2958 5349 3101 5422 talpa
3153 5359 3352 5411 visum.

1310 5500 1535 5556 amissio
1559 5497 1820 5570 potentia:
1853 5496 2154 5551 secundum
2186 5494 2451 5558 habitum,

1313 5572 1541 5628 privatio
1578 5569 1807 5628 perfecti
1843 5577 1996 5623 actus

1310 5500 1535 5556 amissio
1559 5497 1820 5570 potentia:
1853 5496 2154 5551 secundum
2186 5494 2451 5558 habitum,

1312 5572 1541 5642 privatio
1577 5569 1807 5640 perfecti
1843 5577 1996 5623 actus
