3868 6362
391 319 493 380 887

1587 320 2007 386 NICEPHORI
2039 323 2240 387 BLEM
2250 326 2308 390 Μ
2317 327 2462 390 ΙΙ)ιὲ

3543 283 3656 389 ass

393 433 534 508 enim
575 430 763 488 vocale
795 439 880 488 est
924 432 1179 506 animal).
1216 434 1436 491 nomina
1473 441 1656 493 tamen
1702 447 1758 495 et
1805 438 1970 493 verba
2003 455 2015 495 Α

2132 443 2462 514 ἄνθρωπος),
2491 443 2723 517 ἀλλὀὐχ
2751 444 2940 512 ἁπλῶς
2988 447 3162 514 φωναὶ
3191 444 3258 502 τά
3287 444 3531 514 ὀνόματα
3563 450 3660 502 καὶ

395 538 498 578 non
530 533 660 579 sunt
703 525 1022 594 simpliciter
1053 540 1238 592 voces,
1292 527 1387 584 sed
1426 544 1588 586 voces
1617 539 1770 585 certo
1804 529 1970 584 modo

2131 555 2140 588 t
2163 538 2387 607 ῥήματα
2405 553 2418 568 ⁸
2446 539 2623 608 φωναὶ
2648 539 2705 593 δὲ
2738 539 2960 595 τοιῶσδσ
2990 539 3448 612 μεμορφωμέναι.

394 617 655 674 formam.

465 710 519 765 9.
547 710 894 782 Relinquitur
921 729 1050 787 ergo
1078 717 1300 773 nomina
1329 726 1384 772 et
1407 716 1570 773 verba
1600 731 1722 773 esse
1746 714 1976 786 positio-

2147 718 2212 776 θ’.
2245 720 2405 775 Θέσει
2433 721 2492 775 τὸ
2513 721 2700 777 λοιπόν
2745 723 2853 778 είσι
2889 723 2960 777 τὰ
2980 723 3222 794 ὀνόματα
3260 724 3354 778 καὶ
3385 723 3454 776 τά
3480 723 3667 794 ῥήμα-

397 816 464 854 ue
497 802 590 871 (ab
611 803 898 873 aliquibus
924 807 1069 861 enim
1100 809 1554 879 suntimposita),
1589 807 1699 880 nisi
1725 807 1849 876 quis
1883 804 1974 860 illa

2131 833 2165 869 ι.
2194 816 2475 872 Τέθεινται
2504 817 2614 888 γὰρ
2645 818 2752 872 ὑπό
2787 837 2952 873 τινων
2980 835 2999 852 ο
3029 821 3076 873 εί
3107 821 3180 889 μή
3211 837 3295 881 τις
3321 818 3470 887 λέγοι
3503 817 3670 886 φύσει

398 895 504 948 alio
532 895 695 949 modo
717 907 912 952 natura
933 914 1052 955 esse
1069 900 1236 964 dicat,
1253 901 1397 972 quod
1421 912 1542 969 apte
1566 915 1625 956 se
1645 900 1880 955 habeant
1909 897 1976 952 ad

2131 911 2284 964 >όπον
2310 911 2470 966 ἄλλον
2496 913 2769 983 ὑπάρχειν
2818 913 2958 969 αὐτὰ
2999 914 3087 969 διὰ
3116 914 3177 969 τὸ
3238 914 3456 976 οἰκείως
3523 913 3673 981 ἔχειν

399 1003 488 1043 res
513 990 714 1054 quibus
765 1003 894 1046 sunt
930 993 1208 1063 imposita,
1243 995 1501 1064 quodque
1541 1002 1751 1048 natura:
1795 1007 1977 1047 rerum

2131 1006 2220 1076 ρὸς
2248 1007 2316 1059 τὰ
2372 1006 2676 1076 πράγματα
2710 1001 2792 1068 οἷς
2825 1008 3117 1077 ἐτέθησαν,
3146 1007 3243 1061 καὶ
3266 1010 3335 1076 τῇ
3363 1007 3470 1060 τῶν
3489 1021 3675 1075 πραγ-

401 1084 792 1139 conveuienter
813 1094 869 1140 et
891 1098 1253 1152 congruenter
1277 1089 1388 1142 sint
1415 1088 1692 1157 imposita.

475 1174 562 1228 10.
599 1175 711 1230 Dici
753 1191 885 1231 vero
918 1178 1081 1232 etiam
1105 1180 1314 1245 possint
1338 1179 1558 1254 nomina
1586 1187 1639 1231 et
1659 1179 1822 1232 verba
1841 1177 1982 1230 κατὰ

2088 1100 2275 1166 μάτων
2303 1099 2464 1169 φύσει
2495 1102 2848 1171 καταλλήλως
2873 1103 3097 1170 τεθῆναι
3131 1101 3224 1156 καὶ
3251 1100 3630 1171 ἁρμοζόντως.

2166 1198 2217 1247 ι’.
2237 1191 2498 1258 Λέγοιντο
2526 1191 2572 1245 δ’
2601 1193 2668 1246 ἂν
2697 1194 2838 1247 κατὰ
2877 1194 3151 1266 συνθήκην
3205 1194 3378 1260 φωναὶ
3407 1207 3678 1259 σημαντι-

408 1264 702 1332 συνθήκην,
737 1267 900 1322 idest
955 1284 1018 1322 ex
1077 1270 1498 1339 compositione,
1565 1272 1630 1322 ad
1685 1269 1981 1323 discrimen

2131 1287 2180 1339 ul.
2206 1285 2276 1338 τὰ
2299 1285 2540 1354 ὀνόματα
2581 1286 2765 1340 καὶτὰ
2802 1264 3048 1358 ῥήματα,
3105 1264 3201 1341 καὶ
3248 1285 3385 1354 πρὸς
3435 1283 3679 1336 ἀντιδια-

406 1373 599 1410 vocum
636 1359 1108 1416 inarticulatarnm
1143 1378 1264 1431 quae
1322 1372 1379 1418 et
1437 1364 1568 1432 ipsa!
1610 1363 1986 1433 signiticativm

408 1462 560 1515 sunt,
600 1455 1057 1522 quemadmodum
1113 1459 1345 1528 gemitus
1375 1467 1428 1512 et
1487 1459 1646 1514 ﬁctus
1697 1458 1941 1512 dolorem
1969 1497 1984 1516 ,

410 1553 465 1597 et
500 1548 644 1599 risus
678 1555 842 1617 atque
878 1548 1182 1603 cachinnus
1217 1550 1576 1605 excellentem
1609 1551 1803 1604 anima:
1829 1548 1989 1603 ditiu-

411 1637 621 1692 sionem
663 1655 756 1694 seu
791 1640 1029 1694 laetitiam
1063 1641 1374 1711 signiﬁcant
1401 1659 1416 1710 ;
1442 1650 1496 1696 et
1539 1642 1659 1695 aliae
1690 1655 1850 1695 voces
1874 1657 1992 1706 quae

2092 1377 2284 1447 στολὴν
2312 1377 2419 1430 τῶν
2453 1377 2742 1449 ἁνάρθρων
2770 1379 2986 1446 φωνῶν.
3019 1378 3132 1431 τῶν
3174 1376 3527 1447 σημαντικῶν
3582 1374 3679 1426 οὔ·

2093 1468 2200 1520 σῶν
2219 1470 2310 1522 καὶ
2326 1467 2506 1522 αὐτῶν
2534 1486 2550 1503 ο
2574 1470 2651 1533 ὼς
2679 1473 2707 1524 ὁ
2733 1471 3037 1540 στεναγμὸς
3069 1471 3164 1524 καὶ
3193 1471 3221 1522 ὁ
3253 1470 3448 1539 θρῆνος
3475 1467 3681 1529 ὀδύνην

2094 1563 2458 1633 σημαίνουσιο
2495 1566 2590 1618 καὶ
2620 1566 2647 1618 ὁ
2704 1565 2879 1632 γέλως
2907 1567 3001 1618 καὶ
3053 1568 3081 1618 ὁ
3129 1563 3451 1634 καγχασμὸς
3495 1560 3682 1630 χαρὰν

2095 1660 2190 1714 καὶ
2217 1658 2397 1730 ψυχῆς
2430 1659 2671 1714 διάθεσιν
2712 1659 3162 1730 ὑπερϐάλλουσαν
3194 1673 3209 1688 ⁸
3242 1660 3339 1712 καὶ
3368 1657 3526 1711 ἄλλαι
3555 1673 3686 1724 φω-

415 1747 520 1784 non
553 1741 684 1785 sunt
713 1747 779 1786 ex
816 1734 1234 1802 compositione,
1263 1743 1388 1804 puta
1427 1733 1782 1805 syllabarum,
1812 1734 1992 1788 diver-

2131 1756 2184 1806 αἱ
2242 1753 2318 1824 μή
2378 1753 2524 1808 κατὰ
2574 1753 2850 1822 συνθήκην
2887 1749 3069 1815 οὖσαι,
3128 1751 3408 1806 συλλαϐῶν
3453 1749 3684 1819 δηλαδὴ,

416 1839 504 1880 sas
539 1840 626 1880 res
661 1826 962 1884 declarant.

485 1917 575 1972 ll.
609 1918 718 1974 Dici
752 1931 956 1988 queant
979 1925 1430 1991 (commemorata
1466 1925 1689 1979 nomina
1714 1934 1769 1978 ct
1805 1921 1990 1991 verba)

2098 1847 2400 1917 πράγματα
2427 1846 2648 1915 δηλοῦσι
2682 1847 2936 1916 διάφορα.

2167 1935 2255 1993 ια’.
2287 1938 2549 2003 Λέγοιντο
2605 1939 2748 1993 κατὰ
2799 1941 3076 2009 συνθήκην
3127 1936 3198 1992 τὰ
3249 1936 3516 2007 εἰρημένα
3589 1934 3692 1984 καὶ

419 2012 560 2066 κατὰ
585 2013 866 2086 συνθήκην
885 2015 1064 2086 (quasi
1099 2015 1252 2072 dicas
1276 2035 1341 2074 ex
1384 2017 1806 2086 compositione)
1827 2017 1989 2071 etiam

2133 2033 2186 2085 ιὰ
2213 2033 2274 2085 ea
2300 2033 2374 2104 μὴ
2401 2034 2499 2096 τὰς
2524 2033 2696 2096 αὐτὰς
2723 2033 2781 2086 ὲν
2813 2035 3002 2095 αὐτοῖς
3039 2032 3330 2094 συλλαϐὰς,
3359 2031 3407 2084 εἰ
3460 2031 3556 2080 καὶ
3586 2029 3692 2096 φύ-

419 2115 704 2177 propterea
729 2108 876 2180 quod
908 2110 1128 2182 syllabae
1160 2111 1214 2166 itt
1255 2112 1387 2180 ipsis
1416 2113 1517 2168 etsi
1552 2119 1746 2167 natura
1780 2110 1992 2166 discre-

420 2209 483 2255 ιτε
507 2209 657 2266 sunt,
678 2217 785 2257 non
818 2211 998 2259 tamen
1028 2219 1058 2259 a
1087 2220 1148 2262 se
1173 2206 1405 2260 invicem
1446 2207 1633 2261 recisa:
1659 2205 1790 2265 sint,
1822 2211 1875 2258 et
1905 2217 2000 2271 per

422 2307 476 2347 se
505 2294 714 2349 scilicet
738 2295 1110 2365 proferantur,
1138 2296 1234 2353 sed
1272 2297 1327 2352 in
1360 2295 1522 2366 257
1553 2303 1745 2351 mutua
1779 2305 2003 2361 compo-

424 2388 621 2442 sitione
648 2389 982 2460 conjunctim
1017 2409 1032 2457 ;
1067 2391 1138 2447 ita
1171 2402 1231 2447 ut
1261 2407 1456 2446 nomen
1491 2399 1545 2445 et
1593 2389 1818 2444 verbum
1853 2385 2003 2440 velut

426 2497 596 2536 unum
627 2497 827 2553 corpus
860 2485 1239 2541 consideretur
1260 2485 1403 2556 qttod
1419 2500 1483 2540 ex
1505 2484 1738 2540 diversis
1759 2480 2005 2553 partibus

425 2575 747 2633 absolvitur.

497 2669 586 2723 12.
630 2670 804 2727 Porro
834 2681 1016 2742 partes
1048 2673 1286 2729 nominis
1320 2683 1374 2728 et
1404 2672 1552 2728 verbi
1610 2689 1640 2729 a
1671 2687 1728 2729 se
1757 2670 1995 2726 invicem

429 2775 695 2834 separatae
734 2767 1157 2835 signiﬁcationis
1209 2775 1435 2823 manent
1477 2775 1759 2836 expertes.
1791 2764 2004 2819 Etenim

429 2859 850 2929 consigniﬁcare
905 2861 1127 2930 quidem
1181 2861 1287 2918 sibi
1351 2861 1582 2916 invicem
1645 2859 1850 2914 dicitur
1899 2870 2008 2912 una

431 2966 662 3022 qumque
729 2968 902 3024 pars;
938 2968 1033 3021 per
1062 2969 1120 3008 se
1188 2963 1370 3010 autem
1438 2951 1753 3024 signiﬁcare
1797 2949 2008 3021 aliquid

430 3060 782 3116 nequaquam
829 3047 1101 3118 (dicitur).
1135 3046 1203 3100 Et
1240 3045 1570 3116 simplicium
1625 3045 1848 3116 quidam
1914 3057 2012 3098 uo-

2101 2141 2183 2178 σει
2205 2125 2562 2196 διωρισμέναι
2589 2125 2748 2187 εἰσὶν,
2775 2127 3241 2196 ἀποκεκομμένας
3291 2123 3386 2176 ἀπ’
3438 2121 3694 2190 ἀλλήλων

2102 2214 2263 2280 εἶναι,
2299 2218 2392 2272 καὶ
2431 2218 2555 2272 καθ’
2585 2218 2784 2282 ἑαυτὰς
2804 2219 2938 2288 δῆτα
2961 2216 3351 2288 προψέρεσθαι,
3379 2214 3516 2267 ἀλλὰ
3545 2213 3695 2264 κατᾶ

2103 2311 2202 2380 τὴν
2241 2311 2357 2380 μετ’
2384 2310 2633 2381 ἀλλήλων
2669 2311 2949 2380 συνθήκην
2973 2310 3354 2380 συλληπτικῶς
3391 2325 3405 2340 ο
3435 2307 3514 2368 ὠς
3571 2305 3696 2366 ἐνὸς

2105 2404 2269 2457 οἱονεὶ
2301 2404 2553 2473 σώματος
2613 2405 2990 2474 θεωρουμένου
3063 2403 3156 2456 τοῦ
3204 2401 3525 2472 ὀνόματοςή
3597 2398 3697 2452 τοῦ

2109 2496 2356 2567 ῥήματος
2389 2497 2454 2550 ὲκ
2475 2497 2753 2569 διαφόρων
2774 2495 3215 2568 ἀπαρτιζομένου
3263 2495 3470 2565 μερῶν.

2193 2679 2392 2752 ιβ’,Τὰ
2427 2683 2564 2753 μέρη
2602 2683 2658 2736 δὲ
2687 2682 2783 2737 τοῦ
2839 2681 3098 2752 ὀνόματος
3152 2682 3248 2735 καὶ
3294 2679 3388 2733 τοῦ
3449 2681 3700 2749 ῥήματος

2110 2775 2206 2829 ἀπ’
2234 2776 2477 2845 ἀλλήλων
2509 2777 2913 2846 κεχωρισμένα.
2949 2777 3099 2845 μένει
3126 2775 3435 2845 ἀσήμαντα.
3481 2775 3701 2830 Συσση-

2116 2869 2330 2940 μαίνειν
2356 2870 2452 2938 μὲν
2470 2869 2580 2939 γὰρ
2605 2869 2860 2939 ἀλλήλοις
2887 2870 3102 2935 λέγεται
3131 2885 3146 2899 ο
3182 2868 3469 2938 σημαίνειν
3525 2868 3583 2920 δέ
3649 2884 3704 2918 τι

2112 2962 2221 3015 τῶν
2257 2962 2441 3032 μερῶν
2466 2962 2699 3017 ἕκαστον
2722 2964 2845 3016 καθ’
2874 2963 3009 3016 αὐτὸ
3029 2963 3302 3033 οὐδαμῶς.
3341 2961 3450 3015 Καὶ
3472 2959 3541 3014 τὰ
3601 2961 3706 3028 μὲν

2113 3057 2222 3107 τῶν
2249 3056 2436 3108 ἁπλῶν
2493 3056 2777 3125 ὀνομάτων
2834 3056 2867 3127 ἢ
2920 3058 3183 3126 ῥημάτων
3232 3057 3372 3125 μέρη
3427 3053 3552 3107 οὐδὲ
3594 3053 3707 3105 κᾶν

438 3139 650 3194 minum
690 3149 748 3194 et
771 3141 1066 3196 verborum
1129 3148 1316 3208 partes
1351 3154 1417 3192 ne
1484 3138 1736 3192 videntur
1792 3135 2012 3205 quidem

2131 3144 2250 3211 γοῦν
2283 3146 2504 3216 δόκησιν
2525 3147 2641 3216 ἔχει
2670 3146 2764 3200 τοῦ
2806 3146 2928 3200 καθ’
2971 3148 3113 3200 αὐτὰ
3173 3142 3314 3198 εἶναι
3367 3145 3707 3214 σημαντικά.

437 3233 606 3288 etiam
668 3249 764 3304 per
823 3249 883 3291 se
933 3234 1312 3306 signiﬁcativa:
1357 3234 1509 3287 esse.
1575 3229 2012 3298 Compositorum

440 3335 620 3381 autem
669 3326 953 3382 nominum
985 3336 1041 3382 et
1070 3327 1358 3383 verborum
1393 3335 1576 3394 partes
1609 3325 1849 3394 speciem
1892 3323 2014 3393 qui-

440 3421 562 3474 dem
601 3422 844 3490 aliquam
902 3422 1246 3494 signiﬁcandi
1283 3422 1568 3485 exhibent,
1609 3434 1798 3474 verum
1835 3429 2014 3472 tamen

443 3514 496 3566 in
538 3515 768 3568 veritate
795 3530 900 3568 non
916 3515 1249 3584 signiﬁcant.
1274 3513 1485 3569 Etenim
1523 3515 1584 3566 τὸ
1606 3511 1773 3575 ἵππος
1799 3499 2040 3580 (θεμιιιεγ

438 3622 563 3659 cum
595 3609 664 3661 sit
718 3623 849 3678 pars
902 3608 998 3663 τοῦ
1032 3609 1359 3675 κάλλιππος,
1393 3609 1528 3663 nihil
1564 3607 1855 3678 signiﬁcat.
1881 3603 2015 3660 Cum

438 3701 587 3754 enim
650 3701 872 3771 quidem
910 3701 972 3755 τὸ
1019 3702 1186 3765 ἵππος
1224 3701 1441 3773 (equus)
1467 3701 1646 3756 solum
1700 3707 1755 3752 ut
1794 3712 2016 3759 nomen,

444 3799 545 3850 hoc
601 3796 804 3850 animal
863 3796 1158 3865 signiﬁcat.
1193 3796 1329 3849 Cum
1366 3803 1547 3849 autem
1603 3801 1664 3846 ut
1713 3805 1843 3861 pars
1877 3788 2021 3843 acci-

442 3893 589 3959 pitur
606 3889 701 3942 τοῦ
728 3889 1060 3952 κάλλιππος,
1089 3889 1340 3944 avulsum
1385 3904 1412 3940 a
1443 3903 1546 3943 suo
1569 3888 1800 3958 integro,
1824 3898 2021 3954 expers

443 3983 648 4052 aliquid
698 3982 1116 4054 signiﬁcationis
1155 3982 1408 4038 efﬁcitur.
1443 3981 1712 4037 Eumdem
1771 3996 1905 4036 sane
1954 3982 2019 4034 ad

444 4079 664 4132 modum
728 4079 890 4132 etiam
936 4078 1084 4132 verbi
1122 4085 1304 4147 partes
1342 4092 1467 4132 cum
1501 4091 1530 4129 a
1561 4090 1621 4131 se
1671 4075 1872 4130 inviem
1908 4075 2023 4128 dis-

445 4183 771 4234 cernuntur,
809 4171 1207 4243 signiﬁcatione
1254 4185 1474 4240 quoque
1530 4178 1878 4237 separantur.

517 4266 604 4320 15.
639 4264 829 4321 Omnia
887 4265 1032 4322 enim
1059 4275 1114 4320 ct
1151 4264 1360 4320 nomini
1423 4274 1476 4318 et
1505 4263 1668 4319 verbo
1714 4273 1840 4319 sunt
1873 4277 2028 4316 com.

449 4360 633 4414 munia
669 4377 684 4418 :
726 4370 1085 4430 praeterquam
1113 4359 1259 4429 quod
1321 4357 1549 4412 verbum
1607 4357 1827 4427 quidem
1881 4355 2024 4409 adsi-

2120 3237 2202 3292 Τὰ
2231 3237 2287 3292 δὲ
2323 3238 2431 3292 τῶν
2491 3238 2764 3292 συνθέτων
2809 3238 3114 3307 φαντασίαν
3160 3239 3258 3304 μὲν
3307 3237 3540 3308 παρέγει
3580 3237 3709 3288 τινᾶ

2119 3333 2211 3386 τοῦ
2248 3333 2554 3400 σημαίνειν,
2587 3332 2648 3385 οὐ
2689 3332 2873 3403 μέντοι
2910 3332 3164 3402 σημαίνει
3196 3331 3337 3384 κατά
3371 3348 3434 3396 γε
3464 3329 3525 3383 ea
3575 3329 3709 3397 άλη·

2120 3426 2236 3489 θές.
2269 3425 2377 3479 Τοῦ
2401 3425 2510 3495 γὰρ
2541 3425 2845 3488 κάλλιππος
2893 3425 3159 3494 ὀνόματος
3192 3423 3356 3493 μέρος
3385 3422 3446 3476 ὃν
3501 3423 3561 3473 τδ
3615 3421 3710 3473 ir:-

2122 3534 2245 3584 πος,
2277 3515 2432 3571 οὐδὲν
2455 3517 2735 3587 σημαίνει.
2769 3515 2946 3569 Μόνον
2993 3515 3092 3584 μὲν
3136 3514 3243 3584 γὰρ
3294 3513 3369 3577 ῶς
3431 3515 3604 3582 ὄνομα
3647 3513 3712 3564 τὸ

2122 3611 2289 3674 ἵππος
2323 3609 2508 3682 ῥηθὲν,
2543 3608 2800 3680 σημαίνει
2832 3607 2949 3661 τόδε
2983 3607 3043 3660 τὸ
3085 3607 3244 3673 ζῶον.
3284 3606 3522 3659 Ὀπόταν
3560 3606 3608 3656 δ’
3632 3605 3714 3666 ὡς

2125 3705 2294 3774 μέρος
2315 3701 2573 3773 ληφθείη
2601 3700 2697 3754 τοῦ
2750 3699 3075 3763 κάλλιππος,
3131 3699 3482 3754 ἀποσπασθὲν
3503 3697 3602 3766 τῆς
3630 3698 3714 3747 οι-

2124 3797 2278 3860 κείας
2301 3797 2580 3866 ὁλότητος,
2607 3795 2801 3864 νεκρόν
2827 3811 2881 3848 τι
2915 3793 3058 3848 κατά
3087 3792 3146 3847 τὸ
3175 3792 3574 3862 σημαινόμενον
3623 3792 3715 3858 γξ-

2125 3905 2298 3942 νεται.
2320 3887 2426 3941 Τὸν
2452 3885 2619 3940 αὐτὸν
2648 3885 2714 3955 δὴ
2747 3885 2946 3954 τρόπον
2998 3885 3089 3936 καὶ
3115 3884 3182 3937 τὰ
3215 3885 3356 3953 μέρη
3407 3881 3502 3934 τοῦ
3528 3883 3594 3951 ῥή
3606 3899 3719 3950 μα-

2126 4001 2216 4046 τος
2241 3980 2339 4036 ἀπ’
2369 3980 2618 4057 ἀλλήλων
2665 3979 3079 4048 διακρινόμενα,
3129 3975 3222 4029 καὶ
3272 3976 3372 4043 τῆς
3431 3971 3719 4042 σημασίας

2127 4075 2446 4146 χωρίζεται.

2203 4264 2289 4326 ιγ’.
2315 4256 2398 4310 Τὰ
2419 4255 2598 4310 πάντα
2618 4254 2729 4324 γὰρ
2761 4253 2914 4306 κοινὰ
2934 4250 3013 4320 τῷ
3043 4267 3102 4304 τε
3129 4249 3353 4318 ὀνόματι
3381 4261 3475 4300 και
3502 4243 3583 4314 τῷ
3613 4243 3722 4313 ρή-

2135 4370 2264 4423 ματι
2291 4367 2306 4383 ⁸
2335 4351 2474 4422 πλὴν
2527 4351 2608 4405 ὅτι
2642 4349 2701 4401 τὸ
2741 4350 2891 4418 ῥῆμα
2943 4345 3043 4415 μὲν
3065 4341 3466 4414 προσσημαὶνει
3487 4340 3682 4412 χρόνον
3705 4352 3723 4368 ·

449 4452 672 4523 gniﬁcat
696 4459 911 4522 tempus
945 4468 963 4520 ;
1003 4467 1203 4506 nomen
1262 4460 1443 4505 autem
1483 4449 1709 4503 estsine
1764 4455 2015 4513 tempore.

2132 4448 2264 4501 ἄνευ
2285 4443 2342 4498 δὲ
2375 4445 2570 4515 χρόνου
2591 4440 2829 4510 τοῦνομά
2863 4441 3004 4492 ἐστι.

525 4546 686 4620 258
715 4548 801 4603 M.
829 4546 988 4616 Atqui
1009 4547 1126 4601 sine
1149 4553 1390 4613 tempore
1406 4543 1658 4606 dicimus,
1683 4554 1792 4595 non
1811 4539 1864 4593 id
1885 4540 2026 4608 quod

451 4659 728 4710 nunquam
764 4652 979 4708 tempus
1003 4639 1302 4710 signiﬁcat,
1327 4637 1423 4693 sed
1445 4637 1592 4706 quod
1647 4644 1861 4704 tempus
1917 4649 2025 4686 non

435 4737 812 4809 adsigniﬁcat.
854 4734 1069 4789 Videsis
1126 4735 1270 4788 enim
1303 4732 1644 4794 hesternum,
1679 4728 2028 4793 hodiernum,

454 4842 509 4886 et
535 4847 656 4902 quae.
682 4840 812 4886 sunt
847 4828 1185 4898 hujusmodi,
1217 4839 1431 4896 tempus
1449 4823 1669 4894 quidem
1697 4821 2028 4892 signiﬁcant,

455 4943 564 4979 non
626 4934 808 4980 tamen
848 4925 1010 4978 etiam
1055 4930 1273 4990 tempus
1303 4918 1712 4988 adsigniﬁcant,
1736 4924 1796 4970 ut
1825 4917 2033 4974 verba:

457 5030 749 5090 propterea
777 5017 925 5087 quod
977 5018 1140 5069 verba
1183 5013 1453 5085 primario
1486 5011 1710 5081 quidem
1762 5011 2030 5066 actionem

459 5129 549 5172 aut
584 5118 895 5186 passionem
933 5113 1267 5182 signiﬁcant,
1305 5109 1533 5178 insuper
1599 5115 1779 5160 autem
1839 5119 2035 5159 secun-

459 5213 612 5268 daria
649 5210 864 5265 ratione
895 5207 1060 5260 etiam
1096 5203 1274 5272 ipsum
1333 5211 1549 5270 tempus
1598 5198 1896 5259 declarant,
1928 5213 2037 5265 quo

465 5309 630 5372 actio,
661 5320 768 5377 quo
807 5301 989 5374 passio
1031 5293 1352 5367 (iudicatur)
1387 5308 1630 5362 praesens
1657 5291 1890 5360 exempli
1918 5303 2039 5354 gra-

465 5403 539 5459 tia
603 5403 798 5456 latiore
841 5395 1147 5465 signiﬁcato
1200 5398 1293 5442 aut
1344 5388 1696 5453 praeteritum,
1727 5398 1819 5440 aut
1874 5387 2038 5442 etiam

461 5501 728 5554 futurum.

536 5589 927 5646 i5.l)ilim-unt
999 5593 1180 5635 autem
1242 5579 1462 5632 nomina
1523 5593 1552 5631 a
1613 5575 1798 5631 verbis
1861 5575 1911 5627 in
1951 5589 2039 5631 eo.

462 5688 609 5756 quod
659 5683 862 5736 nullam
910 5679 1180 5731 actimietu
1243 5684 1338 5726 aut
1393 5673 1700 5741 passionem
1733 5668 2037 5724 declarant.

464 5778 740 5846 quomodo
793 5773 1009 5842 quidem
1071 5787 1194 5823 cum
1253 5767 1434 5822 verbis
1497 5771 1871 5833 comparatum
1938 5771 2037 5812 est.

466 5873 580 5927 lluc
638 5871 805 5937 igitur
854 5882 881 5918 a
924 5881 982 5919 se
1033 5866 1266 5920 invicem
1334 5861 1634 5917 discrimen
1687 5848 2042 5911 obtinuerunt

466 5961 688 6019 numina
739 5968 792 6012 et
842 5958 1026 6012 verba.

2196 4539 2278 4596 ιδ’.
2321 4539 2395 4591 Τὸ
2427 4538 2485 4591 δὲ
2521 4536 2649 4590 ἄνευ
2680 4533 2875 4605 χρόνου
2915 4529 3096 4600 φαμὲν
3125 4530 3185 4582 οὐ
3216 4528 3275 4580 τὺ
3323 4526 3400 4600 μὴ
3448 4525 3725 4595 σημαῖνον

2134 4635 2326 4703 χρόνον
2345 4631 2474 4684 ποτὲ
2492 4628 2793 4700 μηδαμῶς,
2819 4625 2956 4678 ἀλλὰ
2976 4624 3036 4677 τὸ
3061 4622 3135 4692 μὴ
3158 4621 3570 4694 προσσημαῖνον
3592 4617 3727 4688 χρόα

2135 4743 2248 4779 νον.
2285 4721 2416 4778 Ἰδοὺ
2439 4725 2550 4794 γὰρ
2597 4721 2657 4775 τὸ
2707 4718 2978 4790 χθεσινὸν,
3020 4715 3078 4768 τδ
3147 4712 3464 4786 σημερινὸν,
3524 4712 3622 4763 καὶ
3650 4709 3726 4761 τὰ

2136 4819 2361 4874 τοιαῦτα
2416 4817 2744 4888 σημαίνουσι
2807 4814 2906 4882 μὲν
2962 4811 3175 4882 χρόνον,
3237 4807 3299 4860 οὐ
3349 4807 3457 4877 μὴν
3517 4805 3574 4858 δὲ
3625 4804 3726 4857 καὶ

2136 4914 2662 4986 προσσημαίνουσιν,
2694 4910 2770 4972 ὡς
2801 4908 2871 4961 τὰ
2909 4909 3132 4979 ῥήματα
3164 4919 3180 4934 ο
3214 4901 3348 4955 διότι
3399 4901 3467 4952 τὰ
3498 4899 3724 4970 ῥήματα

2138 5007 2565 5082 προηγουμένως
2594 5004 2694 5072 μὲν
2745 5004 3031 5068 ἐνέργειαν
3065 4999 3096 5066 ἢ
3130 4995 3303 5058 πάθος
3333 4993 3663 5064 σημαίνουσι
3706 5006 3721 5020 ·

2139 5106 2273 5173 πρὸς
2308 5101 2516 5162 τούτοις
2550 5097 2606 5150 δὲ
2637 5095 2780 5149 κατὰ
2816 5095 3068 5160 δεύτερον
3096 5090 3255 5153 λόγον
3288 5088 3496 5140 καὶτὸν
3531 5085 3728 5154 χρόνον

2138 5196 2392 5268 δηλοῦσιν
2437 5193 2620 5254 αὐτὸν,
2669 5189 2792 5242 καθ’
2847 5186 2906 5239 ὃν
2953 5186 2987 5254 ἡ
3050 5183 3320 5252 ἐνέργεια,
3370 5177 3495 5230 καθ’
3546 5179 3607 5230 ὃν
3664 5174 3728 5228 τὸ

2141 5293 2333 5356 πάθος,
2360 5289 2452 5342 τὸν
2479 5284 2748 5340 ἐνεστῶτα
2776 5281 2939 5349 τυχὸν
2965 5275 3279 5337 πλατυκῶς,
3323 5270 3356 5339 ἢ
3411 5270 3502 5321 τὸν
3555 5284 3728 5336 παρε-

2142 5387 2430 5457 ληλυθότα,
2466 5383 2499 5456 ἦ
2526 5381 2620 5434 καὶ
2645 5379 2735 5431 τὸν
2758 5374 3041 5444 μέλλοντα.

2220 5576 2303 5624 ιε’.
2326 5565 2584 5635 Διαφέροι
2612 5561 2658 5615 δ’
2690 5560 2755 5613 ἂν
2780 5557 2849 5611 τά
2875 5555 3113 5619 ὀνόματα
3157 5548 3266 5601 τῶν
3307 5545 3571 5616 ῥημάτων
3626 5542 3728 5595 κάν

2144 5665 2220 5733 τῷ
2247 5659 2516 5732 μηδεμίαν
2543 5649 2876 5723 ἐνέργειανῆ
2920 5647 3090 5706 πάθος
3118 5639 3331 5712 δηλοῦν,
3389 5639 3464 5700 ὡς
3499 5637 3613 5706 ἔχει
3662 5635 3729 5687 τὰ

2148 5731 2388 5829 ῥήματα.
2427 5751 2645 5817 Ταύτην
2679 5746 2777 5818 μὲν
2799 5742 2893 5795 οὖν
2924 5741 3020 5806 τὴν
3054 5737 3147 5790 ἀπ’
3181 5735 3428 5806 ἀλλήλων
3453 5731 3728 5799 διάκρισιν

2152 5853 2308 5920 ἔσχον
2340 5847 2406 5902 τὰ
2440 5843 2678 5913 ὀνόματα
2708 5839 2798 5893 καὶ
2830 5836 2894 5889 τὰ
2917 5836 3157 5905 ῥήματα.
