3868 6362
209 342 314 403 880

1471 347 1810 410 ΕΡΙΤΟΜΕ
1846 353 1987 412 LOG
2003 353 2142 414 lCA.

3353 350 3460 407 $90

283 462 380 520 ις’.
407 458 525 530 Χρὴ
552 459 607 514 δὲ
637 459 924 529 γινώσκειν
950 463 1031 515 ὅτι
1060 463 1130 517 τὰ
1185 463 1422 533 φύσεων,
1477 466 1510 536 ἦ
1571 468 1785 538 προσώ⁶
1815 505 1822 528 λ

1964 468 2053 523 l6.
2078 467 2529 538 Cognoscendum
2585 477 2768 524 autem
2811 473 2920 528 est,
2959 463 3104 530 quod
3149 477 3272 531 quae
3305 475 3432 515 natu

210 569 351 616 πων,
399 555 773 625 ῆὲνεργειῶν,
835 556 866 626 ἢ
918 557 1106 609 παθῶν
1165 558 1198 626 ἢ
1254 560 1411 620 ποιᾶς
1466 558 1791 626 συμπλοκῆς

211 644 356 716 πρὸς
377 646 680 714 ἐνέργειαν,
711 646 847 716 πρὸς
877 647 1048 708 πάθος
1077 646 1371 716 δηλωτικὰ,
1405 647 1579 701 ταῦτα
1609 648 1788 701 πάντα

212 736 354 789 κατὰ
377 737 504 790 τοὺς
533 736 906 802 διαλεκτικοὺς
955 741 1032 802 είς
1055 739 1297 807 ὀνόματα
1330 738 1663 808 διαιροῦνται
1698 741 1795 794 καὶ

217 830 585 898 ρήματα.Καὶ
617 831 686 884 τά
722 831 822 901 μὲν
852 834 992 886 κατὰ
1021 834 1208 904 χρόνον
1235 833 1522 900 λεγόμενα,
1547 833 1578 903 ἢ
1611 835 1791 887 ὁπωσο

214 921 312 975 οὖν
370 925 427 976 ἐν
464 925 586 986 ταῖς
637 925 934 994 προτάσεσι
989 926 1462 996 κατηγορούμενα.
1523 942 1795 996 προσαγο-

216 1015 469 1084 ρεύονται
502 1016 724 1087 ῥήματα
756 1033 773 1050 ο
819 1017 888 1071 τὰ
931 1011 977 1071 δ’
1017 1017 1146 1072 ἄνευ
1199 1019 1391 1089 χρόνου
1433 1019 1724 1088 λεγόμενα,
1763 1018 1795 1088 ἢ

212 1105 318 1173 τὴν
342 1104 452 1158 τῶν
481 1105 854 1176 ὑποκειμένων
885 1108 1199 1178 πληροῦντλι
1251 1108 1461 1179 χρείαν,
1523 1107 1761 1178 ὀνόματα
1779 1125 1794 1139 °

215 1198 287 1251 τὰ
315 1197 361 1250 δ’
384 1199 444 1250 ὲν
466 1199 737 1271 μηδετέρᾳ
767 1201 973 1255 τούτων
1027 1202 1182 1274 χώρᾳ.
1228 1203 1793 1272 παραλαμϐανόμενα,

217 1291 286 1341 τὰ
312 1289 494 1361 ἀρθρα
518 1291 740 1361 δηλαδὴ,
783 1292 839 1345 αἱ
870 1292 1179 1362 προθέσεις,
1203 1295 1250 1346 οἱ
1285 1293 1576 1364 σύνδεσμοι
1602 1297 1696 1350 καὶ
1729 1294 1799 1348 τὰ

217 1383 600 1454 ἐπιρρήματα,
631 1383 735 1438 κᾶν
763 1383 940 1446 ἄλλως
970 1388 1416 1458 συνεκφέρωνται
1443 1388 1564 1450 ταῖς
1591 1386 1793 1459 προτά-

221 1491 394 1540 σεσιν,
422 1475 538 1529 ἀλλ’
572 1478 634 1530 οὐ
669 1478 808 1548 μέρη
837 1477 996 1546 λόγου
1053 1478 1259 1546 κυρίως
1297 1479 1457 1544 εἰσὶν,
1505 1476 1642 1532 ἀλλὰ
1690 1477 1796 1530 τῶν

223 1567 413 1637 μερῶν
464 1568 559 1622 τοῦ
612 1567 768 1637 λόγου
817 1570 1110 1623 συνεκτικὰ
1161 1570 1254 1622 καὶ
1297 1570 1627 1624 συνθετικά·
1656 1569 1797 1640 μέρη

224 1660 412 1727 μέντοι
432 1660 629 1727 λέξεως
654 1661 960 1732 ὑπάρχουσι
992 1664 1086 1718 καὶ
1136 1663 1298 1719 αὑτά.

1897 574 1987 613 ras
2021 568 2114 613 aut
2154 575 2421 630 personas
2469 568 2566 615 aut
2618 559 2884 622 actiones,
2915 567 3010 612 aut
3044 558 3346 625 passiones,
3373 565 3465 607 aut

1907 649 2355 720 cujusdammodi
2427 653 2866 723 complexionem
2933 651 3000 705 ad
3057 649 3351 711 actionem,
3401 646 3471 700 ad

1893 743 2205 810 passionem
2225 744 2511 801 declarare
2567 744 2772 807 valent,
2803 743 2918 797 hmo
2950 742 3134 796 omnia
3161 739 3464 794 secundum

1896 838 2212 893 dialecticos
2280 839 2332 893 in
2391 838 2618 893 nomina
2683 846 2738 892 et
2790 837 2956 892 verba
3005 837 3345 890 dividantur.
3402 834 3471 886 Et

1897 946 2018 999 qua:
2069 931 2288 995 quidem
2373 930 2671 986 secundum
2735 937 2949 999 tempus
3017 928 3300 991 dicuntur,
3375 936 3468 979 aut

1895 1025 2286 1094 quoquomodo
2325 1025 2376 1080 iu
2416 1023 2885 1094 prepositionibns
2918 1022 3311 1093 praedicantur,
3346 1035 3466 1072 ver-

1898 1116 1964 1169 ba
1997 1131 2012 1181 ;
2045 1131 2168 1185 qua:
2193 1125 2376 1172 autem
2410 1117 2530 1172 sine
2561 1126 2806 1188 tempore
2853 1116 3136 1177 dicuntur,
3159 1111 3324 1182 259
3379 1119 3472 1165 aut

1896 1205 2267 1276 subiectorum
2308 1223 2466 1260 usum
2512 1208 2753 1276 explent,
2788 1205 3012 1260 nomina
3064 1204 3412 1274 appellentur
3453 1217 3468 1255 :

1895 1311 2016 1366 qua:
2053 1296 2289 1368 denique
2334 1299 2391 1353 in
2420 1307 2621 1354 neutro
2656 1298 2853 1353 horum
2882 1299 3123 1350 locorum
3173 1308 3471 1348 assumun-

1900 1397 2010 1451 tur,
2040 1390 2254 1445 articuli
2286 1391 2559 1456 videlicet,
2589 1389 3028 1460 prapositiones,
3051 1385 3473 1457 conjunctioues

1901 1492 1957 1537 et
2015 1485 2292 1551 adverbia,
2342 1501 2654 1556 quanquam
2732 1486 2869 1540 alias
2929 1483 3092 1539 simul
3169 1480 3476 1537 eﬂ‘eruntnr

1902 1593 2028 1634 eum
2081 1580 2590 1648 propositionibus;
2625 1590 2806 1634 tamen
2839 1578 3107 1634 orationis
3133 1584 3314 1646 partes
3341 1588 3473 1645 pro-

1909 1672 2027 1740 prie
2060 1687 2172 1726 non
2221 1683 2377 1739 sunt,
2416 1673 2510 1729 sed
2544 1671 2780 1744 partium
2816 1670 3084 1726 orationis
3122 1666 3481 1725 continenda-

224 1768 346 1806 rum
418 1761 476 1808 et
537 1755 1039 1824 componendarum
1150 1773 1247 1813 seu
1311 1756 1862 1825 constringendarum
1939 1760 2252 1821 facultatem
2320 1764 2560 1832 habent;
2619 1763 2880 1820 dictionis
2935 1770 3119 1818 tamen
3184 1765 3370 1830 partes
3426 1764 3480 1811 et

223 1849 342 1918 ipsa
388 1859 534 1906 sunt.

301 1964 526 2032 tC'IKal
560 1971 588 2023 ὁ
617 1968 776 2036 λόγος
809 1968 866 2023 δὲ
903 1968 1045 2024 κατὰ
1075 1969 1401 2039 φιλοσόφους
1452 1970 1553 2040 τῆς
1602 1970 1804 2037 λέξεως

1982 1969 2073 2024 t7.
2105 1967 2171 2025 Et
2200 1984 2333 2025 vero
2360 1970 2538 2026 oratio
2593 1967 2901 2026 secundum
2946 1965 3312 2038 philosophos
3351 1979 3484 2034 pars

232 2062 396 2131 μέρος
427 2060 596 2115 ἐστίν.
640 2059 698 2114 '0
724 2061 824 2130 μιν
877 2061 986 2132 γὰρ
1019 2061 1294 2132 πλήρωμα
1359 2063 1804 2134 προηγουμένως,

227 2153 340 2204 τῶν
373 2152 430 2205 δὲ
466 2153 768 2222 πράγματα
823 2154 1211 2223 σημαινουσῶν
1270 2154 1508 2225 ὑπάρχει
1564 2156 1758 2225 φωνῶν
1792 2170 1806 2184 ·

230 2245 267 2313 ἡ
297 2243 354 2297 δὲ
376 2244 520 2310 λέξις
547 2245 823 2315 πλήρωμα
857 2245 1048 2299 πασῶν
1075 2246 1263 2310 ἁπλῶς
1313 2249 1422 2300 τῶν
1463 2247 1676 2316 φωνῶν,
1702 2247 1811 2301 τῶν

235 2339 822 2409 παραλαμϐανομένων
849 2340 990 2410 πρὸς
1025 2341 1125 2408 τὴν
1153 2341 1457 2412 διάλεκτον.

320 2452 408 2525 ιη’.
435 2455 516 2508 Τὰ
541 2455 638 2522 μὲν
661 2448 756 2509 οὗν
783 2455 1025 2525 ὀνόματα
1053 2459 1146 2512 καὶ
1178 2457 1248 2512 τά
1285 2460 1505 2530 ῥήματα
1530 2455 1652 2508 καθ’
1687 2457 1812 2510 tau-

233 2548 304 2601 τὰ
328 2550 718 2619 προφερόμενα
743 2547 868 2602 οὔτε
897 2549 1179 2619 ἀλήθειαν,
1203 2549 1325 2602 οὔτε
1378 2550 1571 2618 ψεῦδος
1618 2552 1816 2619 ἐμφαί-

234 2659 408 2698 νουσι.
431 2643 549 2695 Κᾶν
565 2643 676 2714 γὰρ
705 2644 961 2714 μυριάκις
989 2644 1118 2714 εἴπῃ
1143 2660 1227 2706 τις
1253 2644 1316 2696 τὸ
1347 2643 1666 2714 Σωκράτης,
1692 2644 1724 2714 ἢ
1757 2646 1815 2696 τδ

237 2736 606 2805 φιλοσοφεῑ,ἧ
665 2753 720 2789 τι
779 2737 887 2788 τῶν
940 2728 1218 2800 τοιούτων,
1281 2736 1665 2801 ἀσυνδυάστως
1720 2739 1816 2790 καὶ

236 2829 363 2882 καθ’
386 2830 538 2894 αὐτὸ,
565 2827 678 2882 οὔτ’
732 2828 990 2900 ἀλήθειαν
1051 2829 1176 2883 οὔτε
1209 2828 1406 2899 ψεῦδος
1431 2831 1568 2901 ἐρεῖ.

312 3031 400 3088 ιϐ’.
433 3032 493 3083 Εἰ
528 3031 572 3084 δ’
605 3029 892 3096 ἀληθεύειν
927 3031 959 3097 ἦ
990 3030 1284 3101 ψεύδεσθαι
1347 3031 1467 3083 καθ’
1495 3030 1665 3084 ἑαυτά
1711 3029 1818 3084 τῶν

244 3126 510 3198 ῥημάτων
531 3123 599 3177 τά
625 3124 818 3190 πρῶτα
835 3123 1102 3192 πρόσωπα
1124 3125 1274 3175 δοκεῖ
1325 3123 1418 3175 καὶ
1468 3124 1539 3176 τὰ
1565 3123 1816 3190 δεύτερα,

244 3220 340 3271 καὶ
356 3219 459 3271 ὅσα
487 3217 596 3270 τῶν
611 3216 814 3286 τρίτων
841 3217 934 3268 ἐπὶ
958 3214 1267 3286 ὡρισμένου
1297 3215 1518 3282 λέγεται
1564 3216 1819 3284 πράγμα-

1912 2061 2166 2116 dictionis
2195 2071 2300 2116 est.
2328 2061 2536 2116 Etenim
2582 2061 2672 2115 illa
2710 2059 2933 2131 quidem
2995 2056 3195 2130 (oratio
3247 2057 3488 2125 scilicet)

1913 2153 2196 2222 plenitudo
2222 2162 2307 2208 est
2349 2153 2619 2222 praecipue
2653 2168 2847 2206 vocum
2911 2167 2998 2206 res
3033 2150 3480 2220 signiﬁcantium.

1915 2245 2163 2302 Elocutio
2237 2257 2420 2301 autem
2472 2255 2558 2301 est
2627 2245 2913 2314 plenitudo
2977 2244 3222 2298 onmium
3278 2241 3486 2308 simle

1915 2341 2058 2396 cium
2104 2353 2298 2395 vocum
2356 2354 2478 2410 qua:
2501 2339 2567 2394 ad
2599 2337 2892 2393 dialectmn
2939 2345 3321 2392 assumuntur.

1985 2455 2078 2511 18.
2127 2455 2360 2510 Nomina
2396 2469 2562 2525 porro
2609 2464 2663 2508 et
2714 2453 2877 2507 verba
2931 2468 3055 2504 cum
3103 2465 3199 2520 per
3251 2465 3308 2500 se
3366 2463 3489 2516 pro-

1917 2546 2187 2611 feruntur,
2219 2563 2396 2615 neque
2463 2561 2651 2600 verum
2701 2560 2878 2614 neque
2947 2542 3142 2596 falsum
3219 2541 3491 2594 iudicant.

1919 2639 1976 2696 Si
2039 2641 2164 2708 quis
2213 2639 2360 2710 enim
2403 2638 2663 2692 iniinities
2713 2637 2910 2690 dixerit
2965 2637 3025 2688 τὸ
3075 2634 3350 2690 Socrates.
3398 2639 3495 2685 aut

1915 2736 1977 2787 τὸ
2030 2732 2465 2804 philosophatur,
2499 2740 2592 2785 aut
2622 2731 2814 2784 horum
2851 2728 3055 2799 aliquid
3105 2727 3224 2782 sine
3283 2725 3490 2778 combi-

1921 2829 2139 2882 natione
2192 2835 2246 2882 et
2302 2841 2402 2896 per
2443 2839 2526 2888 se,
2581 2839 2755 2893 neque
2803 2837 2995 2878 verum
3056 2835 3237 2890 neque
3295 2817 3494 2872 falsum

1919 2919 2085 2973 dicet.

1991 3035 2077 3091 l9.
2137 3033 2248 3090 Etsi
2316 3045 2498 3089 autem
2553 3032 2839 3087 verborum
2885 3031 3077 3102 prima:
3149 3038 3201 3084 ct
3251 3025 3501 3081 secundae

1921 3141 2167 3197 personae
2195 3134 2250 3180 et
2279 3134 2546 3195 quotquot
2593 3122 2767 3178 tertia:
2796 3121 2864 3176 de
2893 3137 2948 3177 re
2995 3120 3215 3174 delinita
3245 3118 3504 3173 dicuntur

1923 3236 2018 3288 per
2061 3236 2120 3276 se
2146 3235 2333 3274 verum
2380 3228 2476 3274 aut
2533 3217 2732 3273 falsum
2765 3215 2948 3270 dicere
2988 3213 3243 3268 videntur
3273 3229 3288 3266 :
3321 3221 3502 3266 tamen

241 3331 337 3376 τος
368 3329 384 3345 ·
406 3312 542 3366 ἀλλὰ
577 3313 672 3365 καὶ
702 3309 914 3372 τούτοις
947 3309 980 3379 ἠ
1011 3308 1238 3378 ἀλήθεια
1259 3307 1356 3360 καὶ
1410 3308 1472 3360 τὸ
1503 3306 1698 3377 ψεῦδος
1759 3307 1822 3358 ἑκ

1935 3328 1978 3372 et
2000 3317 2063 3371 ad
2099 3318 2196 3372 has
2240 3333 2303 3370 ex
2331 3315 2712 3384 complexione
2743 3327 2905 3380 quam
2940 3311 3146 3364 habent
3195 3309 3501 3364 secundum

246 3408 344 3475 τῆς
371 3407 511 3460 κατὰ
540 3403 773 3474 δύναμιν
822 3400 1106 3456 ἀκολουθεῖ
1169 3401 1491 3470 συμπλοκῆς
1522 3416 1537 3432 ο
1599 3401 1722 3452 ἐπεὶ
1767 3399 1825 3451 δὲ

244 3501 420 3554 ταῦτα
441 3498 665 3569 δυνάμει
691 3493 1150 3566 συμπεπλεγμένα
1171 3493 1265 3547 καὶ
1299 3492 1513 3562 λέγεται
1542 3493 1637 3546 καὶ
1687 3491 1821 3545 εστι.

245 3596 327 3666 τῷ
366 3595 463 3661 μὲν
489 3593 599 3663 γάρ
618 3590 820 3664 πρώτῳ
847 3593 1123 3659 προσώπῳ
1153 3585 1574 3654 συνεξακούεται
1608 3586 1668 3638 τὸ
1698 3584 1828 3653 ὲγὼ,

243 3689 338 3759 Τῷ
357 3689 414 3742 δὲ
444 3686 683 3756 δευτέρῳ
703 3684 764 3737 τὸ
796 3683 884 3737 σύ⁶
904 3683 964 3735 τὸ
981 3681 1027 3734 δ’
1054 3681 1166 3750 ἐγὼ
1192 3684 1286 3733 καὶ
1307 3680 1368 3734 τὸ
1389 3679 1478 3742 σὺ,
1497 3678 1832 3748 ἀντωνυμίαι

245 3781 402 3844 ὂντα,
427 3781 548 3834 ἀντὶ
566 3776 849 3848 ὀνομάτων
878 3774 1422 3846 παραλαμϐάνονται.
1449 3773 1574 3836 Τοῖς
1633 3773 1688 3826 δὲ
1717 3772 1834 3842 τρί-

250 3889 372 3934 τοις
399 3869 733 3941 προσώποις,
765 3870 876 3931 τοῐς
895 3867 984 3920 ἐπί
1005 3883 1149 3926 τινος
1176 3865 1502 3933 πράγματος
1521 3862 1832 3932 ὡρισμένου

246 3965 592 4035 λεγομένοις,
624 3964 800 4015 ὲκεῐνο
829 3958 1246 4026 συνεκφαίνεται
1281 3956 1408 4010 καθ’
1432 3956 1493 4008 οὗ
1535 3957 1788 4024 λέγονται
1816 3971 1832 3986 ο

246 4059 328 4122 ὡς
355 4058 449 4111 ἐπὶ
475 4055 569 4109 τοῦ
597 4055 680 4108 ὕει
711 4054 804 4108 καὶ
838 4053 1038 4123 βροντᾷ
1068 4050 1162 4105 καὶ
1193 4050 1520 4120 ἀστράπτει,
1595 4047 1836 4117 τοῦνομα

249 4155 352 4221 τῆς
381 4151 640 4223 προνοίας
673 4147 874 4216 ἔξωθεν
907 4147 1269 4201 ὑπακούεται.

326 4263 396 4320 κ’.
424 4265 506 4318 Τά
529 4265 710 4318 τοίνυν
735 4261 976 4332 ὀνόματα
1010 4262 1104 4316 καὶ
1131 4261 1201 4314 τά
1246 4262 1470 4332 ῥήματα
1532 4258 1655 4312 καθ’
1700 4257 1838 4310 αύτά

255 4357 699 4430 προϐαλλόμενα,
732 4353 846 4408 οὒτ’
880 4353 1139 4422 ἀληθείας
1173 4351 1298 4404 οὗτε
1327 4350 1556 4422 ψεύδους
1588 4349 1840 4419 τυγχάνει

252 4451 534 4521 δηλωτικά
557 4465 573 4480 ο
603 4445 992 4517 συμπλακέντα
1017 4445 1061 4498 δ’
1094 4444 1365 4516 ἀλλήλοις,
1420 4443 1550 4495 ποτε
1586 4442 1684 4512 μὲν
1711 4440 1841 4510 ἀλή-

257 4547 437 4609 θειαν,
481 4543 614 4596 ποτὲ
654 4541 712 4594 δὲ
745 4539 941 4610 ψεῦδος
994 4537 1340 4608 σημαίνουσι.

1931 3414 2228 3483 potentiam
2265 3411 2467 3465 veritas
2526 3409 2693 3479 260
2741 3412 2796 3461 et
2855 3404 3065 3458 falsitas
3114 3404 3504 3470 coosequitur:

1929 3507 2188 3574 quoniam
2237 3515 2292 3560 et
2338 3504 2422 3559 hae
2474 3501 2718 3574 potentia
2776 3498 3072 3567 complexae
3137 3504 3190 3548 et
3245 3494 3504 3547 dicuntur

1932 3609 1986 3655 et
2035 3608 2183 3655 sunt.
2214 3598 2345 3653 Cum
2396 3597 2571 3668 prima
2604 3605 2786 3649 autem
2825 3606 3056 3662 persona
3103 3589 3162 3641 τὸ
3191 3603 3289 3658 ego
3338 3601 3506 3639 eratt-
3543 3655 3564 3666 ν

1933 3693 2105 3758 ditttr,
2133 3709 2258 3748 cum
2314 3689 2556 3746 secunda
2607 3688 2670 3740 τὸ
2706 3698 2761 3741 ιιι
2797 3703 2815 3752 ;
2851 3685 2932 3754 (τὸ
2963 3700 3062 3752 ego
3104 3692 3284 3735 autem
3344 3691 3392 3733 et
3451 3687 3508 3731 tu

1934 3803 2052 3856 quae
2102 3791 2231 3838 sunt
2261 3782 2608 3854 pronomina,
2647 3786 3004 3834 assumuntur
3051 3789 3146 3843 pro
3175 3771 3506 3827 nominibus.

1933 3880 2070 3938 Cum
2120 3879 2296 3934 tertiis
2328 3886 2508 3931 autem
2579 3872 2831 3944 personis
2886 3887 3006 3940 qua!
3042 3883 3144 3939 pro
3212 3867 3392 3933 aliqua
3455 3880 3510 3914 ru

1936 3973 2090 4028 ﬁnita
2125 3971 2412 4032 dicuntur,
2448 3966 2614 4021 simul
2649 3964 2944 4018 innotescit
2973 3957 3105 4014 illud
3141 3958 3210 4010 de
3253 3969 3365 4024 quo
3424 3951 3511 4004 tli-

1936 4075 2134 4121 cuntur
2163 4081 2177 4120 :
2215 4071 2273 4116 ιιι
2300 4063 2352 4116 in
2383 4060 2459 4129 τῷ
2479 4059 2634 4129 pluit,
2659 4064 2832 4116 tonat,
2877 4051 3131 4120 fulgurat,
3162 4060 3362 4101 nomen
3388 4059 3517 4114 pro-

1937 4157 2187 4213 videntiae
2217 4155 2563 4210 extrinsecus
2615 4149 2964 4204 subauditur.

2010 4249 2103 4305 20.
2153 4247 2388 4303 Nomina
2428 4245 2593 4316 igitur
2625 4252 2680 4296 et
2721 4239 2884 4294 verba
2939 4253 3062 4292 cum
3123 4249 3221 4304 per
3271 4247 3330 4286 se
3389 4245 3518 4299 pro-

1939 4345 2193 4399 feruntur
2225 4353 2406 4410 neque
2440 4339 2553 4392 veri
2589 4349 2766 4405 neque
2808 4333 2928 4386 fulsi
2981 4325 3296 4384 declarandi
3351 4324 3522 4377 lacul-

1944 4447 2110 4491 tatem
2155 4435 2398 4495 habent;
2428 4439 2480 4486 at
2519 4433 2756 4484 invicem
2790 4424 3084 4494 conjuncta
3117 4421 3260 4475 alias
3298 4416 3521 4487 quidem

1945 4543 2158 4588 verum.
2194 4527 2328 4581 alias
2365 4539 2493 4579 vero
2535 4523 2731 4577 falsum
2763 4517 3097 4588 signilicaut.

332 4665 440 4713 κα’.
473 4657 909 4727 Προηγουμένως
941 4655 1042 4725 μὲν
1071 4654 1177 4723 γάρ
1209 4651 1428 4724 δηλοῦσι
1477 4651 1547 4705 τά
1597 4649 1822 4720 νοήματι

2017 4647 2108 4700 21.
2140 4643 2408 4699 Primario
2437 4643 2581 4696 enim
2649 4638 2867 4708 quidem
2923 4640 3224 4701 conceptus
3286 4627 3525 4688 animm;

257 4753 362 4822 τῆς
392 4753 594 4822 ψυχῆς,
626 4751 715 4805 διὰ
739 4751 921 4820 μέσων
943 4749 1000 4801 δὲ
1028 4747 1136 4800 τῶν
1161 4747 1449 4815 νοημάτων
1480 4743 1552 4798 τὰ
1584 4746 1850 4814 πράγμα-

259 4867 355 4903 τα.
389 4848 468 4901 Τὰ
496 4847 605 4918 γὰρ
633 4847 882 4917 νοήματα
911 4845 1018 4898 τῶν
1069 4843 1415 4914 πραγμάτων
1454 4842 1592 4894 είσὶν
1641 4839 1854 4902 εἰκόνες

264 4942 331 4994 ὲν
364 4939 628 5015 τῇοψυχῇ.

339 5055 446 5128 κβ⁸.
481 5057 590 5110 Καὶ
615 5055 768 5110 οὐδὲν
790 5052 919 5108 ἄλλο
953 5051 1008 5104 τί
1041 5053 1157 5104 ἐστι
1187 5050 1238 5104 εδ
1262 5052 1404 5102 νοεῖν
1444 5050 1477 5120 ἢ
1509 5049 1570 5104 τὸ
1603 5049 1858 5115 δέξασθαι

264 5147 366 5203 τοῦ
394 5149 687 5217 νοουμένου
715 5146 775 5199 τὸ
801 5143 961 5209 εἶδος.

1955 4737 2325 4792 mediautibus
2357 4748 2488 4788 vero
2519 4731 2879 4800 conceptibtts
2929 4741 3016 4779 res
3060 4726 3364 4779 declarant.
3389 4718 3528 4773 Con-

1957 4840 2151 4900 ceptus
2196 4829 2365 4890 enim,
2401 4842 2580 4881 rerum
2614 4833 2744 4880 sunt
2785 4819 3052 4890 imagines
3095 4817 3150 4869 iu
3182 4815 3387 4868 anima.

2037 5037 2128 5090 22.
2175 5032 2282 5086 Nec
2343 5029 2645 5097 intelligere
2686 5023 2984 5096 quidquam
3037 5027 3122 5073 est
3167 5016 3316 5072 aliud
3373 5029 3538 5086 quam

1962 5131 2083 5199 eius
2137 5127 2282 5198 quod
2343 5123 2667 5193 intelligitur
2725 5119 2961 5190 speciem
2995 5115 3262 5184 recipere.

2034 5243 2398 5311 25.0uando
2479 5253 2610 5310 ergo
2677 5242 2979 5304 conceptus
3033 5237 3295 5286 accurate
3370 5225 3539 5282 rebus

1965 5337 2278 5399 assimilati,
2325 5343 2381 5390 et
2428 5334 2577 5386 velut
2627 5329 2713 5384 his
2767 5325 3023 5396 applicati
3051 5323 3255 5378 l’ueriut
3305 5328 3367 5373 nt
3410 5333 3540 5371 con-

1968 5439 2192 5504 grtiant,
2262 5438 2395 5483 tunc
2474 5425 2638 5478 etiam
2706 5421 2823 5476 veri
2894 5428 3258 5484 conceptus;
3321 5413 3542 5484 quando

1967 5534 2148 5580 autem
2187 5509 2292 5576 non
2332 5521 2407 5574 ita
2442 5534 2500 5572 se
2521 5516 2746 5579 habent,
2783 5511 2905 5568 l'alsi
2937 5511 3217 5566 dicuntur.

343 5272 450 5334 κγ’.
479 5263 653 5319 Ὅταν
689 5262 790 5333 μὲν
817 5261 912 5315 οὖν
940 5257 1187 5330 ἀκριϐῶς
1227 5255 1468 5328 δμοιωθῇ
1516 5258 1630 5320 τοῖς
1681 5256 1859 5326 πράγ-

270 5376 412 5434 μασι
440 5359 508 5412 τὰ
539 5359 811 5426 νοήματα,
844 5353 941 5408 καὶ
994 5352 1187 5421 ὥσπερ
1227 5350 1440 5412 τούτοις
1507 5347 1853 5418 ἐφαρμοσθῇ,

269 5455 400 5507 τότε
423 5450 520 5505 καὶ
541 5448 717 5520 ἀληθῆ
742 5447 992 5517 νοήματα
1024 5443 1244 5512 λέγεται
1278 5459 1294 5476 ο
1332 5441 1423 5496 ὅτε
1453 5439 1510 5493 δὲ
1556 5440 1631 5510 μὴ
1681 5437 1857 5500 οὕτως

273 5546 414 5616 ἔχει,
443 5543 632 5614 ψευδῆ.

352 5659 453 5715 κδ’.
486 5660 561 5712 Τὸ
581 5658 626 5712 δ’
655 5657 787 5712 αὐτὸ
816 5657 953 5712 κάπὶ
979 5656 1088 5710 τῶν
1112 5655 1393 5724 ὀνομάτων
1416 5650 1508 5705 καὶ
1530 5650 1640 5704 τῶν
1680 5645 1862 5718 ῥημά-

277 5773 392 5810 των
431 5752 599 5807 ἐστίν.
644 5753 816 5807 Ὅταν
847 5752 950 5821 μὲν
981 5750 1088 5820 γὰρ
1121 5748 1214 5802 καὶ
1245 5746 1416 5801 ταῦτα
1462 5749 1526 5812 τῇ
1553 5744 1661 5796 τῶν
1688 5756 1866 5810 πραγς

287 5849 478 5920 μάτων
512 5847 807 5902 ὑποστάσει
845 5844 1138 5916 συνᾴδωσι,
1167 5842 1287 5894 τότε
1319 5839 1380 5892 τὸ
1407 5835 1602 5907 ἀληθὲς
1635 5835 1868 5903 ὑφίστα-

2037 5641 2128 5695 ‘24.
2168 5639 2314 5692 Idem
2371 5643 2553 5690 autem
2600 5634 2763 5688 etiam
2811 5631 2866 5682 in
2918 5615 3235 5680 nominibus
3269 5628 3324 5674 et
3364 5618 3545 5671 wrbis

1975 5736 2160 5788 videre
2204 5731 2352 5785 licet.
2407 5726 2636 5794 Quando
2695 5725 2841 5776 enim
2894 5731 2948 5774 et
2989 5719 3105 5772 hate
3147 5714 3365 5784 quidem
3417 5725 3542 5763 cum

1976 5841 2158 5885 rerum
2238 5822 2595 5879 subsistentia
2649 5818 2949 5872 concinunt
3008 5825 3105 5866 seu
3157 5803 3548 5864 consentiunt;
