3872 6458
341 361 441 425 891

1517 365 1943 430 NICEPHORI
1989 369 2417 433 BLEMMIDXE

3509 368 3616 431 89?.

339 479 499 550 261
535 485 666 532 tunc
713 475 859 532 circa
909 477 1030 531 haec
1071 490 1265 532 verum
1318 476 1661 546 subsistere;
1693 480 1921 548 quando

2049 481 2152 534 ιθαι
2175 483 2301 551 περὶ
2328 479 2502 535 ταῦτά
2537 497 2718 552 φαμεν
2747 495 2760 509 ⁸
2794 478 2886 532 ὅτε
2920 478 2968 533 δ’
2988 478 3085 550 οὐχ
3117 477 3287 544 οὕτως
3313 480 3446 552 ἔχει,
3475 498 3616 550 συμ-

338 581 518 627 autem
599 588 707 627 non
780 575 851 625 ita
944 587 1005 627 se
1081 571 1308 638 habent,
1361 571 1562 628 lalsum
1667 573 1921 628 accidere

339 667 598 721 dicimus.

409 758 496 813 25.
545 758 805 825 Quaenam
885 760 1051 828 igitur
1138 759 1358 813 nomina
1437 767 1491 813 et
1558 774 1682 830 quas
1755 761 1921 816 verba

338 853 450 907 sint
503 867 769 922 quantum
839 854 956 909 ﬁeri
1033 863 1236 924 potest,
1292 863 1580 909 ostensum
1633 863 1740 909 est.

410 947 659 1005 26.11;“:
705 957 890 1002 autem
940 965 1064 1002 cum
1128 959 1420 1003 assumunt
1472 948 1796 1019 particulam
1829 962 1926 1002 ne-

338 1044 597 1110 gativatn,
641 1057 749 1094 non
804 1043 1041 1112 amplius
1090 1050 1361 1096 vocantur
1413 1042 1637 1095 nomina
1697 1049 1752 1096 et
1799 1057 1924 1095 ver-

339 1133 406 1186 ba
462 1132 638 1188 solum
695 1133 1173 1204 et.sitnpliciter,
1265 1133 1360 1189 sed
1424 1133 1638 1187 inﬁnita
1701 1135 1923 1189 nomina

337 1237 391 1280 et
443 1227 656 1281 inﬁnita
718 1229 934 1294 verba;
992 1227 1140 1282 velut
1207 1227 1269 1280 τὸ
1308 1242 1412 1281 non
1475 1228 1640 1282 homo
1699 1227 1920 1296 quidem

338 1331 392 1374 et
443 1322 504 1372 τδ
542 1336 653 1375 non
702 1320 960 1376 Socrates
1005 1321 1219 1376 inﬁnita
1286 1321 1530 1377 nomina.
1583 1323 1652 1377 At
1709 1322 1774 1375 τὸ
1816 1338 1922 1376 non

337 1414 513 1469 currit
558 1424 612 1469 et
663 1415 724 1468 τὸ
778 1431 887 1469 non
953 1415 1395 1485 philosophatur,
1454 1415 1673 1468 inﬁnita
1729 1416 1922 1470 verba.

339 1506 493 1561 "anc
532 1517 717 1561 autem
782 1509 1144 1563 obtinuerunt
1193 1509 1642 1579 appellationem,
1683 1509 1828 1579 quod
1858 1510 1926 1564 de

341 1617 401 1655 re
439 1602 622 1670 aliqua
651 1601 798 1656 ﬁnita
850 1617 954 1655 non
991 1602 1363 1672 accipiantur.
1705 1620 1710 1625 ·

411 1695 501 1748 9.7.
539 1693 834 1748 Sciendum
879 1704 1142 1764 praeterea
1197 1697 1440 1759 esthoc,
1486 1709 1674 1751 vocent
1718 1697 1930 1766 simpli-

341 1795 558 1847 cem,et
594 1787 909 1853 dictionem,
943 1797 996 1841 et
1031 1788 1323 1843 terminum
1388 1797 1447 1844 et
1509 1804 1706 1843 nomen
1765 1799 1929 1859 atque

344 1879 574 1932 Verbum
605 1879 856 1949 subjecto
885 1879 1107 1949 quidem
1164 1879 1311 1932 inter
1334 1895 1392 1934 se
1446 1878 1677 1932 invicem
1707 1892 1930 1932 necesse

339 1987 462 2024 esse
523 1971 1064 2031 eadem.sccundum
1102 1972 1486 2027 solamautem
1546 1971 1925 2025 habitudinem

342 2063 591 2118 differre.
643 2062 806 2120 Velut
841 2067 908 2118 τὸ
929 2065 1093 2122 homo
1114 2076 1170 2120 ttt
1200 2065 1422 2136 quidem
1450 2065 1679 2136 alicujus
1723 2063 1929 2134 signiﬂ~

341 2155 584 2207 cativutn
654 2166 760 2219 est,
834 2156 1072 2227 simplex
1149 2172 1252 2210 vox
1329 2163 1698 2210 vocalttr:ut
1741 2163 1924 2208 autem

341 2257 470 2311 pars
513 2244 893 2300 alﬁrmationis
953 2258 1050 2300 aut
1111 2245 1772 2316 negationis,dit-tio:ut
1831 2260 1928 2298 au-

343 2346 449 2389 tem
514 2339 566 2390 in
639 2339 956 2409 syllogismo
1037 2341 1342 2393 assumitur
1407 2349 1462 2393 ct
1538 2338 1933 2408 propositionis

341 2446 465 2499 pars
486 2431 705 2493 dicitur,
725 2432 994 2487 terminus
1025 2443 1111 2487 :ut
1136 2443 1316 2487 autem
1339 2432 1669 2501 subjectum,
1694 2447 1891 2486 nomen
1913 2446 1932 2499 ;

342 2534 398 2578 ut
434 2526 708 2592 przedieati
759 2526 939 2580 locum
963 2526 1239 2590 obtinens,
1275 2529 1499 2580 verbum
1548 2527 1931 2598 (appellatur).

416 2618 508 2672 ‘28.
562 2616 681 2671 .Iam
733 2635 866 2672 vero
913 2619 1138 2672 nomina
1173 2617 1318 2688 apud
1376 2619 1696 2672 dialecticos
1768 2618 1931 2672 etiam

344 2711 510 2765 verba
547 2726 564 2776 ;
602 2721 656 2765 et
690 2714 856 2766 verba
906 2711 1131 2766 nomina
1175 2711 1458 2766 dicuntur.
1506 2712 1668 2782 262
1719 2711 1932 2765 Etenim

342 2805 393 2856 hi
458 2817 680 2859 omnem
733 2819 922 2860 vocem
997 2803 1417 2874 signiﬁcativam
1484 2811 1543 2858 ut
1619 2802 1929 2872 subjectum

338 2899 562 2969 quidem
641 2899 694 2952 in
757 2897 1133 2969 propositione
1193 2896 1549 2967 accipientes,
1587 2911 1785 2951 nomen
1842 2911 1938 2964 ap-

341 2995 588 3060 pellant;
622 2991 977 3062 praedicatum
1008 2998 1192 3045 autem
1238 2989 1534 3050 incientes,
1576 2991 1810 3043 verbum
1841 3004 1936 3044 co-

343 3088 692 3153 guominant.
740 3085 1013 3152 Quoniam
1046 3086 1193 3140 cnim
1255 3084 1526 3153 duplicem
1584 3082 1939 3155 signiﬁcatio-

341 3196 466 3235 nem
541 3178 708 3233 verba
764 3177 1030 3245 inierunt,
1070 3186 1126 3232 et
1173 3176 1627 3244 exsisteutialem,
1677 3191 1783 3246 qua
1839 3191 1930 3232 ac-

2028 573 2240 627 ϐαίνειν
2270 575 2328 626 τδ
2362 573 2576 645 ψεῦδος.

2119 766 2218 815 κε’.
2239 761 2374 813 Τίνα
2413 761 2513 829 μὲν
2542 753 2637 815 οὖν
2667 759 2736 812 τά
2753 759 2993 828 ὀνόματα
3021 757 3114 812 καὶ
3144 757 3266 812 τίνα
3295 757 3362 812 τέι
3394 757 3622 826 ῥήματα

2030 854 2151 907 καθ’
2193 856 2315 907 ὅσον
2349 849 2461 906 οἷόν
2491 871 2571 916 τε,
2612 852 2902 906 δέδεικται.

2101 953 2220 1012 κε’.
2246 949 2435 1000 Ταῦτα
2458 947 2520 1016 δὴ
2563 947 3056 1017 προσλαμϐάνοντα
3084 943 3272 1014 μόριον
3298 940 3601 1014 ἀρνητικὺν

2029 1047 2126 1099 οὐκ
2154 1045 2236 1098 ἔτι
2264 1042 2556 1097 καλοῦνται
2604 1043 2844 1111 ὀνόματα
2890 1042 2983 1094 καὶ
3032 1042 3251 1110 ῥήματα
3295 1035 3470 1108 μόνως
3526 1053 3630 1088 και

2029 1140 2235 1207 ἁπλῶς,
2271 1139 2408 1193 ἀλλὰ
2438 1139 2666 1208 ἀόριστα
2700 1136 2940 1206 ὀνόματα
2981 1135 3076 1190 καὶ
3110 1133 3340 1204 ἀόριστα
3369 1134 3626 1203 ῥήματα·

2029 1230 2141 1288 οἷον
2162 1233 2222 1286 τὸ
2255 1233 2356 1304 μὲν
2381 1233 2482 1287 οὐκ
2513 1232 2804 1303 ἄνθρωπος
2839 1229 2937 1284 καὶ
2989 1229 3050 1282 τὸ
3108 1227 3409 1297 Σωκράτης
3465 1223 3626 1292 ἀόρι-

2032 1345 2130 1381 στα
2159 1327 2420 1396 ὀνόματα.
2460 1325 2533 1379 Τὸ
2560 1325 2604 1378 δ’
2631 1325 2692 1378 ού
2738 1325 2945 1394 τρέχει,
3011 1322 3108 1376 καὶ
3134 1321 3193 1374 τὸ
3227 1321 3285 1372 οὐ
3319 1317 3627 1387 φιλοσοφεῖ.

2030 1421 2264 1491 ἀόριστα
2290 1423 2533 1492 ῥήματα.
2564 1419 2784 1488 Ταύτην
2808 1417 2852 1470 δ’
2900 1416 3061 1487 ἔσχον
3111 1415 3212 1485 τὴν
3271 1412 3487 1483 κλῆσιν,
3533 1408 3625 1461 διὰ

2029 1517 2092 1567 τὸ
2125 1515 2201 1586 μὴ
2235 1515 2327 1567 ἐπί
2350 1531 2495 1576 τινος
2520 1512 2829 1582 ὡρισμένου
2865 1507 3264 1579 λαμϐάνεσθαι.

2115 1693 2220 1760 κζ’.
2256 1696 2348 1746 Δεῖ
2382 1693 2433 1745 δὲ
2465 1692 2560 1746 καὶ
2586 1690 2746 1744 τοῦτο
2777 1690 2979 1743 εἰδέναι
3008 1689 3088 1742 ὅτι
3124 1687 3268 1758 ἁπλῆ
3309 1685 3490 1755 φωνὴ,
3526 1683 3628 1736 καὶ

2035 1787 2199 1856 φάσις
2220 1787 2315 1840 καὶ
2343 1785 2470 1855 ὅρος
2495 1786 2590 1838 καὶ
2635 1783 2807 1851 ὄνομα
2839 1782 2934 1834 καὶ
2975 1782 3129 1852 ῥῆμα
3161 1780 3239 1849 τῷ
3273 1780 3373 1849 μὲν
3401 1781 3632 1832 ὑποκει-

1965 1860 2006 1915 B
2037 1883 2182 1951 μένῳ
2207 1879 2382 1933 ταύτά
2436 1879 2587 1930 ἔστιν
2639 1875 2894 1945 ἀλλήλοις
2920 1888 2935 1903 ⁸
2978 1876 3121 1927 κατά
3187 1873 3355 1942 μόνην
3398 1872 3458 1942 δὲ
3525 1871 3632 1936 τὴν

2035 1975 2220 2046 σχέσιν
2253 1973 2438 2042 ἔχουσι
2464 1971 2564 2041 τὴν
2586 1971 2877 2039 διαφοράν.
2903 1964 3030 2022 Οἷον
3091 1968 3156 2020 τὸ
3202 1966 3516 2037 ἄνθρωπος,
3551 1965 3629 2024 ὡς

2037 2067 2136 2137 μὲν
2173 2067 2509 2136 σημαντικόν
2533 2081 2702 2129 τινος,
2767 2062 2912 2132 ἁπλῆ
2946 2061 3196 2114 καλεῖται
3220 2060 3372 2130 φωνή
3403 2073 3419 2088 ·
3443 2057 3522 2120 ὡς
3570 2056 3630 2110 δὲ

2037 2158 2205 2230 μέρος
2227 2159 2590 2224 καταφάσεως
2629 2157 2661 2224 ἦ
2695 2155 3047 2223 ἀποφάσεως,
3103 2153 3268 2222 φάσις
3301 2168 3316 2183 ο
3361 2152 3433 2215 ὡς
3469 2150 3516 2204 δ’
3572 2151 3634 2201 ὲν

2035 2247 2387 2318 συλλογισμῷ
2412 2245 2980 2319 παραλαμϐανόμενον
3008 2245 3103 2298 καὶ
3155 2243 3476 2314 προτάσεως
3529 2240 3633 2310 μό-

2041 2359 2154 2411 ριον
2175 2342 2486 2410 λεγόμενον,
2530 2339 2656 2410 ὅρος
2685 2341 2802 2400 ’ὡς
2855 2337 2898 2389 δ’
2959 2335 3344 2404 ὑποκείμενον,
3399 2333 3574 2402 ὄνομα
3618 2347 3632 2361 ·

2039 2433 2118 2497 ὡς
2148 2433 2204 2487 δὲ
2235 2433 2390 2497 τάξιν
2424 2433 2622 2503 ἐπέχον
2663 2428 3172 2500 κατηγορουμένου,
3205 2428 3381 2498 ῥῆμα.

2037 2632 2057 2654 ⁸
2111 2615 2217 2688 κη’.
2255 2616 2506 2685 Ῥήματα
2533 2613 2590 2668 δὲ
2654 2611 2807 2684 παρὰ
2836 2613 2950 2675 τοῖς
3000 2609 3362 2672 διαλεκτικοῖς
3413 2606 3511 2659 καὶ
3557 2606 3635 2658 τὰ

2036 2713 2276 2781 ὀνόματα
2299 2709 2551 2777 λέγονται
2588 2722 2604 2739 ⁸
2640 2708 2734 2760 καὶ
2756 2707 2826 2759 τὰ
2876 2706 3102 2776 ῥήματα
3154 2702 3316 2756 πάλιν
3361 2698 3632 2769 ὀνόματα.

2038 2804 2228 2857 Πᾶσαν
2253 2801 2362 2872 γὰρ
2390 2793 2537 2854 οὗτοι
2573 2797 2758 2868 φωνὴν
2785 2795 3154 2866 σημαντικὴν,
3209 2792 3285 2854 ὡς
3343 2792 3446 2861 μὲν
3488 2791 3632 2842 ὑπο-

2041 2897 2297 2966 κείμενον
2327 2896 2387 2946 ὲν
2413 2895 2679 2963 προτάσει
2722 2889 3092 2960 λαμϐάνοντες
3124 2883 3635 2956 προσαγορεύουσιν

2037 2990 2207 3058 ἔννομα
2233 3004 2247 3018 ·
2284 2986 2767 3056 κατηγορούμενον
2815 2982 2874 3034 δὲ
2911 2980 3218 3044 ποιοῦντες,
3259 2978 3413 3049 ῥῆμα
3462 2993 3634 3028 κατο⁴

2041 3081 2394 3153 νομάζουσιν.
2441 3078 2599 3132 Ἐπεί⁵
2623 3079 2732 3146 γὰρ
2766 3076 2964 3144 διπλῆν
2995 3075 3274 3144 σημασίαν
3311 3071 3377 3124 τά
3406 3073 3639 3144 ῥήματα

2042 3177 2273 3245 φέρουσι
2296 3174 2394 3244 τὴν
2415 3169 2765 3242 ύπαρκτικὴν
2793 3169 2914 3222 καθ’
2935 3167 3002 3238 ἣν
3049 3167 3332 3236 ἐνέργειαν
3361 3163 3394 3236 ἢ
3452 3162 3634 3224 πάθος

340 3265 546 3327 t'toncm
579 3285 670 3327 aut
709 3272 1022 3343 passionem
1054 3271 1408 3340 signiﬁcant;
1446 3277 1501 3324 et
1535 3267 1926 3339 temporalem,

2049 3267 2368 3337 τημαίνουσι
2401 3282 2415 3298 ·
2471 3267 2569 3336 τήν
2605 3282 2663 3317 τε
2689 3262 2974 3333 χρονικὴν,
3020 3259 3144 3313 καθ’
3182 3259 3251 3331 ἠν
3284 3259 3379 3312 καὶ
3435 3256 3638 3328 χρόνον

344 3383 452 3434 qua
509 3367 676 3420 etiam
761 3365 982 3434 aliquod
1040 3373 1260 3432 tempus
1319 3360 1709 3431 adsignilicant
1745 3379 1759 3415 :
1799 3375 1924 3413 cum

346 3460 568 3530 quidem
632 3475 696 3515 ea
747 3455 1052 3513 secundum
1109 3456 1285 3511 solam
1337 3453 1673 3510 exsistcntia:
1723 3453 1931 3524 signiﬁ-

345 3557 618 3610 cationem
679 3553 958 3624 accipiunt
986 3551 1277 3614 dialeCtici,
1339 3559 1452 3604 tum
1497 3550 1741 3619 subjecta
1801 3547 1932 3601 faci—

347 3659 468 3710 unt,
497 3657 610 3700 tum
678 3647 901 3700 nomina
939 3651 1135 3698 vocant
1169 3661 1182 3697 :
1233 3659 1356 3698 cum
1411 3650 1595 3696 autem
1629 3638 1930 3696 secundum

348 3744 616 3811 temporis
672 3741 1157 3810 (signiﬁcationem
1215 3737 1527 3807 usurpant),
1566 3743 1695 3788 tunc
1743 3731 1960 3803 praedi-—

349 3846 597 3890 calorum
656 3835 782 3890 loco
857 3848 922 3888 ea
981 3840 1246 3904 ponentes
1318 3831 1480 3886 verba
1556 3829 1766 3884 dicunt.
1814 3823 1934 3879 Jam

347 3943 478 3986 verc
520 3929 743 3985 nomina
802 3927 1109 3998 simplicem
1178 3925 1515 3981 exsistentiae.
1573 3921 1936 3993 signiﬁcatio-

350 4041 477 4081 nem
508 4022 788 4089 habentia,
819 4037 944 4076 cnm
975 4021 1195 4090 quidem
1229 4019 1348 4073 haec
1376 4033 1509 4088 pura
1563 4015 1846 4085 accipiunt
1881 4021 1935 4067 et

351 4118 598 4188 subjecta
641 4115 852 4169 faciunt
875 4122 927 4168 et
958 4112 1105 4182 quod
1139 4120 1268 4167 sunt
1293 4111 1512 4165 nomina
1535 4110 1728 4164 dicunt
1764 4122 1780 4163 :
1809 4119 1936 4160 cum

343 4223 536 4269 autem
571 4213 686 4264 haec
719 4208 1012 4280 praedicata
1087 4206 1338 4272 fecerint,
1376 4218 1513 4274 pura
1546 4219 1607 4258 ea
1674 4216 1784 4256 non
1849 4215 1939 4253 re-

353 4309 636 4377 linquunt.
669 4304 766 4360 sed
794 4305 855 4357 τὸ
889 4312 971 4358 est
1011 4310 1106 4356 aut
1149 4301 1254 4354 fuit
1303 4308 1396 4353 aut
1442 4298 1550 4352 erit
1605 4303 1890 4366 apponunt
1924 4313 1939 4352 z

352 4414 411 4461 ut
445 4416 497 4456 et
529 4404 641 4456 haec
679 4400 808 4455 inde
875 4397 1146 4467 duplicem
1207 4395 1663 4463 signiﬁcationem
1728 4391 1943 4444 haben-

359 4499 459 4559 tia,
497 4497 715 4565 propria
770 4491 1023 4546 videlicet
1063 4504 1184 4559 qua:
1215 4497 1299 4542 est
1346 4485 1687 4542 exsistentite
1721 4491 1776 4539 et
1817 4498 1944 4537 eam

351 4608 473 4662 qnze
527 4598 608 4642 est
679 4601 746 4638 ex
789 4583 1151 4654 adiunctione
1205 4579 1299 4632 τοῦ
1333 4589 1418 4634 est
1464 4586 1560 4632 aut
1591 4575 1695 4630 fuit
1742 4583 1837 4629 aut
1889 4589 1947 4628 e-

352 4688 447 4745 rit.
474 4699 597 4758 qua:
625 4681 947 4751 temporalis
977 4676 1389 4749 est,verho_rum
1423 4674 1600 4730 vicem
1627 4669 1916 4740 impleant.

421 4783 517 4838 29.
575 4780 851 4836 Cancrum
903 4776 964 4830 τδ
1014 4784 1101 4831 est
1130 4786 1186 4829 et
1243 4771 1347 4828 fuit
1393 4784 1449 4826 et
1502 4771 1785 4836 eril,cum
1839 4769 2017 4837 perD

353 4890 417 4931 se
469 4871 690 4943 quidem
747 4877 896 4934 sunt,
930 4866 1206 4937 duplicem
1270 4861 1437 4934 263
1487 4861 1691 4915 habent
1763 4856 1944 4926 signi-

352 4968 685 5031 ﬁcationem,
717 4971 779 5017 ut
815 4959 982 5014 verba
1013 4957 1391 5026 ;exsistcnti:e
1431 4954 1692 5009 nimirum
1725 4961 1780 5007 et
1811 4963 1949 5006 tem-

353 5061 546 5132 poris;
582 5065 643 5112 ut
702 5069 826 5109 cum
894 5051 1200 5107 dixerimus
1237 5065 1251 5102 :
1285 5047 1462 5104 Homo
1493 5056 1599 5110 cst,
1633 5051 1728 5098 aut
1783 5045 1949 5098 homo

352 5151 480 5216 fuit,
510 5158 608 5204 aut
661 5147 827 5201 homo
874 5143 1006 5199 erit.
1055 5142 1194 5196 Cum
1246 5148 1427 5194 autem
1485 5135 1806 5192 nominibus
1838 5133 1939 5188 ad-

351 5248 662 5320 iunguntur
715 5250 769 5298 et
824 5255 952 5297 cum
1005 5239 1118 5295 illis
1147 5238 1538 5308 exquiruntur,
1581 5233 1758 5290 solam
1802 5239 1943 5283 tem-

337 5341 504 5395 !)oris
539 5339 747 5393 habent
797 5332 1262 5405 signiﬁcationem
1315 5332 1399 5399 (ut
1433 5340 1558 5383 cum
1613 5324 1943 5386 dixerimus,

352 5439 618 5492 Socrates
661 5441 747 5486 est
791 5428 1037 5498 sapiens,
1072 5433 1170 5480 aut
1223 5422 1488 5478 Socrates
1545 5418 1649 5473 fuit
1695 5416 1942 5486 sapiens,

305 5588 312 5595 ,
355 5540 457 5585 aut
492 5527 751 5582 Socrates
803 5524 909 5577 erit
957 5519 1220 5591 sapiens),
1258 5517 1707 5584 exsistentiaeque
1738 5509 1953 5581 signiﬁ-

356 5622 634 5679 cationem
667 5617 923 5673 obtinent
941 5613 1164 5670 nomina
1187 5611 1386 5681 quibus
1417 5613 1790 5679 apponuntur.
1815 5602 1959 5668 Qua-

361 5732 427 5770 re
457 5729 585 5770 cum
656 5709 930 5783 ejusmodi
985 5706 1300 5764 nominibus
1348 5712 1402 5760 et
1463 5699 1846 5756 exsistentiatn
1903 5703 1958 5750 et

364 5818 586 5876 tempus
639 5801 1006 5874 signiﬁcantia
1060 5797 1432 5871 perlecturum
1487 5793 1778 5850 verborum
1834 5803 1959 5858 pro-

369 5903 664 5970 prietatem
697 5904 941 5956 servant.

2033 3362 2156 3416 τινὰ
2176 3379 2388 3433 προσση
2400 3359 2703 3430 μαίνουσιν⁶
2730 3359 2858 3412 ὅταν
2893 3356 2990 3425 μὲν
3009 3353 3149 3408 κατὰ
3168 3353 3267 3423 τὴν
3285 3353 3639 3423 ύπαρκτικὴν

2038 3457 2206 3526 μόνην
2259 3453 2538 3522 σημασίαν
2571 3451 2747 3504 ταῦτα
2775 3449 3148 3518 λαμϐάνωσιν,
3173 3445 3514 3514 ὑποκείμενά
3565 3461 3635 3497 τε

2036 3549 2250 3603 ποιοῦσι
2271 3550 2363 3600 καὶ
2387 3546 2478 3599 καλ
2492 3544 2552 3598 οὗ
2564 3563 2644 3598 σιν
2657 3543 2899 3611 ὀνόματα
2925 3557 2937 3572 ’
2960 3543 3087 3595 ὅταν
3107 3539 3163 3594 δὲ
3182 3541 3322 3593 κατὰ
3337 3538 3434 3610 τὴν
3452 3555 3639 3608 χρονι-

2039 3642 2162 3711 κὴν,
2184 3640 2306 3693 τότε
2325 3637 2776 3708 κατηγορούμενα
2801 3635 3040 3694 τιθέντες
3068 3632 3638 3703 λέγουσιρήματα.Τὰ

2039 3733 2082 3786 δ’
2115 3733 2352 3801 ὀνόματα
2392 3729 2672 3800 σημασίαν
2705 3727 2885 3796 ἁπλῆν
2937 3729 3036 3795 τῆς
3065 3725 3351 3796 ὑπάρξεως
3413 3723 3631 3794 ἔχοντα,

2041 3825 2169 3878 ὅταν
2193 3822 2292 3892 μὲν
2323 3822 2545 3893 καθαρὰ
2570 3819 2746 3873 ταῦτα
2775 3817 3154 3888 λαμϐάνωσιν,
3205 3815 3543 3885 ὑποκείμενά
3571 3830 3637 3866 τε

2044 3915 2257 3970 ποιοῦσι
2292 3917 2388 3967 καὶ
2410 3916 2546 3984 ὅπερ
2597 3912 2739 3964 εἰσιν
2777 3911 3024 3980 ὀνόματα
3059 3909 3310 3978 λέγουσιν
3334 3925 3348 3939 ⁸
3408 3910 3537 3961 ὅταν
3577 3907 3639 3960 δὲ

2045 4008 2500 4080 κατηγορούμενα
2530 4005 2704 4058 ταῦτα
2761 4005 3082 4075 ποιήσωσιν,
3134 4003 3235 4056 οὐκ
3286 4002 3449 4055 ἐῶσιν
3497 4001 3640 4053 αύτὰ

2047 4102 2264 4170 καθαρά
2292 4117 2304 4130 ·
2340 4099 2695 4169 προστιθέασι
2729 4098 2788 4150 δὲ
2824 4096 3039 4157 τούτοις
3076 4097 3172 4148 καὶ
3221 4094 3282 4146 τὸ
3305 4094 3471 4158 ἔστιν,
3509 4093 3543 4163 ἦ
3576 4095 3642 4145 τὺ

2045 4193 2133 4261 ἦν,
2164 4195 2197 4264 ἢ
2237 4194 2297 4246 τὸ
2327 4195 2481 4246 ἔσται
2518 4205 2532 4220 '
2569 4191 2646 4253 ὡς
2671 4189 2736 4244 ἂν
2776 4188 3028 4241 ἐντεῦθεν
3082 4186 3277 4255 διπλῆν
3307 4186 3404 4238 καὶ
3462 4185 3641 4238 ταῦτα

2047 4291 2147 4361 τὴν
2178 4287 2453 4358 σημασίαν
2487 4283 2820 4355 ἓχοντα,τὴν
2849 4281 3059 4334 οἰκείαν
3088 4279 3153 4350 δὴ
3213 4278 3311 4349 τὴν
3367 4279 3642 4346 ύπαρκτι-

2050 4385 2174 4453 κῆν,
2199 4383 2295 4435 καὶ
2313 4380 2412 4449 τὴν
2453 4378 2516 4430 ἐκ
2541 4377 2636 4446 τῆς
2669 4374 2992 4444 προσθήκης
3044 4369 3141 4426 τοῦ
3173 4369 3342 4436 ἔστιν,
3371 4367 3524 4444 ἢτοῦ
3573 4364 3646 4439 ἦν

2054 4477 2088 4547 ἢ
2121 4475 2217 4530 τοῦ
2245 4475 2420 4536 ἔσται,
2453 4474 2574 4544 ἥτις
2618 4469 2861 4540 ὑπάρχει
2883 4466 3134 4538 χρονικὴ,
3162 4465 3261 4537 τὴν
3309 4464 3418 4518 τῶν
3463 4465 3648 4534 ῥημά-

2055 4590 2163 4626 των
2197 4568 2386 4642 χρείαν
2404 4564 2787 4636 ἀποπληρῶσι.

2124 4759 2229 4817 κο’.
2261 4763 2334 4816 To
2367 4765 2481 4816 ἔστι
2515 4761 2572 4815 δὲ
2601 4761 2699 4814 καὶ
2727 4753 2793 4830 ἦν
2823 4755 2917 4811 καὶ
2970 4755 3125 4808 ἔσται
3168 4751 3276 4807 καθ
3343 4751 3490 4806 αὐτὰ
3546 4753 3651 4823 μὲν

2047 4857 2199 4924 ὄντα,
2220 4856 2415 4925 διπλῆν
2445 4855 2563 4925 ἔχει
2604 4854 2703 4923 τὴν
2776 4851 3078 4920 σημασίαν,
3131 4847 3208 4911 ὡς
3254 4847 3474 4917 ῥήματα
3499 4861 3514 4877 ·
3547 4847 3653 4918 τὴν

2055 4951 2428 5021 ὑπαρκτικὴν,
2455 4948 2549 5002 καὶ
2577 4947 2678 5015 τὴν
2706 4943 2972 5016 χρονικήν
3006 4956 3022 4971 ’
3063 4941 3140 5003 ὡς
3197 4941 3329 4994 ὅταν
3381 4940 3651 5006 εἴπωμεν.

2053 5044 2377 5117 Ἄνθρωπός
2423 5042 2595 5107 ἐστιν,
2625 5041 2680 5110 ἦ,
2716 5037 3049 5106 Ἀνθρωπος
3100 5030 3190 5102 ἦν,
3228 5033 3288 5101 ἢ.
3329 5029 3655 5099 Ἄνθρωπος

2049 5141 2226 5194 ἔσται.
2259 5137 2432 5189 Ὅταν
2463 5133 2521 5186 δὲ
2573 5129 2984 5202 προστιθέμενα
3034 5127 3150 5189 τοῖς
3206 5122 3468 5188 ὀνόμασιν
3515 5119 3656 5190 ὁμοῦ

2061 5228 2181 5298 μετ’
2212 5226 2394 5280 αὐτῶν
2422 5221 2810 5290 ὲξετάζωνται,
2851 5218 3019 5288 μόνην
3045 5216 3162 5286 ἔχει
3211 5215 3314 5286 τὴν
3367 5212 3657 5283 χρονικήνο

2056 5321 2132 5384 ὡς
2159 5320 2286 5374 ὅταν
2313 5315 2581 5386 εἴπωμεν,
2608 5311 2908 5382 Σωκράτης
2941 5311 3102 5378 σοφός
3143 5308 3316 5372 ἐστιν,
3349 5304 3407 5376 ἢ,
3433 5303 3661 5373 Σωκράο

2059 5431 2160 5486 της
2195 5415 2358 5482 σοφὸς
2385 5406 2477 5481 ἦν,
2517 5407 2573 5477 ἢ,
2602 5404 2906 5474 Σωκράτης
2939 5401 3102 5472 σοφὸς
3132 5398 3285 5454 ἔσται
3313 5413 3328 5428 ⁶
3363 5397 3463 5467 τὴν
3486 5397 3531 5450 δ’
3554 5396 3664 5449 ὑπ-

2066 5506 2339 5579 αρκτικὴν
2369 5501 2660 5573 σημασίαν
2691 5500 2988 5566 κέκτηνται
3011 5494 3080 5548 τὰ
3111 5493 3352 5562 ὀνόματα
3379 5487 3460 5553 οἷς
3491 5507 3666 5560 προσ-

2066 5602 2332 5654 τίθενται.
2372 5596 2539 5650 Ὥστε
2572 5593 2710 5658 μετὰ
2743 5591 2851 5644 τῶν
2880 5587 3136 5642 τοιούτων
3163 5585 3447 5657 ὀνομάτων
3485 5582 3668 5654 ῦπαρο

2071 5693 2152 5760 ξίν
2195 5710 2254 5745 τε
2307 5690 2404 5744 καὶ
2461 5687 2650 5758 χρόνον
2703 5684 3042 5755 σημαίνοντα
3102 5681 3203 5752 τὴν
3263 5677 3374 5733 τῶν
3430 5675 3672 5732 ἐντελῶν

2073 5783 2334 5855 ῥημάτων
2365 5779 2628 5843 σώζουσιν
2685 5775 2944 5843 ἰδιότητα.
