3872 6460
336 367 446 434 895

879 490 1108 547 CAPUT
1155 491 1371 547 XXVII.

655 580 729 637 De
755 585 997 639 oratione
1041 594 1090 640 et
1121 587 1592 656 propositionibus.

405 673 456 728 Ι.
487 673 680 728 Oratio
705 686 808 743 est,
843 693 966 747 qua:
992 694 1057 733 ex
1106 680 1354 748 pluribus
1408 697 1570 748 quam
1605 681 1732 736 'una
1782 695 1915 735 voce

333 765 690 830 siguiliraliva
725 778 963 829 constat.
998 769 1155 840 cujus
1183 787 1304 841 quae
1345 783 1477 827 sunt
1519 775 1741 843 proprie
1783 789 1911 844 par-

1533 371 1955 435 NlCEl’llORI
2001 372 2427 437 BLEMMIDA!

3497 374 3603 439 896

2543 501 2554 519 '
2604 496 2855 552 ΚΕΦΑΛ.
2892 498 3018 552 ΚΖ’.

2379 587 2516 654 Περὶ
2539 590 2728 660 ,λόγου
2752 593 2850 645 καὶ
2878 589 3253 660 προτάσεων.

2107 683 2174 739 α’.
2211 686 2386 754 Λόγος
2421 687 2570 740 ἐστὶν
2604 689 2667 742 ὲκ
2697 688 3024 760 πλειόνωνῆ
3078 690 3211 759 μιᾶς
3267 687 3453 757 φωνῆς
3510 705 3610 756 ση-

2021 779 2292 849 μαντικῆς
2324 777 2620 844 συνεστὼς,
2656 772 2718 833 οὗ
2745 781 2813 835 τὰ
2843 781 3057 852 κυρίως
3086 781 3233 851 μέρη
3263 779 3609 850 κεχωρισμέ-

331 865 451 917 tos.
487 867 754 925 separatae
783 859 1115 928 significant.
1148 863 1336 920 Oratio
1392 866 1538 919 enim
1579 882 1643 919 ex
1697 866 1916 920 duabus

2053 888 2085 924 α
2117 872 2428 938 σημαντικά
2461 873 2632 924 ἐστιν.
2670 874 2730 924 '0
2781 869 2890 941 γάρ
2947 871 3104 940 λόγος
3155 872 3219 924 ἐκ
3267 870 3362 924 δύο
3415 871 3612 939 φωνῶν

332 949 557 1005 vocibus
581 952 960 1018 signilleativis
988 956 1053 1009 ad
1089 957 1376 1012 utinimum
1435 960 1600 1013 habet
1649 961 1915 1016 constitu-

333 1044 560 1100 tionem.
603 1042 718 1099 Una
747 1047 950 1118 quippe
978 1063 1080 1104 vox
1107 1051 1497 1121 signiﬁcativa,
1526 1067 1635 1109 non
1670 1065 1758 1110 est
1783 1070 1913 1110 ora.

337 1137 434 1189 tio.

402 1229 455 1283 ‘3.
485 1231 738 1301 Quinque
768 1243 949 1289 autem
986 1237 1253 1294 orationis
1290 1242 1501 1309 species
1538 1252 1668 1298 sunt
1702 1262 1715 1298 :
1752 1258 1916 1297 voca-

2089 1241 2152 1312 β.
2182 1243 2346 1296 Πέντε
2375 1242 2432 1296 δὲ
2464 1243 2530 1296 τὰ
2557 1243 2674 1314 εῐδη
2731 1242 2826 1297 τοῦ
2857 1241 3016 1311 λόγου
3046 1257 3062 1272 ⁶
3096 1241 3157 1297 τὸ
3208 1239 3490 1312 κλητικὸν,
3534 1241 3616 1304 ὡς

335 1321 466 1387 tiva,
501 1334 581 1386 ut.
615 1324 725 1380 Viri
759 1325 956 1384 fratres
1005 1341 1058 1385 et
1109 1346 1539 1402 compauperes;
1573 1344 1650 1399 at,
1704 1352 1738 1389 ο
1785 1337 1910 1402 viri,

2053 1340 2095 1403 ὸ,
2135 1336 2365 1406 Ἀνδρες
2386 1337 2606 1406 ἀδελφοὶ
2637 1337 2732 1391 καὶ
2758 1337 3104 1408 συμπένητες
3136 1353 3154 1370 ο
3182 1335 3244 1390 τὸ
3277 1335 3358 1396 δὲ,
3391 1333 3614 1402 ἄνδρες.

335 1421 708 1479 t.autum,non
739 1425 917 1474 oratio
971 1423 1243 1490 vocative,
1289 1428 1380 1480 sed
1431 1428 1645 1482 vocatio
1693 1439 1796 1483 est.
1849 1429 1914 1481 Et

2053 1431 2206 1494 όνον,
2237 1431 2300 1485 οὐ
2323 1431 2482 1498 λόγος
2503 1429 2784 1500 κλητικὸς,
2814 1429 2950 1486 ἀλλά
2990 1430 3208 1500 κλῆσις.
3237 1428 3312 1482 Τὸ
3329 1426 3422 1482 τοῦ
3448 1427 3617 1493 λόγου

336 1521 465 1558 vero
495 1510 782 1580 (speciem)
812 1515 1080 1570 orationis
1135 1518 1435 1573 vocativum
1476 1519 1648 1576 Stoici
1676 1520 1913 1590 appella-

2053 1527 2078 1577 ὲ
2122 1525 2383 1594 κλητικὸν
2435 1525 2505 1580 οἱ
2532 1525 2766 1578 Στωϊκοὶ
2817 1523 3042 1578 καλοῦσι
3090 1519 3613 1593 προσαγορευτικόν.

337 1602 502 1654 tivam
539 1615 754 1658 vocant.
793 1607 1041 1664 Secunda
1078 1613 1289 1681 species
1335 1615 1599 1669 orationis
1625 1627 1710 1670 est
1738 1617 1912 1684 impe-

2056 1615 2278 1682 εύτερον
2309 1611 2448 1677 εἶδος
2467 1615 2560 1670 τοῦ
2597 1615 2759 1682 λόγου
2795 1615 2859 1668 τὸ
2905 1613 3331 1684 προστακτικὸν,
3363 1612 3440 1674 ὡς
3501 1610 3565 1664 τό
3599 1626 3612 1640 ⁸

339 1695 534 1759 rativa,
567 1706 648 1759 ut,
703 1697 924 1753 Declina
980 1705 1183 1757 amato
1228 1712 1280 1757 ct
1337 1704 1420 1759 fac
1450 1707 1674 1762 bonum.
1731 1708 1909 1764 Tertia

2053 1710 2306 1763 Εκκλινον
2335 1709 2444 1762 ἀπὸ
2477 1708 2668 1776 κακοῦ,
2707 1709 2804 1763 καὶ
2833 1707 3066 1776 ποίησον
3121 1706 3348 1777 ἀγαθόν.
3386 1705 3617 1776 Τρίτον,

338 1787 676 1842 sciscitaliva
702 1791 818 1845 sive
847 1794 1258 1866 interrogativa,
1295 1809 1373 1861 ut,
1406 1798 1534 1866 Quae
1566 1810 1658 1854 tua
1693 1803 1863 1870 patria
1890 1804 1912 1856 ἲ

2055 1804 2082 1855 δ
2115 1803 2486 1872 πυσματικὸν,
2547 1803 2726 1857 εῐτουν
2781 1803 2842 1856 τὸ
2886 1790 3345 1873 ἐρωτηματικόν·
3405 1799 3482 1862 ὡς
3531 1798 3620 1861 τὸ,

339 1895 460 1944 qua:
502 1891 593 1936 tua
626 1885 854 1938 studia?
889 1888 1093 1953 Quarta
1146 1891 1390 1960 optativa
1418 1909 1582 1962 quam
1625 1895 1794 1951 Stoici
1829 1895 1916 1950 di-

2053 1897 2121 1960 Γίς
2152 1898 2184 1968 ἡ
2217 1895 2414 1966 πατρίς
2447 1914 2541 1950 σου
2574 1914 2589 1957 ;
2627 1896 2680 1948 τι
2720 1913 2802 1949 σοι
2838 1897 2898 1948 τὸ
2959 1895 3339 1965 ἑπιτήδευμας
3406 1892 3621 1962 Τέταρ-

337 1983 469 2026 cunt.
508 1982 911 2042 precatoriam;
951 1992 1032 2042 nt.
1069 1981 1216 2048 Fiat,
1262 1984 1512 2052 Domine,
1536 1990 1918 2045 miscriCordia

2056 2008 2137 2057 ον,
2167 1991 2228 2043 τὸ
2258 1989 2532 2052 εὐκτικὸν,
2561 1991 2700 2060 ὅπερ
2752 1987 2936 2042 οἱάπὸ
2983 1989 3084 2058 τῆς
3143 1989 3305 2050 στοᾶς
3364 1986 3621 2054 λέγουσιν

2019 965 2374 1034 σημαντικῶν
2396 964 2742 1035 τούλάχιστον
2761 964 2873 1034 ἔχει
2896 965 2996 1035 τὴν
3018 965 3299 1021 σύστασιν.
3353 965 3471 1022 Μία
3499 963 3612 1033 γὰρ

2018 1057 2175 1127 φωνὴ
2211 1061 2528 1127 σημαντικὴ
2559 1059 2718 1128 λόγος
2747 1059 2848 1113 οὐκ
2903 1059 3039 1113 ἔστι.

340 2076 432 2118 tua
467 2083 631 2136 super
662 2087 785 2130 nos.
841 2076 1306 2141 quemmlmodum
1365 2082 1708 2148 speravimus
1738 2083 1792 2136 in
1845 2095 1918 2138 te.

341 2158 540 2224 Quinta
597 2166 962 2227 enuntiativa.
1000 2171 1099 2234 vel,
1133 2179 1192 2226 ut
1223 2174 1362 2242 apud
1427 2173 1648 2230 Stoicos
1695 2176 1920 2243 dicitur,

342 2257 679 2319 axioma,de
709 2276 813 2329 qua
869 2262 1039 2331 logica
1101 2269 1358 2321 tractatio
1420 2272 1920 2327 considerationem

343 2346 512 2416 268
543 2349 797 2413 instituit,
835 2369 952 2420 qaa-
984 2356 1052 2410 ab
1104 2361 1440 2413 entmtiando
1474 2363 1617 2416 dicta
1674 2374 1782 2419 est.
1829 2364 1926 2418 Sc.-

344 2438 583 2490 cundum
627 2442 772 2494 illam
817 2446 959 2497 enim
1021 2447 1087 2499 de
1147 2449 1391 2517 qualibet
1445 2468 1500 2505 re
1551 2453 1923 2517 enuntiemus.

346 2530 492 2583 velut
530 2547 545 2587 :
583 2531 724 2588 Deus
759 2545 842 2589 est
871 2539 1088 2605 bonus;
1119 2541 1277 2595 homo
1313 2558 1417 2598 non
1447 2555 1530 2599 cst
1573 2546 1924 2604 immortalis.

418 2805 474 2860 5.
499 2805 634 2861 Cum
668 2817 847 2862 autem
882 2809 1127 2880 duplices
1182 2813 1292 2869 sint
1326 2814 1380 2869 in
1418 2817 1577 2872 IlOlIlS
1614 2819 1812 2874 anima:
1851 2819 1934 2873 fa-

347 2901 602 2967 cultates,
629 2901 750 2958 aliae
783 2916 1177 2976 cognoscentes
1201 2910 1529 2969 secundum
1579 2929 1717 2983 quas
1759 2916 1932 2984 quod-

2027 2083 2307 2148 ἀρατικὸν,
2364 2085 2439 2146 ὡς
2495 2082 2555 2135 τό
2587 2098 2602 2114 ·
2665 2083 2902 2148 Γένοιτο,
2949 2082 3151 2152 Κύριε,
3207 2080 3270 2134 τὸ
3319 2078 3468 2143 ἔλεός
3521 2096 3621 2131 σου

2028 2179 2310 2248 ἐφ’ήμᾶς,
2357 2178 2612 2247 καθάπερ
2664 2177 2977 2247 ἠλπίσαμεν
3035 2176 3129 2230 ἐπὶ
3195 2176 3283 2229 σέ.
3329 2173 3622 2240 Πέμπτον,

2027 2273 2086 2324 τὸ
2117 2271 2512 2337 ἀποφαντικὸν,
2546 2273 2665 2340 ἦτοι
2691 2271 2749 2324 τὸ
2781 2269 2933 2335 παρὰ
2953 2270 3066 2333 τοῖς
3091 2269 3353 2330 Στωϊκοῖς
3371 2262 3621 2336 ἀξῑωμι⁹

2030 2365 2156 2433 περὶ
2195 2363 2224 2416 ὃ
2252 2365 2314 2434 τῇ
2340 2363 2533 2433 λογικῇ
2569 2363 2928 2433 πραγματεία
2967 2364 3000 2433 ἡ
3033 2363 3228 2432 σκέψις
3262 2363 3432 2424 ἐστὶν,
3481 2359 3624 2428 ὅπερ

2031 2459 2095 2508 ἐκ
2121 2455 2214 2508 τοῦ
2244 2455 2642 2524 ἀποφαίνεσθαι
2673 2457 2908 2526 εἴρηται.
2952 2455 3090 2508 Κατ’
3139 2455 3272 2508 αὐτὸ
3329 2454 3438 2522 γάρ
3490 2453 3625 2520 περὶ

2030 2548 2346 2602 οὑτινοσοῦν
2402 2549 2512 2602 τῶν
2568 2565 2912 2619 πραγμάτων
2966 2546 3432 2616 ἀποφαινόμεθα⁶
3483 2540 3623 2609 οἷον,

2049 2642 2106 2696 Ὀ
2131 2642 2263 2704 Θεὸς
2286 2643 2487 2710 ἀγαθός
2517 2643 2665 2696 ἐστιν
2691 2658 2703 2670 ·
2751 2643 2810 2696 'U
2843 2641 3134 2711 ἄνθρωπος
3160 2641 3262 2694 οὐκ
3296 2639 3445 2693 ἔστιν
3474 2637 3622 2692 ἀθά-

2033 2754 2212 2799 νατος.

2112 2835 2186 2898 γ’.
2227 2830 2434 2883 Διττῶν
2463 2830 2508 2883 δ’
2536 2830 2713 2883 οὐσῶν
2748 2830 2806 2881 ὲν
2840 2830 2972 2900 ἡμῖν
3020 2827 3312 2900 δυνάμεων
3348 2824 3628 2897 ψυχικῶν,

2033 2920 2144 2974 τῶν
2174 2920 2511 2990 γνωστικῶν,
2538 2920 2661 2973 καθ’
2692 2919 2758 2981 ἃς
2796 2919 3028 2973 ἕκαστον
3074 2919 3184 2972 τῶν
3237 2916 3408 2971 ὄντων
3463 2915 3632 2984 γινώ-

348 2996 432 3048 vis
455 3011 642 3049 eorum
667 2996 812 3068 quod
841 3009 926 3054 est
957 3003 1342 3072 cognoscimus
1374 3021 1390 3059 :
1432 3005 1551 3062 alia:
1583 3024 1705 3077 quae
1739 3009 1930 3065 vitales

2053 3031 2242 3082 ςκομεν
2271 3031 2285 3044 ο
2310 3014 2415 3066 τῶν
2436 3013 2490 3066 δὲ
2524 3012 2771 3078 ζωτικῶν
2795 3013 2889 3065 καὶ
2908 3010 3211 3080 όρεκτικῶν
3233 3009 3626 3079 καλουμένων.

346 3099 406 3140 et
445 3090 752 3157 appetitiva:
793 3093 1074 3159 dicuntur,
1116 3098 1420 3152 secundum
1478 3117 1616 3170 quas
1680 3117 1803 3172 qum
1850 3103 1930 3158 vel

2053 3106 2164 3159 καθ’
2190 3105 2256 3170 ἀς
2279 3105 2313 3176 ἢ
2344 3105 2450 3158 τῶν
2476 3104 2647 3158 ὄντων
2677 3103 2898 3173 ἀγαθῶν
2922 3103 2956 3176 ἢ
2980 3104 3089 3156 τῶν
3133 3102 3441 3156 δοκούντων
3486 3101 3632 3165 ἀγα-

355 3178 495 3233 bona
521 3188 647 3235 sunt
679 3185 758 3238 vel
789 3184 929 3239 bona
978 3185 1258 3250 videntur.
1303 3193 1608 3261 expetimus
1641 3212 1655 3248 ;
1691 3205 1929 3262 quatuor

2053 3197 2147 3250 Ιῶν
2172 3196 2440 3266 ἐφιέμεθα
2468 3213 2483 3229 ·
2516 3196 2584 3250 τά
2619 3195 2718 3266 μὲν
2777 3195 2932 3265 παρά
2981 3195 3042 3248 τὸ
3081 3192 3456 3262 ἀποφαντικὸν
3504 3189 3630 3260 εἴδη

351 3272 570 3338 quidem
603 3275 869 3330 orationis
901 3287 1099 3346 praeter
1151 3283 1549 3338 enuntiativam
1603 3287 1815 3355 species
1861 3304 1928 3342 ex

2053 3290 2128 3344 ποῦ
2160 3290 2323 3357 λόγου
2345 3291 2415 3344 τά
2447 3292 2693 3359 τέσσαρα
2728 3290 2792 3343 ὲκ
2813 3289 2923 3342 τῶν
2971 3288 3275 3360 ὀρεκτικῶν
3335 3285 3631 3356 δυνάμεων

350 3365 667 3433 appetitivis
722 3370 1049 3434 proveniunt
1103 3371 1459 3430 facultatibus
1517 3379 1752 3445 animat,
1821 3397 1930 3436 non

2053 3381 2362 3454 τροέρχεται
2392 3383 2491 3453 τῆς
2519 3382 2723 3452 ψυχῆς,
2752 3382 2852 3434 οὐκ
2876 3380 3048 3450 αὐτῆς
3078 3379 3203 3433 καθ’
3256 3377 3427 3446 αὐτὴν
3473 3380 3633 3445 ἐνερε-

354 3457 529 3525 ipsius
561 3465 862 3516 secundum
899 3465 1134 3532 seipsam
1161 3457 1396 3537 agentis,
1437 3470 1530 3524 sed
1567 3474 1633 3526 ad
1674 3472 1842 3527 alium
1873 3489 1930 3528 se

2053 3476 2257 3546 (οὔσης,
2283 3475 2420 3529 ἀλλά
2456 3475 2591 3544 πρὸς
2614 3474 2802 3541 ἕτερον
2849 3470 3278 3540 ἀποτεινομένης
3327 3469 3420 3522 τὸν
3478 3486 3630 3538 συμ-

351 3553 722 3618 extendentis,
758 3559 848 3624 qui
897 3558 1209 3615 conducere
1268 3562 1484 3617 videtur
1541 3566 1605 3616 ad
1661 3565 1712 3619 id
1774 3582 1930 3634 posse

2053 3567 2329 3622 5άλλεσθαι
2355 3565 2617 3621 δοκοῦντα
2665 3565 2804 3635 πρὸς
2855 3563 2918 3617 τὸ
2965 3565 3154 3635 τυχεῖν
3205 3559 3306 3632 τῆς
3359 3562 3628 3631 ἐφέσεως,

350 3644 496 3710 quod
527 3643 614 3698 illa
648 3647 803 3716 cupit
829 3653 1127 3718 consequi;
1155 3661 1207 3706 et
1242 3654 1328 3708 vel
1360 3671 1669 3710 sermonem
1716 3657 1785 3712 ab
1813 3661 1930 3728 ipso

2053 3662 2133 3716 ιαὶ
2159 3661 2281 3732 ἦτοι
2309 3658 2469 3727 λόγον
2498 3657 2649 3730 παρά
2667 3657 2831 3712 αὐτοῦ
2857 3657 3150 3729 ζητούσης,
3178 3657 3252 3720 ὡς
3276 3658 3368 3711 ἐπὶ
3405 3657 3498 3710 τοῦ
3524 3673 3632 3708 πυ-

353 3736 654 3805 exigentes,
691 3751 753 3794 ut
786 3743 839 3796 in
867 3746 1202 3800 sciscitativa
1249 3752 1522 3817 oratione,
1585 3761 1643 3805 ut
1694 3769 1804 3806 rem
1833 3770 1847 3814 ;
1881 3763 1934 3806 et

353 3829 399 3883 si
435 3847 544 3885 rem
574 3833 657 3888 vel
699 3834 849 3890 illum
881 3837 1063 3907 ipsqu
1093 3839 1158 3893 ad
1185 3856 1344 3909 quem
1376 3859 1560 3898 sermo
1587 3853 1669 3899 est
1697 3845 1932 3916 adipisci

353 3923 739 3992 desiderantis,
767 3939 828 3982 ut
860 3932 912 3982 in
939 3931 1183 3986 vocativa
1213 3948 1230 3999 ;
1273 3943 1368 3988 aut
1419 3936 1713 4004 quamdam
1761 3939 1830 3993 ab
1871 3954 1937 3995 eo

357 4018 657 4085 actionem,
684 4037 914 4094 eamque
980 4025 1064 4079 vel
1124 4035 1187 4080 ut
1251 4042 1280 4080 a
1322 4031 1707 4097 praestantiore
1766 4040 1824 4087 ut
1884 4033 1937 4086 in

362 4111 588 4180 optione
616 4129 710 4168 seu
731 4117 1071 4184 precatione.
1101 4118 1184 4174 vel
1214 4130 1275 4175 ut
1313 4135 1340 4172 ει
1366 4123 1657 4187 deteriore,
1680 4124 1944 4192 quemad-

358 4204 584 4259 modum
628 4204 681 4261 in
712 4223 775 4262 ea
825 4225 944 4281 quae
969 4213 1191 4281 proprie
1233 4222 1464 4268 vocatur
1515 4215 1803 4278 imperium
1845 4232 1940 4272 seu

355 4298 553 4369 iussio.
585 4299 710 4357 Sola
771 4312 953 4358 autem
998 4307 1343 4362 enuntiativa
1394 4324 1423 4362 a
1476 4311 1944 4380 ctignoscentibus

359 4391 558 4444 animm
589 4396 835 4458 provenit
867 4395 1249 4460 facultatibus,
1273 4415 1395 4468 quae
1437 4417 1621 4454 rerum
1679 4407 1731 4457 in
1786 4406 1944 4460 nobis

2043 3753 2316 3826 σματικοῦ
2351 3769 2367 3785 ο
2405 3753 2436 3821 ἢ
2489 3754 2760 3823 πρᾶγμα·
2795 3751 2892 3805 καὶ
2946 3751 2996 3804 εἰ
3026 3752 3281 3820 πρᾶγμα,
3310 3751 3429 3821 ἦτοι
3453 3748 3632 3802 αὐτοῦ

2041 3850 2252 3904 ἐκείνου
2275 3848 2573 3918 ἐφιεμένης
2602 3848 2786 3916 τυχεῖν
2808 3844 2944 3916 πρὸς
3004 3843 3064 3897 ὸν
3120 3845 3149 3898 ὁ
3199 3844 3377 3908 λόγος,
3435 3842 3634 3911 ὥσπερ

2041 3943 2137 3996 ἐπὶ
2185 3939 2278 3994 τοῦ
2329 3935 2591 4011 κλητικοῦ
2626 3938 2681 4009 (ἢ
2727 3937 3100 4008 πυσματικοῦ)
3136 3952 3151 3968 ⁶
3189 3936 3222 4006 ἧ
3279 3952 3426 4000 τινος
3493 3935 3634 4003 παρ’

2045 4036 2210 4091 αὐτοῦ
2236 4035 2514 4107 πράξεως,
2547 4034 2643 4088 καὶ
2667 4032 2873 4100 ταύτης
2925 4032 2958 4102 ἢ
2989 4031 3065 4095 ῶς
3112 4030 3267 4100 παρά
3315 4027 3633 4099 κρείττονος

2046 4128 2296 4198 καθάπερ
2324 4129 2417 4181 ἐπὶ
2441 4128 2541 4197 τῆς
2569 4125 2757 4196 εὖχῆς,
2793 4126 2824 4195 ἢ
2858 4125 2934 4188 ὡς
2964 4126 3121 4194 παρά
3163 4123 3430 4194 χείρονος,
3455 4121 3637 4174 καθά-

2046 4241 2150 4294 περ
2179 4223 2270 4276 tul.
2299 4222 2397 4292 τῆς
2421 4221 2626 4290 κυρίως
2660 4218 3006 4289 καλουμένης
3041 4218 3418 4288 προστάξεως.
3448 4215 3637 4270 Μόνον

2044 4315 2102 4368 δὲ
2131 4315 2192 4368 τὸ
2221 4313 2612 4382 ἀποφαντικὸν,
2645 4313 2754 4366 ἀπὸ
2804 4311 2914 4364 τῶν
2970 4309 3290 4378 γνωστικῶν
3342 4309 3638 4376 δυνάμεων

2049 4409 2378 4478 προέρχεται
2424 4407 2524 4475 τῆς
2559 4405 2740 4477 ψυχῆς
2795 4405 3184 4474 ἐξαγγελτικὸν
3237 4403 3482 4473 ὑπάρχον
3529 4402 3638 4472 τῆς

366 4487 731 4554 cognitionem
761 4505 883 4544 vere
916 4493 995 4544 vel
1025 4504 1350 4559 apparenter
1379 4495 1581 4550 factam
1651 4501 1930 4555 enuntiare

2053 4499 2332 4570 ἀληθῶςῆ
2381 4499 2722 4568 φαινομένως
2785 4501 3084 4569 γενομένης
3116 4498 3226 4550 τῶν
3285 4497 3638 4566 πραγμάτιον

363 4582 542 4634 solet:
580 4582 745 4652 269
769 4599 936 4651 quare
971 4585 1134 4638 etiam
1169 4601 1197 4638 a
1249 4591 1463 4643 caeteris
1515 4591 1782 4647 orationis
1820 4608 1942 4662 spe-

363 4674 552 4729 ciebus
575 4678 688 4730 sola
723 4679 974 4733 veritatis
1001 4689 1054 4733 et
1079 4679 1336 4737 falsitatis
1367 4698 1537 4748 capax
1569 4695 1674 4740 est.

433 4767 489 4823 4.
528 4769 873 4824 Etiuntiativa
905 4772 1072 4841 igitur
1103 4775 1282 4828 oratio
1317 4783 1403 4831 est
1427 4777 1518 4831 cui
1542 4792 1729 4833 verum
1765 4787 1821 4834 et
1844 4779 1940 4834 fal-

362 4873 484 4912 sum
527 4860 668 4914 inest
699 4861 904 4917 dicere.
934 4906 939 4911 .

435 4952 490 5006 5.
524 4953 745 5024 Species
769 4964 950 5010 autem
986 4969 1118 5014 sunt
1140 4961 1336 5031 ipsius,
1361 4963 1651 5019 afﬁrmatio
1679 4973 1736 5021 et
1774 4981 1941 5036 nega-

365 5057 465 5101 11οο

375 5137 383 5158 ¹
435 5141 470 5191 6
523 5139 908 5195 Etaﬂirmatio
937 5143 1160 5213 quidem
1201 5156 1288 5203 est
1344 5149 1651 5204 enuntiatio
1703 5151 1942 5222 alicujus

363 5234 431 5289 de
460 5235 666 5306 aliquo,
707 5240 810 5294 hoc
838 5250 944 5305 est,
971 5240 1263 5295 enuntiare
1293 5249 1352 5296 et
1404 5241 1591 5297 dicere
1634 5245 1761 5312 quid
1813 5245 1946 5300 insit

367 5328 552 5383 alicui.
586 5329 814 5401 Negatio
858 5344 1041 5390 autem
1088 5343 1174 5390 est
1230 5334 1537 5390 enuntiatio
1589 5337 1828 5406 alicujus
1875 5339 1943 5394 ab

363 5421 572 5490 aliquo,
605 5421 707 5477 hoc
733 5436 836 5487 est,
863 5428 1153 5481 enuntiare
1181 5427 1311 5497 quid
1359 5426 1520 5482 alicui
1555 5442 1662 5481 non
1697 5429 1848 5484 insit.

435 5514 488 5568 7.
523 5513 586 5568 Et
618 5515 732 5571 lucc
757 5517 1250 5574 contradictionem
1281 5517 1546 5574 efﬁciunt.

438 5607 490 5663 8.
531 5609 682 5664 Dicta
711 5626 843 5667 vero
865 5621 949 5667 cst
975 5614 1336 5670 contradictio
1356 5615 1501 5686 quod
1530 5627 1714 5670 partes
1747 5632 1946 5671 secun-

364 5705 497 5757 dum
531 5720 718 5759 verum
748 5716 803 5760 et
846 5707 1042 5762 falsum
1101 5709 1540 5764 contradicentes
1581 5726 1814 5763 Invicem
1854 5727 1946 5762 ua-

373 5798 517 5852 licat.
545 5796 636 5852 Est
659 5799 803 5854 enim
838 5801 1198 5854 contradictio
1249 5801 1372 5854 afﬁr
1399 5803 1638 5855 nationis
1679 5812 1731 5854 ct
1786 5819 1948 5870 nega-

367 5891 534 5946 tionis
565 5908 740 5962 pngna
766 5910 881 5965 quae
914 5894 1213 5949 secundum
1248 5896 1533 5950 veritatem
1569 5905 1620 5948 ct
1649 5894 1946 5949 falsitatem

2049 4593 2306 4662 γνώσεως
2327 4592 2386 4644 ὲν
2416 4593 2566 4661 ἡμῖν·
2595 4591 2676 4644 διὸ
2699 4592 2795 4645 καὶ
2829 4591 2991 4662 μόνον
3013 4591 3122 4643 τῶν
3153 4589 3330 4642 ἀλλων
3351 4588 3445 4641 τοῦ
3467 4588 3638 4655 λόγου

2047 4687 2206 4740 εἰδῶν
2244 4686 2502 4756 ἀληθείας
2527 4687 2620 4739 καὶ
2653 4685 2885 4755 ψεύδους
2932 4686 3048 4738 ἐστὶ
3076 4683 3346 4737 δεκτικόν.

2109 4778 2172 4836 δ’.
2207 4779 2364 4831 Ἔστι
2391 4780 2572 4832 τοίνυν
2599 4778 2971 4847 ἀποφαντικὸς
3001 4778 3178 4846 λόγος,
3215 4779 3273 4828 ὲν
3318 4771 3364 4844 ᾧ
3387 4774 3448 4828 τὸ
3498 4774 3640 4845 ἁληο

2050 4873 2279 4945 θεὺεινῆ
2313 4873 2608 4943 ψεύδεσθαι
2663 4871 2921 4942 ὑπάρχει.

2117 4964 2180 5017 ε’.
2204 4965 2333 5036 Εἴδη
2361 4965 2417 5018 δὲ
2449 4963 2616 5018 αὑτοῦ
2645 4964 2950 5032 κατάφασις
2989 4961 3414 5030 καὶεάπὸφασις.

2136 5149 2212 5216 ς’.
2242 5148 2354 5203 Καὶ
2400 5148 2709 5216 κατάφασις
2764 5148 2861 5215 μὲν
2914 5145 3064 5198 ἐστιν
3121 5141 3428 5211 ἀπόφανσίς
3488 5160 3640 5206 τινος

2051 5243 2194 5297 κατά
2220 5259 2388 5307 τινος,
2423 5242 2590 5312 ἧγουν
2614 5239 2676 5292 τὸ
2697 5236 3079 5308 ἀποφήνασθαι
3110 5237 3202 5288 καὶ
3227 5236 3424 5299 εἰπεῖν,
3447 5232 3502 5286 τε
3525 5250 3640 5286 τινι

2050 5337 2306 5406 ὑπάρχει.
2353 5334 2651 5403 ’Δπόφασις
2675 5331 2732 5384 δέ
2750 5335 2898 5384 ἐστιν
2942 5327 3245 5398 ἀπόφανσίς
3267 5341 3434 5391 τινος,
3462 5325 3639 5394 ἤγουν

2049 5429 2110 5483 τὸ
2145 5427 2554 5497 ἀποφήνασθαι,
2582 5428 2636 5478 τί
2659 5443 2765 5478 τινι
2816 5425 2915 5495 οὐχ
2943 5424 3201 5494 ὑπάρχει.
3509 5416 3524 5433 ‘

2055 5529 2066 5539 '
2101 5520 2169 5586 ζ’.
2192 5521 2380 5574 Ταῦτα
2410 5521 2466 5573 δὲ
2519 5519 2767 5573 ποιοῦσιν
2820 5519 3130 5585 ἀντίφασιν.

2129 5614 2200 5684 η’.
2233 5615 2462 5684 Εἴρηται
2481 5614 2526 5666 δ’
2560 5613 2870 5679 ἁντὶφασις,
2905 5611 3016 5663 ἀπὸ
3047 5609 3143 5662 τοῦ
3173 5609 3240 5662 τά
3270 5610 3434 5678 μόρια
3488 5605 3640 5676 ἔχειν

2052 5707 2303 5776 ἀλλήλοις
2333 5704 2732 5776 ἁντιφάσκοντα
2770 5703 2907 5756 κατὰ
2932 5701 2991 5754 τὸ
3027 5702 3225 5768 ἀληθὲς
3273 5701 3364 5752 καὶ
3396 5698 3455 5751 τὸ
3503 5697 3641 5766 ψεῦ-

2053 5801 2162 5861 δος.
2203 5801 2358 5851 Ἔστι
2402 5785 2508 5864 γὰρ
2569 5775 2850 5863 ἀντίφασις
2910 5795 3058 5863 μάχη
3116 5791 3474 5860 καταφάσεως
3536 5792 3637 5844 καὶ

2054 5893 2380 5961 ἀποφάσεως
2420 5893 2524 5945 τῶν
2564 5892 2700 5944 κατὰ
2732 5890 2789 5941 τὸ
2819 5887 3016 5955 ἀληθὲς
3069 5888 3159 5938 καὶ
3195 5885 3252 5937 τὸ
3307 5883 3499 5947 ψεῦδος
3536 5885 3642 5936 ἀν-
