3868 6362
212 387 317 445 827

1525 379 1868 438 EPITUME
1912 379 2205 440 LOGICA.

3386 377 3490 438 898

212 496 541 564 τικειμένων
579 495 654 564 τῷ
683 493 831 564 αύτῴ
863 511 922 547 τε
960 494 1307 562 ὑποκειμένῳ
1343 495 1664 562 χρωμένων,
1706 492 1802 544 καὶ

1928 505 2266 562 ipponuntur
2315 503 2364 547 et
2404 491 2596 546 eodetn
2639 493 2884 561 subjecto
2909 501 3155 554 utuntur,
3191 503 3242 545 ct
3278 493 3344 543 de
3372 493 3490 559 ipso

214 591 306 642 τὸν
363 589 527 642 αὐτὸν
590 591 1068 658 κατηγορούμενον
1122 587 1287 638 αὐτοῦ
1353 588 1799 656 κατηγορουοῶν,

215 686 354 751 μήτε
418 682 541 734 καθ’
569 683 911 750 ὁμωνυμίαν,
973 683 1111 749 μήτε
1153 683 1294 734 κατά
1348 682 1551 734 τιτῶν
1606 681 1802 737 ἄλλων,

214 779 314 830 ὃσα
337 777 476 846 πρὸς
498 778 594 838 τὰς
615 777 926 846 ἐνοχλήσεις
955 776 1064 827 τῶν
1118 775 1386 844 σοφιστῶν
1432 775 1800 846 προσδιοριζὸ·

218 873 320 941 μεθ
331 891 383 926 1.

305 964 371 1016 θ’.
406 962 699 1032 Τετραχῶς
751 964 808 1015 δὲ
851 964 1241 1032 προαγομένης
1291 965 1392 1032 τῆς
1443 966 1806 1031 ἀποφάνσεως

216 1057 272 1126 (ἢ
308 1057 417 1125 γάρ
444 1057 504 1110 τδ
535 1057 780 1126 ὑπάρχον
806 1057 880 1120 ὠς
911 1056 985 1128 μὴ
1022 1059 1266 1127 ὑπάρχον
1305 1056 1670 1123 ἀποφαίνεταί
1698 1074 1805 1122 τις,

215 1143 453 1212 οἷον,.’1’ὸ
479 1148 819 1218 ἁμαρτάνειν
850 1150 950 1202 οὐκ
985 1149 1104 1201 ἔστι
1137 1150 1307 1202 κακόν
1332 1165 1344 1178 ·
1391 1149 1422 1218 ἢ
1449 1149 1509 1201 τὸ
1558 1149 1809 1218 ὑπάρχον

216 1240 294 1298 ὡς
318 1241 588 1309 ὑπάρχον,
613 1237 746 1304 οἷον,
775 1240 848 1294 Τὸ
877 1242 1218 1310 ἁμαρτάνειν
1242 1243 1410 1295 κακόν
1437 1245 1590 1295 ἐστιν
1631 1258 1646 1273 °
1684 1241 1717 1312 ἢ
1748 1240 1811 1294 τὸ

222 1330 300 1398 μὴ
331 1329 576 1399 ὑπάρχον
603 1331 677 1392 ὡς
723 1331 994 1400 ὑπάρχον,
1014 1327 1149 1396 οἷον,
1187 1333 1258 1384 Τὸ
1288 1333 1628 1401 ἁμαρτάνειν
1675 1333 1811 1399 ἁγα-

219 1421 314 1474 οόν
338 1424 488 1474 ἐστιν
511 1437 529 1455 ο
561 1422 678 1493 ἢτὸ
710 1424 788 1492 μὴ
835 1425 1080 1494 ὑπάρχον
1114 1426 1187 1486 ὡς
1227 1425 1301 1494 μὴ
1352 1425 1621 1493 ὑπάρχον,
1673 1417 1807 1488 οἷον,

219 1514 298 1566 Τὸ
326 1514 663 1585 ἁμαρτάνειν
691 1517 791 1570 οὑκ
857 1518 1006 1570 ἐστιν
1047 1518 1296 1586 ἀγαθὸν),
1353 1515 1606 1570 ἐντεῦθεν
1661 1517 1812 1570 ἀντι-

219 1604 400 1669 θέσεις
424 1605 666 1673 γίνονται
701 1607 797 1662 δύο
859 1625 874 1640 ·
913 1611 1015 1678 μία
1063 1610 1161 1678 μὲν
1207 1608 1442 1678 ψευδοῦς
1479 1607 1809 1676 ἀποφάσεως

221 1702 364 1767 πρδς
430 1701 605 1771 ἀληθῆ
678 1701 1034 1766 κατάφασινσ
1093 1703 1257 1774 ἑτέρα
1321 1703 1378 1756 δὲ
1447 1701 1811 1770 καταφάσεως

219 1793 455 1860 ψευδοῦς
484 1794 619 1860 πρὸς
648 1793 924 1863 ἀπόφασιν
977 1796 1174 1864 ἀληθῆ.
1228 1795 1338 1851 Καὶ
1394 1797 1548 1866 παρὰ
1606 1797 1811 1858 ταύτας

218 1887 322 1950 τὰς
341 1887 434 1941 δύο
463 1887 766 1950 ἀντιθέσεις
797 1888 906 1940 οὐδ’
962 1888 1247 1957 ἐπινοῆσαι
1297 1889 1467 1961 ἄλλην
1513 1889 1806 1960 ἐνδέχεται.

295 1986 351 2034 ι’.
395 1981 549 2033 Πᾶσα
585 1981 643 2032 δὲ
677 1982 982 2049 κατάφασις
1013 1982 1170 2050 λόγος
1203 1984 1352 2036 ἐστὶν
1383 1984 1760 2051 ἁποφαντικός
1791 1999 1807 2016 ’

219 2071 492 2135 ὡσαύτως
531 2073 629 2126 καὶ
669 2073 820 2125 πᾶσα
848 2059 1160 2140 Ἀπόςρασις.
1203 2073 1594 2144 Ὀνομάζονται
1635 2074 1692 2128 δὲ
1718 2075 1812 2128 καὶ

220 2167 398 2238 ἄμφω
428 2166 747 2238 προτάσεις,
781 2167 856 2230 ὼς
889 2168 996 2220 ὑπὸ
1025 2168 1134 2220 τῶν
1166 2167 1586 2236 συλλογίσασθαι
1623 2169 1811 2238 ponito-

225 2262 413 2330 μένων
443 2261 862 2331 προτεινόμεναι
891 2261 1003 2323 τοῖς
1035 2261 1233 2325 κοινοῖς
1263 2261 1376 2315 τῶν
1404 2261 1597 2330 λόγων.

299 2449 395 2500 ια’.
439 2443 602 2498 Ἔστι
632 2442 816 2495 τοίνυν
849 2442 1112 2509 πρότασις
1147 2441 1306 2512 λόγος
1337 2443 1743 2511 ἁποφαντικὸς,
1777 2443 1813 2514 ἦ

219 2554 374 2602 τινος
403 2538 544 2591 κατά
569 2553 714 2597 τινος
742 2536 776 2608 ἦ
802 2552 946 2598 τινος
973 2537 1083 2589 ἀπό
1105 2555 1271 2601 τινος.
1303 2540 1411 2594 Καὶ
1435 2539 1611 2603 ἄλλως
1629 2557 1644 2572 ·
1677 2539 1815 2610 Πρό-

220 2631 387 2694 τασίς
413 2631 564 2684 ἔστιν
594 2631 941 2698 ἀντιφάσεως
974 2632 1108 2700 μιᾶς
1140 2631 1352 2701 μόριον.

297 2722 388 2794 ιβ’.
431 2721 552 2777 Τῶν
599 2722 657 2775 δὲ
707 2722 1028 2792 προτάσεων
1073 2725 1131 2777 αί
1185 2725 1286 2794 μὲν
1337 2725 1396 2792 ἐξ
1448 2725 1813 2796 ὑποκειμένου

225 2817 323 2870 καὶ
356 2817 845 2886 κατηγορουμένου
882 2815 1200 2882 σύγκεινται
1238 2818 1400 2887 μόνον
1434 2817 1552 2888 (καὶ
1587 2819 1814 2872 ύποκεί·

228 2925 390 2977 μενος
425 2907 594 2980 [ὅρος]
628 2910 744 2961 ἐστὶ
780 2909 910 2978 περὶ
942 2904 1004 2964 οὗ
1035 2911 1062 2962 ό
1095 2910 1252 2978 λόγος
1281 2926 1297 2941 ·
1331 2912 1816 2984 κατηγορούμενος

221 3001 284 3054 δὲ
312 3003 343 3054 ό
373 3005 501 3072 περὶ
528 3001 622 3054 τοῦ
656 3003 1023 3072 ὑποκειμένου
1052 3001 1363 3072 λεγόμενος.
1402 3001 1530 3057 Οἷον
1551 3047 1565 3068 ,
1600 3005 1814 3074 Γρηγό-

226 3111 350 3164 ριος
391 3094 674 3164 θεολογείο
718 3095 781 3149 τὸ
823 3097 924 3167 μὲν
968 3096 1270 3166 Γρηγόριος
1312 3095 1635 3151 ὑπόκειται·
1684 3101 1814 3168 περὶ

226 3186 398 3240 αὐτοῦ
437 3187 548 3259 γὰρ
591 3190 620 3242 ὁ
659 3187 816 3256 λόγος
842 3204 855 3218 ·
899 3188 961 3242 τὸ
999 3190 1057 3243 δὲ
1098 3189 1342 3256 θεολογεί
1382 3192 1770 3261 κατηγορεῖται
1797 3209 1810 3222 ·
1841 3187 1886 3246 C

228 3281 373 3336 κατὰ
399 3281 495 3334 τοῦ
526 3282 830 3353 Γρηγορίου
862 3281 971 3352 γὰρ
999 3283 1218 3351 λέγεται
1246 3284 1308 3337 τὸ
1339 3284 1656 3355 θεολογεῖν).
1691 3285 1814 3340 Τῶν

227 3373 324 3427 οὖν
357 3374 677 3443 προτάσεων
712 3376 765 3426 αί
806 3376 907 3444 μὲν
942 3376 1303 3447 ὑποκείμενον
1336 3379 1433 3431 καὶ
1467 3379 1808 3452 κατηγορού-

234 3483 397 3534 μενον
439 3465 646 3536 ἐχουσι,
692 3466 787 3518 καὶ
829 3467 984 3520 οὐδὲν
1027 3468 1193 3522 πλέον
1220 3483 1234 3498 ⁸
1282 3470 1341 3523 at
1389 3470 1447 3523 δὲ
1491 3471 1587 3524 καὶ⁵
1629 3471 1815 3541 τρίτον

231 3560 892 3630 προσκατηγορούμενον,
931 3561 992 3614 τὸ
1030 3562 1196 3616 ἐστίν.
1225 3563 1368 3618 Ὅσα
1403 3565 1510 3637 γὰρ
1547 3564 1672 3618 καθ’
1695 3565 1815 3628 ἐνὸς

233 3652 598 3721 ὑποκειμένου
647 3653 865 3722 λέγεται
912 3655 1054 3708 κατὰ
1103 3655 1232 3724 μίαν
1279 3657 1568 3727 πρότασιν,
1619 3652 1698 3722 εἷς
1746 3660 1814 3713 τὰ

233 3744 415 3800 πάντα
441 3745 919 3816 κατηγορούμενος
943 3746 1296 3815 ὀνομάζεται.
1325 3751 1398 3802 Τὸ
1421 3749 1479 3802 δὲ
1505 3751 1620 3804 ἐστι
1647 3769 1816 3821 προσ-

231 3839 559 3911 αγορεύεται
609 3841 1233 3911 προσκατηγορούμενον
1258 3858 1274 3874 ο
1316 3837 1463 3910 οἷον,
1509 3845 1813 3916 Γρηγὸριος

230 3933 483 4002 Θεολόγος
514 3934 607 3987 καὶ
638 3932 959 4004 φυσιολόγος
990 3934 1085 3987 καὶ
1116 3935 1333 3990 πάντων
1358 3937 1466 3991 τῶν
1495 3939 1665 3994 ὄντων
1697 3942 1815 3993 ὲπι-

233 4029 461 4098 στήμων
493 4028 662 4081 ἐστίν.
707 4026 1103 4098 ’Υποκείμενος
1141 4028 1242 4097 μὲν
1273 4030 1383 4102 γὰρ
1417 4032 1539 4102 ὄρος
1573 4035 1636 4085 τὸ
1670 4033 1814 4104 Γρη-

231 4121 440 4191 γόριος.
473 4121 548 4176 Τὸ
575 4121 632 4174 δὲ
663 4121 916 4192 θεολόγος
949 4122 1044 4176 καὶ
1075 4124 1396 4194 φυσιολόγος
1417 4164 1431 4188 ,
1467 4127 1561 4178 καὶ
1593 4127 1813 4182 πάντων

230 4215 343 4268 τῶν
389 4215 561 4270 ὄντων
609 4216 970 4286 ἐπιστήμων,
1024 4219 1506 4290 κατηγορούμενος
1555 4215 1673 4286 εἷς·
1720 4229 1816 4281 καὶ

231 4309 371 4378 πρὸς
415 4308 594 4379 τούτῳ
640 4309 1120 4379 κατηγορούμενον
1167 4311 1227 4364 τὸ
1273 4312 1442 4368 ἐστίν.
1487 4316 1554 4368 Δί
1603 4315 1661 4370 δὲ
1706 4318 1816 4371 τῶν

231 4403 554 4472 προτάσεων
594 4403 691 4457 καὶ
731 4403 938 4471 τρόπον
981 4405 1384 4475 προσκείμενον
1426 4407 1678 4478 ἔχουσιν,
1721 4415 1814 4465 τὸν

227 4496 407 4592 ὅπως-
433 4493 668 4564 ὑπάρχει
712 4493 774 4548 τὸ
820 4497 1297 4567 κατηγορούμενον
1342 4499 1419 4571 τῷ
1468 4502 1812 4575 ὑποκειμένῳ
1843 4530 1890 4592 ι)

229 4588 583 4660 σημαίνοντα.

309 4686 395 4749 ιγ’.
439 4681 645 4752 Τρόποι
675 4683 733 4738 δέ
765 4686 874 4740 εισι
903 4686 966 4740 τὺ
995 4686 1316 4754 ἀναγκαῖον,
1345 4686 1408 4740 τὸ
1436 4687 1725 4754 ἀδύνατον,
1755 4691 1816 4744 τδ

227 4777 609 4848 ινδεχόμενον,
642 4777 706 4834 τὸ
723 4779 937 4846 καλῶς,
972 4779 1032 4833 τὸ
1057 4780 1267 4849 σαφῶς,
1305 4784 1402 4835 καὶ
1443 4782 1644 4853 ἔτεραο
1679 4776 1756 4838 ὧν
1786 4785 1816 4838 ό

228 4868 485 4940 ἀριθμὸς,
534 4871 696 4940 φύσει
745 4872 847 4942 μὲν
891 4871 1252 4944 περιληπτὸς,
1298 4874 1432 4944 ἡμῖν
1479 4875 1818 4949 δ’ἁπερίλη-

230 4978 391 5025 πτος.
440 4958 567 5016 Οἷον
590 5002 606 5029 ,
653 4962 981 5034 ’Δναγκαῐον
1030 4965 1124 5020 τὸν
1173 4965 1460 5038 ἄνθρωπον
1506 4969 1767 5024 ἀναπνεῖν
1794 4987 1810 5002 ·

241 5055 534 5111 Ἀδύνατον
563 5054 704 5111 εἶναι
731 5058 824 5111 τὸν
857 5059 1024 5113 ἵππον
1057 5065 1338 5131 πτερωτόν
1362 5075 1378 5092 ⁸
1413 5061 1696 5117 Βασίλειον
1727 5068 1816 5118 ἑν-

228 5149 452 5218 δέχεται
498 5151 838 5216 γονυκλιτεῖν
866 5167 883 5184 ο
928 5152 1248 5221 Ἀϐανάσιος
1298 5154 1480 5220 καλῶς
1526 5157 1770 5213 διδάσκει
1795 5175 1812 5193 ο

129 5255 134 5262 ‘
240 5242 498 5313 Ἰωάννης
528 5243 718 5313 σαφῶς
747 5243 1048 5315 ἐξηγεῖται.

305 5420 386 5475 ιδ’.
431 5421 652 5476 Τούτων
695 5425 754 5479 δὲ
801 5425 911 5478 τῶν
959 5427 1244 5499 τεσσάρων
1287 5431 1452 5500 ὅρων,
1501 5433 1669 5502 ῆγουν
1713 5431 1810 5487 τοῦ

227 5517 623 5586 ὑποκειμένου,
650 5517 744 5571 τοῦ
773 5522 1280 5590 κατηγορουμένου,
1306 5522 1402 5577 τοῦ
1431 5540 1814 5599 προσκατηγοο

233 5610 539 5681 ρουμένου,
572 5610 669 5664 καὶ
697 5610 791 5664 τοῦ
822 5611 1063 5681 τρόπου,
1097 5615 1353 5679 πλείονας
1381 5616 1484 5670 οὐκ
1515 5617 1666 5672 ἐστιν
1693 5621 1813 5674 ἑπι-

228 5702 425 5773 νοῆσαι
455 5703 592 5775 πρὸς
625 5707 752 5774 μιᾶς
785 5705 1104 5776 προτάσεως
1131 5707 1366 5776 γένεσιν.

306 5803 389 5852 ιε’.
429 5797 550 5850 Ἐπὶ
580 5799 763 5870 πάσης
786 5799 840 5853 δὲ
867 5801 1187 5870 προτάσεως
1215 5803 1244 5854 ὁ
1271 5801 1747 5874 κατηγορούμενος
1776 5804 1810 5876 ἢ

234 5891 386 5960 ῥῆμα
415 5891 681 5962 ὑπάρχειν
707 5892 952 5961 ὀφείλει,
981 5891 1015 5964 ἢ
1047 5893 1256 5961 πτῶσις
1286 5895 1568 5966 ῥήματος,
1599 5896 1632 5970 ἢ
1663 5897 1816 5967 ἀόρις

1911 588 2048 639 idem
2083 589 2432 655 praedicatum
2467 586 2720 647 efferunt,
2754 601 2930 653 Imque
2961 585 3264 638 secundum
3301 586 3491 638 Immo.

1911 683 2146 748 nymiam
2184 698 2356 747 neque
2391 681 2692 733 secundum
2728 679 2933 755 aliquid
2973 696 3164 733 eorum
3197 696 3317 748 qua:
3355 695 3488 732 rou—

1911 787 1990 825 tia
2023 775 2393 842 sophistarum
2428 773 2872 841 importttuitates
2904 773 3358 826 tletermiuumus.
3461 824 3476 838 ,

1982 956 2034 1010 9.
2071 954 2269 1008 Verum
2305 953 2590 1008 enimvero
2649 970 2773 1007 cum
2817 965 3055 1022 quatuor
3099 955 3276 1009 modis
3314 955 3493 1024 profe-

1919 1057 2070 1102 ratur
2103 1047 2417 1102 enuntiatio
2447 1047 2556 1116 (vel
2589 1047 2735 1101 enim
2782 1046 2928 1116 quod
2979 1047 3121 1102 inest
3173 1051 3329 1116 quasi
3384 1067 3491 1102 non

1912 1140 2041 1192 insit
2071 1138 2323 1193 enuntiat
2355 1138 2576 1208 aliquis,
2607 1149 2686 1205 ut,
2727 1138 2962 1194 Peccare
2999 1156 3102 1193 non
3140 1149 3223 1194 est
3252 1141 3494 1205 malum;

1913 1225 1996 1279 vel
2027 1225 2173 1295 quod
2202 1225 2345 1280 inest
2369 1229 2526 1296 quasi
2552 1230 2705 1292 insit,
2740 1227 3096 1291 ut,Peccare
3133 1231 3333 1284 inalum
3387 1243 3495 1298 est;

1913 1319 1995 1373 vel
2027 1321 2169 1389 quod
2209 1337 2318 1376 non
2349 1323 2495 1376 inest
2519 1324 2679 1392 quasi
2718 1322 2871 1388 insit,
2918 1331 3002 1384 ut.
3036 1321 3269 1377 Pecrare
3295 1325 3494 1378 bonum

1913 1413 2076 1483 270
2111 1424 2233 1479 est;
2273 1417 2356 1470 vel
2389 1416 2531 1486 quod
2569 1432 2678 1470 non
2704 1417 2867 1483 inest,
2915 1418 3070 1488 quasi
3102 1434 3209 1471 non
3238 1419 3384 1481 insit,
3418 1431 3496 1484 ut,

1915 1507 2152 1561 Peccare
2183 1523 2287 1561 non
2345 1518 2428 1562 est
2475 1509 2722 1580 bonum),
2753 1510 2881 1564 hinc
2927 1513 3048 1567 duae
3101 1514 3236 1568 fiunt
3281 1517 3498 1584 opposi-

1915 1598 2114 1661 tiones,
2183 1615 2290 1655 una
2345 1599 2564 1670 quidem
2640 1603 2792 1658 [διδῶ
2839 1607 3148 1674 negationis
3194 1609 3256 1661 ad
3316 1625 3496 1662 vrram

1913 1690 2368 1756 al'ﬁrmationem,
2405 1693 2574 1748 altera
2635 1711 2765 1750 vero
2809 1697 2957 1752 falsa:
3016 1700 3401 1753 altirmationis
3431 1701 3498 1752 ad

1915 1799 2098 1838 veram
2133 1785 2502 1855 negationem.
2531 1787 2710 1856 Atque
2733 1798 2928 1857 praater
2979 1791 3076 1845 has
3106 1790 3245 1844 duas
3276 1790 3499 1859 opposi-

1917 1875 2096 1932 tiones
2123 1877 2292 1954 .aliam
2322 1895 2390 1934 ne
2414 1880 2636 1949 quidem
2663 1881 2906 1951 cogitare
2942 1882 3086 1936 licet.

1989 2014 2077 2069 10.
2127 2012 2320 2071 Omnis
2379 2026 2561 2072 autent
2617 2019 2915 2074 afﬁrmatio
2975 2029 3058 2072 est
3115 2021 3499 2087 enuntiatim;

1915 2110 2170 2168 similiter
2195 2119 2251 2165 et
2293 2114 2477 2168 omnis
2520 2114 2759 2183 negatio.
2810 2113 2875 2168 Et
2931 2112 3104 2168 amba:
3157 2128 3285 2166 vero
3331 2115 3499 2167 etiam

1916 2201 2319 2270 pr0positiones
2351 2201 2728 2268 nominantur,
2753 2186 2920 2273 quod
2946 2204 3013 2256 ab
3052 2203 3121 2256 iis
3181 2204 3272 2270 qui
3330 2203 3500 2255 ratio-

1917 2291 2088 2346 cinari
2118 2295 2236 2362 (seu
2268 2294 2646 2365 syllogismum
2681 2296 2884 2366 facere)
2921 2297 3132 2362 volunt,
3183 2295 3500 2350 communi-
3589 2326 3606 2340 ρ

1916 2385 2019 2440 bus
2048 2388 2391 2443 orationibus
2426 2398 2822 2458 proponantur.

1990 2478 2078 2533 ll.
2112 2479 2294 2545 Quare
2328 2483 2624 2552 propositio
2642 2491 2726 2536 est
2755 2489 2766 2542 t
2791 2481 2969 2536 oratio
3017 2483 3358 2559 enuntiativa
3418 2482 3503 2535 vel

1917 2573 2151 2642 alicujus
2184 2575 2250 2630 de
2281 2576 2465 2646 aliquo
2492 2576 2572 2630 vel
2610 2575 2842 2642 alicujus
2865 2576 2934 2630 ab
2967 2575 3171 2646 aliquo.
3207 2574 3272 2629 Et
3304 2576 3501 2632 aliter:

1919 2669 2220 2739 propositio
2248 2681 2332 2725 est
2363 2671 2526 2726 unius
2559 2653 3019 2726 contradictionis
3051 2671 3340 2740 particula.

1990 2761 2078 2817 l2.
2131 2762 2306 2817 Porro
2363 2762 2795 2832 propositionum
2862 2763 2982 2818 aliae
3024 2779 3090 2819 ex
3145 2763 3389 2834 subjecto
3448 2772 3505 2818 et

1919 2854 2215 2922 praedicata
2243 2862 2457 2907 tantum
2485 2862 2766 2909 constant.
2808 2852 3014 2923 Estque
3065 2856 3346 2927 subjectus
3393 2865 3503 2911 ter-

1922 2943 2102 2998 minus
2135 2944 2202 2998 de
2231 2960 2338 3014 quo
2362 2945 2538 2999 oratio
2563 2953 2647 2999 est
2680 2963 2692 3002 :
2748 2948 3098 3015 praedicatus,
3127 2949 3221 3017 qui
3262 2946 3328 3000 de
3375 2950 3499 3002 Sllli-

1916 3037 2062 3107 jecto
2095 3037 2318 3100 dicitur,
2363 3038 2531 3104 velut,
2561 3037 2863 3107 Gregorius
2927 3040 2995 3093 de
3058 3039 3170 3093 Deo
3226 3040 3449 3096 disserit
3486 3060 3499 3095 :

1920 3133 1978 3185 τὸ
2011 3131 2308 3202 Gregorius
2343 3133 2564 3202 quidem
2589 3133 2917 3202 subjicitur:
2945 3133 3010 3188 de
3042 3149 3106 3189 eo
3148 3134 3292 3188 enim
3320 3149 3504 3190 sermo

1920 3235 2004 3283 est
2033 3242 2048 3281 :
2080 3227 2141 3279 τὸ
2171 3228 2238 3281 de
2273 3226 2385 3283 Deo
2414 3228 2654 3293 disserit,
2725 3227 3080 3298 praedicatur;
3133 3228 3199 3281 de
3238 3227 3504 3298 Gregorio

1919 3320 2064 3374 enim
2097 3321 2297 3375 dicitur
2367 3319 2427 3372 τὸ
2471 3320 2539 3374 de
2573 3319 2685 3374 Deo
2736 3320 3028 3376 disserere.
3063 3319 3503 3392 Propositionum

1920 3412 2086 3482 igitur
2115 3411 2234 3466 alia:
2263 3411 2570 3481 subjectum
2597 3424 2650 3467 et
2679 3414 3032 3482 praedicatum
3069 3415 3294 3479 habent,
3327 3427 3505 3482 neque

1918 3507 2067 3576 plus,
2105 3505 2224 3560 alire
2251 3520 2378 3559 vero
2432 3505 2594 3559 etiam
2656 3508 2874 3560 tertium
2926 3507 3373 3577 apprzedicatum,
3425 3511 3488 3561 τδ

1919 3608 2021 3655 est.
2051 3598 2184 3666 Quae
2213 3598 2373 3668 271
2414 3599 2560 3653 enim
2594 3598 2664 3653 de
2701 3614 2810 3653 uno
2838 3601 3083 3669 subjecto
3133 3601 3186 3654 in
3233 3616 3340 3654 una
3379 3616 3503 3670 pro-

1917 3694 2190 3766 positione
2226 3694 2512 3754 dicuntur,
2545 3694 2729 3748 omnia
2758 3709 2898 3748 unus
2927 3694 3256 3762 prmdicatus
3286 3695 3501 3763 (termi-

1918 3784 2045 3851 nus)
2076 3783 2447 3838 nominantur.
2483 3783 2559 3836 Τὸ
2616 3793 2699 3837 est
2721 3794 2925 3846 autem,
2963 3785 3386 3853 apprzedicatum
3411 3801 3504 3853 ap-

1917 3877 2149 3944 pellatur
2186 3876 2356 3945 velut,
2418 3877 2718 3946 Gregorius
2776 3879 3061 3948 theologus
3115 3889 3169 3932 et
3226 3879 3503 3950 physiolo-

1919 3982 2044 4036 gus,
2091 3976 2146 4023 et
2179 3969 2424 4022 oumium
2455 3969 2663 4022 eutium
2700 3969 2882 4025 sciens
2916 3979 3020 4024 est.
3073 3969 3148 4023 Τὸ
3203 3969 3502 4039 Gregorius

1918 4065 2062 4118 enim
2089 4061 2371 4131 subjectus
2425 4064 2694 4117 terminus
2736 4071 2867 4117 est:
2939 4072 2994 4117 at
3066 4063 3128 4115 τὸ
3189 4063 3498 4132 theologus,

1919 4157 2296 4227 physiologus,
2327 4166 2382 4210 et
2416 4157 2662 4210 omnium
2710 4159 2914 4209 eutiunt
2941 4157 3142 4222 sciens,
3178 4173 3320 4211 unus
3369 4174 3504 4224 pra:-

1919 4251 2134 4306 dicatus
2163 4265 2176 4305 :
2205 4257 2260 4303 et
2299 4249 2442 4319 quod
2474 4248 2543 4302 ad
2595 4249 2706 4301 haec
2741 4247 3073 4316 praedicatur
3126 4248 3190 4300 τὸ
3222 4259 3323 4301 eu.
3370 4249 3504 4301 Alia:

1919 4354 2102 4397 autem
2147 4343 2556 4414 propositiones
2607 4341 2775 4394 etiam
2824 4341 3044 4395 modum
3099 4341 3372 4408 adjectum
3415 4341 3506 4393 ha-

1921 4438 2070 4501 bent,
2093 4437 2367 4508 quomodo
2411 4436 2769 4507 praedicatum
2816 4435 3069 4506 subjecto
3113 4435 3243 4490 insit
3290 4431 3502 4503 signiti-

1917 4538 2154 4585 cantem.
2578 4534 2593 4543 ’

1993 4689 2082 4745 19.
2145 4688 2400 4758 Suntque
2465 4686 2609 4742 modi
2672 4686 3074 4751 necessarium,
3137 4683 3500 4755 impossibile,

1920 4783 2267 4853 contingens.
2305 4782 2548 4851 pulchre,
2580 4783 2895 4850 perspicue,
2927 4791 2983 4834 et
3012 4790 3205 4836 caztera
3233 4795 3500 4851 :quorum

1922 4888 2189 4930 numerus
2217 4880 2412 4926 natura
2435 4872 2654 4942 quidem
2701 4880 2786 4925 est
2833 4871 3364 4941 comprehensibilis,
3399 4890 3502 4928 uo-

1921 4967 2008 5024 bis
2039 4975 2225 5022 autem
2272 4964 2868 5033 incomprehensibilis.
2921 4962 3080 5019 Velut
3129 4968 3498 5020 necessarium

1919 5073 2004 5118 est
2030 5062 2310 5116 hominem
2332 5058 2968 5128 respirare,impossihile
2979 5072 3063 5113 est
3087 5061 3356 5113 hominem
3377 5076 3501 5116 esse

1920 5159 2150 5219 alatum,
2189 5153 2452 5209 Basilium
2494 5150 2764 5220 contingit
2807 5151 3166 5221 ingeniculari
3199 5167 3293 5206 seu
3322 5168 3499 5221 genua

1919 5247 2137 5304 nectere
2169 5265 2184 5301 :
2216 5246 2547 5300 Athanasius
2601 5243 2828 5314 pulchre
2873 5243 3054 5308 docet,
3089 5241 3325 5299 Joannes
3373 5259 3501 5314 per-

1922 5344 2112 5412 spicue
2139 5342 2416 5410 explanat.

1997 5435 2086 5490 M.
2123 5435 2188 5488 Et
2239 5435 2423 5502 plures
2474 5433 2626 5487 hisce
2687 5431 2940 5486 terminis
2983 5446 3181 5502 nempe
3228 5430 3498 5502 subjecto,

1920 5528 2236 5602 praedicata,
2271 5527 2659 5595 apprzedicato.
2692 5534 2748 5581 et
2775 5525 2935 5580 modo
2973 5525 3039 5579 ad
3061 5525 3221 5579 ιιιιὶιιε
3249 5526 3501 5597 proposi-

1923 5622 2092 5679 tionis
2126 5622 2577 5678 constitutionem
2606 5621 2922 5690 excogitare
2961 5635 3070 5674 non
3104 5620 3252 5676 licet.

1991 5802 2081 5858 15.
2114 5802 2382 5859 Caeterum
2433 5803 2486 5857 in
2542 5802 2694 5858 omni
2759 5803 3131 5874 propositione
3178 5800 3502 5872 [medicatus

1927 5894 2200 5952 terminus
2234 5903 2329 5951 aut
2371 5894 2620 5963 verbum,
2651 5905 2746 5952 aut
2793 5911 2956 5952 casus
2987 5895 3155 5964 verbi,
3188 5902 3283 5950 aut
3321 5895 3502 5951 inﬁni-
