3868 6362
351 372 457 438 899

1524 370 1957 435 NICEPIIOBI
1986 374 2425 437 BLEMMIDAZ

3521 371 3625 435 900

352 500 466 543 tum
503 488 724 544 verbum
760 500 883 543 esse
907 486 1069 542 debet
1101 502 1116 541 :
1152 484 1315 555 272
1363 483 1648 555 subjectus
1680 499 1812 541 vero
1842 493 1937 540 aut

2055 501 2165 538 ςτον
2209 487 2363 557 ῥῆμα
2391 504 2404 518 ’
2448 491 2476 541 ό
2516 486 2562 540 δ’
2589 486 2968 556 ὑποκείμενος,
3018 486 3051 557 ἢ
3100 486 3293 557 ὅνομα,
3334 486 3368 557 ἢ
3416 487 3617 546 πτῶσις

351 597 551 637 nomen
579 589 674 636 aut
707 595 870 637 casus
898 581 1163 647 nominis,
1196 591 1292 635 aut
1320 578 1595 635 inﬁnitum
1619 594 1819 635 nomen
1837 584 1932 632 aut

2055 580 2321 649 ινόματος,
2363 581 2396 652 ἢ
2443 582 2693 648 ἀόριστον
2735 581 2929 649 ὄνομα,
2971 580 3005 650 ἢ
3050 579 3208 647 λόγος
3248 579 3316 632 ἑκ
3360 578 3611 631 πλειόνων

352 675 531 728 oratio
553 690 620 729 ex
651 673 900 744 pluribus
941 673 1260 729 nominibus
1286 672 1622 742 composita.

382 814 389 819 .
428 767 516 821 16.
556 765 743 821 Diﬁ‘ert
770 776 951 821 autem
985 780 1182 821 nomen
1212 780 1242 819 a
1292 780 1426 820 casu
1476 764 1744 828 nominis,
1784 762 1934 832 quod

350 858 486 914 illud
522 858 749 930 quidem,
773 867 923 914 recto
950 873 1080 914 casu
1125 857 1404 928 profertur
1448 867 1504 912 et
1553 871 1752 912 nomen
1782 854 1939 911 dici-

352 962 464 1018 tur,
490 960 572 1020 ut,
603 950 776 1007 Judas
805 960 889 1007 est
919 951 1219 1022 proditor;
1248 951 1344 1006 sed
1372 948 1613 1005 nominis
1631 946 1934 1004 secundum

349 1043 608 1114 obliquos
663 1043 825 1106 alios,
878 1043 1219 1115 genitivum,
1267 1043 1536 1107 dativum,
1559 1040 1935 1097 accusativum

353 1138 607 1208 prolatio,
637 1150 802 1191 casus
859 1136 1096 1190 nominis
1144 1145 1391 1201 vocatur,
1444 1135 1594 1205 quod
1640 1131 1803 1203 quasi
1865 1147 1936 1188 ex

355 1232 567 1300 integro
596 1243 694 1285 seu
733 1239 887 1284 recto
934 1227 1222 1283 ceciderit.
1244 1225 1426 1293 Velut,
1455 1226 1688 1283 Virtutis
1723 1224 1940 1281 studio-

354 1336 476 1376 sum
507 1334 631 1375 esse
651 1321 861 1389 justum
884 1328 1001 1384 est;
1032 1316 1168 1372 Cum
1193 1317 1417 1372 Christo
1448 1316 1556 1388 pati
1587 1317 1721 1372 utile
1743 1332 1761 1385 ;
1783 1316 1936 1373 Diem

356 1413 736 1471 retributionis
761 1413 1035 1485 attingere
1069 1426 1300 1468 necesse
1328 1420 1438 1468 est.

426 1593 516 1650 l7.
546 1594 738 1650 Diﬁ‘ert
774 1604 959 1649 autem
1014 1593 1182 1648 etiam
1231 1592 1460 1649 verbum
1493 1607 1524 1647 a
1579 1608 1714 1650 casu
1762 1594 1940 1659 verbi,

353 1688 498 1756 quod
521 1689 747 1745 verbum
770 1688 993 1758 quidem
1025 1700 1268 1758 praesens
1314 1696 1537 1758 tempus
1560 1687 1824 1753 declarat,
1858 1697 1940 1751 ut,

356 1782 557 1837 Paulus
580 1783 942 1837 concionatur
967 1797 985 1851 ;
1015 1781 1113 1838 sed
1142 1781 1295 1836 verbi
1316 1795 1486 1837 casus
1513 1795 1640 1836 cum
1690 1782 1943 1852 prmeri-

352 1886 465 1930 tum
500 1888 613 1929 tum
636 1876 909 1941 futurum,
959 1875 1111 1931 velut
1144 1873 1341 1932 Petrus
1387 1877 1627 1947 negavit,
1671 1875 1937 1933 Diabolus

356 1971 651 2040 punietur.

426 2061 513 2116 18.
554 2060 659 2118 Ubi
692 2062 859 2133 igitur
889 2070 1121 2132 uterque
1158 2062 1429 2117 terminus
1470 2076 1659 2117 eorum
1692 2064 1785 2132 qui
1812 2079 1939 2135 pro-

354 2157 661 2228 postiopem
694 2157 992 2226 complent,
1030 2171 1195 2213 unam
1242 2157 1486 2228 aliquam
1548 2167 1802 2213 naturam
1841 2160 1938 2214 de-

252 2314 257 2319 .
352 2248 551 2316 clarat,
583 2250 867 2319 subiectus
894 2259 950 2304 et
992 2246 1366 2319 praedicatus;
1419 2250 1560 2307 hanc
1598 2249 1937 2319 propositio-

354 2357 477 2396 nem
519 2357 682 2396 unam
714 2342 972 2407 dicimus,
1006 2342 1138 2398 licet
1164 2351 1336 2397 totam
1365 2341 1745 2397 deﬁnitionem
1776 2358 1938 2399 acce—

354 2434 597 2502 perimus
631 2448 729 2500 pro
759 2434 1009 2503 subjecto
1038 2442 1132 2488 aut
1159 2448 1258 2504 pro
1288 2434 1608 2505 praedicata,
1641 2444 1736 2489 aut
1769 2436 1935 2491 etiam

355 2524 609 2580 similiter
638 2540 738 2594 pro
788 2534 1044 2596 utroque.
1096 2523 1277 2581 Veluti
1330 2526 1379 2581 si
1438 2527 1639 2582 dixerit
1693 2526 1935 2599 aliquis:

354 2618 573 2672 Animal
604 2618 896 2681 rationale,
935 2617 1188 2684 mortale,
1220 2618 1591 2686 intelligentia:
1609 2626 1662 2674 et
1693 2618 1937 2674 scientia:

355 2726 547 2780 capax.
577 2710 987 2766 estsubstantia
1029 2711 1286 2775 animata,
1324 2714 1589 2780 sensus}et
1617 2712 1780 2785 273
1814 2727 1940 2782 pro-

354 2807 661 2874 gressionis
691 2807 988 2875 particeps.
1023 2804 1122 2862 llic
1144 2807 1290 2860 enim
1318 2808 1379 2859 τὸ
1408 2807 1612 2862 animal
1646 2808 1935 2873 rationale,

358 2899 609 2962 mortale,
664 2899 1042 2969 intelligentia:
1091 2908 1147 2953 et
1183 2900 1432 2957 scientiae
1483 2916 1678 2972 capax,
1740 2902 1939 2973 subje-

351 3002 503 3047 ctum
533 3003 617 3048 est
645 3010 661 3059 ;
690 2995 835 3063 quod
882 3003 939 3046 ut
967 3009 1135 3048 unum
1169 3008 1368 3051 nomen
1394 3004 1699 3066 reputatur,
1722 2996 1937 3052 tametsi

355 3101 420 3138 ex
454 3086 639 3140 multis
665 3087 899 3142 vocibus
933 3086 1314 3155 signiﬁcativis
1356 3089 1753 3158 compositum.
1782 3089 1853 3144 At
1878 3089 1940 3142 τὸ

2034 671 2317 741 όνομάτων
2353 673 2735 742 συγκείμενος.

2107 763 2205 831 ις’.
2246 768 2505 837 Διαφέρει
2535 770 2594 821 δὲ
2624 769 2683 820 τὺ
2715 768 2889 834 ό-,ομα
2918 766 3021 836 τῆς
3049 765 3144 819 τοῦ
3177 765 3445 833 ὀνόματος
3481 761 3628 816 πτώο

1994 936 2001 943 .
2037 878 2176 923 σεως
2196 902 2211 926 ,
2242 861 2324 914 ὅτι
2354 861 2414 913 τὸ
2449 861 2549 929 μὲν
2579 859 2699 915 κατ’
2726 859 2942 912 εὐθεῖαν
2973 859 3275 927 φερόμενον
3297 900 3311 921 ,
3339 858 3510 925 ὄνομα
3542 856 3629 909 λέ-

2035 970 2192 1021 γεται
2217 970 2231 985 ο
2272 947 2416 1018 οἷον,
2453 954 2513 1006 '0
2550 953 2752 1015 Ἰούδας
2788 953 3051 1024 προδότης
3112 952 3285 1006 ὲστίνο
3321 952 3356 1022 ή
3391 951 3450 1004 δὲ
3485 950 3631 1003 κατὰ

2035 1048 2135 1112 τὰς
2170 1048 2338 1108 ἄλλας
2373 1049 2610 1116 πλαγίας
2644 1047 2896 1119 προφορὰ
2926 1047 3019 1101 τοῦ
3053 1047 3338 1116 ὀνόματος,
3372 1046 3632 1114 γενικὴ-ι,

2037 1142 2255 1212 δοτικὴν
2296 1143 2392 1195 καὶ
2435 1143 2767 1211 αἰτιατικὴν,
2809 1141 3019 1204 πτῶσις
3067 1142 3317 1195 καλεῖται
3359 1140 3634 1209 ὀνόματος

2036 1233 2113 1299 ῶς
2155 1237 2220 1289 ὲκ
2256 1235 2358 1304 τῆς
2397 1234 2565 1306 ὀρθῆς
2606 1236 2784 1289 εἰτουν
2824 1235 3045 1297 εὐθείας
3089 1235 3433 1287 πεπτωκυϊα.
3477 1227 3629 1293 Οἷον,

2040 1328 2153 1397 Τῆς
2183 1327 2387 1397 ἀρετῆς
2421 1328 2704 1398 ἐξέχεσθαι
2736 1326 2948 1380 δίκαιον
2969 1343 2985 1358 θ
3022 1326 3114 1396 Τῷ
3148 1325 3370 1397 Χριστῷ
3405 1324 3634 1391 συμπαο

2044 1439 2192 1491 σχειν
2216 1421 2515 1493 ὠφέλιμον·
2544 1420 2650 1477 Τὸν
2674 1420 2865 1492 καιρὸν
2890 1421 2989 1490 τῆς
3019 1419 3433 1484 ἁνταποδόσεως
3458 1421 3636 1487 ἀναγ-

2043 1514 2199 1566 καῖον
2230 1513 2504 1567 καταλαϐε
2512 1515 2586 1569 ἵν.

2113 1605 2217 1671 κζ’.
2258 1607 2543 1678 Διενήνοχε
2576 1607 2632 1661 δὲ
2665 1607 2760 1661 καὶ
2793 1608 2948 1677 ῥῆμα
2980 1606 3243 1670 πτώσεως
3275 1607 3522 1679 ῥήματος
3553 1605 3637 1677 τῷ

2044 1698 2105 1750 τὸ
2151 1696 2252 1767 μὲν
2288 1698 2441 1769 ῥῆμα
2476 1699 2568 1751 τὸν
2604 1699 2878 1751 ἐνεστῶτα
2920 1700 3115 1769 χρόνον
3149 1699 3384 1770 δηλοῦν,
3418 1698 3496 1762 ὡς
3529 1699 3593 1752 τὸ
3614 1738 3633 1761 .

2047 1789 2260 1853 Παῦλος
2305 1790 2614 1861 δημηγορεῖ
2638 1806 2653 1822 ο
2701 1792 2801 1862 τὴν
2843 1791 2901 1844 δὲ
2944 1790 3041 1845 τοῦ
3089 1792 3337 1862 ῥήματος
3383 1792 3633 1852 πτῶσιν.

2045 1884 2136 1936 τὸν
2176 1881 2594 1953 παρεληλυθότα
2633 1900 2691 1937 τε
2734 1887 2830 1937 καὶ
2870 1886 2962 1937 τον
3008 1884 3296 1953 μέλλοντα.
3333 1880 3484 1948 Οἷον,
3525 1886 3636 1938 [ιὲ-

2041 1994 2168 2048 τρος
2199 1978 2480 2048 ἠρνήσατο
2505 1993 2521 2010 ο
2555 1978 2813 2041 Διάϐολος
2841 1979 3266 2049 κολασθήσεται.

2110 2075 2219 2140 κη’.
2258 2070 2430 2124 Ἔνθα
2480 2072 2577 2142 μὲν
2619 2070 2714 2125 οὖν
2760 2071 3023 2145 ἑκάτερος
3065 2073 3189 2143 ὄρος
3229 2072 3338 2126 τῶν
3376 2073 3634 2141 συμπλη-

2044 2165 2281 2235 ρούντων
2304 2165 2407 2236 τὴν
2434 2166 2700 2236 πρότασιν
2732 2167 2863 2233 μιᾶς
2887 2182 3032 2229 τινος
3066 2167 3284 2234 φύσεώς
3316 2167 3435 2220 ἐστι
3461 2167 3637 2237 δηλωο

2039 2262 2209 2321 τικδς,
2257 2257 2284 2308 ό
2328 2258 2687 2326 ὑποκείμενος
2734 2257 2828 2311 καὶ
2873 2260 2900 2311 ὁ
2948 2259 3449 2329 κατηγορούμενος,
3504 2258 3637 2326 μίαν

2039 2351 2271 2419 λέγομεν
2320 2348 2463 2404 εἶναι
2515 2351 2721 2421 ταύτην
2770 2352 2868 2421 τὴν
2916 2353 3203 2423 πρότασιν,
3248 2356 3352 2404 xiv
3400 2354 3638 2422 ὁρισμὸν

2039 2445 2160 2498 ὅλον
2186 2443 2445 2515 λάϐωμεν
2475 2445 2839 2516 ὑποκείμενον
2868 2447 2901 2515 ἢ
2934 2446 3438 2516 κατηγορούμενον,
3471 2447 3504 2514 ἢ
3535 2450 3637 2497 καὶ

2039 2540 2386 2611 ἀμφοτέρους
2419 2540 2641 2611 ὁμοίως.
2688 2540 2775 2604 Ὡς
2809 2541 2903 2594 ἐὰν
2931 2541 3060 2611 εἴπῃ
3090 2558 3195 2605 τις,
3220 2540 3299 2594 Τὸ
3322 2540 3464 2603 ζῶον
3487 2540 3639 2608 λογιο

2045 2633 2138 2686 κὸν
2154 2633 2370 2705 θνητὸν,
2390 2634 2482 2688 νοῦ
2510 2637 2608 2688 καὶ
2636 2636 2966 2705 ἐπιστήμης
2993 2634 3427 2699 δεκτικδνρὺσία
3458 2633 3641 2701 ἔμψυ-

2040 2743 2134 2796 χος
2175 2726 2468 2798 αἰσθητικὴ
2514 2727 2853 2799 μεταὸατική
2905 2729 3074 2781 ἐστιν.
3117 2725 3387 2782 Ἐνταῦθα
3430 2728 3538 2796 γὰρ
3574 2729 3642 2779 τὸ

2041 2819 2180 2884 ζῶον
2198 2820 2440 2898 λογικὸν,
2487 2820 2703 2892 θνητὸν,
2753 2820 2846 2874 νοῦ
2894 2822 2989 2874 καὶ
3033 2821 3346 2892 ἐπιστήμης
3388 2819 3643 2874 δεκτικὸν

2041 2912 2404 2984 ὑποκείμενόν
2444 2918 2616 2978 ἔστιν,
2649 2916 2725 2979 ὡς
2757 2915 2817 2968 ἒν
2832 2915 3182 2985 λογιζόμενον
3212 2915 3409 2986 ὄνομα,
3442 2915 3544 2968 κᾶν
3574 2917 3644 2966 ἐκ

2043 3006 2256 3060 πολλῶν
2284 3007 2479 3076 φωνῶν
2510 3010 2869 3078 σημαντικῶν
2899 3008 3120 3080 ὕπερχῃ
3152 3010 3534 3078 συγκείμενον.
3565 3008 3643 3059 ’1ο

2042 3098 2276 3154 Stabula
2305 3101 2572 3172 ἔμψυχος,
2589 3101 2907 3171 αἰσθητικὴ,
2943 3102 3305 3173 μεταῦατικὴ,
3330 3103 3492 3156 τοὶτο
3505 3106 3641 3172 σύμ-

355 3179 939 3244 substantia_animata,
954 3196 1150 3235 sensus
1166 3190 1219 3235 et
1233 3180 1629 3251 progressionis
1646 3186 1939 3255 particeps;

2055 3211 2156 3247 παν
2183 3195 2662 3266 κατηγορούμενον
2686 3211 2703 3229 ο
2731 3196 2760 3249 ὃ
2787 3195 2851 3264 δὴ
2883 3196 3024 3264 μετὰ
3044 3196 3142 3251 τοῦ
3172 3196 3291 3250 εστι
3324 3213 3646 3267 προσκατη-

359 3277 462 3326 hoc
485 3287 667 3337 onme,
697 3272 1052 3343 praedicatum
1078 3284 1163 3330 est
1185 3290 1201 3343 ;
1227 3276 1373 3346 quod
1415 3290 1549 3333 sane
1577 3291 1702 3332 cum
1732 3292 1943 3348 apprzc-

355 3367 537 3420 dicato
569 3374 670 3432 est,
705 3381 875 3420 unum
913 3366 1146 3423 verbum
1169 3367 1431 3425 efﬁcitur.

430 3455 520 3509 l9.
549 3454 651 3513 Ubi
679 3465 860 3511 autem
897 3457 1159 3511 alteruter
1215 3457 1574 3512 terminorum
1622 3459 1806 3527 plures
1860 3474 1946 3515 res

358 3547 652 3618 signiﬁcat,
688 3549 871 3619 plures
905 3550 1309 3620 propositiones
1367 3565 1492 3604 esse
1551 3550 1811 3614 dicimus,
1861 3561 1944 3607 at-

357 3656 465 3710 que
519 3649 598 3695 tot
645 3651 780 3708 quot
837 3657 1065 3697 numero
1118 3642 1427 3713 signiﬁcata
1484 3650 1657 3708 sunt;
1729 3642 1943 3697 tametsi

360 3734 477 3789 haec
506 3735 574 3789 ab
610 3751 722 3790 uno
748 3735 970 3791 nomine
1029 3736 1429 3806 signiﬁcentur.
1470 3736 1656 3794 Veluti
1711 3739 1757 3792 si
1796 3737 1949 3794 dixe-

360 3828 430 3883 rit
457 3827 659 3898 aliquis
694 3845 708 3882 :
740 3828 875 3897 Aiax
905 3844 1031 3885 cum
1081 3829 1316 3886 Hectore
1363 3830 1513 3886 solus
1550 3831 1872 3898 dccertarit,
1899 3831 1946 3889 si

361 3935 468 3976 non
498 3920 943 3979 determinaverit
974 3923 1203 3993 Ajacum
1239 3924 1308 3979 de
1344 3933 1470 3979 utro
1496 3925 1603 3983 sibi
1639 3941 1824 3983 sermo
1848 3928 1944 3984 sit.

362 4012 515 4070 lianc
549 4016 694 4070 enim
729 4017 1161 4088 propositionem
1187 4032 1370 4084 nemo,
1410 4018 1629 4088 opinor,
1654 4032 1948 4078 accuratus

364 4121 527 4160 unam
560 4107 726 4172 dicet,
768 4123 890 4180 quae
923 4116 1146 4179 propter
1194 4109 1606 4184 bomonymiam
1640 4121 1696 4167 ct
1750 4113 1946 4168 falsum

362 4206 417 4253 et
446 4215 636 4257 verum
666 4201 829 4259 simul
859 4202 1015 4259 dicit.

429 4381 523 4436 20.
553 4379 676 4436 Jam
706 4398 836 4438 vero
866 4383 1175 4454 propositio
1203 4394 1259 4440 et
1309 4387 1617 4443 enuntiatio
1657 4395 1711 4455 et
1734 4389 1950 4445 insum-

361 4476 438 4531 tia
464 4484 519 4531 et
545 4476 833 4531 conclusio
885 4476 1136 4547 subjecto
1203 4479 1421 4549 quidem
1475 4482 1614 4535 nihil
1665 4482 1947 4549 diﬁ‘erunt,

2049 3287 2386 3358 γορουμένου
2419 3288 2575 3359 ῥῆμα
2604 3290 2816 3358 γίνεται
2846 3289 2926 3344 ἓν.

2125 3479 2211 3533 ιθ¹.
2258 3477 2427 3530 Ἔνθα
2461 3477 2519 3530 δὲ
2554 3476 2822 3530 πλειόνων
2860 3473 3239 3546 πραγμάτων,
3275 3474 3648 3545 ὁποτεγιοσοῦν

2048 3571 2157 3624 τῶν
2189 3571 2330 3641 ὅρων
2366 3568 2709 3640 σημαντικός
2738 3568 2897 3633 ἐστι,
2934 3566 3157 3629 πλείους
3191 3561 3333 3619 εἰναι
3368 3566 3469 3629 τὰς
3510 3582 3647 3635 προ-

2048 3664 2237 3725 τάσεις
2269 3662 2484 3732 φαμὲν,
2518 3662 2615 3715 καὶ
2649 3658 2922 3722 τοσαύτας
2942 3699 2958 3722 ,
2991 3658 3117 3712 ὅσον
3144 3657 3206 3711 τὸ
3234 3658 3345 3710 τῶν
3377 3674 3645 3727 σημαινο·

2053 3759 2231 3829 μένων
2280 3755 2487 3825 πλῆθός
2530 3755 2686 3807 ἐστι⁸
2731 3753 2839 3807 κᾶν
2879 3752 2969 3823 ὐφ’
2997 3751 3115 3815 ἑνὸς
3157 3751 3424 3821 ὀνόματος
3463 3747 3650 3802 ταῦτα

2051 3848 2413 3920 σημαὶνηται.
2456 3847 2547 3909 Ὠς
2578 3846 2707 3899 ὅταν
2737 3845 2869 3918 εἴπῃ
2896 3861 2983 3907 τις
3005 3861 3021 3876 ·
3055 3844 3191 3907 Αἶας
3222 3842 3651 3913 ἐμονομάχησεν

2053 3941 2320 4011 Ἕκτορι,
2361 3939 2438 4010 μὴ
2478 3938 3046 4009 προσδιορισάμενος,
3087 3938 3219 4006 περὶ
3259 3937 3499 4004 ποτέρου
3532 3935 3651 3987 τῶν

2051 4033 2300 4089 Αἰάντων
2332 4033 2362 4085 ό
2400 4030 2560 4099 λόγος
2602 4029 2806 4085 αὐτῶν.
2845 4028 3066 4098 Ταύτην
3099 4029 3209 4098 γὰρ
3242 4028 3341 4098 τὴν
3375 4028 3652 4098 πρότασιν

2050 4123 2261 4188 οὐδεὶς,
2300 4116 2497 4194 οἶμαι,
2533 4122 2643 4176 τῶν
2684 4120 3057 4191 ἔξεταστικῶν
3098 4120 3230 4191 μίαν
3266 4120 3385 4191 ἐρεῖ
3416 4121 3516 4191 τὴν
3551 4123 3649 4175 καὶ

2050 4215 2401 4286 ψευδομένην
2439 4215 2557 4288 ἃμα
2600 4215 2697 4271 καί
2741 4214 3116 4297 ἀληθεύουσαν
3156 4214 3247 4268 διὰ
3286 4213 3386 4287 τὴν
3426 4217 3649 4284 ὁμωνυ-

2104 4308 2212 4363 ίαν.

2104 4325 2212 4363 ιαν.

2057 4325 2098 4380 μ
2126 4407 2199 4458 κ’.
2242 4402 2519 4471 Πρότασις
2545 4400 2603 4456 δδ
2631 4404 2727 4456 καὶ
2758 4404 3056 4475 πρόϐλημα
3086 4403 3182 4456 καὶ
3207 4402 3520 4471 ἁπόφανσις
3548 4403 3648 4456 καὶ

2053 4493 2311 4557 ινστασις
2341 4494 2438 4547 καί
2470 4492 2849 4565 συμπέρασμα
2879 4493 3027 4547 κατὰ
3061 4492 3160 4560 μὲν
3190 4491 3252 4545 τὸ
3281 4490 3647 4560 ὑποκείμενον

363 4568 682 4623 habitudine
712 4579 891 4623 autem
927 4569 1046 4633 (seu
1110 4575 1391 4641 respectu)
1445 4572 1749 4629 diﬁ‘eruut:
1783 4576 1943 4645 velut,

2055 4586 2210 4640 οὐδὲν
2252 4586 2541 4656 διαφέρει’
2588 4586 2732 4640 κατὰ
2778 4585 2969 4656 σχέσιν
3013 4585 3070 4638 δὲ
3114 4584 3425 4655 διενήνοχεν
3452 4597 3467 4612 ·
3510 4577 3648 4643 οἷον.

357 4658 558 4719 Anima
604 4672 691 4718 est
720 4664 1090 4730 immortalis;
1123 4680 1251 4720 cum
1286 4665 1509 4736 quidem
1546 4676 1606 4725 ut
1633 4682 1760 4737 pars
1788 4670 1955 4738 syllo-

358 4752 521 4823 gismi
585 4755 912 4825 assumitur,
954 4755 1260 4825 propositio
1328 4758 1684 4826 nominatur;
1742 4776 1868 4816 cum
1897 4760 1955 4821 id

363 4854 549 4901 autem
603 4847 672 4905 ad
700 4847 1113 4917 inquisitionem
1147 4849 1356 4919 profert
1376 4850 1578 4920 aliquis
1612 4860 1798 4909 utrum
1822 4868 1953 4924 ergo

359 4938 540 4992 anima
570 4947 655 4995 est
712 4941 1065 5009 immortalis,
1122 4943 1401 5012 quaestio:
1456 4943 1624 5017 274
1653 4960 1777 5002 cum
1838 4947 1953 5017 jam

359 5030 565 5100 aliquis
600 5033 929 5102 simpliciter
958 5034 1209 5089 enuntiat
1248 5035 1459 5101 dicens,
1487 5034 1686 5091 Anima
1717 5037 1947 5093 immor-

364 5122 492 5177 talis
514 5133 622 5190 est,
647 5125 1126 5183 enuntiationum
1165 5142 1328 5195 porro
1358 5128 1524 5183 instat
1545 5129 1772 5198 aliquis,
1804 5130 1950 5186 unde

363 5222 601 5277 constat,
633 5216 777 5286 quod
807 5216 990 5270 anima
1020 5216 1348 5277 immortalis
1380 5219 1473 5285 sit,
1516 5221 1779 5279 instantia
1809 5222 1949 5279 dici¢

364 5319 474 5362 tur:
494 5324 615 5361 cum
634 5310 869 5377 denique
888 5325 952 5363 ex
977 5309 1448 5379 propositionibus
1468 5314 1763 5373 collectum
1787 5315 1953 5372 luerit

369 5412 430 5458 ut
461 5420 587 5457 cum
618 5403 923 5458 dixerimus
967 5418 983 5458 :
1010 5404 1207 5459 Anima
1245 5420 1460 5475 semper
1489 5418 1777 5477 movetur;
1809 5411 1956 5479 quod

363 5511 578 5565 semper
610 5507 885 5559 movetur,
933 5504 1020 5552 est
1065 5497 1414 5565 immortale;
1469 5517 1601 5573 ergo
1653 5504 1836 5565 anima
1870 5514 1955 5563 est

371 5588 707 5655 inmortalis,
744 5599 859 5644 tum
893 5590 1177 5649 conclusio
1198 5591 1444 5653 exsistit.

2067 4679 2136 4731 Ἢ
2167 4677 2314 4748 ψυχὴ
2351 4678 2618 4741 ἀθάνατός
2652 4680 2804 4735 ἔστιν
2826 4719 2841 4744 ,
2875 4679 3004 4731 ὅταν
3038 4676 3140 4748 μὲν
3167 4676 3245 4740 ὡς
3283 4674 3647 4744 συλλογισμοῦ

2058 4772 2226 4843 μέρος
2254 4770 2625 4841 λαμϐάνηται,
2654 4773 2920 4842 πρότασις
2948 4770 3281 4840 ὀνομάζεται
3301 4784 3317 4801 ο
3349 4769 3480 4823 ὅταν
3504 4767 3550 4820 δ’
3568 4769 3647 4827 εἰς

2057 4863 2290 4936 ζήτησιν
2320 4864 2700 4935 προϐάλληταί
2729 4881 2816 4927 τις
2846 4863 2980 4917 αὐτὸ
3010 4864 3206 4930 λέγων,
3234 4857 3385 4933 ’Λρά
3416 4878 3480 4930 γε
3511 4863 3650 4914 ἀθα-

2059 4957 2222 5021 νατός
2248 4960 2398 5010 ἐστιν
2419 4959 2454 5025 ἡ
2482 4955 2665 5027 ψυχή;
2693 4956 3021 5026 πρόδλημαο
3045 4957 3248 5009 ὁπόταν
3274 4956 3330 5008 δέ
3353 4971 3438 5016 τις
3465 4954 3650 5014 ἁπλῶς

2061 5044 2433 5114 ἀποφαίνηται
2465 5045 2643 5114 λέγων
2665 5087 2680 5112 ,
2726 5046 2789 5099 Ἦ
2822 5045 2970 5118 ψυχὴ
3001 5045 3268 5106 ἀθάνατός
3302 5048 3486 5110 ἐστιν,
3518 5046 3639 5098 ἀπί-

2065 5153 2296 5207 φανσις·
2347 5140 2704 5210 ἐνισταμένου
2749 5140 2805 5194 δέ
2851 5157 3014 5203 τινος,
3060 5139 3234 5192 Πόθεν
3276 5138 3459 5208 δῆλον,
3500 5137 3576 5200 ὠς
3619 5139 3652 5206 ἡ

2062 5231 2209 5301 ψυχὴ
2266 5232 2531 5298 ἀθάνατός
2584 5235 2756 5300 ἐστιν,
2805 5232 3059 5296 ἔνστασις
3109 5234 3366 5300 λέγεταιο
3416 5232 3652 5302 ὁπηνίκα

2066 5320 2114 5373 δ’
2148 5322 2212 5373 ἐκ
2267 5322 2588 5391 προτάσεων
2651 5322 2986 5393 συναχθείη,
3040 5323 3118 5384 ὡς
3175 5323 3302 5375 ὅταν
3358 5322 3606 5391 εἴπωμεν
3638 5337 3653 5353 ο

2077 5412 2143 5464 Ἦ
2205 5411 2354 5483 ψυχή
2417 5412 2778 5484 ἀεικίνητος*
2836 5413 2899 5467 τὸ
2956 5414 3273 5485 ἀεικίνητον
3326 5414 3602 5468 ἀθάνατον
3637 5430 3654 5446 θ

2069 5506 2101 5576 ἠ
2160 5505 2310 5577 ψυχὴ
2373 5506 2481 5575 ἄρα
2543 5505 2811 5568 ἀθάνατος
2845 5521 2862 5537 ⁸
2926 5509 3053 5561 τότε
3115 5510 3379 5579 τυγχάνει
3444 5508 3652 5578 συμπέ-

2068 5617 2274 5671 ρασμα.

1966 5808 2042 5820 ~-
