3856 6358
151 415 259 480 933

1416 398 1757 460 ΕΡΙΤΟΜΕ
1798 393 2092 457 LOGICA.

3269 376 3388 442 93L

135 531 288 584 δστὶν
319 529 346 581 ὁ
382 522 763 595 συλλογισμός.
792 520 1087 592 Πρόκειται
1121 515 1253 586 γοῦν
1294 515 1424 586 ἡμῖν
1457 517 1587 575 ἴσως
1611 511 1716 564 δεῖ-

1840 511 2078 566 iositum.
2123 503 2486 578 Syllogismus
2519 499 2662 555 enim
2694 497 3006 555 orationum
3055 496 3173 564 (seu
3216 494 3392 549 ratio-

137 603 355 692 εαιτῆν
410 616 638 686 λογικὴν
689 616 869 686 ψυχὴν
925 610 1263 680 ἀεικίνητον,
1323 608 1420 662 καὶ
1473 596 1708 672 λέγομεν

140 713 316 776 οὕτως
337 729 352 744 ο
390 710 455 764 'Il
479 709 671 778 λογικὴ
697 707 846 778 ψυχὴ
877 705 1237 772 αὐτοκίνητος
1261 718 1274 732 ·
1306 701 1468 755 τοῦτο
1501 701 1712 769 πρόταο

146 823 233 869 σις
260 821 275 836 ·
311 805 371 858 τὸ
400 805 754 873 αὐτοκίνητον
805 799 1117 867 ἀεικίνητον
1149 810 1164 824 ⁸
1217 795 1383 862 ἑτέρα
1421 793 1710 863 πρότασις.

145 898 390 961 Ταύταις
431 896 523 950 οὖν
555 899 674 958 ταῖς
707 895 827 946 δυσὶ
855 891 1184 963 προτάσεσιν
1213 889 1268 953 ἐξ
1294 888 1538 953 ἀνάγκης
1567 883 1715 936 συνέ-

143 1007 309 1045 πεται
344 990 443 1057 (τὸ)
475 988 876 1056 συμπέρασμα,
912 985 996 1037 ὅτι
1036 986 1068 1054 ἡ
1121 981 1319 1050 λογικὴ
1363 981 1510 1049 ψυχὴ
1544 980 1718 1031 ἀεικί-

139 1101 324 1154 νητος.
351 1083 521 1136 Τοῦτο
552 1083 606 1136 δὲ
632 1079 699 1152 ἦν
731 1083 790 1133 τὸ
808 1082 884 1144 είς
914 1080 1076 1144 δεῖξιν
1108 1079 1300 1148 προκεί
1310 1095 1489 1145 μενον.
1524 1075 1716 1136 Ἀλλος

139 1179 308 1233 πάλιν
341 1177 700 1246 συλλογισμὸς
735 1175 882 1228 διὀῧ
913 1177 1012 1241 τὴν
1051 1171 1276 1240 λογικὴν
1298 1170 1480 1238 ψυχὴν
1517 1167 1718 1219 ἀθάνα·

137 1287 234 1325 ⁴ιιον
254 1271 568 1335 δείκνυμεν.
603 1269 667 1320 Ἠ
701 1265 894 1333 λογικὴ
924 1264 1070 1332 ψυχὴ
1107 1263 1418 1326 ἀεικίνητος
1443 1276 1455 1288 ·
1493 1256 1553 1308 τὸ
1607 1256 1720 1307 ast.-

139 1363 387 1431 κίνητον,
429 1359 738 1416 ἀθάνατονο
785 1358 820 1426 ἠ
855 1357 1048 1424 λογικὴ
1091 1353 1239 1423 ψυχὴ
1270 1352 1376 1421 ἄρα
1429 1348 1718 1405 ἀθάνατος.

140 1456 262 1510 Μία
287 1455 570 1525 πρότασις,
609 1454 674 1506 'ii
700 1449 895 1518 λογικὴ
958 1447 1106 1518 ψυχὴ
1162 1445 1503 1513 ἀεικίνητος·
1558 1441 1721 1507 ἑτέρα

145 1548 441 1616 πρότασις,
472 1546 547 1599 Τὸ
569 1546 886 1614 ἀεικίνητον
907 1543 1201 1597 ἀθάνατον.
1237 1538 1623 1606 Συμπέρασμα
1642 1532 1720 1597 δὲ,

156 1636 220 1689 'H
251 1636 443 1703 λογικὴ
475 1637 622 1706 ψυχὴ
648 1636 948 1696 ἀθάνατος
999 1635 1136 1699 ὅπερ
1187 1631 1246 1696 ἐξ
1277 1630 1524 1696 ἀνάγκης
1562 1641 1720 1692 συνη-

145 1725 450 1793 κολούθησε
486 1728 606 1790 ταῖς
637 1724 962 1796 ληφθείσαις
1016 1721 1371 1792 προτάσεσιν,
1419 1719 1607 1787 ἕτερον
1662 1713 1722 1767 ὃν

144 1819 282 1889 παρ’
313 1820 503 1880 αὐτάς.

1815 603 1968 671 mnu)
1998 609 2081 656 est
2109 599 2312 670 sylloge
2336 598 2451 667 (seu
2487 591 2778 662 collectio).
2809 590 2902 647 Est
2933 589 3190 644 nimirum
3228 585 3394 642 nobis

1812 693 2050 761 exempli
2085 691 2260 760 gratia
2299 685 2638 758 propositum
2685 684 2974 739 ostendere
2998 725 3012 748 ,
3056 679 3382 734 rationalem

1816 787 2054 841 animam
2098 798 2314 852 semper
2360 795 2482 834 esse
2544 777 2817 840 mobilem,
2876 783 2930 828 et
2985 773 3066 828 sic
3105 773 3340 825 dicimus
3371 786 3392 826 :

1818 881 2016 932 Anima
2053 875 2340 930 rationalis
2371 889 2400 928 a
2433 888 2490 926 se
2533 881 2613 923 est
2651 869 2886 923 mobilis.
2925 866 3036 920 Hoc
3078 876 3161 919 est
3192 879 3390 935 propo-

1819 972 1964 1026 sitio.
1997 968 2152 1035 Quod
2185 973 2270 1020 est
2317 980 2347 1019 a
2399 980 2456 1016 se.
2510 962 2728 1024 mobile,
2767 970 2849 1014 est
2892 974 3107 1025 semper
3140 958 3336 1011 mobile
3372 971 3388 1014 :

1821 1064 1987 1118 altera
2029 1060 2349 1130 propositio.
2391 1058 2461 1109 Ad
2493 1057 2591 1110 bas
2627 1056 2792 1123 igitur
2822 1054 2958 1105 duas
2992 1053 3390 1121 pr0positiones

1818 1173 1883 1212 ex
1923 1157 2246 1210 necessitate
2297 1153 2652 1214 consequitur
2678 1146 2958 1201 conclusio
2993 1163 3005 1198 :
3038 1146 3273 1196 animam
3307 1157 3396 1196 ra-

1821 1249 2077 1303 tionalem
2117 1261 2238 1298 esse
2267 1259 2484 1310 semper
2508 1241 2782 1293 n'obilem.
2823 1237 2935 1292 Hoc
2965 1243 3144 1288 autem
3177 1243 3297 1288 erat
3323 1233 3392 1287 ad

1823 1341 2194 1397 ostensionem
2216 1335 2570 1405 propositum.
2598 1330 2832 1384 Rursum
2854 1329 2990 1382 alius
3018 1327 3390 1397 syllogismus,

1823 1452 1930 1504 quo
1963 1435 2196 1485 animam
2230 1429 2550 1482 rationalem
2581 1425 2941 1479 immortalem
2986 1437 3109 1475 esse
3144 1421 3396 1474 ostendi-

1823 1541 1968 1580 mus.
2009 1523 2201 1576 Anima
2251 1518 2534 1572 rationalis
2577 1525 2660 1569 est
2698 1528 2912 1581 semper
2962 1511 3213 1575 mobilis;
3249 1509 3397 1580 quod

1824 1631 1906 1675 est
1937 1629 2152 1685 semper
2184 1612 2385 1665 mobile
2409 1620 2496 1664 est
2524 1609 2834 1662 immortale
2864 1625 2878 1671 ;
2933 1621 3066 1672 ergo
3096 1605 3274 1659 anima
3310 1619 3396 1660 ra-

1826 1712 2046 1766 tionalis
2114 1718 2201 1762 est
2263 1705 2609 1757 immortalis.
2663 1701 2781 1756 Una
2837 1699 3162 1768 propositio,
3213 1697 3397 1751 anima

1827 1797 2109 1855 rationalis
2147 1804 2230 1850 est
2265 1809 2478 1861 semper
2512 1790 2748 1846 mobilis.
2791 1789 3044 1844 Secunda
3076 1788 3400 1858 propositio,

142 1915 290 1984 quod
318 1924 401 1970 est
432 1930 643 1984 semper
676 1929 898 1976 moo..e.
930 1922 1014 1979 est
1061 1909 1390 1968 immortale.
1420 1905 1718 1964 Conclusio
1757 1899 2014 1967 denique,
2044 1895 2226 1949 anima
2265 1891 2548 1946 rationalis
2574 1899 2658 1972 est
2693 1888 3021 1943 immortalis
3054 1905 3066 1941 :
3135 1901 3259 1958 qua:
3331 1899 3398 1940 ex

147 2008 478 2062 necessitate
503 2009 565 2063 ad
596 2017 844 2078 sumptas
873 2007 1277 2079 propositiones
1294 2013 1588 2062 consecuta
1613 2007 1717 2063 est,
1761 2007 1884 2050 cum
1916 1994 1986 2045 ab
2023 1990 2155 2056 ipsis
2184 1988 2398 2042 diversa
2426 1987 2517 2042 sit.

209 2101 275 2167 ζ’.
304 2102 438 2154 Ποτὲ
469 2101 526 2154 δὲ
558 2102 654 2156 καὶ
676 2075 809 2156 αὐτὸ
829 2075 889 2155 τό
921 2075 1301 2172 συμπέρασμα
1325 2099 1572 2153 καλεῖται
1599 2096 1723 2148 συλ-

1901 2085 1954 2139 7.
1987 2085 2388 2150 Nonnunquam
2425 2089 2604 2133 autem
2631 2077 2794 2131 etiam
2835 2076 2949 2146 ipsa
2989 2075 3269 2130 conclusio
3293 2075 3403 2146 syl‘

141 2193 429 2263 λογισμὸς,
456 2193 531 2256 ὡς
561 2196 627 2248 τὰ
655 2195 926 2249 διεστῶτα
957 2197 1016 2249 ὲν
1037 2198 1149 2258 τοίς
1181 2195 1384 2262 λόγοις,
1434 2193 1611 2246 ιῐτουν
1658 2191 1718 2243 ὲν

141 2287 266 2345 ταῖς
295 2285 618 2354 προτάσεσι,
647 2287 775 2350 τούς
793 2287 1000 2356 ἄκρους
1038 2286 1203 2356 ὄρους
1251 2288 1418 2356 φημὶ,
1479 2287 1718 2352 συνάγον

145 2374 290 2445 ὁμοῦ
323 2380 415 2429 καὶ
450 2375 526 2440 ὡς
561 2377 819 2444 συλλέγον
849 2377 947 2449 τὴν
973 2381 1033 2431 ὲν
1069 2380 1209 2432 πᾶσι
1264 2381 1378 2441 τοῖς
1401 2379 1550 2450 ὅροις
1609 2378 1723 2430 διε-

143 2470 477 2538 σπαρμένην
503 2471 802 2535 ἀπόδειξιν.
1445 2529 1453 2538 ,
1594 2479 1597 2481 ’

215 2566 287 2629 η’.
334 2560 394 2614 '0
431 2561 610 2614 τοίνυν
666 2563 874 2634 κυρίως
929 2561 1291 2630 συλλογισμὸς
1349 2565 1378 2618 ὁ
1414 2563 1620 2624 ἁπλοῦς
1657 2565 1723 2617 ἐκ

145 2653 473 2722 προτάσεων
505 2655 826 2709 συνίσταται
845 2655 956 2722 δύο,
991 2657 1084 2710 καὶ
1107 2655 1203 2709 τοῦ
1229 2658 1721 2727 συμπεράσματος.

144 2743 298 2797 Οίδὲ
333 2746 577 2800 σύνθετοι
614 2748 963 2818 συλλογισμοὶ
999 2751 1061 2801 ἐκ
1095 2749 1360 2802 πλειόνων
1408 2751 1723 2821 προτάσεων

147 2836 495 2905 σύγκεινται.
527 2840 767 2892 Δυνατδν
792 2843 898 2908 γὰρ
929 2842 990 2894 ὲκ
1019 2842 1128 2894 τῶν
1158 2841 1467 2912 εἰρημένων
1534 2843 1723 2896 συλλο-

144 2931 392 3001 γισμῶν,
441 2931 540 2984 ενα
593 2932 887 2994 συνθέντας
937 2935 1135 2987 εἰπεῖν.
1210 2933 1275 2986 Ἦ
1335 2933 1529 3005 λογικὴ
1573 2934 1724 3005 ψυχὴ

147 3022 512 3092 αὐτοκίνητος
546 3037 560 3053 ⁶
597 3023 658 3076 τὸ
701 3024 1056 3095 αὐτοκίνητον
1086 3024 1428 3096 ἀεικίνητον
1460 3027 1523 3079 τὸ
1554 3027 1727 3080 ἀεικίο

147 3131 314 3185 νητον
347 3115 616 3170 ἀθάνατον
635 3133 650 3149 ο
689 3119 724 3188 ἠ
753 3117 943 3188 λογικὴ
976 3118 1124 3190 ψυχὴ
1155 3118 1263 3190 ἄρα
1289 3119 1579 3186 ἀθάνατος.

205 3375 277 3434 0'.
302 3377 460 3432 nam
489 3376 548 3432 δὲ
576 3377 837 3448 πρότασις
887 3372 949 3440 ἐξ
991 3375 1359 3446 ὑποκειμένου
1423 3378 1518 3430 καὶ
1557 3396 1726 3448 κατη-

1823 2179 2092 2249 logismns
2122 2176 2286 2246 317
2327 2184 2573 2237 vocatur,
2627 2181 2682 2224 nt
2724 2187 2845 2240 quae
2885 2170 3141 2223 distantia
3183 2169 3235 2222 in
3277 2184 3403 2222 ora-

1822 2270 2188 2327 tionibussive
2215 2270 2267 2322 in
2296 2265 2780 2337 propositionibus.
2816 2273 3113 2326 extremos,
3148 2262 3397 2330 inquam,

1823 2367 2110 2431 terminos,
2150 2364 2204 2417 in
2235 2377 2404 2417 unum
2439 2368 2624 2429 cogat,
2656 2367 2710 2413 et
2739 2359 3039 2427 dispersam
3059 2357 3114 2411 in
3148 2354 3404 2412 omnibus

1823 2459 2070 2515 terminis
2109 2456 2631 2511 demonstrationem
2672 2454 2832 2523 quasi
2881 2452 3124 2521 colligat.

1896 2553 1952 2608 8.
1979 2552 2080 2618 Qui
2112 2553 2276 2619 igitur
2303 2549 2522 2620 proprie
2557 2558 2641 2600 est
2668 2547 3039 2617 syllogismus,
3063 2543 3405 2612 nempesim-

1823 2642 1968 2712 plex.
2023 2658 2086 2695 ex
2143 2641 2360 2694 duabus
2418 2636 2890 2707 propositionibus
2944 2645 2998 2688 et
3043 2635 3407 2690 conclusione

1824 2731 2198 2786 constituitur.
2228 2731 2331 2794 Qui
2368 2737 2548 2782 autem
2585 2723 2875 2794 compositi
2909 2733 3035 2776 sunt
3067 2719 3404 2791 syllogismi,

1824 2841 1888 2881 ex
1929 2825 2181 2895 pluribus
2240 2820 2711 2892 propositionibus
2769 2824 3048 2872 constant.
3103 2817 3407 2870 Possumus

1824 2921 1968 2976 enim
1999 2935 2062 2973 ex
2093 2918 2252 2973 dictis
2281 2915 2616 2988 syllogismis
2636 2930 2745 2968 uno
2769 2913 3021 2967 coniecto
3045 2912 3246 2976 dicere,
3286 2911 3407 2965 ani-

1828 3029 1914 3068 ma
1952 3012 2232 3066 rationalis
2261 3023 2345 3066 est
2377 3025 2407 3064 a
2445 3026 2505 3065 se
2541 3010 2802 3064 mobilis:
2841 3007 2986 3078 quod
3027 3021 3056 3060 ιι
3091 3022 3149 3060 se
3179 3013 3264 3060 est
3291 3020 3409 3060 mo-

1827 3099 1958 3166 bile,
1995 3109 2077 3153 est
2108 3114 2325 3168 semper
2350 3099 2549 3153 mobile
2580 3115 2596 3150 :
2639 3098 2780 3167 quod
2815 3108 2898 3153 est
2937 3112 3153 3166 semper
3185 3097 3406 3161 mobile,

1826 3200 1909 3246 est
1950 3190 2281 3245 immortale.
2320 3189 2462 3259 Ergo
2508 3190 2687 3244 anima
2722 3187 3002 3246 rationalis
3039 3196 3124 3242 est
3177 3185 3410 3241 immor-

1829 3285 1978 3340 talis.

1899 3378 1953 3432 9.
1996 3377 2265 3433 Caeterum
2330 3377 2510 3432 omnis
2566 3377 2872 3447 propositio
2928 3391 2995 3431 ex
3053 3376 3308 3446 subiecto
3354 3384 3410 3431 ct

147 3473 498 3541 γορουμένου
532 3472 880 3523 συνίσταται·
913 3469 964 3524 οἳ
1030 3471 1182 3534 μόνοι
1223 3470 1316 3522 καὶ
1363 3469 1479 3540 ὅροι
1520 3471 1723 3542 κυρίως

1840 3471 2125 3540 prmdicato
2163 3471 2541 3534 constituitur,
2580 3468 2672 3537 qui
2704 3468 2868 3522 etiam
2907 3469 3008 3522 soli
3047 3470 3268 3539 proprie
3299 3476 3412 3524 ter-

156 3565 323 3617 εἰσιν.
349 3563 441 3626 El;
473 3563 669 3627 αὐτοὺς
698 3565 809 3633 γὰρ
837 3562 1184 3634 ἀναλύεταιὴ
1218 3562 1500 3633 πρότασις,
1536 3563 1612 3626 ὡς
1647 3565 1724 3626 είς

147 3674 278 3710 τινα
307 3657 550 3723 στοιχεῖα
578 3655 672 3708 καὶ
701 3655 924 3725 πρώτας
953 3655 1152 3726 ἀρχάς.

225 3754 280 3803 ι’.
315 3749 425 3802 Kal
459 3749 487 3800 ὁ
513 3749 611 3816 μὲν
642 3747 1122 3816 κατηγορούμενος
1182 3747 1214 3817 ἢ
1259 3747 1460 3818 μείζων
1519 3749 1725 3817 ὀφείλει

148 3836 300 3894 εἶναι
329 3838 423 3893 τοῦ
459 3839 847 3905 ὑποκειμένου,
873 3840 906 3910 ἦ
935 3841 1076 3904 ἴσος·
1110 3841 1350 3894 ἐλάττων
1369 3842 1423 3895 δὲ
1450 3841 1722 3910 οὐδαμῶς

145 3934 257 3988 6δέ
294 3949 358 4002 γε
390 3933 748 4002 ὑποκείμενος
793 3932 826 4004 ἢ
858 3933 1158 4005 ἰλάττωνῆ
1228 3935 1374 3998 ἶσοςο
1411 3933 1616 4004 μείζων
1669 3934 1726 3986 δὲ

147 4027 286 4079 οὑδα
297 4025 436 4096 μῶς.

226 4123 323 4172 ια’.
361 4117 535 4172 Ὀταν
560 4117 658 4186 μὲν
684 4115 777 4170 οὖν
813 4118 876 4172 ὲκ
906 4115 1000 4170 τοῦ
1044 4117 1406 4187 ὑποκειμένου
1441 4119 1576 4190 πρὸς
1639 4119 1729 4172 τὸν

146 4211 638 4280 κατηγορούμενον
673 4209 986 4280 ἑρχώμεθα,
1005 4210 1226 4278 λέγεται
1260 4214 1318 4264 ἰν
1348 4211 1476 4281 ὅλῳ,
1507 4211 1580 4275 ὡς
1603 4212 1730 4265 ὅταν

148 4303 437 4372 εἴπωμεν·
479 4303 546 4354 Ἦ
600 4299 794 4373 λογικὴ
846 4303 996 4372 ψυχὴ
1053 4304 1442 4373 αὐτοκίνητοςο
1481 4305 1649 4373 ἤγουν
1697 4304 1730 4373 ἡ

147 4394 354 4463 λογικὴ
389 4393 535 4464 ψυχὴ
557 4394 613 4447 ἓν
637 4395 800 4446 παντὶ
828 4392 904 4462 τῷ
926 4396 1264 4465 αὐτοκινήτῳ
1287 4436 1302 4462 ,
1363 4395 1396 4466 ἢ
1427 4395 1485 4448 ἐν
1518 4394 1624 4465 ὅλῳ
1657 4393 1733 4462 τῷ

148 4487 521 4558 αὐτοκινήτῳ.
556 4486 646 4540 Ἕν
675 4485 782 4556 ὅλῳ
808 4487 916 4554 γὰρ
940 4487 1285 4557 αὐτοκινήτῳ
1310 4488 1343 4555 ἡ
1372 4485 1566 4555 λογικὴ
1587 4485 1734 4556 ψυχὴ

146 4579 226 4644 ὥς
259 4579 432 4652 μέρος
462 4579 602 4632 ἐστί.
639 4575 849 4633 Ταυτδν
877 4578 932 4630 δέ
976 4578 1124 4632 ιστιν
1171 4581 1368 4644 εἰπεῖν,
1418 4579 1483 4632 Ἥ
1540 4579 1736 4649 λογικὴ

150 4673 308 4744 ψυΧῆ
345 4673 404 4725 δν
438 4672 544 4743 ὅλῳ
573 4669 652 4742 τῷ
678 4672 1021 4742 αὐτοκινήτῳ
1045 4687 1060 4703 ο
1127 4671 1226 4723 καὶ
1277 4674 1310 4741 ἡ
1338 4671 1534 4742 λογικὴ
1589 4672 1736 4746 ψυχὴ

154 4763 540 4833 αὐτοκίνητος.

229 4946 328 5020 ιβ’.
357 4946 528 5000 Ὅταν
552 4943 608 4999 δὲ
637 4945 773 5017 πρὸς
808 4944 898 5000 τδν
932 4941 1300 5014 ὑποκείμενον
1333 4945 1401 4999 ἐκ
1423 4943 1514 4998 τοῦ
1571 4964 1741 5016 κατηο

154 5041 502 5112 τυρουμένου
538 5038 853 5109 ὲρχὼμεθα,
887 5040 1006 5090 τότε
1057 5038 1277 5105 λέγεται
1310 5039 1453 5091 κατὰ
1490 5043 1691 5104 παντός
1725 5057 1740 5072 ο

154 5133 233 5196 ὡς
263 5133 398 5183 ὅταν
430 5132 696 5196 εἴπωμεν,
729 5129 801 5180 Τὸ
831 5129 1186 5196 αὐτοκίνητον
1241 5130 1382 5182 κατὰ
1414 5129 1595 5199 πάσης
1641 5130 1742 5200 ψυ-

157 5225 263 5294 χῆς
300 5224 562 5291 λογικῆς*
597 5223 629 5291 ἢ
663 5222 855 5284 οὕτως,
903 5222 976 5273 Τὸ
1007 5221 1362 5291 αὐτοκίνητον
1397 5224 1543 5294 πάσῃ
1591 5224 1738 5296 ψυχῇ

154 5319 361 5388 λογικῇ
383 5316 644 5386 ὑπάρχει,
681 5315 840 5368 τοῦτο
857 5314 1134 5382 λέγοντες,
1162 5317 1244 5369 ὅτι
1270 5319 1335 5368 τὰ
1357 5315 1534 5385 ἄτομα
1559 5323 1741 5370 πάντα

155 5412 257 5480 τῆς
299 5410 529 5478 λογικῆς
553 5408 732 5478 ψυχῆς
760 5408 870 5477 ἔχει
894 5407 954 5459 τὸ
983 5404 1122 5460 εἶναι
1154 5410 1248 5461 καὶ
1285 5407 1541 5479 λέγεσθαι
1577 5410 1738 5462 αὐτο-

157 5505 367 5575 κίνητα

233 5605 334 5667 ιγ’.
365 5599 578 5666 Ὥσπερ
604 5595 661 5649 at
693 5596 754 5648 τὸ
779 5599 834 5650 ὲν
863 5600 990 5668 ὅλῳ,
1019 5600 1112 5648 και
1148 5597 1209 5649 τὸ
1239 5597 1382 5650 κατὰ
1409 5595 1612 5658 παντὸς
1678 5595 1736 5648 ἓν

156 5697 286 5754 ταῖς
311 5693 714 5760 καταφατικαῖς
743 5692 1102 5761 προτάσεσιν,
1135 5689 1309 5750 οὕτως
1344 5693 1402 5742 ὲν
1445 5689 1566 5752 ταῖς
1603 5691 1736 5741 απο-

158 5789 427 5856 φατικαῖς
455 5785 513 5836 τὸ
537 5787 636 5838 οὐκ
675 5785 732 5835 ὲν
765 5783 872 5853 ὅλῳ
905 5784 999 5836 καὶ
1028 5781 1088 5834 τὸ
1137 5781 1259 5834 κατ’
1286 5781 1520 5844 οὐδενός.

214 5881 302 5936 ιδ’.
336 5879 510 5934 Ὅταν
544 5877 642 5949 μὲν
667 5879 777 5948 γὰρ
812 5878 903 5930 ἐπὶ
958 5877 1064 5930 τῶν
1096 5873 1487 5944 καταφατικῶν
1535 5873 1738 5944 προτά-

1834 3562 1965 3615 mini
1997 3570 2144 3616 sunt.
2189 3562 2245 3616 In
2280 3566 2429 3632 ipsos
2463 3559 2634 3623 enim,
2679 3568 2736 3612 ut
2779 3559 2831 3612 in
2863 3559 3129 3614 elementa
3160 3559 3406 3630 quaedam

1832 3665 1886 3711 et
1918 3656 2088 3724 prima
2128 3655 2414 3725 principia,
2459 3654 2773 3708 resolvitur.

1907 3749 1992 3803 to.
2030 3749 2096 3803 Et
2128 3748 2454 3816 przedicatus
2489 3745 2710 3816 quidem
2743 3745 3058 3813 (terminus)
3099 3755 3196 3800 aut
3234 3747 3411 3816 major

1835 3856 1954 3897 esse
1973 3842 2132 3896 debet
2159 3839 2432 3909 subjecto,
2456 3849 2548 3894 aut
2571 3840 2819 3908 aqualis,
2852 3855 3195 3910 nequaquam
3223 3849 3408 3894 autem

1838 3935 2034 3987 minor.
2062 3934 2127 3986 At
2158 3950 2287 3986 vero
2319 3933 2628 3999 subjectus,
2663 3943 2758 3986 aut
2791 3933 2992 3998 minor,
3034 3943 3128 3986 aut
3155 3933 3405 4003 aequalis,

1838 4041 2184 4095 nequaquam
2225 4033 2404 4079 autem
2435 4025 2631 4092 major.

1912 4121 1998 4174 ii.
2034 4121 2170 4176 Cum
2205 4121 2374 4190 igitur
2397 4136 2460 4175 ex
2506 4120 2757 4188 subjecto
2781 4118 2848 4172 ad
2877 4120 3227 4189 praedicatum
3263 4120 3412 4175 reni-

1839 4230 1980 4279 mns,
2019 4215 2072 4266 in
2103 4221 2216 4267 toto
2245 4213 2466 4275 dicitur,
2501 4225 2560 4267 ut
2583 4229 2707 4268 cum
2731 4213 3056 4275 dixerimus,
3090 4213 3288 4268 Anima
3324 4228 3414 4268 rs-

1841 4308 2058 4362 tianalis
2095 4315 2177 4361 est
2205 4322 2234 4360 a
2269 4321 2329 4361 se
2366 4305 2610 4367 mobilis,
2642 4305 2749 4361 hoc
2779 4314 2885 4368 est,
2920 4305 3102 4360 anima
3133 4306 3415 4362 rationalis

1840 4411 1922 4455 est
1975 4399 2143 4469 318
2197 4399 2255 4453 in
2293 4397 2444 4452 omni
2493 4413 2559 4452 eo
2609 4397 2756 4466 quod
2788 4408 2926 4452 esta
2969 4413 3028 4453 se
3063 4399 3286 4462 mobile,
3322 4409 3418 4455 aut

1843 4494 2022 4546 anima
2067 4492 2355 4546 rationalis
2386 4499 2472 4546 est
2500 4490 2553 4544 in
2585 4501 2722 4552 toto,
2751 4491 2898 4560 quod
2930 4506 2960 4544 a
2990 4505 3052 4546 se
3082 4491 3281 4544 mobile
3306 4501 3415 4548 est.

1845 4583 1902 4638 In
1933 4593 2046 4638 toto
2073 4585 2216 4638 enim
2237 4585 2379 4652 quod
2411 4598 2440 4636 a
2467 4599 2527 4637 se
2557 4582 2756 4637 mobile
2784 4592 2889 4647 est,
2921 4583 3100 4638 anima
3131 4583 3417 4638 rationalis

1847 4686 1904 4730 nt
1941 4691 2211 4746 pars-esu
2243 4676 2390 4730 idem
2423 4685 2600 4730 autem
2634 4676 2938 4738 estdicere,
2969 4675 3149 4730 anima
3173 4676 3416 4730 ratioua-
3453 4711 3456 4714 ~

1845 4769 1912 4821 lis
1941 4768 1994 4819 in
2038 4777 2152 4821 toto
2181 4777 2287 4834 est,
2318 4767 2464 4836 quod
2499 4782 2528 4820 a
2560 4783 2618 4822 se
2648 4777 2737 4824 est
2774 4767 2996 4834 mobile;
3034 4777 3087 4822 et
3125 4769 3307 4822 anima
3331 4781 3421 4822 ra-

1845 4862 2064 4915 tionalis
2092 4869 2175 4914 est
2218 4877 2246 4914 a
2281 4877 2341 4915 se
2372 4861 2610 4916 mobilis.

1842 4977 1886 4988 κο
1915 4954 2002 5008 12.
2053 4954 2189 5008 Cum
2225 4970 2354 5008 vero
2382 4971 2448 5007 ex
2498 4955 2788 5023 praedicata
2823 4955 2887 5008 ad
2921 4954 3226 5022 subjectum
3267 4955 3420 5010 veni-

1846 5056 1994 5107 mus,
2036 5049 2169 5094 tunc
2217 5043 2284 5095 de
2338 5045 2487 5095 omni
2531 5042 2734 5096 dicitur
2765 5063 2779 5098 :
2816 5052 2875 5097 ut
2931 5060 3051 5097 cum
3093 5046 3416 5108 dixerimus.

1844 5134 2100 5200 quodest
2135 5148 2165 5187 a
2217 5149 2275 5187 se
2317 5133 2535 5194 mobile.
2593 5137 2658 5188 tte
2712 5136 2860 5188 omni
2917 5136 3098 5190 anima
3160 5138 3416 5192 rationali

1845 5225 2112 5294 (dicitur),
2135 5237 2227 5279 aut
2259 5228 2352 5289 ita,
2384 5226 2525 5295 quod
2547 5235 2626 5280 est
2650 5242 2680 5279 a
2713 5242 2771 5280 se
2799 5225 3016 5292 mobile,
3047 5228 3196 5281 omni
3226 5227 3422 5282 anima:

1853 5318 2102 5372 rationali
2135 5319 2298 5384 inest,
2340 5319 2442 5371 boc
2484 5317 2740 5370 nimirum
2773 5317 3021 5373 dicentes
3049 5320 3235 5373 omnia
3279 5319 3424 5372 indi-

1849 5412 2014 5464 vidua
2064 5411 2259 5464 animae
2301 5410 2588 5464 rationalis
2651 5408 2853 5465 habere
2907 5411 3008 5467 hoc
3049 5409 3193 5480 quod
3228 5409 3339 5464 sint
3367 5417 3424 5464 et

1847 5503 2109 5560 dicantur
2138 5521 2164 5556 ει
2197 5520 2258 5558 se
2289 5504 2529 5558 mobilia.

1919 5597 2008 5651 15.
2044 5595 2514 5662 Quemadimdum
2557 5604 2741 5650 autem
2800 5595 2852 5649 in
2906 5602 3024 5649 toto
3059 5602 3112 5649 et
3153 5595 3218 5648 de
3269 5593 3420 5648 omni

1849 5690 1901 5744 in
1929 5689 2270 5743 amrtnativis
2303 5690 2775 5758 p.0positiouibus
2811 5707 2824 5743 :
2861 5691 2932 5743 ita
2965 5689 3025 5741 τὸ
3060 5704 3167 5742 non
3199 5687 3251 5741 in
3305 5695 3423 5740 tuto

1848 5795 1900 5838 ct
1929 5783 1998 5851 de
2029 5783 2176 5837 nullo
2212 5783 2266 5838 in
2306 5784 2573 5852 negativis
2606 5783 3074 5853 prepositionibns
3103 5789 3251 5835 sunt.

1925 5874 2010 5928 ιι.
2041 5871 2172 5927 Cum
2206 5874 2351 5928 enim
2385 5891 2412 5928 a
2443 5874 2692 5946 subjecto
2730 5876 2792 5930 ad
2827 5875 3180 5946 prtedicatum
3209 5873 3262 5928 in
3293 5883 3420 5944 pro-
