3856 6358
194 356 301 410 909

192 578 287 617 τον
315 559 599 629 ἀνάγεται.
633 559 708 612 Τὸ
736 559 916 628 τρίτον
940 558 996 611 δὲ
1027 555 1198 619 οὕτως
1219 572 1235 588 ⁸

274 653 365 717 ιζ’.
411 653 472 708 '0
504 653 718 724 πρῶτος
742 651 942 720 τρόπος
966 648 1061 704 τοῦ
1089 649 1276 719 τρίτου
1307 650 1408 719 ex!)
1421 666 1584 724 ματος
1610 664 1625 680 ⁸
1656 649 1772 713 Πᾶς

195 714 484 817 ἄνθρωπος
513 714 654 810 ζωόν
673 761 688 777 ⁸
705 714 825 805 πᾶς
852 714 1139 812 ἄνθρωπος
1161 714 1379 810 λογικόν
1396 714 1662 805 ⁸-τὶ.ζῶον
1687 741 1774 794 λο-

195 842 374 909 γικόν.
413 835 828 906 ’Λντεστράςςθω
863 837 896 906 ἡ
932 836 1172 888 ἐλάττων
1196 854 1208 866 ·
1249 835 1312 888 Εἰ
1347 836 1453 897 πᾶς
1489 833 1774 904 ἅνθρωπος

197 930 338 994 ζῶον
361 945 376 959 ⁸
408 930 502 982 καὶ
528 930 580 979 τί
613 927 750 992 ζῶον
780 925 1103 994 ἄνθρωπος’
1136 927 1244 988 πᾶς
1273 925 1330 978 δὲ
1364 923 1652 994 ἄνθρωπος
1682 925 1773 975 λο-

199 1022 355 1092 γικόν
373 1039 390 1054 ⁸
416 1022 470 1073 τί
501 1019 638 1085 ζῶον
667 1018 776 1089 ἄρα
801 1018 1041 1086 λογικόν.
1069 1017 1132 1070 Ei
1168 1016 1241 1088 μή
1273 1034 1324 1069 τι
1351 1016 1488 1081 ζῶον
1516 1015 1768 1084 λογικόν

197 1116 353 1169 οὐδὲν
381 1113 516 1178 ζῶον
545 1112 784 1180 λογικόν.
817 1112 931 1177 Πᾶς
963 1110 1018 1162 δὲ
1049 1107 1336 1178 ἄνθρωπος
1367 1109 1508 1173 ζῶον
1533 1125 1548 1140 ⁸
1583 1110 1632 1159 εἱ
1665 1109 1772 1170 πᾶς

199 1207 486 1277 ἄνθρωπος
539 1202 716 1268 ζῶον,
767 1204 863 1256 καὶ⁵
910 1200 1064 1254 οὐδὲν
1112 1198 1248 1265 ζῶον
1294 1199 1550 1268 λογικόνο
1599 1199 1774 1262 οὐδεὶς

201 1301 354 1354 ἔσται
383 1298 670 1371 ἄνθρωπος
698 1295 936 1365 λογικός.
972 1293 1116 1348 Ἀλλ’
1143 1293 1396 1348 ὑπέκειτο
1425 1294 1520 1348 καὶ
1551 1294 1676 1356 πᾶς.
1716 1289 1725 1297 ’

203 1397 392 1462 homo,
423 1377 723 1459 animal,et
745 1391 950 1446 nullum
980 1388 1204 1456 animal,
1241 1388 1546 1454 rationale;
1600 1386 1784 1443 nullus
1826 1389 1988 1448 homo
2047 1397 2153 1452 erit
2247 1400 2530 1456 rationale.

239 1507 403 1547 “IIIIS.

239 1511 252 1546 ι
315 1509 403 1546 us.

199 1509 368 1656 στιν.
413 1585 473 1638 σο
512 1583 765 1652 δεύτερος
799 1580 1000 1651 τρόπος
1043 1579 1160 1653 [τοῦ
1200 1579 1386 1651 τρίτου
1432 1578 1732 1652 σχῆματος]
1763 1596 1774 1610 .

202 1681 360 1734 Πᾶσα
390 1677 522 1750 χιὼν
550 1675 721 1745 λευκή
747 1692 760 1705 ⁸
794 1674 1022 1752 οὐδεμία
1051 1673 1188 1743 χιὼν
1218 1671 1356 1736 ζῶον
1381 1687 1393 1702 ⁸
1427 1673 1490 1725 οὐ
1522 1673 1632 1726 πᾶν
1659 1673 1780 1726 λευο

1450 347 1788 404 ΕΡ-ΙῚῸΜΕ
1831 349 1971 405 LUG
1985 349 2124 408 lCA.

265 474 368 532 ις’.
405 467 562 522 Οὕτω
593 465 693 536 μὲν
717 459 808 520 οὖν
827 465 895 518 ιτδ
923 464 1171 533 δεύτερον
1203 463 1387 534 σχῆμα
1417 465 1497 527 εἰς
1526 464 1768 535 τοιπρῶι
1801 473 1838 525 Λ

3340 350 3451 413 970

1951 465 2032 519 16.
2069 465 2158 520 Sic
2183 465 2400 536 quidem
2433 466 2601 536 igitur
2625 466 2868 522 secunda
2891 466 3071 538 ﬁgura
3119 469 3185 524 ad
3222 469 3454 540 primam

1883 557 2184 614 reducitur.
2210 558 2389 614 Tertia
2415 569 2594 614 autem
2636 559 2716 615 sic

1954 649 2042 705 17.
2071 649 2287 706 Primus
2317 651 2510 706 modus
2555 652 2728 706 tertiae
2784 651 2970 722 figura:
3008 650 3238 708 :Omnis
3293 654 3460 709 homo

1883 743 2124 810 animal;
2184 745 2364 800 omnis
2396 745 2584 810 homo,
2626 745 2936 812 rationale;
2999 747 3273 816 quoddam
3339 751 3458 804 ani-

1881 835 2010 903 mal,
2037 837 2324 892 rationale.
2359 837 2537 893 Minor
2564 823 2952 894 convertatur:
2987 839 3044 895 Si
3074 838 3254 894 omnis
3285 840 3454 894 homo

1885 931 2195 999 animal;et
2226 931 2499 1002 quoddam
2549 932 2750 987 animal
2813 931 3004 998 homo;
3037 932 3217 987 omnis
3271 938 3453 986 autem

1881 1023 2065 1087 homo,
2103 1024 2409 1093 rationale;
2436 1024 2711 1096 quoddam
2745 1024 2910 1093 igitur
2928 1024 3132 1078 animal
3166 1023 3475 1078 rationale.

1885 1114 1998 1184 (Sic
2031 1115 2249 1184 quidem
2281 1118 2577 1183 ostensive,
2612 1132 2709 1188 per
2740 1116 3088 1190 impossibile
3139 1132 3269 1172 vero
3302 1116 3377 1170 ita
3414 1118 3458 1181 τ)

1883 1207 1942 1260 Si
1975 1224 2082 1264 non
2109 1209 2381 1280 quoddam
2405 1212 2632 1278 animai,
2658 1209 2923 1268 rationale
2949 1227 2964 1278 ;
3001 1209 3209 1265 nullum
3232 1210 3461 1270 animal.

1887 1301 2170 1358 rationale.
2217 1302 2411 1359 Omnis
2443 1311 2624 1360 autem
2660 1306 2848 1370 homo,
2888 1304 3111 1358 animal.
3169 1303 3228 1357 Si
3281 1304 3462 1358 omnis

2621 1399 2727 1455 Sed
2793 1397 3202 1471 supponebatur
3261 1397 3462 1452 etiam.

1961 1581 2047 1640 I8.
2085 1584 2371 1641 Secundus
2399 1585 2787 1642 modustertize
2830 1585 3014 1655 figurae
3047 1601 3062 1640 :
3092 1581 3284 1638 Omnis
3337 1581 3458 1639 nix.

1891 1679 2013 1735 alba
2045 1697 2066 1737 ~:
2104 1680 2251 1735 nulla
2287 1681 2403 1743 nix,
2437 1677 2642 1733 animal
2670 1696 2685 1734 :
2712 1685 2821 1734 non
2873 1694 3036 1733 oume
3084 1679 3291 1744 album,
3349 1678 3469 1733 ani-

201 1773 298 1826 κον
329 1769 489 1835 ζῶον.
524 1767 942 1839 Ἂντεστρὰφοω
976 1767 1014 1838 ἡ
1042 1766 1280 1820 ἐλάττων
1305 1781 1321 1797 ⁸
1359 1765 1420 1820 Εἰ
1457 1766 1609 1820 πᾶσα
1646 1767 1779 1836 χιὼν

1898 1774 2020 1830 mal.
2046 1774 2409 1830 Converlatur
2449 1773 2630 1830 minor
2665 1790 2680 1829 :
2727 1774 2783 1828 Si
2814 1773 2996 1841 omnis
3031 1774 3146 1835 nix,
3192 1773 3353 1839 alba;
3388 1779 3464 1837 et,

200 1866 370 1937 λευκή
396 1882 411 1896 ⁸
446 1864 541 1918 καὶ
571 1865 626 1918 τὶ
655 1862 849 1916 λευκὸν
877 1860 1010 1932 χιών
1035 1877 1049 1890 ⁸
1085 1859 1314 1930 οὐδεμία
1345 1858 1401 1912 δὲ
1435 1858 1566 1929 χιὼν
1599 1859 1738 1924 ζῶον
1766 1876 1782 1894 ⁸

199 1962 261 2014 οὗ
299 1962 406 2014 πᾶν
437 1959 544 2028 ἄρα
578 1957 772 2010 λευκὸν
801 1956 941 2021 ζῶον
967 1973 981 1986 ⁸
1017 1957 1065 2009 εἰ
1107 1953 1184 2026 μὴ
1214 1958 1369 2008 τοῦτ’)
1395 1969 1410 1985 ⁸
1447 1955 1561 2008 Πᾶν
1589 1953 1782 2010 λευκὸν

201 2053 342 2118 ζῶον
365 2069 379 2083 ⁸
415 2051 530 2104 ἔστι
558 2051 614 2104 δὲ
642 2051 735 2103 καὶ
765 2051 915 2103 πᾶσα
947 2047 1080 2119 χιὼν
1108 2047 1302 2118 λευκή.
1329 2046 1522 2100 τοίνυν
1553 2048 1602 2100 εἰ
1636 2048 1786 2101 πᾶσα

202 2147 338 2218 χιὼν
372 2145 540 2212 λευκή
569 2159 584 2174 ⁸
624 2145 734 2197 πᾶν
772 2143 829 2196 δὲ
865 2143 1056 2196 λευκὸν
1092 2142 1232 2207 ζῶον
1259 2157 1273 2172 ⁸
1317 2141 1467 2194 πᾶσα
1507 2139 1641 2211 χιὼν
1679 2143 1788 2212 ἄρα

203 2237 366 2302 ζῶον.
395 2232 504 2288 Ἦν
533 2235 590 2288 δὲ
620 2235 714 2288 καὶ
741 2231 968 2303 οὐδεμία
996 2230 1129 2303 χιὼν
1165 2232 1302 2297 ζῶον

280 2443 364 2496 t0'.
411 2441 468 2496 Ὀ
496 2439 676 2509 τρίτος
704 2437 906 2509 τρόπος
931 2453 946 2470 ⁸
984 2435 1080 2500 T‘t;
1111 2435 1396 2506 ἄνθρωπος
1429 2433 1602 2505 μέλας
1629 2448 1643 2462 ⁸
1679 2433 1788 2496 πᾶς

204 2537 490 2608 ἄνθρωπος
536 2532 712 2598 ζὼον⁸
759 2532 814 2585 τὶ
865 2530 1038 2599 μέλαν
1084 2528 1241 2594 ζῶον.
1277 2527 1706 2598 ’Λντεστράφϐω
1752 2529 1784 2596 ἠ

206 2629 447 2682 ἐλάττων
471 2642 485 2656 ⁸
518 2626 583 2680 Εἴ
607 2642 688 2688 τις
720 2622 1004 2692 ἄνθρωπος
1041 2622 1209 2692 μέλας
1235 2635 1249 2650 ⁸
1285 2621 1378 2675 καὶ
1404 2621 1459 2673 τὶ
1493 2619 1661 2690 μέλαν
1689 2620 1787 2674 ἇν-

205 2721 424 2792 θρωπος
451 2737 466 2753 ⁸
514 2719 622 2784 πᾶς
665 2719 721 2772 δὲ
767 2716 1058 2788 ἄνθρωπος
1101 2715 1239 2781 ζῶον
1271 2731 1287 2747 ⁸
1331 2713 1472 2768 ὥστε
1519 2715 1573 2767 τὶ
1620 2713 1788 2784 μέλαν

205 2816 346 2880 ζῶον
365 2830 381 2846 ⁸
414 2813 462 2866 el
487 2811 643 2866 τοῦτο
668 2811 880 2880 ψευδὲς,
907 2809 1062 2863 οὐδὲν
1089 2809 1262 2879 μέλαν
1291 2808 1428 2873 ζῶον
1450 2823 1466 2840 ⁸
1495 2808 1578 2870 τὶς
1607 2807 1664 2859 δὲ
1697 2806 1786 2860 ἆν-

206 2910 424 2975 ὓρωπος
472 2903 662 2973 μέλας.
702 2903 766 2955 Ei
802 2901 886 2964 τὶς
927 2899 1214 2972 ἄνθρωπος
1264 2901 1453 2973 μέλας,
1497 2899 1590 2953 καὶ
1633 2898 1788 2952 οὐδὲν

207 2999 379 3070 μέλαν
407 2997 544 3064 ζῶον
562 3013 578 3028 ⁸
605 2996 664 3052 οὐ
693 2996 800 3059 πᾶς
825 2995 1114 3067 ἄνθρωπος
1142 2993 1300 3059 ζῶον.
1321 2988 1502 3047 Ἦνδὲ
1531 2991 1626 3044 καὶ
1656 2992 1785 3052 πᾶς.

276 3301 347 3352 κ’.
392 3295 451 3347 't)
481 3292 739 3365 τέταρτος
769 3291 970 3364 τρόπος
993 3308 1008 3325 ⁸
1042 3291 1138 3355 Ti;
1167 3290 1314 3354 λίθος
1343 3288 1538 3353 λευκός
1563 3304 1575 3318 ⁸
1608 3289 1785 3352 οὐδεὶς

200 3388 349 3450 M00;
389 3387 528 3453 ζῶον
555 3401 569 3418 ⁸
612 3385 674 3438 οὐ
716 3385 824 3438 πᾶν
864 3383 1058 3438 λευκὸν
1097 3384 1255 3448 ζῶον.
1297 3382 1715 3454 ’Λντεστράςρϐω
1754 3384 1786 3454 ἡ

201 3479 444 3534 ἐλάττων
467 3491 483 3508 ⁸
517 3476 584 3530 Et
608 3493 691 3538 τις
724 3473 870 3538 M00;
900 3473 1095 3536 λευκὸς
1120 3513 1133 3538 ,
1166 3472 1262 3524 καὶ
1289 3471 1344 3523 τὶ
1373 3471 1564 3525 λευκὸν
1595 3471 1742 3536 M00;
1771 3490 1782 3502 ⁸

202 3570 385 3634 οὐδεὶς
419 3570 476 3624 δὲ
512 3569 659 3632 M00;
698 3567 836 3634 ζῶον
859 3583 873 3597 ⁸
911 3567 969 3620 οὐ
1012 3568 1119 3620 πᾶν
1152 3565 1262 3637 ἄρα
1298 3565 1492 3619 λευκὸν
1525 3566 1663 3630 ζῶον
1686 3582 1698 3596 ⁸
1739 3567 1786 3618 εἰ

200 3664 363 3719 τοῦτο
391 3665 492 3718 οὐκ
520 3663 688 3727 ἐστιν,
718 3661 872 3715 ἔσται
902 3661 1010 3714 πᾶν
1037 3660 1229 3713 λευκὸν
1259 3659 1397 3723 ζῶον
1419 3674 1434 3690 ⁸
1463 3659 1579 3712 ἔστι
1607 3660 1663 3714 δὲ
1691 3662 1787 3714 καὶ

199 3760 288 3822 τὶς
329 3756 480 3822 M00;
521 3755 714 3820 λευκός
740 3772 754 3786 ⁸
799 3757 848 3808 εἰ
892 3755 976 3818 τὶς
1020 3753 1166 3817 M00;
1211 3752 1442 3816 λευκός⁸
1489 3753 1596 3804 πᾶν
1633 3752 1689 3805 δὲ
1728 3751 1787 3805 τὸ

199 3850 394 3903 λευκὸν
440 3849 614 3913 ζῶονο
657 3847 934 3913 τὶςελίθος
983 3846 1143 3910 ζῶον.
1211 3845 1353 3899 Ἀλλ’
1384 3842 1641 3897 ὑπέκειτο
1687 3842 1784 3896 καὶ

203 3935 416 4014 abest;

275 4155 380 4204 κα’.
415 4148 477 4204 '0
505 4150 756 4221 πέμπτος
780 4154 977 4224 τρόπος
1001 4169 1015 4182 ⁸
1045 4156 1157 4220 Πᾶς
1185 4155 1473 4227 ἄνθρωπος
1500 4155 1639 4220 ζῶον
1661 4171 1674 4185 ⁸
1701 4154 1784 4218 τὶς

197 4241 486 4313 ἄνθρωπος
520 4242 713 4308 λευκός
734 4262 746 4276 ⁸
781 4248 834 4298 τὶ
873 4245 1010 4311 ζῶον
1033 4247 1246 4301 λευκόν.
1280 4247 1700 4318 Ἀντεστράςρθω
1738 4248 1771 4319 ἠ

201 4334 409 4402 μείζων
432 4350 446 4364 ⁸
479 4335 542 4389 Ei
572 4335 656 4400 τὶς
689 4337 979 4407 ἄνθρωπος
1008 4341 1222 4408 λευκὸς,
1257 4343 1350 4394 καὶ
1384 4345 1438 4394 τὶ
1467 4340 1663 4394 λευκδν
1693 4343 1783 4396 ἆν-

200 4425 461 4496 θρωποςο
509 4430 614 4492 πᾶς
663 4430 719 4482 δὲ
769 4431 1054 4503 ἅνθρωπος
1104 4434 1283 4496 ζῶονο
1332 4435 1386 4487 τί
1433 4433 1542 4504 ἄρα
1590 4433 1784 4486 λευκὸν

199 4517 361 4582 ζῶον.
396 4519 814 4591 Ἀντεστράφθω
843 4526 939 4577 καὶ
963 4525 1022 4576 τὸ
1050 4527 1428 4597 συμπέρασμα
1451 4543 1465 4557 ⁸
1496 4528 1559 4580 Ei
1584 4527 1635 4579 τί
1663 4525 1784 4579 λευ-

199 4613 300 4665 κὸν
329 4613 468 4676 ζῶον
493 4628 507 4645 ⁸
541 4615 635 4668 καὶ
661 4615 714 4667 τὶ
744 4615 881 4679 ζῶον
912 4617 1122 4672 λευκόν.

269 4819 376 4890 κβθ.
414 4819 476 4874 Ὀ
503 4821 660 4887 ἕκτος
685 4823 884 4893 τρόπος
918 4824 1012 4878 καὶ
1045 4825 1274 4890 ὕστατος
1299 4842 1314 4868 ⁸-
1346 4827 1460 4891 Πᾶς
1490 4827 1778 4899 ἄνθρωπος

193 4910 371 4977 ζῶον·
402 4913 460 4965 οὐ
497 4914 604 4977 πᾶς
634 4914 921 4986 ἄνθρωπος
951 4917 1119 4987 μέλας
1142 4932 1155 4947 ⁸
1184 4921 1244 4972 οὐ
1275 4921 1382 4972 πᾶν
1412 4919 1549 4983 ζῶον
1579 4919 1771 4989 μέλαν.

207 5006 352 5060 Ἀλλ’
377 5007 530 5074 οὗτος
565 5011 592 5062 ὁ
623 5012 826 5084 τρόπος
861 5013 992 5083 πρὸς
1027 5014 1085 5066 τὸ
1119 5014 1338 5084 πρῶτον
1370 5016 1552 5084 σχῆμα
1585 5016 1655 5068 δι’
1679 5015 1774 5068 ἁν-

191 5103 490 5172 τιστροφῆς
529 5105 626 5157 οὐκ
662 5105 946 5173 ἀνάγεται.
990 5106 1207 5160 Γίνεται
1246 5108 1354 5177 γὰρ
1389 5109 1452 5159 ἐκ
1488 5107 1579 5160 δύο
1618 5126 1776 5179 μερι-

176 5193 306 5244 ’κῶν
350 5195 670 5264 προτάσεων
711 5197 848 5267 πρὸς
887 5198 986 5266 τὴν
1029 5199 1114 5262 τὶς
1159 5199 1631 5270 ἀντιστρεφούσης
1672 5201 1773 5269 τῆς

190 5287 324 5349 πᾶς.
361 5286 524 5342 Ὅθεν
565 5287 653 5342 διὰ
700 5290 867 5359 μόνης
906 5292 1005 5360 τῆς
1049 5291 1128 5354 εἰς
1166 5290 1430 5346 ἀδύνατον
1472 5290 1773 5344 τελειοῦται

188 5379 497 5449 ἀπαγωγῆς
518 5394 532 5407 ⁸
565 5382 612 5434 εἱ
645 5380 754 5450 γὰρ
785 5381 978 5451 ψευδὲς
1008 5382 1068 5434 τὸ
1099 5381 1175 5454 μὴ
1207 5385 1314 5437 πᾶν
1342 5383 1479 5446 ζῶον
1505 5377 1644 5436 εἶναι
1678 5385 1774 5453 μὲ-

186 5475 310 5538 λαν,
355 5471 552 5542 ἀληθὲς
599 5473 666 5527 ἂν
706 5475 790 5544 εἴη
830 5475 891 5527 τὸ
936 5475 1726 5546 ἁντιφατικῶς.ἁντικείμενον
1753 5516 1767 5541 ,

187 5566 358 5636 ἤγουν
395 5566 454 5620 τὸ
496 5567 604 5620 πᾶν
648 5566 789 5630 ζῶον
833 5563 976 5623 εἶναι
1022 5569 1210 5639 μέλαν.
1255 5569 1394 5622 Ἀλλ’
1420 5563 1486 5638 ἦν
1525 5571 1618 5622 καὶ
1662 5569 1769 5628 πᾶς

183 5657 474 5728 ἄνθρωπος
507 5658 668 5722 ζῶον.
703 5659 762 5711 Ei
792 5659 975 5712 τοίνυν
1003 5661 1112 5723 πᾶς
1139 5659 1424 5730 ἄνθρωπος
1457 5657 1626 5721 ζῶονο
1660 5659 1768 5708 πᾶν

183 5747 241 5801 δὲ
280 5747 419 5813 ζῶον
459 5750 664 5818 μέλαν·
700 5750 808 5812 πᾶς
834 5749 1121 5818 ἄνθρωπος
1161 5749 1347 5820 μέλπω.
1380 5747 1670 5801 Ὑπὲκειτο
1709 5747 1764 5799 δὲ

182 5841 280 5894 καὶ
306 5841 366 5894 τὸ
395 5842 456 5895 οὐ
491 5843 620 5908 πᾶς,
651 5843 787 5915 ὅπερ
817 5842 1041 5898 ἄτοπον.

468 5939 737 6002 Peraea.
787 5941 903 6006 GR.
949 5940 1042 6003 CX
1055 5939 1177 6003 ιιι.

1887 1866 2103 1939 aliquod
2127 1869 2290 1942 355
2321 1872 2462 1942 quod
2491 1871 2698 1932 album,
2742 1870 2834 1924 nix
2869 1885 2883 1923 :
2915 1868 3062 1923 nulla
3097 1877 3276 1922 autem
3337 1865 3459 1930 nix,

1888 1964 2124 2021 animal:
2155 1983 2262 2021 non
2292 1982 2421 2036 ergo
2447 1981 2608 2021 Oll'llle
2636 1964 2838 2032 album,
2881 1963 3104 2018 animal.
3139 1961 3194 2017 Si
3227 1961 3330 2018 hoc
3354 1976 3462 2016 non

1889 2059 1979 2128 sit,
2012 2076 2174 2116 omne
2211 2062 2414 2127 album,
2447 2062 2550 2117 erit
2605 2062 2829 2116 animal.
2891 2061 2987 2118 Est
3041 2070 3221 2116 autem
3291 2059 3456 2116 etiam

1888 2156 2070 2211 omnis
2095 2157 2185 2211 nix
2215 2157 2336 2211 alba
2365 2175 2378 2223 ;
2417 2155 2577 2226 igitur
2604 2155 2649 2212 si
2680 2156 2860 2212 omnis
2915 2156 3029 2222 nix,
3093 2156 3237 2220 alba,
3303 2168 3467 2210 omne

1889 2256 2070 2302 autem
2108 2247 2315 2313 album,
2367 2246 2606 2314 animal;
2657 2246 2838 2301 omnis
2884 2261 3013 2316 ergo
3066 2245 3180 2312 nix,
3233 2245 3458 2300 animal.

1847 2366 1857 2373 -
1893 2336 2022 2392 Erat
2062 2347 2243 2392 autem
2270 2337 2432 2392 etiam
2459 2337 2608 2391 nulla
2635 2337 2753 2402 nix,
2781 2336 3008 2391 animal.
3033 2335 3038 2338 ’

1961 2450 2049 2507 I9.
2087 2451 2306 2506 Tertius
2345 2449 2576 2506 modus:
2609 2449 2822 2519 Aliquis
2852 2450 3038 2515 homo,
3063 2451 3256 2520 niger:
3286 2449 3466 2504 omnis

1891 2547 2054 2600 homo
2087 2545 2289 2600 animal
2319 2561 2334 2599 :
2382 2545 2600 2615 aliquod
2629 2545 2844 2616 nigrum
2879 2544 3104 2598 animal.
3159 2545 3463 2599 Couverta-

1893 2649 1980 2693 tur
2025 2639 2206 2694 minor
2241 2656 2255 2694 :
2290 2639 2344 2694 Si
2417 2639 2626 2710 aliquis
2683 2642 2868 2705 homo,
2922 2642 3095 2707 niger,
3133 2648 3188 2696 et
3245 2640 3464 2710 aliquod

1891 2732 2105 2802 nigrum
2143 2732 2308 2786 homo
2350 2732 2456 2787 erit
2498 2751 2512 2786 :
2551 2735 2730 2789 omnis
2796 2741 2978 2787 autem
3012 2733 3175 2787 homo
3221 2733 3464 2789 animal:

1891 2843 2060 2898 quare
2101 2827 2320 2895 aliquod
2354 2827 2567 2896 nigrum
2601 2827 2824 2882 animal.
2859 2827 2954 2881 Sin
2994 2827 3099 2882 hoc
3129 2825 3330 2882 falsum
3361 2825 3465 2892 fsit,

1891 2922 2096 2975 nullum
2133 2921 2346 2990 nigrum
2377 2921 2482 2974 erit
2507 2920 2707 2974 animal
2746 2939 2760 2976 :
2797 2919 2994 2991 aliquis
3030 2932 3211 2975 autem
3281 2919 3464 2984 homo,

1891 3017 2062 3085 niger.
2095 3016 2152 3071 Si
2184 3018 2381 3086 aliquis
2402 3018 2582 3084 (homo
2616 3015 2803 3086 niger;
2856 3023 2910 3068 et
2961 3014 3169 3069 nullum
3234 3017 3454 3084 nigrtm’.

1894 3112 2118 3178 animal,
2150 3128 2256 3166 non
2283 3112 2465 3167 omnis
2489 3110 2654 3166 homo
2685 3109 2906 3165 animal.
2936 3107 3060 3166 Erat
3092 3118 3268 3200 autem
3302 3111 3464 3164 etiam

1814 3220 1856 3278 ο
1890 3208 2070 3262 omnis
2101 3208 2288 3278 (homo
2311 3205 2566 3278 animal).

1960 3303 2054 3359 20.
2090 3302 2331 3369 Quartus
2350 3300 2548 3356 modus
2573 3318 2585 3354 :
2610 3299 2826 3370 Aliquis
2859 3297 3018 3370 lapis.
3047 3299 3202 3353 albus
3230 3313 3244 3350 :
3282 3299 3466 3354 nullus

1892 3395 2033 3466 lapis
2057 3395 2258 3450 animal
2298 3411 2312 3449 :
2348 3407 2454 3450 non
2490 3409 2656 3447 omne
2677 3393 2860 3448 album
2890 3391 3114 3446 animal.
3168 3391 3465 3446 Converta-

1891 3494 1980 3542 tur
2005 3487 2183 3541 minor
2209 3503 2225 3540 :
2255 3485 2312 3540 Si
2344 3484 2730 3555 aliquislapis,
2778 3483 2935 3536 albus
2970 3497 2983 3534 :
3041 3482 3201 3535 etiam
3239 3480 3461 3550 aliquod

1891 3581 2100 3638 album.
2161 3577 2321 3649 lapis.
2383 3578 2576 3633 Nullus
2630 3586 2808 3630 autem
2861 3575 3018 3645 lapis,
3058 3575 3308 3643 animal;
3346 3573 3464 3627 Non

1892 3686 2022 3741 ergo
2071 3685 2232 3724 omne
2289 3666 2496 3729 album.
2552 3667 2781 3721 animal.
2816 3663 2872 3719 Si
2935 3666 3040 3720 hoc
3077 3679 3185 3719 non
3225 3664 3318 3730 sit,
3363 3671 3464 3717 erit

1891 3778 2054 3820 omne
2076 3761 2283 3822 allium.
2313 3760 2537 3815 animal.
2563 3760 2660 3814 Est
2691 3767 2871 3812 autem
2893 3758 3056 3812 etiam
3090 3757 3286 3824 aliquis
3307 3757 3463 3826 lapis,

1890 3856 2066 3911 albus.
2102 3851 2157 3907 Si
2191 3851 2392 3923 aliquis
2421 3851 2582 3920 lapis,
2619 3850 2774 3904 albus
2810 3864 2825 3905 :
2858 3863 3021 3904 omne
3043 3856 3235 3902 autem
3280 3848 3463 3902 album

1891 3945 2092 4000 animal
2134 3963 2147 4000 :
2191 3945 2390 4015 aliquis
2427 3945 2586 4012 lapis,
2640 3942 2862 3997 animal.
2899 3941 3005 3997 Sed
3057 3942 3463 4013 suppouebatur

1891 4039 2051 4094 etiam
2087 4038 2270 4094 nullus
2306 4037 2467 4110 (lapis
2501 4036 2748 4106 animal).

1959 4151 2124 4223 356
2149 4151 2238 4205 ΩΙ.
2273 4150 2510 4218 Quintus
2537 4149 2732 4206 modus
2769 4157 2873 4214 est,
2899 4145 3092 4204 Omnis
3121 4148 3306 4212 homo,
3342 4149 3464 4202 ani-

1890 4245 2038 4300 mal:
2076 4243 2276 4314 aliquis
2315 4244 2478 4298 hemo
2519 4243 2700 4309 albus,
2741 4242 2958 4312 aliquod
3001 4241 3225 4308 animal,
3257 4240 3462 4294 album.

1886 4338 2253 4394 Cunvertatur
2277 4335 2450 4406 major
2478 4356 2491 4392 :
2523 4337 2579 4393 Si
2618 4337 2819 4407 aliquis
2845 4323 3032 4399 ltomo'.
3061 4336 3242 4400 albus,
3281 4341 3334 4389 et
3367 4333 3463 4388 ali-

1886 4432 2031 4503 quod
2063 4432 2244 4486 album
2282 4431 2469 4486 homo.
2495 4431 2687 4486 Omnis
2739 4440 2922 4485 autem
2977 4430 3166 4494 homo,
3220 4427 3463 4494 animal;

1887 4523 2104 4594 aliquod
2131 4538 2260 4594 ergo
2283 4524 2467 4579 album
2489 4523 2713 4578 animal.
2741 4523 3108 4577 Convertatur
3134 4520 3298 4574 etiam
3331 4535 3463 4575 cono

1889 4616 2066 4671 clusio
2099 4632 2114 4672 :
2151 4616 2207 4671 Si
2253 4616 2475 4687 aliquod
2513 4616 2717 4683 album,
2754 4615 2993 4682 animal;
3047 4615 3211 4670 etiam
3244 4613 3463 4684 aliquod

1893 4707 2093 4762 animal
2118 4707 2322 4772 album,

1959 4821 2050 4877 ‘29..
2113 4821 2314 4878 Sextus
2365 4831 2420 4877 et
2465 4822 2689 4878 ultimus
2742 4821 2984 4876 modus:
3032 4819 3222 4874 Omnis
3279 4819 3462 4884 homo,

1891 4913 2090 4967 animal
2122 4928 2135 4964 :
2178 4929 2288 4968 non
2313 4913 2491 4972 omnis
2525 4913 2710 4978 homo,
2745 4913 2900 4979 niger
2937 4929 2952 4967 :
2982 4925 3089 4965 non
3127 4923 3289 4964 omne
3349 4908 3460 4961 ani.

1890 5006 2015 5070 mal,
2039 5005 2275 5076 nigrum.
2303 5004 2408 5060 Sed
2445 5005 2532 5059 hic
2559 5004 2753 5059 modus
2787 5003 2854 5059 ad
2905 5005 3134 5075 primam
3178 5016 3270 5073 per
3329 5015 3460 5056 eon—

1887 5099 2193 5154 versionem
2219 5115 2325 5154 non
2360 5097 2664 5153 reducitur.
2695 5095 2781 5151 Fit
2802 5097 2948 5152 enim
2973 5112 3038 5151 ex
3071 5095 3284 5151 duabus
3335 5109 3460 5164 par-

1890 5191 2210 5247 tienlaribus
2234 5189 2734 5261 propositionibus,
2765 5189 2893 5244 dum
2921 5188 3269 5261 (universalis
3309 5188 3456 5244 amr-

1888 5286 2132 5355 mativa)
2180 5284 2360 5339 omnis
2420 5285 2473 5338 in
2537 5282 2970 5354 (particularcm
3029 5283 3454 5353 aﬂirmativam)

1887 5377 2084 5447 aliquis
2107 5379 2467 5432 convertitur.
2504 5377 2658 5433 Unde
2717 5391 2816 5447 per
2853 5377 3024 5431 solum
3071 5377 3457 5434 deductiOnetu

1887 5469 1952 5521 ad
1989 5469 2327 5538 impossibile
2358 5467 2660 5537 perﬁcitur.
2692 5468 2748 5523 Si
2776 5469 2922 5524 enim
2957 5467 3153 5523 falsum
3201 5469 3303 5523 hoc
3371 5469 3457 5523 sit.

1888 5577 1996 5616 non
2025 5577 2186 5618 omne
2218 5545 2417 5617 animal
2444 5578 2570 5619 esse
2616 5563 2858 5634 nigrum,
2909 5579 3098 5618 verum
3130 5562 3295 5618 fuerit
3326 5577 3430 5616 con

1891 5655 2218 5711 tradictione
2239 5657 2578 5728 oppositum,
2613 5659 2716 5712 hoc
2749 5657 3036 5723 nimirum,
3069 5671 3230 5711 omne
3258 5656 3456 5711 anima'

1883 5763 2008 5801 esse
2039 5747 2277 5816 nigrum.
2307 5750 2413 5804 Sed
2447 5759 2565 5804 erat
2605 5751 2796 5817 etiam,
2851 5752 3031 5805 omnis
3105 5750 3266 5804 homo
3339 5749 3454 5802 ani-

1889 5839 2018 5894 mal.
2054 5839 2210 5906 Quod
2250 5841 2296 5898 si
2334 5840 2496 5912 igitur
2547 5843 2730 5900 omnis
2786 5844 2952 5903 homo
3001 5843 3236 5910 animal;
3295 5855 3458 5897 omne

3002 5941 3069 6004 31
