3856 6358
492 354 602 419 975
1548 418 1551 419 ί
1690 338 2080 400 Ntcnruou

2205 332 2579 397 unum»:
3108 417 3114 419 _
3614 333 3703 398 οτι

494 482 672 528 catur.
716 466 814 521 llic
844 464 990 519 enim
1046 458 1405 538 disseparatio
1436 464 1491 511 ει
1549 452 1845 525 disiunctio
1893 450 2073 509 consi-

2204 452 2423 507 ταλεῖται
2452 451 2857 521 διεζευγμένον,
2889 451 3189 522 Θεωρεῖται
3218 450 3328 523 γὰρ
3357 446 3599 505 ἐνταυθοῖ
3620 452 3717 505 δια-

497 562 743 617 deratur.
1168 538 1172 542 ’

2204 544 2455 613 [ωρισμδς
2486 547 2580 597 καὶ
2609 544 2903 606 διάξευξις.

570 655 626 709 4.
671 651 884 707 Primus
910 648 1130 718 quidem
1162 645 1329 714 igitur
1367 640 1563 698 modus
1598 641 2072 713 hypotheticorum

2245 638 2307 690 δ’.
2352 635 2572 704 Πρῶτος
2630 635 2729 704 μὲν
2777 631 2870 688 οὖν
2917 636 3117 706 τρόπος
3167 635 3277 689 τῶν
3328 635 3654 689 ὑποθετικῶν
3696 640 3719 692 6

442 792 446 794 γ
501 745 801 804 secundum
824 740 1243 797 coutinuitatem
1271 747 1356 792 est
1386 735 1479 808 qui
1541 736 1812 806 positione
1860 742 2076 787 antece-

2204 728 2316 781 εατά
2357 728 2672 797 συνέχειαν,
2713 729 2778 797 τῇ
2823 727 2973 780 θέσει
3006 725 3100 779 τοῦ
3143 726 3455 797 ἡγουμένου
3499 731 3720 784 συνεισά-

500 840 681 894 dentis
703 834 864 892 s‘mul
888 833 1051 889 infert
1072 845 1415 900 consequens
1451 846 1465 884 :
1496 828 1684 892 veluti,
1717 826 1774 881 Si
1828 840 1935 879 nox
1969 834 2073 888 est,

2204 836 2292 873 ’ων
2318 821 2376 873 τ’»
2404 820 2669 888 ἑπόμενον
2690 836 2703 849 ⁸
2735 816 2869 881 οἷον,
2901 819 2962 871 El
2988 819 3102 872 ἐστι
3131 818 3248 885 νὺξ,
3275 821 3305 872 6
3331 818 3484 888 ἥλιος
3513 818 3610 871 ὑπὸ
3634 821 3722 890 γῆν

500 933 578 988 sol
602 932 742 986 infra
780 940 979 983 terram
1016 934 1122 981 est.
1156 923 1318 993 Atqui
1350 937 1457 977 non
1487 932 1602 987 est;
1634 920 1716 975 sol
1741 918 1905 989 igitur
1931 916 2072 971 infra

2208 932 2345 969 στιν.
2382 914 2544 969 ’Λλλά
2590 916 2695 987 μὴν
2742 912 2857 968 ἔστι
2906 914 3039 980 νύξ⁸
3077 916 3104 967 6
3148 913 3300 983 ἥλιος
3345 910 3453 982 ἄρα
3494 911 3596 965 ὑπὸ
3635 915 3723 984 γῆν

500 1035 703 1078 terram
733 1031 836 1075 est.
899 1087 903 1091 .

2211 1025 2352 1062 στιν.

571 1119 624 1173 5.
657 1114 943 1172 Secundus
972 1112 1166 1167 modus
1190 1110 1346 1181 juxta
1378 1103 1794 1161 continuitatem
1823 1100 2075 1174 syllogis-

2246 1096 2307 1153 ε’.
2349 1098 2610 1170 Δεύτερος
2646 1098 2846 1168 τρόπος
2885 1100 2912 1151 6
2955 1098 3093 1152 κατά
3138 1100 3457 1166 συνέχειαν,
3492 1097 3557 1167 τῇ
3595 1097 3725 1152 ἀναι-

502 1212 715 1265 morum
753 1207 1229 1278 hypotheticorum
1254 1210 1360 1265 est,
1392 1199 1485 1268 qui
1517 1213 1581 1251 ex
1610 1195 1913 1251 remotione
1942 1209 2073 1250 con—

2204 1194 2322 1247 ιέσει
2349 1192 2443 1244 τοῦ
2472 1193 2742 1262 ἑπομένου
2775 1190 3119 1260 συναναιρῶν
3144 1190 3209 1242 τὸ
3239 1189 3545 1259 ἡγούμενον
3567 1204 3580 1217 ⁸
3608 1185 3721 1252 οἷον,

504 1266 975 1370 sequentis'simul
1006 1299 1247 1348 removet
1278 1287 1600 1342 antecedens
1628 1300 1643 1339 :
1684 1282 1853 1347 velut,
1888 1281 1945 1335 Si
1974 1281 2075 1336 hoc

2204 1285 2238 1337 ιι
2268 1283 2386 1336 τόδε
2422 1283 2708 1352 ἄνθρωπός
2746 1284 2860 1336 ἐστι
2881 1323 2897 1347 ,
2932 1284 3027 1335 καὶ
3062 1266 3211 1347 ζῶόν
3234 1268 3398 1334 ἑστιν.
3441 1279 3602 1335 Ἀ).λά
3635 1283 3725 1351 μὴν

507 1397 670 1450 homo
699 1400 807 1457 est,
837 1399 891 1445 et
923 1386 1120 1442 animal
1141 1393 1244 1439 est.
1276 1380 1437 1449 Atqui
1464 1393 1570 1433 non
1594 1385 1677 1432 est
1708 1373 1942 1442 animal;
1983 1388 2075 1428 ne-

2204 1379 2315 1429 ’ῶον
2347 1377 2444 1430 οὐκ
2485 1377 2663 1430 ἐστιν·
2700 1378 2822 1430 οὐδὲ
2859 1376 3147 1443 ἄνθρωπος
3182 1377 3313 1445 ἀρα.
3355 1376 3444 1427 Ἐν
3478 1373 3646 1441 τούτῳ
3680 1377 3725 1429 δὲ

506 1503 611 1556 que
643 1486 804 1555 igitur
825 1484 988 1535 homo
1015 1487 1117 1533 est.
1151 1476 1209 1529 ln
1252 1474 1354 1528 hoc
1385 1480 1564 1525 autem
1610 1468 1770 1521 modo
1806 1473 1954 1520 totus
1980 1480 2075 1535 per

2208 1468 2250 1537 ᾧ
2278 1470 2464 1539 τρόπῳ
2496 1469 2729 1534 σώζεται
2764 1469 2986 1537 σύμπας
3020 1469 3048 1519 6
3081 1466 3371 1537 χαρακτὴρ
3398 1465 3497 1533 τῆς
3534 1464 3626 1517 σὺν
3652 1467 3729 1518 ἀν-

503 1580 688 1635 omnia
717 1578 1006 1631 character
1029 1578 1283 1626 servatur
1305 1562 1682 1621 conversionis
1731 1576 1827 1629 per
1856 1567 2077 1615 contra-

2209 1556 2376 1611 ιθέσει
2406 1559 2794 1629 ἀντιστροφῆς.

505 1664 852 1743 ροεὶιὶοηὲιη.
2291 1739 2301 1743 Α
2419 1740 2489 1743 __
2581 1739 2616 1743 ﬂ
2692 1680 2693 1683 ‘
2935 1740 2947 1743 _
3032 1742 3037 1743 γ
3106 1710 3111 1715 .

574 1770 629 1824 6.
659 1766 828 1822 Porro
848 1759 1267 1829 existimandum
1300 1772 1407 1811 non
1447 1764 1549 1819 est,
1586 1753 1639 1806 in
1680 1751 1890 1805 ulrovis
1908 1745 2069 1818 363

2248 1739 2321 1805 ς·⁹.
2366 1741 2440 1793 Οὐ
2470 1740 2550 1794 δεῖ
2574 1739 2631 1793 δὲ
2660 1740 2904 1808 νομὲζειν
2932 1740 2989 1791 ὲν
3019 1738 3368 1810 όποτερῳοῦν
3392 1738 3601 1793 τούτων
3631 1738 3722 1793 τῶν

505 1863 697 1917 horum
729 1852 965 1913 duorum
1004 1852 1292 1907 modorum
1334 1860 1562 1902 necesse
1595 1858 1717 1899 esse
1748 1840 2076 1896 allirmative

2204 1832 2272 1886 tio
2302 1832 2523 1902 τρόπων
2557 1834 2859 1901 ἀναγκαῖον
2894 1829 3038 1888 εἶναι
3080 1833 3476 1902 καταφατικῶς
3522 1832 3731 1886 πάντοτε

496 1967 717 2023 semper
755 1950 1005 2019 accipere
1027 1942 1353 1999 antecedens
1400 1948 1455 1994 et
1511 1950 1881 2006 consequens.
1931 1931 2076 1985 Con-

2204 1925 2481 1995 .αμ6ἀνειν
2512 1924 2572 1979 τὸ
2607 1926 2913 1996 ἡγούμενόν
2944 1943 3004 1979 τι
3040 1927 3134 1979 καὶ
3166 1926 3227 1978 τὸ
3261 1926 3550 1995 ἑπόμενον.
3587 1924 3733 1978 Ἑνδέ-

478 2017 663 2118 ἰἰηείι
712 2017 1072 2101 enimetiam
1128 2047 1359 2105 utraque
1426 2031 1749 2087 al'llrmative
1802 2026 2072 2096 accipere,

2204 2034 2338 2086 [εται
2383 2018 2480 2087 μὲν
2517 2018 2624 2089 γὰρ
2663 2018 2758 2071 καὶ
2801 2020 2968 2088 ἄμφω
3007 2018 3395 2089 καταφατικῶς
3432 2017 3733 2084 λαμϐάνειν,

505 2107 963 2212 quemadmodum
995 2134 1046 2186 in
1074 2130 1236 2187 modo
1278 2127 1442 2182 dictis
1472 2121 1753 2191 exemplis.
1789 2117 1929 2172 Fieri
1983 2131 2076 2170 au-

2204 2108 2258 2172 ὒς
2310 2111 2403 2164 ἐπὶ
2453 2108 2559 2162 τῶν
2614 2109 2901 2179 προσεχῶς
2956 2110 3265 2180 εἰρημένων
3317 2107 3731 2177 ὑποδειγμάτων.

496 2200 615 2290 t-em
644 2240 822 2302 potest
853 2228 1016 2283 etiam
1052 2232 1113 2280 ut
1142 2223 1224 2278 vel
1254 2230 1486 2289 utraque
1516 2218 1624 2271 sint
1676 2213 1918 2279 negativa
1943 2226 1957 2277 ;
1983 2215 2078 2263 aut

2204 2202 2424 2255 δυνατὸν
2448 2202 2505 2255 δὲ
2534 2203 2627 2255 καὶ
2658 2202 2826 2272 ἄμερω
2855 2219 2917 2270 γε
2948 2203 3285 2269 ἀποφατικὰ,
3315 2201 3353 2271 ἦ
3375 2202 3434 2254 τὸ
3467 2201 3570 2269 μὶν
3598 2200 3736 2269 ἡγού-

508 2322 838 2380 antecedens
868 2317 1085 2388 quidem
1135 2311 1543 2372 al'lirmativum,
1608 2316 1954 2372 consequens
1984 2316 2080 2353 au-

510 2427 623 2473 tem
650 2413 981 2483 negativum,
1007 2417 1096 2463 aut
1116 2417 1331 2462 contra.

579 2510 633 2564 '7.
671 2508 747 2563 Ex
781 2506 1030 2573 utrisque
1060 2499 1328 2572 negativis
1361 2496 1511 2568 prior
1566 2492 1759 2548 modus
1793 2506 1809 2544 :
1862 2487 1919 2542 Si
1972 2499 2079 2539 non

506 2612 593 2659 est
622 2602 728 2656 hoc
747 2596 971 2660 animal,
1019 2608 1198 2663 neque
1255 2591 1418 2645 homo
1475 2594 1580 2642 est.
1630 2583 1789 2652 Atqui
1837 2595 1944 2635 non
1998 2583 2082 2632 est

510 2692 735 2748 animal.
763 2688 949 2759 Neque
978 2686 1143 2753 igitur
1174 2683 1336 2736 homo
1357 2688 1461 2735 est.
1489 2675 1831 2731 Antecedens
1860 2671 2079 2742 quidem

512 2786 680 2855 igitur
736 2790 820 2839 est
879 2783 931 2834 in
996 2779 1101 2833 hoc
1172 2771 1550 2835 conditionali,
1623 2782 1731 2823 non
1788 2780 1911 2819 esse
1977 2762 2083 2816 hoc

511 2876 713 2933 animal
744 2892 758 2929 :
792 2885 1138 2942 consequens
1159 2878 1363 2929 autem,
1390 2864 1493 2917 hoc
1516 2876 1623 2916 non
1641 2874 1761 2914 esse
1785 2856 2079 2925 hominem,

510 2967 787 3023 Positione
820 2965 986 3035 igitur
1016 2960 1177 3028 hujus
1198 2955 1343 3027 quod
1395 2968 1501 3008 non
1531 2951 1603 3007 sit
1652 2946 1871 3012 animal,
1920 2943 2082 3002 simul

512 3061 822 3124 inferimus,
857 3072 964 3111 non
1025 3068 1147 3109 esse
1207 3049 1506 3106 hominem.
1557 3043 1833 3102 Posterior
1891 3038 2083 3094 modus

511 3170 575 3210 ex
608 3123 820 3209 duobus
858 3147 1163 3218 negativis:
1194 3142 1253 3198 Si
1282 3157 1388 3197 non
1413 3150 1497 3195 est
1521 3139 1622 3193 hoc
1653 3123 1876 3196 animal,
1905 3144 2084 3200 neque

2190 2311 2351 2362 μενον
2380 2294 2771 2363 καταφατικὸν,
2797 2295 2857 2348 τὸ
2886 2295 2928 2371 δέ
2952 2295 3220 2364 ἑπόμενον
3245 2292 3611 2362 ἀποφατικὸν,
3637 2292 3665 2361 ἦ
3689 2294 3737 2345 τὸ

2187 2384 2475 2441 ἀνάπαλιν.

2259 2480 2326 2545 ζ’.
2354 2478 2480 2535 Οἷον
2507 2482 2572 2535 ἐκ
2604 2480 2697 2534 δύο
2730 2478 3085 2547 ἀποφατικῶν
3114 2482 3142 2533 6
3173 2479 3387 2549 πρῶτος
3420 2481 3622 2547 τρόπος
3643 2495 3654 2508 ⁸
3687 2480 3737 2533 El

2192 2573 2267 2644 μὴ
2296 2575 2411 2629 ἔστι
2441 2576 2557 2630 τόδε
2586 2574 2746 2641 ζῶον,
2776 2575 2896 2629 οὐδὲ
2925 2574 3211 2642 ἄνθρωπός
3242 2577 3411 2629 ἔστιν.
3450 2574 3618 2627 Ἀ).λά
3650 2575 3736 2645 μὴν

2188 2666 2286 2721 οὐκ
2318 2666 2430 2721 ἐστι
2464 2666 2623 2733 ζῶον.
2656 2666 3108 2735 Οὐῖὲᾶνθρωπος
3145 2667 3252 2738 ἀρα
3289 2667 3456 2721 ἐστίν.
3496 2667 3740 2736 Ἦγούμε-

2189 2778 2277 2814 νον
2320 2762 2419 2829 μὲν
2458 2760 2566 2829 γὰρ
2609 2762 2665 2816 ὲν
2708 2761 2884 2832 τούτῳ
2925 2762 3003 2830 τῷ
3049 2760 3353 2828 ὑποθετικῷ
3393 2762 3453 2814 τὺ
3506 2762 3581 2831 μὴ
3624 2760 3740 2813 ι’ναι

2190 2854 2303 2907 τόδε
2344 2854 2479 2919 ζῶον
2504 2871 2517 2885 ⁸
2555 2856 2822 2927 ἑπόμενον
2856 2856 2912 2909 δὲ
2947 2856 3008 2908 τὸ
3047 2855 3120 2926 μὴ
3155 2851 3298 2910 εἶναι
3333 2856 3643 2925 ἄνθρωπον.
3674 2856 3739 2924 Τῇ

2191 2946 2338 2999 θέσει
2375 2947 2505 3014 γοῦν
2537 2948 2631 3000 τοῦ
2672 2948 2745 3016 μὴ
2782 2948 2924 3001 εἶναι
2965 2948 3105 3012 ζῶον
3144 2949 3548 3017 συνεισάγομεν
3585 2949 3643 3000 τὸ
3681 2946 3742 3016 μὴ

2191 3033 2330 3090 εἶναι
2359 3038 2665 3108 ἄνθρωπον.
2702 3037 2763 3094 Ὀ
2791 3038 3044 3108 δεύτερος
3068 3040 3266 3109 τρόπος
3294 3041 3357 3091 ἐκ
3383 3041 3495 3092 τῶν
3520 3040 3612 3092 δύο
3638 3041 3744 3090 dno-

2194 3131 2474 3195 φατικῶν·
2525 3130 2586 3183 Ei
2639 3130 2715 3201 μὴ
2766 3131 2879 3184 ἐστι
2926 3131 3044 3184 τόδε
3100 3130 3258 3195 ζῶον,
3307 3131 3427 3185 οὐδὲ
3482 3131 3743 3201 ἄνθρωπός

514 3247 677 3301 homo
704 3251 807 3300 est.
837 3205 997 3310 Atquui
1031 3239 1194 3293 homo
1216 3245 1339 3298 est;
1370 3247 1500 3300 ergo
1526 3230 1689 3286 etiam
1740 3223 1944 3282 animal
1975 3230 2081 3278 est.

2204 3239 2358 3274 :atw.
2398 3222 2559 3277 Ἀ).λά
2614 3224 2722 3294 μὴν
2768 3223 3056 3294 ἄνθρωπός
3104 3226 3219 3278 ἔστι
3248 3240 3264 3257 ⁸
3318 3226 3412 3277 καὶ
3465 3223 3610 3288 ζῶον
3655 3224 3745 3292 ἄρα

512 3337 855 3393 Antecedens
883 3332 1102 3402 quidem
1146 3329 1198 3382 in
1223 3328 1324 3381 hoc
1375 3333 1478 3386 est,
1525 3337 1630 3376 non
1674 3334 1793 3375 esse
1830 3316 2077 3372 animal:

405 3486 421 3505 ,
514 3440 855 3498 consequens
886 3431 1067 3478 autem
1107 3421 1230 3483 hoc,
1265 3433 1375 3472 non
1409 3416 1530 3470 esse
1555 3412 1858 3467 hominem.
1888 3410 2085 3464 Remo-

512 3522 664 3574 tioue
694 3516 858 3587 igitur
886 3512 1073 3582 hujus,
1097 3524 1205 3565 non
1231 3523 1356 3563 esse
1385 3504 1686 3563 hominem.
1713 3501 1876 3557 simul
1919 3500 2085 3556 etiam

515 3615 828 3666 removetur
858 3620 966 3660 non
995 3617 1115 3659 esse
1172 3597 1393 3655 animal.
1420 3594 1586 3669 335
1631 3594 1793 3664 Atqui
1845 3606 1968 3648 cum
2027 3590 2088 3645 τὺ

510 3715 625 3756 non
647 3713 770 3755 esse
793 3702 1124 3757 removetur,
1151 3690 1210 3745 τὺ
1236 3703 1356 3745 esse
1385 3688 1629 3758 ponitur.

590 3792 645 3847 8.
704 3791 785 3845 Ex
825 3786 1181 3842 antecedente
1244 3780 1574 3837 aiﬁrmatiro
1615 3787 1670 3833 et
1722 3782 2091 3844 consequente

513 3885 771 3959 negativo
796 3882 942 3953 prior
963 3877 1161 3934 modus
1192 3876 1282 3931 hic
1312 3884 1394 3930 est
1419 3892 1436 3931 :
1465 3872 1523 3928 Si
1565 3872 1683 3927 dies
1710 3879 1816 3934 est,
1844 3885 1952 3925 nox
1980 3884 2089 3924 non

519 3989 629 4035 est.
653 3975 817 4047 Atqnl
841 3974 957 4029 dies
981 3980 1105 4035 est;
1142 3983 1248 4024 nox
1280 3967 1442 4039 igitur
1495 3978 1604 4019 non
1659 3971 1763 4019 est.
1817 3961 2093 4017 Posterior

524 4069 771 4124 modus':
805 4066 861 4121 Si
898 4076 1064 4119 unum
1094 4068 1238 4116 esset
1281 4060 1465 4122 homo,
1525 4070 1805 4126 nunquam
1861 4052 2091 4110 doleret.

523 4160 688 4232 Atqui
721 4158 908 4224 dolet,
936 4170 1044 4211 non
1075 4154 1238 4226 igitur
1263 4160 1348 4207 est
1374 4164 1565 4205 unum.

588 4254 641 4308 9.
680 4252 755 4306 Ex
786 4248 1138 4306 antecedente
1170 4243 1418 4315 negativo
1446 4252 1500 4299 et
1528 4247 1907 4310 consequente
1935 4237 2094 4295 afﬁr-

520 4346 723 4402 mativo
751 4343 903 4414 prior
929 4340 1122 4396 modus
1150 4337 1241 4393 hic
1267 4351 1284 4391 :
1315 4336 1369 4391 Si
1394 4333 1515 4391 dies
1543 4348 1651 4390 non
1681 4342 1789 4397 est,
1822 4333 1904 4388 sol
1947 4329 2093 4389 intra

521 4449 723 4493 terram
756 4442 860 4489 est.
885 4431 992 4488 Sed
1014 4432 1131 4487 dies
1162 4442 1267 4483 non
1297 4436 1424 4493 est;
1456 4426 1534 4482 sol
1586 4426 1753 4494 igitur
1798 4421 1940 4477 infra
1985 4431 2096 4477 ter-

522 4546 638 4586 ram
689 4537 795 4584 est.
858 4523 1136 4580 Posterior
1187 4520 1425 4575 modus:
1461 4517 1516 4573 Si
1560 4533 1670 4572 non
1736 4523 1886 4571 esset
1933 4516 2096 4570 homo

522 4623 884 4692 compositus,
912 4616 1143 4686 simplex
1167 4623 1223 4669 et
1239 4610 1512 4667 uuil‘orme
1534 4608 1847 4676 essetquod
1874 4618 2096 4663 sanaret

520 4714 719 4782 ipsum.
765 4709 930 4780 Atqui
977 4722 1083 4763 non
1132 4712 1213 4759 est
1251 4702 1481 4771 simplex
1518 4713 1575 4755 et
1626 4699 1902 4755 uniforme
1950 4700 2093 4770 quod

523 4802 874 4873 sanatipsum
901 4815 916 4864 ;
948 4797 1113 4852 homo
1140 4795 1309 4864 igitur
1344 4803 1431 4849 est
1485 4794 1845 4863 compositus.

593 4986 683 5040 10.
716 4984 781 5040 Hi
816 4982 1038 5055 quidem
1094 4980 1263 5050 igitur
1320 4978 1428 5033 duo
1478 4977 1627 5032 modi
1670 4992 1739 5031 ex
1803 4976 2095 5047 hypothesi

522 5078 959 5149 syllogismorum
1023 5080 1173 5138 sunt,
1241 5080 1299 5127 ct
1352 5069 1434 5125 sic
1486 5069 1896 5123 constituuntur
1970 5084 2093 5124 cum

519 5174 674 5243 juxta
699 5167 1134 5229 contiuuitatem,
1166 5173 1223 5216 ut
1256 5162 1464 5217 dictum
1490 5172 1596 5225 est,
1627 5150 2021 5231 producantur.

598 5264 687 5317 ιι.
754 5260 953 5315 Eorum
1009 5269 1190 5314 autem
1246 5255 1341 5326 qui
1400 5255 1700 5312 secundum
1770 5256 2088 5311 distantiam

522 5354 896 5426 proferuntur,
930 5351 1021 5405 ubi
1064 5351 1227 5405 etiam
1264 5362 1610 5418 consequens
1643 5363 1708 5402 ex
1744 5348 1909 5402 rehus
1938 5345 2095 5402 diffe-

521 5444 769 5501 rentibus
802 5449 1036 5508 constat,
1070 5454 1210 5493 unus
1233 5446 1319 5494 est
1347 5454 1411 5494 ex
1444 5437 1691 5507 negativa
1716 5437 2097 5507 complexione

520 5539 614 5609 qui
643 5536 916 5608 positione
947 5535 1111 5589 unius
1139 5548 1328 5588 eorum
1362 5547 1482 5603 qua:
1509 5539 1637 5585 sunt
1666 5532 1720 5585 in
1750 5545 2092 5599 consequen-

522 5642 593 5696 te,
627 5631 897 5698 reliquum
931 5635 1025 5682 aut
1052 5626 1256 5696 reliqua
1294 5633 1559 5679 removet.
1582 5623 1865 5691 Accipitur
1911 5631 2093 5676 autem

523 5724 615 5779 hic
639 5722 835 5777 modus
856 5721 938 5775 vel
965 5721 1020 5773 in
1053 5719 1216 5773 rebus
1240 5718 1389 5772 nullo
1421 5730 1646 5787 prorsus
1685 5715 1851 5769 modo
1872 5714 2094 5783 opposi-

525 5817 616 5874 tis.
652 5813 733 5869 vel
760 5815 814 5869 ln
861 5811 1096 5869 mediate
1125 5811 1390 5881 oppositis
1431 5818 1483 5865 et
1537 5807 1777 5863 medium
1822 5810 2090 5864 inlinituzn

2185 3312 2354 3366 ἐστίν.
2393 3313 2729 3384 Ἥγούμενον
2766 3317 2866 3384 μὲν
2898 3318 2956 3369 ὲν
2990 3316 3164 3386 τούτῳ
3197 3317 3256 3371 τὸ
3296 3316 3370 3387 μὴ
3405 3314 3548 3369 εἶναι
3587 3317 3709 3381 ζῶον
3730 3332 3742 3347 ⁸

2185 3404 2453 3475 ἑπόμενον
2480 3406 2537 3459 δὲ
2567 3408 2626 3459 τὸ
2659 3407 2734 3477 μὴ
2764 3403 2903 3461 εἶναι
2934 3407 3244 3477 ἄνθρωπον.
3271 3409 3349 3479 Τῇ
3383 3410 3519 3477 γοῦν
3548 3412 3744 3477 ἀναιρέο

2186 3514 2269 3552 σει
2296 3499 2391 3553 τοῦ
2426 3501 2500 3569 μὴ
2532 3494 2672 3575 εἶναι
2703 3499 2994 3570 ἄνθρωπον
3025 3502 3331 3571 ἀναιρεῖται
3363 3504 3457 3556 καὶ
3488 3503 3550 3556 τι
3584 3507 3657 3574 μὴ
3688 3500 3743 3554 εἷ-

2187 3609 2274 3647 ναι
2308 3591 2450 3656 ζῶον
2474 3607 2490 3625 ⁸
2523 3592 2920 3664 ἀναιρουμένου
2956 3594 3011 3649 δὲ
3043 3596 3138 3648 τοῦ
3177 3595 3254 3666 μὴ
3290 3590 3431 3649 εἶναι
3462 3596 3673 3649 τίθεται
3702 3595 3749 3647 τὸ

2190 3700 2350 3738 ειναι.

2259 3774 2331 3847 η’.
2386 3777 2475 3841 Ἐξ
2530 3774 2841 3847 ἡγουμένου
2902 3777 3282 3846 καταφατικοῦ
3340 3780 3436 3833 καὶ
3495 3780 3751 3849 ἑπομένου

2190 3866 2538 3935 ἀποφατικοῦ
2577 3868 2795 3937 πρῶτος
2827 3868 3028 3938 τρόπος
3063 3865 3220 3932 οὗτος
3243 3884 3259 3899 ⁸
3297 3871 3358 3923 Ei
3399 3871 3591 3939 ἡμέρα
3625 3870 3748 3928 ἐστὶ,

2193 3962 2290 4027 νὺξ
2317 3964 2417 4017 οὐκ
2445 3964 2616 4018 ἔστιν.
2654 3963 2815 4017 Ἀλλά
2854 3962 2961 4033 μὴν
2991 3963 3176 4034 ἡμέρα
3211 3964 3326 4017 ἐστι
3349 3981 3365 3997 ⁸
3400 3965 3498 4028 νὺξ
3532 3966 3640 4034 ἄρα
3668 3964 3754 4016 οὒκ

2194 4056 2365 4110 ἐστιν.
2402 4054 2459 4109 ’0
2486 4055 2739 4128 δεύτερος
2768 4057 2972 4125 τρόπος
2993 4072 3008 4088 ⁸
3042 4058 3101 4109 El
3132 4057 3191 4110 ἐν
3216 4058 3244 4111 6
3276 4057 3592 4128 ἄνθρωπος,
3620 4056 3767 4108 οὗδέο·

2196 4150 2315 4201 ποτ’
2338 4148 2405 4202 ἂν
2432 4148 2625 4219 ήλγεεν
2652 4146 2877 4218 (ﬂium).
2915 4150 3096 4217 Ἀλγεί
3119 4150 3178 4203 δέ
3195 4166 3212 4182 ⁸
3243 4150 3342 4209 οὐκ
3368 4152 3477 4222 ἄρα
3504 4153 3569 4206 ἓν
3595 4153 3754 4205 ἐστιν.

2267 4239 2331 4294 θ’.
2380 4240 2471 4306 Ἐξ
2502 4237 2844 4310 ἀποφατικοῦ
2883 4240 3197 4310 ἡγουμένου
3244 4242 3340 4294 καὶ
3384 4239 3757 4310 καταφατικοῦ

2198 4331 2465 4402 ἑπομένου
2509 4332 2727 4401 πρῶτος
2777 4331 2981 4403 τρόπος
3027 4324 3208 4395 οὗτος·
3262 4333 3436 4403 Εἴπερ
3485 4336 3594 4388 οὐκ
3626 4335 3761 4387 ἐστιν

2197 4425 2405 4496 ἡμέρα,
2432 4424 2629 4495 ὁήλιος
2659 4422 2763 4477 ὑπὸ
2781 4425 2886 4494 γῆν
2915 4427 3086 4479 ἔστιν.
3124 4425 3286 4479 ’Λλλά
3309 4425 3419 4498 μὴν
3449 4427 3642 4498 ἡμέρα
3674 4427 3761 4479 οὐκ

2200 4518 2347 4571 ἔστιν
2384 4532 2399 4548 ⁸
2435 4518 2463 4569 6
2506 4516 2660 4586 ἣλιος
2704 4516 2814 4586 ἀρα
2859 4517 2965 4570 ὑπὸ
3017 4520 3122 4588 γῆν
3173 4520 3344 4576 ἐστιν.
3410 4517 3471 4573 '0
3518 4521 3764 4587 δεύτερος

2198 4610 2420 4679 τρόπον
2456 4608 2517 4661 ιιι
2552 4609 2652 4661 οὐκ
2678 4605 2745 4675 ἧν
2772 4610 2800 4661 6
2829 4609 3120 4681 ἄνθρωπος
3159 4612 3438 4677 σύνθετος,
3468 4612 3684 4667 ἁπλοῦν
3707 4612 3765 4665 ἂν

2195 4699 2264 4774 ἦν
2288 4704 2379 4755 καὶ
2416 4703 2689 4771 μονοειδὲς
2720 4703 2779 4756 τὸ
2825 4703 3057 4773 ἰώμενον
3098 4706 3286 4760 αὐτόν.
3331 4707 3494 4761 Ἀλλά
3532 4707 3644 4779 μὴν
3680 4708 3765 4760 οὐκ

2197 4799 2283 4849 ἔστ
2296 4814 2346 4848 ιν
2379 4794 2588 4848 ἁπλοῦν
2623 4796 2717 4849 καὶ
2751 4796 3028 4866 μονοειδὲς
3051 4796 3110 4849 τὸ
3143 4795 3376 4868 ἰώμενον
3409 4801 3623 4853 αὐτόν’
3650 4799 3763 4853 σύν-

2199 4888 2350 4951 θετος
2385 4890 2492 4957 ἀρα
2524 4891 2552 4941 6
2589 4888 2898 4958 ἄνθρωπος.

2274 4989 2326 5036 ι’.
2348 4975 2504 5050 Οἶρτοι
2538 4984 2636 5049 μὲν
2665 4978 2767 5033 οὖν
2787 4984 2836 5036 oi
2872 4981 2967 5034 δύο
2996 4982 3189 5054 τρόποι
3222 4984 3331 5038 τῶν
3359 4983 3419 5049 ἐξ
3450 4986 3682 5037 ὑποθέσε
3697 5000 3761 5045 ως

2200 5075 2601 5143 συλλογισμῷν,
2633 5074 2727 5127 καὶ
2751 5072 2899 5127 οὕτω
2925 5076 3274 5129 συνίστανται
3299 5078 3443 5131 κατὰ
3461 5078 3765 5146 συνέχειαν,

2198 5167 2274 5230 ὡς
2308 5165 2552 5235 εἴρηται,
2587 5166 2990 5236 προαγόμενοι.

2271 5265 2359 5313 ια’.
2395 5259 2519 5312 Τῶν
2566 5258 2624 5311 δὲ
2675 5259 3105 5329 προφιρομένων
3134 5260 3274 5313 κατὰ
3304 5250 3625 5327 διάστασιν,
3658 5262 3767 5314 ἔνθα

2198 5354 2295 5405 καὶ
2323 5352 2555 5420 διάφορα
2587 5353 2890 5421 πράγματα
2924 5352 2983 5405 τὸ
3026 5352 3311 5422 ἑπόμενον,
3345 5357 3372 5407 6
3404 5354 3509 5423 μὲν
3542 5354 3695 5409 ἔστιν
3720 5353 3767 5417 ἐξ

2198 5443 2545 5513 ἀποφατικῆς
2576 5444 2902 5512 συμπλοκῆς
2930 5446 2997 5514 τῇ
3028 5443 3175 5498 θέσει
3221 5445 3332 5499 τῶν
3370 5446 3462 5500 τοῦ
3501 5447 3769 5518 ἑπομένου

2200 5532 2315 5595 ἑνὸς
2347 5533 2588 5603 ἀναιρῶν
2622 5533 2683 5586 τὸ
2724 5532 2935 5602 ἕτερον,
2992 5533 3024 5605 ἢ
3065 5534 3135 5590 τά
3175 5536 3363 5606 ἕτερα.
3409 5537 3767 5604 Δαμΰάνετοι

2201 5625 2245 5680 δ’
2274 5624 2429 5688 οὗτος
2460 5626 2492 5696 ἢ
2534 5626 2631 5679 hri.
2670 5625 2782 5679 τῶν
2813 5626 2939 5697 μηδ’
2972 5627 3110 5692 ὅλως
3142 5629 3549 5690 ἀντικειμένων
3603 5647 3768 5700 πραγο

2203 5716 2453 5788 μάτωνῆ
2498 5717 2592 5769 ἰπὶ
2644 5718 2751 5771 τῶν
2808 5719 3207 5787 ἀντικειμένων
3260 5720 3524 5788 ἐμμέσως
3580 5724 3680 5773 καὶ
3723 5719 3768 5768 τὸ

2202 5812 2364 5882 μέσον
2389 5810 2623 5883 ἑχόντων
2668 5812 2952 5883 ἀόριστον.
3013 5811 3139 5866 Ἐπὶ
3186 5813 3295 5867 τῶν
3329 5812 3602 5883 ἑμμέσως
3639 5813 3769 5867 ἀντι-
