3856 6358
339 318 443 381 995

1532 309 1958 372 NICEPHORI
1995 306 2425 371 BLEMMlD.-E

3508 307 3616 365 99b

340 424 522 497 perlici
559 430 771 493 oportet
807 418 1334 484 contradictionem,
1378 417 1470 475 sed
1504 418 1669 474 etiam
1719 416 1906 472 eodem

2034 414 2298 470 τελεῖσθαι
2336 418 2442 488 χρὴ
2496 415 2594 487 τὴν
2650 416 2964 486 ἀντίφασιν,
3017 415 3150 473 ἀλλὰ
3200 417 3297 473 καὶ
3324 415 3613 479 ὡσαύτως,

337 518 518 580 modo.
550 529 604 572 et
630 517 682 571 in
716 515 905 572 eodem
942 523 1211 586 tempore.
1241 511 1442 567 Eodem
1476 511 1695 582 quidem
1729 510 1913 574 modo,

336 628 402 666 ne
432 610 687 665 dicamus
716 608 975 664 infantem
998 649 1015 673 ,
1043 607 1463 675 grammaticum
1495 615 1551 660 et
1586 620 1693 657 non
1735 620 1917 669 gram-

258 752 267 759 κ
335 703 620 768 maticunt;
652 710 747 757 aut
772 701 1156 762 dormientem,
1184 699 1458 755 videntem
1492 706 1548 751 ct
1580 711 1687 749 non
1724 695 1911 749 viden-

333 808 440 853 tem
481 813 496 851 :
529 813 697 851 unum
736 796 959 867 quidem
994 803 1115 848 actu
1143 834 1157 857 ,
1189 793 1426 847 alterum
1454 800 1637 848 autem
1669 789 1914 860 potentia

332 890 673 960 accipiendo.
698 888 756 944 In
786 889 977 945 eodem
1009 887 1248 955 denique
1271 898 1535 955 tempore,
1569 899 1637 939 ne
1662 881 1912 937 eumdem

334 984 634 1048 hominem,
671 984 851 1053 quoad
875 983 1019 1037 aliud
1056 990 1271 1051 tempus
1304 980 1535 1046 malum;
1560 976 1738 1048 quoad
1768 973 1914 1030 aliud

332 1087 571 1148 tempus,
610 1093 715 1132 non
748 1076 951 1131 malum
982 1076 1254 1130 dicamus.

405 1174 493 1227 ll.
537 1170 661 1227 Haec
688 1174 868 1226 omnia
903 1171 1044 1226 scire
1074 1178 1291 1238 oportet
1316 1182 1440 1221 eum
1468 1208 1480 1232 ,
1518 1166 1611 1238 qui
1644 1166 1769 1223 aliis
1802 1181 1911 1222 non

332 1268 448 1320 vult
484 1266 659 1333 decipi
687 1274 741 1319 et
769 1263 1104 1334 dccipientes
1130 1261 1491 1325 redarguere.

405 1361 491 1416 12.
524 1358 653 1415 lmle
671 1356 1022 1413 manifestum
1048 1366 1152 1420 est,
1174 1353 1341 1426 388
1363 1352 1506 1423 quod
1535 1367 1725 1409 omnes
1756 1368 1919 1423 para-

2022 509 2118 564 καὶ
2150 510 2209 563 ὲν
2240 508 2319 581 τῷ
2366 510 2512 581 αὐτῷ
2561 511 2760 581 χρόνῳ.
2812 510 3086 574 Ὡσαύτως
3119 511 3239 581 μὲν,
3286 511 3375 565 ἴνα
3416 509 3493 580 μὴ
3529 509 3615 561 λὲο

2022 620 2206 675 γωμεν
2233 605 2293 659 rb
2325 605 2528 675 βρέφος
2567 608 2965 674 γραμματικόν
2996 623 3055 659 τε
3089 606 3187 659 καὶ
3236 604 3297 659 οὗ
3340 586 3614 675 γραμμα-

2019 700 2208 754 τικόν·
2244 701 2276 769 ἢ
2330 700 2419 753 τὸν
2456 700 2800 769 κοιμ·ἱ›μενον
2843 699 3057 768 ὁρῶντα
3092 701 3188 753 καὶ
3216 700 3316 769 οἰχ
3348 699 3567 768 ὁρῶντα
3594 737 3610 758 .

2020 796 2079 848 r6
2133 794 2233 864 μὲν
2295 794 2441 847 κατὰ
2492 794 2556 846 τὸ
2607 794 2861 862 δυνάμει,
2896 794 2959 845 r6
3002 793 3058 845 δὲ
3091 793 3233 846 κατά
3262 793 3322 844 τὸ
3355 793 3611 862 ἐνεργείᾳ

2019 886 2435 955 λαμϐάνοντες’
2495 887 2552 939 ἑν
2590 885 2668 956 τῷ
2702 884 2849 956 αὐτῷ
2900 885 2957 939 δὲ
3006 885 3210 956 χρόνῳ,
3272 885 3364 939 ἵνα
3413 885 3488 955 μὴ
3518 885 3610 938 τὸν

2021 980 2187 1033 αὑτὸν
2243 979 2535 1048 ἄνθρωπον
2582 977 2835 1047 λέγωμεν
2888 978 3011 1031 κατ’
3044 977 3210 1032 ἄλλον
3265 978 3366 1047 μὲν
3417 978 3610 1047 χρόνον

2022 1072 2246 1141 φαῦλον,
2279 1072 2400 1125 κατ’
2429 1072 2592 1126 ἄλλον
2618 1072 2673 1124 δὲ
2707 1071 2870 1124 πάλιν
2899 1070 3093 1140 χρόνον
3122 1069 3184 1122 οὒ
3230 1070 3462 1138 φαῦλον.

2097 1170 2185 1220 ια’.
2218 1163 2405 1217 Ταῦτα
2436 1164 2615 1218 πάντα
2636 1161 2815 1231 χρεὼν
2838 1162 3043 1214 εἰδέναι.
3068 1161 3157 1215 τδν
3186 1163 3260 1232 μή
3296 1161 3345 1215 r'
3392 1163 3608 1216 ἀττατᾶ-

2024 1257 2171 1324 σθαι,
2214 1257 2459 1320 καὶτοὺς
2493 1256 2819 1312 ἀπατῶντας
2853 1255 3104 1324 ἐλέγχειν
3132 1255 3476 1325 βουλόμενον.

2097 1352 2182 1421 ιβ’.
2240 1350 2524 1404 Ἐντεῦθεν
2568 1349 2728 1420 δῆλόν
2777 1350 2949 1414 ἐστιν,
2984 1348 3057 1411 ὡς
3104 1349 3153 1402 oi
3194 1346 3608 1416 παραλογισμὼ

334 1453 548 1523 logistni
601 1452 665 1505 ad
703 1449 1102 1521 ignorationem
1156 1445 1370 1502 elenchi
1409 1445 1746 1511 referantur;
1792 1461 1906 1500 cum

2034 1448 2223 1507 πάντες
2274 1447 2351 1506 είς
2382 1445 2480 1516 τὴν
2522 1444 2615 1497 τοῦ
2667 1443 2893 1512 ἐλέγχου
2943 1442 3168 1510 ἄγνοιαν
3217 1440 3604 1512 ἀναφέρονται.

331 1552 445 1603 sint
477 1546 598 1601 falsi
639 1544 864 1615 quidam
892 1552 947 1598 et
973 1541 1203 1611 captiosi
1235 1540 1471 1605 clenchi,
1496 1551 1550 1595 et
1571 1555 1632 1594 ea
1657 1541 1723 1593 de
1749 1554 1906 1595 causa

2034 1540 2238 1612 ζαευδεϊς
2271 1556 2412 1601 τινες
2444 1538 2595 1601 ὄντες
2641 1537 2857 1607 ἔλεγχοι
2903 1537 2999 1590 καὶ
3031 1536 3331 1606 ἀπατηλοὶ,
3377 1539 3473 1589 καὶ
3514 1537 3605 1588 δια

330 1639 615 1709 ευριιίειίυί
648 1637 862 1692 elenchi
903 1643 1190 1700 vocentur,
1221 1643 1279 1688 ut
1328 1632 1473 1703 quod
1518 1632 1624 1687 illis
1656 1632 1906 1703 solihista

2034 1635 2182 1691 τοῦτο
2215 1634 2519 1702 σοφιστικοὶ
2563 1631 2889 1700 καλούμενοι
2926 1630 3163 1702 ἔλεγχοι,
3191 1630 3269 1693 ὡς
3300 1631 3605 1698 χρωμένων

333 1743 579 1794 utantur,
626 1731 831 1801 quibus
868 1729 1001 1783 nihil
1059 1727 1207 1783 aliud
1244 1742 1391 1782 cura:
1439 1734 1543 1788 est,
1590 1741 1912 1796 quamcum

333 1839 458 1879 cum
485 1838 597 1893 quo
628 1819 943 1883 conferunt,
990 1816 1259 1888 ejusmodi
1291 1814 1552 1870 coloratis
1577 1813 1912 1888 syllogismis

328 1918 603 1988 decipere.

405 2014 489 2068 15.
540 2012 596 2065 Si
650 2010 817 2079 igitur
870 2023 1028 2063 verus
1080 2006 1343 2063 elenchus
1403 2002 1777 2061 contradictio
1828 2009 1913 2056 est

327 2106 492 2161 unius
522 2114 577 2159 et
602 2102 848 2172 ejusdem
895 2118 1002 2157 nou
1040 2110 1253 2155 tantum
1294 2100 1532 2155 nominis
1556 2139 1570 2161 ,
1607 2097 1697 2152 sed
1746 2097 1908 2149 etiam

328 2199 406 2254 rei
433 2215 448 2253 ι
475 2197 569 2268 qui
597 2197 698 2251 hoc
739 2195 961 2251 sciverit
990 2234 1005 2259 ,
1056 2194 1412 2265 sOphismatis
1446 2195 1498 2246 in
1532 2190 1769 2244 dictione
1800 2203 1907 2242 non

329 2293 647 2347 seducetur.

403 2386 493 2439 Η.
554 2382 687 2437 Nam
726 2389 781 2437 et
815 2377 1169 2450 homonymia
1222 2394 1316 2449 per
1360 2377 1632 2433 diversam
1670 2375 1910 2431 nominis

326 2476 780 2547 signiﬁcationem
811 2475 1056 2529 diversas
1091 2488 1176 2526 res
1209 2472 1439 2526 inducit.
1894 2474 1903 2484 '

398 2566 493 2621 15.
522 2566 587 2619 Et
621 2564 959 2634 amphibolia
990 2572 1212 2632 propter
1237 2562 1543 2615 orationem
1569 2572 1621 2615 et
1651 2573 1909 2615 consmi-

326 2658 563 2713 ctionem
615 2670 735 2723 qua
784 2669 954 2709 unam
1013 2638 1244 2707 formam
1298 2669 1405 2705 non
1459 2651 1706 2718 habent,
1762 2654 1905 2705 circa

328 2765 497 2805 unum
528 2763 636 2803 non
670 2757 944 2802 versatur.

399 2837 490 2893 16.
525 2839 592 2892 Et
615 2851 743 2891 vero
766 2836 1094 2907 compositio
1119 2836 1257 2890 alias
1289 2850 1377 2890 res
1404 2836 1733 2907 composite,
1770 2836 1903 2891 alias

2022 1728 2233 1791 τούτοις
2263 1728 2371 1780 τῶν
2414 1726 2711 1795 σοφιστῶν,
2756 1727 2865 1779 τῶν
2897 1723 3069 1794 μηδὲν
3100 1722 3233 1777 ἄλλο
3265 1722 3607 1777 ἐσπουδακὸ-

2019 1840 2147 1883 των,
2200 1821 2234 1892 ἢ
2292 1819 2559 1881 τοιούτοις
2615 1817 3165 1889 κεχρωματισμένοις
3217 1817 3606 1887 συλλογισμοῖς

2014 1915 2106 1969 τὸν
2136 1913 2671 1985 προσδιαλεγόμενον
2702 1913 2948 1983 άπατᾷν.

2088 2004 2176 2075 ιγ’.
2214 2006 2275 2059 El
2310 2008 2489 2059 τοίνυν
2542 2007 2571 2059 6
2616 2004 2830 2076 ἀληθὴς
2882 2004 3102 2073 ἐλεγχος
3135 2000 3430 2071 ἀντίφασίς
3486 2001 3602 2054 ἑστι

2014 2103 2109 2155 τοῦ
2166 2099 2333 2154 αὐτοῦ
2389 2100 2484 2153 καὶ
2537 2099 2655 2161 ὲνδς
2705 2098 2779 2167 μὴ
2818 2098 2977 2167 μόνον
3008 2096 3299 2165 ὀνόματος,
3346 2093 3481 2147 ἀλλα
3508 2094 3603 2146 καὶ

2015 2196 2347 2267 πράγματος
2369 2211 2382 2226 ⁸
2418 2194 2446 2246 6
2477 2194 2639 2246 τοῦτο
2671 2192 2831 2255 εἰδὼς
2872 2192 2972 2244 οὐκ
3003 2191 3069 2245 ἂν
3106 2188 3453 2260 παρασυρείη
3488 2189 3601 2251 τοῖς

2015 2292 2167 2361 παρὰ
2209 2290 2307 2355 τὴν
2336 2288 2484 2354 λέξιν
2511 2287 2869 2356 σοφίσμασιν.
2992 2347 2995 2351 4

2084 2376 2247 2435 ιδ’.Ἤ
2276 2394 2334 2428 τε
2365 2377 2472 2443 γὰρ
2502 2376 2809 2445 ὁμωνυμία.
2831 2375 3067 2445 διάφορα
3092 2374 3304 2441 εἰσάγει
3331 2372 3402 2427 τὸ.
3427 2370 3603 2439 πράγ-

2016 2488 2158 2541 ματα
2192 2470 2279 2522 διὰ
2308 2471 2405 2539 τῆς
2431 2468 2695 2539 διαφόρου
2731 2466 3011 2536 σημασίας
3040 2466 3134 2519 τοῦ
3163 2467 3457 2535 ὀνόματος.

2092 2569 2173 2617 ιε’.
2211 2565 2321 2615 Καὶ
2350 2563 2382 2627 ἠ
2412 2561 2716 2630 άμφιὸολία
2735 2559 2826 2613 διὰ
2853 2558 2949 2613 τοῦ
2968 2558 3129 2626 λόγου
3163 2560 3257 2612 καὶ
3283 2559 3377 2625 τῆς
3403 2555 3601 2611 συντά-

2012 2659 2146 2724 ξεως
2177 2656 2239 2709 τὸ
2272 2654 2549 2725 μονοειδὲς
2594 2652 2694 2707 οὐκ
2735 2652 2971 2723 ἑχόντων
3009 2650 3072 2704 οὐ
3120 2652 3250 2718 περὶ
3283 2650 3342 2702 ἓν
3373 2650 3604 2718 καταγί-

2011 2773 2182 2808 νεῖαι.

2083 2853 2181 2912 ις’.
2212 2846 2366 2916 Καὶή
2390 2844 2635 2904 σύνθεσις
2667 2842 2723 2896 δὲ
2749 2842 2892 2911 καὶὴ
2911 2840 3176 2913 διαίρεσις
3194 2838 3331 2893 ἄλλα
3350 2836 3451 2904 μὲν
3472 2852 3595 2888 συν-

326 2931 504 2987 divise
543 2930 805 2986 declarat.
861 2930 1026 3001 Atqui
1086 2930 1138 2984 in
1193 2930 1412 3000 proprie
1467 2929 1616 2985 dicto
1671 2931 1905 2985 elencho

2034 2939 2358 3009 τεθειμὲνως,
2386 2937 2523 2992 ἄλλα
2547 2938 2602 2990 δὲ
2628 2933 2976 3006 διῃρημένως
3005 2931 3233 3005 δηλοῦσι
3260 2931 3596 2999 πράγματα.

329 3039 498 3079 unum
534 3033 588 3078 et
633 3022 775 3078 idem
812 3038 1038 3091 prorsus
1073 3029 1129 3077 et
1175 3030 1329 3077 extra
1362 3021 1817 3101 contpositionem
1851 3029 1904 3075 ct

2034 3031 2170 3085 1εἶδ⁹
2194 3030 2287 3083 ἐπὶ
2317 3030 2411 3084 τοῦ
2437 3028 2644 3099 κυρίως
2676 3027 2901 3096 ἐλέγχου
2930 3025 2990 3079 r6
3022 3024 3153 3079 αὐτὸ
3182 3024 3278 3078 καὶ
3309 3022 3369 3076 ἒν
3396 3020 3597 3093 δηλοῦο

326 3116 383 3170 in
413 3115 812 3185 compositione
842 3113 1110 3169 declarari
1141 3121 1376 3183 Oportet.

396 3207 484 3261 17.
518 3207 791 3263 Accentus
824 3217 1012 3261 autem
1060 3214 1429 3276 praeterquam
1463 3204 1608 3276 quod
1656 3202 1905 3259 diversas

282 3280 297 3299 ’
326 3301 761 3374 signiﬁcationes
796 3301 997 3365 infert,
1041 3317 1111 3356 ne
1160 3299 1381 3372 quidem
1434 3315 1602 3357 unum
1652 3299 1905 3371 idemque

304 3409 421 3466 .per
452 3394 635 3447 omnia
669 3406 862 3447 numen
896 3401 1101 3446 seri-at.

398 3489 486 3544 IR.
524 3487 630 3544 Sed
652 3474 717 3542 ἐι
747 3486 1005 3542 dictionis
1038 3486 1293 3558 tignratio
1324 3484 1786 3555 signiﬁcationem
1818 3499 1905 3541 re-

326 3599 444 3638 rum
480 3584 760 3639 immutat.

398 3675 486 3732 19.
526 3678 703 3746 Atque
734 3675 864 3731 hinc
896 3677 951 3731 in
987 3676 1152 3732 inullis
1180 3675 1538 3747 sophismatis
1566 3692 1622 3731 ιιι
1662 3675 1907 3731 dictione

325 3782 497 3820 unum
524 3766 774 3836 idemque
798 3780 921 3821 cum
949 3780 1147 3820 nomen
1198 3775 1315 3819 tum
1340 3782 1455 3821 rem
1480 3766 1732 3821 invenire
1756 3765 1904 3831 licet,

329 3857 496 3931 389
547 3859 1015 3930 quemadmodum
1066 3859 1181 3915 veri
1240 3858 1451 3915 elenchi
1510 3859 1759 3916 deﬁnitio
1812 3873 1902 3914 re-

328 3953 514 4024 quirit.

396 4044 488 4098 20.
541 4043 647 4100 Ubi
698 4053 880 4099 autem
930 4045 1112 4099 locum
1165 4045 1391 4102 habebit
1441 4044 1495 4100 id
1545 4046 1710 4102 etiam
1758 4046 1903 4117 quod

329 4136 514 4207 plures
546 4137 1008 4205 interrogationes
1039 4152 1201 4192 unam
1240 4137 1368 4193 facit
1389 4179 1403 4203 ,
1437 4147 1495 4193 ut
1522 4139 1687 4193 etiam
1718 4139 1782 4193 ad
1817 4154 1906 4194 so-

329 4230 604 4300 phismata
646 4242 799 4284 extra
846 4230 1143 4285 dictionem
1196 4230 1556 4300 respiciamus
1584 4272 1599 4298 ,
1634 4231 1902 4302 siquidem

328 4321 589 4375 elcuchus
618 4321 783 4377 unius
814 4329 869 4376 et
899 4322 1071 4376 solius
1102 4323 1181 4376 rei
1220 4329 1334 4376 tum
1392 4323 1655 4389 nominis,
1684 4337 1785 4378 nec
1815 4323 1904 4377 di-

329 4430 609 4471 versorum
640 4415 1130 4471 contradictionem
1162 4415 1550 4471 ratiocinatur?

1932 3127 1974 3187 Ω
2011 3125 2138 3180 σθαι
2170 3124 2443 3186 παντοίως
2473 3125 2562 3177 καὶ
2599 3120 2768 3193 χωρὶς
2793 3121 2885 3173 καὶ
2920 3120 3059 3190 μετὰ
3093 3118 3418 3182 συνθέσεως.

2084 3215 2170 3282 ιζ’.
2215 3216 2281 3268 ’11
2332 3216 2386 3268 δὲ
2420 3214 2721 3284 προσῳδία,
2775 3212 2908 3277 πρὸς
2941 3211 3021 3282 τῷ
3064 3210 3364 3281 διαφόρους
3408 3209 3602 3279 φάρειν

2012 3307 2111 3371 τὰς
2144 3308 2446 3376 σημασίας,
2493 3305 2614 3361 οὐδὶ
2647 3303 2886 3375 τοῦνομα
2933 3302 3201 3373 φυλάσσει
3246 3304 3307 3355 r6
3338 3302 3473 3355 αὐτὸ
3508 3302 3603 3355 καὶ

1966 3440 1983 3461 ,
2013 3397 2073 3452 ἓν
2107 3397 2251 3453 κατὰ
2291 3398 2492 3452 πάντα.

2087 3498 2178 3563 ιη’.
2215 3491 2325 3545 Καὶ
2351 3493 2378 3544 6
2409 3491 2507 3561 τῆς
2531 3490 2737 3557 λέξεως
2763 3490 2822 3544 δὲ
2852 3488 3242 3560 σχηματισμὸς
3277 3487 3387 3540 τῶν
3418 3501 3601 3557 πραγο

2016 3588 2201 3659 μάτων
2229 3586 2542 3641 ἑναλλάττει
2572 3584 2673 3656 τὴν
2698 3585 2952 3655 δήλωσιν.
3200 3564 3215 3573 ”

2086 3680 2179 3735 ιθ’.
2214 3679 2545 3735 Κάντεῦθιν.
2574 3676 2675 3732 οὐκ
2720 3677 2869 3731 ἔστιν
2919 3676 3106 3744 εὔρεϊ)
3162 3674 3222 3729 ιν
3270 3674 3449 3728 οὐδενὶ
3487 3674 3600 3726 τῶν

2014 3775 2165 3845 παρά
2194 3774 2293 3844 τὴν
2332 3772 2477 3838 λέξιν
2529 3770 2887 3842 σοφισμάτων
2937 3770 3000 3821 τὸ
3048 3768 3183 3823 αὐτὸ
3213 3769 3307 3823 καὶ
3338 3766 3397 3820 ἔν
3425 3767 3603 3834 ὄνομά

2012 3883 2071 3919 τε
2100 3864 2195 3918 καὶ
2237 3865 2493 3935 πρᾶγμα,
2523 3861 2709 3925 καθὼς
2738 3862 2766 3914 6
2802 3859 2894 3913 τοῦ
2922 3858 3157 3930 ἀληθοῦς
3189 3858 3416 3929 ἐλέγχου
3439 3857 3601 3925 λόγος

2013 3960 2265 4013 ἀπαιτεῖ.

2085 4058 2152 4105 κ’.
2193 4049 2302 4103 Ποῦ
2332 4050 2375 4103 δ’
2401 4050 2513 4115 ἕξει
2542 4047 2730 4122 χώραν
2762 4049 2859 4101 καὶ
2889 4049 2917 4100 6
2950 4047 3016 4101 τὰ
3047 4045 3223 4102 πλείω
3253 4046 3600 4115 ἐρωτήματα

2014 4143 2183 4197 ποιῶν
2214 4141 2292 4209 ἓν,
2332 4143 2417 4195 ἵνα
2453 4142 2547 4195 καὶ
2581 4141 2717 4212 προς
2741 4140 2868 4204 τοὺς
2896 4140 3001 4206 ἔξω
3041 4140 3141 4209 τῆς
3174 4139 3372 4203 λέξεως
3395 4138 3598 4207 ἴδωμεν

2014 4237 2341 4302 σοφισμοὺς,
2371 4230 2531 4304 εἴπερ
2578 4232 2606 4284 6
2652 4231 2872 4302 ἐλεγχος
2929 4230 3049 4294 ἑνὸς
3079 4231 3175 4285 καὶ
3227 4230 3391 4300 μόνου
3456 4230 3602 4301 πρά-

2012 4325 2221 4396 γματός
2278 4342 2337 4378 τι
2368 4326 2464 4379 καὶ
2516 4324 2804 4396 ὀνόματος,
2869 4323 2987 4378 ἀλλ’
3017 4324 3078 4378 οὐ
3112 4324 3389 4394 διαφόρων
3445 4322 3597 4377 άντί-

1976 4410 2178 4489 ’φασιν
2210 4417 2588 4487 συλλογίζεται
2612 4435 2630 4481 ;

394 4507 488 4562 2i.
520 4506 807 4574 Quomodo
833 4515 1014 4563 autem
1045 4508 1449 4578 paralogismus
1475 4524 1506 4563 a
1534 4509 1679 4565 dicto
1706 4524 1903 4566 secun-

2085 4516 2193 4569 κα’.
2228 4511 2354 4575 ῐιῶς
2380 4510 2427 4566 δ’
2463 4513 2530 4594 ἂν
2569 4514 2598 4566 6
2629 4512 2781 4583 παρὰ
2827 4512 2890 4566 τὸ
2936 4512 3011 4582 πῆ
3052 4512 3147 4567 καὶ
3188 4511 3377 4576 ἁπλῶς
3413 4527 3598 4584 παρα-

327 4600 457 4655 dum
505 4601 636 4671 quid
679 4610 734 4657 et
783 4599 1108 4671 simpliciter
1159 4616 1284 4656 cum
1337 4602 1567 4658 elencho
1617 4603 1904 4675 jungetur,

327 4710 450 4750 cum
484 4695 539 4750 in
572 4708 680 4750 una
712 4694 768 4750 et
801 4696 991 4751 eadem
1023 4710 1084 4752 re
1123 4696 1618 4753 contradictionem
1660 4713 1770 4753 non
1814 4713 1909 4753 ra-

327 4788 660 4843 tiocinetur?

394 4866 498 4934 22.
857 4881 869 4896 ο
1552 4883 1566 4896 ο

474 4921 487 4933 .
528 4878 686 4947 Quod
723 4879 768 4937 si
798 4890 963 4936 etiam
999 4897 1064 4937 ex
1099 4882 1246 4940 datis
1287 4898 1605 4939 necessario
1639 4881 1905 4941 elenchus

326 4968 638 5030 conlieitur,
672 4969 862 5037 utique
895 4970 988 5041 qui
1019 4986 1126 5026 non
1160 4982 1244 5027 est
1279 4986 1346 5027 ex
1379 4971 1524 5026 datis
1554 4973 1901 5037 necessario,

327 5063 471 5118 haud
506 5063 771 5119 elenchos
802 5063 986 5129 fuerit,
1019 5064 1199 5134 qualis
1223 5074 1304 5120 est
1338 5065 1383 5120 is
1411 5064 1506 5135 qui
1538 5080 1649 5120 non
1678 5078 1901 5119 causam

326 5168 383 5211 ut
418 5171 637 5210 causam
680 5157 851 5227 ponit.

394 5251 485 5305 25.
528 5249 647 5304 Jam
694 5268 823 5307 vero
868 5252 962 5322 qui
1008 5268 1072 5306 ex
1117 5251 1401 5307 accidente
1442 5261 1496 5307 et
1537 5262 1904 5324 consequente

324 5352 489 5408 sunt,
522 5344 625 5398 etsi
657 5346 820 5397 ctiam
855 5358 919 5397 ex
951 5345 1093 5400 datis
1124 5344 1455 5401 concludere
1488 5346 1744 5401 ridentur
1770 5390 1785 5414 ,
1819 5356 1901 5401 ta-

326 5446 449 5485 men
509 5446 609 5485 nec
659 5432 766 5502 ipsi
813 5446 877 5485 ex
929 5433 1260 5488 necessitate
1306 5434 1669 5490 concludunt.
1718 5433 1904 5505 Neque

323 5528 468 5580 enim
505 5540 625 5594 qua:
661 5525 957 5595 prredicato
989 5527 1295 5582 secundmn
1332 5530 1627 5597 essentiam
1661 5544 1772 5583 non
1821 5530 1905 5583 in-

323 5626 474 5684 sunt,
505 5617 621 5674 haec
652 5620 719 5672 de
747 5619 998 5690 subjecto
1028 5620 1313 5691 prmdicari
1347 5636 1574 5677 necesse
1607 5631 1691 5677 est
1715 5638 1731 5690 ;
1760 5622 1903 5678 unde

325 5710 624 5766 accidentis
649 5713 995 5785 syllogismus
1023 5730 1129 5769 non
1159 5723 1261 5769 est.
1292 5716 1358 5769 At
1390 5730 1517 5786 pars
1543 5715 1663 5786 ejus
1696 5715 1787 5785 qui
1817 5722 1902 5770 est

324 5819 387 5858 ex
419 5802 721 5877 accidente,
761 5807 806 5865 is
838 5808 999 5865 ctiam
1038 5816 1120 5864 est
1154 5808 1243 5879 qui
1271 5819 1352 5865 cst
1384 5824 1447 5865 ex
1478 5821 1849 5880 consequente
1883 5825 1897 5864 :

2013 4604 2276 4675 λογισμὸς
2328 4606 2466 4674 μετὰ
2504 4582 2611 4659 7toﬁ
2660 4582 2884 4676 ἐλέγχου
2939 4604 3191 4676 ταχθείη,
3243 4604 3320 4677 μὴ
3368 4605 3465 4658 ἐπὶ
3497 4582 3598 4658 τοῦ

2008 4694 2177 4749 αὑτοῦ
2210 4696 2305 4749 καὶ
2344 4694 2465 4760 ἑνδς
2507 4696 2836 4767 πράγματος
2867 4695 3316 4767 συλλογιζόμενος
3347 4695 3447 4765 την
3485 4695 3585 4748 ἁν-

2008 4788 2261 4858 τίφασινς

2083 4877 2189 4952 κβ’.
2226 4878 2290 4934 Εἰ
2320 4879 2377 4934 δὲ
2412 4880 2523 4935 κάκ
2553 4883 2664 4935 τῶν
2697 4880 2964 4935 δοθέντων
2997 4880 3058 4945 ἐξ
3100 4880 3348 4950 ἀνάγκης
3373 4880 3401 4933 6
3440 4878 3597 4947 ἔλεγ-

2006 4991 2102 5047 χος
2133 4975 2368 5043 γίνεται.
2399 4973 2616 5039 πάντως
2647 4976 2675 5027 ὁ
2712 4972 2787 5046 μὴ
2813 4975 2878 5028 ὲκ
2911 4973 3020 5026 τῶν
3050 4973 3312 5027 δοθέντων
3338 4971 3396 5038 ἐξ
3424 4972 3595 5040 ἁνὰγο

1967 5074 1976 5083 ’
2007 5086 2110 5139 κης
2139 5068 2239 5122 οὐκ
2272 5067 2528 5139 ἔλεγχοςσ
2576 5068 2761 5131 ὁποῖος
2800 5070 2827 5120 ὁ
2861 5068 2923 5120 τὸ
2961 5067 3037 5138 μὴ
3072 5066 3248 5119 αἴτιον
3294 5064 3468 5128 τιθεὶς
3514 5064 3593 5127 ὡς

2006 5161 2095 5215 air
2104 5178 2203 5215 ιον.

2078 5252 2185 5324 κγ’.
2229 5254 2290 5308 '0
2334 5254 2391 5308 δὲ
2439 5253 2587 5325 παρὰ
2618 5253 2680 5306 τὸ
2715 5251 3091 5323 συμϐεϐηκὸς,
3128 5251 3227 5305 καὶ
3250 5252 3299 5317 ,6
3329 5250 3481 5322 παρὰ
3528 5252 3592 5303 τ’)

2006 5349 2298 5419 ἑπόμενον,
2348 5351 2398 5402 εἰ
2430 5352 2525 5402 καὶ
2554 5330 2775 5402 δοκοῦσι
2826 5344 3230 5416 συμπεραίνειν
3261 5346 3327 5397 ὲκ
3360 5345 3470 5397 τῶν
3498 5344 3592 5397 δο-

2006 5440 2233 5509 θέντων,
2284 5440 2400 5494 ἀλλ’
2451 5441 2513 5494 οὒ
2570 5440 3040 5511 συμπεραίνουσιν
3087 5436 3147 5504 ἐξ
3181 5437 3434 5509 ἀνάγκης
3478 5437 3594 5489 οὐδ’

2005 5535 2178 5588 αὐτοί.
2240 5533 2374 5586 Οὐδὲ
2410 5531 2518 5604 γὰρ
2570 5533 2670 5586 ὅσα
2705 5531 2780 5603 μὴ
2828 5528 2950 5585 κατ’
2988 5530 3176 5584 οὐσίαν
3233 5531 3470 5601 ὑπάρχει
3511 5529 3591 5597 τῷ

2006 5625 2514 5695 κατηγορουμένῳ,
2572 5624 2727 5676 ταῦτ’
2781 5625 2998 5695 ἀνάγκη
3056 5624 3151 5677 τοῦ
3215 5623 3588 5693 ὑποκειμένου

2007 5717 2471 5788 κατηγορεῖσθαι’
2532 5717 2654 5769 ὅθεν
2703 5714 2800 5770 τοῦ
2858 5716 3271 5786 συμϐεϐηκότος
3320 5718 3423 5769 οὐκ
3470 5718 3589 5769 ἐστι

1960 5834 1967 5841 ·
2011 5809 2394 5881 συλλογισμός.
2428 5811 2608 5884 Μέρος
2632 5809 2684 5865 δὲ
2722 5808 2814 5864 τοῦ
2844 5811 2995 5881 παρὰ
3026 5811 3085 5863 τὸ
3118 5808 3466 5880 συμϐεϐηκές
3496 5812 3587 5862 καὶ
