3868 6506
279 298 419 365 ibi}!

1588 290 1926 345 hl’l'lUMlL
1971 289 2268 377 l.UGlC.\.

3400 294 3541 357 10.2

276 426 381 491 γάρ
411 436 500 472 im.
524 415 613 469 ὑπ’
638 392 1094 485 αἰτὴιίτέτακται
1118 407 1270 478 impii
1299 407 1375 475 τῷ
1437 402 1739 473 τεχνολὸγῳ
1763 402 1857 455 καὶ

1976 405 2066 457 tuli
2097 401 2212 471 ipsa
2247 403 2510 458 eullocata
2541 412 2625 459 est
2656 406 2797 474 apud
2843 404 3107 461 artiﬁcem
3156 405 3445 479 (logicum)
3482 428 3538 472 ei

274 516 337 565 ἐκ
394 508 761 580 μεταθέσεως,
802 504 874 568 ὣς
925 521 1069 566 τινες
1115 503 1346 570 ἔφασαν,
1398 498 1649 568 εἴρηταιο
1701 492 1840 547 διότι

275 607 379 657 ὑπὸ
418 602 517 673 τὴν
558 601 865 666 κατάφασιν
901 599 930 668 ἡ
962 598 1261 665 ἀπόφασις.
1306 592 1404 645 καὶ
1436 590 1543 644 ὑπὸ
1587 588 1687 657 τὴν
1719 583 1855 637 ἁπό-

278 717 311 767 ιρ
324 715 442 750 ασιν
469 698 501 768 ἡ
535 696 867 764 κατάφασις.

352 796 427 859 ς’.
472 787 634 843 Ἀλλά
662 786 774 846 πῶς
801 785 903 836 οὐκ
935 779 1248 852 ἐκλήθησαν
1276 774 1420 829 οὕτω
1450 775 1545 825 καὶ
1572 772 1628 822 αἱ
1656 785 1854 837 στερη-

276 884 444 948 ·Ξικιὶ,
475 883 576 954 τὴν
619 879 790 952 αὐτὴν
820 876 1152 945 τεταγμέναι
1186 872 1342 935 τάξιν
1364 884 1378 900 ·
1424 865 1570 920 οὕτω
1598 864 1704 932 γὰρ
1737 860 1855 931 ἔχει

278 984 307 1049 ἡ
340 981 522 1044 τάξις·

351 1071 675 1143 Ἀνθρωπος
703 1066 909 1128 δίκαιός
939 1067 1107 1119 scr-rm

350 1165 671 1235 Ἀνθρωπος
706 1160 914 1222 δίκαιος
942 1157 1041 1210 οὐκ
1064 1156 1235 1219 ἔστιν.

355 1256 677 1325 νΑνθρωαιως
711 1252 893 1314 ἄδικος
921 1249 1021 1304 ούκ
1053 1246 1224 1301 ἐστιν.

355 1351 678 1419 ’Ἄνθρωπος
708 1346 892 1406 ἄδικός
926 1345 1098 1397 ἐστιν.

354 1443 674 1513 Ἀνθρωπος
710 1440 770 1492 οὑ
799 1440 1007 1501 δίκαιος
1032 1437 1133 1490 οὐκ
1174 1436 1341 1488 ἐστιν.

359 1522 680 1602 Ἄνθρωπος
710 1531 771 1584 ού
798 1530 1006 1591 δίκαιός
1037 1526 1188 1580 ἐστιν

290 1628 482 1697 Ἡμεῖς
540 1626 637 1696 μὲν
689 1618 782 1677 οὖν
819 1624 908 1677 διὰ
939 1623 992 1674 τί
1049 1622 1112 1673 ἐκ
1151 1617 1493 1688 μεταθέσεως
1524 1614 1850 1685 ὠνομάσθη-

281 1740 403 1787 σαν,
434 1720 510 1784 ὡς
540 1719 905 1786 ύπελάόομεν,
944 1715 1389 1785 προειρήκαμεν,’
1437 1712 1521 1765 ὅτι
1551 1711 1629 1771 δὲ.
1662 1709 1720 1773 ὃς
1754 1710 1851 1763 ἄν-

1964 507 2023 551 ut
2074 495 2293 564 quidam
2327 495 2599 551 dicuntex
2632 496 3061 567 transpositione
3083 498 3248 567 dicta,
3277 504 3401 568 quia
3437 506 3539 558 sub

1964 588 2325 643 aliirmationc
2369 600 2456 644 est
2485 589 2697 661 negatio
2718 633 2733 658 ,
2757 600 2809 645 et
2855 593 2959 647 sub
2990 593 3275 665 negatione
3296 594 3541 651 allirtna-

1964 685 2061 739 tio.
3446 733 3449 735 ,

2031 775 2194 848 395
2225 776 2280 831 6.
2324 776 2428 833 Sed
2463 777 2737 847 quomodo
2780 792 2888 833 non
2919 778 3082 834 etiam
3127 780 3408 851 privativa:
3457 780 3539 838 sic

1965 882 2171 927 vocatae
2218 879 2345 927 sunt
2394 886 2515 941 quas
2565 871 2756 927 eodem
2795 873 3141 930 collocantur
3193 877 3408 932 ordine.
3447 876 3539 934 Sic

1961 965 2106 1016 enim
2141 963 2276 1018 ordo
2305 963 2466 1018 habet
2493 972 2521 1017 εί

2037 1054 2129 1109 Est
2155 1054 2319 1110 homo
2345 1055 2553 1125 justus.

2035 1149 2156 1203 Non
2194 1158 2280 1204 est
2315 1149 2476 1204 homo
2492 1150 2695 1219 justus.

2031 1242 2151 1297 Non
2192 1252 2278 1299 est
2309 1242 2472 1299 homo
2502 1260 2608 1299 nou
2637 1245 2838 1313 justus.

2032 1336 2149 1390 Non
2184 1344 2270 1392 est
2294 1336 2460 1392 homo
2478 1336 2683 1405 justus.

2035 1428 2131 1484 Est
2153 1429 2317 1485 homo
2345 1431 2550 1499 justus.

2030 1518 2128 1576 Est
2163 1521 2326 1576 homo
2350 1539 2454 1578 non
2483 1523 2693 1594 justus;

1960 1612 2068 1670 Nos
2102 1614 2268 1683 igitur
2297 1632 2467 1687 quare
2502 1634 2567 1673 ex
2614 1618 3042 1691 tranSpositione
3078 1628 3371 1684 ndminata:
3426 1631 3537 1685 siut

1960 1716 2018 1758 ut
2054 1708 2526 1775 existimavimus,
2558 1723 2683 1768 aute
2726 1712 2988 1771 diximus.
3023 1717 3182 1785 Quod
3223 1730 3406 1777 autem
3439 1728 3531 1795 qui

278 1817 493 1885 θρωπος
541 1812 750 1873 δίκαιός
788 1812 959 1871 ἐστιν,
1007 1808 1160 1869 οὗτος
1207 1808 1493 1890 ἄνθρωπος
1528 1805 1710 1867 ἄδικος
1749 1807 1849 1856 οὐκ

1976 1807 2040 1854 :st
2065 1799 2249 1870 justus
2284 1801 2468 1868 homo,
2496 1802 2582 1857 hic
2607 1819 2716 1859 non
2750 1806 2821 1861 sit
2866 1781 3310 1882 lmmoinjustus,
3342 1826 3397 1870 et
3425 1781 3534 1870 non

280 1900 417 1972 ἔστι,
443 1907 536 1960 καὶ
562 1904 850 1972 ἄνθρωπος
879 1904 943 1955 ού
968 1902 1176 1964 δίκαιος
1203 1901 1304 1954 οὐκ
1334 1898 1472 1964 ἔστι,
1505 1896 1852 1968 φανερόν.ού

282 2004 391 2074 μὴν
418 2001 474 2055 δὲ
514 1999 574 2063 ὃς
605 1999 892 2070 ἄνθρωπος
923 1998 1133 2058 δίκαιος
1162 1995 1263 2047 οὐκ
1304 1988 1474 2057 ἔστιν,
1502 1992 1605 2063 ἤδη
1638 1993 1733 2044 καὶ
1757 1990 1855 2045 άν-

281 2099 503 2168 θρωπος
558 2093 744 2156 ἄδικός
794 2094 932 2147 ἐστι.
989 2080 1064 2143 Τὸ
1120 2089 1231 2160 γὰρ
1287 2087 1506 2156 νεογνὸν
1562 2085 1855 2155 ἄνθρωπος

280 2191 490 2253 δίκαιος
533 2188 633 2241 οὐκ
667 2185 814 2239 ἔστιν
835 2199 848 2212 ·
897 2183 999 2237 οὐκ
1032 2178 1133 2253 ήδη
1169 2181 1225 2235 δὲ
1256 2180 1351 2234 καὶ
1383 2178 1671 2250 ἄνθρωπός
1707 2179 1856 2230 ἐστιν

281 2285 487 2347 ἄδικος.
505 2282 644 2336 Ἀλλ’
667 2280 949 2350 ἄνθρωπος
973 2278 1032 2331 ού
1052 2275 1258 2339 δίκαιός
1284 2275 1562 2337 ὲστιν.Ὃς
1574 2272 1629 2326 δὲ
1647 2271 1860 2341 ἄνθρω-

283 2394 385 2443 πος
416 2376 599 2439 ἄδικός
628 2375 797 2436 ἐστιν,
831 2371 1117 2441 ἄνθρωπος
1146 2370 1206 2425 οὐ
1237 2369 1446 2426 δίκαιός
1477 2369 1615 2431 ἐστι,
1638 2367 1734 2420 καὶ
1766 2367 1859 2419 άν-

284 2470 314 2522 θ
325 2486 499 2539 ρωπος
514 2468 719 2528 δίκαιος
734 2467 833 2518 οὐκ
853 2465 988 2518 ἐστι.
1010 2462 1196 2518 Ταῦτα
1211 2461 1305 2518 καὶ
1317 2462 1486 2533 χωρὶς
1506 2461 1602 2531 τῆς
1614 2460 1858 2530 τεχνολο-

283 2565 448 2633 γικῆς
467 2561 785 2633 περιεργίας
801 2560 937 2631 δῆλα
964 2559 1042 2629 τῷ
1061 2558 1427 2629 νουνεχεί,τὴν
1477 2557 1585 2609 τῶν
1603 2572 1747 2625 πραγ
1761 2555 1857 2623 μά⁶

286 2656 568 2727 τωνφύσιν
593 2653 1042 2725 ύπαγορεύουσαν
1070 2653 1220 2723 αὐτῷ
1249 2652 1346 2723 τὴν
1377 2651 1638 2721 ἀλήθειαν
1660 2649 1856 2719 ἔχοντι.

359 2750 426 2812 ζ’.
454 2750 547 2801 Ae!
584 2748 631 2802 δ’
661 2748 967 2817 ἑφιστάνειν
1010 2746 1170 2808 ὅλως,
1208 2746 1288 2797 ὅτι
1323 2744 1380 2798 τὸ
1415 2742 1699 2812 ἄνθρωπος
1730 2742 1861 2793 ὑπο-

289 2841 543 2909 κείμενον
581 2837 952 2909 λαμϐάνοντες
998 2836 1093 2889 ἐπὶ
1139 2835 1249 2889 τῶν
1295 2834 1578 2905 προσεχῶς
1627 2832 1883 2901 δεδηλωπ

290 2935 469 3003 μένων
504 2933 744 3002 φάσεων,
782 2931 1073 3001 προτάσεις
1102 2928 1273 2992 αὑτὰς
1315 2927 1655 2994 ἀδιορίστους
1707 2926 1863 2993 ποιή-

289 3039 490 3094 σομεν⁸
524 3026 620 3088 τὰς
648 3025 985 3091 άδιορίστους
1010 3023 1068 3076 δὲ
1105 3022 1424 3090 προτάσεις,
1455 3017 1859 3106 ὲπὶόδιαφόρων

1958 1891 2026 1948 sit
2060 1894 2222 1948 homo
2256 1910 2363 1948 non
2404 1896 2587 1967 justus
2612 1937 2627 1958 .
2661 1898 3012 1957 manifestum
3046 1914 3151 1962 eSt.
3181 1904 3300 1962 Non
3340 1922 3524 1964 autem

1958 1987 2053 2055 qui
2084 2001 2191 2041 nou
2234 1998 2316 2067 est
2342 1987 2526 2059 justus
2558 1991 2720 2046 homo
2744 2033 2761 2058 ,
2788 1993 2899 2060 jam
2929 1997 3091 2052 etiam
3118 2008 3204 2054 est
3244 2001 3408 2055 boum
3449 2005 3535 2057 iu-

1956 2070 2158 2149 juStus.
2193 2080 2323 2135 Nam
2373 2098 2561 2138 recens
2592 2093 2754 2141 natus
2802 2077 2985 2144 iulans
3012 2128 3028 2155 ,
3077 2106 3187 2147 non
3237 2102 3321 2149 est
3352 2096 3539 2162 justus

1963 2175 2126 2230 homo
2157 2193 2171 2229 :
2206 2190 2314 2230 non
2346 2187 2526 2231 autem
2566 2178 2678 2246 jam
2719 2181 2887 2235 etiam
2919 2193 3003 2239 est
3052 2186 3216 2240 ilOlllO
3258 2189 3493 2256 injustus
3522 2232 3537 2256 ,

1961 2269 2054 2324 sed
2085 2280 2168 2324 est
2200 2269 2362 2325 homo
2408 2285 2516 2325 non
2546 2270 2751 2342 justus.
2786 2273 2887 2342 Qui
2921 2286 3103 2334 autem
3133 2290 3217 2337 est
3261 2282 3423 2337 honio
3457 2287 3541 2338 iu-

1959 2362 2163 2430 iustus.
2193 2374 2274 2418 est
2308 2365 2471 2418 homo
2501 2381 2607 2419 non
2634 2367 2841 2437 juStus,
2872 2379 2927 2424 et
2957 2375 3066 2427 rion
3120 2385 3205 2430 est
3257 2377 3421 2431 homo
3446 2378 3505 2448 ju

1968 2466 2107 2512 stus.
2147 2456 2273 2513 Haec
2294 2459 2455 2512 etiam
2495 2458 2701 2530 absque
2744 2476 2972 2531 operosa
3015 2466 3152 2522 artis
3188 2469 3543 2538 inquisitimle

1962 2549 2139 2604 cuivis
2174 2549 2502 2621 iutelligeuti
2534 2552 2821 2608 mauilesta
2849 2565 2998 2620 sunt,
3034 2558 3127 2626 qui
3156 2557 3329 2627 ipsam
3360 2574 3541 2614 rerum

1966 2654 2217 2696 naturam
2252 2644 2411 2699 habet
2439 2645 2543 2699 sibi
2575 2662 2761 2700 verum
2794 2648 3229 2705 denuntiantem.

2037 2726 2086 2788 7.
2127 2736 2362 2789 Omnino
2388 2746 2570 2792 autem
2600 2739 2685 2793 hic
2717 2740 3083 2810 adjiciendum
3114 2755 3196 2799 εει
3226 2745 3370 2814 quod
3404 2745 3447 2799 si
3479 2748 3541 2799 τὸ

1966 2829 2129 2881 tioiuo
2175 2831 2226 2883 iu
2264 2832 2423 2893 modo
2470 2828 2737 2902 expusitis
2780 2835 3113 2891 dictionibus
3159 2852 3257 2907 pro
3293 2841 3541 2905 subjecto

1965 2926 2298 2994 accipiamus
2328 2968 2343 2994 ,
2374 2927 2523 2997 ipsas
2555 2922 2868 2985 imlelinilas
2896 2932 3303 3001 propositiones
3343 2932 3541 2986 fat-turi

1966 3019 2160 3071 simus.
2206 3016 2324 3072 Jam
2370 3024 2500 3074 vero
2545 3021 2856 3075 indetin‘itas
2901 3023 3297 3092 propositiones
3344 3026 3409 3085 de
3455 3026 3544 3077 ιΙί-

289 3119 382 3173 τοῦ
411 3116 776 3188 ὑποκειμένου
809 3115 1014 3187 μερῶν,
1036 3114 1238 3185 ὁμοίως
1263 3116 1383 3176 ταῖς
1412 3114 1661 3183 μερικαῖς
1690 3112 1821 3162 δυνα

1976 3107 2143 3161 versis
2171 3109 2401 3179 subjecti
2438 3111 2682 3186 partibus
2706 3150 2720 3173 ,
2775 3111 2998 3180 perinde
3035 3119 3094 3166 ut
3139 3115 3501 3183 particulnres
3527 3156 3541 3175 .

292 3214 460 3285 μένας
484 3211 892 3281 συναληθεύειν,
921 3208 1306 3279 Ἀριστοτέλης
1334 3208 1522 3278 φησίν.
1552 3202 1712 3259 Ὅθεν
1738 3206 1859 3273 τὴν,

292 3309 614 3377 ’Ἄνθρωπος
660 3303 866 3366 δίκαιός
918 3304 1058 3367 ἐστι,
1112 3302 1395 3369 πρότασιν,
1447 3298 1542 3351 καὶ
1574 3299 1692 3368 τὴν.
1735 3298 1861 3349 Ἀν-

291 3403 509 3472 Θρωπος
537 3400 744 3461 δίκαιος
779 3397 880 3450 ούκ
911 3394 1081 3457 ἐστιν,
1116 3395 1211 3446 ἐπὶ
1256 3392 1531 3462 διαφόρων
1568 3390 1660 3445 τοῦ
1698 3390 1861 3443 καθό-

289 3498 384 3549 λου
422 3490 710 3563 άνθρώιτου
752 3489 957 3560 μερῶν,
989 3488 1156 3556 ἠγουν
1187 3488 1286 3538 ἐπὶ
1322 3484 1597 3553 διαφόρων
1639 3485 1863 3552 ἀτόμων

290 3585 726 3658 λαμῦανυμένας,
775 3581 915 3635 κατὰ
970 3579 1069 3648 τὴν
1111 3578 1221 3631 τῶν
1268 3576 1720 3646 ἀποφαινομένων
1771 3576 1859 3628 ἕνα

292 3696 442 3734 νοιαν
475 3676 680 3748 ἰσχύειν
712 3672 1096 3742 συναληθεύειν
1135 3672 1236 3725 οὐκ
1262 3672 1369 3725 ἀπὸ
1398 3672 1580 3739 λόγου.

362 3765 435 3839 η’.
469 3767 643 3820 Ὅταν
676 3765 861 3837 μέντοι
887 3764 949 3816 τὸ
979 3763 1266 3833 ἄνθρωπος
1297 3762 1372 3826 ὼς
1402 3763 1760 3832 ὑποκείμενον
1789 3760 1864 3832 μὴ

290 3860 563 3933 λαμϐάνοι
588 3875 693 3922 τις,
716 3855 833 3910 ἀλλ’
863 3855 983 3909 ὅλον
1006 3855 1088 3917 τὸ.
1115 3854 1437 3923 ’Ἄνθρωπος
1461 3855 1668 3919 δίκαιός
1693 3856 1864 3917 ἐστιν,

292 3957 367 4018 ὡς
400 3950 878 4023 κατηγορούμενον
905 3948 1095 4018 ἑτέρου
1122 3948 1489 4018 ὑποκειμένου
1516 3947 1864 4017 λαμϐανομέ-

293 4066 387 4105 νου
415 4062 432 4080 °
458 4044 717 4107 ὡσαύτως
766 4043 823 4096 δὲ
891 4044 986 4096 καὶ
1038 4042 1120 4103 τὸ.
1160 4041 1481 4111 Ἀνθρωπος
1510 4040 1717 4103 δίκαιος
1766 4041 1869 4094 οὐκ

294 4143 478 4197 εστιν⁹
530 4137 758 4200 εἰκότως
789 4136 931 4201 ιτότε
978 4136 1038 4188 τὸ
1089 4133 1284 4203 ψεῦδος
1331 4132 1568 4203 διαιροίη
1625 4128 1720 4187 καὶ
1769 4134 1868 4202 τὴν

294 4233 553 4303 ἀλήθειαν
580 4231 714 4300 ἄτερ
742 4226 1076 4300 ἀμφιϐολίας
1110 4231 1279 4289 τινός.
1326 4225 1566 4294 Ἀνάγκη
1615 4227 1725 4295 γὰρ
1757 4225 1869 4277 τῶν

297 4344 357 4380 τε
389 4324 558 4380 ὄντων
587 4324 682 4385 καὶ
714 4320 825 4374 τῶν
868 4322 942 4389 μὴ
988 4318 1161 4374 ὄντων
1202 4317 1433 4372 ἕκαστον
1473 4319 1505 4387 ἢ
1538 4314 1677 4372 εἶναι
1707 4320 1869 4388 τυχὸν

296 4418 582 4491 ἄνθρωπον
615 4417 846 4480 δίκαιον,
883 4414 916 4484 ἢ
952 4412 1028 4483 μὴ
1057 4407 1220 4465 εἶναι.
1261 4411 1665 4483 Περιλαμσάνει
1697 4416 1804 4482 γάρ
1835 4413 1866 4480 ή

298 4515 589 4581 ἀντίφασις
619 4509 800 4563 πάντα
826 4507 895 4561 τά
935 4506 1067 4560 ὄντα
1095 4510 1190 4560 καὶ
1220 4506 1285 4558 τά
1332 4507 1407 4576 μὴ
1451 4506 1613 4560 ὄντα·
1657 4508 1753 4559 καὶ
1781 4507 1866 4575 ἐφ’

296 4599 373 4659 ὧν
397 4601 652 4676 ἀληθεύει
678 4603 739 4655 τὸ
762 4601 820 4657 ἓν
851 4602 1039 4673 μόριον
1078 4601 1175 4669 τῆς
1197 4600 1562 4667 ἀντιφάσεως,
1607 4600 1695 4653 ἐπ’
1726 4601 1873 4653 ὲκεί-

298 4715 406 4749 νων
434 4693 688 4766 ψεύδεται
716 4691 946 4761 θάτερον
967 4706 982 4722 υ
1015 4691 1102 4761 ἐφ’
1135 4688 1209 4745 ὢν
1236 4690 1282 4744 δ’
1307 4693 1482 4744 ἐκεῖνο
1506 4691 1784 4760 ψεύδεται,
1814 4693 1872 4744 τὸ

298 4786 486 4839 λοιπὸν
521 4782 796 4855 ἀληθεύει.
835 4781 1085 4835 Τοσαῦτα
1116 4783 1210 4835 καὶ
1243 4784 1336 4835 νῦν
1364 4787 1492 4853 περὶ
1530 4787 1869 4849 προτάσεων.

370 4876 435 4932 θ’.
461 4875 820 4945 Συλλογισμοὶ
858 4875 913 4928 δὲ
950 4874 1046 4928 τοῦ
1098 4875 1317 4946 πρώτου
1354 4876 1655 4944 σχήματος,
1687 4876 1873 4943 ’ἤγουν

303 4968 709 5038 συλλογιστικοὶ
741 4968 951 5038 τρόποι,
982 4967 1245 5037 τέσσαρες
1271 4969 1686 5035 παραδέδονται.
1717 4969 1872 5036 Πρῶ-

299 5081 393 5128 τος
419 5064 447 5117 6
477 5063 584 5117 άπὸ
616 5060 717 5132 τῆς
750 5062 857 5124 πᾶς
899 5043 995 5113 καὶ
1027 5061 1134 5123 πᾶς
1168 5060 1417 5129 συνάγων
1446 5062 1553 5122 πᾶς
1576 5077 1589 5090 ’
1622 5061 1874 5129 δεύτερος

298 5159 329 5211 6
354 5156 466 5210 ἀπὸ
495 5157 595 5227 τῆς
622 5156 730 5218 πᾶς
754 5152 857 5209 καὶ
871 5152 1048 5215 οὐδεὶς
1089 5152 1340 5220 συνάγων
1371 5152 1545 5217 οὐδείς
1567 5170 1580 5185 ο
1624 5155 1807 5224 τρίτος
1845 5158 1873 5207 6

299 5250 411 5305 ἀπὸ
464 5252 563 5319 τῆς
610 5248 693 5310 τὶς
745 5250 840 5302 καὶ
886 5250 1013 5310 πᾶς,
1062 5246 1317 5313 συνάγων
1366 5246 1471 5309 τίς.
1524 5247 1815 5316 Τέταρτος,
1847 5249 1876 5301 6

300 5343 409 5396 ἀπὸ
435 5340 531 5411 τῆς
568 5342 649 5400 τὶς
700 5340 793 5391 καὶ
828 5338 1026 5403 οὐδεὶς,
1070 5338 1318 5406 συνάγων
1341 5339 1401 5393 ού
1436 5340 1562 5400 πᾶς.
1599 5341 1875 5407 Τέσσαρες

298 5433 494 5503 τρόποι
541 5432 635 5484 καὶ
677 5430 772 5482 τοῦ
812 5428 1069 5499 δευτέρου
1106 5430 1387 5501 σχήματος
1435 5429 1875 5500 συλλογιστικοί⁸

301 5525 330 5576 6
358 5522 465 5575 άπὸ
495 5522 593 5590 τῆς
645 5522 777 5586 πᾶς,
814 5522 910 5572 καὶ
936 5519 1136 5584 οὐδεὶς,
1162 5522 1414 5588 συνάγων
1446 5522 1620 5587 οὐδείς
1645 5538 1657 5551 ·
1702 5525 1728 5576 6
1773 5523 1879 5576 ἀπὸ

302 5614 400 5678 τῆς
432 5613 607 5676 οὐδεὶς
650 5615 745 5665 καὶ
792 5612 900 5673 πᾶς
951 5610 1205 5679 συνάγων
1247 5611 1341 5662 καὶ
1394 5612 1555 5675 αὐτὸς
1605 5612 1816 5673 οὐδείς’
1851 5614 1880 5665 6

303 5709 415 5762 ἀπὸ
440 5708 537 5777 τῆς
562 5708 646 5769 τὶς
673 5709 768 5760 καὶ
794 5705 991 5772 οὐδεὶς,
1019 5703 1270 5770 συνάγων
1296 5705 1357 5758 ού
1406 5707 1513 5768 πᾶς
1532 5721 1548 5739 ’
1585 5709 1613 5760 6
1638 5708 1747 5761 ἀπὸ
1776 5706 1879 5777 τῆς

301 5800 363 5854 οὗ
393 5800 500 5863 πᾶς
544 5801 638 5854 καὶ
666 5800 796 5864 πᾶς,
834 5798 1087 5866 συνάγων
1121 5798 1213 5851 καὶ
1241 5798 1403 5862 αὐτὸς
1434 5798 1494 5852 οὐ
1540 5802 1665 5863 πᾶς.
1701 5801 1800 5867 ’Ἐξ
1820 5806 1877 5860 δὲ

635 5892 916 5957 ΡΔτιιυι..
962 5894 1080 5957 Gn.
1131 5893 1374 5958 CXLII.

1966 3199 2131 3253 simul
2182 3215 2372 3254 verum
2417 3183 2582 3272 396
2634 3201 2815 3256 dicere
2866 3203 3189 3258 Aristotcles
3241 3206 3542 3273 proﬁtetur.

1968 3291 2124 3346 Unde
2155 3294 2295 3347 lianc
2322 3334 2335 3357 ,
2388 3295 2553 3349 hotno
2591 3305 2675 3349 est
2715 3295 2934 3364 justus,
2970 3297 3399 3366 piopositiouem
3431 3337 3445 3361 .
3490 3312 3545 3353 ct

1968 3386 2133 3450 lianc,
2166 3392 2324 3441 homo
2356 3404 2460 3443 non
2490 3398 2570 3444 est
2596 3392 2775 3460 justus
2799 3428 2814 3452 .
2847 3390 2913 3444 de
2944 3390 3176 3447 diversis
3213 3393 3545 3454 universalis

1969 3474 2205 3536 hominis
2239 3484 2485 3550 partibus
2512 3523 2527 3546 ,
2570 3484 2670 3539 huc
2699 3497 2820 3548 est,
2862 3486 2929 3541 de
2975 3483 3209 3542 diversis
3250 3486 3547 3540 individuis

1968 3582 2247 3642 acceptam
2281 3589 2395 3644 pro
2421 3581 2823 3634 enuntiantiutu
2861 3593 3124 3652 conceptu
3160 3583 3322 3637 simul
3358 3596 3545 3637 verum

1972 3679 2134 3736 posse
2162 3665 2366 3732 dicere,
2399 3684 2507 3724 non
2536 3679 2619 3725 cst
2649 3685 2679 3725 a
2716 3664 2934 3729 i‘atione
2962 3676 3222 3730 alienum.

2042 3759 2095 3817 8.
2136 3762 2290 3827 Quod
2321 3758 2365 3817 Si
2396 3750 2574 3817 autem
2602 3755 2662 3817 τὸ
2690 3766 2875 3832 homo,
2901 3774 2961 3821 ut
2988 3767 3294 3838 subjectum
3322 3783 3428 3823 nan
3458 3782 3548 3821 ac-

1969 3857 2137 3924 cipiat
2161 3854 2362 3924 aliquis
2386 3896 2398 3914 .
2429 3859 2521 3910 sed
2553 3866 2723 3912 tutum
2755 3859 2856 3913 hoc
2885 3900 2900 3926 ,
2938 3859 3033 3915 Est
3064 3863 3228 3916 homo
3251 3858 3454 3930 justus.
3490 3871 3549 3912 ut

1972 3947 2323 4017 praedicatum
2368 3949 2597 4005 alterius
2647 3949 2879 4022 subjecti
2929 3952 3078 4022 quod
3109 3954 3455 4018 assumitur;
3497 3958 3552 4007 et
3590 3958 3597 3961 '

1970 4039 2163 4094 eodem
2199 4040 2359 4093 modo
2384 4081 2397 4105 ,
2436 4035 2540 4095 boc
2572 4041 2752 4112 ipsum
2777 4082 2792 4107 ,
2839 4039 2958 4099 Non
3004 4052 3087 4099 est
3119 4041 3307 4113 justus
3339 4044 3547 4109 homo;

1971 4138 2104 4186 tunc
2138 4133 2333 4187 merito
2377 4150 2567 4188 verum
2597 4144 2651 4191 et
2682 4134 2879 4191 falsum
2917 4136 3053 4193 citra
3088 4136 3255 4194 ullam
3283 4137 3552 4207 ambigui-

1973 4228 2141 4277 tatem
2170 4220 2441 4279 diviserit.
2477 4225 2710 4281 Necesse
2750 4234 2834 4283 est
2862 4230 3009 4283 enim
3038 4228 3271 4299 quodvis
3297 4244 3422 4283 cum
3459 4248 3554 4282 eu-

1975 4317 2109 4370 tiuin
2138 4354 2152 4381 ,
2185 4324 2297 4371 tum
2327 4332 2434 4372 non
2461 4319 2673 4374 entium
2702 4360 2717 4385 ,
2763 4333 2888 4377 esse
2913 4320 3145 4389 exempli
3175 4320 3349 4392 gratia
3379 4321 3550 4374 Inomi-

1970 4425 2100 4483 rnem
2124 4410 2332 4481 justum
2365 4412 2445 4467 vel
2475 4428 2586 4467 non
2619 4427 2761 4468 esse.
2792 4411 3166 4473 Contradictio
3194 4413 3339 4468 enim
3366 4412 3550 4467 omnia

1979 4504 2365 4573 complectitur
2393 4513 2447 4561 et
2478 4505 2622 4560 entia
2652 4515 2706 4561 et
2733 4520 2837 4561 non
2871 4507 3019 4562 entia
3049 4514 3105 4562 et
3130 4506 3186 4561 in
3218 4506 3418 4575 quibus
3447 4520 3551 4558 una

1978 4611 2103 4663 pars
2130 4598 2583 4653 contradictionis
2611 4613 2801 4653 verum
2832 4598 2964 4653 dicit
2994 4638 3005 4654 .
3039 4596 3108 4653 de
3144 4598 3252 4653 illis
3286 4597 3552 4652 mentitur

1978 4687 2146 4738 altera
2176 4703 2190 4739 :
2220 4689 2287 4740 de
2315 4690 2517 4756 quibus
2543 4698 2720 4742 autem
2753 4690 2843 4743 illa
2872 4690 3159 4756 mentitur,
3187 4704 3376 4745 verum
3405 4689 3554 4744 deat

1978 4780 2209 4847 reliqua.
2245 4782 2306 4833 Et
2336 4788 2550 4833 tantum
2585 4783 2747 4837 etiam
2782 4798 2931 4838 nunc
2958 4783 3025 4838 de
3060 4783 3549 4854 propositionibus.

2050 4873 2102 4927 9.
2149 4871 2460 4945 Syllogismi
2490 4887 2673 4930 autem
2707 4875 2894 4945 primm
2924 4876 3130 4947 ﬁgurae,
3163 4877 3266 4932 hoc
3294 4887 3380 4932 est
3405 4876 3553 4932 modi

1979 4963 2325 5034 syllogistici,
2355 4974 2588 5035 quatuor
2633 4966 2787 5023 luere
2819 4969 3024 5025 traditi.
3055 4968 3269 5026 Primus
3299 4985 3365 5025 ex
3406 4970 3554 5040 (pru-

1980 5058 2367 5129 positionibus)
2403 5061 2583 5115 omnis
2608 5072 2661 5116 et
2702 5062 2884 5120 omnis
2911 5063 3171 5135 colligens
3203 5066 3385 5121 omnis
3415 5084 3429 5121 :
3465 5084 3555 5120 se—

1983 5149 2196 5205 cundus
2227 5168 2295 5206 ex
2327 5156 2506 5207 omnis
2531 5164 2586 5208 et
2613 5156 2796 5211 nullus
2819 5156 3080 5227 colligens
3106 5158 3323 5224 nullus;
3358 5163 3556 5214 tertius

1980 5259 2045 5299 ex
2075 5245 2274 5314 aliquis
2302 5257 2355 5300 et
2389 5247 2567 5300 cumis
2595 5248 2859 5320 colligens
2881 5248 3046 5321 397
3070 5249 3293 5321 aliquis;
3321 5264 3554 5322 quartus

1980 5351 2044 5390 ex
2085 5337 2287 5406 aliquis
2325 5344 2381 5391 et
2428 5336 2612 5391 nullus
2638 5337 2900 5408 colligens
2928 5356 3035 5395 non
3070 5341 3276 5397 omnis.
3308 5342 3557 5408 Quatuor

1982 5428 2127 5482 modi
2156 5428 2319 5482 etiam
2347 5430 2603 5483 secundae
2629 5430 2814 5499 ligurze
2849 5429 3167 5501 syllogistici
3194 5472 3208 5498 ,
3238 5432 3450 5502 primus
3490 5448 3554 5485 ex

1982 5522 2164 5577 omnis
2191 5532 2244 5577 et
2275 5523 2457 5578 nullus
2484 5524 2747 5594 colligens
2776 5525 2960 5578 nullus
2985 5539 3000 5591 ;
3035 5524 3312 5581 secundus
3337 5540 3406 5579 ex
3434 5526 3554 5579 nul-

1983 5615 2068 5669 lus
2095 5624 2151 5669 et
2177 5616 2361 5670 omnis
2388 5615 2654 5688 colligens
2683 5619 2865 5674 nullus
2896 5634 2909 5670 :
2946 5620 3142 5675 tertius
3177 5635 3242 5674 ex
3268 5619 3471 5689 aliquis
3503 5630 3558 5671 et

1986 5711 2171 5766 nullus
2200 5709 2463 5781 colligens
2490 5726 2597 5766 non
2632 5711 2850 5777 omnis;
2887 5723 3118 5783 quartus
3150 5728 3217 5768 ex
3242 5728 3350 5767 non
3379 5714 3558 5766 omnis

1990 5817 2042 5865 ct
2093 5806 2274 5862 omnis
2313 5804 2572 5878 colligens
2604 5816 2657 5863 et
2688 5808 2803 5879 ipse
2833 5823 2940 5865 non
2978 5810 3181 5863 omnis.
3231 5806 3337 5865 Sex
3378 5815 3559 5863 autem

3096 5901 3171 5964 32
