3856 6358
820 124 851 169 \

168 214 310 281 1025

1440 217 1784 280 EPITOME
1811 219 2150 287 PIIYSICA.

3292 229 3427 294 1026

166 336 261 392 καὶ
293 336 488 389 αἰτιον.
533 335 757 405 Ῥητὲον
806 335 861 388 δὲ
917 335 1182 404 πρότερον
1222 334 1351 402 περὶ
1402 332 1503 403 τῆς
1545 332 1749 402 ἰσαχῶς

1864 346 2035 393 tamen
2070 340 2400 412 principium
2437 338 2583 399 illico
2621 345 2785 400 etiam
2829 358 2993 401 cansa
3025 353 3127 401 est.
3162 344 3439 400 Disseren-

167 427 246 496 τῷ
275 427 432 496 αἰτίῳ
465 427 765 498 λεγομένης
801 428 996 496 ἀρχῆς.
1033 426 1269 493 Λέγεται
1294 425 1472 479 τοίνυν
1519 424 1663 496 ἀρχὴ
1692 425 1751 479 τὸ

168 520 227 586 ἐξ
250 511 337 581 οῦ.
369 520 444 583 ὡς
475 521 507 589 ἡ
540 518 640 587 ὕλη
661 535 677 551 ⁸
715 518 775 583 ἐξ
800 515 859 573 ού
897 517 1128 587 πρώτως
1152 517 1558 587 ἐνυπάρχοντος
1604 519 1750 584 γίνε-

170 613 262 669 ταί
289 631 340 666 τι
368 630 382 644 ⁸
416 609 529 666 οἷον
560 612 698 665 λίθοι
732 612 827 665 καὶ
857 611 990 677 ξύλα
1019 612 1193 673 οἰκίας
1228 612 1418 681 ἀρχαί.
1441 611 1515 666 Τὸ
1543 610 1667 665 καθ’
1697 613 1745 671 ὃ.

171 706 245 768 ὡς
290 708 323 773 ὴ
366 704 552 775 μορφὴ
608 704 702 757 καὶ
741 704 803 756 τὸ
839 705 1025 775 σχῆμα
1075 704 1171 759 καὶ
1210 706 1355 769 ὅλως
1387 705 1447 758 τὸ
1478 702 1645 768 εἰδος.
1677 704 1750 759 Τὸ

171 798 261 867 ὑφ’
289 791 374 862 ού,
402 800 477 860 ὡς
509 800 542 869 ἡ
572 797 732 866 φύσις
765 797 873 851 τῶν
904 797 1150 865 φυσικῶν
1176 798 1341 868 ἁρχὴ,
1378 799 1470 852 καὶ
1512 801 1543 867 ἡ
1581 798 1745 871 τέχνη

169 891 282 944 τῶν
307 890 607 959 τεχνητῶν.
642 890 714 941 Τὸ
734 889 866 953 δι’ὃ,
888 890 1007 961 ἦτοι
1038 890 1098 942 τὸ
1118 889 1179 943 οῦ
1200 891 1365 943 ἕνεκα
1394 905 1407 920 ⁸
1438 889 1514 953 ὡς
1541 890 1573 961 ἠ
1598 891 1748 960 νίκη,

169 984 316 1056 ἁρχὴ
360 987 457 1054 τῆς
486 982 770 1051 ἀθλήσεως
803 998 820 1016 ⁸
867 982 1033 1037 ἕνεκα
1089 982 1198 1052 γὰρ
1250 981 1351 1051 τῆς
1396 982 1548 1052 νίκης
1578 982 1751 1036 τελεῖ-

168 1095 259 1132 ται
296 1078 326 1148 η
358 1076 604 1146 ἄθλησις.
648 1074 816 1147 Ἀρχὴ
858 1076 917 1130 δὲ
958 1077 1100 1130 κατά
1151 1074 1416 1130 Πλάτωνα
1464 1076 1649 1130 καὶτὸ
1680 1077 1748 1130 δι’

169 1165 256 1239 οὗ,
298 1172 373 1233 ὡς
405 1171 467 1226 τὸ
511 1170 778 1242 ὄργανον·
828 1172 921 1225 καὶ
966 1171 1026 1224 τὸ
1075 1172 1212 1242 πρὸς
1249 1171 1297 1233 δ,
1332 1171 1410 1235 ὡς
1450 1171 1511 1224 τὸ
1571 1172 1751 1239 παρά-

167 1265 393 1333 δειγμα.
433 1264 711 1326 Ὡσαύτως
744 1266 800 1319 δὲ
839 1265 1057 1332 λέγεται
1112 1264 1206 1318 καὶ
1247 1263 1421 1318 αἴτιον
1468 1263 1525 1316 τὸ
1578 1264 1636 1329 ἑξ
1667 1257 1750 1329 οῦ,

167 1355 285 1413 οἷον
316 1360 375 1412 τὸ
400 1358 618 1412 ύλικόν⁸
648 1358 709 1411 τὸ
733 1358 853 1412 καθ’
876 1360 923 1420 ὃ,
958 1355 1072 1412 οἷον
1093 1358 1151 1410 τὸ
1184 1358 1386 1412 εἰδικόν
1407 1375 1422 1389 ⁸
1450 1356 1511 1411 τὸ
1542 1357 1633 1426 ὑφ’
1665 1356 1749 1419 οὗ,

168 1449 284 1505 οἷον
317 1452 377 1505 τὸ
406 1452 720 1521 ποιητικόν·
754 1452 816 1505 τὸ
869 1453 939 1505 δι’
977 1454 1027 1515 δ,
1063 1445 1176 1505 οἷον
1209 1451 1271 1505 τὸ
1295 1450 1509 1506 τελικόν
1530 1466 1546 1484 ⁸
1595 1449 1657 1503 τὸ
1683 1450 1753 1503 δι’

168 1536 255 1607 οὗ,
290 1540 507 1598 οἷονκτὸ
559 1544 885 1614 ὀργανικόν⁸
946 1543 1008 1597 τὸ
1063 1542 1200 1614 πρδς
1246 1545 1294 1607 ὃ,
1330 1537 1443 1599 οἷον
1479 1544 1541 1597 τὸ
1570 1557 1754 1613 παρα-

167 1637 548 1707 δειγματικόν.
588 1638 745 1693 Κατὰ
774 1637 905 1705 γοῦν
936 1639 1006 1691 τὰ
1036 1636 1263 1692 τοιαῦτα
1298 1637 1397 1691 τοῦ
1440 1636 1619 1690 αἰτίου
1656 1636 1751 1691 καί¹

165 1734 269 1799 τῆς
302 1734 475 1802 ἀρχῆς
509 1731 910 1802 σημαινόμενα,
942 1728 1019 1801 τῷ
1069 1730 1171 1799 μὲν
1215 1730 1566 1802 ὑποκειμένῳ
1612 1747 1747 1784 ταυον
1780 1762 1823 1817 Β

167 1826 262 1880 τόν
288 1829 438 1880 ἐστιν
477 1826 619 1895 ἀρχή
650 1841 707 1878 τε
735 1824 830 1877 καὶ
860 1822 1033 1877 αἴτιον
1058 1840 1075 1854 ⁸
1108 1825 1174 1893 τῇ
1209 1823 1426 1893 ἐπινοίᾳ
1453 1823 1510 1877 δὲ
1560 1823 1750 1893 διαφέ-

168 1936 381 1989 ρουσιν.
427 1917 490 1972 ’11
523 1916 625 1987 μὲν
651 1916 762 1987 γὰρ
797 1915 940 1986 ἀρχὴ
987 1916 1287 1969 ἐπινοεῖται
1321 1915 1457 1969 καθὸ
1490 1919 1751 1986 προηγεῖ-

165 1997 296 2064 ut"
328 2011 389 2061 τὸ
412 2010 457 2063 δ’
485 2010 660 2063 αίτιον
691 2008 812 2062 καθ’
834 2008 863 2062 ὃ
889 2010 1036 2061 ποιεί
1057 2024 1111 2060 τι
1134 2008 1229 2061 καὶ
1249 2008 1508 2062 ἀποτελεῖ
1537 2008 1600 2062 τὸ
1628 2008 1749 2079 μετ’

168 2101 327 2166 αὐτὸ,
355 2101 506 2157 ὄντος
540 2101 634 2153 και
666 2098 762 2152 τοῦ
789 2099 967 2153 αἰτίου
992 2098 1221 2169 δυνάμει
1243 2098 1501 2170 ἀρχικοῦ·
1532 2101 1750 2171 καὶτῆς

165 2195 346 2266 ἀρχῆς
376 2196 607 2262 δυνάμει
636 2191 973 2261 τελεστικῆς.

1855 432 1985 486 dum
2030 443 2213 487 autem
2270 435 2421 505 prius
2454 447 2533 492 est
2574 438 2642 493 de
2697 438 2987 508 principio,
3034 438 3179 510 quod
3211 437 3435 492 totidem

1858 526 2055 588 modis,
2084 537 2213 595 quot
2236 543 2398 583 causa
2442 528 2667 585 dicitur.
2702 530 3040 601 Principium
3079 530 3264 601 itaque
3291 528 3433 584 dici-

1857 627 1945 673 tur
1995 619 2046 681 id
2081 634 2149 675 ex
2199 635 2306 687 quo
2349 620 2577 693 [aliquid
2613 632 2694 679 est
2717 622 2758 696 ἢ
2804 636 2865 680 ιιι
2912 628 3176 686 materia;
3226 626 3292 678 ex
3327 638 3437 692 quo

1855 706 2092 777 primum
2126 708 2483 766 inexsistente
2527 710 2586 766 fit
2652 714 2878 784 aliquid,
2937 721 3090 769 velut
3141 714 3349 783 lapides
3384 722 3439 768 et

1857 801 2023 871 ligna,
2050 803 2243 859 domus
2272 803 2541 875 principia
2589 804 2792 878 [sunt.]
2834 805 2888 859 Id
2922 807 3225 861 secundum
3264 807 3435 877 quod,

1857 902 1913 948 ut
1944 894 2119 949 forma
2153 904 2207 950 et
2232 894 2428 965 figura,
2461 903 2515 951 et
2546 900 2771 951 omnino
2800 898 3031 964 species.
3071 898 3125 952 Id
3162 913 3191 951 a
3226 905 3438 966 quo,ut

1857 996 2074 1051 natura,
2130 989 2459 1043 naturalium
2488 1005 2504 1055 ;
2535 997 2590 1044 et
2621 989 2992 1044 artificialium
3019 1026 3035 1053 ,
3084 1004 3175 1044 ars
3227 988 3436 1058 princi-

1854 1080 2002 1150 pium
2049 1090 2150 1136 est.
2187 1080 2246 1135 id
2291 1091 2511 1151 propter
2559 1082 2729 1153 quod,
2783 1096 2878 1136 seu
2932 1082 3091 1153 cujus
3147 1083 3342 1151 gratia,
3378 1091 3439 1135 ut

1853 1174 2107 1239 victoria,
2153 1178 2472 1231 certaminis
2519 1185 2603 1232 est
2639 1176 2998 1246 principium;
3057 1175 3179 1247 siqu
3204 1176 3438 1231 ἀρηινὶ-

1854 1269 2041 1324 ctoriae
2079 1269 2249 1337 gratia
2283 1277 2560 1324 certamen
2600 1270 2903 1335 perficitur.
2943 1267 3114 1324 Porro
3140 1285 3206 1322 ex
3242 1267 3428 1323 Plato-

1853 1358 1940 1413 nis
1986 1358 2255 1413 sententia
2303 1359 2631 1428 principium
2678 1369 2762 1414 est
2817 1360 2985 1413 etiam
3034 1359 3108 1422 id,
3143 1375 3238 1427 per
3282 1359 3427 1427 quod

1855 1452 1938 1525 [iit
1994 1452 2263 1526 aliquidﬂ
2326 1461 2384 1507 ut
2437 1452 2906 1518 instrumentum;
2973 1453 3039 1507 ad
3093 1451 3275 1522 quod,
3328 1452 3437 1505 ut'

1853 1544 2160 1612 exemplar.
2215 1543 2413 1599 Eodem
2447 1552 2630 1599 autem
2663 1544 2826 1599 modo
2856 1543 3019 1597 etiam
3047 1556 3212 1599 causa
3237 1542 3440 1597 dicitur

1855 1638 1909 1705 id
1960 1652 2025 1693 ex
2066 1652 2196 1709 quo,
2236 1647 2297 1693 ut
2329 1637 2676 1705 materialis;
2729 1639 2781 1692 id
2822 1638 3125 1693 secundum
3179 1636 3351 1706 quod,
3384 1643 3443 1690 ut

1854 1727 2142 1795 formalis;
2179 1729 2233 1784 id
2271 1744 2303 1784 a
2333 1745 2463 1800 quo,
2497 1739 2555 1783 ut
2597 1728 2872 1796 eiIiciens;
2911 1730 2963 1784 id
3018 1740 3237 1800 propter
3272 1730 3439 1799 quod,

1856 1829 1913 1875 ut
1946 1820 2159 1887 ﬁnalis;
2196 1820 2247 1876 id
2309 1836 2405 1891 per
2436 1820 2607 1891 quod,
2667 1832 2724 1876 ut
2763 1820 3235 1887 instrnmeutalis;
3271 1821 3323 1873 id
3371 1821 3438 1873 ad

1854 1912 2014 1983 cujus
2055 1912 2497 1978 similitudinem,
2529 1922 2588 1967 ut
2631 1914 2982 1983 exemplaris.
3041 1913 3227 1980 Quoad
3275 1915 3439 1982 igitur

1854 2004 2128 2075 ejusmodi
2162 2017 2342 2060 causa:
2395 2014 2449 2060 et
2494 2004 2749 2076 principii
2804 2006 3135 2075 signiﬁcata,
3194 2005 3442 2075 subjecto

1854 2097 2080 2166 quidem
2112 2111 2281 2151 unum
2310 2096 2567 2165 idemque
2605 2106 2734 2154 sunt
2784 2098 3114 2168 principium
3146 2109 3200 2152 et
3239 2113 3443 2163 causa;

1860 2189 1955 2245 sed
2007 2190 2335 2261 cOgitatione
2402 2187 2682 2245 diii‘erunt.
2738 2189 3071 2261 Principium
3106 2190 3275 2257 enim,
3308 2206 3447 2260 qua-

166 2300 346 2345 tenus‘
384 2287 1052 2361 antecedit,ﬂ_cogitatur
1090 2302 1106 2343 :
1140 2301 1306 2343 causa
1343 2294 1496 2354 vero;
1528 2294 1797 2359 quatenus
1836 2283 2043 2357 aliquid
2070 2282 2255 2346 eiﬁcit,
2286 2294 2342 2339 et
2376 2285 2524 2355 quod
2566 2284 2945 2353 consequitur,
3004 2283 3259 2354 perlicit:
3318 2298 3445 2341 cum

165 2388 312 2444 aiias
339 2386 577 2456 potentia
629 2395 684 2439 et
717 2399 883 2440 causa
914 2384 1189 2455 principii.
1239 2374 1293 2440 et
1318 2384 1645 2456 principium
1678 2382 1918 2455 potentia
1949 2378 2264 2452 perﬁciendi
2295 2388 2349 2434 et
2379 2380 2641 2434 causandi
2673 2379 2782 2433 vim
2805 2379 3026 2435 habeat.

244 2479 311 2552 β’.
349 2481 472 2533 Τῶν
494 2478 540 2531 6‘
568 2475 1047 2547 ἀπηριθμημένων
1071 2476 1267 2530 αἰτίων
1300 2477 1371 2532 τὰ
1403 2477 1506 2549 μὲν
1544 2475 1751 2547 κυρίως

165 2576 322 2630 αἰτια
352 2572 593 2640 λέγεται·
620 2569 689 2623 τὰ
715 2568 774 2622 δι
802 2568 1076 2623 συναίτια⁸
1105 2568 1257 2623 αῐτια
1300 2570 1423 2641 μὲν,
1449 2569 1513 2623 τὸ
1535 2586 1753 2639 ποιητι-

164 2666 296 2729 κὸν,
321 2664 381 2719 τὸ
422 2662 659 2726 τελικὸν,
708 2661 770 2715 τὸ
805 2662 1321 2733 παραδειγματικόν
1342 2677 1357 2693 ⁸
1410 2660 1663 2717 συναίτια
1692 2661 1749 2715 δὲ

162 2760 230 2814 τὺ
259 2758 465 2820 ὑλικὸν,
502 2756 564 2809 τὸ
594 2755 794 2809 εἰδικδν
834 2756 930 2809 καὶ
957 2755 1018 2809 τὸ
1039 2755 1355 2824 ὀργανικύν.
1392 2754 1655 2826 Διαφέρει
1694 2756 1753 2810 δὲ

167 2854 383 2923 κυρίως
432 2851 608 2905 αἴτιον
651 2849 747 2902 και
776 2846 1052 2902 συναίτιον
1073 2864 1089 2881 ⁸
1121 2847 1184 2900 τὸ
1217 2847 1319 2918 μὲν
1344 2848 1551 2916 κυρίως
1579 2850 1757 2902 αἴτιον

162 2944 251 3014 τῷ
280 2942 549 3013 χωριστὸν
575 2937 716 2994 εἰναι
754 2939 849 2993 τοῦ
889 2938 1331 3006 ἀποτελούμένου
1362 2940 1458 2991 καὶ
1481 2937 1756 3009 ἐξῃρημέ-

1925 2472 1982 2526 2.
2017 2471 2472 2526 Enumeratarum
2508 2481 2690 2526 autem
2734 2485 3031 2526 causarum
3077 2471 3199 2527 aliae
3229 2469 3447 2541 proprie

1857 2579 2039 2620 causae
2073 2564 2379 2630 dicuntur;
2428 2563 2551 2618 aliae
2595 2577 2908 2619 concausae.
2969 2564 3163 2618 Causae
3213 2564 3439 2634 quidem

1858 2655 2122 2729 [proprie]
2177 2655 2439 2721 eﬂlciens,
2495 2655 2696 2722 liitalis,
2740 2655 3114 2725 exemplaris;
3148 2670 3446 2721 concausa:

1859 2763 2014 2816 vero,
2045 2748 2368 2814 materialis,
2396 2745 2672 2813 formulis,
2702 2756 2757 2803 et
2787 2748 3255 2804 instrumentalis.
3283 2750 3445 2817 Atqui

1861 2840 2122 2897 diii‘erunt
2174 2840 2398 2911 proprie
2463 2855 2629 2896 causa
2674 2848 2727 2895 et
2758 2854 3056 2902 concausa,
3105 2841 3249 2910 quod
3280 2855 3447 2895 causa

1862 2937 2082 3010 quidem
2130 2936 2198 2991 ab
2243 2951 2310 2991 eo
2358 2933 2505 3005 quod
2534 2934 2790 2996 edicitur,
2824 2942 3078 3002 separata
3130 2942 3185 3010 et
3211 2931 3446 2986 omnino

161 3006 628 3093 νονπαντάπασυ
663 3034 723 3086 τὸ
748 3032 804 3085 δὲ
839 3030 1117 3086 συναίτιον
1147 3032 1205 3084 ὲν
1234 3028 1314 3101 τῷ
1334 3006 1752 3101 ἀποτελουμένῳ

1864 3042 2073 3088 secreta
2112 3031 2216 3095 sit;
2277 3043 2559 3084 concausa
2620 3042 2775 3091 vero,
2809 3026 2862 3084 in
2895 3042 2959 3082 eo
2990 3006 3154 3096 quod.
3190 3024 3444 3087 edicitur,

171 3131 474 3205 πράγματι
504 3128 856 3198 θεωρεῖσθαι.

245 3222 321 3294 γ’.
356 3223 522 3277 Ὅθεν
547 3220 834 3290 ποιητικὸν
864 3218 1038 3273 αῐτιον
1064 3218 1201 3290 (καὶ)
1237 3217 1445 3290 κυρίως
1476 3217 1574 3272 καί
1601 3217 1759 3285 πρώ-

159 3335 283 3379 τως
314 3318 343 3369 ὀ
374 3315 513 3376 Θείός
552 3316 667 3367 εστι
697 3300 850 3375 νοῦς⁸
883 3312 978 3366 καὶ
1012 3312 1227 3366 τελικὸν
1271 3313 1306 3381 ἡ
1355 3310 1523 3365 αὐτοῦ
1554 3311 1761 3380 ames-

158 3431 296 3484 της,
327 3411 393 3465 δι’
423 3412 491 3482 ἢν
525 3413 706 3464 πᾶσαν
735 3410 915 3463 κτίσιν
947 3408 1406 3479 ἐδημιούργησεν,
1441 3407 1528 3461 ἵνα
1561 3404 1760 3474 γνωρί-

158 3507 338 3578 ζηται
398 3505 494 3557 καὶ
557 3502 923 3574 κηρύττηται.
992 3500 1287 3572 Προσεχώς
1349 3500 1408 3553 δὲ
1470 3497 1759 3568 ποιητικὸν

157 3601 350 3653 αῐτιον
382 3599 413 3664 ἡ
442 3596 603 3664 φύσις
631 3595 881 3662 λέγεται⁸
905 3593 975 3665 ἢν
1005 3592 1185 3656 καλῶς
1217 3593 1244 3646 ὁ
1279 3591 1504 3645 Πλάτων
1532 3591 1759 3661 ὀργανι-

159 3689 272 3741 κὸν
308 3687 509 3755 μᾶλλον
544 3685 723 3738 αἴτιον
766 3684 996 3749 τίθεται,
1027 3683 1102 3748 ὡς
1156 3684 1486 3756 κινουμένην
1528 3683 1628 3752 μὲν
1667 3680 1758 3751 ὑφ’

158 3779 361 3849 ἑτέρου
392 3777 506 3839 (τοῦ
537 3776 683 3830 θείου
716 3776 830 3840 νοῦ,
864 3776 957 3829 τοῦ
985 3777 1245 3845 ἀκινήτου
1276 3776 1416 3829 κατὰ
1446 3776 1628 3830 πᾶσαν
1658 3791 1757 3845 με-

160 3871 455 3940 ταϐολὴν),
488 3869 744 3923 κινοῦσαν
772 3869 817 3923 6’
847 3869 1032 3940 ἔτερα,
1056 3869 1123 3923 τά
1159 3868 1363 3938 φυσικὰ
1396 3866 1620 3938 σώματα
1660 3868 1760 3938 δη-

159 3966 309 4036 λαδὴ
351 3960 423 4016 ὧν
454 3965 547 4017 καὶ
572 3965 876 4033 ἁχώριστος
904 3961 1058 4025 οὖσα,
1096 3961 1373 4016 συναίτιον
1428 3961 1634 4031 μᾶλλον
1670 3964 1762 4014 εύ-

160 4062 352 4126 λόγως
406 4057 605 4125 λέγοιτ’
660 4057 747 4118 ἂν,
802 4055 918 4109 ἀλλ’
963 4056 1022 4108 ού
1055 4055 1261 4124 κυρίως
1309 4054 1506 4108 αίτιον.
1571 4054 1759 4123 Παρα-

159 4149 535 4218 δειγματικὸν
571 4146 616 4199 δ’
648 4146 843 4211 αἴτιον,
891 4144 1083 4216 ὥσπερ
1115 4145 1180 4215 δὴ
1213 4145 1309 4198 καὶ
1364 4148 1541 4220 ἀρχὴν
1579 4162 1759 4212 παρα-

159 4241 563 4311 δειγματικὴν,
616 4240 745 4303 τοὺς
784 4243 840 4292 ἐν
895 4238 973 4309 τῷ
1034 4238 1362 4309 δημιουργῷ
1419 4237 1494 4308 νῷ
1547 4242 1761 4308 προῦφ-

159 4337 425 4398 εστῶτας
490 4333 707 4396 ένιαίως
764 4333 1110 4396 ούσιοποιοὺς
1167 4333 1364 4400 λόγους
1428 4333 1537 4386 τῶν
1585 4334 1760 4387 ὄντων

1862 3126 2267 3182 consideretur.

1932 3220 1987 3275 5.
2026 3217 2162 3275 Hinc
2192 3233 2358 3275 causa
2395 3216 2638 3273 eﬂiciens
2667 3213 2774 3288 [et]
2808 3215 3031 3285 proprie
3072 3222 3126 3269 et
3178 3212 3447 3284 primario

1862 3313 2044 3370 divina
2073 3327 2231 3367 mens
2262 3321 2381 3376 est;
2434 3326 2498 3365 ac
2546 3309 2750 3373 ﬁnalis,
2804 3308 2977 3376 ipsius
3018 3306 3258 3368 bonitas,
3293 3303 3450 3374 cuius

1861 3407 2034 3476 gratia
2086 3420 2278 3461 omnes
2308 3413 2591 3459 creaturas
2622 3402 2891 3465 condidit,
2948 3408 3009 3455 ut
3058 3406 3451 3469 agnosceretur

1862 3500 1981 3568 ipsa
2025 3507 2079 3553 ct
2135 3497 2553 3569 praedicaretur.
2580 3493 2891 3565 Pmpinqna
2955 3503 3134 3547 autem
3168 3507 3332 3547 causa
3368 3491 3451 3544 ci—

1862 3594 2070 3659 liciens,
2101 3603 2297 3647 natura
2330 3590 2574 3658 dicitur}:
2616 3604 2785 3660 quam
2825 3598 2973 3643 recte
3015 3588 3168 3643 Plato
3199 3586 3221 3619 ⁸
3245 3587 3451 3639 instru-

1864 3688 2154 3743 mentalem
2189 3688 2367 3755 potius
2426 3698 2653 3739 causam
2709 3698 2832 3738 esse
2869 3682 3046 3752 ponit,
3080 3692 3134 3736 ut
3170 3697 3291 3751 qua)
3330 3697 3450 3733 mo-

1863 3791 2053 3835 veatur
2088 3779 2310 3849 quidem
2339 3778 2408 3833 ab
2438 3778 2610 3832 altern
2664 3777 2873 3847 [divina
2931 3782 3245 3844 mentvqnze
3270 3775 3451 3843 quoat

1863 3887 2082 3925 omnem
2152 3870 2507 3925 mutationem
2556 3882 2642 3925 est
2701 3866 3059 3940 immobilis],
3114 3870 3452 3927 aliaamezu,

1865 3963 2136 4017 naturalia
2169 3963 2426 4016 nimirmn
2471 3977 2720 4031 corpora
2759 3972 3010 4026 moveat;
3049 3978 3077 4014 τι
3112 3960 3310 4030 quibus
3328 3976 3450 4013 cum

1861 4057 2024 4110 etiam
2052 4056 2291 4125 separari
2325 4071 2431 4109 non
2467 4055 2663 4126 possit,
2702 4055 2907 4125 optima
2937 4056 3151 4109 ratione
3178 4068 3452 4109 concausa

1864 4152 2044 4221 potius
2074 4165 2239 4221 quant
2297 4150 2517 4219 proprie
2570 4164 2737 4203 causa
2782 4149 2890 4202 dici
2942 4160 3127 4219 queat.
3164 4147 3286 4202 Jam
3329 4164 3457 4201 vero

1864 4246 2230 4313 exentplarem
2282 4259 2530 4309 causam,
2588 4253 2645 4299 ut
2698 4260 2829 4297 sane
2868 4245 3028 4298 etiam
3060 4243 3110 4313 5
3146 4243 3459 4312 exemplare

1866 4337 2214 4408 principium,
2247 4337 2573 4392 substantia:
2619 4335 2927 4392 effectrices
2960 4338 3167 4392 cntinm
3196 4338 3456 4389 rationes.

158 4427 542 4497 ἐδιδάχθημεν
605 4421 769 4477 εἶναι.
822 4424 964 4495 Πρὸς
1018 4423 1112 4487 οὓς
1154 4424 1230 4487 ὡς
1286 4427 1424 4495 πρὸς
1473 4426 1752 4496 ἀρχέτυπα

1871 4444 1991 4498 quae
2018 4429 2070 4483 in
2103 4429 2541 4483 architectatrice
2562 4438 2742 4483 mente
2770 4428 3093 4499 simpliciter
3118 4433 3458 4496 prarexstito-

162 4518 491 4590 προαιώνια
525 4515 794 4586 σύμπασα
847 4516 1026 4579 κτίσις
1075 4515 1442 4587 ἀπηκριδὼοη
1482 4517 1560 4586 τῷ
1594 4533 1761 4571 παντ⁹

1872 4532 2017 4587 runt,
2076 4538 2199 4577 esse
2254 4521 2588 4590 didicimus;
2628 4522 2692 4575 ad
2729 4537 2887 4591 quas,
2922 4534 2977 4575 ut
3006 4524 3302 4590 archetypa
3335 4520 3455 4593 [ει-ιι

158 4611 430 4682 ουργικῷ
458 4612 554 4664 καὶ
579 4609 711 4678 Θείῳ
745 4608 1070 4679 βουλήματι.
1102 4609 1226 4662 Ἔτι
1260 4610 1481 4678 λέγεται
1513 4609 1677 4681 ἀρχὴ.
1705 4610 1752 4663 τί

1870 4613 2227 4686 exemplaria]
2254 4614 2402 4668 omni
2445 4629 2560 4668 a‘vo
2596 4615 2911 4682 antiquiora
2946 4630 3137 4668 omnes
3187 4625 3459 4668 creatua-te

158 4708 276 4776 ἀφ’
301 4703 365 4758 οῦ
389 4721 403 4735 ⁸
440 4704 745 4768 τουτέστιν,
777 4702 902 4757 ὅθεν
928 4704 960 4772 ἡ
987 4701 1180 4774 πρώτη
1215 4702 1431 4774 κίνησις
1450 4719 1465 4733 ⁸
1500 4696 1544 4771 ᾧ
1572 4703 1637 4772 δὴ
1670 4721 1765 4773 ση.

1872 4710 1942 4763 ab
1970 4710 2216 4763 omnium
2269 4724 2453 4762 rerum
2489 4708 2797 4764 conditrice
2826 4718 2879 4762 et
2929 4707 3116 4762 divina
3172 4710 3459 4761 voluntate

160 4799 501 4873 μαινομένῳ
550 4798 650 4869 τῆς
701 4795 882 4868 ἀρχῆς
931 4797 1236 4850 ἀντίκειται
1267 4798 1301 4866 ἡ
1329 4797 1578 4865 τελευτή.
1610 4800 1752 4852 Κατά

1874 4800 2132 4873 perfecta:
2161 4810 2215 4855 et
2241 4800 2498 4855 omnibus
2535 4802 2781 4855 numeris
2834 4801 3093 4855 absoluta:
3131 4812 3278 4854 sunt.
3315 4800 3460 4853 Pin:-

168 4892 311 4963 γοῦν
337 4893 398 4941 τὸ
419 4888 663 4941 τοιοῦτον
692 4886 1102 4955 σημαινόμενον
1130 4886 1231 4955 τῆς
1259 4888 1457 4957 ἀρχῆς,
1489 4890 1761 4955 τουτέστι,

162 4986 236 5040 τὸ
276 4982 369 5051 ἀφ’
398 4976 457 5034 οὗ
491 4982 634 5053 ἀρχὴ
664 4980 764 5051 μὲν
796 4978 921 5033 ὀδοῦ
948 4980 1189 5049 λέγεται,
1237 4979 1300 5033 τὸ
1330 4980 1546 5051 πρῶτον
1576 4980 1727 5053 βῆμα
1748 4998 1764 5014 ⁸

1440 5071 1602 5141 λόγου
1636 5089 1769 5143 προ-

157 5076 328 5151 ἀρχὴ
359 5076 416 5129 δὲ
446 5075 574 5146 νηδς
601 5074 794 5146 τρόπις
815 5088 829 5103 ⁸
877 5072 1057 5134 οἰκίας
1096 5071 1348 5141 θεμέλιος
1372 5086 1386 5100 ⁸

156 5173 401 5240 οίμιον⁸
453 5165 626 5236 φυτοῦ
672 5182 733 5218 τε
781 5164 930 5236 ῥίζα,
973 5167 1069 5218 καὶ
1119 5164 1259 5229 ζώου
1309 5165 1526 5233 καρδία.

159 5357 262 5431 μὴ
286 5353 361 5417 ὡς
392 5353 533 5423 μέρη
560 5351 615 5404 δέ
646 5362 658 5376 ‘
690 5348 835 5421 ἀρχὴ
888 5350 988 5420 μὲν
1009 5351 1285 5421 ,γραμμῆς
1320 5353 1548 5420 στιγμή.
1584 5353 1772 5421 Γραμ-

158 5450 262 5524 μὴ
312 5448 356 5501 δ’
388 5445 592 5516 ὁμοίως
627 5444 951 5512 ἐπιφανείας
983 5446 1127 5515 ἀρχή
1157 5462 1172 5478 ⁸
1209 5447 1302 5498 καὶ
1348 5446 1603 5515 σώματος
1644 5449 1770 5499 ἐπι-

155 5545 406 5617 φάνεια.
460 5539 671 5607 Χρόνου
718 5537 778 5591 δὲ
833 5537 995 5591 πάλιν
1045 5538 1186 5611 ἀρχὴ
1245 5540 1470 5611 τοιαύτη
1522 5542 1585 5593 τὸ
1637 5538 1767 5593 νῦν·

281 5665 304 5697 ι
333 5664 369 5716 2
400 5661 566 5731 Pliys.
601 5657 818 5731 c_._5,7t._
850 5655 957 5724 28;
996 5656 1031 5712 ἰ
1063 5657 1361 5730 Metaphys.
1396 5672 1450 5715 c.
1480 5660 1537 5715 2.

156 5747 364 5799 maSc.
398 5726 594 5788 contra
619 5726 864 5783 Manich.

1640 5661 1662 5693 ⁸
1696 5659 1766 5718 De
1803 5660 2016 5731 legibus
2057 5680 2112 5733 p.
2143 5663 2270 5719 767.

1873 4905 2020 4949 terea
2069 4894 2272 4948 dicitur
2325 4892 2730 4964 principium‘,
2769 4894 2845 4957 id,
2894 4895 2961 4949 de
2998 4911 3132 4963 quo,
3195 4895 3297 4949 hoc
3352 4905 3459 4955 νει,

1870 4987 2019 5041 unde
2085 4988 2299 5056 primus
2370 4997 2551 5041 motus
2608 4984 2750 5060 [tit],
2817 4986 2904 5040 cui
2968 5002 3101 5042 Sane
3155 4989 3464 5057 signiticzvo

1871 5080 2126 5151 principii
2166 5080 2291 5135 linis
2328 5081 2650 5150 opponitur.
2711 5081 2901 5147 Quoad
2938 5081 3038 5135 hoc
3077 5083 3244 5148 igitur
3281 5083 3461 5149 sign:-

1604 5166 1769 5220 Ἀλλὰ
1875 5174 2092 5227 iicatum
2130 5171 2408 5243 principii,
2441 5173 2544 5227 hoc
2588 5180 2694 5238 est,
2732 5173 2782 5227 id
2814 5172 2883 5226 de
2916 5188 3063 5241 quo,
3116 5174 3217 5227 via:
3259 5174 3464 5241 prian-

165 5263 361 5319 ταῦτα
396 5260 494 5330 μὲν
517 5258 594 5321 ὡς
628 5257 768 5327 μέρη
812 5255 1209 5327 προηγούμενα
1244 5256 1536 5310 καλοῦνται
1563 5258 1767 5327 ἀρχαί·

1874 5266 2048 5334 pium,
2083 5266 2293 5334 primus
2348 5265 2837 5341 passusdicitur:
2894 5267 3047 5319 navis
3106 5268 3465 5335 principium,

1876 5356 2105 5421 carina;
2170 5357 2389 5421 domus,
2448 5355 2904 5421 fundamentum;
2963 5358 3252 5423 orationis,
3301 5374 3467 5412 exnr.

1877 5451 2063 5515 dium;
2105 5460 2157 5505 ιτι
2211 5451 2427 5519 piantur,
2487 5452 2676 5516 radix;
2712 5462 2765 5507 et
2795 5451 3047 5505 animalis
3098 5467 3217 5506 cor.
3255 5451 3319 5505 Et
3355 5454 3469 5506 huic

1877 5542 2120 5611 quidem,
2156 5551 2214 5596 ut
2264 5555 2445 5613 partes
2486 5545 2902 5611 antecedentes,
2960 5544 3226 5614 principia
3272 5545 3469 5598 dicam-

2373 5661 2396 5694 ⁸
2420 5660 2496 5717 De
2531 5664 2881 5735 homonymia
2920 5664 3174 5735 principii
3211 5663 3331 5719 vide
3364 5665 3467 5719 Da-
