3868 6460
468 263 606 330 1027

1662 255 2093 316 NICEPHORI
2122 256 2547 316 ιιιΕΜΜιῡΑι

2996 176 3023 207 κ

3597 266 3724 326 1028

468 388 579 440 tur,
613 383 666 428 at
722 388 829 427 non
861 379 917 425 ut
975 378 1155 440 partes
1188 387 1203 436 ;
1238 368 1394 423 lineae
1446 369 1663 439 quidem
1715 368 2046 439 principium

2154 367 2357 437 ὁμοίως
2404 367 2461 421 δὲ
2499 369 2766 439 κινήσεως
2802 370 2946 442 ἀρχὴ
3000 370 3062 425 τὸ
3112 372 3448 443 καλούμενον
3507 376 3728 447 κίνημα.

468 478 755 538 punctum,
804 466 1047 534 itemque
1075 462 1384 532 superﬁciei
1426 461 1779 532 principium,
1810 460 1970 524 linca,
2000 472 2048 514 et

463 558 731 630 corporis,
757 556 1112 625 superﬁcies;
1140 563 1194 609 et
1226 568 1418 610 rursus
1437 553 1542 609 tale
1572 553 1830 623 temporis
1852 552 2055 622 princi-

468 651 636 719 pium.
672 662 817 701 nune
854 646 971 716 (seu
1005 649 1385 710 ammentum),
1420 650 1473 697 et
1496 640 1669 695 simili
1695 640 1908 695 ratione
1942 654 2053 694 mo-

430 748 552 798 ’tns
589 739 935 811 principium,
954 735 1099 808 quod
1132 733 1342 790 cinema
1366 733 1386 765 '
1409 732 1879 802 (seuunutationis
1896 748 2058 802 punc-

467 841 638 903 tum),
671 843 912 888 \‘OCﬂllll'.
952 830 1141 885 Omnis
1194 838 1379 883 autem
1420 828 1693 893 continui,
1716 827 1872 882 lineae
1904 828 2053 883 vide-

465 931 609 996 jirct,
633 926 961 1000 ειιρωίίνὶθί,
988 934 1043 981 οι
1066 923 1335 994 corporis,
1358 921 1619 992 temporis
1646 921 1774 976 item
1794 930 1848 977 et
1879 932 2056 977 motus

462 1024 661 1094 duplex
680 1037 803 1079 esse
820 1018 1148 1091 principium
1179 1014 1758 1084 videtur.Principium
1793 1014 1940 1071 enim
1972 1027 2057 1071 est

459 1119 517 1188 6
540 1127 595 1172 et
630 1114 957 1171 antecedens
986 1128 1111 1183 pars
1141 1110 1388 1167 continut
1420 1110 1462 1177 ',
1498 1124 1620 1179 quae
1652 1109 1816 1164 etiam
1845 1109 2055 1167 inﬁnita

461 1223 565 1276 est,
604 1218 892 1280 propterea
920 1207 1061 1278 quod
1112 1214 1381 1277 potestate
1432 1204 1488 1259 in
1541 1202 1817 1259 inﬁnitum
1876 1205 2055 1275 possit

471 1305 664 1361 dividi.
700 1304 913 1359 Rursus
940 1316 1067 1355 vero
1093 1298 1424 1371 principium
1464 1305 1548 1353 est
1592 1296 1758 1353 etiam
1793 1296 1871 1362 id,
1911 1299 2055 1368 quod

463 1413 563 1454 nec
591 1408 651 1453 nt
669 1411 816 1466 pars,
840 1410 941 1450 nec
963 1408 1117 1464 atque
1138 1407 1204 1448 ac
1231 1399 1404 1447 totum
1426 1398 1533 1455 est,
1558 1398 1618 1445 ut
1641 1398 1799 1445 antea
1826 1390 2053 1446 dictum.

461 1492 630 1559 Quale
664 1503 793 1544 vero
842 1486 1087 1543 continui
1127 1493 1211 1539 cst
1267 1482 1645 1553 principium,
1695 1482 1861 1537 talem
1892 1482 2053 1537 etiam

460 1582 817 1636 conveniente
878 1580 1039 1633 modo
1114 1577 1276 1632 tinem
1338 1583 1551 1645 oportet
1624 1573 1821 1645 accipi.
1879 1573 2051 1629 Veluti

462 1676 615 1731 tinem
651 1671 1001 1744 principium,
1029 1678 1113 1725 est
1169 1678 1431 1735 punctum
1461 1682 1473 1719 :
1512 1674 1565 1720 et
1588 1664 1712 1719 linis
1738 1666 1891 1733 item,
1921 1681 2055 1734 puu-

2167 462 2351 515 Ἔοικε
2406 462 2453 516 δ’
2497 462 2642 534 ἁρχὴ
2690 464 2890 527 παντὸς
2948 466 3206 535 συνεχοῦς
3240 467 3512 539 ὑπάρχειν
3552 467 3729 538 διττήο

2161 553 2423 623 γραμμῆς
2476 554 2721 626 δηλονότι
2782 557 2877 609 καὶ
2920 558 3249 626 ἀπιφανείας
3300 560 3398 614 καὶ
3451 558 3727 631 σώματος,

2161 646 2357 717 χρόνον
2382 665 2439 700 τε
2464 647 2559 702 καὶ
2582 649 2873 720 κινήσεως.
2911 651 3066 706 Ἐστι
3103 653 3202 723 μὲν
3230 651 3341 723 γὰρ
3371 653 3515 725 ἀρχὴ
3545 657 3644 709 καὶ
3668 658 3729 708 τὸ

2163 739 2576 810 προηγούμενον
2610 741 2780 812 μέρος
2811 741 2906 796 τοῦ
2938 743 3220 814 συνεχοῦς,
3253 747 3393 811 ὅπερ
3440 747 3541 800 καὶ
3583 745 3732 818 ἀόρι-

2163 833 2286 887 στόν
2311 836 2450 901 ἐστι,
2480 838 2566 892 διὰ
2615 839 2674 892 τδ
2699 839 2798 893 ἐπ’
2822 841 3053 911 ἄπειρον
3081 837 3223 896 εἶναι
3252 841 3486 913 δυνάμει
3532 843 3736 914 διαιρε-

2159 928 2275 984 τόν.
2311 928 2470 982 Ἐστι
2504 930 2563 984 δὲ
2592 929 2754 986 πάλιν
2782 931 2927 1005 ἁρχὴ
2972 932 3065 988 καὶ
3094 935 3125 1007 ἡ
3160 934 3235 1007 μὴ
3280 935 3357 1000 ὡς
3394 938 3580 1006 μέρος,
3619 936 3736 1005 μηδ’

2159 1022 2320 1090 ὁμοῖα
2373 1023 2452 1092 τῷ
2504 1024 2665 1096 ὅλῳ,.
2692 1025 2949 1096 καθάπερ
2997 1029 3349 1100 προείρηται.
3391 1029 3593 1084 Ὀποία
3624 1030 3669 1083 δ’
3706 1034 3735 1102 ὴ

2159 1116 2302 1186 ἀρχὴ
2336 1117 2430 1170 τοῦ
2465 1118 2742 1189 συνεχοῦς.
2771 1119 3017 1174 τοιοῦτον
3051 1122 3161 1193 χρὴ
3195 1123 3289 1176 καὶ
3314 1123 3380 1176 τὸ
3406 1123 3586 1193 πέρας
3607 1138 3737 1177 κατ-

2159 1207 2405 1279 αλλήλως
2443 1210 2820 1280 λαμόἁνεσθαι
2846 1229 2861 1246 ’
2892 1210 3006 1269 οἷον
3052 1218 3083 1284 ή
3135 1214 3236 1287 τῆς
3285 1217 3555 1287 γραμμῆς
3599 1217 3736 1287 ἀρχὴ

2161 1304 2388 1371 σημεῖον
2414 1320 2429 1336 ’
2469 1306 2563 1358 καὶ
2611 1304 2671 1357 τὸ
2715 1306 2889 1377 πέρας
2922 1309 3166 1377 σημεῖον.
3203 1308 3263 1360 El
3290 1309 3346 1362 δὲ
3378 1308 3438 1362 τὸ
3465 1308 3736 1377 προηγού-

2165 1395 2326 1462 μενον
2355 1395 2523 1465 μέρος
2565 1395 2666 1464 τῆς
2710 1397 2981 1469 γραμμῆς
3015 1397 3089 1461 ὡς
3122 1398 3263 1470 ἀρχὴ
3290 1399 3497 1472 ταύτης
3525 1399 3740 1469 λαμδάι

2159 1503 2320 1553 νοιτο,
2360 1491 2456 1543 καὶ
2484 1491 2544 1543 τὸ
2576 1491 2884 1547 τελευταῖον
2907 1493 3076 1563 μέρος
3104 1495 3201 1564 τῆς
3231 1497 3503 1566 γραμμῆς
3536 1496 3617 1559 ὠς
3646 1496 3736 1548 πέ-

2162 1596 2261 1646 ρας
2291 1582 2494 1652 ταύτης
2518 1584 2837 1656 λαμϐάνοιτ’
2856 1587 2943 1641 ἄν.
2969 1587 3073 1639 Τὸν
3104 1587 3264 1642 αὑτὸν
3286 1587 3345 1642 δὲ
3363 1590 3573 1659 τρίπον
3604 1590 3734 1645 κάπὶ

2163 1675 2364 1737 παντὸς
2394 1677 2675 1747 συνεχοῦς.

462 1779 605 1824 etum
640 1778 743 1822 cst.
771 1764 871 1843 _Sin
891 1772 1071 1817 autem
1102 1761 1431 1817 antecedens
1464 1759 1621 1815 linere
1650 1772 1799 1829 pars,
1826 1758 2229 1833 utprinvipium
2266 1766 2414 1825 illius
2434 1778 2728 1825 sumatur:
2764 1772 2955 1826 ultima
3016 1774 3180 1827 etiam
3250 1788 3378 1843 pars
3417 1773 3601 1840 lineae,
3681 1788 3735 1832 ut

463 1861 586 1917 (mis
626 1861 772 1916 iuius
799 1859 1119 1929 accipietur.
1146 1857 1328 1926 Atque
1379 1855 1570 1909 eodem
1610 1854 1771 1937 modo
1796 1846 1851 1906 it’i
1880 1856 2029 1909 omni
2073 1861 2342 1915 continuo
2374 1877 2467 1918 res
2508 1878 2571 1919 se
2592 1864 2779 1920 habet.

530 1956 583 2011 4.
623 1957 846 2025 Insuper
880 1954 1076 2009 dicitur
1126 1952 1393 2022 cujusque
1427 1955 1503 2005 rei
1563 1942 1778 2015 ratione
1819 1962 2023 2021 tempo-

2209 1958 2270 2010 δ’.
2306 1960 2427 2013 Ἔτι
2478 1961 2698 2030 λέγεται
2751 1967 2848 2036 τῆς
2895 1965 3037 2018 κατὰ
3069 1965 3258 2035 χρόνον
3305 1965 3539 2020 ἑκάστου
3576 1968 3733 2036 γενέ-

462 2052 537 2103 ris
561 2046 888 2119 principium
916 2043 1306 2116 generationis,
1344 2046 1522 2110 ipsum
1553 2054 1768 2111 tempus
1797 2058 1909 2113 quo
1944 2058 2029 2100 res

463 2144 695 2212 primum
758 2138 891 2193 oriri
927 2129 1127 2208 coepit;
1176 2135 1321 2208 quod
1377 2136 1500 2192 ideo
1544 2135 1774 2192 delinire
1806 2152 1916 2192 non
1961 2148 2045 2192 est

461 2235 639 2297 facile.
672 2232 798 2302 quia
838 2230 1046 2302 qumvis
1090 2244 1218 2299 pars
1267 2228 1558 2299 cujuslibet
1593 2230 1836 2284 continui
1895 2242 2047 2300 pote-

461 2338 602 2385 state
633 2328 687 2380 in
719 2324 991 2380 infinitum
1023 2322 1308 2377 dividitur.

531 2424 584 2477 5.
619 2420 714 2476 llis
735 2421 808 2473 ita
844 2417 1120 2474 distinctis
1150 2416 1480 2487 inquirenda
1521 2416 1633 2487 jam
1682 2429 1813 2474 sunt
1835 2419 2045 2490 princi‘

463 2515 548 2584 pia
579 2526 634 2570 et
656 2528 836 2569 causae
866 2525 1157 2580 corporum
1184 2511 1520 2564 naturalium
1541 2526 1606 2564 ex
1638 2511 1842 2582 quibus
1870 2514 2046 2582 primo

461 2620 576 2662 orta
613 2618 763 2670 sunt,
796 2615 849 2660 et
877 2605 931 2660 in
980 2617 1100 2672 qua:
1139 2611 1419 2672 postremo
1472 2602 1668 2658 iterum
1732 2607 2045 2660 dissolvun-

465 2711 552 2754 tur
586 2700 625 2754 ⁷.
657 2699 924 2765 Quoniam
987 2696 1150 2767 igitur
1197 2697 1344 2766 quod
1405 2705 1736 2767 generatur,
1806 2714 1913 2754 non
1978 2716 2043 2754 ex

464 2791 728 2858 quolibet,
771 2789 864 2846 sed
892 2804 959 2843 ex
977 2787 1256 2844 contrario
1287 2797 1606 2858 generatur;
1640 2805 1742 2844 nec
1775 2791 1827 2843 in
1864 2792 2046 2861 quod.

464 2889 634 2950 libet,
689 2884 784 2940 sed
848 2884 906 2939 in
963 2882 1301 2937 contrarium
1359 2881 1727 2951 corrumpitur
1793 2882 2043 2953 (exempli

464 2979 658 3049 pratia,
688 2993 753 3034 ex
791 2976 1081 3032 immusico
1109 2990 1207 3030 seu
1243 2990 1309 3029 eo
1340 2974 1484 3045 quod
1532 2976 1739 3030 musica
1767 2976 2042 3044 privatum

460 3086 564 3138 est,
600 3073 660 3128 lit
688 3070 993 3134 musicum;
1020 3079 1075 3123 et
1109 3081 1303 3123 rursus
1334 3067 1387 3122 in
1419 3066 1769 3122 immusicum
1807 3067 2042 3137 interit).

461 3182 581 3236 quae
627 3164 807 3236 prima
835 3162 885 3232 7
927 3171 981 3216 et
1021 3174 1279 3229 suprema
1326 3174 1393 3215 ex
1453 3160 1748 3215 contrariis
1812 3162 2042 3231 cogitari

462 3266 729 3330 possunt;
758 3269 1055 3325 corporum
1081 3255 1248 3307 etiam
1289 3253 1633 3322 generationi
1660 3252 2041 3323 subiectorum

462 3354 635 3424 prima
664 3349 870 3406 fuerint
908 3349 1204 3419 principia.
1260 3346 1441 3402 l’rinta
1485 3358 1671 3404 autem
1707 3358 1765 3403 et
1792 3364 2043 3419 suprema

461 3446 707 3500 omnium
739 3440 1142 3495 contrariorum
1169 3440 1474 3511 cogitantur
1497 3438 1674 3496 forma
1703 3448 1758 3496 et
1792 3440 2046 3511 privatio.

463 3536 694 3592 Proinde
736 3535 854 3588 haec
894 3531 1221 3586 naturalium
1279 3531 1621 3604 (corporum)
1690 3532 1864 3603 prima
1920 3541 2052 3588 sunt

462 3627 753 3702 principia.
812 3624 1267 3695 Quandoquidem
1330 3636 1516 3680 autem
1559 3626 1838 3682 contraria
1876 3641 1907 3681 e
1949 3642 2053 3681 nu-

462 3742 614 3780 mero
658 3736 845 3799 eorum
884 3733 1006 3791 quae
1046 3718 1101 3772 in
1152 3717 1403 3788 subjecto
1439 3726 1620 3783 sunt,
1666 3732 1793 3774 esse
1844 3733 2050 3790 cogno-

460 3825 722 3884 scuntur;
749 3822 806 3868 et
839 3827 965 3868 cum
1030 3810 1257 3881 quidem
1316 3826 1413 3882 per
1465 3826 1527 3868 se
1567 3820 1699 3868 sunt
1726 3850 1743 3875 ,
1774 3813 1886 3882 pati
1921 3829 1953 3869 a
1991 3829 2052 3871 se

459 3912 695 3992 jnvicem
726 3908 975 3975 amnique
1025 3921 1130 3963 non
1192 3915 1419 3977 possunt
1451 3921 1468 3961 :
1501 3908 1737 3977 (oportet
1770 3904 1915 3960 enim
1951 3921 2050 3977 pa-

466 4010 610 4062 tiens
649 4003 979 4059 remanendo
1003 4004 1137 4074 pati,
1166 4001 1444 4059 contraria
1479 4010 1661 4054 autem
1711 4014 1771 4054 se
1816 4000 2049 4055 invicem

460 4112 566 4150 non
592 4094 902 4161 sustinent;
930 4094 1025 4150 sed
1060 4095 1113 4147 in
1159 4093 1411 4164 subjecto
1436 4093 1489 4144 in
1528 4105 1588 4145 se
1618 4089 1851 4146 invicem
1880 4105 2040 4161 agere

461 4195 713 4258 possunt.
741 4185 957 4239 Etenim
991 4184 1343 4239 immusicum
1374 4193 1431 4238 et
1467 4183 1742 4238 musicum
1772 4183 1817 4236 si
1850 4197 1945 4252 per
1987 4188 2051 4236 se

461 4282 594 4349 sint,
619 4300 647 4335 a
679 4296 738 4335 se
790 4280 1024 4334 invicem
1056 4278 1163 4349 pati
1199 4293 1309 4332 non
1364 4286 1615 4347 possunt,
1652 4276 1756 4332 nisi
1784 4277 1837 4329 in
1871 4276 2051 4344 subje-

456 4387 565 4439 cto,
596 4375 649 4429 in
678 4372 926 4439 Socrate,
964 4371 1110 4426 verbi
1137 4384 1326 4434 causa,
1382 4370 1467 4425 vel
1525 4367 1751 4423 Platone
1792 4365 2046 4438 fuerint.)

457 4463 695 4522 Proinde
721 4474 869 4519 certe
902 4461 1161 4516 etfurma
1211 4470 1266 4516 et
1314 4460 1549 4527 privatio
1599 4458 1855 4530 subjecto
1905 4476 2047 4529 quo-

457 4565 580 4614 dam
613 4574 754 4628 opus
808 4556 1033 4619 habent,
1070 4554 1125 4608 in
1153 4567 1265 4623 quo
1295 4552 1462 4608 etiam
1494 4554 1613 4622 ipsa
1641 4566 1803 4622 agere
1831 4554 2045 4622 possint

2154 2068 2291 2115 σεως
2333 2053 2479 2125 ἀρχὴ
2508 2056 2675 2121 αὑτὸς
2703 2058 2731 2111 δ
2760 2058 2951 2129 χρόνος
2988 2059 3047 2112 ὲν
3072 2053 3117 2127 ᾧ
3145 2060 3206 2112 τὺ
3237 2061 3467 2131 πρᾶγμα
3501 2061 3733 2131 πρώτως

2150 2145 2355 2215 ἤρξατο
2375 2164 2387 2176 ·
2416 2148 2477 2201 δν
2498 2149 2609 2203 οὐδ’
2632 2140 2817 2221 ὀρίσαῖ
2848 2153 3032 2224 ῥᾴδιον
3060 2153 3150 2206 διὰ
3184 2154 3247 2206 τὸ
3266 2155 3358 2207 ἐπ’
3388 2157 3624 2227 ἄπειρον
3657 2157 3733 2210 διο

2149 2239 2419 2308 αιρείσθαι
2451 2240 2681 2313 δυνάμει
2708 2245 2814 2297 πᾶν
2850 2246 3016 2314 μέρος
3044 2246 3242 2309 παντὸς
3270 2245 3555 2316 συνεχοῦς·

2221 2430 2279 2477 ε’.
2309 2422 2529 2477 Τούτων
2563 2422 2709 2478 οὑτω
2740 2416 3200 2496 διακεκριμένων,
3226 2426 3491 2498 ζητητέον
3510 2426 3619 2499 ἤδη
3640 2430 3731 2494 τὰς

2149 2517 2325 2585 ἀρχὰς
2364 2522 2459 2571 καὶ
2504 2518 2574 2572 τὰ
2620 2516 2772 2571 αἴτια
2809 2518 2920 2572 τῶν
2950 2519 3201 2588 φυσικῶν
3234 2522 3530 2591 σωμάτων,
3564 2521 3631 2589 ἐξ
3661 2516 3729 2577 ὧν

2150 2609 2386 2681 πρώτως
2416 2614 2696 2679 γεγόνασι,
2753 2613 2847 2667 καὶ
2898 2616 2979 2677 είς
3007 2613 3043 2667 ἃ
3073 2615 3319 2685 ἐσχάτως
3358 2617 3497 2670 αὑτὰ
3568 2617 3731 2671 πάλιν

2149 2702 2476 2758 διαλύονται.
2529 2704 2686 2757 Ἐπεὶ
2721 2703 2903 2759 τοίνυν
2948 2704 3008 2758 τὸ
3047 2705 3334 2775 γινόμενον
3373 2707 3474 2761 οὐκ
3522 2708 3592 2762 ἐκ
3640 2706 3730 2761 τοῦ

2151 2795 2422 2866 τυχόντος.
2454 2797 2571 2849 rex
2599 2797 2659 2851 ἐκ
2698 2798 2795 2851 τοῦ
2852 2799 3099 2853 ἐναντίου
3125 2799 3354 2869 γίνεται,
3384 2799 3481 2852 καὶ
3524 2800 3631 2854 οὑκ
3654 2802 3731 2865 είς

2150 2890 2210 2939 τὸ
2236 2889 2425 2957 τυχὸν,
2458 2889 2570 2943 ἀλλ’
2605 2892 2687 2953 είς
2721 2891 3036 2944 τούναντίον
3070 2891 3356 2962 φθείρεται
3380 2885 3515 2959 (οἷον
3540 2893 3614 2947 ἐκ
3641 2891 3728 2947 τοῦ

2148 2982 2397 3048 ἀμούσου
2420 2983 2629 3048 γίνεται
2661 2985 2727 3037 τδ
2750 2989 3033 3055 μουσικὸν,
3059 2985 3151 3038 καὶ
3179 2984 3342 3040 πάλιν
3360 2988 3441 3051 είς
3464 2988 3529 3041 τὺ
3559 2988 3732 3059 ἄμου-

2151 3090 2243 3125 σον
2276 3074 2586 3146 φθείρεται)
2613 3091 2627 3105 ⁸
2670 3078 2738 3130 τὰ
2778 3077 2972 3148 πρῶτα
3004 3078 3098 3131 καὶ
3131 3080 3395 3133 ἀνωτάτω
3437 3079 3551 3133 τῶν
3580 3081 3732 3135 ἐναν-

2152 3167 2283 3218 τίων
2302 3168 2675 3239 ἐπινοοῦμενα
2696 3164 2809 3223 εἶεν
2833 3170 2900 3225 ἂν
2934 3170 3045 3224 τῶν
3078 3171 3182 3225 ὑπὸ
3204 3172 3423 3240 γένεσιν
3456 3173 3731 3244 σωμάτων

2151 3258 2367 3326 πρῶται
2406 3262 2610 3332 ἀρχαίθ
2638 3254 2859 3334 nam
2896 3264 2953 3316 δὲ
2993 3262 3091 3318 καὶ
3146 3266 3416 3321 ἀνωτάτω
3468 3267 3732 3322 ἐναντίοιν

2156 3353 2412 3406 ἁπάντων
2440 3357 2743 3409 ἐπινοεῖται
2792 3357 2852 3410 τὸ
2882 3354 3024 3421 εἶδος
3065 3360 3159 3410 καὶ
3201 3359 3233 3428 ἠ
3282 3358 3565 3429 στέρησις.
3610 3362 3731 3431 ’Δρ-

2150 3446 2247 3516 χαὶ
2291 3446 2402 3516 ἄρα
2448 3446 2667 3517 πρῶται
2708 3448 2881 3503 ταῦτα
2937 3449 3048 3504 τῶν
3106 3451 3372 3519 φυσικῶν.
3410 3451 3554 3506 Ἀλλ’
3616 3454 3730 3508 ἐπεὶ

2152 3538 2413 3594 τάναντία
2457 3541 2568 3595 τῶν
2600 3542 2665 3595 ἐν
2700 3526 3048 3613 ὑποκειμένῲ
3081 3543 3434 3611 γινώσκεται,
3480 3545 3582 3598 καὶ
3613 3545 3730 3601 καθ’

2151 3631 2323 3684 ἑαυτὰ
2377 3632 2477 3701 μὲν
2531 3633 2664 3688 ὄντα
2704 3635 2936 3706 πάσχειν
2992 3636 3092 3691 ὑπ’
3119 3636 3368 3709 ἀλλήλων
3411 3638 3474 3692 οὑ
3502 3636 3727 3693 δύναται

2155 3725 2259 3795 (δεῖ
2289 3726 2387 3796 μὲν
2414 3725 2523 3796 γὰρ
2551 3726 2613 3781 τὸ
2628 3726 2838 3796 πάσχον
2867 3728 3138 3800 ὑπομένον
3161 3731 3417 3802 πάσχειν.
3449 3731 3725 3787 Τὰναντία

2151 3814 2197 3868 δ’
2218 3817 2318 3885 οὐχ
2350 3816 2719 3885 ὑπομένουσιν
2744 3818 2947 3890 ἄλληλα
2968 3836 2983 3852 ·
3032 3822 3091 3874 ὲν
3117 3819 3466 3893 ὑποκειμένῳ
3502 3821 3563 3877 δὲ
3599 3822 3728 3894 δρᾷν

2155 3912 2229 3973 είς
2257 3909 2464 3981 ἄλληλα
2478 3911 2726 3966 δύναται.
2749 3913 2824 3967 Τδ
2850 3914 2961 3985 γὰρ
2982 3913 3225 3986 ἄμουσον
3245 3917 3342 3970 καὶ
3376 3916 3440 3969 τὸ
3462 3918 3727 3986 μουσικὸν

2153 4003 2212 4055 οὑ
2242 4002 2463 4059 δύναται
2498 4003 2733 4076 πάσχειν
2762 4006 2857 4060 ὑπ’
2896 4008 3144 4079 ἀλλήλων
3172 4008 3304 4063 ὄντα
3329 4009 3452 4063 καθ’
3477 4010 3649 4074 αὑτὰ,
3682 4011 3728 4064 εί

2156 4096 2232 4165 μὴ
2258 4098 2318 4148 ἐν
2349 4096 2694 4169 ὑποκειμένῳ
2719 4099 2804 4170 είη
2832 4100 2908 4170 τῷ
2932 4100 3214 4170 Σωκράτει
3238 4101 3401 4173 τυχὸν
3429 4101 3461 4173 ἢ
3485 4102 3566 4173 τῷ
3592 4102 3730 4157 Πλά-

2151 4186 2342 4257 τωνι)’
2378 4188 2461 4242 δεῖ
2520 4188 2614 4244 καὶ
2667 4188 2744 4259 τῷ
2785 4190 2917 4244 είδει
2969 4192 3060 4245 καὶ
3106 4194 3172 4262 τῇ
3222 4194 3479 4266 στερήσει
3509 4192 3729 4259 πάντως

2153 4278 2520 4352 ὑποκειμένου
2563 4281 2710 4348 τινὸς
2738 4284 2799 4338 ὲν
2828 4277 2874 4353 ᾧ
2906 4285 2999 4337 καὶ
3036 4285 3171 4357 δρᾷν
3214 4287 3294 4350 είς
3324 4285 3530 4356 ἄλληλα
3554 4287 3727 4344 ταῦτα

2148 4375 2418 4430 δύναιντο.
2446 4377 2539 4448 Μὴ
2571 4376 2632 4431 ὃν
2661 4377 2771 4449 γὰρ
2803 4378 3186 4449 ἀντικείμενον
3231 4381 3294 4434 τὸ
3343 4380 3727 4452 ὑποκείμενον,

2148 4468 2411 4539 ἑκάτερον
2444 4470 2553 4524 τῶν
2594 4470 2989 4540 ἀντικειμένων
3048 4473 3331 4542 ὑπομενεῖ.
3366 4471 3542 4527 Τοῦτο
3580 4475 3629 4528 δ’
3665 4475 3728 4529 ἂν

2149 4560 2238 4630 εἴη
2296 4561 2358 4614 τὸ
2416 4562 2804 4632 ὑποκείμενον,
2837 4566 2871 4636 ἠ
2927 4565 3167 4629 ἀνείδεος
3219 4563 3322 4635 ὕλη
3364 4566 3458 4618 καὶ
3510 4566 3725 4633 ἄποιος,

463 4655 517 4707 in
557 4668 617 4707 se
653 4650 908 4705 invicem.
980 4646 1302 4717 Subjectum
1358 4644 1554 4701 enim'
1584 4647 1730 4715 quod
1786 4660 1895 4699 non
1957 4656 2043 4703 est

2154 4652 2369 4721 πρῶτον
2393 4652 2755 4725 ὑποκείμενον
2783 4656 2882 4720 τὰς
2903 4656 3129 4727 πρώτας
3156 4657 3569 4727 ἀντικειμένοις
3596 4674 3728 4713 κατ·

456 4747 788 4817 oppositum,
825 4753 1119 4811 utrumque
1149 4749 1328 4795 tamen
1365 4738 1739 4810 uppositornm
1796 4738 2039 4796 sustine-

460 4840 555 4893 bit.
599 4835 710 4891 lloc
734 4844 915 4890 autem
949 4832 1258 4900 subjectum
1302 4830 1468 4886 fuerit
1496 4828 1752 4887 informis
1779 4838 1834 4886 et
1860 4831 2038 4901 quali-

458 4929 586 4984 tatis
638 4941 834 4996 expers
889 4924 1143 4989 materia,
1195 4922 1431 4992 primum
1466 4920 1776 4991 subjectum
1843 4922 2035 4992 primis

2147 4744 2398 4812 ἀλληλον,
2425 4749 2575 4817 τρεῖς
2618 4748 2728 4818 ἄρα
2772 4750 2883 4803 τῶν
2915 4749 3164 4817 φυσικῶν
3208 4750 3267 4803 αί
3319 4751 3419 4820 τῆς
3457 4752 3726 4819 γενέσεως

2145 4836 2360 4907 πρῶται
2420 4839 2626 4909 ἀρχαί⁹
2680 4842 2743 4896 τὸ
2791 4839 2956 4908 εἶδος,
3006 4843 3038 4914 ἡ
3093 4844 3355 4913 στέρησις
3385 4843 3480 4896 καὶ
3522 4844 3557 4916 η
3599 4843 3722 4911 ὕλη.

2156 4931 2319 4985 Ἀλλὰ
2360 4934 2424 4986 τὸ
2463 4935 2563 5003 μὲν
2615 4929 2757 4999 εἶδος
2785 4937 2881 4990 καὶ
2923 4938 2957 5007 ἡ
3000 4935 3100 5008 ὕλη
3137 4936 3262 4990 καθ’
3292 4936 3437 4989 αὐτὰ
3473 4937 3723 4991 νοοῦνται

457 5018 751 5077 contrariis
814 5015 1173 5073 conveniens.
1256 5013 1383 5069 Tria
1461 5013 1626 5085 igitur
1696 5013 2032 5069 naturalium

2154 5027 2337 5095 hpxatt,
2370 5028 2458 5081 διὰ
2489 5029 2551 5081 τὸ
2581 5029 2680 5098 τὴν
2710 5028 2845 5100 ὕλην
2875 5029 3196 5084 ὑποκεῖσθαι
3218 5030 3298 5099 τῷ
3323 5029 3473 5095 εῖδει,
3509 5030 3607 5084 καὶ
3632 5031 3723 5084 ἀν·

459 5111 796 5182 (corporum)
853 5109 1225 5182 generationis
1278 5109 1458 5179 prima
1522 5115 1652 5163 sunt
1702 5108 1975 5178 principia
2020 5124 2032 5161 :

458 5207 651 5270 forma,
692 5206 940 5277 privatio,
966 5214 1017 5259 et
1044 5203 1289 5259 materia.
1328 5200 1527 5257 Verum
1565 5212 1744 5257 tamen
1773 5200 1831 5271 8
1862 5201 2039 5256 forma

455 5302 674 5373 quidem
701 5309 755 5356 et
783 5300 1007 5354 materia
1037 5313 1131 5368 per
1169 5312 1227 5353 se
1294 5296 1677 5364 intelliguntur
1707 5309 1831 5351 esse
1884 5296 2041 5365 prin-

456 5394 594 5463 cipia
622 5394 681 5459 ’;
714 5391 840 5463 quia
871 5392 1094 5446 materia
1128 5387 1315 5445 (arma)
1359 5387 1648 5458 subjicitur
1669 5428 1685 5455 ,
1731 5402 1839 5442 non
1872 5403 2043 5458 oppo-

458 5488 603 5540 nitur
629 5486 716 5556 ei;
777 5499 888 5555 quo
933 5485 1154 5540 nomine
1209 5483 1376 5540 etiam
1446 5483 1823 5538 advenientem
1862 5482 2037 5552 ipsam

458 5579 691 5635 sustinet
719 5579 800 5634 vel
834 5584 1011 5648 potius
1039 5578 1213 5650 ipsam
1272 5573 1515 5647 appetit;
1559 5574 1791 5645 privatio
1854 5582 2034 5628 autem

582 5698 698 5750 Lib.
739 5696 906 5763 Categ
956 5713 1005 5751 c.
1040 5696 1091 5757 6,
1125 5710 1170 5748 s.
1199 5694 1253 5749 2.

2146 5121 2415 5175 τικείσοαι
2437 5121 2609 5193 αὐτῷ.
2645 5123 2734 5176 Διὸ
2776 5123 2871 5176 καὶ
2906 5123 3167 5192 ὑπομένει
3187 5123 3417 5192 προσιὸν
3444 5123 3599 5189 αὐτὸ,
3628 5120 3721 5175 καὶ

2148 5214 2360 5282 ἐφίεται
2390 5215 2595 5284 μᾶλλον
2631 5214 2822 5270 αὑτοῦ.
2873 5216 2938 5269 Ἥ
2974 5216 3031 5269 δὲ
3056 5216 3332 5288 στέρησις,
3365 5215 3717 5286 ἀντικειμένη

2149 5302 2245 5355 καὶ
2272 5302 2575 5368 ἀσύνακτος
2607 5305 2741 5358 οὖσα
2779 5305 2917 5376 πρὸς
2960 5307 3020 5358 τὸ
3046 5301 3209 5373 εἶδος,
3241 5306 3521 5372 ἐξίσταται
3541 5308 3718 5362 ἐσιόν-

2145 5410 2235 5455 τος
2264 5395 2448 5450 αὑτοῦ.
2483 5396 2646 5453 Ὅθεν
2669 5398 2763 5451 καί
2789 5399 2929 5453 κατὰ
2960 5399 3310 5471 συμϐεϐηκὸς
3343 5400 3489 5471 ἀρχὴ
3516 5404 3716 5454 νοεῖται

2146 5488 2180 5556 ἡ
2214 5489 2496 5559 στέρησις,
2526 5491 2604 5555 ὡς
2638 5493 2800 5575 μόνον
2834 5494 3271 5565 προϋπάρχουσα
3299 5496 3400 5566 τῆς
3425 5492 3715 5563 γενέσεως.

2147 5581 2221 5633 Οὐ
2249 5581 2358 5652 γὰρ
2381 5581 2445 5637 ἂν
2478 5584 2654 5661 ἔσοιτο
2678 5586 2892 5656 γένεσις
2922 5585 3002 5657 μὴ
3026 5585 3193 5658 οὔσης
3215 5586 3524 5658 στερήσεως
3544 5602 3557 5617 ·
3594 5584 3719 5640 ἐπεὶ

1348 5693 1563 5773 fﬂtys.
1600 5708 1657 5773 es.
1690 5693 1713 5746 l
1743 5731 1757 5755 ,
1790 5690 2025 5773 temnis,

2154 5737 2158 5748 .
2239 5699 2256 5730 ⁷
2288 5700 2450 5769 Ριιπε.
2486 5717 2534 5757 c.
2576 5701 2627 5767 6,
2660 5712 2699 5757 t.
2730 5703 2825 5769 tl,
2854 5704 2943 5772 45,
2971 5704 3060 5768 tt,
3085 5704 3173 5760 t7.
3246 5704 3271 5753 9
3302 5702 3466 5773 Phys.
3502 5716 3554 5757 ο.
3586 5700 3646 5767 7.
3674 5712 3716 5753 ιο

458 5766 744 5837 δδ-οοβε,
824 5771 842 5800 ο
876 5762 899 5821 ι
928 5769 1088 5838 Pliys.
1129 5766 1180 5821 7.
1228 5777 1264 5821 t.
1302 5762 1511 5831 56.57}
1542 5765 1565 5818 ι
1602 5763 1767 5833 Phys.
1801 5779 1850 5820 ε.
1891 5762 1947 5828 8,
1978 5771 2019 5817 ι.

2371 5762 2388 5769 σ
2614 5762 2623 5767 υ
2807 5762 2818 5769 ν
2929 5762 2942 5772 ι
3047 5762 3056 5768 ν
3384 5762 3403 5773 υ
