3868 6516
182 284 318 350 1029
1441 286 1789 346 EP'ITOME
1831 288 2175 347 l‘llYSICA.
3304 291 3444 356 1030

173 407 237 460 τὸ
289 404 577 474 γινόμενον
630 404 693 456 ὲκ
746 401 826 471 μὴ
863 400 1119 455 τοσούτου
1185 402 1493 471 πεφυκότος
1529 403 1750 469 γίνεται

1870 419 1993 456 cum
2061 403 2251 457 formae
2312 411 2641 474 opponatur,
2699 413 2917 461 etcum
2974 406 3087 478 ipsa
3119 410 3438 470 societatem

174 495 266 567 Μὴ
306 493 449 573 κατὰ
499 492 852 564 συμὸεὸηκδς
897 492 943 544 δ’
990 491 1158 563 οὔσης
1211 493 1387 563 ἀρχῆς
1430 493 1528 562 τῆς
1563 494 1750 564 στερή.

1874 497 2012 550 inire
2073 511 2179 550 non
2235 496 2430 565 possit,
2486 498 2824 564 ingrediente
2854 500 2969 567 ipsa
3001 503 3251 560 discedit.
3287 504 3443 561 Unde.

175 604 332 654 σεως,
365 589 503 643 ἀλλὰ
538 588 661 642 καθ’
691 589 849 652 αὐτὸ,
890 588 1160 660 φθείροιτ’
1188 589 1257 643 ἂν
1304 590 1364 642 τὸ
1397 590 1750 660 ὑποκείμενον

1870 589 2032 644 etiam
2067 589 2298 658 privatio
2333 590 2659 660 principium
2693 607 2759 646 ex
2795 593 3080 649 accidente
3128 612 3251 652 esse
3283 598 3415 652 ἰηινῐ

175 683 233 734 ὲν
262 684 326 751 τῇ
359 680 565 751 ταύτης
604 679 874 752 άποὸολῇ,
900 681 1065 750 εἴπερ
1090 681 1155 735 τὸ
1189 676 1331 735 εἶναι
1365 681 1514 751 αὑτῷ
1554 682 1652 733 σὺν
1681 681 1750 751 τῷ

1869 682 2077 752 ligitur,
2116 691 2175 736 ut
2199 698 2317 752 qua:
2338 694 2470 737 ante
2502 686 2906 754 generationem
2953 698 3159 743 tantum
3189 692 3437 745 exsistat.

174 772 501 842 ἐστερῆσθαι
538 769 627 841 ἦν.
674 773 1051 842 Ἐστερημένη
1094 772 1203 843 γὰρ
1242 773 1335 825 τοῦ
1370 773 1544 836 εἴδους
1583 773 1616 844 η
1653 771 1750 842 ὕλη

1868 771 2051 839 Neque
2068 771 2216 826 enim
2238 772 2285 826 si
2306 773 2534 839 privatio
2555 790 2662 829 non
2684 775 2775 839 sit,
2803 778 3085 845 generatio
3110 780 3240 834 erit:
3263 796 3435 849 quan-

173 865 469 935 ἐτύγχανεν
518 859 674 919 οὖσα.
718 864 885 919 Ὥστε
926 866 1044 928 πῶς
1097 866 1197 934 μὲν
1229 867 1375 936 τρεῖς
1407 864 1572 935 ἀρχαὶ
1619 865 1750 917 θεω-

1866 862 2158 932 doquidem
2199 864 2344 933 quod
2380 874 2689 934 generatur,
2711 881 2777 920 ex
2801 881 2866 922 eo
2894 869 3040 938 quod
3061 884 3165 923 non
3191 881 3272 924 est
3293 873 3440 937 ejus-

179 958 399 1028 ροῦνται
463 959 574 1010 τῶν
642 957 894 1026 φυσικῶν
917 974 931 988 ·
962 958 1077 1020 πῶς
1102 958 1160 1010 δὲ
1199 958 1293 1011 δύο
1320 957 1422 1029 τῆς
1444 959 1750 1030 στερήσεως

1868 956 2033 1021 modi,
2071 956 2165 1010 sed
2188 954 2255 1010 ad
2275 955 2325 1011 id
2345 963 2528 1027 aptum
2555 965 2742 1013 natum
2761 965 2865 1019 est.
2885 971 3175 1028 generatur
3192 963 3261 1017 ¹⁰.
3280 963 3441 1029 Quod

175 1050 343 1122 οὔσης
388 1051 564 1122 ἀρχῆς
605 1050 749 1104 κατὰ
784 1048 1154 1119 συμϐεϐηκὸς,
1181 1048 1299 1105 ἀλλ’
1329 1048 1390 1102 οὐ
1423 1049 1546 1103 καθ’
1585 1048 1750 1111 αὑτό,

1863 1049 1908 1106 si
1932 1058 2110 1104 autem
2140 1049 2373 1120 privatio
2394 1064 2504 1103 non
2529 1060 2674 1106 esset
2696 1051 3021 1122 principium
3051 1071 3145 1125 per
3160 1057 3437 1121 accidens.

177 1146 271 1202 sed
296 1160 392 1213 per
412 1162 470 1198 se
495 1160 511 1212 ;
538 1145 845 1213 subjectum
871 1147 1061 1214 utique
1089 1145 1141 1198 in
1160 1144 1309 1199 illius
1326 1143 1638 1213 abiectione
1667 1152 2106 1213 corrumperetur
2130 1159 2144 1208 ;
2190 1141 2454 1211 siquidem
2480 1143 2582 1213 ipsi
2603 1145 2850 1201 essentia:
2867 1146 3026 1213 ratio,
3050 1163 3173 1202 cum
3200 1165 3265 1205 co
3292 1154 3435 1221 quod

175 1244 261 1292 est
291 1237 561 1307 privatum
595 1252 739 1304 esse,
787 1236 961 1303 foret;
990 1236 1218 1292 materia
1243 1237 1442 1307 quippe
1474 1234 1647 1290 forma
1675 1237 1887 1306 privata
1926 1245 2093 1292 esset.
2126 1235 2542 1303 Quodammodo
2576 1251 2709 1311 ergo
2745 1240 2869 1301 tria.
2905 1241 3304 1310 quodammodo
3328 1245 3438 1300 duo

177 1329 504 1383 naturalium
531 1329 866 1401 (corporum)
892 1329 1165 1399 principia
1188 1329 1662 1385 considerantur“
1685 1344 1703 1394 ;
1726 1344 1848 1384 cum
1871 1330 2099 1400 privatio
2123 1344 2231 1381 non
2249 1328 2314 1381 sit
2333 1328 2660 1398 principium
2681 1345 2778 1401 per
2807 1346 2888 1396 se,
2917 1332 3009 1387 sed
3032 1348 3128 1403 per
3160 1336 3439 1393 accidens.

245 1417 321 1488 ς’.
354 1423 521 1492 Ἀλλη
552 1422 607 1475 δέ
638 1424 783 1476 ἐστιν
812 1424 844 1494 ἡ
882 1425 943 1476 ἐν
974 1426 1093 1488 ταῖς
1129 1423 1487 1493 κατηγορίαις
1512 1423 1750 1477 ἀντικει-

1934 1422 1988 1477 6.
2008 1423 2125 1478 Alia
2151 1434 2335 1479 autem
2353 1434 2435 1479 est
2464 1424 2721 1490 privatio,
2741 1428 2929 1495 quatin
2957 1431 3249 1499 categoiiis
3276 1432 3318 1466 “
3348 1434 3443 1486 lia-

176 1518 315 1587 μένη
345 1520 410 1590 τῇ
443 1518 555 1582 ἕξει
580 1519 859 1590 στέρησις,
888 1518 965 1580 ὡς
996 1522 1029 1590 ἡ
1054 1520 1323 1590 τυφλότης
1352 1521 1418 1589 τῇ
1450 1518 1592 1587 ὄψει,
1630 1518 1750 1589 ἣτις

1864 1516 2337 1586 bituiopponitur,
2377 1525 2435 1570 ut
2464 1518 2601 1572 visui
2626 1519 2870 1584 czecitas,
2897 1536 3018 1588 qum
3055 1538 3333 1593 nunquam
3371 1527 3435 1579 all

171 1609 283 1662 οὐδ’
310 1610 662 1678 ἀνακάμπτει
694 1613 829 1681 πρὸς
856 1614 956 1683 τὴν
978 1612 1094 1679 ἕξιν
1122 1612 1431 1682 μετέχουσά
1461 1629 1579 1676 πως
1643 1612 1743 1682 τῆς

1859 1609 2103 1687 habitpm
2168 1611 2481 1675 revertitur,
2519 1612 2927 1680 quodammodo
2955 1615 3211 1671 nimirum
3244 1628 3291 1671 el
3321 1619 3437 1688 ipsa

173 1704 462 1770 ποιότητος
488 1704 589 1758 καὶ
620 1706 759 1776 αὕτη
804 1706 899 1760 καὶ
939 1709 1456 1778 παρακεχρωσμένη
1508 1706 1585 1777 τῷ
1619 1707 1750 1761 εῖδει

1857 1704 2140 1773 qualitatis
2208 1704 2483 1772 particeps
2520 1713 2574 1758 et
2618 1705 2787 1759 tincta
2814 1703 2871 1775 9
2905 1705 2990 1759 illa
3039 1707 3213 1761 forma
3254 1694 3434 1779 cujus

172 1787 234 1848 οὗ
267 1795 486 1862 λέγεται
527 1797 803 1869 στέρησις,
833 1799 1003 1870 Ἀλλη
1043 1799 1101 1853 δὲ
1129 1799 1292 1853 πάλιν
1314 1798 1451 1870 αὕτη
1483 1800 1516 1870 ἡ
1553 1800 1743 1870 στέρη-

1860 1796 2092 1865 privatio
2149 1796 2368 1851 dicitur.
2403 1796 2520 1849 Alia
2577 1807 2758 1851 autem
2816 1814 3006 1855 rursus
3040 1801 3151 1856 lucc
3200 1800 3448 1869 privatio'

172 1904 258 1951 σις
296 1889 736 1959 ἀνακάμπτουσα
785 1892 918 1962 πρὸς
960 1893 1020 1946 τὸ
1058 1886 1198 1956 εἶδος
1249 1895 1344 1946 καὶ
1395 1891 1750 1962 ἀντικειμένη

1861 1904 1982 1959 qua:
2010 1888 2078 1944 ad
2110 1886 2338 1944 formam
2370 1889 2530 1954 redit,
2579 1888 2741 1959 eique
2794 1894 3114 1960 opponitur,
3172 1910 3277 1949 non
3312 1897 3438 1965 qui-

169 1979 346 2051 αὐτῷ,
381 1982 477 2050 οὐχ
505 1981 577 2044 ὡς
615 1982 870 2052 στέρησις
894 1983 1007 2051 ἕξει
1039 1985 1172 2053 (κᾶν
1194 1984 1450 2054 στέρησις
1474 1985 1750 2055 ὀνομάζη-

1857 1984 1977 2039 dem
2008 1993 2068 2038 ut
2118 1983 2324 2038 habituri
2362 1984 2598 2052 privatio
2649 1983 2882 2054 (tametsi
2918 1985 3153 2054 privatio
3188 1987 3435 2042 mmine-

169 2077 305 2143 ται),
334 2073 451 2128 ἀλλ’
481 2075 555 2155 ᾡς
597 2076 632 2146 ἡ
690 2077 897 2149 ἠρεμία
940 2080 1006 2149 τῇ
1053 2078 1263 2146 κινήσει
1313 2077 1407 2132 καὶ
1440 2079 1650 2143 ἁπλῶς,
1679 2079 1755 2140 ὡς

170 2167 451 2222 τάναντία.
506 2168 589 2224 Τὰ
617 2169 727 2241 γὰρ
764 2170 983 2224 ἐναντία
1026 2173 1060 2241 ἢ
1093 2170 1211 2241 είδη
1246 2173 1339 2226 καὶ
1358 2172 1534 2243 ἄμφω
1576 2173 1751 2231 ἐστὶν.

166 2259 248 2324 ὥς
286 2259 496 2331 ψυχρὸν
524 2262 619 2315 καὶ
653 2260 858 2332 θερμόν
874 2275 895 2326 f
950 2263 983 2335 ἦ
1012 2263 1241 2333 θάτερον
1273 2264 1480 2334 ἐσχάτη
1524 2264 1753 2334 θατέρου

167 2353 495 2417 ἀπόπτωσις
519 2352 618 2424 (ὡς
645 2354 677 2425 ἡ
702 2354 889 2409 ἀδικία
914 2356 1011 2409 καὶ
1042 2358 1076 2428 η
1104 2356 1321 2427 δειλία),
1357 2357 1601 2426 πεφυκὸς
1628 2358 1752 2428 μέν·

168 2462 254 2498 τοι
284 2445 421 2516 πρὸς
447 2446 509 2499 τὸ
535 2442 677 2509 εἶδος
708 2447 1118 2516 ἀνακάμπτειν.
1146 2448 1275 2502 Ὅτε
1309 2450 1365 2503 δὲ
1388 2448 1467 2521 μὴ
1510 2451 1754 2520 πέφυκεν

165 2538 580 2606 ἀνακάμπτειν,
612 2539 724 2593 τότ’
751 2541 907 2594 ἐστὶν
942 2541 1113 2605 ὄντως
1147 2544 1426 2613 στέρησις.
1456 2542 1604 2613 Αὕτη
1628 2542 1687 2596 δὲ
1717 2546 1750 2614 ή

164 2627 249 2697 τῷ
284 2630 414 2683 είδει
446 2630 839 2704 ἀντικειμένηο
862 2626 1122 2704 στέρησις
1179 2636 1318 2704 μετὰ
1356 2637 1456 2705 τῆς
1503 2636 1640 2708 πρὸς
1691 2638 1753 2691 τὸ

165 2715 310 2783 εἶδος
333 2719 777 2793 ἐπιτηδειότητος
813 2723 1129 2794 θεωρεῖται,
1160 2723 1414 2794 καθάπερ
1440 2725 1535 2777 καὶ
1565 2726 1597 2795 ἡ
1625 2726 1750 2797 ἠρε-

168 2815 274 2882 μία
333 2812 473 2883 μετὰ
524 2815 623 2883 τῆς
683 2815 821 2885 προς
878 2817 978 2888 τὴν
1026 2817 1244 2888 κίνησιν
1285 2819 1747 2890 ἐπιτηδειότητος.

179 2908 420 2978 Ἦρεμία
471 2927 530 2963 τε
581 2911 689 2982 γάρ
741 2912 893 2966 ἐστιν
942 2913 976 2981 ὴ
1010 2912 1107 2965 τοῦ
1146 2915 1451 2981 πεφυκότος
1484 2915 1750 2970 κινεῖσθαι

163 2999 464 3067 ἀκινησίαο
522 3002 616 3054 καὶ
672 3003 930 3074 στέρησις
976 3004 1215 3059 ἀπουσία
1256 3006 1316 3058 ὲν
1344 3006 1424 3077 τῷ
1456 3008 1748 3076 πεφυκότι.

160 3092 366 3145 Τοίνυν
403 3094 539 3146 κατὰ
581 3097 681 3163 τὴν
730 3095 838 3147 τῶν
873 3095 1130 3150 ἐναντίων
1160 3095 1453 3164 ἀντίθεσιν,
1484 3101 1516 3168 ἡ
1551 3100 1749 3169 στέρη-

1857 2076 1991 2145 tur),
2032 2074 2127 2129 sed
2176 2086 2240 2129 ut
2278 2078 2435 2143 quies
2471 2073 2665 2137 motui,
2700 2083 2755 2127 et
2791 2082 2848 2128 ut
2880 2076 3202 2143 simpliciter
3230 2076 3437 2142 dicam,

1856 2167 2079 2237 perind'e
2136 2176 2195 2221 ut
2244 2166 2546 2222 contraria.
2608 2164 2741 2219 Nam
2792 2182 2913 2235 qum
2950 2169 3221 2222 contraria
3282 2178 3433 2234 sunt,

1852 2272 1949 2315 aut
1984 2262 2145 2316 etiam
2172 2260 2333 2315 ambo
2359 2262 2569 2331 species
2595 2270 2743 2328 sunt,
2775 2269 2837 2313 nt
2890 2260 3148 2329 [rigidum
3199 2270 3255 2316 et
3303 2264 3437 2316 cali-

1852 2354 1980 2408 dum
2003 2369 2018 2420 ;
2044 2363 2137 2408 aut
2168 2353 2397 2409 alterum
2428 2354 2496 2408 ab
2527 2353 2700 2408 altero
2735 2352 3053 2422 longissime
3103 2352 3256 2408 cadit
3286 2370 3301 2419 ;
3336 2353 3433 2407 sed

1854 2448 1927 2525 ita
1955 2458 2134 2502 tamen
2169 2454 2365 2501 natura
2429 2455 2807 2512 comparatum
2849 2454 2957 2512 est,
2997 2457 3050 2499 ιιι
3097 2445 3166 2500 ad
3201 2446 3433 2500 formant

1855 2540 2032 2594 redire
2064 2540 2256 2609 possit.
2288 2538 2422 2593 Cum
2448 2548 2627 2591 autem
2679 2547 2874 2592 natura
2910 2537 2989 2593 sic
3054 2546 3433 2608 comparatum

1852 2650 1960 2689 non
1983 2643 2089 2695 est,
2121 2641 2179 2687 ut
2210 2633 2407 2688 reverti
2443 2634 2636 2701 possit,
2671 2642 2799 2685 tunc
2848 2645 2977 2685 vere
3030 2641 3114 2686 est
3176 2632 3434 2702 privatio.

1854 2728 2029 2797 Atque
2081 2725 2194 2780 haec
2261 2725 2451 2780 forma:
2508 2724 2761 2794 opposita
2822 2723 3054 2792 privatio
3083 2739 3203 2778 eum
3236 2723 3439 2792 aputu.

1854 2820 1978 2872 dine
2012 2816 2078 2872 ad
2107 2817 2377 2883 formam;
2411 2815 2881 2886 quemadmodum
2909 2815 3072 2869 etiam
3109 2815 3287 2883 quies,
3310 2829 3436 2869 cum

1852 2910 2152 2981 aptitudine
2187 2909 2256 2964 ad
2288 2918 2497 2964 motum
2547 2908 2953 2964 consideratur.
3008 2905 3229 2981 Namqet
3281 2906 3437 2974 quies

1852 3013 1937 3059 est
1982 3002 2343 3058 immobilitas
2364 3002 2485 3071 ejus
2534 3001 2679 3070 quod
2708 3001 2783 3055 ita
2828 3011 3029 3054 natura
3058 2980 3437 3068 comparatum

1852 3105 1957 3163 est,
1989 3104 2049 3151 ut
2077 3094 2282 3150 moveri
2320 3095 2520 3163 possit;
2561 3103 2617 3148 et
2670 3093 2925 3162 privatio,
2971 3100 3057 3146 est
3100 3090 3347 3147 absentia
3382 3090 3437 3143 in

120 3204 129 3210 θ
164 3200 258 3261 an;
290 3186 387 3238 καὶ
415 3184 475 3238 τὺ
505 3182 646 3253 εἶδος
674 3187 1005 3243 ἀντίκειται.
1039 3189 1203 3242 Ὥστε
1236 3192 1381 3244 κατὰ
1412 3191 1511 3262 τὴν
1541 3193 1621 3255 είς
1658 3191 1750 3245 άλ-

1857 3203 1920 3242 eo
1945 3187 2101 3264 quod
2145 3185 2226 3241 sic
2259 3197 2453 3240 natura
2509 3192 2885 3253 comparatum
2927 3190 3031 3238 est.
3066 3181 3303 3239 Proinde
3331 3196 3438 3251 qua

160 3273 310 3343 ληλα
326 3274 535 3327 τούτων
564 3275 870 3347 μεταϐολὴν
895 3274 993 3349 τὴν
1019 3279 1234 3347 γένεσιν
1262 3280 1631 3334 ἐπιτελεῖσθαι
1656 3281 1751 3335 καὶ

158 3367 270 3440 τὴν
296 3368 527 3439 φθοράν.

239 3546 307 3614 ζ’.
353 3549 493 3603 Ἀλλ’
517 3552 565 3603 εί
591 3551 851 3606 τάναντία
877 3553 985 3607 ὑπὸ
1015 3552 1076 3607 τδ
1106 3553 1239 3607 αὐτὸ
1271 3555 1425 3623 γένος
1451 3555 1580 3620 είσὶ,
1609 3555 1669 3608 τὸ
1689 3554 1748 3608 δὲ

154 3639 314 3705 εἶδος
346 3641 442 3695 καὶ
488 3644 522 3713 ἡ
568 3644 821 3715 στέρησις
855 3645 1095 3711 ἐναντία,
1133 3646 1361 3718 πότερον
1393 3647 1498 3700 ὑπὸ
1526 3647 1587 3700 τὸ
1617 3646 1749 3701 αὐτὸ

158 3733 330 3799 γένος
354 3733 534 3802 είσίν;
567 3736 600 3806 ἦ
636 3736 853 3800 πάντως
887 3738 1074 3790 ἐκεῖνα
1125 3738 1237 3791 τῶν
1265 3739 1524 3792 ἐναντίων
1557 3738 1659 3793 ὑπὸ
1690 3739 1749 3792 τὸ

154 3826 304 3881 αὐτὸ
330 3826 482 3895 γένος
508 3828 677 3894 ἐστὶν,
718 3828 817 3881 ὅσα
851 3828 967 3899 εἴδη
1004 3829 1098 3882 καὶ
1126 3829 1316 3902 ἄμφω,
1351 3832 1536 3895 καθὼς
1565 3833 1625 3883 τὸ
1648 3832 1750 3902 ψυ-

152 3918 302 3991 χρὸν
331 3922 426 3974 καὶ
467 3920 526 3973 τὸ
562 3920 804 3991 θερμόν*
836 3914 910 3976 ὧν
963 3921 1019 3976 δὲ
1080 3922 1311 3994 θάτερον
1364 3924 1572 3995 ἐσχάτη
1617 3925 1751 3979 ἀπό-

154 4027 382 4073 πτωσις
413 4009 507 4064 τοῦ
539 4011 751 4080 λοιποῦ,
777 4011 932 4066 ταῦτ’
968 4013 1069 4067 οὑκ
1103 4015 1316 4085 ἀνάγκη
1363 4015 1441 4086 τῷ
1475 4016 1623 4086 αὒτῷ
1656 4017 1751 4085 γέ-

152 4120 252 4158 νει
282 4092 615 4170 συνάῨεσθαι
635 4120 650 4136 ·
688 4103 879 4174 ὥσπερ
914 4104 1025 4159 οὐδ’
1056 4106 1243 4168 ἁπλῶς
1271 4108 1370 4173 τὴν
1401 4109 1750 4178 ἁνυπαρξίαν

152 4196 270 4253 καὶ
297 4197 396 4268 τὴν
424 4195 677 4266 ὕπαρξιν.
705 4197 780 4250 Τὸ
814 4197 912 4267 μὲν
942 4199 1057 4269 γὰρ
1113 4200 1213 4253 οὐκ
1278 4201 1418 4263 ἐστι,
1451 4200 1512 4254 τὸ
1547 4202 1591 4253 δ’
1611 4202 1749 4255 ἐστι.

149 4290 279 4345 τοῦ
343 4290 419 4362 μὴ
468 4290 625 4366 ὄντος
677 4288 735 4342 δὲ
786 4290 882 4344 καὶ
909 4291 1003 4345 τοῦ
1035 4291 1189 4355 ὄντος
1231 4289 1350 4356 πῶς
1394 4295 1461 4346 ἂν
1490 4295 1571 4363 είη
1597 4294 1752 4363 γένος

148 4383 385 4449 κοινόν;
416 4381 528 4435 Οὐκ
583 4380 683 4451 ἤδη
743 4382 947 4447 τοίνυν,
991 4383 1150 4455 εῐπερ
1199 4383 1356 4438 οὐσία
1396 4402 1486 4451 τις
1521 4386 1580 4440 τὸ
1609 4383 1753 4451 εἶδός

150 4481 342 4542 ἐστιν,
374 4475 537 4529 ἔσοιτ’
563 4474 629 4529 ἂν
664 4476 761 4529 καὶ
801 4475 834 4546 ἡ
868 4475 1124 4546 στῦρησις
1158 4475 1296 4541 ὅλως
1318 4477 1497 4534 οὐσία.
1539 4479 1614 4531 Τδ
1650 4479 1751 4548 μὲν

148 4570 279 4640 γάρ
313 4563 454 4630 εἶδος
501 4568 625 4624 ἔπει
672 4568 815 4639 μετά
857 4568 955 4638 τῆς
988 4568 1123 4641 ὕλης
1146 4570 1245 4641 τὴν
1278 4570 1536 4625 σύνθετον
1562 4571 1750 4625 οὐσίαν

1862 3281 2074 3335 ratione
2104 3278 2391 3334 contraria
2409 3284 2654 3347 pugnant
2671 3275 2813 3332 inter
2828 3291 2907 3337 se,
2932 3274 3163 3346 privatio
3192 3286 3243 3331 et
3263 3274 3439 3330 forma

1864 3380 2239 3445 opponuntur,
2271 3380 2328 3426 ut
2379 3385 2473 3440 per
2504 3380 2745 3423 mutuam
2808 3368 3047 3438 ipsarum
3081 3368 3436 3424 mutationem

1855 3466 2132 3535 generatio
2159 3473 2213 3520 et
2240 3462 2521 3532 corruptio
2554 3462 2871 3537 perﬁciatur
2909 3460 2975 3513 ".

1925 3558 1976 3611 7.
2010 3554 2116 3611 Sed
2136 3554 2305 3628 [dicat
2333 3552 2556 3626 aliquis]
2592 3553 2636 3609 si
2664 3542 2942 3608 contraria
2973 3552 3076 3608 sub
3092 3552 3281 3608 eodem
3313 3561 3441 3607 sunt

1854 3665 2083 3719 genere;
2121 3648 2294 3703 forma
2329 3656 2517 3702 autem
2577 3654 2631 3701 et
2651 3646 2884 3717 privatio
2936 3645 3211 3700 contraria
3271 3653 3438 3711 sunt,

1856 3754 2037 3798 utrum
2076 3742 2179 3797 sub
2210 3741 2398 3797 eodem
2457 3755 2652 3811 genere
2697 3739 2894 3794 erunt?
2926 3754 2994 3792 an
3060 3736 3287 3793 omnino
3344 3737 3440 3791 illa

1857 3838 1962 3908 ιο
1996 3837 2211 3891 demum
2242 3834 2516 3889 contraria
2545 3832 2812 3901 suntjsub
2837 3833 3028 3886 eodem
3070 3844 3292 3900 genere,
3318 3846 3443 3899 qm:

1853 3931 2013 3985 ambo
2049 3929 2208 3984 etiam
2232 3928 2445 3998 species
2463 3935 2614 3993 sunt,
2637 3935 2695 3981 ut
2735 3924 2990 3994 frigidum
3056 3932 3108 3978 et
3159 3922 3437 3986 calidum;

1855 4036 2088 4093 quorum
2129 4027 2312 4075 autem
2332 4017 2562 4073 alterum
2588 4031 2617 4070 a
2673 4015 2887 4085 reliquo
2924 4012 3241 4084 longissime
3266 4011 3439 4077 cadit,

1853 4114 1970 4168 haec
2000 4111 2066 4165 ad
2092 4111 2233 4166 idem
2265 4123 2435 4179 genus
2465 4107 2646 4177 colligi
2674 4120 2780 4161 non
2815 4116 2899 4162 est
2930 4120 3194 4172 necesse;
3237 4118 3435 4172 quem-

1853 4207 2144 4262 admodum
2206 4211 2265 4257 ut
2315 4201 2639 4271 simpliciter
2686 4201 2889 4267 dicam,
2940 4213 3042 4254 nec
3105 4197 3441 4253 exsistentia:

1854 4295 2214 4369 privationem
2248 4301 2304 4347 et
2356 4291 2533 4362 ipsam
2561 4289 2966 4346 exsistentiam.
2997 4289 3088 4344 Illa
3110 4287 3277 4357 enim,
3328 4304 3439 4343 non

1854 4399 1969 4458 est;
2004 4391 2138 4455 haec,
2169 4397 2275 4445 est.
2347 4385 2514 4455 Atqui
2541 4384 2665 4455 ejus
2694 4384 2838 4454 quod
2897 4392 3001 4449 est,
3045 4392 3101 4437 et
3127 4382 3246 4454 ejus
3286 4382 3441 4452 quod

1854 4501 1964 4543 non
1996 4493 2099 4551 est,
2130 4482 2226 4554 qui
2280 4492 2588 4537 commune
2649 4492 2821 4548 genus
2870 4491 2996 4533 esse
3053 4474 3269 4544 possit?
3314 4473 3438 4529 Non

1855 4562 1985 4646 ergo
2014 4575 2282 4646 protinus,
2303 4571 2572 4643 siquidem
2604 4569 2779 4626 forma
2810 4568 3134 4624 sitessentia
3159 4566 3444 4637 quaedam,

147 4663 506 4731 συνίστησιν,
537 4662 625 4729 εἴη
653 4661 722 4715 ἂν
752 4662 849 4716 κα)⁵
877 4662 1038 4717 οὐσία
1068 4678 1154 4726 τις
1176 4679 1192 4696 ο
1224 4664 1257 4733 ἡ
1294 4663 1351 4716 δέ
1391 4680 1455 4732 γε
1492 4664 1748 4735 στέρησις

1857 4668 2020 4723 etiam
2114 4663 2351 4735 privatio
2412 4660 2656 4718 essentia
2715 4672 2944 4715 omnino
3009 4657 3192 4714 fuerit.
3240 4656 3443 4712 Forma

141 4753 269 4824 τὴν
298 4751 556 4805 σύνθετον
590 4750 780 4805 οὐσίαν
824 4752 1122 4807 διαλύουσά
1174 4771 1236 4807 τε
1285 4754 1380 4807 καὶ
1420 4753 1744 4824 φθείρουσα,

1857 4760 1993 4816 enim
2050 4758 2179 4829 quia
2232 4770 2359 4812 cum
2417 4751 2647 4807 materia
2720 4750 3015 4807 essentiam
3079 4736 3445 4818 compositam

142 4848 289 4917 πῶς
339 4845 407 4899 ἂν
454 4842 539 4916 εἴη
588 4844 727 4902 ὅλως
775 4845 968 4911 οὐσία;
1005 4846 1103 4918 Είη
1133 4845 1180 4899 δ’
1207 4845 1272 4900 ἂν
1300 4846 1362 4901 τὸ
1399 4842 1541 4910 εἶδος
1585 4848 1748 4901 οὐσία

1857 4846 2395 4914 sonstituit,essentia
2424 4842 2671 4914 qumdam
2695 4842 2855 4897 fuerit
2882 4857 2909 4909 ;-
2932 4852 2986 4896 at
3012 4855 3142 4895 vero
3182 4838 3435 4908 privatio,

144 4939 377 5014 μᾶλλον
425 4941 523 4993 καὶ
567 4936 630 4993 οὔ
664 4938 1037 5011 συμϐεϐηκὸς,
1074 4939 1169 4994 καὶ
1206 4942 1266 4994 ὲν
1303 4940 1653 5012 ὑποκειμένῳ
1681 4942 1749 5012 τῇ

1857 4942 1978 5016 quia
2012 4940 2361 5010 compositam
2398 4935 2697 4994 essentiam
2731 4932 2981 4990 dissolvit
3001 4939 3055 4987 et
3108 4932 3441 5000 corrumpit,

142 5035 276 5107 ὕλῃ
310 5036 661 5103 γινώσκεται,
685 5034 776 5088 διὰ
818 5034 879 5086 τὸ
903 5034 1045 5103 μετὰ
1078 5033 1178 5103 τῆς
1209 5033 1343 5104 ὕλης
1369 5033 1469 5105 τὴν
1499 5033 1750 5087 σύνθετον

1857 5032 2125 5104 quomodo
2158 5029 2376 5086 tandem
2419 5025 2658 5083 essentia
2698 5038 2821 5081 esse
2850 5022 3092 5094 poterit?
3122 5021 3318 5077 Forma
3341 5034 3437 5074 an-

136 5128 364 5187 οὗσίαν
397 5126 707 5192 ἀποτελεῖν,
745 5127 912 5197 μέρος
953 5126 1157 5198 ταύτης
1188 5127 1505 5197 γινόμενον,
1556 5124 1748 5195 ὥσπερ

1862 5135 1971 5181 tem
1991 5123 2227 5180 essentia
2272 5120 2453 5191 potius
2480 5119 2663 5182 fuerit,
2696 5126 2751 5172 et
2779 5131 2886 5172 non
2923 5115 3215 5181 accidens;
3248 5122 3439 5169 tamet-

133 5220 365 5293 δὴικαὶ
392 5222 426 5292 ἠ
469 5219 591 5291 ὕλη.
624 5221 733 5273 Καὶ
758 5219 934 5290 τούτῳ
969 5220 1280 5292 διαφέροιεν
1313 5219 1379 5274 ἂν
1409 5219 1658 5291 ἀλλήλων
1690 5219 1750 5272 τὸ

1859 5222 1905 5276 si
1941 5222 1994 5275 in
2027 5217 2299 5289 subjecto,
2329 5214 2382 5270 in
2408 5216 2659 5279 materia,
2715 5225 2838 5268 esse
2901 5217 3252 5281 agnoscatur,
3311 5224 3434 5279 pro.

136 5312 311 5377 εἶδος
342 5312 514 5375 καὶτὸ
536 5310 906 5382 συμϐεϐηκὸς,
942 5312 1047 5366 κᾶν
1099 5313 1270 5384 ἄμφω
1322 5314 1380 5366 ὲν
1406 5314 1750 5383 ὑποκειμένῳ

1860 5323 2046 5381 pterea
2092 5309 2396 5380 quodcum
2446 5305 2678 5359 materia
2723 5303 3080 5373 compositam
3143 5301 3445 5356 essentiam

134 5410 416 5474 λέγοιντο
439 5406 601 5471 εἶναι,
627 5406 790 5461 ὅτιτὸ
816 5404 917 5476 μὲν
946 5406 1300 5476 συμϐεϐηκὸς
1330 5409 1395 5477 τῇ
1427 5407 1588 5479 οὐσίᾳ
1628 5424 1750 5460 συν-

1860 5404 2076 5471 eiliciat,
2142 5416 2265 5456 eum
2318 5415 2444 5471 pars
2472 5399 2545 5454 sit
2570 5397 2736 5464 illius,
2787 5395 3247 5469 quemadmodum
3308 5390 3442 5448 sane

134 5499 327 5559 ιλθδν
374 5500 438 5554 οὐ
483 5497 710 5554 δύναταί
749 5514 804 5551 τι
844 5501 1069 5570 ποιῆσαι
1103 5498 1362 5555 σύνθετον
1392 5500 1510 5571 μετ’
1536 5500 1706 5569 αὐτῆς
1733 5515 1747 5531 ο

1862 5498 2025 5552 etiam
2064 5494 2309 5549 materia.
2343 5493 2520 5561 Atque
2562 5494 2664 5545 hoc
2695 5509 2724 5545 a
2780 5506 2839 5546 se
2870 5490 3105 5545 invicem
3155 5482 3331 5544 forma
3382 5499 3436 5541 ct

133 5597 364 5666 ὥσπερ
412 5593 476 5665 δὴ
533 5593 625 5648 καὶ
673 5595 706 5666 ἡ
756 5593 1015 5667 στέρησις
1048 5593 1124 5664 μὴ
1144 5592 1424 5664 δυναμένη
1477 5594 1617 5664 μετὰ
1647 5590 1750 5661 τῆς

1857 5589 2111 5644 accidens
2159 5585 2439 5652 diti‘erunt,
2468 5584 2682 5639 tametsi
2730 5587 2893 5638 ambo
2950 5583 3005 5636 in
3036 5580 3285 5650 subjecto
3320 5588 3469 5634 es~e'

242 5710 287 5742 “
321 5708 343 5763 1
381 5708 542 5779 Pitys.
584 5726 633 5765 c.
666 5711 719 5776 8,
748 5721 788 5766 t.
820 5709 908 5765 66.
990 5711 1029 5743 ¹¹
1061 5711 1084 5764 1
1119 5709 1281 5781 Pbys.
1315 5725 1365 5765 c.
1393 5709 1447 5773 8,
1475 5717 1515 5763 t.
1544 5708 1633 5774 67,
1668 5708 1750 5763 70.

132 5798 229 5843 ο-
252 5780 312 5843 8.
344 5788 383 5835 t.
414 5779 503 5835 57.

1860 5712 1877 5743 ³
1906 5705 2026 5764 Lib.
2055 5704 2243 5776 Categ.
2272 5719 2319 5758 ε.
2358 5702 2441 5768 10,
2478 5718 2522 5759 s.
2548 5702 2642 5759 τι),
2722 5701 2764 5734 ¹¹
2790 5701 2812 5755 1
2837 5693 3011 5771 Ῥιιγε.
3050 5713 3098 5753 c.
3132 5698 3185 5757 6.
3210 5706 3247 5750 t.
3272 5693 3358 5761 50,
3391 5687 3454 5751 εν

198 5819 312 5847 ον.
344 5819 383 5835 ‘0
414 5819 503 5835 υ..
