3856 6358
464 233 599 299 1031
678 194 699 207 λ

1669 225 2098 286 NlCEPllOlil
2148 224 2578 286 BLEMMIDJS

3604 235 3731 288 1032

461 353 735 412 dit-antur,
760 349 901 419 quod
946 346 1200 400 accidens
1230 360 1352 399 cum
1405 344 1643 398 essentia
1701 358 2054 414 congressum

2186 340 2300 411 »λης
2331 342 2587 395 σύνθετόν
2616 358 2668 396 τι
2701 341 2948 409 ποιῆσαι,
2983 336 3334 411 συμϐεϐηκός
3375 340 3492 392 ἔστι
3522 342 3586 409 τῇ
3618 339 3730 411 ὕλῃ.

462 463 568 499 ιιυιι
630 453 805 514 potest
861 440 1063 510 aliquid
1122 454 1243 491 cum
1280 454 1342 491 ea
1399 437 1766 506 compositum
1798 436 2045 501 elIicete;

460 533 918 606 quentadmodum
955 546 1087 587 sane
1121 530 1285 584 etiam
1314 530 1566 598 privatio,
1590 530 1719 599 quia
1749 544 1858 583 non
1882 536 2058 598 potest

2160 437 2234 490 Τὸ
2263 438 2308 490 δ’
2331 434 2470 501 εἶδος
2492 438 2593 507 τὴν
2627 436 2884 491 σύνθετον
2911 435 3101 489 οὑσὶαν
3131 434 3271 505 μετά
3294 432 3393 505 τῆς
3418 432 3553 505 ὕλης
3578 438 3734 499 ποιεῖ,

2170 529 2466 583 κάντεῦθεν
2496 530 2596 583 οὑκ
2624 528 2742 582 ἐστι
2778 528 3151 599 συμϐεϐηκός.

463 647 589 688 cum
641 628 863 685 materia
914 626 1123 697 aliquid
1181 626 1279 695 ιι
1339 621 1702 692 compositum
1756 620 1975 676 edicere
2016 620 2080 681 “,
2124 619 2381 677 accidens
2410 631 2494 678 est
2540 622 2812 678 materias:
2854 621 3029 676 forma
3069 631 3253 677 autem
3338 636 3463 677 cum
3520 626 3738 680 materia

462 727 757 784 essentiam
792 723 1148 792 compositam
1173 720 1375 783 etlicit;
1411 727 1465 772 et
1491 715 1721 787 proinde
1753 729 1861 769 non
1895 723 1979 769 est
2018 712 2293 770 accidens.

536 826 589 880 8.
619 823 775 889 Quod
833 822 881 876 si
937 818 1174 892 [regerat
1231 817 1429 885 aliquis
1500 810 1764 885 amplius]
1810 803 2063 868 essentne

467 917 602 972 nihil
629 928 709 971 est
740 914 1101 975 contrarium.
1150 911 1336 965 forma:
1360 917 1543 963 autem
1568 907 1802 976 privatio
1832 917 1915 961 est
1935 921 2070 961 con-

470 1009 658 1074 traria,
682 1005 982 1077 [quomodo
1011 1003 1183 1057 forma
1202 1000 1306 1055 erit
1326 996 1612 1069 essentia?]
1659 997 1953 1053 Verumilli
1975 1011 2065 1051 es-

470 1102 657 1156 sentia:
674 1100 807 1153 nihil
832 1106 912 1151 est
927 1094 1417 1162 contrarium.quaa
1437 1104 1719 1160 nunquam
1744 1090 1795 1145 in
1816 1091 2006 1161 snbjec
2032 1106 2065 1147 0

472 1192 875 1255 consideratur,
895 1191 1065 1245 forma
1083 1197 1264 1242 autem
1282 1194 1551 1256 quatenus
1585 1185 1638 1239 in
1665 1184 1933 1255 subjecto,
1953 1202 2070 1240 ma-

475 1289 633 1350 teria,
648 1270 995 1356 agnoscitur,
1019 1284 1283 1353 hactenus
1300 1278 1463 1332 etiam
1483 1278 1558 1332 illi
1575 1278 1809 1347 privatio
1826 1290 1911 1335 est
1940 1294 2070 1335 con-

477 1380 665 1435 traria.
687 1378 888 1433 Deinde
907 1390 1035 1430 vero
1054 1376 1222 1427 forma
1246 1371 1363 1425 haec
1385 1384 1450 1423 ne
1473 1371 1693 1440 quidem
1717 1373 1963 1429 essentia
1986 1385 2072 1430 est

480 1476 719 1546 prOpI'it‘,
753 1468 1213 1543 quemadmodum
1264 1482 1363 1522 nec
1408 1466 1660 1521 materia.
1689 1462 1746 1520 Si
1775 1466 1921 1521 enim
1962 1467 2074 1520 ele-

482 1577 663 1623 tnettla
688 1566 853 1621 abhis
871 1578 991 1634 qua:
1018 1570 1228 1619 suntex
1257 1561 1546 1618 elementis
1569 1560 1783 1617 diversa
1801 1570 1931 1615 sunt
1954 1559 2071 1630 (ne-

479 1677 586 1731 que
614 1662 761 1714 enim
781 1658 959 1714 carnis
982 1658 1275 1723 elementa,
1295 1670 1490 1713 carnes
1518 1654 1832 1727 sunt),satis
1850 1652 2076 1709 manife-

482 1769 629 1809 stum
656 1762 739 1807 est
777 1767 879 1807 nec
922 1749 1179 1806 essentia:
1220 1749 1513 1817 elementa,
1546 1748 1767 1819 proprie
1805 1747 2076 1803 essentias

481 1864 629 1912 esse,
646 1846 824 1919 qualis
843 1854 928 1902 est
956 1861 1020 1901 ea
1041 1861 1161 1915 quae
1192 1854 1407 1901 constat
1422 1860 1490 1899 ex
1514 1844 1669 1915 ipsis.
1691 1842 1797 1900 Sed
1812 1844 2070 1913 quoniam

482 1943 726 1998 essentia
756 1939 1080 1995 intentionis
1119 1947 1173 1995 et
1210 1939 1553 1995 remissionis
1589 1938 1801 1993 ratione
1826 1938 2072 2000 dicitur;

481 2046 644 2091 erunt
701 2038 1034 2106 huncquoque
1059 2032 1464 2104 quodammodo
1514 2032 1788 2096 essentiat,
1853 2044 2073 2101 οοιηροο

483 2132 593 2184 sita
622 2141 801 2182 tamen
831 2128 1154 2191 deteriores,
1178 2133 1233 2180 et
1260 2132 1320 2179 ut
1365 2124 1437 2179 ita
1468 2123 1671 2190 dicam,
1727 2125 2074 2188 essentiales,

480 2235 593 2274 non
649 2218 943 2284 essentiae;
1008 2231 1118 2287 quo
1182 2217 1405 2271 nomine
1457 2216 1623 2271 etiam
1690 2230 1991 2286 corporeae,
2025 2227 2081 2271 et

483 2328 589 2366 non
614 2314 873 2382 corpora.
909 2309 1034 2365 Haec
1068 2317 1251 2364 autem
1283 2325 1409 2365 cum
1440 2311 1603 2365 ita'se
1649 2310 1909 2373 habeant,
1939 2326 2078 2380 quo-

483 2409 608 2461 dam
632 2408 886 2477 equidem
924 2404 1088 2459 modo
1114 2402 1290 2458 forma
1331 2404 1505 2472 magis
1565 2404 1803 2460 essentia
1859 2405 2076 2460 videtur

2241 818 2313 882 η’.
2369 815 2431 868 Ei
2483 812 2539 867 δὲ
2589 816 2653 884 τῇ
2704 815 2864 885 οὐσία
2893 814 3137 867 ἐναντίον
3194 814 3488 884 οὐδέν’τῷ
3527 814 3586 868 δὲ
3623 815 3744 869 εῖδει

2172 911 2397 964 ἐναντία
2437 910 2468 980 ἡ
2507 910 2801 979 στέρησιςο
2829 910 2946 962 ἀλλ’
2974 911 3160 980 ἐκείνη
3207 912 3276 980 τῇ
3314 911 3476 981 οὐσία
3506 912 3747 964 ἐναντίον

2172 1004 2324 1057 οὐδὲν
2354 1005 2419 1073 τῇ
2451 1002 2526 1073 μὴ
2567 1003 2625 1056 ὲν
2654 1002 3004 1074 ὑποκειμένῳ
3031 1002 3388 1074 θεωρουμένῃ
3419 1004 3575 1057 ποτέ.
3599 1004 3671 1055 Τὸ
3696 1005 3745 1056 δὲ

2175 1095 2313 1161 εἶδος
2349 1097 2452 1152 καθ
2471 1096 2528 1149 ’ὃ
2557 1100 2614 1151 ὲν
2636 1097 2983 1167 ὑποκειμένῳ
3010 1100 3074 1168 τῇ
3111 1095 3212 1167 ὑλῃ
3230 1097 3589 1166 γινώσκεται,
3616 1100 3747 1150 κατὰ

2174 1192 2337 1245 τοῦτο
2368 1192 2464 1244 καὶ
2516 1192 2761 1245 ἐναντίον
2802 1191 2917 1259 ἔχει
2952 1192 3053 1260 τὴν
3080 1192 3603 1262 στέρησιν.Ἔπειτα
3636 1194 3747 1245 οὐδὲ

2178 1282 2383 1354 κυρίως
2419 1282 2578 1338 οὑσία
2606 1284 2669 1337 τὸ
2698 1282 2944 1337 τοιοῦτον
2971 1279 3109 1348 εἶδός
3141 1284 3316 1347 ἐστιν.
3348 1283 3543 1354 ὥσπερ
3572 1284 3693 1338 οὑδὲ
3723 1288 3749 1353 ἡ

2180 1375 2323 1447 ὑλη·
2355 1378 2404 1430 εί
2451 1378 2562 1447 γὰρ
2618 1377 2783 1450 ἔτερα
2834 1377 2905 1432 τὰ
2951 1381 3189 1448 στοιχεῖα
3244 1378 3349 1432 τῶν
3397 1379 3751 1449 στοιχειωτῶν

2182 1468 2323 1524 (οὐδὲ
2352 1468 2462 1540 γὰρ
2490 1471 2593 1540 τῆς
2625 1471 2831 1542 σαρκὸς
2860 1472 2928 1525 τὰ
2956 1472 3197 1540 στοιχεῖα
3225 1470 3428 1541 σάρκες
3458 1471 3647 1541 εἰσὶν),
3672 1472 3727 1524 εὖ

2185 1563 2366 1633 δηλον,
2394 1563 2472 1627 ὡς
2500 1564 2622 1617 οὑδὲ
2661 1565 2729 1619 τὰ
2754 1564 2859 1634 τῆς
2885 1564 3075 1628 οὐσίας
3101 1567 3341 1635 στοιχεῖα
3374 1564 3571 1635 (ταῦτα
3608 1566 3664 1620 δὲ
3704 1570 3753 1619 τὸ

2184 1656 2324 1721 εἶδος
2355 1658 2510 1728 καὶὴ
2541 1656 2666 1729 ὕλη)
2696 1657 2908 1730 κυρίως
2938 1659 3004 1712 ἂν
3034 1656 3147 1712 είεν
3185 1658 3395 1712 οὐσίαν
3439 1657 3603 1712 ὁποία
3639 1658 3673 1730 ἡ
3710 1660 3754 1722 ἐξ

2184 1750 2386 1805 αὑτῶν.
2424 1750 2565 1804 Ἀλλ’
2597 1752 2834 1822 ἐπείπερ
2858 1753 2891 1822 ἡ
2914 1752 3075 1806 οὐσία
3104 1753 3245 1807 κατὰ
3274 1751 3336 1804 τὸ
3372 1750 3579 1821 μᾶλλον
3611 1750 3754 1820 λέγε·

2181 1863 2274 1900 ται
2316 1844 2413 1901 καὶ
2460 1844 2522 1898 τὸ
2553 1839 2739 1911 ἦττον,
2767 1844 2978 1899 ἔσοιντό
3018 1861 3138 1910 πως
3181 1846 3277 1899 καὶ
3321 1843 3501 1899 ταῦτα
3554 1844 3754 1899 οὑσίειι·

2183 1938 2401 2009 χείρους
2425 1937 2611 2009 μέντοι
2638 1935 2741 2008 τῆς
2767 1937 3052 2006 συνθέτου,
3076 1942 3171 1992 καὶ
3194 1932 3306 1992 οἷον
3331 1941 3513 1993 εἰπεῖν
3532 1938 3756 2008 οὖσιὼδη

2183 2034 2279 2086 καὶ
2331 2032 2433 2086 οὑκ
2468 2031 2667 2086 οὐσίαι.
2719 2033 2865 2086 seu
2925 2034 3020 2086 καὶ
3070 2035 3383 2103 σωματικὰ,
3412 2033 3623 2087 ἀλλὀὐ
3664 2033 3758 2086 σώ-

2189 2140 2355 2194 ματα.
2392 2122 2614 2177 Τούτων
2642 2122 2690 2177 δ’
2720 2121 2897 2186 οὕτως
2943 2124 3201 2192 ἐχόντων,
3241 2124 3357 2187 πῶς
3392 2126 3490 2194 μὲν
3531 2126 3594 2178 τὸ
3630 2122 3756 2187 εἶδος

2185 2217 2391 2287 μᾶλλον
2432 2216 2591 2270 οὐσία
2625 2216 2794 2281 δοκεῖ,
2824 2217 2942 2281 πῶς
2986 2217 3044 2272 δὲ
3082 2217 3285 2289 ἡῦλης
3324 2219 3483 2274 Κατὰ
3530 2218 3637 2288 μὲν
3666 2219 3760 2289 γὰρ

2177 2313 2240 2365 τὸ
2272 2311 2503 2383 μόνιμον
2534 2312 2627 2364 καὶ
2659 2311 2720 2365 τδ
2754 2312 3077 2366 ὑποκεῖσθαι
3114 2312 3319 2383 μᾶλλον
3347 2312 3441 2367 τοῦ
3474 2313 3658 2376 εἴδους
3685 2315 3760 2366 οὐ·

2178 2406 2270 2460 σία
2307 2406 2339 2474 ἠ
2371 2405 2474 2475 ὑλη
2496 2405 2816 2473 νομίζεται⁴
2852 2405 3086 2459 καθόσον
3116 2406 3166 2459 δ’
3188 2406 3413 2476 ἑκάστῳ
3451 2407 3562 2459 τῶν
3603 2407 3759 2460 ὀντων

481 2513 637 2563 esse;
670 2498 907 2568 quodam
943 2490 1122 2551 autem
1155 2496 1317 2551 modo
1377 2495 1479 2565 12
1547 2496 1802 2549 materia.
1853 2494 2067 2551 Etenim

2186 2500 2313 2554 ιατὰ
2338 2499 2398 2553 τὸ
2426 2495 2566 2563 εἶδος
2596 2498 2660 2552 τὸ
2692 2492 2831 2552 εἶναὶ
2869 2500 2989 2553 ἐστι
3023 2499 3169 2572 (καθ’
3197 2499 3225 2553 δ
3245 2502 3338 2553 καὶ
3370 2500 3639 2568 διαφέρον
3668 2500 3761 2551 τῶν

479 2589 659 2660 quoad
695 2588 1052 2645 stabilitatem
1134 2588 1354 2657 quidem
1389 2597 1444 2642 et
1503 2586 1866 2655 subiectionis
1902 2589 2067 2643 ratio-

2186 2594 2342 2647 ἱλλων
2383 2592 2472 2646 ἐπ’
2502 2591 2711 2655 οἰκείας
2756 2576 3075 2664 καθέστηκέ
3125 2591 3385 2664 φὺσεωε),
3431 2594 3580 2646 κατὰ
3620 2591 3765 2647 τοῦτο

480 2700 602 2739 nem
646 2683 876 2739 materia
909 2682 1086 2753 magis
1113 2698 1279 2751 quam
1311 2680 1484 2736 forma
1505 2692 1765 2737 censetur
1797 2686 2067 2739 essentia:

2186 2689 2385 2759 μᾶλλον
2416 2686 2574 2740 οὑσία
2603 2685 2665 2738 τὸ
2695 2682 2835 2750 εἶδος
2863 2686 3341 2756 ὑπολαμϐάνεται.

476 2792 746 2853 quatenus
769 2792 951 2838 autem
987 2782 1184 2852 cuique
1213 2779 1289 2834 rei
1323 2794 1617 2835 suumesse
1651 2796 1749 2851 per
1778 2781 2009 2839 formam
2043 2798 2127 2843 est
2165 2789 2283 2858 (per
2328 2804 2490 2859 quam
2563 2785 2725 2841 etiam
2796 2786 2863 2838 ah
2931 2783 3056 2841 aliis
3108 2784 3367 2841 diti‘erens
3425 2785 3480 2839 in
3552 2786 3764 2856 propria

478 2880 944 2936 consistitnatnra
982 2876 1033 2950 ),
1077 2884 1308 2931 eatenus
1365 2875 1537 2930 forma
1592 2877 1766 2948 magis
1804 2883 2044 2937 essentia
2087 2887 2484 2943 exsistimatur.

548 2979 604 3033 9.
628 2980 800 3034 Porro
830 2976 974 3031 aliud
1009 2984 1097 3031 est
1131 2966 1466 3029 naturalium
1507 2987 1810 3044 corporum
1870 2980 2078 3049 princi-

480 3075 563 3141 pia
596 3072 925 3141 inquirere,‘
949 3085 1013 3124 ex
1040 3069 1241 3141 quibus
1274 3068 1479 3139 aliquid
1529 3083 1636 3122 non
1674 3084 1771 3140 per
1800 3071 2076 3139 accidens,

477 3165 573 3221 sed
609 3181 703 3235 per
728 3178 789 3219 se
822 3174 1003 3217 ortum
1040 3170 1165 3227 est;
1197 3171 1248 3215 et
1284 3161 1432 3215 aliud
1469 3168 1553 3215 est
1610 3162 1939 3232 simpliciter
1969 3163 2082 3238 [di-

482 3255 606 3330 ctae]
671 3254 988 3310 mutationis
1038 3252 1307 3324 principia
1364 3251 1648 3324 indagare.
1686 3251 1875 3319 Quoad
1929 3254 2082 3325 prius

478 3366 633 3417 etgtt,
673 3349 903 3418 privatio
934 3347 1040 3399 erit
1073 3353 1128 3399 et
1163 3344 1496 3416 principium
1542 3356 1594 3400 et
1627 3361 1797 3401 causa
1859 3363 1953 3416 per
1994 3364 2085 3403 ac-

476 3442 711 3505 cidens;
750 3449 808 3494 ut
833 3455 954 3509 qua:
984 3453 1092 3493 non
1124 3434 1360 3494 exsistat
1392 3439 1446 3491 in
1481 3452 1539 3492 re
1570 3454 1693 3508 qua:
1737 3440 1936 3505 oritur,
1974 3443 2073 3496 sed

478 3536 644 3588 etiam
677 3534 745 3587 ah
773 3546 839 3589 ea
882 3531 1129 3604 seiuncta
1166 3536 1256 3587 sit.
1292 3530 1515 3587 Materia
1551 3533 1699 3587 enim
1733 3542 1788 3588 et
1821 3532 1996 3588 forma
2028 3535 2081 3588 in

480 3644 545 3682 eo
572 3627 719 3697 quod
757 3627 933 3682 oritur
980 3626 1276 3688 exsistunt.
1317 3635 1373 3681 et
1421 3635 1712 3696 propterea
1758 3608 1927 3681 etiam
1959 3628 2082 3682 ele-

2258 2981 2325 3038 θ⁹.
2361 2985 2527 3037 Ἀ).λο
2557 2981 2614 3035 δέ
2654 2985 2805 3035 ἐστιν
2842 2982 3017 3051 ἀρχᾶς
3066 2979 3177 3034 τῶν
3206 2981 3456 3051 φυσικῶν
3505 2982 3764 3053 σωμάτωι

2190 3076 2401 3146 ζητεῖν,
2430 3074 2489 3140 ἐξ
2513 3069 2586 3129 ὧν
2624 3072 2812 3143 γεγονέ
2852 3091 2904 3126 τι
2942 3073 3017 3144 μὴ
3049 3073 3192 3126 κατὰ
3225 3073 3602 3143 συμϐεϐηκὸς,
3644 3072 3764 3127 ἀλλὰ

2192 3167 2315 3221 καθ’
2349 3168 2503 3227 αὐτὸ.
2543 3165 2636 3219 καὶ
2681 3164 2809 3219 ἄλλο
2839 3164 3146 3233 μεταϐολῆς
3180 3163 3370 3226 ἁπλῶς
3401 3164 3582 3234 ἀρχὰς
3627 3167 3766 3234 ἐρευ-

2191 3261 2307 3331 νᾷν.
2338 3258 2499 3313 Κατὰ
2544 3257 2643 3329 μὲν
2693 3255 2786 3310 οὑν
2832 3257 2894 3309 τὸ
2946 3256 3163 3324 πρῶτον
3213 3257 3246 3327 ἠ
3294 3256 3558 3327 στέρησις
3596 3257 3663 3310 ἂν
3693 3257 3766 3324 atq

2187 3351 2329 3422 ἀρχή
2359 3368 2420 3403 τε
2452 3351 2547 3403 καὶ⁹
2588 3349 2763 3402 αἴτιον
2796 3349 2936 3401 κατὰ
2973 3346 3344 3418 συμϐεϐηκὸς,
3378 3349 3455 3412 ὡς
3492 3348 3572 3419 μὴ
3613 3348 3764 3402 ὲνυπ-

2188 3445 2356 3515 ἀρχον
2413 3442 2491 3512 τῷ
2539 3440 2833 3511 γινομένῳ,
2868 3439 3001 3492 ἀλλὰ
3057 3440 3195 3510 (καὶ)
3233 3442 3652 3510 κεχωρισμένον
3688 3443 3766 3495 αὑ.

2187 3536 2305 3591 τοῦ.
2353 3535 2418 3588 Ἠ
2451 3535 2551 3604 ’ὑλη
2588 3533 2698 3603 γὰρ
2732 3535 2825 3585 καὶ
2862 3533 2921 3585 τὸ
2950 3529 3091 3595 εἶδος
3118 3532 3491 3603 ἐνυπάρχουσι
3523 3534 3607 3604 τῷ
3637 3550 3764 3603 γινοο

2192 3630 2358 3701 μένῳ,
2394 3630 2491 3683 καὶ
2516 3629 2604 3681 διὰ
2637 3630 2797 3681 τοῦτο
2824 3629 2917 3679 καὶ
2953 3624 3318 3697 στοιχειώδεις
3344 3628 3512 3697 ἀρχαὶ
3535 3627 3650 3680 τῶν
3680 3629 3765 3682 Oxi

483 3719 749 3773 nentaria
785 3732 962 3772 rerum
991 3718 1331 3788 generationi
1382 3718 1764 3789 subjectarum
1799 3720 2073 3790 principi:

2190 3725 2405 3792 γένεσιν
2450 3721 2730 3790 λέγονται.
2792 3718 3155 3788 Ἐνυπάρχειν
3206 3719 3315 3789 γὰρ
3363 3720 3670 3786 ἀναγκαῖον
3712 3723 3766 3772 τὰ

481 3814 741 3866 dicuntur
767 3811 809 3842 ¹⁸
839 3828 853 3875 ;
900 3810 1103 3880 quippe
1133 3810 1404 3864 elementa
1433 3809 1489 3863 in
1521 3824 1583 3863 ea
1611 3823 1668 3863 re
1700 3824 1826 3880 qua:
1873 3820 2073 3863 constat

2194 3815 2434 3886 στοιχεῖα
2464 3813 2541 3881 τῷ
2580 3811 2935 3884 στοιλειωτῷ.
2964 3812 3121 3866 Κατὰ
3171 3810 3229 3865 δὲ
3296 3810 3359 3864 σεδ
3388 3810 3653 3882 δεύτερον
3681 3812 3768 3866 οὑκ

482 3920 546 3956 ex
574 3904 729 3973 ipsis,
766 3903 1032 3957 exsistere
1089 3916 1315 3956 necesse
1368 3911 1473 3957 est.
1519 3899 1712 3967 Quoad
1764 3909 1947 3956 autem
1991 3917 2073 3971 po.

2190 3900 2257 3955 ἂν
2321 3902 2406 3972 είη
2472 3902 2636 3972 μόνον
2690 3901 2835 3954 κατα
2881 3899 3232 3971 συμϐεϐηκὸς
3290 3900 3434 3973 ἁρχὴ
3475 3904 3574 3956 καὶ
3607 3902 3768 3956 αἴτιον

484 3999 711 4061 sterius,
747 3997 982 4068 privatio
1048 4010 1153 4050 non
1195 4004 1405 4050 tantum
1446 4010 1544 4066 per
1577 3995 1836 4052 accidens
1885 3996 2073 4066 princi«

2191 3998 2224 4065 ἡ
2262 3994 2552 4067 στέρησιςο
2606 3992 2725 4050 ἀλλ’
2752 3995 2854 4067 ἤδη
2908 3995 3002 4048 καὶ
3045 3992 3346 4052 καθἀὑτό.
3399 3996 3490 4058 Ὠς
3534 3996 3648 4066 γὰρ
3687 3998 3767 4064 τῆς

489 4091 634 4160 pium
659 4099 714 4144 et
744 4102 911 4145 causa
938 4087 1063 4154 erit,
1099 4086 1194 4142 sed
1222 4086 1336 4158 jam
1399 4087 1566 4143 etiam
1635 4103 1732 4158 per
1794 4103 1871 4143 se.
1938 4085 2073 4140 Sicut

2195 4091 2276 4151 εἰς
2300 4090 2359 4141 τὸ
2390 4086 2527 4141 εἷναι
2563 4087 2874 4158 μεταϐολῆς
2906 4086 3082 4141 αίειον
3116 4087 3176 4140 τὸ
3199 4083 3337 4151 εῐδος
3358 4104 3371 4118 ⁸
3407 4087 3552 4142 οὑτω
3576 4090 3678 4155 τῆς
3704 4089 3767 4150 εις

488 4182 633 4236 enim
662 4180 835 4236 forma
869 4181 1201 4236 mutationis
1226 4181 1295 4235 ad
1331 4195 1460 4236 esse
1491 4195 1659 4236 causa
1695 4160 1803 4246 est,
1861 4180 1934 4234 ita
1981 4179 2073 4252 pri

2194 4182 2255 4233 τὸ
2283 4181 2359 4252 μὴ
2386 4178 2528 4235 εἶναι
2562 4182 2595 4252 ἠ
2637 4181 2920 4250 στέρησις.
2956 4178 3127 4249 Δῆλον
3157 4177 3250 4232 οὑν
3284 4178 3563 4242 ἐντεῦθεν,
3611 4181 3693 4235 ὅτι
3724 4180 3769 4233 τὸ

489 4277 660 4340 vatio,
706 4274 774 4328 ad
802 4290 909 4328 non
942 4289 1087 4329 esse.
1145 4272 1285 4329 Hinc
1337 4273 1505 4344 igitur
1563 4271 1925 4328 manifestum
1981 4283 2073 4328 est

2195 4274 2330 4327 αὐτὸ
2365 4273 2461 4328 καὶ
2503 4272 2562 4326 ἓν
2586 4272 2848 4333 ἐναντίως
2873 4271 3222 4341 διακείμενον
3264 4270 3375 4325 τῶν
3406 4273 3679 4327 ιναντίων
3700 4272 3771 4326 σί·

490 4384 651 4421 ttnatn
706 4369 1065 4437 eamdemque
1113 4381 1224 4421 rem
1274 4366 1555 4421 contrario
1616 4364 1780 4420 modo
1816 4364 2065 4421 aﬂectam

2196 4380 2309 4416 τιον
2336 4363 2571 4441 γίνεται.
2602 4365 2680 4434 Τῇ
2736 4365 2838 4434 μὲν
2874 4364 2985 4435 γὰρ
3014 4365 3296 4435 παρουσίᾳ
3327 4365 3390 4418 τὸ
3423 4359 3566 4429 εἶδος
3612 4366 3772 4420 αἴτιόν

491 4461 894 4515 ςυιιι.θι·ἱοι·υιιι
925 4474 1152 4514 causam
1187 4455 1358 4513 elﬁci.
1378 4457 1575 4512 Forma
1607 4459 1754 4512 enim
1788 4474 1915 4514 cum
1940 4460 2073 4516 adest

2198 4456 2312 4507 ἐστι
2342 4456 2444 4527 τῆς
2472 4455 2745 4526 γενέσεως
2774 4455 2896 4509 καθ’
2926 4455 3060 4508 αὑτό
3080 4471 3096 4487 υ
3127 4457 3194 4526 τῇ
3241 4456 3289 4508 δ’
3332 4457 3574 4528 ἀπουσίᾳ
3616 4458 3772 4510 αἴτιον

491 4556 734 4624 quidem,
780 4553 1150 4625 generationis
1194 4551 1296 4622 13
1360 4566 1525 4605 causa
1556 4567 1652 4622 per
1683 4567 1783 4619 se;
1815 4568 1939 4607 cum
1992 4569 2073 4607 aut

2197 4551 2296 4620 τῆς
2335 4548 2547 4621 φθορᾶς
2592 4550 2735 4602 κατά
2783 4546 3156 4618 συμϐεϐηκός.
3200 4547 3266 4600 Ἦ
3307 4548 3569 4617 στέρησις
3612 4549 3660 4603 δ’
3688 4551 3775 4617 ἔμε

494 4656 600 4699 tem
662 4651 837 4710 abest,
873 4645 1247 4715 corruptionis
1305 4658 1473 4699 causa
1552 4655 1637 4699 est
1672 4659 1769 4714 per
1809 4644 2073 4701 accidens.

2194 4641 2393 4694 πάλινθ
2426 4645 2494 4712 τῇ
2527 4640 2630 4711 μὲν
2662 4639 2944 4713 παρουσίᾳ
2969 4640 3068 4710 τῆς
3101 4641 3310 4712 φθορᾶς
3336 4640 3510 4695 αἴτιον
3541 4641 3667 4694 καθ’
3696 4642 3774 4695 a6-

491 4739 710 4791 inverso
763 4736 921 4791 modo
954 4737 1192 4806 privatio
1227 4750 1287 4791 se
1338 4735 1524 4791 habet.
1561 4734 1698 4789 Cum
1750 4735 1896 4790 enim
1938 4736 2066 4791 ades

2192 4735 2254 4787 τό
2274 4752 2286 4765 ·
2312 4737 2379 4805 τῇ
2415 4735 2459 4787 δ’
2489 4736 2733 4804 ἀπουσία
2775 4735 2872 4802 τῆς
2900 4734 3169 4802 γενέσεως
3195 4733 3370 4786 αίτιον
3401 4734 3542 4786 κατὰ
3575 4734 3774 4803 συμϐε-

490 4830 730 4897 quidem,
756 4828 1123 4898 corruptionis
1150 4842 1315 4882 causa
1345 4841 1442 4896 per
1470 4842 1531 4880 se
1557 4842 1571 4891 ;
1605 4842 1727 4880 cum
1762 4840 1891 4881 vero
1914 4826 2070 4882 abest

2194 4827 2381 4898 ϐηκός.
2411 4828 2483 4881 Ἢ
2526 4828 2730 4897 μᾶλλον
2763 4829 2903 4881 κατὰ
2928 4828 3025 4899 τὴν
3056 4827 3371 4898 παρουσίαν
3398 4829 3492 4907 καὶ
3524 4831 3671 4880 κατὰ,
3693 4828 3774 4895 τὴν

491 4922 864 4990 generationis
889 4936 1052 4975 causa
1082 4930 1169 4974 est
1201 4934 1299 4989 per
1343 4917 1618 4972 accidens.
1657 4919 1855 4984 Aut,ut
1890 4920 2073 4972 rectius

2196 4921 2465 4974 ἀπουσίαν
2490 4922 2583 4990 εῐη
2609 4920 2677 4973 ἂν
2701 4921 2733 4990 ἡ
2769 4922 3027 4991 στέρησις
3059 4920 3233 4973 αἴτιον
3259 4919 3403 4973 κατὰ
3433 4938 3497 4973 συ
3506 4920 3773 4989 μϐεϐτριις

493 5015 694 5078 dicant,
724 5014 957 5082 privatio
984 5022 1037 5067 et
1066 5028 1189 5068 cum
1226 5013 1380 5067 adest
1411 5021 1465 5067 et
1494 5026 1619 5066 cum
1642 5012 1825 5076 ahest,
1859 5026 2073 5081 genera-

2195 5014 2295 5081 τῆς
2331 5018 2637 5082 γενέσεως·
2676 5015 2821 5067 κατὰ
2868 5008 2988 5082 ’μὲν
3042 5017 3143 5081 τὴν
3191 5014 3526 5084 παρουσίαν,
3577 5015 3661 5066 ὅτι
3719 5016 3775 5063 ἐκ

492 5108 663 5162 tinnis
694 5123 857 5161 causa
890 5116 975 5160 est
1000 5122 1095 5176 per
1125 5106 1419 5174 accidens;
1453 5121 1576 5161 cum
1634 5103 1857 5176 quidem
1900 5105 2073 5169 adestI

2194 5106 2270 5177 μὴ
2321 5107 2570 5160 τοιούτου
2626 5107 2707 5159 δεῖ
2751 5108 3011 5175 γενέσθαι
3052 5109 3113 5159 τὸ
3153 5108 3438 5177 γινόμενον
3465 5123 3480 5137 ·
3535 5108 3682 5159 κατὰ
3724 5108 3772 5157 δὲ

493 5215 778 5272 propterea
814 5202 960 5271 quod
1001 5202 1052 5255 id
1078 5203 1219 5270 quod
1255 5199 1453 5267 oritur,
1483 5215 1549 5255 ex
1591 5215 1658 5255 eo
1688 5199 1834 5270 quod
1860 5214 1969 5255 non
1994 5206 2073 5254 est

2194 5201 2290 5269 τὴν
2321 5201 2615 5265 ἀπουσίαν,
2649 5201 2732 5254 ὅτι
2770 5201 3180 5271 ἀπογινομένης
3216 5200 3388 5269 αὐτῆς
3421 5202 3481 5253 τὸ
3511 5197 3657 5262 εἶδος
3694 5202 3774 5267 ex.

492 5294 844 5363 huiusmodi,
881 5292 1009 5345 oriri
1046 5302 1295 5361 oportet;
1328 5308 1452 5346 eum
1486 5303 1671 5347 autem
1706 5293 1881 5353 abest.
1939 5294 2085 5361 quod
2198 5293 2429 5355 γίνεται.

493 5401 608 5457 ipsa
649 5385 998 5449 awat'dt‘ﬂtc,
1043 5384 1215 5438 forma
1249 5385 1568 5438 innascitur.

568 5566 609 5597 ιδ
652 5568 669 5619 ι
713 5566 874 5635 Phy".
904 5582 953 5619 ς.
986 5566 1041 5632 8,
1072 5576 1109 5619 t.
1141 5565 1227 5625 60,
1268 5566 1355 5620 ύΰ.
1438 5563 1479 5593 ⁸⁵
1519 5563 1533 5614 ι
1583 5561 1747 5633 l’itys.
1782 5582 1832 5619 ς.
1870 5562 1923 5627 9,
1959 5573 1996 5617 ι.
2032 5559 2123 5613 57.

2120 5764 2191 5781 -4
