3856 6358
457 361 609 426 4335

1637 359 1687 420 Ν
1698 359 2061 421 ιρΕΡιιοιιΙ
2093 362 2514 430 BLEMMIDB

3569 378 3693 442 1036

536 480 591 535 2.
624 477 772 533 Hanc
801 476 1161 547 privationem
1232 493 1355 532 cum
1412 475 1583 547 aliqui
1635 492 1703 533 ex
1757 476 2022 532 veteribus

2208 479 2273 549 β’.
2298 481 2523 552 ,Ταύτην
2571 485 2668 555 τὴν
2714 486 2969 558 στέρησιν
2997 507 3141 554 τινες
3177 492 3283 544 τῶν
3328 489 3689 563 ἀρχαιοτέρων

465 586 576 625 non
609 570 1028 633 intellexissent.
1086 571 1408 624 naturalem
1458 570 1888 638 generationem,
1945 570 2032 623 iti-

461 664 693 732 demque
714 663 1113 731 corruptionem
1134 661 1492 716 sustulerunt.
1510 660 1771 716 Dicebant
1789 662 1932 717 enim
1950 663 2028 718 "z

457 753 518 807 Si
548 768 709 806 omne
730 744 871 820 quod
890 750 969 814 ﬁt,
1002 751 1166 805 velex
1199 766 1265 805 eo
1301 750 1443 820 quod
1473 761 1578 816 est,
1600 751 1681 805 vel
1707 767 1770 805 ex
1790 768 1855 806 eo
1886 753 2029 820 quod

456 859 566 899 non
599 854 701 907 est.
738 844 1104 898 fieri‘neeesse
1125 851 1228 907 est,
1258 842 1352 898 sed
1385 858 1483 896 nec
1513 859 1599 896 es
1632 855 1757 897 cute
1810 843 1914 912 17
1976 846 2031 899 tit

456 936 718 1007 ensﬁam
752 935 922 999 enim,
948 943 1239 1004 antequam
1295 935 1407 997 fiat,
1442 949 1540 988 ens
1567 934 1714 1001 est);
1775 949 1878 988 nec
1907 950 2030 988 rur-

455 1044 638 1083 sus-ex
674 1035 935 1082 non-eme
969 1024 1062 1092 (sit
1095 1024 1240 1079 enim
1268 1023 1475 1091 aliquid
1494 1035 1709 1091 oportet
1743 1024 1795 1077 id
1825 1039 1893 1078 ex
1917 1038 2027 1093 quo

458 1125 517 1176 tit
545 1121 776 1191 aliquid,
807 1130 863 1174 et
895 1130 952 1173 ut
978 1134 1092 1173 rem
1124 1134 1237 1173 uno
1267 1117 1437 1171 verbo
1498 1117 1856 1186 complectar.
1920 1132 2027 1172 non

455 1231 553 1269 ens
585 1212 884 1284 nihilost):
933 1225 1274 1280 consequens
1335 1219 1439 1275 est,
1501 1224 1569 1264 ne
1623 1208 2028 1278 generationem

456 1308 678 1377 quidem
706 1322 806 1361 nec
837 1304 1244 1374 corruptionem
1272 1317 1413 1357 esse.
1448 1301 1506 1357 In
1525 1302 1656 1372 quid
1680 1302 1826 1357 enim
1854 1303 2031 1357 resol-

454 1409 614 1455 vetur
642 1400 713 1466 id,
743 1398 886 1468 quod
914 1412 1021 1452 non
1057 1414 1122 1452 ex
1154 1396 1338 1465 aliquo
1415 1406 1596 1448 ortum
1651 1393 1780 1448 est?
1828 1396 2009 1461 Quare

455 1494 638 1547 mistio
666 1502 869 1547 tantum
911 1490 1016 1544 erit
1058 1499 1109 1543 et
1136 1489 1421 1544 mistorum
1459 1487 1765 1543 dissolutio.
1800 1486 1859 1540 In
1918 1485 2019 1541 hac

2144 570 2219 640 μὴ
2245 572 2611 640 ἐννοήσαντες,
2641 576 2741 646 τὴν
2769 580 3004 651 φυσικὴν
3029 582 3234 634 ἀνεῖλον
3255 584 3466 649 γένεσιν
3488 599 3501 612 ·
3528 586 3707 638 dicati-

2134 676 2244 758 τως
2267 664 2360 758 κα]
2395 663 2620 731 φθορὰν,
2655 667 2839 736 ἔλεγον
2866 672 2974 737 γάρ
2998 674 3112 758 ’.Εἰ
3142 675 3251 726 πᾶν
3280 674 3307 726 δ
3339 675 3606 743 γίνεται,ἢ
3637 677 3697 738 ἐξ

2137 749 2293 812 ὄντος
2324 749 2356 816 ἢ
2406 754 2469 804 ὲκ
2523 753 2597 825 μὴ
2628 754 2777 819 ὄντος
2824 749 3037 830 ἀνάγκῆ
3071 760 3317 828 γίνεσθαι
3343 778 3358 792 ο
3403 760 3525 815 οὔτε
3557 763 3603 814 δ’
3640 763 3700 827 ἐξ

2085 834 2091 839 ’
2138 840 2290 906 ὄντος
2311 842 2372 896 τό
2399 843 2459 897 ὃν
2490 846 2696 914 γίνεται
2723 850 2740 919 (
2762 847 2864 920 ἢδη
2891 852 2999 920 γὰρ
3034 852 3153 906 ἔστι
3205 854 3312 923 πρὸ
3340 855 3432 907 τοῦ
3460 857 3700 923 γινέσθαι

2133 935 2195 987 τὸ
2225 933 2330 1003 ὃν),
2364 936 2474 989 οὔτ’
2509 936 2576 991 αὖ
2623 942 2687 992 ὲκ
2721 940 2795 1009 μὴ
2838 943 2989 1006 ὄντος
3021 943 3123 1010 (6d
3151 947 3259 1014 γὰρ
3296 944 3435 999 εἷναί
3462 964 3517 1001 τι
3554 950 3611 1001 τὸ
3639 950 3701 1014 ἐξ

2126 1020 2187 1080 οὗ
2220 1026 2416 1094 γένοιτ’
2445 1028 2509 1082 ἄν
2530 1045 2546 1060 ·
2586 1030 2679 1082 καὶ
2713 1032 2847 1094 ὅλως
2886 1036 2946 1086 τὸ
2973 1035 3133 1105 μὴόν
3164 1037 3319 1090 οὐδέν
3352 1041 3543 1107 ἐστιν),
3573 1042 3699 1093 οὒτε

2126 1119 2337 1186 γένεσις
2369 1121 2435 1174 ἂν
2460 1121 2569 1191 εἴη,
2602 1122 2727 1176 οὔτε
2755 1124 2811 1177 δὲ
2851 1127 3049 1196 φθορά.
3090 1130 3183 1193 Εἰς
3208 1132 3261 1183 τι
3288 1132 3396 1199 γὰρ
3428 1133 3699 1203 ἁναλυῠὴσ

2128 1226 2281 1264 σεται
2313 1212 2374 1264 τὸ
2405 1212 2481 1282 μὴ
2525 1215 2587 1267 ἐκ
2629 1232 2773 1278 τινος
2803 1223 3024 1284 γεγονός
3051 1236 3065 1285 ;
3115 1219 3256 1273 ὥστε
3294 1223 3437 1290 μίξις
3463 1224 3575 1275 ἐστὶ
3604 1224 3701 1292 μό-

2127 1318 2239 1367 νον,
2272 1306 2367 1356 καὶ
2403 1305 2513 1357 τῶν
2547 1306 2812 1375 μιγέντων
2839 1309 3133 1374 διάλλαξις.
3189 1312 3376 1366 Ταῦτα
3407 1315 3701 1382 διηπόρουν

2129 1393 2190 1446 τὸ
2219 1394 2348 1446 αὐτὸ
2373 1394 2449 1465 τῷ
2474 1397 2743 1468 γινομένῳ
2789 1400 2951 1467 μόνον
2982 1402 3287 1463 ἐννοοῦντες
3316 1404 3373 1457 ὄν
3396 1420 3410 1434 ’
3455 1405 3530 1476 μὴ
3556 1405 3613 1459 ὃν
3643 1407 3703 1459 δὲ

2129 1488 2191 1540 τὸ
2229 1490 2405 1557 πάντη
2443 1490 2518 1560 μὴ
2546 1492 2626 1545 ὄν.

454 1585 791 1640 dubitatione
816 1583 1194 1648 versabantur,
1240 1581 1371 1636 dum
1399 1596 1496 1639 ens
1551 1580 1692 1635 idem
1754 1595 1878 1635 cum
1939 1592 2005 1635 eo
2043 1579 2190 1651 quod
2227 1580 2286 1636 ﬁt
2317 1598 2334 1650 ;
2370 1598 2475 1638 non
2543 1600 2642 1640 ens
2705 1596 2912 1656 autem,
2964 1589 3111 1658 quod
3171 1592 3394 1647 omnino
3447 1607 3555 1647 non
3594 1592 3699 1646 sit-

455 1678 860 1734 existitnabant.
1960 1734 1965 1739 ,

524 1776 582 1829 '5.
616 1776 835 1830 At'vero
874 1774 1017 1829 scire
1044 1774 1328 1844 oportebat
1372 1773 1590 1830 duobus
1631 1772 1808 1828 modis
1840 1786 1942 1828 ens
1970 1780 2027 1826 et

2200 1777 2270 1842 γ’.
2321 1773 2521 1844 Ἐχρῆν
2559 1775 2606 1830 δ’
2633 1775 2923 1846 ἐπιστῆναι
2966 1778 3049 1831 ὄτι
3077 1777 3242 1846 διχῶς
3277 1778 3495 1846 λέγεται
3545 1780 3604 1832 τὸ
3646 1778 3704 1834 ὂν

455 1882 565 1922 non
581 1882 677 1922 ens
704 1867 815 1921 dici
853 1887 867 1922 :
896 1867 1045 1921 aliud
1085 1861 1307 1935 quidem
1345 1881 1443 1937 per
1479 1883 1559 1932 se,
1592 1866 1740 1921 aliud
1769 1879 1900 1919 vero
1930 1878 2022 1934 per

2131 1864 2224 1918 καὶ
2257 1864 2317 1918 τὸ
2349 1865 2515 1933 μὴ.ὄν
2539 1880 2556 1898 ⁸
2585 1865 2647 1917 τδ
2681 1866 2778 1934 μὲν
2808 1867 2928 1919 καθ’
2960 1869 3114 1931 αὐτό,
3150 1869 3211 1921 τὸ
3233 1869 3288 1922 δὲ
3316 1872 3460 1923 κατὰ
3492 1871 3701 1939 συμϐε-

456 1959 726 2014 accidens.
761 1960 851 2013 Sic
881 1959 1024 2014 enim
1074 1960 1300 2015 materia
1329 1959 1546 2029 quidem
1602 1974 1699 2028 per
1760 1956 2015 2013 accidens

455 2051 657 2106 dicitur
679 2067 786 2105 non
819 2066 917 2105 ens
978 2065 1145 2118 esse;
1203 2052 1329 2121 quia
1367 2051 1687 2120 privationis
1742 2049 2014 2119 particeps

457 2153 561 2207 est.
602 2143 723 2213 "quae
752 2143 984 2212 privatio
1011 2159 1107 2211 per
1143 2159 1201 2199 se
1246 2159 1352 2197 non
1387 2159 1485 2198 ens
1515 2151 1738 2198 vocatur
1765 2142 1831 2195 '°.
1892 2140 2024 2194 Nam

458 2239 645 2290 {omne
676 2236 942 2289 duntaxat
970 2236 1216 2290 absentia
1260 2250 1395 2290 esse
1412 2237 1750 2304 agnoscitur,
1775 2244 1830 2289 et
1894 2233 2025 2288 nihil

458 2327 629 2381 aliud.
654 2327 731 2380 Ac
763 2341 956 2381 rursus
987 2327 1210 2380 materia
1254 2342 1368 2395 per
1399 2341 1459 2380 se
1523 2342 1621 2381 ens
1678 2321 2028 2398 [appellatur]

460 2426 520 2471 ut
542 2418 848 2485 subjectum
881 2432 894 2480 ;
931 2418 1162 2486 privatio
1219 2427 1401 2470 autem
1429 2418 1527 2469 etis
1580 2431 1674 2484 per
1744 2404 2035 2487 accidens;

442 2513 603 2580 quod
625 2510 757 2573 cuti,
788 2511 890 2563 hoc
919 2518 1004 2563 est
1039 2510 1312 2574 materiai,
1369 2508 1602 2563 accidat.
1637 2513 1713 2562 Ac
1767 2517 2026 2575 praeterea

455 2617 555 2657 ens
591 2615 713 2655 cum
739 2601 789 2654 id
822 2600 967 2668 quod
999 2609 1289 2669 potestate.
1325 2610 1437 2653 tum
1473 2598 1528 2653 id
1577 2598 1721 2667 quod
1759 2608 1880 2652 actu
1915 2605 2021 2662 est,

456 2690 751 2760 signiﬁcat.
785 2689 879 2744 Sic
910 2690 1074 2759 igitur
1104 2692 1329 2744 materia
1362 2689 1585 2758 quidem
1609 2699 1889 2757 potestate
1919 2699 2023 2752 est,

469 2783 621 2852 quod
651 2782 710 2837 ﬁt
743 2799 759 2849 ;
788 2797 897 2837 non
929 2792 1109 2836 autem
1140 2792 1282 2837 actu.
1306 2782 1484 2836 Causa
1517 2789 1698 2835 autem
1754 2780 2015 2844 materiai,

430 2874 597 2941 ,quod
619 2873 886 2942 ejusmodi
922 2884 1172 2928 naturam
1200 2875 1384 2938 habet,
1464 2882 1547 2927 est
1607 2873 1878 2943 privatio;
1905 2866 2025 2941 quae

455 2966 704 3019 absentia
736 2964 843 3035 18
880 2965 1039 3020 estin
1077 2981 1144 3020 eo
1174 2964 1320 3035 quod
1375 2976 1570 3019 natura
1599 2968 1677 3020 sic
1695 2976 1877 3033 aptum
1897 2972 2022 3029 est;

452 3073 574 3126 qua:
601 3058 788 3121 etiam,
819 3058 946 3127 quia
1007 3058 1228 3127 quidem
1284 3059 1532 3111 absentia
1582 3066 1692 3123 est,
1748 3056 1912 3110 efiicit
1968 3066 2026 3109 ut

430 3151 680 3206 materia
714 3165 824 3205 non
851 3151 921 3205 sit
947 3162 1094 3216 actu,
1156 3151 1300 3220 quod
1341 3151 1554 3214 oritur;
1618 3151 1745 3219 quia
1786 3165 1915 3205 vero
1972 3151 2023 3203 iu

2130 1954 2319 2024 ϐηκός.
2341 1953 2528 2030 Οὕτως
2548 1950 2642 2009 οὖν
2666 1957 2697 2024 ἡ
2742 1957 2841 2025 μὲν
2866 1956 2964 2028 ὕλη
2991 1959 3134 2013 κατὰ
3167 1960 3517 2029 συμϐεϐηκδς
3544 1962 3701 2027 λέγε-

2128 2063 2219 2101 ται
2253 2047 2327 2117 μὴ
2354 2046 2433 2113 ὃν,
2463 2046 2539 2116 τῷ
2564 2050 2814 2118 μετέχειν
2844 2051 2942 2117 τῆς
2976 2053 3283 2123 στερήσεως
3304 2071 3317 2084 ο
3344 2054 3469 2123 ἥτις
3505 2054 3706 2122 στέρη-

2131 2157 2214 2202 σις
2246 2137 2369 2192 καθ’
2398 2139 2530 2193 αὐτὸ
2584 2140 2832 2194 καλεῖται
2863 2144 2936 2213 μὴ
2981 2143 3061 2199 ὄν.
3105 2145 3373 2215 ’Δπουσιᾳ
3400 2148 3508 2213 γὰρ
3545 2146 3706 2209 μόνον

2128 2232 2223 2285 τοῦ
2255 2232 2431 2293 εἴδους
2480 2231 2807 2299 γινώσκεται
2836 2234 2933 2287 καὶ
2968 2235 3119 2289 οὐδὲν
3157 2236 3364 2304 ἕτερον.
3396 2237 3508 2290 Καὶ
3545 2235 3708 2291 πάλιν

2120 2325 2163 2394 ἠ
2196 2324 2294 2395 μὲν
2327 2323 2427 2394 ὕλη
2457 2325 2583 2378 καθ’
2608 2326 2738 2379 αὐτὸ
2769 2326 2852 2392 δν,
2886 2329 2971 2389 ὡς
3009 2328 3390 2398 ὑποκείμενον,
3420 2331 3452 2399 ὴ
3488 2328 3547 2381 δὲ
3586 2329 3707 2382 στέ-

2131 2430 2289 2483 ρησις
2321 2414 2465 2467 κατὰ
2487 2415 2835 2484 συμϐεϐηκὸς
2859 2415 2941 2481 ὄν,
2968 2416 3051 2470 ὃτι
3071 2415 3157 2487 ’τῷ
3190 2416 3322 2479 ὄντι,
3355 2419 3608 2471 τουτέστι
3636 2420 3705 2488 τῇ

2129 2503 2253 2575 ὕλῃ,
2294 2504 2609 2573 συμϐέϐηκε
2632 2521 2647 2537 °
2681 2507 2776 2560 xui.
2807 2506 2889 2559 ἔτι
2919 2507 2980 2561 τὸ
3003 2507 3064 2561 ὃν
3097 2509 3159 2561 τό
3191 2525 3252 2561 τε
3291 2508 3521 2577 δυνάμει
3553 2509 3709 2578 δηλοί

2127 2597 2222 2648 καὶ
2255 2596 2315 2648 τὸ
2345 2597 2617 2668 ἐνεργείᾳ.
2644 2598 2831 2661 Οὕτως
2852 2598 2949 2653 οὖν
2976 2600 3010 2665 ἡ
3042 2597 3142 2669 ὕλη
3169 2600 3397 2666 δυνάμει
3432 2599 3533 2670 μὲν
3554 2599 3706 2653 ἐστιν

2125 2685 2264 2754 ὅπερ
2306 2685 2533 2752 γίνεται,
2565 2688 2820 2759 ἐνεργείᾳ
2855 2689 2901 2741 δ’
2948 2688 3033 2743 οὗ.
3062 2691 3219 2743 Atria
3267 2689 3324 2743 δὲ
3373 2693 3436 2759 τῇ
3470 2690 3571 2760 ὕλῃ
3607 2694 3706 2758 τῆς

2125 2775 2379 2846 τοιαύτης
2413 2777 2629 2845 φύσεως
2663 2780 2697 2848 ἡ
2756 2779 3014 2849 στέρησις
3065 2781 3238 2845 ἐστιν,
3278 2780 3519 2834 ἀπουσία
3569 2780 3709 2833 οὖσι

2127 2869 2185 2922 ὲν
2218 2869 2295 2938 τῷ
2329 2871 2600 2938 πεφυκότι
2624 2886 2639 2903 ο
2666 2873 2761 2925 καὶ
2783 2871 2873 2925 διὰ
2916 2871 3017 2941 μὲν
3044 2872 3106 2925 τὺ
3136 2873 3374 2927 ἀπουσία
3403 2869 3567 2937 εἶναι,
3590 2889 3711 2925 ποι-

2128 2961 2264 3014 οῧσα
2282 2962 2381 3031 τὴν
2402 2962 2537 3031 ὓλην
2569 2963 2644 3034 μὴ
2692 2959 2834 3016 εἶναι
2863 2965 3114 3037 ἐνεργείᾳ
3142 2966 3171 3019 ὄ
3187 2967 3439 3034 γίνεται·
3460 2967 3553 3020 διὰ
3565 2965 3711 3020 δὲτὸ

2129 3053 2185 3106 ὲν
2204 3052 2281 3120 τῷ
2309 3055 2575 3121 πεφυκότι
2593 3054 2821 3124 δυνάμει
2838 3055 2936 3126 τὴν
2958 3055 3091 3125 ὕλην
3112 3057 3276 3123 εἶναι,
3296 3060 3401 3112 πᾶν
3421 3058 3449 3111 ὃ
3463 3060 3702 3125 γίνεται,

2130 3147 2473 3215 παρᾶγουσα.
2492 3145 2647 3199 Ὥστε
2679 3146 2708 3198 ὃ
2728 3147 2958 3213 γίνεται.
2992 3148 3057 3201 ἐκ
3086 3148 3178 3201 τοῦ
3204 3149 3281 3216 πῆ
3311 3148 3604 3218 μὲνόντος,
3624 3150 3707 3215 πῆ

451 3242 698 3311 subjecto
724 3243 969 3312 estquod
1025 3251 1220 3296 natura
1246 3242 1325 3296 sic
1384 3256 1570 3311 aptum
1624 3250 1727 3305 est,
1786 3241 2022 3296 materiai

2130 3235 2186 3290 δὲ
2224 3236 2298 3306 μὴ
2330 3237 2479 3301 ὄντος
2507 3237 2753 3305 γίνεται·
2782 3239 2878 3292 καὶ
2908 3238 3192 3309 cytisi-parat
3223 3241 3383 3295 πάλιν
3416 3245 3498 3301 εἰς
3530 3242 3593 3293 τὸ
3623 3242 3701 3307 πη

451 3343 1100 3403 praestanutpotestate
1162 3334 1235 3403 sit
1290 3349 1453 3389 omne
1502 3332 1557 3388 id
1616 3334 1760 3403 quod
1825 3335 2024 3389 oritur.

453 3425 636 3490 Quare
669 3425 815 3494 quod
843 3424 922 3491 fit,
965 3440 1123 3479 exeo
1156 3426 1304 3493 quod
1337 3425 1720 3495 quadantenus
1750 3436 1855 3489 est,
1888 3442 2027 3495 qua-

451 3517 725 3570 dantenus
747 3531 854 3569 non
888 3528 993 3577 est.
1032 3518 1243 3581 oritur;
1276 3524 1332 3570 et
1388 3532 1584 3573 rursus
1634 3518 1688 3571 iu
1747 3517 1824 3581 id,
1880 3518 2024 3587 quod

450 3608 832 3675 quadantenus
854 3618 957 3671 est,
974 3607 1364 3677 quadantenus
1382 3623 1487 3663 non
1504 3616 1611 3670 est,
1637 3611 2023 3680 corrumpitur.

450 3699 637 3770 Neque
654 3702 799 3755 enim
828 3715 935 3754 uno
963 3700 1123 3755 modo
1140 3700 1343 3756 dicitur
1361 3717 1459 3757 ens
1490 3711 1799 3765 etnonens,
1830 3717 2025 3772 quem-

449 3794 744 3849 admodum
785 3792 1171 3863 opinabantur,
1195 3793 1289 3863 qui
1342 3793 1746 3863 generationem
1811 3804 1867 3850 et
1896 3810 2021 3850 cor-

431 3887 758 3955 .ruptionem
820 3885 1083 3941 tollebant
1120 3902 1137 3941 :
1168 3886 1266 3940 sed
1320 3885 1439 3940 fieri
1476 3894 1693 3957 potest,
1742 3895 1803 3941 ut
1852 3903 2021 3942 unum

435 3982 709 4047 idemque
740 3988 794 4033 et
822 3995 921 4040 ens
948 3987 1002 4033 et
1049 3992 1159 4032 non
1188 3993 1287 4033 eus
1349 3978 1442 4034 sit.
1505 3977 1617 4034 Nec
1658 3979 2021 4034 contradictio

449 4084 736 4142 propterea
797 4072 959 4126 simul
995 4086 1180 4126 verum
1223 4071 1442 4125 dixerit.
1490 4070 1680 4137 Quoad
1704 4071 1850 4125 aliud
1873 4072 2022 4125 enim

448 4180 569 4227 ens.
600 4173 653 4216 et
681 4161 861 4228 quoad
896 4160 1041 4214 aliud
1071 4174 1177 4212 non
1201 4173 1300 4213 ens
1321 4159 1447 4212 erit.
1468 4157 1602 4212 Nam
1621 4158 1763 4211 haud
1798 4159 2023 4212 materia

448 4264 504 4304 et
532 4253 769 4321 privatio
793 4252 909 4306 sola
938 4261 1066 4306 sunt
1092 4259 1147 4305 et
1170 4252 1314 4305 entia
1341 4260 1396 4306 et
1428 4267 1533 4304 non
1570 4251 1741 4317 entia,
1772 4252 1914 4305 sicut
1943 4250 2024 4305 di-

449 4352 598 4397 ctum
632 4352 715 4398 est
750 4342 887 4399 :sed
927 4343 1089 4402 etiam
1123 4343 1353 4412 singulae
1405 4342 1646 4411 perfecte
1709 4343 1921 4410 species
1972 4349 2028 4395 et

2126 3330 2227 3399 μὲν
2255 3329 2335 3397 ὃν,
2369 3331 2443 3399 πῆ
2488 3331 2546 3383 δὲ
2579 3330 2654 3401 μὴ
2684 3331 2765 3385 ὄν.
2805 3333 2937 3387 Οὐδὲ
2972 3333 3085 3403 γὰρ
3116 3335 3365 3404 μοιαχῶς
3391 3334 3617 3403 λέγεται
3648 3340 3709 3386 τὸ

2110 3420 2182 3474 ιίόν
2207 3423 2299 3474 καὶ
2328 3422 2389 3473 τὸ
2427 3422 2498 3492 μὴ
2529 3421 2610 3488 ὃν,
2656 3423 2842 3488 καθὼς
2871 3422 3040 3494 ᾤοντο
3066 3426 3117 3478 οἱ
3151 3426 3251 3496 τὴν
3284 3426 3503 3493 γένεσιν
3538 3427 3704 3479 hvm-

2125 3512 2346 3583 ροῦντες
2377 3516 2471 3566 καὶ
2510 3516 2608 3584 τὴν
2639 3516 2846 3584 φθοράν
2865 3531 2881 3547 ⁸
2908 3516 3044 3572 ἀλλὰ
3071 3517 3298 3571 δυνατὸν
3333 3520 3402 3571 ’τὸ
3444 3519 3581 3571 αὑτό
3612 3521 3709 3571 καὶ

2124 3604 2184 3657 ἓν
2213 3605 2273 3657 ὄν
2300 3622 2365 3658 τε
2416 3609 2509 3659 καὶ
2546 3607 2623 3677 μὴ
2672 3606 2733 3660 ὄν
2759 3604 2918 3662 εῖναι.
2967 3609 3076 3662 Καὶ
3102 3610 3203 3663 οὐκ
3254 3610 3320 3664 ἂν
3349 3611 3433 3679 εἴη
3463 3612 3709 3679 συναληο

2129 3696 2424 3767 θεύουσιίή
2458 3699 2767 3767 ἀντίφασις.
2829 3699 2966 3753 Κατ’
2990 3700 3120 3755 ἄλλο
3153 3702 3254 3770 μιν
3285 3700 3396 3770 γὰρ
3427 3702 3594 3756 ἔσται
3622 3703 3707 3762 ὃ).

2129 3790 2251 3844 κατ’
2269 3790 2397 3844 ἄλλο
2413 3791 2469 3844 δι
2489 3791 2565 3860 μὴ
2602 3790 2776 3846 ὄν.οὑ
2799 3792 2907 3860 γὰρ
2932 3793 2963 3862 ὴ
2984 3792 3086 3862 ὕλη
3106 3779 3255 3862 κοιιῆ
3276 3795 3532 3863 στέρησις
3564 3798 3709 3861 μὸνι

2131 3886 2225 3937 καὶ
2253 3884 2381 3937 ὄντα
2404 3885 2498 3937 καὶ
2534 3884 2754 3954 μὴόντα
2779 3886 2940 3950 εἰσιν,
2962 3886 3158 3959 ὥσπερ
3183 3889 3435 3958 εἴρηταρ
3478 3888 3618 3942 ἀλλά
3642 3888 3711 3956 δὴ

2130 3977 2224 4030 καὶ
2255 3976 2366 4029 τῶν
2408 3975 2632 4029 τελείων
2681 3977 2836 4032 εἱδῶν
2868 3979 3100 4031 ἕκαστον
3139 3980 3322 4032 καὶ-ὄν
3351 3982 3464 4033 ἔστι
3496 3983 3595 4033 καὶ
3630 3983 3712 4048 μὴ

2130 4068 2224 4137 ὄν·
2257 4068 2320 4121 τι
2370 4067 2468 4136 μὲν
2494 4066 2574 4130 δν,
2608 4069 2662 4121 τι
2716 4069 2774 4122 δὲ
2833 4070 2909 4142 μὴ
2938 4071 3016 4123 ὄν.
3067 4067 3197 4125 Οἷον
3241 4076 3269 4125 ό
3313 4072 3605 4143 ἄνθρωπος
3650 4073 3714 4125 ὃν

2129 4158 2230 4228 μὲν
2264 4160 2432 4224 ἔστιν,
2474 4156 2595 4212 ἐπεὶ
2628 4160 2945 4232 ἄνθρωπος·
2979 4161 3054 4232 μὴ
3098 4162 3158 4215 ὃν
3188 4164 3265 4228 δὲ,
3299 4165 3433 4218 διότι
3470 4164 3573 4234 οὐχ
3608 4166 3711 4218 τπ-

2125 4266 2247 4312 πος.
2277 4251 2377 4303 Διὰ
2408 4248 2517 4320 γὰρ
2544 4250 2606 4303 τὸ
2628 4250 2835 4319 πλῆθος
2866 4252 2960 4305 καὶ
2994 4252 3180 4317 αὐτοῖς
3212 4255 3329 4317 τοῖς
3352 4253 3591 4318 τελείοις
3622 4254 3712 4308 εἴ-

2136 4342 2284 4395 δεσιν
2317 4342 2673 4409 ἑπεισὰγεται
2701 4343 2762 4395 sb
2803 4342 2880 4413 μὴ
2910 4344 2989 4397 ὄν.

447 4453 548 4494 eus
575 4447 704 4492 sunt
736 4450 789 4494 et
813 4454 925 4493 non
954 4452 1052 4493 ens
1088 4453 1103 4491 :
1132 4448 1209 4492 ut
1238 4452 1359 4506 qua:
1382 4437 1601 4507 quidem
1636 4436 1842 4506 aliquid
1877 4437 2005 4499 siut.
2045 4435 2253 4504 aliquid
2283 4449 2411 4490 vero
2448 4450 2554 4488 non
2581 4435 2690 4489 siut
2733 4452 2750 4496 :
2831 4438 3061 4506 exempli
3118 4440 3322 4507 gratia,
3381 4440 3547 4494 homo
3605 4456 3718 4495 ens

447 4535 671 4606 quidem
705 4542 810 4600 est,
843 4534 968 4600 quia
998 4536 1161 4594 homo
1192 4542 1277 4588 est
1316 4549 1333 4600 ;
1377 4548 1484 4587 nou
1533 4546 1631 4585 ens
1666 4541 1870 4596 autem,
1903 4569 1909 4575 .
1939 4530 2064 4600 quia
2100 4546 2274 4600 equus
2348 4545 2457 4586 non
2501 4539 2603 4586 est.
2663 4531 2872 4602 Quippe
2926 4532 3294 4589 multitudinis
3340 4549 3503 4589 causa
3567 4536 3719 4605 ipsis

445 4629 608 4684 etiam
644 4626 904 4697 perfectis
957 4625 1242 4694 speciebus
1308 4638 1413 4679 non
1474 4637 1575 4677 ens
1638 4621 2183 4691 superinducitur“.

520 4724 574 4776 4.
610 4722 783 4776 Porro
805 4723 1035 4773 materia
1061 4734 1125 4771 ex
1156 4716 1400 4785 analogia
1428 4712 1826 4787 [preportione]
1854 4728 2015 4783 quam

2194 4716 2258 4770 δ’.
2289 4713 2626 4768 Γινώσκεται
2672 4714 2718 4768 δ’
2751 4717 2785 4787 ἡ
2816 4714 2919 4786 ὄλη
2961 4715 3207 4786 φυσικῶς
3239 4717 3341 4785 μὲν
3388 4716 3449 4783 ἐξ
3493 4718 3715 4774 ἀναλο-
3784 4746 3791 4753 ·

447 4815 613 4868 habet
640 4810 708 4866 ad
744 4822 834 4864 res
864 4811 1024 4876 alias,
1059 4807 1163 4878 19
1190 4810 1426 4862 naturali
1456 4808 1675 4877 quidem
1735 4806 1897 4861 modo
1919 4821 2017 4860 co-

2130 4806 2248 4876 γιας
2280 4807 2378 4877 τῆς
2408 4808 2544 4877 πρὸς
2574 4806 2763 4862 τᾶλλα.
2816 4808 2928 4861 Καὶ
2971 4808 3076 4878 γὰρ
3119 4808 3194 4871 ὡς
3228 4810 3365 4879 πρὸς
3395 4811 3713 4880 ἀνδριάντι

446 4905 747 4977 gnoscitur.
781 4899 935 4956 Sicut
962 4901 1112 4956 enim
1140 4914 1215 4955 ass
1267 4900 1339 4954 ad
1363 4908 1628 4963 statuam,
1664 4906 1758 4952 aut
1816 4897 2018 4965 lignum

2130 4899 2347 4969 χαλκὸς,
2393 4899 2426 4969 ἢ
2471 4899 2609 4968 πρὸς
2644 4898 2831 4967 κλίνην
2862 4899 3042 4963 ξύλον,
3082 4901 3114 4964 ἢ
3153 4901 3292 4971 πρὸς
3330 4902 3461 4955 ἄλλο
3501 4920 3557 4956 τι
3591 4906 3724 4957 τῶν

445 5001 515 5055 ait
550 4998 776 5061 lectum,
805 5002 900 5049 aut
922 4993 990 5048 ad
1018 4993 1167 5051 aliud
1194 4992 1404 5061 aliquid
1471 4991 1759 5046 artificiale
1829 4987 2008 5044 forma

2130 4990 2363 5059 ἑχόντων
2398 4990 2615 5061 μορφὴν
2637 4991 2916 5060 τεχνητῶν
2941 4991 3000 5043 τὸ
3024 4992 3273 5062 ἄμορφον
3298 4992 3413 5062 ἔχει
3442 4997 3573 5064 πρὶν
3604 4996 3722 5048 λα-

442 5090 761 5161 insiguitum
801 5089 851 5142 id
896 5088 1040 5157 quod
1084 5086 1279 5141 formae
1350 5099 1549 5155 expers
1600 5092 1685 5138 est
1731 5091 2022 5151 antequam

2130 5080 2241 5138 ϐεῖν
2264 5085 2363 5157 τὴν
2391 5087 2608 5158 μορφήν
2629 5104 2643 5118 ο
2676 5085 2849 5150 οὕτως
2874 5086 2989 5157 ἔχει
3020 5090 3053 5158 ἡ
3090 5089 3282 5160 πρώτη
3314 5091 3414 5158 ὕλη
3449 5091 3586 5161 πρὸς
3638 5096 3720 5146 τὰ

445 5181 674 5234 ιιιτιιιιιιιι
709 5180 925 5246 accipit,
953 5196 1013 5233 se
1050 5178 1212 5232 habet
1245 5192 1260 5230 :
1295 5177 1370 5231 ita
1429 5178 1603 5246 prima
1658 5174 1886 5229 materia
1943 5171 2011 5225 ad

2131 5177 2356 5244 φυσικά.
2392 5176 2595 5229 Τοῦτον
2618 5177 2719 5247 μὲν
2744 5176 2841 5232 οὖν
2874 5179 2965 5232 τὸν
2992 5180 3193 5249 τρόπον
3220 5183 3464 5250 φυσικῶς
3503 5183 3568 5235 ἐκ
3602 5185 3728 5252 τῆς

446 5272 713 5326 t-aturalia
750 5268 1028 5341 [corpora]
1064 5286 1123 5324 se
1156 5268 1536 5337 liabet.Atque
1571 5266 1674 5322 hoc
1698 5280 1833 5321 sane
1857 5264 2020 5318 modo

2130 5266 2420 5333 ἀναλογίας
2451 5266 2550 5335 τῆς
2581 5269 2718 5335 πρὸς
2771 5268 2941 5322 τᾶλλα
2976 5270 3074 5339 τὴν
3110 5269 3244 5340 ὕλην
3276 5272 3727 5339 καταλαμϐάνο-

445 5382 508 5420 ex
535 5363 785 5432 analogia
808 5362 875 5415 ad
901 5376 989 5415 res
1014 5360 1150 5414 alias
1180 5359 1463 5414 materiam
1485 5357 2021 5427 comprehendimus.

2130 5375 2230 5427 μεν
2250 5374 2263 5387 ο
2293 5360 2357 5410 ἐκ
2384 5358 2441 5410 δὲ
2481 5358 2582 5428 τῆς
2615 5361 2943 5429 ἀποφάσεως
2990 5362 3100 5414 τῶν
3130 5363 3290 5414 elici»:
3340 5363 3724 5430 τελεώτερον.

445 5460 520 5510 lis
550 5457 864 5526 specierum
926 5444 1111 5506 autem
1171 5449 1458 5521 negatione
1513 5448 1811 5518 perfectius
1868 5445 2016 5517 [eam

2130 5448 2209 5500 Ti
2256 5450 2539 5500 τελευταῖα
2586 5449 2696 5519 γὰρ
2742 5450 2857 5518 εἴδη
2905 5451 3231 5520 θεασάμενοι
3298 5454 3435 5522 πρὸς
3486 5453 3727 5524 ἄλληλα

444 5543 881 5618 cognoscimus].
912 5543 1053 5598 Cum
1081 5541 1230 5597 enim
1274 5541 1498 5597 ultimas
1527 5538 1736 5609 species
1768 5540 1919 5607 inter
1958 5553 2022 5592 se

2130 5538 2557 5608 μεταϐάλλοντα,
2623 5543 2716 5594 καὶ
2778 5542 2869 5596 διὰ
2930 5541 3089 5595 τοῦτό
3130 5560 3275 5603 τινος
3328 5545 3728 5613 ὑποκειμένου

447 5644 680 5696 invicem
706 5634 1035 5693 commutari
1063 5645 1118 5690 et
1148 5643 1437 5719 propterea
1486 5632 1738 5703 subjecto
1771 5629 2011 5701 quodam

2130 5632 2374 5702 δεόμενα,
2402 5632 2710 5701 πεφυκότος
2741 5634 2995 5705 δέχεσθαι
3031 5637 3179 5712 παρᾷ
3212 5638 3377 5706 μέρος
3409 5638 3518 5689 τῶν
3547 5640 3735 5692 ἀντι-

514 5822 609 5879 ⁸⁹1
643 5821 799 5891 Phys.
826 5834 878 5875 c.
912 5821 964 5883 9,
999 5827 1037 5875 t.
1070 5820 1157 5875 7i.
1236 5820 1280 5851 ¹⁹
1316 5820 1336 5875 ι
1367 5817 1528 5893 Pbys.
1567 5833 1611 5873 c.
1646 5816 1697 5880 9,
1722 5826 1764 5871 «ι.
1805 5812 1891 5871 75.
1970 5812 2011 5847 ¹¹

2130 5812 2283 5884 Phys.
2315 5828 2367 5870 ο.
2404 5815 2455 5880 8,
2489 5823 2621 5871 text.
2646 5817 2733 5881 69;
2769 5815 2920 5869 Plato
2957 5814 3011 5869 in
3043 5813 3269 5890 Timaeo,
3299 5830 3351 5883 p.
3392 5816 3545 5873 1061.
