3856 6358
387 358 519 423 1051

1579 355 2007 423 NICEPHOBI
2030 349 2447 420 BLEMMIDE

3499 335 3635 400 1059

385 474 552 530 tentia
582 480 667 530 est
699 471 1075 542 imperfectum
1108 475 1213 540 sit,
1252 473 1424 543 ipsius
1463 473 1630 530 etiam
1669 478 1813 531 actio
1846 477 1959 530 im-

2103 492 2128 528 ε
2156 473 2253 527 τοῦ
2284 474 2549 540 δυνάμει·
2577 464 2673 539 οὖχ
2716 466 2797 521 ὅτι
2835 463 3048 536 ἐνεργεῖ
3081 460 3205 520 κατ’
3243 455 3414 530 αὐτὴν
3454 458 3515 511 τὸ
3544 457 3635 510 δυ-

387 563 624 633 perl‘eeta
650 566 803 624 erit:
847 577 902 620 ct
947 566 1093 620 illius
1124 566 1288 621 etiam
1329 575 1487 622 actus
1521 568 1667 638 quod
1711 569 1953 636 potentia

387 665 511 722 est,
559 673 665 711 non
697 657 841 727 quod
875 658 1173 712 secundum
1209 673 1330 712 eam
1366 668 1530 729 agat,
1575 648 1685 730 39
1727 660 1779 714 id
1813 659 1954 730 quod

389 751 625 819 potentia
658 760 761 815 est,
793 748 889 805 sed
923 750 1066 819 quod
1098 758 1310 820 agatur.
1339 748 1497 816 Quod
1522 752 1666 806 enim
1698 762 1822 807 actu
1850 760 1954 817 est,

391 843 569 912 ipsum
611 857 772 905 agere
805 850 987 911 potest
1013 883 1028 907 ,
1062 851 1335 913 quatenus
1366 854 1491 898 actu
1530 854 1611 899 est
1639 859 1655 912 ;
1692 845 1955 913 quemad-

392 935 614 989 modum
648 936 789 1005 ignis
822 934 1094 1000 calefacit,
1128 951 1253 990 eum
1289 946 1413 991 actu
1448 939 1517 991 sit
1551 939 1780 991 calidus.
1808 937 1965 1003 Quod

392 1037 573 1082 autem
605 1028 849 1097 potentia
882 1035 988 1092 est,
1022 1038 1295 1098 quatenus
1322 1040 1406 1084 est
1440 1029 1704 1099 potentia,
1739 1031 1963 1100 patitur,

394 1136 501 1174 non
534 1122 637 1195 agit
665 1137 682 1191 ;
715 1122 1173 1191 quemadmodum
1205 1140 1344 1193 aqua
1379 1124 1589 1187 caletit,
1617 1138 1739 1177 cum
1771 1135 1966 1193 poten-

392 1212 467 1268 tia
500 1215 572 1268 sit
605 1214 795 1270 calida.
825 1215 940 1269 Etsi
989 1232 1117 1271 vero
1171 1232 1309 1285 aqua
1356 1232 1477 1286 quae
1521 1217 1700 1271 adhuc
1740 1217 1962 1283 calent,

393 1303 512 1372 ipsa
561 1320 779 1374 quoque
830 1307 1118 1384 calefacit;
1174 1317 1356 1362 tamen
1404 1315 1676 1377 quatenus
1726 1307 1963 1376 amplius

395 1396 628 1451 calefieri
662 1406 877 1467 potest,
909 1409 1133 1455 eatenus
1163 1400 1338 1454 calelit
1362 1440 1379 1466 ,
1411 1414 1533 1455 cum
1565 1399 1806 1469 potentia
1828 1442 1843 1465 ,
1874 1415 1963 1453 ca-

395 1487 506 1542 lida
547 1488 621 1545 sit
662 1491 841 1546 adhuc
871 1506 966 1560 per
996 1507 1076 1546 se.
1112 1474 1394 1557 Quatenus
1433 1499 1614 1544 autem
1650 1488 1851 1543 caloris
1881 1499 1965 1542 est

397 1581 688 1651 particeps,
719 1591 948 1637 eatenus
978 1580 1248 1649 calefacit,
1283 1591 1343 1637 ut
1377 1597 1498 1650 quae
1527 1592 1649 1637 actu
1687 1580 1860 1637 calida
1890 1582 1965 1635 sit

2065 569 2254 634 νάμει.
2314 563 2542 618 ἀλλ’ὅτι
2595 560 2927 631 ἐνεργεῖται.
2980 555 3055 611 Τὸ
3104 555 3214 624 γάρ
3263 550 3517 621 ἐνεργείᾳ
3574 550 3637 601 δν

2065 661 2244 712 ἐκεῖνο
2302 656 2528 710 δύναται
2591 654 2877 721 ἐνεργεῖν,
2928 647 3064 702 καθὸ
3138 644 3390 715 ἐνεργείᾳ
3446 640 3634 695 ἐστίν·

2064 749 2253 817 ὥσπερ
2291 748 2353 800 τὸ
2397 746 2509 816 πῦρ
2561 743 2867 814 θερμαίνει,
2901 738 3102 808 θερμὸν
3151 736 3210 790 ὃν
3259 734 3532 803 ἐνεργείᾳ.
3561 729 3637 781 Τὸ

2061 842 2117 895 δέ
2147 842 2394 910 δυνάμει,
2427 837 2560 891 καθὸ
2590 836 2820 903 δυνάμει
2856 835 3080 901 πάσχει,
3112 830 3213 883 οὒκ
3246 829 3483 895 ἐνεργεῖ⁸
3529 838 3636 875 καθ

2065 933 2172 995 θὼς
2205 933 2263 985 τὸ
2295 928 2439 1001 ὕδωρ
2467 929 2843 1000 θερμαίνεται,
2870 926 3096 994 δυνάμει
3118 925 3385 991 τυγχάνον
3410 915 3635 986 θερμὸν.

2065 1025 2127 1077 Εἰ
2165 1024 2221 1077 δὲ
2263 1022 2403 1089 (καὶ)
2438 1018 2874 1089 θερμαινόμενον
2924 1017 3004 1068 ἐτι
3051 1015 3112 1066 τὸ
3155 1013 3297 1078 ὓδωρ
3352 1005 3639 1075 θερμαίνει

2066 1118 2159 1171 καὶ
2191 1114 2343 1179 αὐτὸ,
2400 1114 2537 1167 eam
2595 1109 2720 1163 καθ’
2755 1109 2784 1162 ὃ
2820 1108 2918 1179 μὲν
2956 1105 3216 1160 ἐπιπλέον
3241 1103 3466 1154 δύναται
3506 1096 3639 1162 θερ-

2068 1210 2363 1280 μανθῆναι,
2400 1207 2542 1262 κατὰ
2594 1203 2754 1258 τοῦτο
2783 1202 3164 1271 θερμαίνεται·
3199 1195 3432 1261 δυνάμει
3460 1187 3523 1242 ὃν
3560 1188 3641 1238 ἔτι

2076 1302 2281 1374 θερμὸν
2321 1301 2440 1353 κατ’
2475 1298 2632 1352 αὐτό’
2661 1296 2784 1348 καθ’
2815 1295 2921 1349 ὅδὲ
2975 1293 3199 1363 μετέχει
3264 1287 3642 1374 θερμότητοςᾴτ

2074 1369 2218 1450 κατά
2268 1395 2427 1447 τοῦτο
2480 1390 2797 1462 θερμαίνει,
2858 1386 3113 1455 ἐνεργείᾳ
3164 1380 3225 1435 ὃν
3276 1376 3481 1447 θερμὸν
3514 1369 3644 1423 καθ’

2072 1489 2225 1543 αὐτό.
2270 1488 2464 1542 Τοίνυν
2508 1487 2543 1556 ἠ
2576 1484 2790 1553 κίνησις
2815 1478 3100 1549 παθητική
3148 1487 3230 1538 τις
3263 1475 3514 1542 ἐνέργεια
3549 1462 3643 1517 τοῦ

2074 1580 2300 1649 δυνάμει
2348 1578 2701 1648 γινώσκεται.

396 1687 493 1743 per
539 1688 617 1728 se.
664 1673 1007 1745 Quapropter
1042 1687 1227 1730 motus
1269 1676 1390 1743 ejus
1459 1676 1605 1744 quod
1657 1685 1740 1729 est
1805 1674 2047 1755 potentia
2082 1675 2332 1743 passivus
2369 1672 2589 1743 quidam
2630 1679 2788 1725 actus
2824 1668 3196 1738 cognoscitur.

477 1771 533 1825 5.
572 1769 1023 1837 Quandoquidem
1049 1770 1194 1824 enim
1227 1769 1488 1840 quidquid
1525 1770 1630 1825 sub
1658 1768 1967 1838 generatio-

2144 1773 2215 1837 γ’.
2250 1769 2360 1822 Καὶ
2384 1767 2492 1836 γάρ
2527 1765 2760 1835 ἐπείπερ
2788 1763 2846 1829 ἐξ
2873 1764 3003 1832 ὕλης
3023 1764 3116 1815 καὶ
3142 1761 3315 1820 είδους
3345 1759 3649 1825 συνέστηκε
3716 1784 3721 1789 -

401 1879 526 1945 nem
569 1863 756 1928 cadit,
791 1879 858 1917 ex
895 1862 1121 1918 materia
1174 1872 1227 1916 et
1276 1862 1452 1916 forma
1503 1870 1760 1928 constat;
1809 1861 1970 1915 habet

2106 1862 2180 1914 ῶν
2213 1861 2315 1914 ὑπὸ
2348 1861 2562 1927 γένεσιν
2604 1857 2860 1918 ἕκαστον,
2893 1854 3005 1925 ἔχει
3040 1852 3152 1922 γάρ
3197 1851 3258 1903 τὸ
3288 1850 3519 1917 δυνάμει
3553 1849 3648 1900 καὶ

400 1958 564 2013 etiam
597 1956 838 2026 potentia
881 1966 929 2010 et
975 1967 1099 2010 actu
1137 1971 1296 2022 esse,
1344 1955 1634 2024 ipsumque
1676 1954 1880 2007 moveri
1922 1963 1977 2007 et

404 2064 643 2112 movere,
680 2049 827 2118 quod
866 2048 1092 2115 perinde
1121 2059 1205 2102 est
1238 2063 1301 2102 ac
1337 2047 1382 2103 si
1416 2048 1590 2111 dicas,
1635 2048 1743 2117 pati
1776 2060 1829 2101 et
1860 2046 1975 2100 effi-

402 2158 550 2199 cere.
581 2141 645 2196 Et
675 2140 853 2210 quoad
895 2138 1124 2197 formam
1160 2141 1406 2208 quidem.
1446 2140 1623 2209 ipsum
1658 2148 1782 2192 actu
1815 2154 1972 2204 esse;

405 2232 587 2305 quoad
624 2249 751 2288 vero
782 2232 1067 2286 materiam
1092 2271 1108 2295 ,
1143 2232 1319 2301 ipsum
1355 2231 1595 2305 pctentia
1626 2246 1747 2286 esse
1789 2230 1974 2285 habet.

407 2324 476 2379 Et
506 2324 730 2394 quidem
764 2326 830 2378 ad
858 2334 981 2378 actu
1016 2339 1139 2378 esse
1175 2325 1410 2393 pertinet
1440 2303 1623 2393 agere,
1654 2334 1709 2376 et
1737 2336 1975 2386 movero,

404 2427 460 2473 et
489 2416 751 2484 efﬁcere;
797 2416 862 2470 ad
897 2416 1139 2484 potentia
1176 2432 1302 2471 vero
1349 2432 1471 2471 esse
1516 2413 1770 2487 [spectat]
1807 2415 1888 2484 agi
1928 2424 1981 2470 et

410 2507 616 2561 moveri
645 2519 699 2561 et
732 2507 864 2574 pati.
892 2506 1047 2562 Unde
1079 2507 1156 2572 fit,
1188 2522 1312 2561 eum
1351 2516 1531 2560 motus
1563 2507 1684 2575 ejus
1714 2507 1858 2574 quod
1889 2522 1981 2574 po-

410 2601 582 2655 tentia
610 2610 730 2666 est,
762 2607 918 2655 actus
948 2614 1070 2654 esse
1099 2599 1335 2663 dicatur,
1372 2608 1427 2652 ut
1458 2601 1643 2667 passio
1675 2600 1741 2653 sit
1781 2599 1979 2666 potius.

409 2692 684 2747 Fortassis
715 2701 896 2746 autent
923 2693 1084 2747 etiam
1118 2693 1320 2746 idcirco
1349 2702 1505 2745 actus
1526 2692 1634 2764 [ιο
1659 2692 1764 2746 dici
1795 2700 1981 2760 queat,

410 2787 536 2854 quia
569 2785 711 2856 quod
758 2794 1043 2848 movetur,
1085 2801 1113 2837 a
1165 2796 1363 2837 natura
1397 2784 1497 2836 sibi
1544 2784 1703 2837 insita
1739 2786 1984 2852 proxime

412 2878 614 2944 habet,
670 2886 725 2930 ut
771 2892 867 2946 pro
914 2893 1011 2931 sua
1054 2877 1359 2945 aptitudine
1402 2885 1724 2941 moveatur;
1765 2874 1980 2930 tametsi

413 2972 649 3040 primum
673 2970 1000 3040 principium
1033 2980 1211 3023 motus
1237 2969 1320 3022 sui
1351 2955 1701 3023 extrinsacns
1727 2967 1981 3038 accipiat.

414 3064 640 3133 l’roprie
671 3079 796 3118 vero
822 3062 1087 3131 quidquid
1122 3073 1368 3116 movetur
1397 3103 1411 3123 .
1440 3063 1666 3130 patitur,
1709 3079 1818 3115 non
1853 3065 1982 3131 agit.

414 3155 569 3221 Quod
605 3170 712 3209 non
747 3156 969 3224 patitur,
1003 3170 1103 3208 nec
1148 3164 1397 3208 movetur
1427 3155 1590 3207 etiam
1641 3173 1654 3208 :
1700 3165 1983 3223 propterea

2080 1956 2140 2007 τὸ
2166 1955 2419 2023 ἐνεργείᾳ
2456 1952 2553 2004 καὶ
2593 1952 2652 2004 τὸ
2682 1947 2956 2021 κινεῖσθαι
2987 1947 3078 1999 καὶ
3119 1945 3180 1997 τὸ
3217 1945 3414 2006 κινεῖν,
3450 1940 3650 1994 ταυτὸν

2078 2045 2123 2098 δ’
2146 2046 2343 2106 εἰπεῖν,
2374 2044 2605 2112 πάσχειν
2650 2057 2707 2093 τε
2763 2039 2858 2092 καὶ
2896 2038 3092 2091 ποιεῖν.
3128 2035 3238 2088 Καὶ
3281 2034 3423 2087 κατὰ
3463 2032 3564 2099 μὲν
3590 2029 3650 2081 τὸ

2081 2133 2217 2200 εἶδος
2258 2137 2374 2207 ἔχει
2406 2135 2465 2187 τὸ
2518 2134 2793 2203 ἐνεργείᾳ,
2839 2128 2982 2183 κατὰ
3035 2129 3092 2180 δέ
3137 2127 3238 2196 τὴν
3286 2125 3419 2193 ὓλην
3464 2122 3525 2175 τὸ
3557 2121 3654 2174 δυ-

2081 2234 2265 2301 νάμει.
2315 2232 2422 2283 Καὶ
2452 2228 2548 2282 τοῦ
2605 2230 2705 2295 μὲν
2734 2226 2987 2297 ἐνεργείᾳ
3032 2224 3150 2275 ἐστὶ
3184 2221 3245 2274 τὸ
3289 2220 3532 2289 ἐνεργεῖν
3558 2216 3653 2269 καὶ

2082 2328 2253 2380 κινεῖν
2314 2324 2410 2376 καὶ
2462 2322 2637 2376 ποιεῖν
2660 2336 2677 2352 θ
2711 2319 2806 2372 τοῦ
2841 2318 3083 2385 δυνάμει
3117 2315 3174 2368 δέ
3206 2314 3269 2367 τὸ
3301 2308 3654 2383 ἐνεργεῖσθαι

2082 2421 2177 2473 καὶ
2207 2418 2475 2472 κινεῖσθαι
2525 2416 2620 2469 καὶ
2651 2415 2902 2482 πάσχειν.
2938 2410 3104 2465 Ὅθεν
3134 2409 3166 2479 ἡ
3209 2407 3457 2475 κίνησις,
3493 2405 3652 2474 ἐνέρ-

2082 2529 2208 2580 γεια
2253 2503 2347 2565 τοῦ
2398 2511 2629 2578 δυνάμει
2690 2504 2985 2577 λεγομένη,
3032 2501 3206 2563 πάθος
3240 2498 3443 2570 μᾶλλόν
3476 2498 3653 2550 ἐστιν.

2098 2602 2379 2670 Ἐνέργεια
2422 2600 2478 2652 δὲ
2529 2596 2726 2665 λέγοιτ’
2759 2596 2826 2649 ἂν
2877 2595 3047 2658 ἴσως,
3081 2592 3177 2645 καὶ
3217 2591 3353 2643 διότι
3390 2588 3451 2640 τὸ
3479 2586 3661 2639 κινού-

2091 2711 2249 2763 μενον
2282 2691 2386 2744 ὑπ’)
2422 2693 2521 2761 τῆς
2562 2691 2619 2742 ἐν
2653 2687 2801 2755 αὑτῷ
2837 2686 3052 2753 φύσεως
3112 2685 3223 2753 ἔχει
3267 2679 3557 2751 προσεχῶς
3598 2679 3659 2729 τὸ

2090 2781 2379 2842 κινεῖσθαι,
2412 2778 2554 2831 κατά
2586 2777 2684 2846 τὴν
2723 2777 2934 2830 οἰκείαν
2957 2772 3394 2841 ἐπιτηδειότητα,
3426 2767 3532 2822 κᾶν
3561 2766 3660 2837 τὴν

2091 2874 2315 2943 πρώτην
2360 2872 2454 2926 τοῦ
2487 2870 2754 2925 κινεῖσθαι
2796 2869 2972 2941 ἀρχὴν
3002 2867 3203 2931 ἔξωθεν
3221 2864 3512 2934 λαμϐάνοι.
3546 2863 3659 2915 Κυ-

2092 2966 2221 3034 ρίω;
2265 2963 2320 3016 δὲ
2350 2964 2459 3016 πᾶν
2486 2963 2546 3013 τὸ
2580 2959 2922 3029 κινούμενον,
2960 2957 3098 3010 καθὸ
3132 2957 3389 3016 κινεῖται,
3422 2954 3650 3021 πάσχει,

2089 3059 2189 3112 οὑκ
2216 3058 2447 3126 ἐνεργεῖ.
2488 3054 2553 3107 Ὃ
2582 3053 2635 3106 δὲ
2678 3052 2752 3121 μὴ
2784 3054 3006 3119 πάσχει,
3042 3048 3165 3101 οὐδὲ
3216 3048 3471 3099 κινεῖται.
3515 3045 3659 3097 Διδτι

2092 3153 2151 3201 τὸ
2193 3150 2292 3217 μέν
2335 3146 2566 3215 δυνάμει
2609 3145 2746 3198 καθὸ
2795 3142 3025 3208 δυνάμει
3058 3141 3291 3192 κινεῖται
3332 3135 3657 3205 μεταϐαῖνον

342 3298 351 3307 .
415 3249 556 3317 quod
608 3249 658 3302 id
705 3249 847 3317 quod
899 3250 1140 3318 potentia
1187 3255 1271 3302 est
1319 3257 1589 3316 quatenus
1628 3248 1866 3313 potentia
1902 3255 1987 3298 est

2101 3244 2184 3296 ιτιι
2212 3242 2271 3294 τὸ
2322 3240 2597 3310 ἐνεργείᾳο
2633 3238 2728 3291 καὶ
2761 3237 2793 3306 ἡ
2843 3236 3060 3301 κίνησις
3100 3232 3218 3291 ὁδός
3264 3231 3347 3292 τίς
3379 3231 3530 3279 ἐστιν
3557 3225 3665 3279 ἀπὸ

417 3353 667 3396 movetur
697 3343 762 3395 ad
810 3341 864 3396 id
908 3343 1048 3409 quod
1094 3349 1215 3393 actu
1260 3350 1343 3393 est
1378 3341 1731 3393 transeun-lo.
1785 3338 1988 3406 Εςιιιεςε

416 3445 597 3489 motus
644 3434 728 3487 via
772 3433 1018 3502 quaedam
1048 3434 1115 3486 ab
1148 3448 1270 3487 esse
1305 3432 1548 3501 potentia
1597 3432 1662 3484 ad
1708 3440 1829 3485 actu
1871 3446 1991 3484 esse

418 3524 780 3579 transferens.
832 3523 985 3589 Quod
1034 3535 1211 3577 autent
1256 3533 1380 3577 actu
1419 3532 1544 3588 est,
1593 3534 1861 3592 quatenus
1911 3528 1992 3575 est

417 3625 566 3681 actu,
597 3626 777 3670 motus
809 3630 1004 3684 expers
1039 3623 1242 3668 ntanet.

492 3708 545 3761 4.
587 3706 754 3761 Porro
786 3708 928 3776 quod
963 3718 1044 3761 εει
1076 3710 1339 3776 potentia,
1375 3715 1457 3760 est
1485 3706 1535 3758 id
1564 3704 1710 3773 quod
1738 3710 1915 3772 polﬂsl
1944 3710 1997 3756 et

424 3804 496 3853 ita
552 3812 744 3854 natura
796 3810 1170 3869 comparatum
1223 3808 1345 3862 est.
1397 3808 1455 3852 ut
1503 3799 1615 3851 ﬁeri
1669 3797 1839 3864 possit
1898 3797 2000 3850 hoc

423 3896 566 3961 quod
601 3894 843 3962 po'enlia
877 3892 1079 3947 dicitur
1115 3910 1127 3945 :
1160 3890 1302 3959 quod
1337 3902 1517 3945 autem
1550 3904 1633 3944 est
1666 3900 1825 3953 actu,
1867 3889 1997 3942 illud

424 3998 508 4043 est
545 3987 688 4053 quod
718 3985 827 4054 jam
863 3984 916 4037 id
949 3993 1054 4046 est,
1091 3984 1233 4052 quod
1272 3992 1395 4036 actu
1429 3984 1652 4037 dicitur.

501 4080 553 4134 5.
601 4079 844 4147 Exempli
887 4079 1060 4146 gratia
1100 4095 1113 4132 :
1147 4076 1513 4131 scholasticus
1551 4074 1871 4139 Zosimion,
1907 4073 2000 4143 qui
2040 4134 2049 4143 ,

427 4188 550 4228 cum
595 4172 755 4225 albus
791 4180 976 4234 esset,
1023 4185 1050 4222 a
1086 4170 1349 4223 diuturno
1386 4168 1581 4222 morbo
1628 4167 1783 4235 niger
1832 4168 2009 4220 factus

427 4275 544 4331 est,
604 4267 756 4332 prius
799 4274 923 4318 actu
964 4264 1123 4317 albus
1169 4271 1324 4321 erat.
1367 4264 1522 4331 niger
1553 4275 1682 4314 vero
1729 4260 2006 4329 potentia,

430 4358 874 4428 quandoquidem
914 4358 1068 4423 niger
1103 4354 1216 4409 lieri
1252 4353 1788 4423 poterat.Quatenus
1848 4353 2012 4420 igitur

430 4453 588 4505 albus
634 4460 782 4512 erat,
834 4448 1035 4502 iuoveri
1083 4462 1190 4502 non
1228 4444 1556 4513 dicebatur;
1594 4454 1869 4516 quatenus
1908 4459 2009 4496 au-

430 4554 538 4598 tem
579 4545 764 4612 niger,
799 4544 1070 4612 siquidem
1108 4541 1352 4609 potentia
1389 4540 1440 4594 id
1477 4547 1630 4603 erat,
1663 4554 1789 4592 cum
1829 4537 2013 4602 nigre—

2092 3333 2185 3385 τοῦ
2219 3333 2446 3398 δυνάμει
2469 3333 2559 3384 ἐπὶ
2588 3328 2647 3380 τὸ
2665 3328 2913 3397 ἐνεργείᾳ
2935 3322 3349 3386 διαὸιϐάξουσα·
3381 3320 3442 3373 τὸ
3465 3317 3669 3389 δ’ἐνερ-

2095 3425 2221 3497 γείᾳ
2252 3424 2385 3478 καθὸ
2421 3425 2675 3493 ἐνεργείᾳ
2718 3422 2867 3490 μένει
2890 3418 3148 3488 ἀκίνητον

2170 3696 2234 3752 δ’,
2272 3693 2511 3760 Δυνάμει
2548 3691 2646 3760 μὲν
2679 3684 2779 3743 οὖν
2811 3691 2959 3741 ἐστιν
3010 3687 3037 3741 ὃ
3070 3687 3299 3739 δύναται
3331 3684 3428 3736 καὶ
3460 3680 3672 3747 πέφυκε

2099 3787 2357 3855 γενέσθαι
2395 3784 2575 3844 τοῦτο,
2627 3782 2655 3834 ὃ
2697 3781 2918 3849 λέγεται
2954 3778 3206 3846 δυνάμει’
3244 3774 3500 3845 ἐνεργείᾳ
3529 3772 3607 3835 δέ,
3646 3768 3675 3822 δ

2103 3880 2202 3951 ἤδη
2253 3878 2371 3932 ἐστὶ
2398 3875 2580 3941 τοῦτο,
2612 3873 2641 3928 ὃ
2678 3874 2897 3942 λέγεται
2931 3870 3229 3953 ἐνεργείᾳη

2178 4064 2238 4118 ε’.
2277 4060 2403 4116 υἷον
2460 4062 2487 4114 δ
2539 4056 2892 4131 σχολαστικὸς
2921 4051 3235 4120 Ζωτιμίων,
3279 4049 3338 4111 ὃς
3378 4046 3570 4108 λευκὸς
3607 4042 3679 4096 ὢν

2111 4159 2217 4212 ὑπὸ
2253 4156 2562 4226 νοσήματος
2588 4151 2860 4221 ἐμελάνθη
2887 4147 3126 4217 χρονίου,
3154 4143 3418 4215 πρότερον
3438 4135 3507 4207 ἦν
3539 4140 3682 4205 ἐνερ-

2110 4252 2236 4323 γείᾳ
2273 4248 2468 4310 λευκός
2495 4263 2509 4276 ·
2543 4246 2772 4312 δυνάμει
2817 4245 2873 4297 δὲ
2921 4242 3110 4311 μέλας,
3165 4238 3399 4303 ἐπείπερ
3448 4232 3681 4303 ἠδύνατο

2111 4344 2372 4414 γενέσθαι
2415 4342 2602 4409 μέλας.
2634 4337 2788 4392 Καθὸ
2823 4337 2921 4406 μὲν
2952 4329 3047 4388 οὖν
3090 4330 3306 4392 λευκὸς,
3342 4328 3442 4380 οὐκ
3478 4325 3546 4380 ἂν
3574 4324 3684 4376 ἐλέ-

2114 4454 2245 4505 γετο
2299 4434 2568 4487 κινεῖσθαι
2594 4448 2610 4463 ·
2641 4429 2777 4483 καθὸ
2812 4428 2867 4481 δὲ
2925 4427 3117 4498 μέλας,
3179 4423 3414 4489 ἐπείπερ
3458 4418 3688 4485 δυνάμει

2120 4529 2421 4597 ἐτύγχανεν
2451 4567 2465 4585 .
2516 4525 2592 4577 ὅτ’
2650 4522 2856 4593 ἤρξατο
2915 4515 3265 4589 μελαίνεσθαι
3300 4513 3395 4567 καὶ
3434 4510 3543 4564 ἀπὸ
3593 4506 3684 4561 τοῦ

430 4639 612 4690 dinem
648 4637 975 4689 contrahere
1002 4636 1192 4703 erepit,
1230 4644 1394 4702 atque
1429 4632 1498 4686 ab
1536 4647 1602 4687 eo
1641 4634 1785 4700 quod
1820 4639 1989 4698 poten-

2115 4619 2346 4687 δυνάμει
2403 4614 2573 4685 μέλας
2631 4615 2709 4675 είς
2767 4611 2827 4663 τὸ
2884 4607 3138 4677 ἐνεργείᾳ
3196 4605 3363 4675 μέλας
3426 4600 3686 4670 γενέσθαι

434 4732 509 4784 tia
545 4732 700 4800 niger
729 4737 883 4788 erat.
931 4727 996 4781 ad
1043 4727 1096 4781 id
1141 4735 1200 4780 ut
1236 4736 1358 4781 actu
1397 4725 1552 4792 niger
1591 4724 1747 4778 ﬂeret
1777 4722 2010 4779 adduce-

435 4808 629 4891 batur;
665 4834 777 4876 lum
820 4821 885 4875 ad
923 4820 1262 4889 nigredinem
1297 4822 1500 4872 moveri
1540 4817 1843 4870 dicebatur.
1902 4813 2005 4885 41

439 4915 619 4979 Atque
663 4915 753 4967 illa
794 4910 1100 4977 nigredinis
1135 4907 1466 4971 contractio,
1499 4916 1677 4960 motus
1706 4918 2010 4973 eram-rium.

435 4989 594 5061 aetiis
624 5014 743 5060 erat
775 5002 1108 5057 Zosimionis
1141 4999 1381 5069 potentia
1430 4998 1606 5065 nigri,
1644 5004 1910 5065 quantum
1943 4995 2010 5048 ad

438 5099 737 5170 potentiam
784 5097 1011 5159 attinet,
1061 5095 1164 5147 hoc
1204 5101 1319 5153 est,
1355 5100 1626 5160 quatenus
1674 5091 1748 5141 ita
1795 5103 2015 5156 compa-

441 5203 593 5245 ratus
618 5202 756 5249 erat.
786 5197 845 5242 ut
871 5190 1023 5256 niger
1056 5182 1170 5238 tieri
1206 5192 1410 5252 posset.
1440 5183 1800 5249 Posteaquam
1834 5189 2015 5233 autem

440 5284 599 5350 niger
630 5281 804 5334 {artus
835 5289 914 5334 est
940 5316 956 5337 .
998 5290 1105 5330 non
1133 5274 1247 5344 jam
1280 5284 1543 5341 quantum
1578 5271 1642 5326 ad
1681 5269 2015 5340 nigredinrm

424 5374 661 5448 iattinet,
696 5373 1038 5431 movebatur,
1070 5366 1167 5420 sed
1199 5365 1255 5419 in
1289 5363 1577 5434 nigredine
1606 5364 1873 5417 constitit.
1909 5360 2018 5413 Eo-

444 5467 567 5520 dem
613 5465 778 5533 igitur
809 5462 975 5517 etiam
1021 5459 1183 5512 modo
1217 5472 1377 5510 omne
1411 5455 1556 5526 quod
1604 5466 1733 5513 actu
1759 5464 1835 5508 εει
1860 5492 1874 5517 ,
1911 5467 2017 5505 non

448 5569 720 5619 movetur,
752 5564 1026 5623 quatenus
1057 5560 1182 5605 actu
1214 5556 1320 5604 est.

519 5650 575 5704 6.
606 5647 711 5702 Sed
750 5658 926 5712 neque
957 5641 1164 5695 moveri
1218 5638 1425 5709 aliquid
1479 5638 1705 5705 dicitur,
1747 5646 2022 5704 quatenus

448 5740 690 5812 pmentia
719 5744 823 5801 est,
858 5733 988 5788 dum
1018 5734 1070 5786 in
1104 5733 1345 5802 potentia
1369 5736 1581 5783 tantum
1628 5738 1808 5782 manet
1833 5737 1885 5781 et
1910 5727 2025 5781 sola

457 5830 759 5905 aptitudine
794 5827 1141 5899 cognoscitur
1169 5844 1191 5897 :_
1222 5838 1411 5880 verum
1449 5820 1668 5893 quando
1716 5837 1743 5875 a
1782 5820 2022 5892 potentia

2121 4711 2417 4780 προήγετο,
2450 4703 2561 4758 τότ’
2596 4704 2661 4757 ἂν
2686 4702 2778 4755 ἐπὶ
2829 4701 2889 4754 τὸ
2921 4699 3090 4768 μέλαν
3142 4697 3365 4762 ἐλέγετο
3394 4690 3685 4744 κινεῖσθαι.

2120 4803 2233 4858 Καὶ
2262 4799 2328 4873 ἦν
2357 4803 2391 4872 ἡ
2428 4798 2684 4868 μέλανσις
2719 4794 2958 4862 κίνησις,
2997 4792 3250 4858 ἐνέργεια
3277 4785 3410 4839 οὖσα
3459 4781 3553 4835 τοῦ
3601 4781 3690 4832 δυ-

2122 4899 2285 4966 νάμει
2325 4893 2555 4965 μέλανος
2597 4888 2970 4952 Ζωσιμίωνος,
3002 4884 3145 4936 κατὰ
3173 4880 3235 4934 τὸ
3258 4880 3513 4948 δυνάμει,
3541 4888 3692 4927 τουτ-

2125 4993 2241 5046 έστι
2277 4986 2416 5042 καθὸ
2462 4983 2726 5049 ἐπεφύκει
2758 4979 3016 5048 γενέσθαι
3069 4976 3254 5043 μέλας.
3292 4975 3422 5026 Ὀτε
3460 4970 3505 5023 δ’
3543 4971 3694 5037 ἐνερ-

2125 5082 2251 5152 γείᾳ
2290 5082 2484 5148 γέγονε
2526 5076 2731 5141 μέλας,
2771 5072 2957 5125 οὐκέτι
3001 5068 3144 5122 κατὰ
3186 5066 3249 5118 τὸ
3309 5064 3479 5134 μέλαν
3512 5058 3695 5114 κινού·

2128 5192 2288 5247 μενος
2338 5169 2406 5243 ἦν
2435 5186 2452 5204 ο
2482 5168 2597 5225 ἀλλ’
2651 5167 2887 5235 ἕστηκεν
2918 5165 2976 5217 ἐν
3018 5162 3095 5229 τῷ
3130 5158 3343 5227 μέλανι.
3389 5155 3496 5210 Τὸν
3531 5152 3690 5207 αὐτὸν

2126 5243 2329 5335 τρόπον
2358 5262 2493 5333 (οὖν)
2523 5263 2616 5314 καὶ
2668 5259 2777 5313 πᾶν
2812 5254 3063 5326 ἐνεργείᾳ
3096 5251 3178 5316 ὃν,
3211 5252 3271 5303 οὐ
3303 5250 3533 5303 κινεῖται
3562 5243 3691 5299 καθό

2123 5362 2275 5414 ἐστιν
2308 5355 2582 5427 ἐνεργείᾳ.

2206 5634 2281 5691 ς’.
2327 5623 2468 5680 Ἀλλ’
2493 5622 2612 5678 οὐδέ
2661 5620 2796 5675 καθὸ
2827 5618 3057 5687 δυνάμει
3101 5608 3298 5682 λέγοιτ’
3329 5608 3395 5663 ἄν
3449 5623 3501 5658 τι
3533 5603 3693 5657 κινεῖο

2138 5725 2285 5788 σθαι,
2325 5720 2486 5791 μένον
2520 5716 2753 5786 δυνάμει
2792 5712 2969 5784 μόνως
3000 5709 3096 5763 καὶ
3134 5707 3269 5776 μόνῃ
3299 5698 3695 5769 ἐπιτηδειότητι

2138 5812 2568 5886 γνωριζόμεναι.
2615 5806 2757 5862 Ἀλλ’
2785 5807 2914 5860 ὅταν
2967 5801 3074 5856 ἀπὸ
3130 5795 3225 5851 τοῦ
3260 5793 3488 5862 δυνάμει
3538 5800 3698 5856 μετα-
