3856 6358
218 268 243 329 1
257 269 360 332 1333

1458 255 1742 319 EI’ITOM
1760 258 1808 318 Ε
1838 254 2179 319 ΡΗΥΞΙΕΛ.

3310 251 3448 321 105i.

213 374 387 444 ὕιὶλλῃ
417 370 476 425 τὸ
507 364 759 440 ὲνεργείᾳ
793 366 953 440 μένον
990 367 1072 422 ἔτι
1100 362 1350 439 δυνάμει,
1393 368 1515 421 τότε
1550 368 1770 436 λέγεται

1908 386 1993 425 sse
2023 373 2088 425 ad
2117 383 2237 425 artu
2268 386 2389 426 esse
2415 378 2685 434 movetur.
2717 387 2843 427 cum
2866 368 3095 427 interim
3116 369 3289 425 u-lliuo
3326 387 3449 424 esse

219 464 513 520 κινεῖσθαι.
546 464 647 516 Διά
690 480 771 515 τοι
805 460 966 515 τοῦτο
1004 460 1331 530 πρόσκειται
1384 458 1464 529 τῷ
1491 461 1591 527 τῆς
1622 459 1768 527 κινήε

218 574 355 613 σεω;
383 554 598 625 ὁρισμῷ
627 554 689 606 τὸ
784 550 1047 613 τοιοῦτον,
1079 554 1250 622 ἦγουν
1282 550 1342 603 τὸ
1377 551 1512 603 καθὸ
1551 549 1779 618 δυνάμει

218 648 389 701 ἐστιν·
421 648 507 699 ἵνα
536 647 642 699 κᾶν
673 647 752 715 τῷ
786 642 1140 713 ὑποκειμένῳ
1166 642 1366 695 ταυτὸν
1458 641 1521 694 τὸ
1549 641 1780 711 δυνάμει

218 740 405 794 καὶτὸ
462 738 730 810 ἆνεργείῳ
767 736 910 790 κατά
954 734 1017 789 τὸ
1055 735 1282 804 δυνάμει
1314 734 1577 803 γινομένη
1620 734 1654 801 ἡ
1696 732 1781 786 κί-

1880 462 2113 528 potentia
2141 471 2376 524 maneat,
2398 470 2509 514 tum
2539 461 2740 516 moveri
2773 461 2972 516 dicitur
2991 499 3005 514 .
3031 463 3320 528 Pmpterea
3353 462 3448 513 de-

1882 549 2116 620 finitioni
2142 562 2321 606 motus
2345 552 2614 619 adjectum
2649 563 2751 615 est,
2778 562 3047 621 quatenus
3074 554 3180 607 tale
3208 561 3311 617 est,
3348 553 3451 606 hoe

1880 653 1984 707 est,
2025 654 2293 713 quatenus
2326 644 2563 713 potentia
2621 656 2745 711 est;
2798 655 2877 710 ut,
2933 645 3146 699 tametsi
3201 645 3452 712 subjecto

1883 736 2022 789 idem
2052 736 2183 801 sint,
2216 736 2360 806 quod
2386 737 2623 803 polentia
2662 744 2715 790 et
2741 746 2862 791 actu
2890 747 2969 791 est
2996 753 3013 805 ;
3045 747 3226 792 motus
3267 748 3451 790 tamen

214 848 369 900 νησις
402 829 659 898 θεωροίτο
691 846 703 860 ⁸
768 827 864 881 καὶ
920 828 1025 890 ἕως
1083 827 1149 880 ἂν
1190 827 1271 879 ἔτι
1312 826 1686 897 περισώζηται
1724 825 1785 878 τδ

1908 827 2059 896 μιοοιί
2090 844 2210 886 esse
2240 828 2480 897 potentia
2530 827 3140 892 factus'monsideretur.
3195 838 3249 883 et
3279 845 3453 898 quau.

214 924 465 989 δυνάμει.
498 921 702 974 Τούτου
753 922 863 989 γὰρ
920 918 1116 981 τελέως
1157 918 1531 988 ἀπολουμένου
1565 917 1785 985 κίνησις

216 1016 315 1066 οὐκ
339 1014 474 1066 ἔστι.
522 1013 593 1065 Τὸ
622 1012 730 1080 γὰρ
754 1012 1010 1083 ἐνεργείᾳ
1038 1009 1336 1079 γενόμενον
1354 1010 1592 1083 ,καθόσον
1630 1010 1784 1080 ἰενερ⁶

215 1108 366 1176 γείᾳ,
392 1106 491 1156 οὐκ
519 1106 577 1158 ὲν
607 1103 1026 1171 κινήσειιὲστίν·
1065 1103 1123 1155 ἐν
1164 1101 1353 1155 στάσει
1396 1101 1453 1154 δὲ
1495 1102 1589 1154 καὶ
1623 1103 1783 1171 μονῇ.

218 1199 338 1250 Κάν
376 1196 553 1263 τούτῳ
597 1196 630 1264 ἡ
676 1196 897 1265 κίνησις
933 1193 1184 1264 διαφέροι
1217 1192 1285 1246 ἂν
1317 1193 1413 1246 τοῦ
1445 1192 1699 1263 ἐνεργείᾳ
1725 1209 1786 1246 τε

217 1290 315 1340 καὶ
359 1289 461 1356 τῆς
525 1287 739 1349 τελείας
790 1285 1113 1356 ἐνεργείας*
1157 1285 1240 1338 ὅτι
1294 1285 1390 1338 ἐπὶ
1435 1285 1532 1355 μὲν
1580 1284 1790 1337 τούτων

218 1385 489 1453 ἔφθαρται
517 1382 577 1434 τὸ
626 1383 879 1451 δυνάμειο
911 1383 1005 1435 ἐπὶ
1032 1381 1088 1435 δδ
1118 1382 1217 1450 τῆς
1250 1386 1521 1451 κινήσεως
1545 1422 1563 1448 ,
1604 1382 1789 1451 μένον-

217 1495 308 1538 τος
361 1475 456 1528 τοῦ
503 1476 732 1544 δυνάμει
783 1475 881 1545 τῆς
940 1476 1213 1545 κινήσεως
1258 1476 1592 1529 ἐπιτελεῖται
1638 1474 1793 1544 ἐνέρ-

219 1582 367 1634 γεια.

293 1658 354 1721 ζ’.
401 1655 571 1709 Πάλιν
621 1652 833 1725 κίνησίς
884 1654 1034 1706 ἔστιν
1064 1650 1368 1721 ἐντελέχεια
1415 1634 1510 1703 του
1565 1649 1789 1718 κινητοῦ

215 1745 251 1826 ᾖ
300 1750 541 1819 κινητὸν,
572 1745 741 1819 ἤγουν
767 1745 1026 1815 ἐνέργεια
1061 1744 1337 1812 παθητικὴ
1365 1743 1458 1795 τοῦ
1487 1743 1789 1811 δυναμένου
1822 1727 1864 1779 Β

218 1842 320 1894 καὶ
346 1840 654 1909 πεφυκότος
684 1836 979 1905 κινηθῆναί
1028 1852 1089 1888 τε
1143 1834 1243 1888 καλ⁸
1299 1835 1625 1905 μεταϐαλεῖν
1681 1836 1792 1888 ἀπὸ

219 1932 378 1985 τοῦδε
426 1933 504 1993 εἰς
546 1930 687 1994 τόδε,
713 1927 851 1983 καθὸ
884 1927 1113 1981 δύναται
1143 1929 1242 1983 καὶ
1265 1926 1531 1997 πέφυκεν.
1562 1927 1624 1980 ού
1654 1928 1793 1980 καθὸ

219 2024 325 2094 ἤδη
358 2023 525 2077 ἔστιν.
561 2023 624 2075 Εἰ
668 2022 725 2074 δὲ
773 2020 870 2073 τοῦ
911 2018 1138 2087 κινητοῦ
1168 2021 1287 2073 ἐστι
1316 2019 1540 2090 τοιαύτη
1576 2019 1790 2073 ἐντελέ-

222 2132 348 2183 χεια
376 2116 411 2184 ἡ
456 2114 698 2181 κίνησις,
730 2111 889 2180 δῆλον
923 2110 997 2171 ὡς
1031 2111 1132 2163 οὐκ
1174 2110 1232 2161 ὲν
1266 2109 1343 2179 τῷ
1376 2109 1638 2173 κινοῦντι,
1677 2110 1793 2163 ἀλλ’

217 2209 277 2271 ἐν
311 2207 388 2274 τῷ
420 2205 728 2273 κινουμένῳ
768 2204 938 2255 ἰστίν.
983 2204 1046 2255 Εἰ
1097 2202 1207 2272 δὲί)
1249 2203 1438 2270 ὅρασις
1474 2203 1575 2256 οὐκ
1615 2204 1672 2256 ὲν
1714 2202 1792 2270 τῷ

128 2296 131 2299 ’
219 2296 530 2365 δρωμένῳ.
600 2294 713 2347 ἀλλ’
787 2294 845 2345 ὲν
890 2293 969 2362 τῷ
1034 2293 1234 2361 ὁρῶντι
1293 2295 1677 2363 τυγχάνουσα,
1735 2297 1793 2346 ὲν

220 2389 302 2456 τῷ
330 2388 568 2440 κινοῦντι
589 2383 727 2438 εἶναι
756 2385 850 2438 καὶ
901 2384 1150 2438 ποιοῦντι
1185 2384 1362 2437 δοκεῖ’
1396 2384 1510 2436 ἀλλ’
1542 2385 1647 2438 ὑπὸ
1693 2386 1794 2455 τῆς

222 2482 419 2544 λέξεως
463 2479 496 2546 ἡ
531 2478 716 2544 ἀπάτη
761 2476 1183 2547 προφερομένης
1242 2475 1343 2546 μὲν
1388 2477 1793 2545 ἔνεργητικῶς,

218 2571 372 2623 οὐδὲν
407 2571 452 2622 δ’
488 2565 653 2641 ἦττον
695 2569 965 2639 δηλούσης
1020 2570 1255 2638 πρᾶγμα
1311 2567 1638 2634 παθητικόν.
1679 2568 1795 2621 Πᾶν

217 2663 331 2733 γὰρ
374 2662 476 2732 (τὸ)
521 2662 911 2731 αἰσθανόμενον
974 2659 1176 2729 πάσχει
1230 2661 1323 2712 καὶ
1382 2659 1442 2711 ού
1484 2663 1633 2711 ποιεῖ
1664 2676 1679 2690 ο
1717 2661 1797 2713 διδ

220 2758 318 2810 ναὶ
360 2758 393 2826 ἡ
427 2756 616 2825 ὅρασις
666 2755 723 2807 ἒν
757 2752 832 2822 τῷ
882 2752 1081 2825 ὁρῶντι
1128 2750 1287 2817 οῦσα,
1338 2753 1497 2820 ἒντῷ
1533 2753 1794 2823 πάσχοντι

216 2848 383 2920 (καὶ)⁵
413 2828 714 2915 κινουμένῳ
757 2846 895 2906 ἐστὶ,
943 2843 1131 2907 καθὼς
1168 2844 1265 2898 καὶ
1313 2845 1370 2898 αἰ
1425 2845 1620 2898 λοιπαὶ
1676 2844 1793 2899 τῶν

214 2940 529 3008 αἰσθήσεων
581 2939 640 2989 ὲν
679 2939 792 2999 τοῖς
822 2938 1241 3006 αἰσθανομένοις
1271 2938 1409 2990 εἰσίν
1435 2954 1450 2969 ⁸
1476 2940 1575 3007 οὐχ
1613 2937 1688 3000 ὡς
1739 2940 1798 2991 ὲν

1866 1937 2097 2011 .moveri
2126 1947 2179 1991 et
2218 1937 2285 1989 ab
2316 1937 2419 1989 hoc
2452 1936 2504 1989 in
2539 1935 2643 1990 hoc
2678 1933 2873 1988 mutari
2910 1932 3105 2002 possit,

1887 921 1979 972 diu
2033 919 2209 989 ipsum
2239 920 2475 987 potentia
2526 933 2648 973 esse
2707 918 2981 973 incolume
3043 930 3450 973 conservatur.

1889 1010 2004 1065 Iloe
2036 1011 2180 1065 enim
2215 1026 2436 1080 prorsus
2486 1011 2823 1081 interempto
2858 1026 2966 1064 non
2998 1008 3018 1083 [
3049 1010 3321 1082 amplius]
3368 1018 3455 1063 est

1889 1115 2071 1159 motus
2096 1146 2109 1158 .
2141 1104 2296 1171 Quod
2320 1105 2465 1158 enim
2501 1114 2624 1158 actu
2648 1119 2770 1159 esse
2792 1114 3147 1159 consecutum
3167 1113 3250 1157 est
3270 1142 3285 1166 ,
3319 1119 3451 1169 qua.

1890 1187 2184 1254 temfsacht
2234 1208 2340 1262 csl,
2403 1216 2509 1255 non
2556 1209 2635 1255 esl
2667 1200 2916 1259 inmotu,
2955 1195 3049 1249 sed
3097 1197 3150 1249 in
3207 1204 3347 1249 s'alu
3402 1204 3456 1247 ‹-ι

1890 1293 2196 1345 constantia
2227 1329 2244 1345 .
2269 1293 2443 1362 Atque
2466 1294 2517 1346 in
2548 1293 2648 1346 hoc
2675 1302 2853 1345 motus
2887 1290 2955 1343 ab
2981 1304 3046 1344 co
3069 1288 3211 1356 quod
3228 1268 3455 1340 'eSIactu

1890 1394 1944 1437 r-t
1980 1384 2048 1438 ab
2076 1385 2192 1454 ipso
2215 1383 2460 1453 perfecto
2484 1393 2609 1439 artu
2633 1382 2809 1438 did‘ert
2836 1399 2851 1449 ;
2886 1382 2992 1453 42
3018 1381 3160 1449 quod
3198 1382 3248 1433 in
3287 1379 3371 1432 bis
3402 1378 3455 1433 id

1890 1479 2037 1548 quod
2068 1476 2317 1546 potentia
2350 1485 2457 1539 est,
2521 1474 2727 1530 interiit
2769 1491 2784 1538 ;
2820 1474 2872 1527 in
2905 1482 3054 1528 motu
3080 1480 3285 1532 autem.
3331 1487 3450 1524 ma-

1894 1579 2057 1623 nente
2090 1584 2155 1623 eo
2177 1569 2324 1637 quod
2355 1568 2736 1643 estpotentia,
2768 1578 2952 1621 motus
2972 1566 3113 1618 actio
3138 1562 3415 1631 perficitur
3441 1597 3459 1614 .

1961 1660 2017 1716 7.
2054 1661 2312 1726 Rursum,
2392 1670 2569 1715 motus
2619 1669 2703 1714 est
2748 1658 3056 1713 entelechia
3121 1654 3333 1709 mobilis
3390 1652 3460 1716 δ’,

1895 1761 2168 1823 quatenus
2189 1752 2512 1817 estmobile,
2582 1751 2691 1829 ἰ)οο
2731 1759 2835 1817 est,
2896 1758 3052 1804 actus
3075 1746 3325 1817 passivus
3341 1744 3462 1813 ejus

1893 1845 2039 1915 quod
2080 1847 2320 1915 potentia
2355 1854 2457 1909 est,
2522 1852 2575 1897 cl.
2614 1845 2683 1897 ita
2721 1853 2915 1896 natura
2969 1847 3344 1909 comparatum
3369 1846 3463 1901 ,ut

3192 1939 3464 2000 quatenus

1896 2039 2149 2098 potestet
2171 2038 2370 2086 natura
2426 2038 2800 2098 comparatum
2863 2036 2969 2089 est.
3028 2040 3132 2079 non
3199 2032 3465 2094 quatenus

1894 2123 2001 2194 iam
2033 2132 2117 2179 est
2158 2162 2173 2178 .
2206 2122 2361 2189 Quod
2386 2122 2428 2176 si
2461 2131 2642 2174 autem
2678 2131 2855 2174 motus
2880 2127 2963 2174 est
2985 2116 3250 2189 ejusmodi
3312 2125 3468 2170 cnte-

1894 2214 2070 2269 lecliia
2126 2212 2205 2269 rei
2240 2212 2455 2266 mobilis
2512 2212 2580 2275 ⁸ο,
2618 2208 2966 2265 manifestum
3026 2218 3130 2271 est.
3192 2222 3316 2261 eum
3354 2222 3462 2260 non

1898 2306 1951 2360 in
1984 2314 2253 2367 movente.
2318 2304 2411 2358 scd
2446 2303 2498 2357 iu
2531 2317 2597 2357 eo
2637 2302 2782 2371 quod
2838 2309 3089 2354 movetur
3130 2338 3145 2359 .
3192 2313 3315 2353 esse
3357 2336 3371 2352 .
3398 2297 3465 2351 Et

1897 2398 1942 2452 si
1973 2414 2101 2453 vero
2138 2400 2171 2468 ἡ
2219 2397 2434 2468 ὅρασις,
2471 2395 2523 2449 id
2558 2405 2641 2450 est
2699 2395 2854 2456 visio.
2899 2404 3018 2461 quae
3075 2406 3180 2444 non
3212 2389 3267 2443 in
3295 2388 3412 2443 viso
3449 2425 3466 2451 ,

1898 2492 1991 2547 sed
2021 2493 2074 2545 in
2104 2491 2324 2545 vidente
2349 2488 2600 2565 exsistit.
2649 2486 2703 2541 in
2741 2493 2989 2539 movente
3019 2492 3074 2536 et
3118 2490 3311 2551 agente
3347 2493 3472 2534 esse

1898 2583 2111 2636 videtur
2140 2600 2153 2648 ;
2182 2580 2429 2649 deceptio
2453 2588 2629 2633 tamen
2652 2593 2681 2631 a
2707 2576 2948 2630 dictione
2972 2573 3165 2636 oritur,
3218 2588 3335 2642 qua:
3352 2570 3474 2639 qui-

1900 2675 2019 2729 dem
2050 2674 2121 2729 ita
2153 2671 2430 2743 profertur
2464 2669 2620 2741 quasi
2660 2668 2933 2723 actionem
2958 2665 3256 2731 signiﬁcet,
3321 2663 3434 2716 ιιὶΙοῑ
3457 2690 3471 2701 ο

1901 2766 2138 2821 iominus
2174 2774 2351 2819 tamen
2395 2776 2507 2816 rem
2548 2761 2823 2831 passivam
2871 2758 3113 2812 declarat
3150 2795 3163 2809 .
3197 2753 3471 2823 Quidquid

1900 2858 2044 2912 enim
2085 2857 2277 2916 sentit.
2330 2855 2536 2924 patitur
2577 2861 2633 2906 et
2667 2869 2774 2906 non
2817 2852 2929 2922 agit
2959 2890 2974 2905 .
3010 2848 3361 2914 QttuprOplcr
3393 2859 3474 2898 et-

1901 2950 2013 3004 iam
2069 2939 2211 3002 visio
2243 2947 2368 3001 licet
2404 2946 2459 2999 in
2496 2944 2719 2998 vidente
2754 2943 2849 3008 sit,
2915 2951 3094 2995 tamen
3126 2941 3179 2992 iu
3215 2940 3473 3007 patiente.

217 3030 439 3086 κινοῦσι
471 3047 532 3084 τε
570 3031 665 3083 καὶ
689 3029 964 3096 ποιοῦσιν,
1041 3030 1158 3082 ἀλλ’
1186 3030 1263 3087 ὡς
1334 3033 1394 3083 ἐν
1459 3032 1799 3100 κινουμένοις

1908 3057 2082 3111 eoque
2116 3039 2259 3110 quod
2293 3048 2561 3103 movetur,
2614 3043 2698 3088 est
2730 3051 2743 3089 :
2782 3031 3241 3102 quemadmodum
3308 3030 3475 3083 etiam

218 3125 323 3180 καὶ
352 3126 650 3195 πάσχουσι.

292 3393 366 3464 η’.
404 3392 690 3467 Καὶάλλος
719 3393 822 3447 καὶ
857 3391 1015 3460 λόγος
1049 3392 1359 3447 ἀποδίδοται
1392 3395 1490 3462 τῆς
1515 3394 1804 3463 κινήσεως.

218 3489 486 3543 δεικνύων
519 3487 690 3556 αὐτὴν
725 3487 817 3538 τοῦ
851 3502 1132 3549 κινουντος
1165 3488 1260 3540 καὶ
1314 3486 1601 3547 ποιοῦντος
1636 3481 1807 3539 οὖσαν

219 3581 435 3648 κυρίως
468 3578 751 3647 ἐνέργειαν
784 3619 800 3643 ,
853 3576 949 3628 καὶ
989 3574 1086 3628 ἀπ’
1129 3574 1296 3628 αὑτοῦ
1354 3574 1455 3643 μὲν
1496 3576 1808 3644 ἀρχομένην

219 3689 285 3725 ’τε
327 3672 424 3725 καὶ
463 3671 812 3738 ἐνδιδομένην
844 3706 860 3732 ,
920 3667 1386 3737 ἑνστηριζομένην
1426 3667 1482 3720 δὲ
1517 3669 1610 3719 καὶ
1636 3666 1807 3736 ἐμμέ-

220 3781 428 3818 νουσαν
477 3764 554 3833 τῷ
613 3761 922 3830 κινουμένῳ
975 3763 1069 3815 καὶ
1104 3761 1389 3831 πάσχοντι.
1428 3760 1487 3814 '0
1545 3761 1601 3814 δὲ
1649 3762 1810 3831 λόγος

222 3856 476 3919 τοιοῦτος
500 3871 514 3886 θ
542 3855 779 3926 Κίνησίς
813 3857 963 3908 ἐστιν
996 3855 1247 3924 ἐνέργεια
1300 3852 1395 3906 τοῦ
1437 3852 1719 3917 κινοῦντος
1752 3854 1809 3904 ἐν

220 3943 308 4014 τῷ
358 3942 687 4012 κινουμένῳ.
747 3942 860 3994 Καὶ
921 3942 1031 4012 γὰρ
1080 3942 1114 4012 ἡ
1159 3940 1801 4018 οἰκοδόμησιςιὲνέργειὰ

225 4037 350 4088 ἐστι
386 4030 480 4088 τοῦ
527 4033 946 4102 οἰκοδομοῦντος
994 4034 1051 4085 ἰν
1100 4032 1179 4101 τῷ
1215 4033 1680 4102 οἰκοδομουμένῳ·
1718 4034 1811 4086 καὶ

229 4130 511 4196 ἰάτρευσις
537 4126 797 4194 ἐνέργεια
844 4124 938 4177 τοῦ
978 4125 1322 4193 ἰατρεύοντος
1356 4124 1416 4175 ἐν
1449 4123 1811 4195 τῷ.ἰατρευο-

229 4221 406 4290 μένῳ.
449 4217 616 4270 Ἀλλο
661 4217 718 4272 δέ
768 4220 920 4270 ἐστιν
955 4216 1304 4285 οἰκοδόμησις
1341 4217 1435 4269 καὶ
1491 4217 1806 4285 ἰάτρευσιςο

226 4312 327 4365 καὶ
375 4310 506 4364 ἄλλο
535 4310 596 4362 τὸ
623 4307 1015 4379 ᾠκοδομῆσθαι
1069 4308 1163 4360 καὶ
1216 4307 1553 4375 ἰατρεῦσθαι.
1589 4307 1656 4362 Ἦ
1710 4309 1810 4378 μὲν

1910 3130 2107 3200 reliqui
2164 3145 2362 3185 sensus
2401 3129 2454 3181 iu
2522 3127 2884 3191 sentientibus
2940 3131 3090 3188 sunt,
3157 3137 3267 3174 non
3327 3130 3384 3173 ut
3421 3120 3474 3172 iu

1908 3224 2255 3277 moventibus
2288 3232 2340 3275 et
2402 3220 2713 3289 agentibus,
2747 3218 2840 3273 sed
2904 3218 2966 3269 ut
2998 3216 3048 3268 iu
3080 3215 3148 3270 iis
3185 3230 3304 3284 qua:
3367 3227 3478 3267 mo-

1910 3327 2104 3371 ventur
2133 3323 2186 3369 cl.
2213 3315 2489 3383 patiuntur
2518 3311 2585 3366 ⁸⁸.

1982 3406 2034 3461 8.
2068 3407 2136 3459 Et
2171 3405 2275 3459 alia
2305 3419 2432 3456 vero
2458 3402 2623 3455 etiam
2650 3406 2832 3455 motus
2868 3397 3118 3453 deﬁnitio
3142 3394 3477 3465 assignatur,

1910 3517 2031 3571 quae
2062 3498 2303 3555 ostendit
2332 3497 2509 3566 ipsum
2541 3494 2814 3548 moventis
2837 3501 2891 3547 et
2926 3489 3224 3545 efﬁcientis
3262 3488 3482 3558 proprie

1911 3607 2091 3651 actum
2133 3609 2275 3655 esse.
2302 3604 2362 3645 ut
2392 3590 2484 3661 qui
2520 3588 2712 3661 “ab
2746 3588 2865 3656 ipso
2898 3584 3116 3654 quidem
3154 3582 3381 3650 incipiat
3430 3590 3485 3634 et

1914 3689 2208 3751 tribuatur,
2262 3685 2316 3737 in
2356 3698 2421 3736 eo
2450 3694 2632 3735 autem
2667 3680 2810 3748 quod
2845 3686 3091 3730 movetur
3126 3683 3181 3727 et
3234 3674 3460 3742 patitur.

1912 3780 2169 3834 iniciatur
2193 3786 2245 3832 et
2276 3784 2492 3855 maneat
2516 3813 2532 3829 .
2555 3768 3070 3841 ilujusmodiautem
3095 3775 3178 3821 est
3200 3765 3481 3823 deﬁnitio:

1913 3870 2092 3924 Motus
2120 3876 2203 3920 est
2234 3875 2388 3919 actus
2409 3864 2529 3932 ejus
2565 3863 2711 3931 quod
2751 3865 2931 3913 movet
2958 3858 3011 3910 in
3034 3871 3102 3911 eo
3138 3855 3281 3925 quod
3306 3870 3488 3908 move-

1923 3970 2009 4014 tur
2034 3995 2051 4010 .
2079 3957 2388 4013 jEditicatio
2443 3955 2589 4009 enim
2624 3960 2776 4005 actus
2805 3956 2890 4004 est
2945 3945 3271 4002 :edilicantis
3314 3945 3367 3998 in
3420 3960 3486 3998 eo

1914 4051 2060 4120 quod
2087 4047 2421 4102 aediﬁcatur:
2450 4054 2502 4100 et
2522 4043 2734 4098 sanatio
2762 4050 2849 4095 est
2882 4047 3038 4093 actus
3073 4036 3320 4093 sanantis
3346 4038 3396 4089 in
3424 4051 3488 4089 eo

1912 4120 2063 4210 quod
2084 4148 2327 4194 saualtir.
2354 4136 2509 4191 Aliud
2537 4144 2715 4188 autem
2738 4141 2821 4186 est
2844 4129 3129 4184 aediﬁcatio
3154 4138 3207 4182 et
3233 4128 3447 4183 sanatio
3473 4144 3486 4179 :

1913 4233 2172 4299 aliudque
2214 4230 2539 4282 aediﬁcatum
2570 4234 2624 4278 et
2668 4232 2920 4278 sanatum
2977 4233 3101 4274 esse
3128 4258 3142 4273 .
3184 4216 3491 4273 (Exliﬁcatio

1912 4325 2055 4377 enim
2090 4331 2144 4396 et
2176 4323 2390 4377 sanatio
2419 4321 2475 4375 in
2526 4320 2645 4389 ipso
2678 4318 2790 4371 ﬁeri
2844 4331 3003 4369 suum
3075 4328 3197 4367 esse
3246 4313 3445 4366 habent
3475 4328 3488 4374 ;

225 4406 347 4472 γὰρ
377 4404 749 4472 οἰκοδόμησις·
776 4403 873 4455 καὶ
923 4401 1203 4472 ἰάτρευσις
1242 4401 1300 4453 ὲν
1350 4398 1429 4470 τῷ
1457 4400 1709 4469 γίνεσθαι
1753 4400 1800 4454 τί

1929 4415 2031 4467 hoc
2068 4423 2176 4478 cst,
2212 4416 2267 4466 in
2300 4429 2364 4466 eo
2396 4414 2520 4463 dum
2561 4409 2860 4463 aediﬁcatur
2886 4408 2937 4461 id
2971 4404 3116 4471 quod
3171 4400 3491 4465 aediﬁcatur,

228 4492 379 4548 εἶναι
415 4494 601 4563 ἔχουσι
630 4508 646 4524 ⁸
695 4493 1000 4559 τουτέστιν,
1056 4494 1115 4545 ὲν
1161 4491 1242 4562 τῷ
1288 4492 1698 4563 οἰκοδομεῖσθαι
1752 4494 1816 4546 τὸ

227 4586 696 4655 οἰκοδομούμενον
716 4601 729 4615 ·
764 4586 865 4639 καὶ
894 4587 953 4638 ἐν
982 4584 1060 4654 τῷ
1094 4585 1451 4655 ἰατρεύεσθαι
1480 4586 1543 4638 τὸ
1568 4585 1818 4656 ἰατρευό-

234 4695 427 4748 μενον.
458 4678 533 4732 Τὸ
581 4676 626 4731 δ’
668 4675 1055 4747 ᾠκοδομῆσθαι
1103 4677 1200 4729 καὶ
1264 4674 1584 4745 ἰατρεῦσθαι
1636 4678 1696 4728 ὲν
1738 4673 1817 4747 τῷ

228 4772 498 4838 γενέσθαι
527 4769 587 4822 τὸ
628 4764 768 4822 εἶναι
800 4768 1161 4838 λαμδάνουσι.
1192 4767 1286 4821 Διὸ
1322 4769 1420 4821 καὶ
1468 4767 1818 4837 οἰκοδόμησις

234 4866 345 4935 μὲν
374 4867 470 4917 καὶ
502 4865 778 4932 ἰάτρευσις
824 4862 1071 4930 κινήσεις
1096 4860 1225 4913 εἰσί·
1259 4861 1319 4915 τὸ
1352 4860 1399 4912 δ’
1428 4859 1814 4930 ᾠκοδομῆσθαι

233 4957 342 5009 καὶ
372 4953 694 5024 ἰατρεῦσθαι
721 4951 1047 5022 κεκινῆσθαί
1094 4953 1268 5005 ἐστιν.
1301 4951 1367 5006 Δί
1408 4951 1517 5022 ἄρα
1544 4950 1817 5013 διαθέσεις

227 5050 299 5105 αἰ
376 5048 486 5099 ἀπὸ
537 5045 649 5098 τῶν
705 5045 975 5115 κινήσεων
1037 5045 1393 5113 ἐγγινόμεναι
1446 5046 1696 5110 κινήσεις
1716 5043 1817 5095 οὐκ

231 5142 407 5204 εἰσὶν,
448 5140 560 5191 ἀλλ’
595 5136 1018 5205 ἀποτελέσματα
1069 5137 1179 5187 τῶν
1213 5138 1507 5203 κινήσεων.

318 5235 386 5285 θ’.
434 5232 588 5284 Ἐπεὶ
612 5232 669 5283 δὲ
722 5232 755 5297 ἡ
800 5230 1018 5296 κίνησις
1052 5229 1107 5279 ὲν
1133 5229 1212 5296 τῷ
1247 5229 1558 5299 κινουμένῳ
1590 5226 1694 5280 ὑπὸ
1728 5225 1824 5281 τοῦ

237 5326 534 5389 κιυοῦντός
587 5327 777 5388 ἐστιν,
832 5322 907 5384 ὡς
949 5325 1048 5390 μὲν
1111 5323 1169 5373 ἐν
1212 5321 1290 5390 τῷ
1336 5321 1646 5391 κινουμένῳ
1672 5320 1829 5382 οῦσα.

240 5416 536 5486 παθητική
567 5431 627 5467 τε
660 5415 757 5467 καὶ
811 5412 1009 5483 ἀτελὴς
1059 5413 1307 5481 ἐνέργεια
1356 5414 1596 5481 λέγεται.
1628 5412 1830 5482 Διόπερ

241 5513 353 5568 καὶ
381 5512 443 5565 τὸ
473 5508 796 5579 κινούμενον
833 5509 971 5576 ὅπερ
1016 5508 1135 5560 ἐστὶ
1162 5506 1221 5558 τὸ
1250 5508 1502 5576 δυνάμει,
1537 5508 1737 5576 πάσχει
1767 5521 1829 5557 τε

333 5695 378 5729 ⁸³
415 5690 631 5763 3Plifs.
664 5707 712 5749 c.
750 5694 800 5759 2,
840 5701 878 5748 t.
919 5691 999 5748 16.
1086 5692 1132 5723 ⁸⁸
1164 5693 1194 5746 5
1226 5690 1388 5760 I‘liys.
1420 5708 1469 5745 (ξ.
1503 5692 1555 5757 9.,
1594 5700 1628 5746 t.
1679 5691 1759 5745 18.

1914 4516 1968 4559 ιιι
1996 4508 2125 4561 dum
2158 4516 2380 4559 Sanalut‘
2403 4506 2452 4557 id
2484 4503 2627 4570 quod
2660 4508 2888 4554 sanatur
2920 4536 2936 4552 .
2970 4499 3040 4550 At
3094 4509 3223 4549 vero
3257 4492 3492 4546 a'diﬁca-

1918 4606 2030 4659 turn
2064 4609 2119 4654 cl
2154 4610 2401 4654 sanatum
2430 4613 2572 4659 esse,
2608 4610 2673 4649 ex
2699 4595 2803 4648 hoc
2834 4591 2977 4660 quod
3025 4589 3165 4643 facta
3201 4594 3346 4648 sunt.
3376 4599 3495 4638 esse

1918 4694 2230 4762 accipiunt.
2267 4692 2609 4757 Quapropter
2662 4687 2827 4739 etiam
2855 4681 3144 4737 mdiﬁcatio
3203 4687 3259 4733 et
3285 4675 3496 4741 sanatio

1921 4794 2100 4838 motus
2129 4791 2260 4836 sunt
2292 4798 2306 4833 :
2352 4780 2679 4833 aediﬁcatum
2738 4786 2921 4829 autem
2953 4783 3005 4827 et
3070 4780 3319 4826 sanatum
3347 4783 3495 4829 esse.
3589 4780 3597 4787 ·

1925 4887 2133 4930 motum
2170 4890 2310 4929 esse.
2354 4871 2680 4928 Aﬁ‘ectiones
2708 4869 2890 4937 itaque
2921 4880 3042 4936 quae
3079 4864 3264 4918 insunt
3295 4877 3361 4916 ex
3383 4874 3499 4913 mo.

1927 4973 2092 5032 tibus,
2123 4983 2226 5021 non
2265 4977 2389 5019 sunt
2417 4974 2616 5028 motus,
2645 4960 2741 5016 sed
2776 4958 2967 5014 eli‘ecta
3008 4964 3273 5010 uiutumn.

2002 5226 2057 5283 θ.
2089 5226 2359 5293 Quoniam
2402 5234 2583 5279 autem
2632 5231 2812 5277 motus
2840 5229 2923 5277 est
2954 5220 3009 5276 in
3056 5234 3124 5276 eo
3154 5215 3302 5289 quod
3328 5232 3357 5270 a
3387 5232 3505 5270 mo-

1935 5330 2094 5374 vente
2149 5330 2433 5382 movetur;
2489 5326 2549 5371 ut
2600 5317 2819 5387 quidem
2855 5316 2910 5369 in
2941 5329 3007 5369 eo
3057 5311 3200 5382 quod
3262 5317 3506 5363 movetur

1934 5413 2191 5475 exsistit,
2251 5413 2503 5481 passivus
2558 5421 2612 5465 et
2668 5407 3027 5478 imperfectus
3089 5415 3243 5459 actus
3307 5398 3506 5455 dic'iur

1936 5502 2416 5575 (quandoquidem
2470 5501 2636 5555 ctiam
2698 5500 2842 5571 quod
2905 5507 3185 5562 movetur,
3244 5496 3346 5549 hoc
3402 5496 3507 5563 est,

1840 5692 1881 5723 ⁵⁸
1924 5691 1956 5745 5
1984 5690 2145 5761 Pliys.
2178 5705 2224 5744 c.
2263 5688 2316 5751 5,
2349 5697 2385 5737 t.
2415 5685 2502 5738 2'5.
