3856 6358
246 408 381 474 1057

1482 395 1819 475 EPl'i’UME
1852 394 2194 455 PHYSICA.

3352 399 3488 462 1058

314 534 405 595 ιγ’.
439 524 658 577 Τούτων
684 523 826 576 οὕτω
848 522 1225 591 διωρισμένων
1259 518 1363 589 χρὴ
1391 517 1683 585 γινώσκειν
1718 516 1801 568 ὅτι

1980 509 2070 563 15.
2109 506 2209 564 His
2263 510 2336 564 ita
2386 511 2768 569 determinatis
2821 514 3102 570 sciendum
3156 526 3236 571 est
3279 533 3392 571 rem
3432 530 3487 569 et

238 615 461 683 λίγεται
488 612 545 665 τδ
581 613 816 683 πρᾶγμα
849 612 942 664 καὶ
974 611 1116 664 κατὰ.
1136 609 1241 680 τὴν
1271 608 1505 675 δύναμιν
1553 607 1808 674 δυνάμει,

241 706 499 762 καὶκατὰ
526 706 624 775 τὴν
663 705 947 774 ἐνέργειαν
978 702 1253 772 ἐνεργείᾳ.
1283 701 1374 754 Διδ
1419 699 1594 753 καὶτὸ
1648 699 1813 752 δυνά-

245 796 561 866 μειδιττδν,
596 795 692 848 καὶ
752 793 813 846 τὸ
868 786 1120 863 ἐνεργείᾳ
1185 792 1380 849 διττόν.
1434 791 1666 857 Λέγεται
1703 789 1810 858 γὰρ

231 883 467 957 δυνάμει
521 889 617 942 καὶ
661 887 723 939 τὸ
754 889 879 940 κατ’
938 884 1359 955 ἐπιτηδειότητα
1416 883 1584 954 μόνην
1639 881 1807 949 ἀτελῆ

243 982 415 1051 μήπω
479 979 746 1050 μηδαμῶς
790 978 1083 1047 γενόμενον
1129 976 1288 1029 τοῦτο
1343 975 1371 1028 ὃ
1424 974 1680 1049 λέγεται·
1734 975 1809 1036 ὡς

239 1074 491 1142 εἴπομεν,
523 1073 597 1124 To
621 1075 845 1142 σπέρμα
888 1070 1119 1141 δυνάμει
1136 1067 1303 1133 ζῶον,
1324 1067 1419 1121 καὶ
1449 1066 1524 1128 ὡς
1545 1065 1803 1134 λέγομεν,

239 1169 314 1247 Τὲ
340 1167 552 1222 παιδίον
580 1166 809 1234 δυνάμει
841 1158 1101 1236 μουσικόν
1131 1179 1145 1194 ·
1188 1162 1268 1215 ὅτι
1297 1161 1522 1215 δύναται
1548 1158 1805 1227 γενέσθαι

230 1262 300 1314 ’τὸ
337 1260 436 1332 μὲν
466 1262 690 1329 σπέρμα
719 1258 881 1323 ζῶον,
905 1257 965 1311 τὸ
1003 1255 1215 1308 παιδίον
1251 1254 1306 1308 δὲ
1336 1251 1616 1323 μουσικόν.
1644 1248 1807 1305 Ἀλλά

239 1356 335 1409 καὶ
386 1353 450 1407 τὸ
503 1353 795 1422 γενόμενον
840 1351 941 1419 μὲν
993 1349 1095 1418 ἤδη
1148 1349 1242 1401 καὶ
1292 1345 1391 1416 τὴν
1432 1346 1548 1411 ἕξιν
1591 1344 1806 1397 τελείαν

238 1446 385 1516 ἔχον,
415 1445 488 1515 μὴ
520 1442 775 1514 ἐνεργοῦν
809 1443 866 1495 δὲ
914 1442 1033 1497 κατ’
1063 1440 1259 1512 αὐτὴν,
1290 1439 1521 1507 δυνάμει
1582 1437 1802 1505 λέγεται

240 1540 336 1593 καὶ
360 1536 521 1591 αὐτό·
561 1537 638 1601 ὡς
687 1536 917 1605 δυνάμει
974 1534 1235 1605 μουσικὸν
1275 1533 1368 1585 τὸν
1433 1531 1804 1602 ’Δριστόξενον

238 1631 492 1701 λέγομεν,
516 1630 644 1683 ὅταν
671 1628 734 1682 οὐ
757 1625 1039 1699 κιθαρίζῃ,
1072 1626 1186 1679 ἀλλ’
1225 1625 1259 1695 ἢ
1293 1625 1529 1695 καθεύδῃ
1585 1625 1619 1694 ἦ
1670 1623 1802 1676 ἄλλο

236 1738 291 1775 τι
319 1723 538 1791 ινεργῇ.
567 1720 722 1775 Κατὰ
751 1718 909 1774 τοῦτο
935 1718 997 1772 τὸ
1039 1716 1437 1786 σημαινόμενον
1459 1716 1552 1767 καὶ
1600 1713 1661 1765 τὸ
1689 1712 1801 1780 πῦρ

1920 599 2223 655 secundum
2282 602 2601 671 potentiam,
2662 607 2906 674 potentia
2967 621 3089 662 esse
3120 608 3262 670 dici;
3298 617 3354 665 et
3402 626 3487 665 δε·

1915 691 2156 745 cundum
2195 700 2405 757 actum,
2444 701 2593 748 actu.
2623 694 2975 766 Quapropter
3013 698 3178 752 etiam
3218 701 3360 767 quod
3394 715 3488 768 po-

1913 781 2082 834 tentia
2113 791 2217 843 est,
2262 782 2465 852 duplex
2516 793 2630 849 est;
2673 794 2729 839 et
2763 785 2907 854 quod
2975 797 3101 841 actu
3158 799 3262 850 est,
3292 789 3486 857 duplex

1912 883 2017 928 est.
2055 871 2261 928 Dicitur
2301 874 2451 929 enim
2482 878 2755 945 potentia,
2790 881 2933 948 quod
2970 884 3271 934 secundum
3313 883 3483 935 solam

1912 962 2287 1034 imperfecmm
2341 965 2702 1035 aptitudiuem
2760 969 3226 1025 noudum.adhuc
3281 972 3482 1028 factum

1910 1064 1994 1108 est
2030 1055 2132 1108 hoc
2165 1057 2309 1126 quod
2342 1056 2587 1123 dicitur;
2617 1060 2892 1128 quomodo
2922 1060 3158 1116 diximus
3184 1079 3366 1116 semen
3393 1079 3488 1134 pu-

1911 1147 2079 1200 tentia
2114 1163 2240 1201 esse
2270 1148 2496 1212 animal,
2531 1158 2585 1204 et
2611 1152 2888 1220 quomodo
2918 1155 3218 1207 asserimus
3257 1170 3486 1223 puerum

1908 1239 2149 1308 potentia
2192 1255 2315 1294 esse
2353 1241 2669 1305 musicum;
2717 1244 2859 1312 quod
2896 1258 3077 1297 semen
3118 1245 3338 1312 quidem
3372 1246 3491 1298 ani-

1920 1331 2051 1393 mal,
2084 1347 2217 1400 puer
2275 1340 2458 1387 autem
2495 1336 2740 1391 musicus
2786 1335 2901 1391 ﬁeri
2951 1348 3147 1407 potest.
3188 1335 3295 1392 Sed
3345 1338 3486 1407 quod

1903 1422 2015 1491 jam
2044 1423 2246 1479 laetum
2288 1436 2393 1492 est,
2425 1437 2479 1483 et
2504 1427 2805 1498 perfectum
2834 1429 3083 1484 habitum
3129 1429 3357 1495 obtinet,
3393 1447 3492 1484 nec

1911 1525 2095 1570 tamen
2147 1520 2451 1574 secundum
2495 1522 2647 1576 illum
2680 1523 2811 1590 agit,
2839 1532 2894 1578 et
2923 1525 3097 1594 ipsum
3131 1524 3372 1594 potentia
3408 1525 3489 1579 di-

1906 1606 2090 1672 citur;
2124 1612 2586 1678 quemadmodum
2635 1615 3023 1670 Aristoxenum
3075 1619 3315 1684 potentia
3356 1618 3491 1671 diei-

1905 1714 2025 1754 mus
2082 1703 2378 1770 musicum,
2431 1721 2556 1759 cum
2617 1707 2829 1761 cithara
2870 1724 2992 1773 ,nun
3054 1709 3221 1773 cauit,
3264 1710 3357 1762 sed
3394 1718 3487 1762 aut

238 1816 470 1885 δυνάμει
531 1814 767 1885 λέγομεν
819 1814 1137 1873 καυστικδν,
1195 1810 1323 1864 ὅταν
1377 1809 1452 1879 μὴ
1515 1807 1670 1881 καίῃ.
1727 1806 1802 1859 Τὸ

1916 1793 2124 1857 tormit,
2156 1802 2251 1850 aut
2275 1797 2419 1850 aliud
2441 1800 2571 1867 quid
2603 1801 2733 1869 agit.
2763 1799 2950 1867 Quoad
2986 1803 3088 1855 hoe
3122 1803 3485 1869 signiﬁcatum

242 1866 460 1978 μὲνοῦν
499 1866 715 1976 πριῖίτον
741 1905 972 1974 δυνάμει
993 1866 1212 1973 λέγεται
1261 1866 1473 1965 ﬁssile,
1502 1900 1562 1955 τδ
1592 1866 1649 1955 δξ
1685 1898 1807 1952 δεύ-

1916 1885 2145 1940 Llicimus
2170 1886 2333 1943 etiam
2382 1891 2560 1958 ignem
2615 1892 2862 1961 potentia
2900 1909 3083 1959 urere,
3125 1896 3346 1963 quando
3380 1911 3486 1946 non

236 2020 396 2072 τερον
441 2001 643 2055 τέλειον
667 2017 682 2032 ο
718 2000 815 2054 καὶ
864 1998 926 2052 τὸ
957 1999 1055 2068 μὲν
1084 1997 1299 2068 πρῶτον
1328 1992 1454 2048 κατ’
1503 1992 1806 2064 ὲπιτηδειό·

236 2113 398 2165 τητα,
426 2094 487 2146 τὸ
518 2092 573 2146 δὲ
604 2091 858 2161 δεύτερον
901 2090 1110 2143 τέλειον
1142 2105 1156 2119 ·
1197 2088 1292 2142 καὶ
1336 2086 1398 2140 τὸ
1456 2087 1555 2157 μὲν
1588 2086 1807 2156 πρῶτον

239 2187 360 2241 κατ’
391 2184 825 2254 δπιτηδειότητα,
853 2182 914 2235 τὸ
942 2180 997 2235 δὲ
1017 2180 1266 2250 δεύτερον
1298 2177 1421 2233 καθ’
1448 2178 1582 2242 ἕξιν.
1619 2177 1808 2230 Διττδν

235 2281 295 2335 δὲ
338 2279 434 2333 καὶ
466 2278 527 2330 τὸ
583 2275 833 2347 ἐνεργείᾳ
866 2274 1088 2343 λέγεται
1136 2273 1196 2327 τό
1231 2289 1292 2327 τε
1320 2272 1621 2342 δυνάμενον
1654 2273 1807 2340 ἐνερ-

236 2373 358 2439 γεῖν
392 2368 516 2424 κατ’
550 2369 728 2421 ἐκεῖνο
791 2364 916 2419 καθ’
953 2364 982 2418 δ
1010 2364 1151 2435 (καὶ)
1181 2362 1427 2432 λέγεται,
1487 2360 1561 2432 μὴ
1612 2359 1797 2430 μέντοι

240 2463 499 2533 ἔνεργοῧν
522 2479 538 2495 ο
566 2461 703 2530 ὅπερ
724 2460 921 2513 ταυτόν
972 2457 1091 2510 ἑστι
1128 2456 1205 2524 τῷ
1252 2455 1490 2524 δευτέρῳ
1542 2468 1806 2522 σημαινο-

241 2557 391 2626 μένῳ
455 2552 550 2608 τοῦ
604 2552 871 2620 δυνάμει’
942 2549 1038 2603 καὶ
1109 2548 1173 2602 τὸ
1225 2547 1366 2602 κατὰ
1429 2547 1527 2617 τὴν
1584 2544 1808 2614 ἐνεργὸν

238 2652 456 2719 κίνησιν
519 2644 933 2715 θεωρούμενονο
992 2637 1125 2705 οἷον,
1197 2642 1326 2696 ὅταν
1401 2640 1430 2693 ό
1494 2638 1594 2710 μὲν
1664 2638 1806 2707 Ἀρι-

240 2734 488 2801 στόεενος
527 2732 808 2805 κιθαρίζῃ,
848 2731 980 2806 καίῃ
1004 2732 1060 2788 δὲ
1092 2732 1155 2785 ea
1185 2730 1296 2800 πῦρ
1321 2729 1662 2800 πρακτικῶς.

312 2916 393 2970 ιδ’.
430 2914 503 2968 Τὸ
530 2913 712 2967 τοίνυν
745 2913 1002 2983 δεύτερον
1041 2911 1273 2980 δυνάμει
1336 2910 1503 2981 μέσον
1540 2911 1660 2963 ἐστὶ
1699 2909 1809 2963 τῶν

1911 1978 2040 2030 urit.
2075 1976 2232 2032 Prius
2266 1977 2432 2049 igitur
2461 1981 2606 2050 quod
2652 1984 2897 2052 potentia
2939 1984 3047 2056 47
3080 1995 3187 2050 est,
3224 1986 3484 2055 imperfe-

1910 2079 2059 2123 ctum
2099 2087 2113 2125 :
2150 2072 2449 2141 posterius,
2488 2074 2790 2144 perlectum
2821 2077 3043 2133 dicitur.
3085 2079 3150 2133 Et
3181 2079 3332 2149 prius
3361 2078 3484 2147 qni-

1912 2164 2032 2217 dem
2075 2167 2254 2233 quoad
2297 2167 2695 2235 aptitudinem,
2755 2171 3034 2240 posterius
3100 2152 3287 2241 quoad.
3331 2173 3485 2226 habi-

1908 2265 2025 2309 tum
2060 2256 2290 2312 dicitur.
2324 2259 2429 2314 Sed
2466 2270 2520 2315 et
2551 2262 2695 2332 quod
2727 2270 2850 2316 actu
2884 2273 2989 2327 est,
3021 2265 3216 2334 duplex
3244 2265 3480 2327 dicitur;

1912 2356 1967 2402 et
1996 2348 2141 2418 quod
2173 2352 2387 2420 operari
2420 2362 2620 2422 potest.
2662 2356 2961 2411 secundum
2993 2356 3125 2412 illud
3149 2358 3303 2427 juxta
3337 2358 3485 2427 quod

1912 2441 2076 2495 etiam
2113 2441 2339 2508 dicitur,
2406 2448 2626 2501 tametsi
2667 2463 2773 2501 non
2808 2458 3097 2516 operetur;
3142 2449 3290 2519 quod
3320 2451 3483 2504 .idem

1918 2543 2006 2586 est
2059 2551 2184 2588 cum
2228 2538 2469 2592 secundo
2525 2539 2833 2608 signiﬁcato
2889 2539 3007 2610 ejus
3056 2542 3198 2611 quod
3251 2543 3491 2611 polentia

1912 2626 2155 2697 dicitur;
2187 2639 2239 2684 et
2270 2631 2418 2700 quod
2465 2632 2767 2686 secundum
2797 2631 3067 2688 eﬂicacem
3120 2622 3323 2687 mutum
3361 2650 3492 2688 eun-

1912 2720 2204 2784 sideratur,
2239 2724 2400 2778 veluti
2437 2738 2563 2779 cum
2597 2725 2960 2781 Aristoxenus
2988 2726 3202 2782 cithara
3228 2728 3398 2790 cauit,
3435 2737 3491 2779 et

1913 2815 2055 2884 ignis
2087 2831 2275 2871 revera
2300 2819 2431 2872 urit.

1989 2907 2072 2963 14.
2117 2907 2396 2966 Posterius
2433 2910 2599 2978 igitur
2632 2913 2780 2983 quod
2807 2912 3064 2983 'potentia
3096 2920 3224 2976 -est,
3253 2912 3491 2970 medium

237 3028 297 3064 τε
330 3007 510 3078 πάντη
539 3008 632 3061 καὶ
656 3007 833 3077 μόνως
864 3006 1034 3059 ὄντων
1062 3002 1315 3073 δυνάμει,
1344 3003 1440 3056 καὶ
1469 3003 1579 3056 τῶν
1630 3003 1807 3071 πάντη

1916 3007 1998 3053 est
2031 3000 2171 3053 inter
2202 3014 2266 3053 ea
2300 3016 2423 3070 quae
2445 3006 2675 3057 omnino
2702 3012 2757 3058 et
2792 3011 3002 3057 tantum
3034 3004 3276 3071 potentia
3299 3044 3315 3069 ,
3346 3020 3494 3073 quae-

237 3104 336 3155 καὶ
373 3100 546 3170 μόνως
567 3098 739 3152 ὄντων
751 3097 1006 3167 ἐνεργείᾳ
1028 3112 1046 3130 ο
1079 3095 1175 3150 ἅτε
1198 3094 1530 3165 ἀμφοτέρων
1558 3094 1808 3164 μετέχον,

1916 3106 2021 3159 que
2051 3093 2276 3146 omnino
2319 3103 2372 3146 et
2413 3103 2620 3148 tantum
2647 3106 2769 3148 actu
2801 3103 2968 3161 sunt;
3010 3096 3157 3164 quod
3201 3097 3489 3165 utriusque

238 3193 499 3266 καὶπρὸς
528 3193 791 3261 ἑκάτερον
822 3191 1068 3262 ὑπάρχον
1106 3189 1168 3243 τὸ
1216 3189 1435 3253 ἕτερον·
1497 3183 1608 3243 οἷον
1671 3190 1808 3260 πρὸς

1916 3182 1988 3236 sit
2019 3182 2316 3253 particeps,
2353 3193 2407 3239 ct
2445 3188 2510 3238 ad
2545 3198 2836 3256 utrumque
2874 3188 3106 3242 alterum
3143 3189 3393 3251 exsistat,
3428 3200 3488 3244 ut

240 3290 345 3359 μὲν
379 3291 440 3342 τὸ
467 3288 683 3358 πρῶτον
730 3284 961 3356 δυνάμει
1027 3283 1280 3355 ἐνεργείᾳ
1323 3282 1408 3348 ὃν,
1452 3281 1589 3350 πρὸς
1639 3281 1697 3334 δὲ
1745 3281 1807 3334 rb

1916 3274 2057 3341 quod
2087 3274 2304 3343 quidem
2340 3277 2406 3329 ad
2439 3280 2590 3346 prius
2620 3279 2883 3346 potentia,
2914 3288 3062 3344 actu,
3104 3279 3282 3349 quoad
3310 3289 3493 3349 poste-

236 3381 491 3450 δεύτερον
516 3378 770 3449 ἐνεργείᾳ
819 3377 1071 3447 δυνάμει.
1113 3376 1185 3430 Τὸ
1216 3374 1436 3446 πρῶτον
1462 3372 1556 3429 οὖν
1577 3373 1806 3443 δυνάμει

1916 3366 2025 3419 rius
2064 3375 2190 3418 actu
2236 3369 2479 3435 potentia
2521 3370 2613 3422 sit.
2652 3368 2809 3425 Prius
2854 3370 3017 3439 igitur
3056 3371 3300 3440 potentia
3341 3373 3492 3440 quod

235 3474 300 3529 ττδ
326 3474 534 3538 ἀτελὲς,
567 3472 757 3542 ὥσπερ
788 3472 1028 3542 εῐρηται,
1055 3471 1143 3526 διά
1168 3472 1267 3541 τῆς
1325 3472 1598 3540 κινήσεως
1631 3472 1711 3532 είς
1744 3469 1807 3521 τὸ

1916 3459 2294 3530 imperfectum
2330 3472 2433 3531 est,
2472 3472 2531 3516 ut
2563 3464 2830 3530 diximus,
2861 3481 2960 3536 per
2989 3475 3197 3520 motum
3230 3466 3297 3520 ad
3335 3467 3489 3536 prius

235 3567 460 3636 πρῶτον
494 3565 750 3636 ινεργείᾳ
796 3564 1128 3634 προάγεται.
1174 3564 1250 3618 Οὐ
1296 3563 1406 3633 γὰρ
1449 3564 1509 3630 ἐξ
1558 3562 1808 3631 ἀνάγκης

1916 3562 2037 3606 actu
2090 3553 2428 3622 perducitur.
2484 3554 2597 3611 Nec
2652 3557 2797 3610 enim
2858 3560 3170 3612 necessario
3222 3559 3384 3613 etiam
3422 3560 3491 3614 ad

234 3661 336 3714 καὶ
366 3662 447 3719 είς
476 3658 537 3712 τὸ
573 3657 851 3727 δεύτερον.
896 3656 1005 3709 Καὶ
1029 3655 1232 3713 ὁπόταν
1261 3656 1321 3709 τὸ
1346 3655 1521 3718 οὕτως
1547 3655 1607 3709 ὂν
1647 3655 1808 3709 δυνά-

238 3769 333 3823 μει
362 3749 499 3819 πρὸς
520 3750 579 3803 τὸ
602 3748 854 3820 ἐνεργείᾳ
885 3747 1141 3817 γενέσθαι
1176 3750 1353 3819 χωρῇ,
1391 3748 1467 3817 μὴ
1504 3747 1810 3818 σὲξιστάμε-

233 3859 333 3896 νον
355 3840 449 3895 τοῦ
474 3838 704 3911 δυνάμει
729 3841 810 3902 είς
839 3840 900 3894 τὺ
930 3838 1220 3904 παντελὲς,
1274 3840 1397 3893 τότε
1456 3839 1688 3908 λέγομεν
1726 3857 1812 3892 κι-

231 3933 449 3990 νείσθαι
471 3932 626 3987 αὐτό.

312 4022 394 4078 ιε’.
428 4021 708 4077 Κινείσθαι
748 4021 808 4075 δὲ
850 4022 914 4076 τδ
974 4021 1207 4092 δυνάμει
1282 4020 1558 4088 λέγοντες,
1607 4020 1668 4075 οὐ
1709 4021 1810 4093 τὴν

235 4115 655 4186 ἐπιτηδειότητα
686 4113 957 4168 κινεῖσθαί
990 4130 1194 4185 φαμεν,
1248 4113 1389 4167 ἀλλὰ
1446 4114 1509 4167 τὸ
1547 4112 1648 4185 τὴν
1685 4114 1810 4168 ἔπι-

234 4207 566 4278 τηδειότητα
633 4206 998 4277 κεκτημένον,
1060 4205 1311 4259 τουτέστι
1380 4206 1444 4259 τὸ
1501 4206 1811 4275 ἐπιτήδειον

235 4301 374 4353 αὐτὸ
401 4298 538 4354 καθὸ
559 4296 804 4352 τοιοῦτόν
831 4300 981 4352 ἐστιν
1024 4298 1164 4367 ὅπερ
1224 4297 1411 4361 πάλιν,
1463 4300 1554 4352 ὅτε
1603 4300 1677 4370 μὴ
1730 4317 1814 4353 κι-

236 4388 407 4439 νεῖται
447 4384 662 4456 καθ’ἥν
684 4387 901 4456 πέφυκε
966 4386 1239 4442 κινεῖσθαι
1285 4387 1522 4459 κίνησιν,
1572 4392 1692 4442 τότε
1727 4389 1814 4443 λέ-

238 4494 415 4546 γομεν
441 4475 574 4528 αὐτὸ
603 4474 725 4529 κατ’
753 4476 970 4547 ἐκείνην
1014 4477 1115 4548 τὴν
1155 4477 1370 4549 κίνησιν
1398 4480 1657 4550 ἡρεμεϊψ
1686 4481 1814 4551 ἠρε-

1910 3644 2205 3713 posterius.
2243 3644 2307 3700 Et
2339 3647 2558 3714 quando
2592 3649 2736 3718 quod
2769 3647 2843 3701 ita
2876 3649 3119 3713 potentia
3151 3648 3329 3704 estad
3361 3659 3487 3703 actu

1910 3750 2030 3791 esse
2051 3738 2317 3807 procedit,
2354 3740 2425 3793 ita
2458 3748 2638 3793 tamen
2669 3748 2865 3794 utnon
2900 3742 3128 3794 omnino
3159 3747 3215 3795 et
3244 3741 3486 3810 perfecte

1910 3828 1979 3882 ab
2012 3842 2079 3883 eo
2105 3829 2373 3896 discedat,
2402 3830 2550 3900 quod
2583 3830 2827 3902 potentia
2856 3840 2977 3897 est;
3006 3843 3120 3886 tum
3158 3831 3339 3902 ipsum
3374 3848 3489 3886 mo-

1911 3920 2027 3975 veri
2060 3920 2315 3975 dicimus.

1985 4012 2075 4068 15.
2101 4012 2237 4067 Cum
2281 4022 2462 4068 autem
2498 4014 2705 4069 moveri
2729 4013 2965 4068 dicimus
2997 4013 3049 4068 id
3078 4014 3220 4082 quod
3246 4014 3488 4084 potentia

1912 4114 2016 4171 est,
2045 4121 2154 4160 non
2175 4106 2561 4176 aptitudinem,
2589 4108 2683 4162 sed
2710 4108 2762 4161 id
2790 4108 2937 4185 quod
2956 4108 3315 4176 aptitudinem
3368 4122 3496 4175 pns-

1913 4197 2073 4263 sidet,
2099 4197 2202 4251 hoc
2242 4209 2343 4263 est,
2382 4200 2561 4268 ipsum
2588 4198 2702 4271 48
2734 4212 2915 4268 aptum
2943 4208 3217 4269 quatenus
3248 4198 3354 4252 tale
3384 4208 3489 4261 est,

1916 4288 2120 4344 moveri
2161 4290 2599 4360 pronuntiamus.
2632 4290 2789 4357 Quod
2841 4306 3034 4346 rursus
3075 4305 3201 4345 eum
3238 4305 3345 4343 nou
3378 4304 3497 4341 mn-

1914 4389 2111 4445 vetur,
2148 4396 2257 4450 quo
2298 4392 2448 4436 motu
2485 4383 2691 4436 moveri
2740 4395 2924 4452 aptum
2979 4389 3096 4447 est;
3147 4393 3258 4434 tum
3312 4378 3492 4449 ipsum

1917 4473 2095 4541 quoad
2145 4473 2309 4528 iStum
2366 4484 2572 4527 motum
2619 4474 2917 4543 quiescere
2950 4473 3189 4528 dicimus
3223 4472 3288 4527 “.
3327 4474 3492 4538 Quies

246 4542 347 4638 μία
374 4569 482 4639 γάρ
513 4568 662 4621 ἐστιν
706 4542 972 4637 ἀκινησίά
1020 4542 1117 4621 τοῦ
1177 4542 1484 4638 πειρυκότος
1507 4542 1520 4550 ’
1543 4542 1808 4626 κινεῖσθαι

1919 4564 2065 4618 enim
2093 4576 2178 4618 est
2230 4565 2585 4620 immobilitas
2616 4542 2737 4633 ejus
2777 4565 2920 4635 quod
2961 4565 3032 4619 ita
3066 4575 3259 4618 natura
3306 4575 3495 4632 aptum

239 4660 331 4712 ὅτε
363 4660 601 4727 πέφυκε,
632 4658 730 4710 καὶ
757 4649 819 4711 οὗ
855 4657 1093 4727 πέφυκε,
1121 4659 1219 4712 καὶ
1245 4661 1322 4725 ὡς
1384 4664 1647 4732 πέφυκεν.
1682 4665 1811 4716 Ὅτε

247 4749 352 4818 μὲν
381 4750 651 4819 πέφυκεν,
677 4749 909 4818 ἐπείπερ
933 4748 1033 4801 οὐκ
1063 4748 1130 4802 ἂν
1181 4748 1247 4802 τδ
1301 4753 1582 4821 ἀρτιγενὲς
1612 4756 1810 4810 σκυλά-

242 4856 367 4894 κιον
407 4840 635 4909 ἠρεμεῖν
660 4837 874 4907 λέγοιτο
899 4838 1122 4921 κατὰτὸ
1143 4841 1274 4911 όρᾷν
1293 4854 1309 4872 ο
1335 4843 1549 4912 πέφυκε
1574 4846 1675 4916 μιν
1701 4850 1810 4919 γὰρ

240 4932 398 5002 όρᾷν,
424 4930 542 4984 ἀλλ’
571 4930 674 4985 οὐκ
705 4929 869 4994 εὐθὺς
890 4931 951 4984 τὸ
985 4931 1185 5001 τεχθέν
1218 4947 1234 4963 ·
1263 4933 1400 4987 ὅπου
1445 4934 1503 4989 δὲ
1538 4938 1806 5007 πέφυκεν,

241 5023 481 5092 ἐπείπερ
512 5022 611 5093 τῆς
643 5024 699 5076 ἐν
726 5021 852 5094 ἀέρι
875 5024 1166 5093 κινήσεως,
1199 5025 1301 5078 οὐκ
1348 5025 1415 5080 ἂν
1443 5028 1495 5080 οί
1530 5030 1713 5099 ἰχθύες
1735 5033 1821 5087 is:-

1918 4663 2004 4709 est
2029 4664 2088 4709 ut
2115 4656 2323 4711 moveri
2366 4657 2560 4724 possit,
2592 4656 2833 4725 quando,
2870 4656 2965 4710 ubi
2996 4666 3050 4711 et
3079 4657 3355 4724 quomodo
3398 4670 3498 4707 na-

1918 4754 2039 4799 tura
2070 4757 2256 4815 aptum
2284 4754 2387 4800 est.
2432 4744 2661 4812 Quando
2708 4745 2926 4814 quidem
2972 4755 3164 4799 natura
3201 4744 3273 4799 ita
3305 4753 3492 4813 aptum

1916 4845 2021 4903 est,
2071 4837 2330 4907 quoniam
2358 4852 2553 4893 recens
2590 4839 2770 4893 editus
2827 4837 3043 4893 catulus
3084 4837 3263 4906 quoad
3317 4837 3494 4894 visum

1916 4933 2202 5000 quiescere
2245 4946 2351 4986 non
2384 4932 2605 4988 dicitur.
2634 4930 2838 4987 Natura
2870 4933 3018 4986 enim
3058 4943 3219 5000 aptus
3252 4941 3337 4986 est
3368 4933 3496 5003 qui-

1928 5026 2070 5091 dem,
2110 5034 2170 5080 ut
2202 5023 2390 5080 videre
2440 5026 2612 5095 possit
2651 5025 2790 5081 :sed
2830 5034 3006 5081 tamen
3053 5039 3161 5081 non
3214 5027 3396 5079 statim
3440 5033 3499 5077 ut

242 5131 426 5182 γοιντο
451 5114 707 5186 ἡρεμεῐν.
738 5114 874 5169 Οὐδὲ
920 5116 1030 5187 γὰρ
1061 5118 1094 5188 ἡ
1157 5116 1320 5186 φύσις
1368 5120 1553 5186 αὐτοῖς
1585 5123 1808 5180 δέδωκει

1926 5128 2010 5172 est
2054 5116 2394 5186 editus..l)bi
2441 5125 2620 5173 autetu
2655 5126 2852 5177 natura
2900 5128 3085 5187 aptum
3137 5128 3243 5179 est.
3278 5117 3498 5186 quando

249 5207 310 5259 ιν
339 5205 544 5276 ἀερίοις
572 5201 734 5262 εἶναι.
770 5206 929 5261 Καθὰ
955 5207 1013 5261 δὲ
1035 5207 1302 5278 πέφυκεν,
1356 5212 1549 5283 ὅτιπερ
1600 5216 1701 5269 οὐκ
1753 5217 1808 5270 ἂι

1923 5208 2143 5279 quidem
2182 5210 2359 5279 quoad
2390 5219 2596 5264 motum
2625 5210 2679 5264 in
2710 5224 2835 5265 aere
2870 5210 3047 5279 pisces
3072 5210 3356 5280 quiescere
3388 5224 3499 5263 non

245 5298 296 5349 ot
320 5296 474 5365 δφεις
503 5299 603 5367 τῆς
636 5298 779 5351 κατὰ
811 5299 1029 5366 βάδισιν
1071 5301 1341 5369 κινήσεως
1398 5302 1640 5372 λέγοιντο
1688 5311 1808 5378 ἠρε-

1924 5303 2204 5354 dicuntur.
2238 5300 2427 5371 Neque
2456 5301 2600 5355 enim
2631 5309 2830 5356 natura
2863 5301 2999 5372 ipsis
3032 5300 3325 5365 concessit,
3360 5311 3415 5352 ιιι
3443 5302 3499 5355 in

251 5390 376 5457 μεῖν
407 5405 423 5423 ο
456 5389 781 5458 ἔρπυστικοὶ
805 5391 958 5461 (γὰρ)
1000 5393 1064 5444 ἐκ
1116 5394 1352 5461 φύσεως,
1411 5397 1506 5449 καὶ
1564 5398 1624 5449 οὐ
1671 5399 1808 5468 βαδι-

1923 5408 2049 5446 aere
2078 5392 2345 5450 viverent.
2375 5391 2665 5459 Quomodo
2690 5393 2925 5463 denique
2948 5400 3139 5447 natura
3172 5404 3358 5460 aptum
3393 5401 3498 5453 est,

246 5476 443 5532 στικοί.
470 5477 543 5531 Τὸ
573 5481 757 5533 τοίνυν
794 5481 1040 5550 πεφυκὸς
1067 5484 1335 5537 κινεῖσθαι
1364 5490 1483 5538 ’καὶ
1516 5486 1592 5557 μὴ
1634 5490 1808 5542 κινοῦ-

1919 5486 2363 5555 quandoquidem
2410 5497 2693 5557 serpentes
2717 5487 2899 5558 quoad
2951 5485 3235 5557 gradiendi
3292 5495 3499 5538 motum

246 5583 407 5635 μενον
438 5569 597 5621 ὁπότε
632 5571 866 5639 πέφυκε,
897 5574 989 5626 καὶ
1015 5573 1146 5627 ἔνθα
1174 5566 1409 5644 πέφυκε,
1467 5579 1563 5632 καὶ
1608 5578 1680 5640 ὡς
1713 5582 1808 5632 πέ-

1920 5578 2202 5647 quiescere
2261 5591 2369 5632 non
2422 5579 2701 5633 dicuntur.
2764 5577 3029 5647 Serpendi
3083 5578 3230 5633 enim
3283 5585 3337 5630 et
3389 5591 3497 5629 non

245 5673 385 5725 φυκε
432 5658 532 5727 τῆς
587 5662 857 5728 κινήσεως
890 5662 1093 5734 ταύτης
1144 5667 1534 5738 ἐστερημένον,
1593 5670 1808 5737 λέγεται

1926 5669 2207 5740 gradiendi
2244 5669 2555 5726 facultatem
2598 5687 2627 5725 a
2662 5683 2853 5726 natura
2889 5671 3111 5725 habent.
3142 5669 3295 5735 Quod
3339 5665 3500 5736 igitur

320 5839 364 5869 ⁸³
392 5840 424 5893 5
462 5837 619 5910 Phys.
663 5856 713 5895 c.
739 5841 795 5907 ι,
827 5851 863 5898 ι.
901 5842 993 5897 eo.
