3856 6358
407 402 551 472 1063

1586 382 2002 448 NlCEPIlOlU
2044 379 2461 447 ΒιΕιιΜιῡΕ

3508 382 3643 437 1064

465 519 522 577 5.
575 518 843 572 Prmterea
892 480 1018 565 vero
1071 480 1239 562 etiam
1297 513 1494 558 natura
1556 502 1680 557 aliis
1730 500 1967 554 molibus

2127 508 2194 555 ε’.
2238 501 2360 553 Ἔτι
2390 499 2446 553 δὲ
2474 501 2567 552 καὶ
2600 496 2761 567 cpiast
2813 499 3056 569 προτέρα
3096 495 3204 549 τῶν
3256 493 3434 550 ἄλλων
3495 491 3648 555 κινή-

400 612 549 681 prior
601 615 688 663 est
758 605 911 659 latio.
984 597 1442 671 Augmentatione
1500 594 1649 649 enim
1724 591 1978 647 alteratio

402 712 593 757 natura
630 697 780 769 prior
810 704 896 752 est
926 690 971 725 υ
1043 686 1515 764 (quandoquidem
1547 685 1697 755 quod
1753 693 1979 739 natura-

403 795 524 847 liter
549 801 799 861 augetur,
836 786 905 842 ab
969 784 1228 840 alimento
1278 777 1463 853 augeri
1511 777 1696 842 solet;
1736 774 1972 830 alimen-

402 896 518 940 tum
547 892 731 938 autem
762 879 940 950 primo
974 874 1193 946 quidem
1224 886 1334 927 non
1382 877 1467 927 est
1495 869 1674 924 simile
1732 866 1783 921 ei
1828 862 1979 935 quod

402 979 596 1041 alitur,
628 974 725 1030 sed
758 988 856 1044 per
879 969 1259 1026 alterationem
1288 965 1338 1020 ei
1384 962 1720 1020 assimilatur
1777 967 1834 1015 et
1881 975 1981 1028 ag-

402 1071 726 1141 glutinatur,
787 1066 1077 1135 ipsumque
1120 1059 1294 1116 nutrit
1342 1067 1399 1114 et
1443 1064 1648 1126 auget;
1688 1063 1848 1123 atque
1906 1052 1979 1107 ita

405 1158 910 1232 augmentationem
941 1154 1194 1211 alteratio
1252 1146 1571 1222 przecedit);
1600 1146 1978 1200 alterationent

406 1263 588 1307 autem
640 1250 834 1307 localis
888 1247 1123 1305 mutatio
1168 1242 1434 1317 praecedit
1467 1249 1485 1308 ς
1520 1237 1752 1308 exempli
1786 1234 1979 1306 gratia,

405 1345 465 1401 in
497 1343 828 1400 animalibus
851 1342 1170 1399 alimentum
1215 1336 1282 1392 ad
1318 1332 1680 1391 ventriculum
1744 1329 1980 1386 delatum

368 1446 374 1451 '
410 1437 642 1508 primam
672 1433 1053 1490 alterationem
1078 1428 1250 1494 subit,
1284 1430 1410 1484 dum
1441 1441 1537 1496 per
1581 1422 1730 1478 illius
1777 1435 1984 1477 conco-

402 1529 605 1601 quendi
639 1528 953 1583 facultatem
971 1523 1163 1596 chylus
1179 1519 1409 1578 edicitur
1439 1535 1455 1586 ;
1484 1527 1540 1574 et
1580 1519 1653 1572 ita
1685 1524 1980 1586 postquam

411 1625 476 1678 ad
505 1625 674 1693 hepar
698 1620 965 1691 pervenit,
1018 1617 1073 1672 in
1106 1614 1428 1687 sanguinem
1458 1618 1701 1666 mutatur
1729 1624 1746 1674 ;
1775 1614 1831 1661 et
1859 1607 1986 1660 hinc

406 1715 642 1785 denique
668 1715 717 1770 ei
765 1712 909 1782 quod
960 1710 1223 1775 nutritur,
1279 1703 1638 1762 assimilatur.
1694 1702 1869 1770 Atque
1927 1705 1985 1752 ut

411 1803 723 1859 summatim
759 1803 961 1867 dicam,
1001 1800 1222 1868 quando
1257 1806 1556 1863 utrumque
1607 1793 1662 1846 in
1712 1791 1840 1845 sede
1886 1803 1985 1842 sua

416 1902 614 1960 manet,
646 1908 770 1947 cum
804 1892 856 1947 id
887 1891 1032 1963 quod
1057 1889 1272 1953 alterat,
1298 1899 1411 1942 tum
1443 1885 1496 1939 id
1528 1882 1674 1953 quod
1696 1884 1979 1948 alteratur,

413 1983 528 2038 lieri
562 1982 750 2052 nequit
801 1978 1070 2036 alteratio.
1105 1976 1324 2033 Localis
1385 1990 1516 2047 ergo
1571 1985 1746 2027 motus
1802 1971 1884 2026 vel
1930 1971 1982 2025 in

408 2076 661 2140 alterato,
698 2073 779 2130 vel
810 2074 865 2128 in
902 2073 1192 2137 alterante,
1214 2071 1298 2125 vel
1332 2071 1495 2125 etiam
1527 2069 1578 2123 in
1614 2078 1846 2136 utroque
1900 2080 1986 2120 re-

406 2161 673 2232 quiritur;
701 2161 972 2230 siquidem
1048 2160 1301 2215 alteratio
1356 2157 1531 2212 futura
1565 2157 1658 2212 sit.
1716 2155 1771 2211 Si
1822 2156 1986 2226 igitur

406 2253 557 2323 prior
578 2262 666 2310 est
693 2253 949 2310 alteratio
979 2251 1217 2307 naturali
1241 2250 1464 2321 quidem
1497 2247 1983 2319 angmentatione"

408 2345 544 2416 (non
568 2346 717 2400 enim
750 2345 916 2401 etiam
980 2343 1390 2404 mathematica,
1428 2357 1536 2411 qua
1591 2340 1985 2410 circumposita

409 2450 682 2503 gnomone
758 2435 1083 2505 quadratum
1147 2431 1573 2502 augmentatur),
1612 2429 1719 2503 57
1766 2446 1984 2486 omnem

408 2536 590 2582 autem
626 2526 1005 2583 alterationem
1035 2524 1279 2594 quaedam
1327 2524 1381 2578 in
1424 2524 1546 2578 loco
1575 2523 1808 2577 mutatio
1833 2532 1987 2578 ante-

411 2618 599 2683 cedit;
663 2628 856 2673 natura
900 2617 1114 2673 caeteris
1177 2616 1419 2671 motibus
1479 2614 1807 2683 latioprior
1859 2613 1981 2668 erit.

407 2709 702 2765 Generatio
735 2711 880 2765 enim
907 2709 953 2743 ⁸⁸
976 2719 1030 2764 et
1054 2708 1337 2778 corruptio
1369 2708 1589 2777 proprie
1639 2716 1818 2761 motus
1878 2723 1984 2761 non

403 2817 528 2858 esse
562 2803 616 2857 in
649 2803 1012 2873 sequentibus
1047 2807 1525 2858 monstrabuntur.

487 2898 546 2954 6.
576 2898 849 2968 Tempore
876 2903 1136 2969 praeterea
1166 2911 1273 2950 non
1303 2894 1435 2949 solis
1495 2893 1737 2948 metibus
1766 2904 1988 2948 natura-

410 2995 556 3050 libus
583 2990 835 3062 reliquis,
851 2990 955 3060 sed
984 2988 1148 3044 etiam
1169 2986 1523 3058 generatione
1545 2995 1599 3042 et
1629 2988 1986 3056 corruptione

405 3088 619 3144 localis‘
650 3095 833 3141 motus
886 3085 1040 3154 prior
1092 3090 1198 3137 est.
1246 3079 1539 3150 Corruptio
1592 3081 1740 3136 enim
1805 3081 1985 3149 quoad

2082 609 2222 645 σεων
2256 591 2476 661 ήιρορά.
2506 591 2619 660 Τῆς
2650 592 2750 661 μὲν
2798 590 2911 661 γάρ
2946 588 3232 656 αὐξήσεως
3280 588 3315 655 ἡ
3359 582 3649 645 ἀλλαίωσίς

2080 685 2197 736 ἐστι
2217 682 2466 751 προτέρα.
2492 681 2636 735 κατὰ
2662 687 2828 749 φύσιν
2854 679 3003 752 (ἐπεὶ
3047 678 3107 730 τὸ
3130 673 3381 746 φυσικῶς
3412 670 3649 740 αὐξόμεο

2080 793 2170 832 νον
2192 776 2298 829 ὑπὸ
2354 774 2562 846 τροφῆς
2617 773 2882 839 αὔξεσθαι
2934 774 3181 841 πέφυκεν
3219 786 3235 801 ⁶
3287 770 3323 838 ἡ
3370 767 3429 842 8θέ
3476 764 3651 833 τροφὴ

2081 870 2350 942 πρότερον
2382 869 2482 938 μὲν
2520 868 2668 921 ἐστιν
2695 867 2793 936 οὐχ
2817 864 2980 937 ὁμοία
3027 864 3107 935 τῷ
3155 860 3501 933 τρεφομένῳ,
3534 856 3652 921 ἑξο-

2085 961 2336 1033 μοιοῦται
2363 960 2421 1013 δὲ
2448 959 2624 1030 τούτῳ
2642 956 2710 1013 δι’
2733 958 3097 1019 ἀλλοιώσεως.
3131 956 3240 1009 Καὶ
3262 951 3652 1023 προσκρίνεται

2084 1052 2400 1123 καὶτρέφει
2446 1053 2539 1106 καὶ
2581 1046 2736 1118 αὔξει
2787 1049 2941 1114 αὐτὸ,
3004 1048 3101 1103 καὶ
3132 1044 3276 1100 οὕτω
3328 1034 3653 1114 προηγεῖται

2080 1147 2179 1216 τῆς
2205 1145 2488 1215 αὐξήσεως
2520 1145 2553 1213 ἡ
2594 1139 2932 1209 ἀλλοίωσις),
2971 1138 3312 1201 ἀλλοιώσεως
3341 1136 3398 1190 δὲ
3428 1136 3465 1204 ἡ
3513 1134 3655 1186 κατὰ

2081 1238 2246 1291 τόπον
2287 1234 2557 1306 μεταϐολή
2589 1250 2604 1265 ο
2641 1228 2753 1286 οἷον
2790 1231 2885 1284 ἐπὶ
2915 1232 3024 1284 τῶν
3073 1230 3228 1295 ζώων
3258 1229 3293 1297 ἡ
3349 1225 3526 1296 τροφὴ
3579 1222 3655 1295 τῷ

2056 1330 2345 1402 ’στομάχῳ
2412 1326 2842 1400 προσενεχθεῖσα
2908 1325 3012 1395 τὴν
3076 1322 3304 1393 πρώτην
3366 1319 3655 1375 ἀλλοίωσιν

2084 1422 2416 1488 ἀλλοιοῦται,
2446 1419 2874 1492 χυλοποιηθεϊσα
2906 1417 2997 1472 διὰ
3025 1414 3121 1469 τοῦ
3151 1417 3209 1469 ἐν
3270 1414 3410 1484 αὐτῇ
3460 1428 3658 1463 πεπτι-

2086 1515 2206 1579 κοῦ.
2237 1517 2333 1569 καὶ
2364 1513 2789 1583 οὖτωγενομένη
2808 1511 2947 1581 πρὸς
2966 1510 3029 1562 τδ
3054 1504 3210 1582 ἧπαρ
3240 1505 3655 1574 ὲξαιματοῦται,

2086 1608 2384 1663 κάντεῦθεν
2420 1607 2763 1679 ἐξομοιοῦται
2787 1605 2867 1675 τῷ
2889 1602 3233 1675 τρεφομένῳ.
3265 1601 3377 1654 Καὶ
3423 1598 3658 1652 καθόλου

2086 1699 2134 1754 δ’
2166 1701 2362 1765 εἰπεῖν,
2428 1697 2523 1752 τοῦ
2566 1697 2909 1759 ἀλλοιοῦντος
2951 1699 3047 1750 καὶ
3107 1693 3203 1749 τοῦ
3245 1689 3657 1760 ἀλλοιουμένου,

2018 1838 2059 1892 Β
2091 1793 2364 1862 μενόντων
2395 1791 2537 1845 κατᾶ
2586 1791 2773 1863 χώραν
2825 1788 3061 1852 ἑαυτῶν,
3114 1787 3214 1841 οὐκ
3270 1785 3342 1840 ἂν
3374 1782 3658 1843 ἀλλοίωσις

2089 1883 2320 1949 γένοιτο.
2354 1884 2447 1934 Δεῖ
2471 1881 2604 1949 γοῦν
2635 1883 2905 1950 κινήσεως
2928 1879 3165 1947 τοπικῆς
3187 1877 3222 1947 ἢ
3274 1874 3371 1929 τοῦ
3420 1874 3661 1928 ἀλλοιου-

2091 1979 2277 2045 μένου,
2310 1974 2343 2042 ἢ
2391 1971 2484 2027 τοῦ
2529 1973 2895 2038 ἀλλοιοῦντος,
2949 1972 2983 2042 ἢ
3042 1971 3138 2024 καὶ
3200 1969 3552 2041 ἀμφοτέρων.
3611 1967 3660 2019 εί

2092 2064 2890 2143 μέλλειγενέσθαιἀλλοίωσις.
2942 2067 3004 2120 El
3035 2066 3216 2119 τοίνυν
3269 2063 3518 2134 προτέρα
3564 2061 3660 2131 μὲν

2089 2161 2185 2230 τῆς
2217 2160 2455 2229 φυσικῆς
2482 2158 2769 2227 αὐξήσεως
2791 2144 2835 2227 ’ἡ
2868 2157 3157 2223 ἀλλοίωσις
3201 2157 3285 2226 (οὐ
3317 2158 3429 2226 γάρ
3456 2155 3523 2223 δὴ
3568 2156 3662 2208 καὶ

2087 2254 2187 2321 τῆς
2230 2252 2621 2323 μαθηματικῆς
2654 2251 2775 2305 καθ’
2823 2253 2893 2320 ἢν
2924 2249 3151 2316 αὒξεται
3204 2249 3267 2302 τὸ
3318 2247 3661 2318 τετράγωνον

2088 2346 2152 2415 τῇ
2183 2342 2459 2415 περιθέσει
2491 2341 2586 2396 τοῦ
2621 2343 2958 2411 γνώμονος),
2994 2341 3175 2410 πάσης
3218 2338 3265 2392 δ’
3317 2337 3663 2402 ἀλλοιώσεως

2090 2436 2419 2507 προηγεῖταί
2466 2453 2548 2499 τις
2622 2435 2767 2489 κατὰ
2838 2436 3002 2489 τόπον
3055 2432 3357 2504 μεταϐολήο
3418 2429 3663 2501 προτέρα

2089 2530 2253 2597 φύσει
2326 2528 2432 2581 τῶν
2504 2528 2680 2581 ἄλλων
2741 2526 2812 2580 ἂν
2883 2528 2968 2593 εἴη
3051 2525 3326 2595 κινήσεων
3391 2523 3425 2592 ἡ
3489 2523 3657 2593 φορά.

2089 2625 2309 2686 Γένεσις
2346 2624 2454 2691 γὰρ
2503 2623 2598 2674 καὶ
2626 2619 2803 2689 φθορὰ
2837 2620 2912 2688 μὴ
2960 2613 3119 2669 οὖσαι
3155 2614 3362 2685 κυρίως
3390 2617 3659 2685 κινήσεις,

2088 2718 2146 2770 ἑν
2182 2719 2294 2779 τοῖς
2325 2715 2613 2785 ἑπομένοις
2645 2714 3045 2785 δειχθήσονται.

2161 2893 2235 2962 ς’.
2267 2896 2457 2967 Χρόνῳ
2487 2894 2543 2949 δὲ
2575 2895 2897 2966 προτερεύει
2959 2894 3035 2965 μὴ
3094 2895 3273 2965 μόνων
3324 2893 3438 2969 τῶν
3490 2893 3660 2948 ἄλλων

2090 2990 2344 3058 φυσικῶν
2402 2990 2674 3055 κινήσεων
2714 2988 2746 3056 ἠ
2798 2986 2944 3040 κατὰ
2973 2988 3163 3050 τόπον,
3195 2984 3332 3038 ἀλλὰ
3384 2984 3480 3039 καὶ
3515 2984 3664 3052 γενέ-

2092 3095 2229 3144 σεως
2257 3080 2351 3132 καὶ
2379 3078 2611 3148 φθορᾶς.
2644 3079 2823 3147 Φθορὰ.
2883 3080 2981 3149 μὲν
3011 3081 3121 3148 γὰρ
3157 3079 3377 3148 ἁπάσης
3418 3078 3664 3149 μεταϐο-

406 3193 616 3250 tempus
649 3176 801 3233 omni
835 3174 1137 3231 mutatione
1162 3174 1266 3234 est'
1290 3173 1585 3243 posterior,
1629 3183 1688 3228 ut
1727 3189 1851 3247 qua:
1907 3173 1976 3227 ab

2092 3172 2179 3242 ’.ἧς
2223 3173 2625 3241 ὑστεροχρονεί,
2690 3170 2987 3240 μετάϐασις
3039 3173 3106 3224 ὲκ
3170 3170 3271 3223 τοῦ
3329 3171 3482 3237 ὄντος
3531 3166 3665 3224 οὖσα

409 3291 475 3330 eo
504 3275 646 3344 quod
685 3282 767 3328 est
794 3272 859 3325 ad
900 3270 948 3325 id
978 3269 1124 3339 quod
1158 3283 1269 3323 non
1297 3277 1402 3332 est,
1438 3268 1695 3325 transitio
1743 3268 1853 3321 sit;
1882 3265 1984 3321 Ge-

409 3368 619 3422 neratio
653 3373 835 3420 autem
865 3348 996 3417 “'in
1027 3375 1355 3431 unoquoque
1390 3374 1580 3416 eorum
1645 3374 1767 3429 qua:
1825 3358 1986 3424 ﬁunt,

404 3458 450 3513 si
488 3473 653 3512 unum
687 3457 937 3513 videlicet
961 3454 1218 3524 idemque
1245 3453 1628 3523 respiciamus,
1662 3453 1816 3521 prior
1860 3467 1987 3522 per-

354 3614 361 3617 _
412 3549 694 3619 spicietur.
724 3546 1089 3615 Posteaquam
1133 3544 1278 3598 enim
1333 3558 1420 3599 res
1457 3552 1715 3613 generata
1781 3552 1892 3606 est,
1934 3550 1988 3597 et

412 3655 509 3710 per
569 3640 862 3694 essentiam
941 3635 1218 3701 subsistit,
1304 3647 1432 3689 tunc
1487 3635 1708 3689 domum
1776 3635 1989 3688 caeteris

413 3732 674 3795 motibus,
707 3739 762 3784 et
793 3728 1012 3783 tandem
1039 3727 1197 3781 locali
1235 3734 1502 3781 movetur.
1566 3725 1623 3781 Si
1673 3735 1858 3781 autem
1888 3741 1988 3779 co-

409 3825 653 3892 gitamus
678 3820 1051 3892 antiquiorem
1087 3818 1201 3874 ﬁlio
1256 3830 1465 3888 patrem
1517 3833 1662 3885 esse,
1716 3826 1990 3889 quatenus

416 3915 691 3986 perfectus
722 3914 885 3970 homo
914 3921 1044 3968 ante
1071 3912 1194 3978 fuit,
1227 3920 1282 3967 et
1315 3924 1462 3966 motu
1493 3912 1650 3967 locali
1673 3929 1780 3968 non
1813 3914 1994 3969 caruit

406 4012 569 4064 etiam
600 4019 890 4076 antequam
920 4018 1072 4075 pater
1109 4006 1259 4061 ﬂeret
1292 4022 1307 4071 ;
1340 4013 1528 4075 atque,
1567 4015 1626 4059 ut
1674 4006 1991 4060 summatim

407 4104 608 4167 dicam,
643 4101 841 4154 ctutum
877 4114 963 4154 res
1001 4112 1191 4152 omnes
1223 4097 1472 4153 conditas
1501 4106 1778 4153 vetustate
1833 4114 1995 4168 supe-

301 4211 307 4217 '
410 4206 554 4254 rare,
599 4192 856 4244 lationem
922 4200 1104 4242 autem
1152 4188 1295 4242 caelo
1357 4202 1480 4242 esse
1537 4188 1806 4251 insitam;
1860 4203 1995 4249 sane

408 4284 540 4337 latio
597 4283 764 4337 etiam
824 4280 1005 4350 quoad
1071 4288 1288 4350 tempus
1360 4281 1509 4334 omni
1554 4291 1701 4334 motu
1733 4290 1787 4333 et
1816 4294 1995 4337 muta.

407 4376 578 4437 tione,
607 4373 851 4441 adeoque
881 4374 1043 4426 etiam
1078 4373 1193 4441 ipsa
1253 4372 1610 4441 generatione
1671 4373 1820 4442 prior
1870 4390 1995 4428 esse

410 4465 867 4533 deprehendetur.
906 4462 1274 4519 Genet-mione
1330 4474 1511 4518 autem
1561 4464 1686 4519 dico
1725 4466 1981 4530 naturali,

2089 3270 2228 3339 πρὸς
2256 3267 2315 3321 τὸ
2347 3266 2421 3338 μὴ
2442 3266 2522 3319 6ν⁵
2552 3268 2769 3333 γένεσις
2813 3267 2868 3319 δὲ
2893 3266 3139 3337 προτέρα
3173 3267 3274 3336 μὲν
3312 3268 3398 3337 ἐφ’
3434 3268 3664 3322 ἑκάστου

2088 3362 2197 3415 τῶν
2221 3360 2549 3431 γινομένων,
2579 3357 2674 3413 τοῦ
2708 3358 2872 3413 αὑτοῦ
2900 3359 3099 3429 δηλαδὴ
3144 3360 3240 3413 καὶ
3289 3361 3409 3423 ἑνὸς
3437 3376 3669 3414 σκοπου-

2094 3454 2277 3524 μένοις
2346 3450 2786 3520 θεωρηῢήσεται.
2843 3450 3001 3505 Μετὰ
3068 3449 3176 3521 γὰρ
3225 3452 3285 3505 τὸ
3317 3451 3577 3520 γενέσθαι
3598 3454 3669 3505 ςτδ

2094 3545 2329 3613 πρᾶγμα
2394 3542 2490 3594 καὶ
2553 3540 2677 3596 κατ’
2763 3542 2956 3596 οὐσίαν
3016 3542 3347 3609 ὑποστῆναι,
3405 3542 3530 3596 τότε
3572 3546 3670 3606 τὰς

2091 3635 2261 3698 ἄλλας
2289 3638 2524 3689 κινεῖται
2554 3637 2826 3706 κινήσεις.
2870 3636 2968 3688 καὶ
3023 3635 3345 3689 τελευταίαν
3387 3637 3486 3704 τὴν
3516 3653 3672 3690 τοπι-

2093 3729 2217 3797 κήν.
2263 3725 2538 3780 Ἐννοοΰσι
2569 3725 2801 3794 δ’ἡμῖν,
2856 3724 2932 3789 ὡς
2981 3726 3010 3777 ό
3067 3725 3248 3796 πατὴρ
3297 3725 3670 3797 πρεσϐύτερος

2092 3819 2187 3873 τοῦ
2224 3818 2342 3872 υἱοῦ
2370 3819 2580 3883 τέλειος
2612 3818 2904 3890 ἄνθρωπος
2955 3817 3051 3881 ὢν,
3084 3819 3179 3871 καὶ
3214 3820 3311 3888 τῆς
3338 3819 3479 3873 κατά
3509 3819 3671 3873 τόπον

2098 3911 2176 3982 μὴ
2203 3911 2571 3982 ἐστερημένος
2604 3912 2900 3982 κινήσεως,
2960 3913 3057 3964 καὶ
3104 3910 3210 3980 πρὸ
3272 3909 3367 3963 τοῦ
3418 3910 3672 3978 γενέσθαι

2094 4007 2299 4076 πατὴρ,
2350 4005 2487 4067 ὅλως
2515 4020 2574 4057 τε
2604 4003 2698 4058 τοῦ
2730 4003 2964 4075 γενητοῦ
3018 4005 3221 4067 παντὸς
3250 4005 3278 4056 ό
3323 4004 3548 4074 οὐρανὸς
3574 4004 3671 4073 ἁρ-

2095 4100 2406 4170 χαιότατος,
2438 4097 2515 4167 τῷ
2554 4097 2598 4149 δ’
2628 4097 2843 4168 οὐρανῷ
2868 4098 3126 4169 συμφυὴς
3163 4098 3194 4166 ἡ
3233 4098 3394 4165 φορὰ,
3447 4100 3671 4157 πάντως

2096 4194 2128 4260 ὴ
2166 4190 2311 4261 φορά
2337 4192 2581 4260 προτέρα
2617 4191 2712 4243 καὶ
2770 4189 2908 4243 κατὰ
2942 4190 3134 4258 χρόνον
3188 4190 3369 4258 πάσης
3405 4193 3671 4258 κινήσεως

2100 4285 2193 4336 καὶ
2227 4282 2532 4354 μεταϐολῆς
2553 4283 2649 4336 καὶ
2672 4282 2842 4351 αὐτῆς
2885 4283 2951 4352 δὴ
2978 4283 3077 4352 τῆς
3125 4283 3393 4351 γενέσεως
3439 4282 3672 4351 εὑρεθή-

2101 4389 2276 4430 σεται.
2313 4377 2584 4439 1”ενέσεως
2607 4376 2664 4428 δὲ
2693 4375 2836 4445 λέγω
2885 4374 2986 4443 τῆς
3020 4375 3257 4444 φυσικῆς
3303 4376 3427 4446 ἥτις
3457 4377 3608 4428 ἐστὶν
3638 4378 3670 4447 ἡ

2099 4470 2162 4520 ἐκ
2194 4466 2287 4520 τοῦ
2312 4467 2537 4535 δυνάμει
2569 4466 2743 4533 ὄντος,
2774 4467 3030 4537 ἐνεργείᾳ
3049 4465 3104 4518 δὲ
3162 4467 3237 4536 μὴ
3267 4465 3442 4529 ὄντος,
3487 4468 3568 4530 εἰς
3617 4468 3675 4519 τὸ

408 4574 530 4626 quae
554 4572 621 4611 ex
657 4573 721 4611 eo
753 4558 895 4626 quod
921 4557 1158 4626 potenti.)
1214 4566 1323 4617 est,
1378 4565 1502 4609 actu
1560 4572 1689 4611 vero
1722 4556 1833 4627 58
1862 4572 1981 4632 ,που

2092 4561 2343 4627 ἐνεργείᾳ
2393 4528 2534 4612 εῖναι
2593 4528 2823 4629 πρόοϐος
2869 4528 2970 4611 ’καὶ
3005 4528 3325 4628 ’μετά-ϐασις
3397 4528 3673 4628 ἐγχρονος.

409 4661 512 4714 est,
580 4650 646 4703 ad
710 4662 835 4702 actu
891 4663 1016 4702 esse
1060 4648 1372 4718 progressio
1414 4660 1499 4703 est
1558 4657 1611 4701 et
1669 4650 1987 4719 temporalis

329 4787 335 4804 ,
408 4743 695 4796 transitus.
724 4740 1179 4809 Quandoquidem
1210 4744 1378 4795 etiam
1451 4743 1615 4796 aliam
1678 4744 1988 4811 generatio-

411 4849 535 4887 nem
559 4836 698 4888 ratio
729 4836 977 4902 agnosmt
1013 4836 1248 4887 naturali
1296 4836 1698 4898 sublimiorem,
1758 4851 1879 4904 qum
1905 4848 1991 4890 est

417 4924 658 4979 universi
720 4940 783 4977 ex
821 4940 1046 4993 prorsus
1107 4925 1277 4979 nihilo
1331 4927 1653 4978 exsistuntia
1702 4935 1756 4978 et
1815 4927 1987 4993 prima

415 5015 746 5084 procreatio.
810 5014 1285 5081 Quemadmodum
1332 5017 1478 5069 enim
1532 5015 1789 5070 efficiens.
1826 5033 1989 5071 causa

415 5108 615 5177 duplex
643 5115 728 5161 est
760 5123 775 5172 ;
806 5116 862 5159 et
885 5108 1192 5177 propinqua
1219 5122 1341 5176 quae
1369 5117 1565 5162 natura
1595 5124 1717 5163 esse
1758 5109 1987 5174 dicitur,

414 5207 469 5250 et
533 5197 792 5266 primario
845 5212 909 5250 ac
986 5198 1209 5267 proprie
1264 5212 1451 5261 causa,
1514 5216 1634 5268 qua:
1693 5208 1779 5253 est
1838 5218 1992 5255 mens

413 5290 848 5354 atcltiteclatrix;
874 5291 952 5345 sic
976 5290 1260 5359 generatio
1292 5294 1490 5359 duplex
1521 5300 1604 5347 est
1633 5308 1738 5346 una
1768 5294 1988 5363 quidem

416 5397 482 5433 ex
507 5382 952 5449 pransuhsistente
982 5391 1105 5449 apta
1142 5383 1371 5438 materia
1398 5385 1463 5438 ad
1499 5383 1728 5440 formam
1749 5386 1986 5454 aliquam

417 5492 539 5530 cum
573 5476 857 5545 temporali
889 5477 1210 5531 extensione
1240 5478 1530 5546 productio
1553 5478 1736 5549 (cujus
1766 5480 1989 5550 quidem

416 5566 783 5635 generationis
814 5566 1144 5636 principium
1192 5578 1246 5621 et
1294 5582 1485 5633 causa,
1543 5569 1650 5634 vel,
1701 5577 1758 5623 ut
1811 5570 1994 5624 verius

504 5770 545 5801 "
576 5770 609 5824 8
648 5768 810 5838 Phys.
848 5786 896 5824 c.
929 5770 1011 5835 l0,
1044 5784 1082 5826 t.
1112 5772 1200 5835 55,
1227 5783 1277 5827 ct
1307 5773 1342 5825 2
1373 5772 1436 5825 de
1474 5773 1685 5839 Anima,
1712 5790 1758 5830 c.
1792 5774 1844 5839 Α,
1884 5786 1922 5832 ι.
1951 5777 2038 5832 43.

417 5840 472 5907 3,
504 5852 543 5895 t.
588 5842 775 5895 ιονιξ.
856 5843 899 5872 δι
924 5849 954 5896 δ
990 5848 1149 5915 t‘nys.
1182 5862 1229 5899 c.
1274 5846 1355 5909 to,
1396 5854 1431 5896 t.
1467 5844 1554 5897 57.

2106 4652 2264 4704 Ἐπεί
2296 4652 2379 4704 τοί
2410 4668 2471 4719 γε
2504 4651 2598 4705 καὶ
2627 4652 2792 4722 ἀλλην
2823 4652 3035 4720 γένεσιν
3065 4648 3204 4703 οἶδεν
3251 4652 3279 4703 ὁ
3321 4650 3499 4718 λόγος,
3535 4651 3675 4719 ὑπὲρ

2092 4744 2190 4809 τὴν
2219 4745 2458 4812 φυσικὴν
2489 4742 2658 4798 οὖσαν
2706 4750 2807 4812 τὴν
2860 4744 2924 4797 ἐκ
2977 4743 3073 4797 τοῦ
3136 4744 3360 4815 μηδαμῆ
3410 4742 3675 4812 μηδαμῶς

2094 4835 2249 4897 ὄντος
2288 4835 2527 4905 ὓπαρξιν
2549 4835 2643 4888 τοῦ
2679 4835 2994 4899 σύμπαντος
3056 4835 3152 4886 καὶ
3221 4834 3447 4903 πρώτην
3481 4832 3678 4884 ouatio—

2102 4944 2206 4982 σιν.
2236 4928 2453 4997 ’Ὠσπερ
2483 4930 2595 4997 γὰρ
2623 4929 2683 4981 τὺ
2712 4926 3002 4996 ποιητικὸν
3047 4926 3223 4978 αἴτιον
3276 4924 3476 4989 διττὸν,
3515 4925 3579 4976 τό
3617 4939 3674 4975 τε

2098 5020 2366 5088 προσεχὲς
2392 5021 2535 5093 ῥπερ
2573 5023 2606 5089 ὴ
2638 5020 2800 5088 φύσις
2826 5020 3049 5086 λέγεται
3094 5014 3256 5081 εἶναι,
3298 5019 3394 5071 καὶ
3437 5018 3498 5069 τὸ
3525 5018 3677 5087 πρώο

2097 5130 2202 5175 τως
2244 5114 2341 5165 καὶ
2373 5114 2581 5184 κυρίως
2610 5114 2804 5177 αἴτιον,
2840 5112 2975 5180 ὅπερ
3033 5111 3181 5163 ἐστὶν
3237 5112 3265 5163 ὁ
3323 5104 3447 5173 νοῦς
3493 5110 3521 5162 ό
3580 5112 3676 5178 δηο

2101 5207 2362 5277 μιουργός
2389 5220 2406 5237 ·
2448 5205 2592 5258 οὕτω
2625 5205 2778 5279 διττὴ
2823 5206 3121 5277 ηγένεσις.
3161 5205 3194 5274 ἡ
3235 5206 3426 5279 μὲνὲκ
3456 5207 3674 5272 προῦφο

2101 5300 2347 5371 εστώσης
2403 5298 2537 5367 ὕλης
2588 5297 2898 5365 ἐπιτηδείου
2962 5297 3041 5360 εἰς
3081 5292 3220 5359 εἶδός
3269 5313 3323 5348 τι
3372 5299 3672 5364 προαγωγὴ

2103 5392 2240 5460 μετὰ
2268 5392 2529 5462 χρονικῆς
2560 5393 2925 5462 παρατάσεως
2955 5390 3182 5460 (ταύτης
3200 5390 3255 5443 δὲ
3282 5390 3383 5458 τῆς
3408 5388 3675 5457 γενέσεως

2099 5483 2242 5552 ἁρχὴ
2278 5485 2370 5537 καὶ
2400 5484 2553 5538 αίτία
2578 5484 2876 5557 προσεχὴς,
2910 5485 2972 5537 τὸ
2993 5484 3039 5536 δ’
3070 5482 3456 5552 ἀληθέστερον,
3486 5498 3675 5535 συναι-

2106 5574 2198 5626 τία
2227 5576 2259 5643 ἡ
2292 5572 2454 5643 φύσις
2484 5573 2676 5644 ὲστίν)·
2714 5576 2748 5644 ἡ
2780 5574 2824 5627 δ’
2858 5574 3018 5646 ἑτέρα
3079 5573 3293 5642 γένεσις
3340 5570 3676 5640 δημιουργία

2117 5776 2161 5809 θ’
2194 5775 2311 5832 Lib.
2348 5775 2767 5850 Categoriarum
2808 5792 2859 5834 c.
2901 5778 2988 5844 Η,
3018 5792 3060 5828 s.
3099 5776 3153 5829 ε’.
3235 5772 3279 5804 ⁸³
3318 5772 3351 5827 5
3387 5770 3553 5842 Phys.
3619 5782 3673 5829 e.
