3868 6512
239 452 388 520 1065

239 666 410 736 χωρὶς
439 662 537 733 τῆς
568 661 784 716 οἱασοῦν
816 661 1204 730 παρατάσεως.
1254 658 1473 726 Ταύτης
1523 660 1621 727 τῆς
1654 658 1805 723 γενέ-

242 773 384 818 σεως
406 755 561 826 ’ἀρχή
585 759 678 809 καὶ
703 755 854 809 αἰτία
887 754 1022 826 μόνη
1051 753 1254 823 ἐστὶνὴ
1281 744 1621 819 παντουργδς
1651 748 1812 814 σοφία

240 849 338 900 καὶ
394 847 624 917 δύναμις
651 846 765 900 τοῦ
813 846 974 912 Θεοῦ,
1037 847 1071 914 ἠ
1116 844 1215 899 καὶ
1268 843 1369 914 τῆς
1395 841 1528 910 ὖλης
1572 841 1667 894 καὶ
1711 840 1813 908 τῆς

243 940 461 1003 φύσεως
489 941 584 993 καὶ
611 940 722 996 τῶν
748 939 918 992 ὄντων
946 937 1206 992 ἁπάντων
1235 935 1519 1006 ποιητική.
1563 933 1689 995 Πῶς
1714 932 1815 1001 μὲν

244 1030 340 1087 οὖν
390 1035 423 1105 ἡ
469 1034 611 1088 κατὰ
663 1034 830 1087 τόπον
889 1031 1164 1102 μεταϐολὴ
1219 1028 1414 1100 πρώτη
1478 1027 1670 1081 πασῶν
1705 1025 1814 1079 τῶν

244 1127 520 1195 κινήσεων
545 1127 638 1181 καὶ
665 1128 832 1199 αὐτῆς
859 1129 958 1200 τῆς
989 1126 1257 1197 γενέσεως
1317 1123 1413 1176 καὶ
1472 1119 1631 1183 ποίας
1667 1118 1816 1187 γενέ-

245 1234 410 1287 σεως,
424 1223 661 1294 εἴρηται.

318 1402 382 1468 ζ’.
417 1403 586 1467 Δῆλον
610 1404 658 1458 δ’
698 1406 763 1459 ἐκ
795 1404 903 1458 τῶν
938 1404 1268 1475 είρημένων,
1298 1404 1382 1458 ὅτι
1431 1405 1524 1458 καὶ
1567 1406 1600 1475 ἠ
1628 1405 1818 1475 κύκλῳ

245 1496 460 1562 κίνησις
489 1495 680 1549 πασῶν
738 1496 1058 1567 προτερεύει
1096 1497 1207 1551 τῶν
1261 1498 1403 1551 κατὰ
1445 1496 1612 1551 τόπον
1662 1498 1820 1567 κινή-

246 1590 408 1647 estea.
435 1590 517 1643 ὅτι
538 1590 633 1643 καὶ
657 1589 734 1656 τῷ
770 1590 972 1659 πρώτῳ
1003 1590 1113 1644 τῶν
1166 1589 1443 1661 αἰσθητῶν
1499 1592 1819 1659 κτισμάτων

245 1680 326 1750 τῷ
353 1680 568 1751 οὐρανῷ
618 1682 895 1752 συμφυής.
950 1681 1133 1753 Τριῶν
1171 1681 1264 1736 οὖν
1322 1682 1818 1753 οὐσῶν,κινήσεων

245 1773 515 1839 τοπικῶν,
548 1773 645 1843 τῆς
678 1774 764 1827 ἐπ’
796 1773 1034 1841 εὐθείας,
1057 1776 1155 1845 τῆς
1202 1775 1412 1843 κύκλῳ,
1474 1777 1569 1829 καὶ
1599 1776 1698 1844 τῆς
1755 1776 1821 1829 ὲκ

246 1867 454 1921 τούτων
489 1868 828 1937 μικτῆς,τῆς
862 1867 967 1939 μὲν
997 1868 1192 1939 μικτῆς
1225 1868 1381 1939 οὐχή
1414 1868 1601 1939 κύκλῳ
1637 1870 1816 1939 μόνον,

248 1958 386 2011 ἀλλά
419 1959 587 2030 καὶὴ
645 1959 734 2013 ἐπ’
782 1959 1005 2023 εὐθείας
1056 1949 1408 2029 ὡμολόγηται
1460 1960 1822 2030 προτερεύειν

252 2051 396 2116 (ἐπεὶ
418 2052 528 2105 τῶν
553 2053 828 2106 συνθέτων
866 2051 1033 2121 φύσει
1076 2052 1311 2123 πρότερα
1372 2054 1441 2106 τὰ
1472 2054 1667 2123 άπλᾶ)·
1723 2056 1821 2123 τῆς

250 2143 296 2198 δ’
328 2145 415 2195 ἐπ’
438 2146 654 2206 εὐθείας
680 2144 874 2216 πρώτη
902 2146 1053 2198 ἐστὶν
1076 2147 1109 2214 ἡ
1149 2144 1355 2217 κύκλῳ,
1415 2145 1550 2199 διότι
1583 2148 1678 2200 καὶ
1728 2148 1826 2214 ἀρα

254 2239 517 2307 χαιοτέρα
555 2239 651 2292 καὶ
674 2238 811 2292 διότι
845 2240 1220 2310 μονιμωτέρα.
1237 2239 1388 2309 Μόνη
1415 2238 1524 2307 γάρ
1559 2238 1697 2308 αὐτη
1731 2239 1825 2291 δύ-

259 2334 422 2382 ναται
460 2331 691 2401 συνεχὴς
727 2326 866 2384 εἶναι
898 2331 1073 2384 διόλου
1107 2332 1220 2385 τῶν
1263 2330 1438 2385 ἄλλων
1474 2331 1531 2398 ἐξ
1578 2334 1826 2386 ἀντικει-

259 2416 439 2487 μένων
470 2422 550 2484 είς
580 2423 933 2492 ἀντικείμενα
970 2425 1276 2496 γινομένων
1301 2423 1396 2479 καὶ
1416 2424 1827 2478 διακόπτουσῶν

258 2514 321 2576 ἐξ
345 2514 591 2584 ἀνάγκης
622 2514 681 2568 τὸ
712 2518 955 2586 συνεχὲς,
988 2517 1064 2586 μὴ
1101 2517 1262 2578 μόνον
1308 2519 1418 2572 τῶν
1470 2518 1713 2572 τοπικῶν
1743 2537 1828 2570 κι-

256 2608 471 2673 νήσεων
494 2608 781 2676 τῶνπαρὰ
810 2609 908 2678 τὴν
936 2609 1146 2676 κύκλῳ,
1171 2610 1305 2665 ἀλλὰ
1336 2612 1428 2664 καὶ
1477 2611 1584 2664 τῶν
1624 2613 1708 2664 ἑτέ
1718 2629 1826 2682 ρων

263 2697 579 2765 μεταὸολῶν
604 2715 618 2730 ο
639 2701 673 2769 ἡ
717 2701 816 2769 μὲν
842 2702 950 2770 γάρ
979 2700 1195 2769 γένεσις
1222 2704 1284 2755 ὲκ
1333 2702 1425 2756 τοῦ
1459 2702 1532 2772 μὴ
1554 2704 1707 2764 ὄντος
1744 2706 1827 2767 εἰς

258 2796 324 2843 τὸ
354 2789 414 2844 ὃν
444 2792 675 2859 γίνεται,
708 2795 741 2863 ἠ
771 2794 826 2846 δὲ
862 2794 1040 2866 φθορὰ
1065 2797 1130 2848 ἐκ
1171 2794 1268 2848 τοῦ
1307 2796 1459 2859 ὄντος
1501 2799 1583 2860 είς
1643 2799 1700 2848 τὸ
1751 2799 1825 2867 μὴ

258 2883 323 2938 δν
348 2897 366 2915 ⁶
395 2887 429 2955 ἠ
460 2884 690 2955 αὔξησις
728 2890 791 2940 ὲκ
814 2887 908 2941 τοῦ
952 2887 1155 2959 μικροῦ
1196 2891 1275 2949 εἰς
1315 2889 1377 2942 τὸ
1442 2891 1585 2957 μέγα
1618 2906 1632 2919 ο
1659 2891 1750 2942 καὶ
1794 2892 1826 2961 ἠ

260 2976 465 3045 φθίσις,
499 2980 677 3032 εἰτουν
724 2980 757 3049 ἠ
790 2981 1037 3050 μείωσις,
1102 2983 1167 3036 ἐκ
1196 2980 1292 3034 τοῦ
1353 2982 1600 3051 μείζονος
1643 2985 1723 3043 εὶς
1769 2982 1828 3035 τὸ

260 3071 520 3125 ἔλαττον·
550 3075 584 3143 ἠ
623 3072 911 3136 ἀλλοίωσις
950 3075 1013 3129 ἐκ
1057 3073 1167 3127 τῶν
1210 3076 1470 3129 ἐναντίων
1507 3076 1696 3130 παθῶν
1747 3078 1827 3141 είς

257 3164 555 3219 τᾶναντίαυ
594 3167 689 3219 καὶ
721 3166 753 3235 ἠ
786 3164 872 3219 ἐπ’
905 3166 1121 3230 εὐθείας
1158 3167 1301 3236 φορά
1341 3170 1403 3221 ἐκ
1429 3168 1826 3247 τῶνοὲναντίων

1492 440 1830 505 EPITOME
1864 438 2208 503 Plli'SlCA.

239 571 336 626 τοῦ
362 570 714 640 πράγματος,
740 567 835 620 καὶ
862 564 956 621 τοῦ
988 566 1113 637 μηδ’
1143 566 1281 629 ὅλως
1307 565 1459 625 ὄντος
1496 579 1803 633 παραγωγη

1933 575 2121 630 uqttar,
2154 559 2420 626 adiuvans
2452 571 2617 613 causa
2674 562 2760 611 est
2824 555 3043 629 natura)
3081 572 3094 622 ;

1915 652 2193 724 generatio
2218 661 2303 708 est
2319 652 2439 706 εσυ(
2458 651 2532 705 tio
2556 651 2660 717 rei,
2684 659 2737 705 et
2758 649 2878 719 ejus
2907 650 3051 720 quod
3079 650 3231 706 nullo
3261 653 3487 705 Ollmitm

3349 432 3484 511 106ﬁ

3146 556 3317 612 altera
3356 575 3485 611 νιιινιι

1918 748 2081 803 modo
2105 755 2247 812 erat,
2273 745 2393 801 sine
2450 744 2558 799 ulla
2591 744 2915 799 extensione
2970 744 3253 799 adductio.
3312 746 3490 814 Atque.

1920 840 2148 911 hujusce
2183 838 2551 909 generationis
2577 838 2907 907 principium
2949 845 3005 891 et
3060 850 3227 892 causa
3259 837 3376 892 sola
3402 848 3485 888 est

1918 934 2164 988 omnium
2193 945 2375 985 rerum
2407 930 2654 986 eﬂ‘eetrix
2707 928 2979 999 sapientia
3009 938 3062 985 et
3095 931 3337 999 potentia
3368 931 3488 993 DCI,

1919 1042 2040 1095 quae
2065 1034 2119 1081 et
2147 1026 2389 1081 materia:
2412 1020 2465 1079 et
2488 1033 2719 1090 naturae,
2755 1031 2810 1079 et
2861 1023 3108 1079 omnium
3162 1039 3287 1092 qua:
3342 1034 3495 1088 sunt,

1919 1115 2160 1171 effectrix
2194 1124 2298 1171 est.
2329 1115 2613 1181 Quomodo
2651 1116 2815 1180 igitur
2856 1113 3052 1170 localis
3076 1116 3319 1170 mutatio
3371 1131 3492 1169 0m-

1922 1210 2085 1265 nibns
2124 1209 2388 1275 motibus,
2416 1210 2642 1278 ipsaque
2680 1210 2842 1265 etiam
2885 1211 3239 1281 generatione
3266 1219 3319 1264 et
3344 1212 3493 1279 quali

1923 1305 2277 1375 generatione
2312 1304 2463 1373 prior
2498 1303 2593 1367 sit,
2622 1304 2827 1359 dictum
2856 1313 2961 1360 est.

1910 1398 1911 1401 “
1994 1397 2047 1450 7.
2083 1395 2155 1449 Ex
2192 1393 2279 1451 his
2301 1411 2426 1450 vero
2453 1412 2574 1464 quae
2634 1396 2777 1451 dicta
2832 1408 2982 1463 sunt,
3045 1406 3261 1453 constat
3308 1398 3497 1458 etiam.

1923 1488 2066 1555 quod
2103 1497 2284 1543 motus
2313 1487 2598 1542 circularis
2622 1488 2878 1545 omnibus
2926 1487 3198 1544 localibus
3258 1491 3500 1545 moribus

1923 1580 2078 1649 prior
2143 1580 2255 1646 sit;
2310 1580 2438 1650 quia
2521 1582 2685 1635 etiam
2737 1579 2847 1650 59
2908 1581 3100 1650 prima:
3147 1582 3494 1637 sensibilium

1925 1683 2322 1735 creaturarum,
2354 1686 2547 1740 nempe
2578 1674 2739 1738 ccelo,
2787 1687 2817 1727 a
2846 1684 3039 1728 natura
3088 1683 3171 1729 est
3201 1676 3399 1730 insitus
3431 1677 3498 1727 ⁸⁸.

1926 1764 2058 1818 Cum
2088 1765 2252 1835 igitur
2287 1773 2396 1820 tres
2427 1766 2623 1821 locales
2648 1765 2756 1831 sint
2785 1774 2988 1831 motus,
3011 1769 3103 1837 qui
3152 1783 3319 1838 super
3349 1782 3498 1824 recta

1925 1858 2061 1911 linea
2087 1857 2166 1922 (it,
2201 1859 2508 1923 circularis,
2561 1866 2617 1913 et
2656 1874 2719 1914 ex
2770 1859 2856 1915 his
2914 1861 3155 1917 tnistus:
3197 1856 3381 1932 palani
3442 1865 3493 1915 in

1853 1940 1893 1993 Β
1925 1952 2179 2005 confesso
2217 1958 2301 2005 est
2341 1950 2412 2015 “,
2476 1964 2585 2006 non
2626 1952 2951 2007 circularetn
3005 1963 3239 2020 tantum,
3295 1954 3392 2010 sed
3442 1971 3498 2007 et

1929 2042 2265 2098 rectilineum
2300 2044 2461 2099 mile
2489 2045 2702 2100 anteire
2737 2045 3020 2114 (quoniam
3084 2055 3281 2101 natura
3336 2060 3491 2101 cem-

1927 2139 2122 2205 pusitis
2183 2137 2449 2207 simplicia
2503 2139 2683 2208 priora
2745 2141 2946 2209 sunt);
2983 2139 3271 2196 rectilineo
3309 2151 3492 2193 autem

1927 2229 2247 2285 circularem
2283 2230 2520 2300 priorem
2549 2246 2858 2300 esse;cutn
2899 2233 3027 2303 quia
3080 2243 3168 2288 est
3193 2234 3497 2303 antiqninr,

1929 2334 2040 2377 tum
2065 2322 2192 2393 quia
2216 2325 2581 2379 eststabilior.
2615 2324 2780 2381 Solus
2804 2325 2952 2381 enim
2985 2324 3029 2356 ⁸⁷
3049 2327 3273 2381 omnino
3315 2330 3460 2380 conti
3480 2354 3492 2365 -

1928 2426 2070 2465 nutts
2119 2427 2242 2467 esse
2283 2422 2496 2483 potest;
2539 2428 2662 2469 cum
2716 2414 2902 2471 cmteri
2959 2431 3026 2471 ex
3092 2417 3386 2472 contrariis
3449 2420 3502 2470 in

1928 2505 2200 2558 contraria
2235 2504 2384 2570 liam,
2427 2512 2484 2562 et
2517 2523 2623 2561 non
2651 2515 2860 2564 tantum
2921 2508 3120 2564 locales
3152 2518 3358 2577 motus,
3408 2525 3505 2564 ex-

1930 2605 2086 2664 cepto
2143 2598 2426 2665 circttlari,
2494 2601 2586 2655 sed
2650 2602 2814 2655 etiam
2885 2602 3108 2673 reliqua:
3168 2606 3503 2659 mutationes

1930 2692 2342 2749 cuntinnitatetn
2395 2697 2705 2753 necessario
2772 2699 3130 2755 intersecent.
3205 2699 3502 2755 Generatin

1931 2785 2073 2840 enim
2111 2803 2174 2841 ex
2203 2803 2268 2843 eo
2303 2790 2448 2859 quod
2474 2772 2586 2844 non
2612 2801 2694 2847 est
2720 2791 2773 2846 in
2807 2791 2860 2847 id
2906 2793 3052 2863 quod
3079 2802 3164 2849 εει
3195 2792 3276 2860 ⁶⁸;
3314 2810 3503 2849 corru-

1932 2879 2045 2948 ptio
2077 2894 2142 2934 ex
2170 2895 2237 2936 eo
2270 2883 2413 2950 quod
2446 2892 2552 2950 est,
2586 2885 2640 2938 in
2674 2885 2722 2938 id
2761 2886 2904 2955 quod
2937 2889 3044 2940 non
3067 2893 3172 2952 est,
3206 2886 3321 2942 ﬁeri
3373 2903 3502 2942 con-

1932 2976 2149 3040 suevit;
2181 2978 2549 3046 angmentatio
2576 2992 2640 3032 ex
2669 2989 2834 3047 parvo
2878 2979 2934 3033 in
2982 2986 3235 3047 magnum
3263 2997 3278 3047 ;
3313 2982 3505 3035 decre-

1934 3067 2011 3123 tio
2048 3083 2144 3122 seu
2178 3069 2469 3125 diminutio
2497 3082 2561 3125 ex
2618 3074 2824 3145 majore
2884 3075 2949 3130 ad
2994 3075 3215 3140 minus;
3253 3077 3503 3131 alteratio

1932 3174 1996 3212 ex
2050 3160 2346 3216 contrariis
2380 3164 2728 3231 passionibus
2775 3165 2828 3220 in
2879 3167 3229 3236 contrarias;
3264 3179 3319 3224 et
3371 3170 3502 3223 latin

258 3258 445 3311 τόπων
464 3261 544 3320 εἰς
563 3259 689 3320 τοὺς
715 3260 991 3323 ἐναντίους
1018 3275 1034 3291 ·
1065 3262 1128 3313 ὲκ
1161 3261 1255 3314 τοῦ
1291 3262 1403 3316 ἀνω
1434 3262 1513 3325 εἷς
1546 3263 1604 3315 τὸ
1642 3245 1823 3316 κάτω·

1935 3252 2232 3306 secundum
2295 3266 2498 3309 rectam
2538 3257 2737 3312 lineam
2785 3275 2854 3315 ex
2899 3259 3035 3316 locis
3094 3264 3386 3317 contrariis
3449 3268 3501 3316 in

260 3352 329 3403 ὲκ
355 3348 450 3403 τοῦ
472 3349 781 3421 ἔμπροσθεν
810 3351 888 3413 είς
907 3350 1221 3405 τοῦπισθενο
1245 3354 1305 3405 ἐκ
1329 3353 1437 3407 τῶν
1454 3353 1641 3418 δεξιῶν
1668 3359 1747 3419 εἰς
1764 3356 1831 3408 τά

260 3441 553 3511 ἀριστερὰ,
584 3444 681 3495 καὶ
711 3442 1002 3498 ἀνάπαλιν.
1056 3444 1209 3497 Ἐπεὶ
1236 3446 1369 3511 γοῦν
1400 3447 1457 3501 αί
1508 3447 1692 3500 λοιπαὶ
1726 3445 1831 3501 tri;

262 3549 358 3585 σαι
389 3533 633 3601 κινήσεις
662 3532 722 3597 ἐξ
761 3535 1157 3605 ἀντικειμένων
1200 3538 1280 3601 εἰς
1331 3538 1682 3609 ἀντικείμενα
1745 3543 1832 3608 γί-

260 3641 464 3690 νονται,
488 3625 779 3694 διαφόρους
810 3628 983 3696 ἀρχὰς
1009 3628 1233 3698 ἔχουσαι
1267 3631 1359 3683 καὶ
1402 3632 1531 3703 τέλη
1575 3633 1831 3703 διάφορα,

264 3721 513 3789 συνεχεῖς
558 3720 659 3773 οὐκ
718 3720 785 3774 ἂν
815 3718 926 3802 εἷεν
957 3722 1157 3776 διόλου.
1210 3725 1448 3794 Συνεχὴς
1511 3728 1618 3797 γὰρ
1654 3730 1831 3782 διόλου

261 3810 476 3880 κίνησίς
538 3814 686 3865 ἐστιν
742 3815 774 3885 ἠ
824 3816 1084 3886 γινομένη
1150 3819 1382 3871 πάντοτε
1426 3821 1459 3883 ἠ
1515 3823 1677 3893 αὐτὴ,
1739 3826 1834 3876 καὶ

261 3902 440 3972 πέρας
460 3907 763 3973 ἀναγκαῖον
810 3907 886 3977 μὴ
942 3907 1163 3978 ἔχουσα.
1218 3910 1285 3962 Ἦ
1340 3912 1394 3964 δὲ
1454 3912 1528 3981 μὴ
1570 3917 1834 3985 γινομένη

260 3994 560 4066 πάντοτεή
611 3998 775 4069 αὐτή,
828 4000 923 4053 καὶ
976 4000 1064 4053 διὰ
1118 4002 1282 4055 τοῦτο
1314 4006 1639 4059 καταντῶσα
1698 4010 1833 4077 πρός

262 4087 499 4153 πέρατα,
533 4089 780 4161 ἀνάγκην
829 4089 941 4160 ἔχει
997 4093 1139 4146 κατά
1187 4094 1255 4146 τά
1316 4096 1531 4165 πέρατα
1579 4100 1831 4169 ἠρεμεῖν.

274 4181 580 4251 Ἦρεμήσει
609 4183 788 4236 τοίνυν
809 4183 867 4235 ὲν
893 4183 971 4254 τῷ
1003 4185 1374 4258 ἀντικειμένῳ
1400 4189 1459 4241 τὸ
1485 4191 1831 4261 κινούμενον,

259 4272 358 4331 καὶ
395 4271 568 4335 οὕτως
591 4275 671 4336 εἰς
698 4273 759 4326 τὸ
784 4274 1163 4344 ἀντικείμενον
1196 4278 1502 4348 ἐλεύσεται,
1535 4283 1834 4339 κάντεῦθεν

262 4365 298 4434 ἡ
320 4362 420 4433 τῆς
441 4365 711 4435 κινήσεως
740 4365 994 4435 συνέχεια
1024 4366 1433 4441 διακοπήσεται.
1463 4373 1537 4429 Τὸ
1563 4376 1619 4429 δὲ
1646 4378 1834 4450 κύκλῳ

261 4456 574 4527 φερόμενον
625 4458 724 4527 οὐχ
783 4458 896 4524 ἕξει
940 4459 1188 4531 ἀνάγκην
1246 4464 1550 4534 ἠρεμῆσαι,
1601 4470 1699 4540 τήν
1741 4476 1837 4526 αὐ-

263 4552 366 4620 τὴν
411 4549 529 4603 ὁδὸν
587 4552 833 4621 συνεῖρον
870 4552 958 4604 ἀεὶ
1007 4553 1104 4606 καὶ
1151 4557 1454 4627 φερόμενον
1515 4560 1609 4616 ἐπὶ
1638 4569 1834 4621 ταύτά.

335 4742 369 4796 η
393 4764 405 4781 .
439 4724 605 4777 Ἀλλο
636 4724 693 4778 δέ
720 4729 869 4780 ἐστιν
901 4728 1124 4800 ἠρεμία,
1165 4733 1260 4783 καὶ
1313 4734 1441 4788 ἀλλο
1475 4738 1647 4807 πέρας
1676 4745 1835 4807 exesi].

263 4830 406 4877 σεως
425 4816 519 4870 καὶ
546 4816 710 4886 ἀρχή.
745 4815 809 4870 Ἦ
845 4819 942 4888 μὲν
972 4820 1080 4888 γὰρ
1111 4821 1320 4891 ἠρεμία
1358 4827 1598 4881 ἀπουσία
1630 4833 1836 4901 τυγχά-

259 4925 347 4962 νει
376 4909 667 4978 κινήσεως,
720 4910 781 4962 ἐν
812 4913 1122 4981 παρατάσει
1174 4914 1525 4991 θεωρουμένη
1583 4924 1713 4988 τινὶ,
1749 4925 1835 4979 διὰ

259 4999 426 5053 τοῦτο
451 4999 546 5052 καὶ
568 4998 817 5072 διαιρετὴ
842 5002 1096 5075 καθάπερ
1133 5007 1165 5076 ἠ
1189 5007 1429 5079 κίνησις.
1458 5010 1534 5064 Τὸ
1572 5013 1629 5066 δὲ
1663 5016 1835 5085 πέρας

261 5094 361 5145 καὶ
392 5093 426 5161 ἠ
449 5091 710 5162 ἀρχὴτῆς
760 5094 1029 5164 κινήσεως
1058 5098 1117 5149 ὲν
1147 5101 1215 5170 τῇ
1252 5103 1466 5171 κινήσει
1524 5107 1629 5158 eiei.
1675 5100 1839 5177 μηδε-

264 5183 398 5253 μιᾶς
431 5183 736 5253 μετέχοντα
793 5187 1160 5257 παρατάσεως
1185 5208 1199 5222 ·
1237 5192 1362 5247 ὅθεν
1405 5198 1500 5249 καὶ
1527 5198 1836 5271 ἀδιαίρετα.

261 5274 359 5329 Διὸ
392 5275 567 5328 καὶτὸ
595 5275 822 5345 ἠρεμεῖν
851 5278 909 5330 ἑν
936 5286 1167 5355 χρονικῇ
1208 5289 1521 5357 παρατάσει
1547 5293 1664 5345 ἐστὶ
1696 5294 1840 5347 κατὰ

262 5365 365 5436 τὴν
394 5365 637 5437 ἠρεμίαν
662 5364 742 5428 ὃν,
775 5364 965 5437 ὥσπερ
1004 5372 1143 5424 κατὰ
1169 5373 1270 5443 τὴν
1318 5378 1531 5447 κίνησιν
1580 5380 1642 5433 τὸ
1669 5384 1836 5434 κινεῖ-

262 5458 418 5522 σθαι,
460 5457 524 5509 τὸ
559 5457 832 5525 ἵστασθαι,
882 5461 979 5513 καὶ
1011 5462 1073 5515 τὸ
1129 5465 1510 5535 ἠρεμίζεσθαι.
1544 5472 1834 5528 Κινεϊοθαι

271 5549 377 5620 γάρ
407 5549 641 5602 ἐστικαὶ
673 5548 734 5601 τὸ
784 5550 1035 5605 ἵστασθαι
1086 5558 1182 5607 καὶ
1220 5558 1282 5609 τὸ
1325 5559 1712 5628 ἠρεμίζεσθαι.
1760 5564 1833 5617 Τὸ

263 5643 368 5714 μὲν
394 5640 500 5712 γάρ
522 5642 670 5694 ἐστιν
705 5641 799 5694 ἐπὶ
825 5644 1016 5698 στάσιν
1056 5645 1281 5715 ὁδεύειν,
1311 5650 1367 5703 τὸ
1385 5650 1430 5703 δ’
1456 5652 1544 5706 ἀπ’
1571 5654 1832 5724 ἠρεμίαν.

341 5844 389 5877 ⁵⁵
420 5845 454 5899 8
486 5844 651 5918 Phys.
686 5864 738 5904 c.
772 5851 859 5908 l3.
896 5861 934 5903 ι.
972 5851 1062 5904 75.
1142 5850 1187 5881 “
1219 5852 1249 5907 8
1293 5852 1452 5925 Phys.
1481 5870 1530 5911 τε,
1566 5857 1655 5937 l2.
1694 5866 1734 5911 ι.
1764 5854 1852 5922 64,
1892 5871 1939 5913 et
1968 5876 2016 5915 c.
2060 5864 2143 5928 l5,
2180 5878 2218 5920 t.
2248 5868 2337 5923 75.
2417 5871 2463 5901 ⁵⁷
2496 5868 2529 5921 8
2559 5869 2719 5942 Phys.
2752 5891 2800 5930 c.
2839 5877 2853 5927 l

346 5918 433 5981 ll,
463 5928 501 5971 t.
527 5919 615 5982 6‘2,
653 5920 740 5974 65.
819 5919 860 5951 ⁸⁸
899 5921 931 5974 8
963 5922 1124 5993 l’l-ys.
1165 5940 1215 5977 c.
1257 5926 1531 5991 12,ι.64·
1638 5930 1703 5961 υ⁹⁴
1736 5930 1768 5985 8
1802 5930 1964 5995 l'loys.
1996 5950 2045 5988 c.
2078 5937 2160 5995 ti,
2195 5948 2231 5995 t.
2261 5942 2347 5995 76.
2430 5942 2469 5991 3°
2495 5942 2526 5994 8
2558 5939 2721 5995 Plvvs.
2748 5962 2796 5995 ρ.
2844 5949 2853 5995 1

268 5934 313 5975 :.
346 5918 433 5981 Η,
463 5928 501 5971 ι.
527 5919 615 5982 6‘2,
653 5920 740 5974 65.
819 5919 860 5951 ⁸⁸
899 5921 931 5974 8
963 5922 1124 5993 Ριιγε.
1165 5940 1215 5977 c.
1257 5926 1339 5991 l2,
1369 5918 1406 5979 ἱ.
1436 5928 1531 5981 64³

500 6001 769 6074 Parnm.
812 6018 926 6077 (in.
967 6020 1207 6082 t‘XLll.

266 6120 305 6153 /

1937 3346 2235 3409 contraria,
2268 3359 2334 3400 ex
2366 3363 2563 3418 supero
2599 3351 2653 3404 in
2708 3350 2969 3420 inferum,
3005 3369 3068 3408 ex
3122 3354 3397 3409 anteriore
3449 3357 3504 3408 in

1939 3439 2322 3505 posteriorem,
2356 3455 2419 3495 ex
2453 3442 2649 3498 dextro
2682 3444 2736 3497 in
2768 3445 3051 3501 sinistrutn
3114 3456 3169 3501 et
3217 3458 3410 3501 contra
3438 3447 3505 3499 (τί.

1936 3529 2204 3596 Quoniam
2239 3533 2400 3602 igitur
2427 3535 2495 3565 ⁸⁹⁶
2518 3538 2698 3591 αιτιοι-ἱ
2728 3541 3120 3593 omnes'niotus
3147 3552 3208 3593 ex
3240 3541 3507 3609 oppositis

1938 3624 1990 3677 in
2014 3626 2259 3693 opposita
2298 3628 2452 3692 fiunt,
2484 3642 2608 3683 cum
2636 3630 2845 3686 diversa
2883 3632 3148 3701 principia
3173 3643 3229 3687 et
3261 3633 3508 3689 diversus

1883 3782 1887 3787 τ
1938 3718 2071 3770 lines
2109 3717 2648 3785 habeant;continni
2679 3722 2792 3793 δα
2846 3739 2943 3793 per
2994 3727 3179 3780 omnia
3216 3741 3339 3781 esse
3395 3743 3503 3780 non

1937 3817 2185 3878 possunt.
2223 3811 2528 3869 Continuus
2563 3816 2705 3868 enim
2735 3831 2827 3885 per
2862 3820 3042 3873 omnia
3078 3827 3259 3874 motus
3288 3823 3505 3889 est,qni

1937 3918 2150 3972 semper
2181 3904 2318 3957 idem
2357 3915 2462 3971 est,
2509 3916 2563 3962 et
2629 3910 2918 3963 terminum
2980 3912 3353 3967 necessarium
3397 3924 3506 3967 non

1941 3994 2122 4049 habet.
2147 3994 2448 4061 Quiautem
2478 3998 2615 4051 idem
2650 4014 2865 4071 semper
2897 4017 3002 4057 non
3060 4015 3145 4058 est
3200 4004 3265 4072 7°,
3325 4016 3380 4059 et
3405 4006 3507 4059 hac

1938 4088 2004 4141 de
2033 4104 2198 4143 Causa
2235 4090 2300 4143 ad
2346 4091 2611 4147 terminos
2648 4096 2864 4149 tandem
2903 4097 3169 4164 pervenit,
3211 4096 3301 4155 hic"
3356 4101 3503 4156 circa

1940 4181 2202 4236 terminos
2241 4184 2559 4239 necessario
2620 4187 2872 4255 quiescit.
2933 4189 3277 4264 Quapropter
3328 4194 3383 4250 in
3416 4212 3510 4265 0p-

1939 4276 2118 4343 p‘osito
2147 4277 2389 4347 quiescet
2414 4278 2467 4333 id
2487 4281 2629 4348 quod
2681 4292 2950 4349 movetur,
2984 4294 3038 4340 et
3078 4286 3149 4341 ita
3184 4287 3250 4341 ad
3285 4291 3506 4359 opposi-

1942 4377 2054 4422 tum
2084 4374 2407 4440 perveniet';
2442 4373 2683 4443 hincque
2711 4387 2894 4433 motus
2930 4380 3266 4437 coutinuitas
3306 4383 3510 4437 incide—

1943 4470 2051 4517 tur.
2085 4463 2238 4528 Quod
2259 4475 2436 4520 autem
2460 4466 2805 4523 circulariter
2819 4480 3088 4537 movetur,
3109 4489 3232 4528 cum
3258 4476 3506 4530 eamdem

1944 4569 2158 4625 semper
2186 4556 2325 4610 viam
2355 4546 2719 4626 conliciat,'el
2742 4560 2810 4616 ad
2846 4564 3034 4619 eadem
3067 4563 3297 4631 feratur,
3320 4583 3479 4623 ncces

1872 4632 1914 4686 Ῑ)
1945 4648 2091 4702 sario
2125 4664 2230 4702 non
2256 4649 2524 4718 quiescet.

2017 4739 2068 4793 8.
2094 4742 2358 4793 Caeterum
2394 4743 2537 4796 alid‘d
2564 4744 2737 4813 quies,
2768 4758 2822 4801 et
2845 4745 2989 4802 aliud
3049 4761 3227 4807 motus
3257 4764 3339 4809 est
3387 4755 3514 4812 ﬁnis

1948 4840 2112 4899 atque
2130 4832 2480 4901 principium.
2509 4836 2673 4902 Quies
2704 4841 2849 4893 enim
2880 4852 2962 4896 est
3001 4854 3180 4901 motus
3238 4848 3510 4911 absentia,

1947 4941 2067 4995 quze
2100 4928 2153 4979 in
2184 4928 2498 4983 extensione
2551 4934 2782 4997 quadam
2842 4936 3245 5005 consideratur,
3277 4954 3329 4996 et
3389 4961 3517 5014 prn-

1936 5028 2121 5089 pterea
2172 5018 2424 5075 divisioni
2457 5024 2763 5092 subjicitur,
2823 5029 2970 5085 sicut
3027 5041 3082 5088 et
3121 5045 3324 5091 motus.
3362 5036 3513 5092 Finis

1937 5121 2197 5165 autemet
2229 5113 2555 5183 principium
2586 5129 2769 5174 motus
2800 5122 2855 5176 in
2890 5128 3046 5179 motu
3078 5136 3228 5191 sunt,
3264 5132 3323 5182 iit
3364 5134 3510 5185 nulla

1935 5205 2255 5259 extensione
2312 5209 2764 5279 communicent;
2824 5217 2966 5270 unde
3007 5218 3169 5273 etiam
3223 5221 3513 5279 divisionis

1939 5305 2068 5350 sunt
2096 5298 2360 5366 expertia.
2390 5300 2731 5371 Quapmpter
2780 5307 2945 5362 etiam
2996 5310 3172 5379 ipsum
3227 5298 3514 5383 quieSect'c

1941 5386 1994 5439 in
2018 5388 2306 5455 temporali
2333 5393 2653 5448 extensione
2672 5404 2777 5461 est,
2808 5413 2930 5453 cum
2952 5401 3248 5459 secundum
3267 5406 3506 5476 quietem

1942 5476 2047 5544 sit;
2081 5478 2302 5547 perinde
2328 5489 2387 5533 ut
2439 5483 2741 5537 secundum
2776 5498 2980 5544 motum
3040 5497 3124 5546 est
3176 5494 3409 5558 moveri,
3462 5506 3517 5549 ct

1940 5569 2082 5632 sisti,
2115 5578 2169 5625 et
2226 5573 2293 5626 ad
2347 5573 2588 5641 quietem
2642 5580 2988 5636 contendere.
3028 5581 3241 5638 Etenim
3286 5595 3342 5641 et
3370 5587 3514 5654 sisti,

1946 5672 2000 5717 et
2055 5665 2123 5717 ad
2203 5666 2443 5736 quietem
2500 5671 2830 5726 contendere
2894 5678 3097 5731 moveri
3175 5687 3279 5734 est.
3372 5681 3507 5735 illud

2869 5877 2921 5940 3,
2953 5889 2993 5933 t.
3030 5879 3119 5933 75.
3196 5860 3243 5915 δέ
3268 5881 3298 5937 8
3334 5881 3504 5940 Pltvs.

2430 5939 3137 6013 3°8Inqs.c.ta,t.ct.
3417 5944 3433 5959 '

2968 6042 3044 6103 34
