3832 6360
353 361 507 436 ῙΟἸΓ

1507 372 1925 433 NtCEPuont
1974 334 2388 433 [immune

3464 359 3600 423 1072

353 488 639 550 intervalla
701 488 1032 559 aprineipio
1094 498 1145 544 et
1205 488 1330 553 tine,
1398 493 1500 542 hoc
1553 496 1658 554 est,
1725 501 1916 545 centro

2050 503 2145 549 νας.
2171 488 2233 539 τὸ
2273 490 2501 557 κέντρον
2532 489 2683 541 ἐστίν
2702 501 2714 515 ⁸
2753 487 2900 559 ἁρχὴ
2936 486 3055 556 μὲν;
3090 486 3174 538 ὅτι
3204 481 3349 536 κατὰ
3375 482 3473 552 τήν
3493 476 3601 535 ἀπ’)

355 581 563 647 distet;
599 590 653 636 et
709 596 881 652 neque
912 581 980 636 ab
1033 581 1173 651 ipso,
1214 594 1389 650 neque
1440 580 1508 635 ad
1571 583 1773 650 ipsum,
1831 584 1927 639 sed

351 673 499 729 circa
529 658 707 743 ipsum
741 673 967 728 feratur.
1008 670 1353 742 Quapropter
1402 687 1525 727 cum
1583 674 1731 728 circa
1782 675 1926 730 idem

353 774 614 837 perpetuo
630 776 900 829 versetur,
934 764 1160 835 parique
1189 779 1405 834 semper
1429 765 1717 822 intervallo
1741 768 1926 831 distet,

353 859 607 914 similiter
635 868 905 914 movetur.
938 857 1050 929 66
1077 857 1336 913 Centrum
1366 867 1550 913 autem
1610 868 1665 914 et
1718 861 1925 927 princio

354 953 502 1022 pium
527 962 583 1008 et
613 953 758 1020 linis,
786 963 841 1010 et
861 956 1100 1011 medium
1122 954 1311 1010 circuli
1344 953 1603 1023 globique
1627 963 1731 1010 est.
1764 952 1925 1008 Priu-

353 1045 556 1115 cipiunt
587 1045 847 1104 nimirum
868 1089 882 1112 ,
904 1048 1030 1118 quia
1054 1050 1354 1103 secundum
1382 1048 1645 1116 aqualem
1676 1062 1705 1101 a
1727 1058 1919 1104 centro

2031 579 2127 633 τοῦ
2157 580 2383 649 κέντρου
2417 580 2541 651 ῐσην
2579 581 2883 633 ἀπόστασιν
2917 579 2947 631 ὃ
2968 579 3040 632 ’τε
3073 575 3273 638 κύκλος
3301 574 3600 642 ὑφίσταται

2031 674 2181 742 καὶή
2215 675 2451 743 σφαῖραο
2487 671 2684 741 πέρας,
2718 674 2802 725 ὅτι
2838 672 3008 726 πᾶσαι
3067 670 3124 724 αἱ
3167 668 3278 725 ἀπὸ
3312 668 3415 738 τῆς
3442 683 3604 735 περι-

2032 769 2254 838 φερείας
2289 768 2545 837 γραμμαὶ
2576 768 2659 831 είς
2699 766 2833 821 αὐτὸ
2866 764 3236 836 περατοῦνται
3273 764 3462 833 μέσον,
3516 763 3605 813 ὅτε

2032 861 2372 930 πανταχόθεν
2415 860 2526 913 ῐσον
2578 859 2688 913 ἀπὸ
2741 858 2844 930 τῆς
2895 856 3249 929 περιφερείας
3293 855 3606 925 διέστηκεν.

2032 955 2187 1008 Οὕτω
2217 952 2345 1023 γοῦν
2375 955 2468 1006 καὶ
2498 953 2641 1006 κατὰ
2673 953 2734 1007 τὸ
2766 953 2970 1023 ὁμαλὲς
2997 951 3306 1023 τιμιωτέρα
3351 951 3469 1003 ἐστὶ
3511 949 3610 1001 καὶ

2028 1046 2219 1119 πρώτη
2260 1050 2359 1115 τῆς
2396 1044 2483 1098 ἐπ’
2505 1044 2724 1109 εὐθείας
2773 1046 3044 1115 κινήσεως
3077 1047 3111 1108 ὴ
3132 1043 3496 1113 κυκλοτερής.

354 1140 670 1194 distantiam
729 1150 839 1196 tum
883 1142 1149 1207 circulus,
1212 1150 1324 1195 tum
1390 1142 1589 1213 globus
1627 1141 2103 1210 subsistit;linis,
2179 1140 2309 1211 quia
2369 1153 2619 1193 omnesa
2675 1137 3122 1195 circumferentia
3171 1136 3327 1190 linere
3388 1137 3442 1189 in
3491 1136 3613 1203 ipso

356 1240 724 1296 terminantur
756 1239 838 1307 ".;
872 1239 1130 1305 medium,
1156 1240 1284 1309 quia
1327 1239 1695 1310 undecunque
1751 1255 1781 1296 a
1811 1236 2756 1308 circumierentiadistatmqualiter.
2822 1236 2914 1291 Sic
2971 1235 3158 1303 itaque
3204 1235 3371 1319 etiam
3427 1232 3610 1299 quoad

355 1335 780 1407 aequabilitatem
835 1335 1121 1392 circularis
1183 1347 1365 1393 motus
1404 1348 1553 1394 recto
1590 1338 1935 1411 praestantior
1964 1348 2018 1392 et
2044 1339 2192 1408 prior
2220 1349 2325 1395 est.
3250 1336 3255 1341 ’

428 1483 517 1538 1‘2.
547 1482 652 1537 Sed
680 1497 747 1538 ne
766 1481 983 1552 quidem
1012 1489 1162 1536 recto
1198 1482 1504 1552 comparari
1537 1489 1736 1553 potest.
1761 1481 1926 1538 Com-

2102 1476 2191 1550 ιβ¹.
2236 1479 2396 1533 Ἐστι
2443 1476 2499 1533 δὲ
2554 1476 2649 1533 καὶ
2711 1473 3061 1544 ἀσύμϐλητος
3101 1474 3165 1541 τῇ
3221 1467 3310 1524 ἐπ’
3366 1467 3613 1533 εὐθείας.

358 1591 550 1645 parare
583 1584 762 1630 autem
802 1575 891 1629 hic
948 1573 1279 1638 assimilare,
1345 1573 1594 1630 conferre
1642 1585 1697 1630 et
1756 1576 1928 1631 simul

2050 1570 2369 1642 Ξυμϐάλλειν
2397 1569 2453 1623 δὲ
2483 1568 2701 1638 λέγεται
2734 1566 2795 1620 τὸ
2838 1563 3213 1635 παραϐάλλειν
3237 1561 3332 1615 καὶ
3375 1562 3613 1628 συγκρίο

357 1669 666 1738 expendere
709 1668 932 1722 dicitur.
989 1664 1110 1721 Non
1178 1667 1357 1737 itaque
1401 1666 1690 1724 eireularis
1744 1678 1927 1724 motus

2050 1684 2164 1730 νειν,
2187 1665 2284 1720 καὶ
2307 1664 2443 1727 ὅλως
2474 1660 2871 1728 συνεξετάςειν.
2906 1660 3022 1714 Οὐκ
3051 1656 3169 1710 ἔστι
3196 1655 3328 1725 γοῦν
3363 1656 3396 1724 ἡ
3419 1654 3614 1722 κύκλῳ

363 1771 512 1816 recto
553 1759 733 1831 quoad
758 1759 1094 1815 celeritatem
1145 1768 1199 1814 et
1232 1760 1598 1830 aequalitatem
1632 1770 1726 1817 aut
1758 1761 1930 1817 tardi-

2050 1761 2250 1830 ιίνησις
2282 1759 2348 1829 τῇ
2389 1754 2480 1810 ἐπ’
2509 1753 2727 1816 εὐθείας
2782 1750 3089 1823 συμϐλητὴ.
3126 1754 3268 1803 κατὰ
3319 1747 3380 1800 τὸ
3414 1747 3616 1800 θᾶττον

361 1861 528 1908 tatem
555 1852 860 1922 comparari
887 1861 1096 1921 potest;
1120 1854 1247 1923 quia
1275 1867 1454 1923 neque
1480 1854 1768 1910 circularis
1787 1854 1928 1909 linea

2050 1853 2129 1921 ια).
2156 1852 2217 1905 τὸ
2260 1849 2374 1903 ἴσον
2405 1848 2437 1919 ἢ
2474 1846 2535 1902 τὺ
2571 1845 2930 1918 βραδύτερον,
2986 1844 3070 1897 ὅτι
3122 1841 3261 1912 μηδὲ
3299 1842 3366 1909 τῇ
3422 1837 3616 1907 εὐθείᾳ

362 1958 526 2002 recta:
585 1956 932 2018 comparatur
963 1946 1029 1999 ⁸ο.
1087 1944 1276 2016 Neque
1326 1947 1470 2001 enim
1556 1946 1798 2017 ipsarum
1848 1955 1930 2002 est

2050 1947 2270 2017 γραμμῇ
2325 1940 2697 2012 συμϐάλλεται
2754 1943 2787 2009 ή
2822 1939 3148 2009 περιφερής.
3204 1936 3279 1988 Οὐ
3331 1931 3440 2003 γάρ
3493 1931 3618 1983 ἔστι

359 2040 670 2096 communis
718 2054 993 2095 mensura.
1035 2037 1195 2096 Unde
1233 2041 1293 2096 lit
1327 2050 1390 2097 ut
1447 2055 1549 2096 nec
1589 2051 1736 2097 recta
1787 2039 1931 2096 linea

2050 2039 2212 2092 ιοινὸν
2240 2037 2440 2108 μέτρον
2467 2036 2668 2090 αὐτῶν.
2702 2033 2870 2089 Ὅθεν
2895 2033 3005 2086 οὐδ’
3034 2032 3182 2084 ἔστιν
3196 2028 3414 2082 εὐθεῖαν
3432 2040 3620 2096 γραμ-

360 2130 613 2185 circulari
637 2130 865 2201 aequalis
889 2131 1056 2186 statui
1120 2131 1315 2201 possit.
1374 2132 1462 2187 llli
1505 2140 1690 2187 autem
1748 2142 1933 2187 motus

360 2223 669 2292 comparari
712 2232 964 2293 possunt,
996 2224 1088 2293 qui
1120 2239 1348 2279 numer-0
1373 2223 1937 2294 dill‘erunt,ejusdem-

359 2332 466 2387 que
498 2316 710 2387 generis
736 2324 942 2371 suntet
995 2314 1222 2386 speciei.
1268 2314 1540 2378 Quoniam
1597 2315 1744 2370 enim
1778 2315 1823 2347 ⁸¹
1870 2330 1934 2370 ea

360 2423 482 2477 quae
509 2408 791 2473 dill‘erunt,
815 2416 909 2463 aut
932 2422 1131 2476 genere
1153 2406 1434 2471 dill‘erunt,
1472 2417 1566 2460 aut
1605 2408 1811 2477 Specie,
1843 2416 1937 2463 aut

362 2514 627 2565 numero;
684 2513 790 2569 qua
839 2497 1145 2554 diderentia
1193 2512 1224 2552 a
1271 2511 1333 2552 se
1385 2498 1619 2553 invicem
1680 2496 1939 2554 differunt

363 2608 485 2663 quae
512 2600 820 2653 moventur,
852 2602 1123 2660 quatenus
1165 2597 1489 2657 moventur;
1544 2593 1733 2645 eadem
1774 2592 1940 2646 etiam

362 2686 464 2754 ipsi
500 2692 681 2739 motus
711 2682 999 2737 dill‘erunt.
1026 2683 1082 2737 Si
1143 2683 1293 2738 enim
1336 2697 1399 2737 ea
1454 2697 1577 2750 quae
1626 2693 1938 2745 moventur,

364 2778 581 2847 generis
627 2778 841 2833 ratione
871 2775 1170 2842 dill‘erunt;
1204 2784 1387 2832 motus
1426 2778 1589 2830 etiam
1619 2792 1815 2846 genere
1833 2778 1940 2849 67

364 2871 658 2938 diﬂerent;
689 2870 925 2939 exempli
957 2871 1156 2939 gratia,
1185 2869 1229 2925 si
1259 2869 1393 2924 illud
1423 2868 1642 2940 quidem
1684 2885 1942 2940 augmen-

2038 2128 2145 2200 μὴν
2157 2130 2279 2199 ίσην
2298 2128 2585 2199 περιφερεί
2600 2123 3134 2194 εἰδέναι.Συμϐληταὶ
3144 2122 3197 2175 δὲ
3216 2124 3458 2189 κινήσεις
3476 2120 3621 2170 εἰσὶν

2039 2224 2094 2277 αἱ
2126 2219 2344 2292 ἀριθμῷ
2366 2220 2715 2289 διαφέρουσαι
2737 2260 2751 2284 ,
2782 2218 3066 2288 ὁμογενεῖς
3102 2233 3161 2268 τε
3198 2215 3292 2267 καὶ
3321 2213 3619 2283 ὁμοειδεῖς.

2051 2302 2203 2368 Ἐπεὶ
2232 2315 2341 2384 γὰρ
2367 2313 2434 2366 τὰ
2470 2312 2800 2381 διαφέροντα
2834 2310 2867 2380 ἢ
2901 2311 3052 2378 γένει
3088 2305 3420 2378 διαφέρει,ἢ
3455 2305 3616 2366 εῖδει,

2038 2409 2072 2479 ἢ
2109 2406 2351 2479 ἀριθμῷ,
2374 2404 2498 2460 καθ’
2533 2405 2601 2477 ἢν
2632 2405 2897 2475 διαφορὰν
2930 2403 3000 2456 τὰ
3029 2401 3329 2471 κινούμενα
3359 2398 3618 2465 διαφέρει

2040 2500 2288 2572 ἀλλήλων
2330 2498 2466 2552 καθὸ
2489 2498 2809 2568 κινούμεναο
2846 2497 2991 2551 κατὰ
3037 2495 3246 2565 ταύτην
3288 2492 3621 2560 διαφέρουσι

2042 2594 2137 2648 καὶ
2171 2594 2226 2658 αἱ
2280 2594 2548 2662 κινήσεις.
2582 2590 2645 2643 Ei
2680 2589 2779 2659 μὲν
2807 2589 2916 2659 γὰρ
2966 2587 3109 2643 κατὰ
3135 2586 3295 2656 γένος
3322 2586 3357 2656 ή
3388 2584 3496 2637 τῶν
3535 2600 3627 2635 κι-

2044 2688 2317 2758 νουμένων
2343 2685 2577 2755 διαφορὰ
2618 2683 2727 2753 εἴη,
2782 2682 2878 2738 καὶ⁸
2926 2682 2981 2735 αἱ
3006 2682 3250 2750 κινήσεις
3302 2678 3624 2747 διαφέροιεν

2044 2782 2110 2837 ἂν
2156 2780 2294 2835 κατὰ
2327 2780 2484 2848 γένος
2509 2793 2525 2811 ο
2560 2774 2673 2832 οἷον
2716 2778 2764 2830 εἰ
2794 2776 2856 2831 τὸ
2899 2776 2997 2847 μὲν
3028 2774 3281 2839 αὔξεται,
3312 2773 3374 2825 τὸ
3401 2772 3458 2825 δὲ
3499 2772 3628 2823 λευ-

2050 2875 2317 2936 καίνεται,
2348 2876 2439 2927 καὶ
2468 2872 2502 2942 ἡ
2559 2870 2787 2941 αὔξησις
2823 2869 2973 2938 γένει
3013 2867 3203 2921 διοίσει
3236 2867 3336 2936 τῆς
3392 2864 3629 2917 λευκὰν-

366 2973 532 3033 tatur,
570 2964 675 3020 hoc
699 2979 827 3018 vero
881 2962 1169 3018 dealbalur
1200 3001 1216 3028 ,
1274 2962 1647 3031 augmentatio
1695 2965 1859 3018 etiam
1913 2979 1939 3018 a

2050 2983 2208 3029 σεως.
2243 2964 2353 3017 Καὶ
2385 2962 2494 3032 γὰρ
2538 2963 2571 3032 ἡ
2629 2961 2731 3032 μὲν
2776 2960 2917 3015 κατὰ
2949 2960 3055 3030 (τὸ)
3086 2959 3276 3023 ποσὸν,
3316 2960 3348 3026 ή
3382 2957 3440 3010 δὲ
3471 2957 3630 3010 κατᾶ

367 3057 719 3112 dealliatione
747 3055 926 3126 quoad
957 3070 1131 3127 genus
1155 3053 1512 3122 discrepabit.
1580 3052 1795 3108 Etenim
1853 3054 1939 3108 illa

2051 3056 2152 3129 (τὸ)
2182 3058 2356 3122 ποιὸν,
2387 3056 2528 3123 ἆπερ
2558 3056 2675 3107 ἐστὶ
2727 3053 2964 3122 διάφορα
3012 3053 3148 3121 γένη
3180 3051 3274 3105 τοῦ
3322 3052 3497 3112 ὄντος.
3564 3048 3631 3101 Εἰ

368 3148 586 3218 quidem
648 3148 952 3204 secundum
1008 3145 1420 3215 quantitatem,
1481 3144 1596 3199 haec
1644 3143 1939 3200 secundum

2050 3154 2107 3207 δὲ
2137 3152 2269 3206 εῖδει
2292 3151 2539 3222 διαφέρει
2586 3153 2653 3205 τὰ
2707 3147 3029 3219 κινούμενα,
3068 3147 3200 3201 εῖδει
3238 3146 3333 3201 καὶ
3384 3146 3441 3197 αἱ
3471 3148 3638 3211 κινῂ-

366 3240 682 3308 qualitatem
713 3241 793 3303 lit,
822 3254 942 3309 qua:
965 3238 1182 3293 diversa
1209 3243 1336 3290 sunt
1357 3235 1502 3290 entis
1534 3250 1755 3305 genera.
1782 3235 1937 3301 Quod

2050 3264 2158 3310 σεις
2192 3245 2443 3298 διοίσοιεν
2465 3260 2478 3276 ·
2517 3243 2593 3306 ὡς
2624 3245 2657 3312 ἡ
2685 3242 2982 3303 λεύκανσις
3011 3241 3109 3311 τῆς
3167 3239 3502 3310 μελάνσεως,
3534 3239 3637 3289 καὶ

366 3332 416 3386 si
444 3330 630 3401 specie
656 3331 916 3386 diﬂ'erant
941 3346 1006 3385 ea
1039 3348 1163 3402 qua:
1184 3340 1494 3391 moventur,
1513 3337 1695 3383 motus
1719 3342 1939 3397 quoque

367 3422 571 3494 speciei
612 3425 831 3478 ratione
861 3424 1249 3479 dissidebunt:
1290 3431 1349 3478 ut
1395 3420 1668 3476 dealbatio
1717 3435 1748 3473 a
1782 3418 1937 3473 deui-

366 3515 638 3587 gratione,
673 3527 726 3571 et
757 3516 1077 3572 rectiiineus
1119 3526 1302 3573 motus
1364 3529 1395 3569 a
1446 3515 1826 3571 conversione.
1882 3508 1941 3564 Si

370 3624 499 3665 vero
525 3608 579 3663 in
612 3609 723 3663 illis
763 3626 886 3681 qum
916 3619 1227 3678 moventur,
1256 3609 1471 3665 numeri
1524 3616 1734 3662 tantum
1775 3604 1940 3659 dill‘e-

370 3703 546 3757 rentia
577 3714 700 3770 est;
733 3703 852 3758 solo
900 3704 1064 3757 etiam
1128 3718 1357 3759 numero
1426 3710 1607 3757 motus
1661 3697 1938 3764 diiierent,

371 3795 466 3864 qui
496 3810 629 3850 sane
663 3796 825 3850 etiam
864 3796 968 3850 sibi
1002 3794 1239 3851 invicem
1274 3803 1465 3849 mutuo
1504 3792 1815 3863 comparari
1849 3807 1943 3861 pn-

372 3886 926 3958 terunt°';exempli
956 3890 1158 3958 gratia,
1212 3888 1453 3943 humana
1507 3885 1788 3955 generatio
1846 3884 1945 3938 hu-

371 3996 548 4035 manae
575 3982 938 4051 genet'ationi,
974 3993 1028 4037 et
1050 3998 1159 4038 non
1194 3983 1430 4053 equinae,
1458 3980 1663 4051 quippe
1704 3979 1787 4033 hae
1836 3993 1943 4032 non

370 4082 498 4129 sunt
528 4075 773 4143 ejusdem
806 4074 1029 4144 speciei.
1058 4074 1126 4129 Et
1183 4076 1376 4130 eodem
1424 4073 1588 4129 modo
1628 4080 1946 4144 augmenta-

370 4169 443 4221 tio
476 4167 905 4237 augmentationi
942 4166 1184 4231 ejusdem
1240 4167 1468 4235 speciei.
1524 4162 1849 4235 Pariterque
1893 4166 1944 4218 iu

371 4260 714 4321 alteratioue,
752 4256 898 4311 Velut
932 4257 1205 4313 dealbatio
1259 4255 1621 4323 dealbationi,
1689 4264 1745 4311 et
1784 4256 1942 4311 deni-

2048 3340 2081 3407 ή
2114 3334 2199 3389 ἐπ’
2234 3337 2451 3398 εὐθείας
2498 3336 2641 3404 φορὰ
2692 3335 2792 3403 τῆς
2844 3333 3175 3402 περιφορᾶς.
3227 3332 3290 3384 Εἰ
3316 3330 3363 3385 δ’
3401 3328 3637 3401 ἀριθμῷ

2055 3431 2201 3500 μόνῳ
2233 3432 2346 3492 τοῖς
2374 3429 2721 3497 κινουμένοις
2758 3429 2792 3498 ἠ
2832 3427 3095 3497 διαφορὰ,
3128 3426 3276 3496 μόνῳ
3313 3426 3411 3478 καὶ
3457 3426 3515 3477 αι
3550 3443 3643 3476 κι-

2052 3520 2237 3590 νήσεις
2268 3508 2489 3589 ἀριθμῷ
2515 3518 2850 3590 διαφέροιεν,
2881 3518 2939 3572 αϊ
2970 3517 3034 3588 δὴ
3064 3519 3156 3570 καὶ
3180 3516 3443 3587 ἀλλήλαις
3472 3516 3637 3567 ἔσον-

2050 3632 2138 3667 ται
2171 3613 2511 3684 συμϐληταίο
2563 3601 2675 3666 οἷον
2731 3614 2763 3682 ή
2811 3612 3131 3684 ἀνθρωπεία
3184 3612 3401 3680 γένεσις
3431 3613 3497 3682 τῇ
3545 3613 3644 3663 ἀιεο

2051 3705 2301 3778 θρωπείᾳ
2354 3706 2590 3772 γενέσει,
2624 3709 2716 3760 καὶ
2745 3707 2807 3760 οὐ
2839 3709 2908 3778 τῇ
2956 3706 3183 3777 ίτιπείᾳ.⁵
3228 3706 3324 3759 καὶ
3366 3706 3479 3774 γὰρ
3533 3706 3643 3774 οὐχ

2051 3799 2321 3869 ὁμοειδεῖς
2343 3817 2357 3831 ·
2392 3800 2491 3854 καὶ
2527 3802 2558 3871 ή
2597 3799 2822 3871 αὐξησις
2865 3800 3131 3863 ὡσαύτως
3156 3802 3223 3869 τῇ
3255 3798 3496 3867 ὁμοειδεί
3529 3800 3643 3850 αὐ-

2053 3891 2206 3960 ξήσει
2231 3908 2245 3921 ·
2277 3891 2372 3944 καὶ
2415 3894 2508 3943 ἐπὶ
2535 3891 2636 3961 τῆς
2685 3892 3030 3955 ἀλλοιώσεως
3066 3891 3160 3944 τὸν
3190 3892 3355 3944 αὐτδν
3384 3892 3600 3960 τρόπον
3619 3905 3638 3922 ο

2052 3978 2165 4036 οἷον
2193 3986 2226 4055 ἡ
2254 3983 2540 4048 λεύκανσις
2576 3988 2642 4053 τῇ
2691 3985 2983 4040 λευκάνσει
3013 4025 3028 4046 .
3062 3987 3159 4038 καὶ
3192 3987 3226 4055 ή
3258 3985 3523 4055 μέλανσις
3563 3987 3637 4055 τῇ

2055 4076 2334 4152 μελάνσει,
2382 4078 2479 4131 καὶ
2524 4076 2620 4131 ἐπὶ
2649 4078 2748 4148 τῆς
2775 4079 3007 4148 τοπικῆς
3037 4064 3305 4147 κινήσεως
3337 4080 3369 4147 ή
3420 4076 3511 4131 ἐπ’
3543 4080 3644 4130 εὐ-

2050 4167 2197 4231 θείας
2219 4171 2284 4239 τῇ
2322 4170 2407 4223 ἐπ’
2443 4172 2686 4234 εὐθείας,
2720 4174 2816 4225 καί
2845 4174 2875 4242 ή
2908 4172 3243 4243 κυκλοτερὴς
3275 4173 3341 4244 τῇ
3368 4174 3645 4226 κυκλοτε-

2053 4263 2170 4329 ρεῖ·
2202 4263 2295 4312 καὶ
2334 4263 2555 4316 ἐπὶτῶν
2584 4264 2761 4317 ἄλλων
2781 4266 3008 4333 ὁμοίως.

370 4352 546 4422 gratio
579 4350 969 4420 deuigratioui,
1002 4359 1058 4406 et
1112 4349 1169 4405 in
1211 4358 1361 4405 motu
1412 4351 1572 4407 locali
1628 4351 1949 4406 rectilineus
1985 4355 2293 4423 rectiliueo,
2346 4367 2400 4412 et
2449 4359 2741 4415 circularis
2773 4359 3053 4422 circulari,
3085 4359 3219 4414 etin
3279 4359 3403 4414 aliis
3473 4362 3643 4414 simio

372 4447 519 4500 liter.

444 4588 531 4643 15.
566 4588 736 4645 Porro
753 4588 801 4622 ⁸³
830 4590 933 4647 hoc
964 4600 1023 4647 ut
1075 4601 1259 4647 motus
1305 4595 1451 4648 inter
1506 4608 1567 4649 se
1627 4593 1940 4664 comparari

372 4682 606 4751 possint,
639 4682 773 4738 nihil
799 4682 1022 4752 impedit
1062 4684 1562 4740 instrumentorum
1624 4687 1943 4753 diversitas,

2131 4596 2221 4663 ιγ’.
2246 4593 2506 4663 Διαφέρει
2537 4591 2590 4645 δὲ
2617 4591 2770 4645 οὐδὲν
2809 4593 2889 4655 εις
2914 4592 2976 4645 τὸ
3023 4590 3338 4663 συμϐλητὰς
3366 4591 3504 4649 εἶναι
3533 4597 3648 4661 τὰς

2056 4688 2301 4757 κινήσεις
2338 4687 2372 4757 ή
2403 4685 2513 4738 τῶν
2532 4686 2781 4754 ὀργάνων
2809 4684 3138 4756 ἑτεροιότης,
3185 4685 3253 4737 δι’
3279 4679 3354 4739 ὧν
3382 4688 3522 4756 (καὶ)
3574 4693 3641 4741 αι

372 4790 469 4844 per
494 4790 619 4845 quae
671 4787 849 4832 motus
903 4774 1096 4830 liunt:
1153 4775 1392 4843 exempli
1462 4778 1658 4846 gratia,
1721 4778 1765 4832 si
1819 4778 1939 4832 huic

2055 4780 2297 4849 κινήσεις
2321 4794 2337 4809 υ
2371 4770 2500 4843 οἷον,
2532 4781 2581 4831 εί
2610 4778 2687 4848 τῷ
2720 4780 2820 4844 μὲν
2854 4778 3014 4840 πόδες
3053 4775 3184 4841 εἷεν,
3216 4778 3293 4848 τῷ
3331 4778 3388 4833 δὲ
3418 4781 3641 4849 πτέρυ-

373 4866 561 4935 pedes,
595 4867 683 4921 alii
716 4881 906 4935 pennae
932 4867 1132 4922 iuerint
1166 4866 1530 4922 instrumenta
1565 4876 1766 4924 motus.
1808 4867 1943 4921 Nam

374 4960 479 5013 alia
535 4959 753 5029 quidem
794 4959 908 5031 68
944 4959 1161 5014 ratione
1183 4958 1486 5014 ambulatio
1535 4978 1561 5013 a
1602 4961 1786 5014 volatu
1843 4961 1947 5013 dif-

374 5049 502 5115 fert,
544 5051 723 5120 quoad
758 5051 1017 5104 nimirum
1056 5059 1261 5104 certam
1305 5053 1604 5118 quamdam
1661 5053 1947 5122 qualitatis

376 5146 791 5212 ﬁgurationem;
841 5152 898 5198 at
950 5141 1130 5213 quoad
1196 5143 1424 5198 loealem
1497 5145 1761 5213 speciem,
1813 5146 1949 5199 nihil

377 5236 660 5293 uiderunt.
727 5237 1071 5305 Quapropter
1100 5235 1263 5289 etiam
1326 5237 1633 5305 comparari
1694 5247 1946 5307 possunt,

377 5330 679 5385 dummodo
704 5330 769 5383 ad
819 5339 1024 5383 rectam
1071 5337 1164 5383 aut
1230 5328 1461 5384 fractam
1518 5330 1716 5384 lineam
1783 5333 1947 5385 etiam

376 5425 539 5476 ambo
566 5421 949 5476 conﬁciantur.
980 5422 1179 5477 Omnes
1213 5432 1395 5475 autem
1445 5423 1712 5477 rectiliuei
1774 5436 1953 5477 motus

377 5516 521 5567 inter
562 5530 620 5568 se
657 5514 892 5566 invicem
922 5513 1230 5580 comparari
1269 5524 1545 5581 poterunt,
1587 5524 1643 5567 ut
1702 5515 1834 5567 nihil
1881 5516 1946 5568 ad

380 5606 485 5660 hoc
510 5603 886 5673 impedimenti
921 5603 1056 5674 ipsis
1091 5603 1280 5658 all‘erat
1329 5605 1709 5661 babitndiuum
1769 5608 1950 5660 diver-

451 5791 496 5822 το
527 5791 559 5842 s
594 5789 755 5857 Phys.
792 5805 842 5844 e.
880 5790 964 5855 tt,
1001 5802 1039 5844 l.
1078 5791 1165 5846 τις.

382 5877 429 5920 c.
488 5863 540 5925 5,
578 5872 615 5913 t.
664 5863 753 5926 55,
790 5861 884 5917 3i.
966 5864 1009 5895 ⁸³
1044 5866 1072 5919 7
1106 5864 1270 5932 l'lays.
1307 5880 1353 5916 ς.
1390 5862 1441 5914 ὅ.
1469 5877 1505 5914 ι.
1539 5862 1626 5914 50.

1246 5790 1290 5822 εο
1321 5790 1350 5841 7
1383 5790 1542 5859 Phys.
1576 5804 1623 5842 ο.
1658 5790 1708 5855 ες,
1745 5804 1780 5846 l.
1821 5793 1878 5845 et
1902 5793 2012 5847 ει.

2054 4886 2149 4939 γες
2185 4870 2252 4922 τὰ
2274 4870 2482 4940 ὄργανα
2525 4871 2622 4937 τῆς
2659 4871 2948 4939 κινήσεως.
2984 4869 3196 4932 Ἄλλως
3243 4870 3342 4940 μὲν
3369 4871 3481 4940 γὰρ
3509 4874 3645 4925 δια-

2058 4966 2212 5032 φέρει
2246 4963 2457 5033 βάδισις
2486 4965 2761 5031 πτήσεως,
2798 4963 2965 5033 ήγουν
2998 4962 3140 5015 κατὰ
3174 4962 3265 5014 τὸν
3299 4963 3457 5016 ποιὸν
3489 4982 3606 5035 σχη

2060 5057 2334 5126 ματισμόν
2358 5073 2372 5088 ο
2406 5058 2546 5109 κατὰ
2575 5055 2632 5108 δὲ
2651 5055 2709 5106 τὸ
2732 5057 2959 5109 τοπικὸν
2984 5052 3121 5117 εἶδος
3153 5056 3214 5107 οὐ
3242 5056 3518 5125 διαφέρει.
3546 5062 3652 5111 ΔΙ)

2059 5152 2152 5203 καὶ
2188 5150 2515 5218 συμϐληταὶ,
2548 5149 2707 5216 μόνον
2753 5150 2803 5201 el
2833 5148 2921 5201 ἐπ’
2952 5148 3193 5211 εὐθείας,
3223 5148 3372 5217 ῆὲπὶ
3432 5151 3651 5203 κεκλαο

2061 5240 2262 5310 σμένης
2301 5240 2392 5292 καὶ
2413 5240 2583 5308 ἄμφω
2614 5238 2873 5292 τελοῐντο.
2912 5237 3095 5292 Πᾶσαι
3119 5236 3176 5289 δὲ
3207 5239 3264 5290 αἱ
3290 5236 3379 5288 ἐπ’
3411 5237 3650 5300 εὐθείας

2059 5333 2304 5400 κινήσεις
2357 5332 2617 5397 ἀλλήλαις
2671 5331 2887 5386 ἔσονται
2950 5329 3267 5400 συμϐληταὶ
3297 5369 3313 5392 ,
3383 5330 3656 5399 μηδὸ>.ως

2060 5424 2484 5493 ὲμποὶιζόμεναι
2534 5424 2612 5495 τῷ
2641 5423 2885 5496 διαφόρῳ
2935 5426 3044 5477 τῶν
3077 5423 3348 5492 σχέσεων*
3399 5424 3655 5490 ἐπείπερ

2054 5516 2112 5568 ἓν
2144 5516 2204 5567 τὸ
2240 5516 2600 5585 ὑποκείμενον
2626 5518 2809 5587 ἔχουσι
2836 5517 2932 5585 τὴν
2962 5516 3203 5579 εὐθεῖαν,
3239 5516 3330 5566 καὶ
3358 5515 3656 5584 ὁμοειδεῖς

2057 5609 2147 5661 διὰ
2177 5610 2334 5661 τοῦτό
2364 5613 2466 5662 εισι
2505 5610 2653 5680 μόνῳ
2696 5610 2769 5679 τῷ
2806 5609 3027 5679 ἀριθμῷ
3054 5610 3432 5676 διαφέρουσαι.

2122 5795 2167 5827 ⁸³
2204 5796 2233 5849 7
2274 5794 2438 5867 Phys.
2477 5812 2527 5851 c.
2570 5797 2623 5863 5,
2663 5807 2700 5851 t.
2739 5791 2898 5864 5?;8
2929 5794 3063 5864 Top.
3090 5809 3142 5851 ι’.
3185 5789 3237 5846 7.
3314 5790 3361 5822 ⁸²
3396 5789 3425 5842 7
3464 5789 3653 5867 i‘hys.
