3832 6360
198 312 318 375 1089
1498 298 1757 358 ΕΡΙΤΟἉ

1883 298 2221 360 l‘HYSlCA.
3275 296 3417 361 10Ἶο

179 428 231 480 δέ
249 442 303 492 γε
333 424 426 477 καὶ
446 423 687 487 ἔλαττον,
722 420 899 492 τροφὴ
936 419 1030 472 καὶ
1065 412 1321 488 μείωσιςζ
1358 414 1738 477 συντελοῦντος

1875 412 2010 467 ﬂluit
2027 423 2083 467 et
2103 414 2371 481 abscedit,
2396 415 2682 469 nutritioet
2703 410 3072 483 augmentatio
3098 412 3177 479 ﬁl;
3199 410 3420 482 quando

179 516 261 570 τοῦ
291 513 617 575 ἐπεισιόντος
652 513 727 572 εἰς
767 512 935 580 μόνην
967 508 1060 563 τοῦ
1096 510 1272 570 εἴδους
1305 507 1425 559 τινὰ
1459 505 1730 577 φυλακήν.

1881 512 2024 558 utem
2056 507 2264 573 aequale
2294 508 2560 559 duntaxat
2589 546 2602 565 .
2639 506 2867 561 nutritio
2921 516 3168 568 tantum;
3200 505 3421 573 quando

183 609 320 661 Ἐστι
346 607 454 675 γὰρ
482 606 575 658 καὶ
601 602 695 657 τοῦ
724 602 895 656 ποσοῦ
926 601 1252 671 μειουμένου
1280 601 1339 652 τὸ
1366 595 1505 661 εἶδος
1534 598 1735 666 φυλάτ-

1875 597 2078 665 lenique
2129 597 2333 661 n‘ninus,
2385 598 2616 651 nutritio
2669 611 2722 652 et
2773 596 3103 659 diminutio;
3160 603 3220 649 ut
3274 597 3420 664 quod

177 698 371 752 τισθαι.
405 695 480 749 Οὐ
514 696 622 764 γάρ
651 696 800 746 ἐστιν
828 693 860 757 ἡ
895 692 1121 761 μείωσις
1151 691 1245 743 καὶ
1274 691 1305 758 ἡ
1338 687 1520 757 φθίσις
1549 686 1736 748 ἁπλῶς

1875 688 2169 757 ngreditur,
2202 690 2302 744 hoc
2336 698 2546 743 tantum
2585 698 2820 758 praestet,
2847 700 2906 744 ut
2930 688 3142 758 species
3174 701 3425 757 quoquo-

103 810 108 817 '
178 792 377 863 φθορὰ,
409 788 545 843 ἀλλά
580 786 662 850 τὶς
703 785 882 856 φθορά
905 801 919 817 ·
956 783 1210 852 καθάπερ
1248 784 1281 850 ἡ
1315 780 1543 852 αὔξησις
1581 779 1757 860 γένεα

1875 780 2011 835 nodo
2043 789 2421 836 conservetur.
2467 780 2653 836 Potest
2683 782 2827 835 enim
2862 783 3027 835 etiam
3059 782 3422 835 decrescente

181 889 254 947 σις
279 885 381 946 τις.
1849 876 2157 945 quantitate
2187 876 2399 943 species
2425 890 2688 931 conserva
2701 877 2767 930 ri.
2799 875 2989 944 Neque
3014 874 3161 929 enim
3188 874 3422 926 diminu-

182 977 248 1050 ιὶο
292 985 343 1029 et
369 973 610 1029 decretio
661 972 888 1042 simplex
945 979 1030 1028 est
1088 972 1369 1041 corruptio
1403 1011 1417 1038 ,
1472 968 1568 1025 sed
1632 970 1914 1038 corruptio
1983 971 2270 1039 quaedam;
2332 972 2791 1040 quemadmodum
2838 965 3253 1041 augmentatio’,
3319 981 3419 1037 ge-

182 1069 382 1122 neratio
412 1065 682 1134 quaedam.

244 1171 309 1234 η’.
350 1164 470 1217 Ἐπὶ
500 1161 558 1216 δὲ
590 1162 689 1232 τῆς
722 1159 863 1214 κατά
892 1159 1060 1213 τόπον
1090 1157 1392 1229 μεταϐολῆς
1425 1158 1457 1229 ἡ
1498 1158 1599 1225 μὲν
1628 1157 1740 1211 ἀνω

180 1262 312 1313 κατὰ
345 1258 505 1329 φύσιν
534 1259 711 1327 φορὰ,
747 1256 838 1308 καὶ
871 1258 903 1324 ἡ
939 1256 1021 1317 εἰς
1051 1256 1118 1309 τὰ
1149 1254 1337 1321 δεξιὰ,
1368 1256 1459 1306 καὶ
1493 1254 1525 1323 ἡ
1561 1256 1641 1315 εἰς
1671 1254 1740 1304 τὰ

179 1353 498 1424 ἔμπροσθεν.
514 1352 757 1419 γενέσεις
789 1349 855 1402 ἂν
885 1347 994 1401 εἶέν
1023 1358 1189 1411 τινες⁸
1224 1348 1421 1416 φθοραὶ
1448 1348 1503 1400 δέ
1531 1364 1677 1407 τινες
1708 1348 1740 1416 ἡ

180 1447 253 1508 εἰς
285 1447 352 1497 τὰ
386 1444 539 1498 κάτω
573 1442 747 1512 φορὰ,
788 1443 878 1494 καὶ
911 1443 942 1511 ἡ
979 1441 1058 1503 εις
1093 1441 1390 1509 ἀριστερὰ,
1427 1438 1519 1490 καὶ
1557 1438 1636 1499 εἰς
1672 1436 1741 1488 τά

180 1538 416 1592 ὄπισθεν.

1919 1152 1974 1207 8.
2031 1153 2096 1205 At
2145 1150 2198 1205 in
2231 1165 2294 1205 ea
2340 1160 2642 1205 mutatione
2690 1166 2814 1221 quin
2866 1164 2962 1219 per
3011 1152 3189 1204 locum
3243 1149 3321 1216 lit,
3357 1148 3424 1203 ad

1849 1246 2191 1313 superiorem
2220 1255 2274 1299 et
2301 1245 2547 1299 dextram
2576 1250 2631 1297 et
2662 1244 2989 1296 anteriorem
3023 1250 3229 1310 partem
3251 1251 3427 1293 lllttltls

1853 1339 2134 1402 naturalis,
2168 1336 2545 1406 generationes
2592 1337 2871 1404 «iniseriam;
2909 1344 3100 1390 (mura
3160 1332 3215 1386 in
3285 1331 3425 1386 iule-

1852 1432 2070 1495 riorem,
2105 1439 2161 1485 et
2197 1431 2477 1484 sinistram
2504 1438 2555 1483 ct
2590 1431 2945 1497 posteriorem
2980 1414 3189 1499 partem
3218 1440 3425 1490 motus,

1853 1523 2239 1594 curruptiones
2268 1524 2516 1593 quaedam
2553 1524 2660 1578 dici
2703 1535 2923 1594 queunt.

1780 1666 1851 1682 ‘—

1381 1762 1726 1823 SYNOPSIS
1767 1764 2039 1820 CAPITIS
2084 1757 2199 1830 Vl],

1471 1878 1619 1927 QUOD
1654 1878 1757 1916 EST
1799 1876 1867 1915 DE
1907 1875 2142 1915 NA'I'URA.

180 1982 280 2054 91
325 1989 376 2041 ί.
418 1986 613 2055 Definit
652 1997 899 2041 naturam
937 1994 987 2041 et
1029 1984 1387 2054 deﬁnitionem
1431 1982 1839 2049 paraphrastice
1878 1982 2280 2055 interpretatur.
2318 2002 2381 2055 -_-
2422 1978 2478 2032 2.
2520 1978 2679 2055 Docet
2720 1979 2981 2055 quomodo
3025 1980 3078 2033 in
3122 1979 3432 2055 definitione

253 2050 457 2111 natura:
489 2050 796 2112 uocabulum
832 2066 1000 2129 motus
1028 2050 1103 2129 sit
1127 2056 1510 2129 accipiendum,
1541 2061 1589 2107 et
1620 2055 1759 2129 quod
1795 2063 1991 2104 natura
2021 2052 2088 2104 sit
2119 2067 2284 2129 causa
2314 2050 2431 2129 ejus
2463 2050 2786 2120 propinqua,
2811 2051 3039 2129 ipsaque
3066 2053 3228 2105 etiam
3260 2069 3293 2129 ᾳ
3392 2073 3433 2100 ’(1

252 2138 559 2193 moveatur;
592 2130 683 2181 ubi
717 2130 877 2181 etiam
912 2127 1160 2181 distincte
1200 2120 1363 2179 tradit
1386 2168 1400 2189 ,
1438 2120 1698 2192 quomodo
1740 2134 1939 2175 natura
1976 2120 2261 2193 secundum
2302 2122 2562 2173 rationem
2598 2138 2751 2193 agere
2787 2121 2999 2174 dicatur
3032 2136 3050 2174 :
3083 2126 3224 2176 unde
3264 2123 3429 2191 ἱηίεονι

251 2210 499 2253 naturam
536 2190 719 2252 merito
751 2216 783 2252 a
821 2197 1043 2251 Platone
1080 2212 1297 2250 causam
1332 2190 1790 2248 instrumentalem
1826 2209 1941 2255 esse
1973 2192 2320 2261 appellatam,
2350 2201 2400 2244 et
2433 2202 2612 2244 actum
2645 2190 2757 2261 ejus
2789 2193 3283 2263 potiusquamdum
3319 2190 3434 2263 pcr-

250 2270 541 2336 pusionem
572 2286 702 2324 esse.
732 2299 803 2310 —
832 2270 885 2323 5.
919 2268 1030 2322 Cur
1057 2271 1110 2321 in
1139 2266 1447 2335 deﬁnitione
1479 2264 1910 2336 adjiciatur,_cui
1940 2264 2099 2336 inest.
2130 2278 2221 2336 seu
2252 2263 2367 2329 ejus
2394 2263 2450 2313 in
2480 2262 2728 2336 quaest?
2758 2290 2829 2300 —-
2857 2264 2907 2315 4.
2944 2261 3074 2325 Cur,
3108 2261 3326 2336 primo?
3360 2295 3424 2305 --

253 2333 303 2392 5.
343 2338 469 2403 Cur,
504 2356 598 2410 per
627 2355 702 2405 se,
735 2350 783 2393 et
821 2356 922 2393 non
955 2333 1242 2410 secundum
1277 2337 1565 2390 accidens?
1597 2364 1666 2374 —
1698 2335 1751 2388 6.
1789 2333 1893 2410 Per
1924 2334 2272 2410 corollarium
2308 2344 2521 2410 exponit
2554 2333 3056 2410 discrimeu‘rerum
3094 2335 3428 2410 naturalium

250 2419 296 2480 et
327 2404 715 2480 artiﬁcialium.
749 2440 819 2451 —
850 2410 900 2464 7.
935 2406 1332 2474 Quare‘nalura
1360 2418 1411 2460 et
1445 2416 1615 2459 motus
1647 2414 1696 2458 et
1727 2406 1917 2480 quietis
1948 2406 2271 2472 principium
2303 2408 2533 2480 dicatur,
2568 2414 2611 2456 et
2644 2404 2907 2480 quomodo
2935 2405 3031 2480 hoc
3059 2405 3423 2480 accipiendum

251 2479 338 2532 sit.
370 2473 448 2521 —'
471 2484 521 2535 8.
558 2481 829 2544 Quomodo
868 2473 1147 2550 differant,
1177 2480 1238 2530 τὸ
1267 2488 1459 2550 natura
1487 2487 1537 2529 et
1566 2473 1855 2530 secundum
1885 2488 2135 2550 naturam
2155 2516 2168 2536 ,
2193 2486 2244 2550 et
2278 2477 2412 2550 quid
2437 2484 2717 2540 utrumque
2745 2473 2833 2525 sit.
2866 2503 2931 2513 --
2965 2473 3019 2527 9.
3050 2474 3299 2550 Superius
3319 2476 3351 2527 ά
3377 2493 3432 2524 δ-

252 2553 447 2604 crimen
482 2552 758 2615 conﬁrmat
787 2590 801 2614 ,
862 2545 1010 2604 et'ad
1040 2566 1100 2602 ea
1131 2565 1249 2619 qua:
1278 2548 1414 2615 fiunt
1442 2558 1632 2613 praeter
1661 2555 1910 2619 naturam
1940 2546 2099 2619 refert
2129 2548 2292 2597 etiam
2322 2547 2450 2597 vitia
2480 2562 2510 2596 a
2541 2558 2736 2597 natura
2769 2554 3068 2619 contracta
3091 2555 3137 2597 et
3167 2545 3427 2613 defectus,

251 2632 299 2672 et
340 2622 567 2691 reliquas
598 2634 805 2675 natura:
834 2614 1198 2674 alienatione:
1223 2661 1237 2679 .
1271 2614 1327 2691 ut
1358 2621 1413 2672 in
1445 2620 1692 2672 monstris
1715 2659 1729 2681 ,
1762 2618 1848 2670 ubi
1877 2619 2036 2670 simul
2068 2618 2292 2671 istorum
2326 2631 2547 2691 causam
2581 2615 2911 2670 materiulem
2942 2614 3154 2687 quidem
3188 2618 3426 2686 exponit.

252 2719 322 2729 --
356 2686 762 2749 lO.'Discrimen
794 2692 1047 2756 explicat,
1078 2690 1338 2761 quomodo
1368 2699 1560 2759 pra’ter
1588 2700 1837 2744 naturam
1866 2699 1914 2742 et
1940 2705 2101 2757 supra
2138 2698 2390 2740 naturam
2420 2686 2696 2756 (li/ferant.

1767 2855 1830 2872 μ

786 2991 1036 3045 ΚΕΦΑΛ.
1077 2993 1151 3045 Z'.
1531 3002 1535 3009 '

2455 2986 2683 3043 CAPUT
2727 2988 2834 3042 VII.

760 3082 897 3150 Περὶ
929 3085 1186 3151 φύσεως.

259 3180 333 3230 α’.
367 3174 531 3235 Φύσις
566 3173 713 3227 ἐστὶν
740 3175 882 3244 ἀρλὴ
915 3178 1186 3243 κινήσεως
1218 3175 1309 3226 καί
1338 3171 1604 3243 ἠρεμίας,
1637 3173 1693 3225 ὲν
1719 3165 1763 3239 ᾧ

185 3267 424 3337 ὑπάρχει
465 3265 697 3335 πρώτως
735 3267 856 3319 καθ’
882 3267 1013 3319 αὐτὸ
1051 3268 1144 3320 καὶ
1188 3266 1264 3337 μὴ
1303 3269 1441 3320 κατα
1483 3268 1762 3336 συμόεόηο

181 3360 303 3423 κός.
332 3360 489 3413 Ἐπεὶ
517 3359 614 3429 δ⁹ὴ
648 3360 861 3428 κίνησις
890 3360 1142 3430 ἐνέργεια
1168 3359 1263 3412 τοῦ
1291 3359 1516 3428 δυνάμει
1547 3360 1765 3427 ἐλέγετο

180 3449 324 3503 καθὸ
352 3449 579 3520 δυνάμει
602 3486 618 3512 ,
649 3450 816 3519 ἀργία
845 3448 900 3502 δὲ
930 3450 1122 3502 τούτου
1155 3451 1188 3521 ἠ
1224 3449 1429 3518 ἠρεμία
1453 3464 1466 3478 ·
1498 3454 1560 3503 τὸ
1590 3451 1763 3505 αἴτιον

177 3546 285 3615 τῆς
321 3545 579 3615 τοιαύτης
618 3544 902 3613 ἐνεργείας
935 3543 1031 3596 καὶ
1068 3544 1269 3614 ἀργίας
1306 3546 1338 3613 ὴ
1377 3544 1539 3613 φύσις
1573 3546 1762 3610 ἐστὶν,

177 3638 355 3706 ἤγουν
393 3638 425 3707 ὴ
469 3638 622 3707 παρά
657 3636 750 3689 τοῦ
794 3638 1130 3708 δημιουργοῦ
1171 3639 1282 3698 τοῖς
1323 3640 1574 3706 φυσικοῖς
1617 3641 1765 3692 ἐντε-

179 3732 344 3785 θεῖσα
385 3732 551 3784 πᾶσιν
585 3730 962 3799 ἐπιτηδειότης
1001 3731 1097 3783 καὶ
1134 3729 1362 3799 δύναμις
1399 3732 1499 3784 οὐκ
1540 3734 1765 3786 ὲπείσα-

179 3842 316 3888 κτος
347 3825 482 3891 πρὸς
508 3825 571 3876 τὸ
600 3825 693 3894 ἀφ’
717 3823 926 3877 ἑαυτῶν
952 3824 1220 3877 κινεῖσθαι
1250 3826 1348 3878 καὶ
1380 3825 1762 3894 μεταδάλλειν,

170 3917 283 3971 καὶ
322 3917 481 3970 πάλιν
517 3916 610 3983 ἀφ’
632 3916 843 3968 ἑαυτῶν
878 3913 1151 3968 παύεσθαι
1185 3916 1283 3984 τῆς
1320 3916 1577 3987 τοιαύτης
1612 3921 1767 3989 κινή-

180 4026 325 4069 cram;
357 4012 451 4061 καὶ
482 4007 785 4079 μεταϐολῆς
810 4025 824 4038 ·
853 4010 885 4078 ἡ
914 4007 1139 4078 τοιαύτη
1167 4009 1379 4072 τούτοις
1408 4010 1559 4074 ἐντὸς
1589 4013 1770 4065 οἰκου-

179 4102 361 4173 ροῦσα
393 4101 591 4169 εύφυῖα
623 4100 785 4169 φύσις
817 4100 1152 4169 ὠνόμασται.

261 4198 331 4268 β’.
372 4197 485 4266 Τὴν
513 4196 727 4266 κίνησιν
755 4196 811 4249 δὲ
844 4195 1355 4265 παραλαμϐάνομεν
1384 4196 1621 4251 ἐνταῦθα
1652 4216 1768 4250 κοι-

176 4290 412 4357 νότερον
446 4287 567 4339 ἀντῖ⁵
606 4286 790 4356 πάσης
837 4285 1164 4354 μεταῦολῆς.
1203 4285 1423 4356 Ταύτης
1456 4288 1555 4356 τῆς
1602 4304 1770 4357 μετα-

178 4381 376 4449 ϐολῆς,
423 4377 611 4449 ὥσπερ
660 4379 724 4450 δὴ
775 4380 868 4431 καὶ
914 4379 1012 4447 τῆς
1062 4380 1475 4449 ἀμεταόλησίας
1522 4383 1555 4449 ἠ
1607 4380 1767 4448 φύσ;ς

175 4472 344 4527 αἰτία
384 4472 530 4525 ἐστὶν
554 4512 568 4537 ,
601 4471 747 4525 stiria
784 4472 1059 4541 προσεχής
1089 4488 1147 4524 τε
1184 4476 1278 4525 καὶ
1312 4475 1533 4542 κινητὴ.
1569 4474 1768 4527 Κινου·

181 4568 333 4636 μένη
365 4567 473 4635 γὰρ
506 4563 666 4634 φύσις
697 4567 861 4618 κινεῖ.
892 4565 1130 4633 Πρώτως
1160 4565 1217 4618 δὲ
1246 4566 1339 4618 καὶ
1369 4566 1642 4635 ἀκινήτως
1674 4568 1772 4619 καὶ

179 4661 398 4729 κυρίως
431 4659 580 4711 αἰτία
610 4658 718 4711 τῶν
747 4658 1003 4712 ἁπάντων
1032 4656 1127 4710 κα)⁵
1160 4658 1333 4726 αὐτῆς
1361 4660 1460 4728 τῆς
1493 4658 1711 4727 φύσεως
1742 4658 1770 4709 ὁ

177 4752 349 4815 Θεός.
378 4752 442 4806 El
468 4751 525 4806 δὲ
554 4753 651 4805 καὶ
679 4753 855 4804 ποιεῖν
878 4752 913 4822 ή
947 4750 1108 4820 φύσις
1138 4750 1356 4819 λέγεται
1388 4754 1483 4804 καὶ
1515 4754 1655 4805 κατὰ
1685 4752 1770 4803 λό-

177 4863 293 4915 γον
338 4847 545 4911 ποιεῖν,
590 4844 757 4899 dixit
800 4844 1088 4915 ποιητικὸς
1131 4843 1287 4912 λόγος
1331 4844 1506 4908 διττός
1534 4859 1551 4879 ο
1594 4846 1624 4897 ό
1669 4844 1768 4913 μὲν

178 4937 515 5006 γνωστικῶς
548 4935 717 4989 ποιῶν
765 4936 859 4987 καὶ
892 4934 1097 5003 κυρίως
1129 4932 1297 4987 ποιῶν
1325 4974 1340 4999 ,
1372 4935 1400 4985 ό
1427 4933 1485 4987 δὲ
1515 4932 1770 5002 γνώσεως

183 5033 300 5102 μὲν
357 5031 492 5100 ἄτερ
532 5030 625 5084 και
650 5031 747 5102 τῆς
777 5028 856 5092 εἰς
887 5028 1081 5081 ἑαυτὸν
1108 5027 1442 5096 ἐπιστροφῆς
1464 5067 1478 5091 ,
1507 5027 1774 5095 τεταγμέ-

178 5142 301 5189 νως
334 5122 390 5176 δὲ
426 5123 518 5177 καί
553 5122 875 5193 ὡρισμένως
912 5121 1007 5174 καὶ
1048 5119 1467 5189 προηγουμένου
1502 5119 1645 5182 τινὸς
1680 5120 1771 5171 τὲ-

176 5220 321 5280 λους
371 5217 553 5271 ἕνεκα.
590 5218 749 5270 Κατὰ
772 5214 959 5268 τοῦτον
987 5213 1081 5267 τὸν
1117 5212 1328 5282 λόγονή
1363 5213 1528 5280 φύσις
1556 5215 1774 5283 λέγεται

180 5312 374 5367 ποιεῖν
395 5351 408 5372 ,
445 5310 638 5375 ἄλογος
678 5306 812 5360 οὖσα
850 5305 990 5359 κατὰ
1023 5305 1114 5358 τὸν
1150 5304 1369 5373 πρῶτον
1403 5305 1579 5374 λόγον.
1611 5307 1774 5359 ’Όοεν

179 5403 424 5464 εἰκότως
463 5398 755 5469 ὀργανικὸν
789 5398 962 5450 αἴτιον
994 5399 1022 5449 ὁ
1065 5397 1290 5452 Πλάτων
1323 5398 1529 5469 ταύτην
1564 5402 1730 5469 φησίν
1756 5417 1770 5433 ’

178 5499 429 5563 ἐπείπερ
458 5491 646 5563 ὥσπερ
676 5491 737 5544 τὸ
768 5491 1075 5560 σκέπαρνον
1106 5489 1138 5556 ἦ
1170 5493 1197 5543 ὁ
1230 5491 1408 5560 πρίων
1437 5492 1539 5543 οὐκ
1568 5494 1774 5546 οἴδασιν

177 5592 353 5645 οὐδὲν
384 5593 440 5642 ἐν
470 5588 583 5651 τοῖς
614 5588 927 5658 τεχνητοίς,
956 5585 1127 5646 οὕτως
1159 5584 1269 5637 οὐδ’
1296 5585 1352 5636 ὲν
1382 5585 1496 5647 τοῖς
1526 5588 1775 5653 φυσικοῖς

306 5800 348 5831 ιο
385 5798 418 5853 2
447 5798 606 5873 Phys.
640 5815 689 5857 c.
721 5842 736 5871 ,
774 5808 810 5854 t.
844 5797 897 5855 ὅ.
980 5797 1020 5830 υ
1055 5799 1078 5852 1
1115 5795 1187 5854 De
1215 5795 1446 5869 legibus,
1483 5812 1537 5868 p,
1576 5795 1699 5853 767.

2490 3083 2563 3136 Ite
2602 3093 2817 3139 natura.

1937 3180 1986 3233 l.
2029 3179 2235 3233 Natura
2265 3180 2306 3210 ¹⁰
2332 3187 2416 3233 est
2445 3178 2776 3248 principium
2806 3190 2985 3235 metus
3011 3188 3067 3235 et
3096 3181 3297 3253 quietis
3322 3185 3444 3255 ejus

1866 3274 1919 3327 in
1957 3289 2065 3344 quo
2098 3285 2202 3335 est,
2238 3271 2437 3341 primo,
2478 3286 2571 3339 per
2605 3288 2686 3335 se,
2724 3281 2778 3325 et
2810 3287 2919 3325 non
2958 3275 3259 3330 secundum
3294 3280 3444 3332 acci-

1864 3364 2019 3419 dens.
2054 3364 2320 3429 Quoniam
2351 3370 2532 3417 autem
2570 3370 2748 3416 motus
2777 3362 2898 3432 ejus
2929 3361 3038 3433 92
3074 3365 3215 3433 quod
3251 3378 3445 3435 poten-

1867 3457 1935 3512 tia
1964 3467 2046 3512 est
2072 3466 2338 3527 quatenus
2364 3462 2447 3510 est
2475 3454 2710 3522 potentia
2739 3462 2913 3518 actus,
2941 3465 2994 3508 et
3019 3457 3174 3524 quies
3198 3457 3442 3527 ejusdem

1866 3550 2102 3604 cessatio
2130 3550 2447 3613 dicebatur;
2483 3548 2643 3617 hujus
2671 3559 2827 3604 actus
2849 3558 2904 3627 et
2929 3550 3253 3605 cessationis
3278 3567 3443 3608 causa

1865 3653 1947 3697 est
1983 3651 2178 3695 natura
2214 3659 2228 3696 :
2261 3642 2363 3697 hoc
2397 3650 2502 3701 est.
2541 3641 2703 3695 rebus
2743 3642 2998 3696 omnibus
3037 3643 3378 3699 naturalibus
3413 3661 3444 3700 a

1865 3735 2151 3791 conditore
2189 3735 2351 3789 insita
2387 3735 2655 3804 aptitudo,
2693 3743 2748 3789 et
2781 3736 3017 3803 petentia
3054 3750 3164 3789 non
3201 3736 3447 3791 adventi-

1866 3832 1962 3893 tia,
2006 3844 2114 3897 qua
2155 3844 2185 3883 a
2229 3828 2427 3898 seipsis
2473 3829 2676 3883 moveri
2717 3839 2774 3882 et
2817 3827 3038 3893 mutari,
3081 3837 3136 3883 et
3174 3844 3369 3884 rursus
3411 3846 3441 3885 a

1868 3924 2065 3992 aeipsis
2114 3924 2184 3978 ab
2234 3921 2506 3991 ejusmodi
2558 3930 2709 3976 motu
2759 3928 2814 3975 et
2868 3920 3171 3975 mutatione
3224 3936 3448 3977 cessare

1868 4024 2095 4086 queunt.
2125 4014 2401 4085 Ejusmodi
2429 4030 2551 4084 qua:
2578 4015 2633 4068 in
2664 4012 2802 4084 ipsis
2834 4012 3041 4068 habitat
3068 4022 3278 4068 natura:
3307 4015 3447 4085 apti-

1868 4115 2025 4178 tudu,
2057 4121 2249 4169 natura
2282 4113 2563 4165 nominata
2595 4121 2699 4165 est.
3209 4176 3213 4181 η

1939 4203 1993 4256 2.
2034 4205 2208 4256 Porro
2245 4212 2453 4255 motum
2494 4202 2581 4255 hic
2615 4201 2982 4256 communiter
3014 4215 3115 4270 pro
3147 4201 3295 4257 omni
3332 4217 3451 4256 mu-

1873 4295 2076 4350 tatione
2108 4294 2430 4363 accipimus.
2469 4291 2643 4362 Hujus
2677 4292 2843 4361 igitur
2880 4292 3219 4355 mutationis,
3257 4308 3449 4362 quem-

1871 4386 2159 4441 admodum
2194 4394 2250 4440 et
2282 4384 2574 4440 vacuitatis
2607 4399 2638 4437 a
2678 4383 3017 4449 mutatione,
3052 4398 3217 4437 causa
3253 4394 3447 4437 natura

1870 4486 1976 4535 est.
2010 4480 2187 4534 (Zausa
2210 4519 2225 4543 ,
2260 4479 2480 4548 inquam
2502 4516 2518 4542 ,
2550 4476 2853 4547 propinqua
2886 4485 2941 4530 et
2974 4476 3143 4530 motui
3178 4474 3443 4544 subjecta.

1871 4574 2077 4629 Natura
2108 4572 2252 4627 enim
2287 4581 2557 4634 movetur,
2590 4578 2644 4624 et
2677 4570 2750 4623 ita
2781 4570 2996 4623 demum
3031 4577 3228 4623 movet.
3262 4566 3451 4621 Primo

1872 4673 2055 4719 autem
2089 4672 2143 4719 et
2179 4662 2301 4718 sine
2334 4674 2483 4717 rnatu
2514 4671 2569 4716 et
2600 4663 2854 4730 proprie,
2886 4656 3129 4713 omnium
3152 4700 3167 4723 ,
3200 4659 3449 4728 adeoque

1874 4757 2048 4825 ipsius
2088 4755 2253 4811 etiam
2298 4763 2510 4808 naturae
2550 4767 2739 4818 causa,
2776 4750 2923 4806 Deus
2959 4759 3063 4806 est.
3106 4751 3219 4806 Etsi
3267 4759 3446 4804 autem

1878 4852 2041 4906 etiam
2071 4859 2264 4904 natura
2299 4848 2480 4903 lacere
2509 4846 2730 4912 dicitur,
2761 4852 2815 4900 et
2844 4846 3146 4900 secundum
3178 4844 3445 4898 ratiom-m

1878 4938 2043 5004 facit,
2082 4948 2260 4994 tamen
2296 4937 2537 4993 elﬁciens
2573 4936 2709 4991 ratio
2740 4935 2931 5006 duplex
2969 4943 3054 4989 est
3093 4951 3108 4989 :
3147 4934 3315 4989 altera
3356 4951 3451 5002 per

1879 5034 2162 5089 scientiam
2191 5041 2245 5086 et
2274 5032 2491 5102 proprie
2520 5030 2750 5093 faciens,
2784 5031 2953 5086 altera
2983 5030 3102 5084 sine
3134 5028 3359 5084 scientia
3394 5037 3447 5082 ιιι

1873 5126 2165 5183 reﬂexione
2194 5126 2264 5179 ad
2294 5124 2529 5193 seipsam
2551 5163 2567 5188 ,
2597 5125 2849 5178 ordinate
2882 5132 3060 5177 tamen
3092 5131 3144 5177 et
3175 5121 3325 5178 ﬁnite
3346 5166 3360 5189 ,
3397 5132 3452 5176 vl

1876 5217 2248 5275 antecedentis
2270 5216 2504 5287 alicujus
2531 5215 2655 5272 linis
2679 5216 2869 5286 gratia.
2898 5212 3085 5281 Quoad
3114 5213 3255 5269 hanc
3280 5217 3446 5267 ratio-

1878 5328 2000 5366 nem
2032 5320 2227 5367 natura
2256 5310 2455 5364 dicitur
2484 5308 2665 5363 facere
2684 5346 2701 5372 ,
2730 5323 2853 5361 cum
2883 5308 3061 5376 quoad
3094 5307 3330 5376 priorem
3366 5322 3452 5358 ra-

1878 5404 2079 5458 tionem
2112 5418 2309 5471 expers
2336 5400 2564 5456 rationis
2595 5398 2687 5455 sit.
2724 5396 2878 5454 Unde
2907 5398 3300 5456 etiannmerito
3324 5414 3459 5451 cun-
3541 5388 3548 5395 ’

1877 5510 1993 5549 sam
2028 5494 2136 5565 93
2172 5492 2646 5548 instrumentaletn
2685 5492 2837 5546 Plato
2866 5491 2905 5522 “
2941 5504 3060 5545 eam
3096 5487 3455 5559 pronuntiat;

1883 5588 2167 5658 quoniam,
2202 5595 2264 5642 ut
2297 5587 2443 5645 ascia
2471 5597 2525 5644 et
2551 5600 2703 5642 serra
2738 5585 2872 5640 nihil
2903 5582 3130 5639 Omnino
3163 5588 3366 5637 norunt
3401 5579 3461 5636 in
