3832 6360
413 382 555 443 1095

1599 367 1642 423 N
1660 365 1774 426 lCE
1787 365 2023 424 l‘rlOlil
2068 366 2269 424 BLEM
2282 368 2328 426 ill
2345 367 2359 423 Ι
2377 366 2489 425 [LE

3543 371 3681 434 lO'lli

405 504 654 548 naturam
684 491 1056 549 vocaverunt,
1086 482 1192 539 boc
1221 490 1304 537 est
1323 521 1338 547 ,
1384 479 1437 534 id
1467 478 1613 550 quod
1645 479 1698 533 in
1746 494 1993 549 unaqua-

2125 496 2213 544 ἰν,
2247 481 2364 549 ἦτοι
2398 483 2458 533 τὸ
2489 481 2721 551 πρώτως
2753 485 2812 534 ἐν
2842 483 3058 554 ἑκάστῳ
3086 484 3197 537 τῶν
3229 486 3477 552 φυσικῶν
3507 489 3613 540 ύπὰ
3627 508 3684 556 ρο

405 598 513 653 que
553 597 611 636 re
657 576 889 634 naturali
931 575 1110 647 primo
1150 574 1310 635 inest.
1349 570 1738 627 concinnitatis
1777 586 1995 639 espers,

410 687 471 732 ut
506 684 701 731 stature
735 670 955 743 quidem
994 677 1246 722 naturam
1284 680 1407 721 esse
1441 677 1548 730 trs,
1585 664 1712 717 lecti
1753 663 1994 733 lignum,

408 774 462 821 et
494 763 720 820 alterius
750 759 1054 829 cuiuspiam
1087 766 1204 812 arte
1238 757 1393 811 iactae
1423 754 1524 819 rei,
1557 753 1738 817 aliud;
1774 761 1966 806 natura

410 861 479 915 lis
507 868 688 912 autem
718 853 899 911 omnis
928 850 1201 921 corporis,
1238 849 1470 918 primam
1502 856 1558 900 et
1587 844 1869 914 qualitatis
1902 860 1999 897 ex-

411 961 618 1019 pertem
672 947 980 1002 materiam.
1037 940 1317 995 Materiam
1373 946 1554 993 autem
1604 937 1860 991 dixerunt
1909 950 2002 988 na-

414 1050 593 1096 turam
649 1048 936 1109 propterea
986 1034 1134 1106 quod
1190 1033 1244 1087 in
1300 1031 1558 1085 omnibus
1609 1029 2003 1083 mutationibus

413 1143 715 1198 remaneat,
744 1129 1044 1199 eademque
1074 1140 1289 1195 semper
1321 1123 1412 1178 sit.
1445 1121 1627 1191 Aliqui
1659 1129 1850 1175 contra
1888 1119 2002 1174 lor-

418 1240 561 1279 mam
589 1237 715 1293 quae
745 1221 1029 1278 materiam
1059 1218 1252 1280 ambit,
1286 1223 1534 1270 naturam
1568 1222 1961 1281 nuncuparunt
1986 1228 2001 1279 ;

418 1319 543 1390 quia
580 1317 885 1373 secundum
921 1311 1172 1368 naturale
1207 1323 1402 1364 nomen
1442 1306 1674 1361 materia
1710 1321 1820 1360 non
1857 1304 2006 1359 dica-

420 1417 532 1474 tur,
560 1409 883 1481 priusquam
913 1406 1147 1460 fortnam
1176 1400 1512 1471 susceperit;
1542 1397 2006 1468 quemadmodum

425 1518 601 1573 ncque
630 1517 705 1556 ars
736 1500 940 1556 dicitur
970 1507 1148 1553 statua
1173 1538 1189 1562 ,
1224 1503 1520 1563 antequam
1551 1499 1747 1546 statua:
1779 1488 2006 1543 formam

424 1597 730 1667 acceperit;
779 1601 839 1648 ut
890 1590 1118 1646 materia
1168 1598 1375 1643 tantum
1426 1591 1696 1655 potestate
1744 1582 1832 1644 sit.
1881 1596 2004 1636 cum

426 1702 767 1759 unaquaque
834 1700 922 1739 res
985 1692 1112 1737 actu
1175 1682 1492 1752 designetur
1538 1687 1594 1734 et
1641 1678 1998 1747 exprimatur.

425 1782 528 1849 Qui
561 1779 858 1852 perfectius
883 1776 924 1809 ¹¹⁵
957 1792 1119 1847 quam
1154 1775 1365 1844 priores
1396 1772 1465 1828 de
1494 1780 1690 1826 natura
1719 1769 2009 1837 coniectu-

2098 590 2194 643 χον
2236 574 2649 645 ἀρῥύθμιστονο
2695 574 2773 639 ὼς
2823 576 3142 649 ἀνδριάντος
3190 580 3291 649 μὲν
3336 581 3499 649 φύσιν
3542 580 3681 635 sint

2101 664 2322 734 χαλκὸν,
2385 664 2569 733 κλίνης
2608 666 2666 718 δὲ
2710 665 2887 730 ξύλον,
2930 668 3027 721 καὶ
3064 668 3226 722 ἄλλου
3261 669 3370 723 τῶν
3407 673 3685 741 τιχνητῶν

2104 753 2232 808 ἀλλο
2258 770 2269 783 ·
2308 754 2398 808 τοῦ
2436 755 2666 822 φυσικοῦ
2703 756 2759 809 δὲ
2799 759 3000 821 παντὸς
3037 759 3290 826 σώματος
3323 761 3424 831 τὴν
3456 762 3685 831 πρώτην

2108 844 2242 914 ὕλην
2277 847 2372 899 καὶ
2414 847 2623 900 ἄποιον.
2665 847 2937 918 Εξρηκασι
2977 849 3036 902 δὲ
3081 851 3242 919 φύσιν
3273 853 3373 920 τὴν
3409 852 3564 921 ὕλην,
3598 856 3689 908 διὰ

2102 936 2166 991 τὸ
2196 937 2489 1007 ὑπομένειν
2521 938 2578 991 ὲν
2604 941 2725 1004 ταῖς
2757 940 3043 1004 παντοίαις
3078 943 3431 1012 μεταϐολαῖς.
3463 948 3562 999 καὶ
3589 950 3690 1013 τὴν

2105 1029 2275 1100 αὐτὴν
2303 1025 2445 1082 εἶναι
2475 1030 2791 1096 διαπαντός.
2823 1032 2978 1095 Τινὲς
3009 1034 3067 1087 δὲ
3099 1037 3226 1105 περὶ
3255 1036 3355 1107 τὴν
3385 1036 3521 1105 ὕλην
3550 1033 3691 1100 εἶδος

2106 1124 2269 1191 φύσιν
2296 1122 2589 1187 ὠνόμασαν
2609 1164 2625 1190 ,
2656 1122 2743 1178 διὰ
2771 1126 2832 1179 τὸ
2864 1125 2942 1198 μὴ
2971 1126 3229 1194 λέγεσθαι
3255 1131 3355 1200 τὴν
3386 1129 3521 1198 ὓλην
3551 1136 3692 1184 κατὰ

2105 1213 2169 1267 τδ
2197 1214 2431 1284 φυσικὸν
2460 1215 2632 1286 ὄνομα
2652 1255 2668 1280 ,
2705 1221 2836 1289 πρὶν
2865 1220 2926 1273 τὸ
2958 1216 3098 1285 εἶδος
3135 1223 3433 1276 ἀπολαδεῐν
3453 1264 3468 1285 ,
3503 1222 3692 1293 ὥσπερ

2107 1307 2231 1360 οὐδὲ
2258 1308 2350 1360 τὸν
2376 1307 2575 1378 χαλκὸν
2602 1308 2859 1377 λέγεσθαι
2887 1312 3201 1381 ἀνδριάντα.
3234 1316 3365 1384 πρὶν
3392 1315 3450 1366 τὸ
3479 1314 3572 1366 τοῦ
3605 1316 3698 1368 ἀν·

2107 1398 2359 1467 δριὰντος
2396 1395 2537 1463 εἶδος
2570 1400 2868 1456 ἀπολαϐεῖν
2889 1444 2904 1467 ,
2940 1403 3015 1465 ὡς
3048 1404 3282 1470 δυνάμει
3323 1407 3493 1474 μόνον
3523 1406 3696 1473 οὔσης

2108 1491 2207 1562 τῆς
2255 1491 2420 1561 ὕλης,
2467 1491 2701 1547 ἑκάστου
2752 1493 2853 1564 (δὲ)
2896 1495 3008 1547 τῶν
3055 1498 3402 1566 πραγμάτων
3441 1498 3698 1570 ἐνεργείᾳ

2104 1583 2689 1655 νχαρακτηριζομένου.
2723 1588 2950 1654 Ἕδοξαν
2977 1588 3023 1642 δ’
3047 1588 3196 1641 οὗτοι
3226 1590 3561 1661 τελεώτερον
3593 1608 3625 1642 τ
3644 1594 3698 1643 ξίν

2115 1679 2349 1749 πρώτων
2374 1679 2732 1750 στοχάζεσθαι
2759 1683 2891 1752 περὶ
2917 1682 3156 1750 φύσεως.
3177 1684 3396 1754 Ἐτεροι
3419 1684 3483 1737 τὸ
3509 1684 3699 1737 σύνθεο

2113 1787 2202 1823 τον
2230 1770 2291 1835 ἐξ
2319 1769 2453 1841 ὕλης
2483 1773 2577 1825 καὶ
2604 1772 2776 1836 εἴδους
2802 1772 2966 1842 φύσιν
2994 1775 3255 1844 εἰρήκασι
3281 1775 3372 1827 διὰ
3399 1774 3459 1827 τὸ
3488 1773 3700 1843 ἀνορω-

428 1890 540 1932 ram
582 1875 762 1928 facere
797 1871 1074 1926 videntur.
1111 1868 1216 1922 Alii
1257 1865 1625 1937 compositum
1667 1878 1732 1919 ex
1782 1864 2011 1918 materia

2125 1879 2218 1917 πον
2252 1863 2313 1929 ἐξ
2352 1863 2642 1935 ἀνθρώπου
2683 1866 2971 1934 γίνεσθαι,
3007 1870 3104 1923 καί
3144 1868 3275 1939 βοῦν
3308 1869 3373 1920 ὲκ
3411 1867 3572 1937 βοδς,
3612 1870 3701 1919 καὶ

424 1978 479 2024 et
518 1968 691 2023 l'orma
730 1976 979 2021 naturam
1018 1962 1296 2024 dixerunt,
1335 1968 1623 2029 propterea
1658 1958 1803 2029 quod
1846 1958 2009 2013 homo

425 2076 493 2116 ex
526 2061 770 2123 homine,
801 2059 903 2114 bos
931 2072 995 2111 ex
1031 2055 1189 2118 bove,
1225 2064 1272 2109 et
1306 2063 1365 2106 ut
1396 2052 1510 2123 99
1544 2051 1780 2107 breviter
1808 2051 2007 2114 dicam,

426 2153 790 2225 cotupositum
829 2167 896 2206 ex
936 2149 1242 2220 composito
1280 2148 1511 2202 oriatur.
1549 2145 1665 2202 lloc
1703 2153 1881 2200 autem
1924 2158 2016 2198 na-

428 2258 549 2302 tura
571 2291 585 2314 ,
620 2262 729 2302 non
764 2256 960 2299 natura
993 2251 1096 2298 est.
1131 2241 1238 2296 Alii
1274 2239 1433 2310 quasi
1470 2239 1889 2307 productionem
1914 2275 1929 2300 ,
1961 2246 2017 2289 et

426 2343 836 2411 generationem
870 2345 926 2392 et
958 2346 1164 2390 motum
1187 2374 1202 2397 ,
1236 2349 1346 2404 quo
1379 2347 1410 2386 a
1444 2331 1778 2401 producente
1809 2331 2015 2399 produ-

428 2435 575 2489 citur
604 2432 956 2503 productum.
988 2431 1132 2485 banc
1157 2436 1412 2483 naturam
1447 2440 1574 2479 esse
1603 2424 2012 2479 existimarunt.

427 2526 900 2594 Quemadmodum
945 2523 1092 2578 enim
1142 2523 1193 2575 in
1246 2519 1571 2575 vestimento
1625 2524 1710 2571 est
1757 2514 1811 2570 id
1861 2514 2008 2585 quod

430 2622 584 2687 texit,
613 2622 718 2676 hoc
747 2626 833 2676 est
886 2626 1097 2681 textor;
1128 2623 1182 2669 et
1209 2616 1352 2686 quod
1383 2611 1612 2676 texitur,
1672 2614 1776 2665 boc
1807 2620 1892 2663 est
1923 2624 2012 2663 ve-

430 2716 787 2779 stimentum;
822 2719 875 2766 et
911 2710 1071 2767 tertio
1106 2709 1228 2764 loco
1259 2715 1474 2761 textura
1506 2718 1627 2774 quae
1663 2711 1843 2756 motus
1874 2702 2013 2771 qui-

432 2810 558 2864 dam
588 2818 673 2864 est
706 2809 775 2862 ab
800 2806 1067 2861 elliciente
1095 2806 1149 2858 in
1184 2802 1237 2856 id
1270 2800 1411 2873 quod
1441 2800 1673 2855 etlicitur
1705 2814 1719 2852 :
1753 2797 1833 2852 sic
1867 2799 1922 2851 iu
1957 2810 2014 2851 re

2115 1957 2302 2021 ἁπλῶς
2335 1960 2401 2013 ἐκ
2428 1957 2521 2012 τοῦ
2555 1959 2811 2015 συνθέτου
2843 1961 2903 2016 τὸ
2933 1961 3215 2018 σύνθετον.
3243 1961 3417 2017 Τοῦτο
3445 1962 3503 2016 δὲ
3534 1963 3700 2031 φύσει

2117 2052 2288 2119 ἐστὶν,
2330 2051 2449 2106 ἀλλ’
2474 2053 2535 2107 ού
2580 2054 2766 2125 φύσις.
2799 2056 2987 2110 ’Λλλοι
3029 2056 3129 2127 τὴν
3171 2051 3286 2110 οἷον
3329 2055 3566 2126 ἐκφυσιν
3611 2057 3701 2109 καὶ

2118 2143 2331 2213 γένεσιν
2362 2145 2459 2199 καὶ
2491 2146 2706 2218 κίνησιν
2735 2147 2860 2202 καθ’
2883 2148 2951 2220 ἢν
2982 2148 3090 2202 ὑπὸ
3118 2147 3212 2202 τοῦ
3244 2149 3475 2218 φύοντος
3509 2149 3701 2218 φύεται

2098 2238 2176 2293 ’τὸ
2209 2239 2480 2309 φυόμενον
2500 2280 2515 2305 ,
2546 2241 2753 2312 ταύτην
2784 2237 2930 2296 εἶναι
2961 2245 3126 2312 φύσιν
3159 2243 3456 2296 ὑπέλαϐον.
3485 2242 3702 2311 Ὠσπερ

2116 2333 2227 2403 γὰρ
2254 2332 2346 2386 ἐπὶ
2372 2333 2469 2387 τοῦ
2501 2334 2722 2405 ἱματίου
2746 2337 2809 2389 τὸ
2836 2337 3062 2406 ὑφαῖνόν
3089 2338 3258 2399 ἔστιν,
3286 2337 3456 2407 ἤγουν
3480 2337 3509 2389 ὁ
3541 2338 3704 2403 ὕφανε

2115 2443 2237 2495 της,
2269 2426 2368 2480 καὶ
2394 2428 2457 2482 τδ
2488 2428 2873 2500 ὑφαινόμενον,
2901 2431 3022 2501 ἦτοι
3051 2429 3115 2484 τδ
3146 2431 3385 2500 ἱμάτιον,
3415 2433 3511 2484 καὶ
3542 2432 3703 2499 τρξτη

2120 2521 2155 2586 ἡ
2192 2519 2425 2589 ῦφανσις
2462 2523 2677 2593 κίνησίς
2714 2541 2799 2587 τις
2834 2522 2973 2578 οὖσα
3011 2524 3122 2578 ἀπὸ
3156 2524 3251 2577 τοῦ
3295 2525 3582 2587 ποιοῦντος
3620 2526 3706 2576 επὶ

2119 2613 2183 2665 τὸ
2213 2613 2500 2684 γινόμενον
2521 2630 2537 2648 ο
2564 2616 2740 2680 οὕτως
2769 2618 2858 2669 ἐπὶ
2883 2615 2981 2669 τοῦ
3013 2616 3245 2687 φυσικοῦ
3270 2618 3333 2670 τὸ
3362 2616 3498 2687 φύον
3523 2619 3626 2669 καὶ
3650 2620 3704 2667 τὸ

2121 2706 2413 2777 φυόμενον,
2459 2709 2554 2760 καὶ
2599 2708 2801 2777 μεταξῦ
2845 2712 3052 2780 ἀμφοῖν
3091 2713 3124 2781 ἠ
3168 2710 3393 2780 τοιαύτη
3437 2709 3628 2779 φύσις,
3674 2710 3704 2778 ἡ

2122 2793 2235 2852 οἷον
2266 2799 2493 2868 ἔκφυσις
2522 2802 2590 2872 ἣν
2620 2801 2879 2873 ὲλᾶγομεν
2910 2806 3007 2857 καὶ
3038 2803 3367 2875 μεταϐολήν.
3394 2808 3397 2809 ⁷

432 2903 668 2957 naturali
698 2908 784 2957 est
815 2900 870 2956 id
904 2898 1049 2970 quod
1086 2896 1367 2967 producit,
1400 2900 1455 2948 et
1486 2891 1633 2963 quod
1669 2890 2008 2961 producitur,
2050 2898 2106 2945 et
2133 2907 2253 2956 quae
2281 2894 2425 2950 inter
2452 2905 2724 2967 utrunque
2755 2898 3037 2968 interiecta
3062 2908 3147 2954 est
3209 2898 3372 2967 φύσις
3435 2897 3709 2972 [natura].

432 3018 594 3075 quam
628 3008 838 3054 motum
867 3006 921 3052 et
953 2997 1308 3050 mutationem
1341 2993 1679 3049 dicebamus.

501 3097 558 3153 2.
602 3093 820 3149 Naturae
848 3107 979 3163 ergo
1009 3106 1208 3148 nomen
1243 3090 1373 3144 buic
1403 3090 1563 3156 φύσει
1610 3088 1863 3159 (naturae)
1888 3128 1904 3152 ,
1945 3089 2011 3158 τῇ

433 3182 547 3242 οἷον
571 3184 803 3253 exsecat
828 3185 971 3253 (qua!
998 3192 1081 3237 est
1111 3181 1270 3251 quasi
1304 3180 1612 3250 productio)
1645 3180 1894 3236 conveni:
1918 3197 1932 3245 ;
1960 3191 2016 3232 at

437 3284 590 3337 notio
618 3280 859 3336 nominis
890 3279 937 3333 ei
971 3293 1092 3346 quin
1139 3275 1356 3346 proprie
1390 3275 1553 3340 φύσις
1582 3288 1666 3330 est
1693 3316 1705 3336 ,
1739 3276 2013 3346 quadrat;

436 3391 560 3444 quae
592 3388 683 3428 res
723 3382 920 3427 natura
955 3378 1277 3425 constantes
1325 3380 1576 3438 procreat
1618 3377 1671 3421 et
1714 3368 2013 3437 producit,

439 3480 605 3537 atque
638 3466 881 3519 omnium
912 3478 1097 3518 rerum
1133 3463 1467 3517 naturalium
1503 3462 1752 3532 proxime
1782 3463 2021 3517 elliciens

438 3574 606 3614 causa
650 3568 756 3613 est.
798 3555 1278 3624 Quemadmodum
1316 3555 1463 3610 enim
1500 3563 1695 3610 statua:
1736 3571 1901 3610 causa
1936 3564 2020 3609 est

440 3666 531 3707 ars
566 3654 853 3715 statuaria,
895 3648 1244 3719 aliarumque
1277 3658 1395 3703 arte
1426 3650 1797 3704 constantium
1834 3664 2018 3702 rerum

444 3749 579 3798 sunt
618 3742 739 3795 aliae
788 3753 973 3804 artes;
1022 3738 1217 3794 eodem
1264 3739 1425 3794 modo
1473 3738 1805 3793 naturalium
1854 3742 2021 3792 etiam

440 3847 673 3903 operum
703 3843 903 3887 natura
933 3847 1101 3887 causa
1138 3840 1246 3896 est,
1276 3830 1744 3901 quemadmodum
1783 3847 1849 3885 ex
1893 3848 2023 3901 pro-

440 3929 694 3998 portione
719 3927 1064 3999 agnoscitur.
1088 3923 1226 3981 Nam
1253 3926 1349 3981 aeri
1378 3925 1603 3996 quidem
1640 3928 1865 3980 materia
1894 3942 2027 3996 qua-

442 4022 613 4077 litatis
648 4036 881 4090 expers;
937 4018 1134 4075 lormaa
1174 4027 1355 4074 autem
1392 4028 1608 4087 statuae,
1639 4021 1819 4089 .100
1865 4031 2029 4074 natu-

443 4114 575 4168 ralis
613 4113 828 4180 forma;
867 4112 979 4183 jam
1011 4111 1137 4166 a:ris
1171 4112 1341 4166 motui
1383 4112 1449 4165 ad
1489 4112 1861 4180 recipiendam
1915 4120 2027 4165 sta-

447 4217 550 4261 tua:
579 4204 809 4260 formam
830 4243 848 4268 ,
880 4204 997 4274 ipsa
1030 4205 1178 4258 velut
1210 4203 1499 4274 productio
1520 4240 1535 4265 ,
1576 4208 1679 4259 boc
1707 4212 1831 4269 est,
1868 4212 2026 4257 uatu-

448 4299 580 4355 ralis
615 4300 800 4354 motu’s
828 4306 882 4354 et
912 4297 1182 4355 mutatio:
1218 4299 1502 4354 statuariis:
1536 4313 1702 4366 porro
1732 4298 1870 4363 arti,
1906 4312 2028 4366 qua’.

371 4437 376 4443 .
448 4393 542 4447 aeri
574 4406 740 4446 causa
772 4401 953 4446 motus
980 4397 1086 4451 est,
1116 4390 1218 4445 hoc
1247 4398 1354 4456 est,
1385 4392 1565 4461 ipsum
1590 4406 1664 4445 αδδ
1694 4391 1761 4445 ad
1787 4399 2025 4446 statuam

452 4486 711 4540 omnibus
736 4482 982 4538 numeris
1015 4483 1401 4539 absolvendam
1431 4491 1611 4538 movet
1642 4493 1696 4536 et
1722 4485 2028 4553 componit,

451 4595 515 4635 ea
556 4594 679 4648 quae
713 4577 934 4648 proprie
979 4585 1178 4631 natura
1217 4576 1461 4643 dicitur;
1508 4575 1609 4646 ipsi
1641 4574 1881 4647 denique
1915 4587 2031 4631 sta-

453 4682 561 4728 tua:
583 4713 597 4738 ,
648 4674 794 4742 quod
825 4688 892 4727 ex
939 4672 1167 4727 materia
1202 4682 1256 4725 ct
1293 4669 1470 4725 forma
1503 4682 1587 4725 est
1622 4670 1988 4740 compositum
2014 4713 2029 4736 ,

454 4766 815 4837 proportione
870 4766 1202 4835 respondet,
1256 4763 1401 4833 quod
1459 4773 1670 4818 naturae
1715 4778 1857 4833 opus
1904 4776 2029 4820 est:

452 4859 679 4931 perinde
716 4868 775 4914 ut
806 4858 947 4914 artis
979 4858 1256 4914 statuarius
1279 4898 1292 4924 ,
1328 4866 1533 4914 statua.
1579 4854 1781 4910 Verum
1814 4857 1867 4911 in
1900 4859 2034 4915 artis

450 4953 672 5023 quidem
703 4952 963 5019 Operibus
998 4960 1175 5005 motus
1206 4964 1370 5005 causa
1404 4950 1748 5005 extrinsecus
1777 4950 2031 5016 exsistit,

452 5061 579 5101 cum
611 5047 683 5100 sit
713 5048 767 5101 in
800 5043 1012 5098 artiﬁce
1041 5051 1096 5097 et
1124 5057 1191 5099 ex
1236 5043 1358 5111 ipso
1393 5052 1690 5110 operetur;
1723 5043 1776 5096 in
1811 5052 2035 5099 natura-

456 5140 603 5196 libus
637 5147 821 5195 autcm
862 5137 1126 5205 operibus
1168 5138 1319 5190 intus
1352 5143 1459 5202 est,
1522 5150 1645 5190 cum
1688 5139 2035 5194 naturalibus

454 5233 714 5304 operibus
749 5232 853 5302 ipsi
886 5230 959 5285 sit
990 5229 1177 5285 insita.
1210 5229 1332 5295 Quo
1364 5229 1532 5284 etiam
1566 5245 1658 5287 ars
1689 5244 1743 5286 et
1774 5242 1972 5288 natura
2004 5250 2033 5287 a

456 5342 517 5381 se
551 5326 790 5381 invicem
821 5321 1100 5379 dilierunt.
1128 5323 1309 5392 Atque
1335 5323 1449 5379 bare
1481 5326 1698 5393 quidem
1731 5327 1799 5381 ad
1826 5328 2035 5382 Aristo-

453 5420 577 5475 telis
624 5433 852 5487 scopum
902 5415 1211 5478 accedunt,
1264 5416 1358 5486 qui
1406 5425 1655 5473 naturam
1709 5419 2032 5475 eliicientem

455 5527 515 5564 ca
527 5522 677 5562 usam
716 5506 1025 5560 constituit.

526 5602 581 5654 5.
618 5598 776 5664 Quod
804 5608 983 5652 autent
1007 5596 1159 5653 Plato
1182 5600 1378 5655 melius
1403 5600 1467 5656 tle
1497 5600 1600 5657 hoc
1624 5601 1879 5667 disserat.
1906 5602 2035 5658 dum

457 5693 766 5767 principem
804 5698 1042 5747 mentem
1069 5731 1084 5758 ,
1128 5691 1451 5750 ellicientem
1487 5696 1731 5750 onmium
1769 5711 1994 5754 causam

546 5877 586 5907 ιδ
616 5878 650 5932 2
681 5876 845 5951 l‘liys.
882 5896 931 5934 ς.
980 5879 1027 5947 ι,
1063 5887 1101 5934 ι.
1142 5878 1248 5945 ll,
1295 5878 1377 5933 ta.

2196 3086 2261 3157 β’.
2307 3086 2379 3139 Τὸ
2411 3086 2511 3154 μὲν
2536 3085 2630 3139 οὖν
2657 3085 2829 3155 ὄνομα
2857 3088 2958 3158 τῆς
2988 3089 3204 3159 φύσεως
3234 3088 3505 3158 προσήκει
3535 3088 3710 3160 ταύτῃ

2122 3182 2189 3251 τῇ
2223 3178 2404 3248 φύσει,
2436 3182 2499 3250 τῇ
2530 3174 2643 3234 οἷον
2673 3181 2901 3249 ἐκφύσει
2921 3195 2936 3209 ⁸
2966 3184 2999 3251 η
3030 3183 3085 3234 δὲ
3111 3181 3205 3233 τοῦ
3233 3183 3499 3250 ὀνόματος
3531 3180 3709 3233 ἔννοια

2048 3313 2089 3366 C
2122 3276 2188 3344 τῇ
2222 3272 2427 3343 κυρίως
2458 3274 2763 3344 ἐφαρμόζει
2796 3274 2978 3344 φύσει,
3005 3278 3071 3345 τῇ
3101 3274 3313 3346 φυούσῃ
3348 3276 3441 3328 καὶ
3474 3276 3713 3329 ἀναϐλα-

2127 3369 2397 3439 στανούσῃ
2425 3367 2492 3421 τά
2520 3368 2752 3436 φυσικὰ,
2781 3369 2878 3423 καὶ⁸
2928 3372 3186 3440 ποιητικῇ
3219 3369 3371 3439 αἰτίᾳ
3402 3372 3548 3441 οὔσῃ
3578 3370 3711 3421 κατὰ

2128 3460 2194 3513 τὸ
2224 3459 2492 3530 προσεχὲς
2523 3459 2781 3514 ἁπάντων
2810 3460 2918 3513 τῶν
2946 3461 3215 3531 φυσικῶν.
3248 3461 3464 3529 Ὠσπερ
3492 3462 3608 3531 γὰρ
3624 3460 3711 3513 τοῦ

2125 3553 2443 3622 ἀνδριάντος
2476 3552 2557 3623 (ἡ)
2590 3555 2743 3607 αἰτία
2776 3554 2805 3624 ἡ
2839 3553 3395 3624 ἀνδριαντοποιητικὴ
3422 3555 3594 3623 τέχνη
3627 3556 3713 3604 καὶ

2124 3647 2236 3699 τῶν
2278 3645 2455 3699 ἄλλων
2497 3646 2764 3716 τεχνικῶν
2803 3647 2985 3717 ἔργων
3022 3648 3079 3700 αἱ
3125 3646 3314 3699 λοιπαὶ
3351 3648 3544 3716 τέχναι
3574 3664 3587 3676 ·
3630 3663 3712 3696 τον

2125 3740 2288 3794 αὑτὸν
2317 3739 2521 3810 τρόπον
2551 3741 2645 3793 καὶ
2675 3741 2783 3793 τῶν
2815 3741 3062 3808 φυσικῶν
3094 3740 3274 3808 ἔργων
3304 3742 3337 3809 ἠ
3369 3738 3536 3809 φύσις
3569 3740 3712 3794 αἰτία

2126 3835 2296 3899 ἐστὶν,
2335 3834 2411 3897 ὡς
2451 3834 2509 3899 ἐξ
2549 3833 2846 3902 ἀναλογίας
2886 3833 3239 3899 γινώσκεται.
3280 3833 3571 3898 Ἀναλογεῖ
3613 3834 3711 3902 γὰρ

2124 3930 2203 4000 τῷ
2241 3929 2341 3999 μὲν
2373 3931 2562 4001 χαλκῷ
2596 3933 2629 4001 ἡ
2668 3931 2858 3993 ἀποιος
2896 3930 2996 3999 ῦλη
3021 3970 3035 3993 ,
3068 3929 3145 4000 τῷ
3179 3929 3237 3984 δὲ
3269 3928 3363 3983 τοῦ
3398 3930 3713 3998 ἀνδριάντος

2128 4026 2257 4079 εἴδει
2289 4023 2351 4077 τὸ
2380 4025 2609 4093 φυσικὸν
2640 4021 2782 4087 εἶδος
2805 4041 2818 4054 ·
2859 4027 2921 4094 τῇ
2957 4026 3168 4094 κινήσει
3198 4023 3254 4076 δὲ
3288 4021 3380 4076 τοῦ
3412 4022 3623 4092 χαλκοῦ
3651 4023 3711 4088 τῇ

2130 4116 2267 4187 πρὸς
2307 4117 2367 4169 τὸ
2411 4116 2667 4182 δέξασθαι
2713 4116 2774 4170 τὸ
2813 4115 2909 4169 τοῦ
2957 4115 3277 4185 ἀνδριάντος
3319 4110 3480 4177 εἶδος,
3526 4115 3561 4183 ἡ
3609 4110 3714 4167 οἷον

2128 4211 2380 4279 ἔκφυσις,
2414 4210 2583 4281 ἥγουν
2610 4210 2645 4281 Ἰι
2675 4208 2878 4278 φυσικὴ
2907 4207 3122 4277 κίνησις
3155 4208 3250 4260 καὶ
3286 4206 3607 4277 ξμεταϐολή.
3640 4206 3711 4274 Τῇ

2131 4306 2685 4376 ἀνδριαντοποιητικῇ
2721 4303 2778 4357 δὲ
2808 4303 2976 4375 τέχνῃ
3004 4305 3073 4373 τῇ
3107 4302 3259 4372 αἰτίᾳ
3288 4301 3367 4371 τῷ
3397 4299 3590 4371 χαλκῷ
3618 4300 3715 4367 τῆς

2085 4461 2088 4464 ,
2133 4398 2425 4468 κινήσεως,
2476 4397 2647 4467 ἤγουν
2694 4397 2759 4466 τῇ
2812 4392 3041 4462 κινούσῃ
3089 4393 3184 4446 καὶ
3234 4390 3581 4463 ῥυθμιζούοῃ
3629 4390 3715 4443 τὸν

2133 4489 2336 4561 χαλκὸν
2365 4487 2503 4560 πρὸς
2533 4487 2852 4558 ἀνδριάντος
2882 4485 3181 4556 ἀπάρτισιν
3200 4523 3216 4550 ,
3246 4484 3280 4554 ἡ
3316 4483 3525 4552 κυρίως
3558 4482 3717 4552 φύσις

2135 4578 2388 4648 ἀναλογιί
2414 4596 2428 4610 ·
2463 4578 2611 4648 αύτῷ
2646 4579 2701 4631 δὲ
2732 4578 2810 4647 τῷ
2846 4577 3124 4647 ἀνδριάντι
3156 4576 3220 4629 τὸ
3254 4575 3312 4641 ἐξ
3344 4576 3481 4646 ῦλης
3516 4577 3616 4631 καὶ
3648 4575 3721 4630 εἰ·

2070 4687 2111 4740 ι)
2141 4673 2263 4736 δους
2292 4673 2545 4726 σύνθετον
2566 4686 2580 4701 ·
2610 4673 2747 4742 ὅπερ
2774 4673 2921 4724 ἐστὶν
2947 4670 3110 4739 ἔργον
3134 4669 3235 4739 τῆς
3261 4668 3501 4738 φύσεως,
3529 4668 3718 4735 ὥσπερ

2136 4770 2235 4837 τῆς
2280 4767 2570 4837 ἀνδριάντο
2618 4765 2910 4837 ποιητικῆς
2955 4767 2984 4817 ὁ
3027 4763 3275 4835 ἀνδριάς.
3316 4760 3456 4815 Ἀλλ’
3484 4763 3581 4814 ἐπὶ
3625 4763 3718 4830 μὲν

2135 4864 2243 4916 τῶν
2271 4862 2366 4933 τῆς
2401 4863 2595 4934 τέχνης
2628 4861 2806 4934 ἔργων
2837 4863 2870 4931 ἡ
2901 4860 3000 4929 τῆς
3033 4867 3303 4931 κινήσεως
3336 4856 3488 4912 αἰτία
3522 4857 3718 4922 ἔξωθὲν

2138 4961 2286 5011 ἐστιν
2317 4959 2375 5011 ὲν
2403 4956 2481 5027 τῷ
2510 4959 2731 5027 τεχνίτῃ
2758 4952 2931 5019 οὖσα,
2964 4955 3059 5006 καὶ
3089 4953 3151 5018 ἐξ
3179 4951 3346 5005 αὑτοῦ
3376 4950 3679 5019 ἐνεργοῦσα
3702 4965 3714 4980 ⁸

2138 5051 2233 5104 ἐπὶ
2262 5049 2317 5103 δὲ
2344 5050 2455 5102 τῶν
2486 5050 2735 5117 φυσικῶν
2767 5046 2948 5118 ἔργων
2998 5045 3212 5099 ἔνδοθεν
3245 5043 3486 5115 ἔμφυτος
3540 5044 3720 5102 αὐτοῖς

2140 5143 2254 5201 τοῖς
2282 5139 2465 5209 ἔργοις
2490 5141 2603 5201 τοῖς
2634 5139 2906 5208 φυσικοῖς.
2943 5138 3050 5190 Καὶ
3077 5136 3253 5206 τούτῳ
3278 5136 3532 5204 διαφέρει
3557 5135 3717 5201 τέχνη

2143 5234 2236 5285 καὶ
2273 5230 2454 5299 φύσις.
2490 5230 2675 5283 Ταῦτα
2712 5230 2812 5298 μὲν
2847 5228 2991 5282 κατὰ
3023 5228 3116 5281 τὸν
3155 5227 3561 5298 Ἀριστοτέλους
3597 5241 3719 5278 σκοο

2145 5325 2244 5376 πδν
2274 5322 2556 5393 τιθεμένου
2585 5321 2683 5393 τὴν
2711 5320 2872 5392 φύσιν
2903 5321 3081 5376 αἴτιον
3110 5318 3420 5391 ποιητικόν.

2216 5607 2285 5669 γ’.
2316 5600 2376 5653 Ei
2403 5599 2459 5653 δὲ
2488 5598 2738 5668 κρεῖττον
2770 5597 2797 5649 ὁ
2829 5593 3054 5648 Πλάτων
3096 5592 3226 5658 περὶ
3254 5590 3465 5645 τούτων
3506 5589 3721 5659 φιλοσοο

2148 5696 2258 5766 φεῖ,
2282 5693 2373 5748 τὸν
2388 5691 2767 5765 ἀρχικώτατον
2794 5687 2921 5744 νοῦν
2946 5687 3119 5742 αἴτιον
3152 5684 3439 5755 ποιητικὸν
3466 5681 3721 5739 ἁπάντων
