3832 6360
169 389 330 463 Ῑϐὓτ

1439 399 1776 462 ΕΡΙΤΟΜΕ
1803 396 2150 460 PHYSICA.

3290 394 3424 458 1093

162 506 628 578 ἀποφαινόμενος,
677 505 972 578 ὀργανικὸν
1024 509 1121 562 καὶ
1179 507 1278 580 τὴν
1341 510 1507 579 φύσιν
1543 509 1738 576 αίτιον,

1846 507 2184 579 pronuntiat,
2247 519 2313 561 ex
2376 505 2564 562 eadem
2627 505 2982 577 proportione
3041 503 3241 563 volenti
3301 522 3429 576 per-

163 601 345 654 εῐτουν
371 601 666 668 συναίτιον,
703 603 768 654 ἐκ
800 601 899 672 τῆς
925 601 1100 672 αὐτῆς
1124 600 1419 671 ἀναλογίας
1455 602 1634 670 ἔξεστι
1664 604 1744 674 τῷ

162 689 476 762 βουλομένῳ
503 696 812 751 κατανοεῖν.
840 694 963 748 Ὀτι
988 695 1088 764 μὲν
1119 688 1214 748 οῦν
1244 695 1305 748 τὸ
1323 695 1553 763 φυσικὸν
1583 697 1744 766 σῶμα

161 784 258 838 καὶ
307 783 443 857 ὕλην
495 785 607 856 ἔχει
642 789 736 840 καὶ
769 784 910 850 εἶδος
942 787 1029 856 (ἐκ
1085 786 1297 841 τούτων
1349 787 1506 858 γὰρ),
1538 789 1634 842 καὶ
1660 790 1744 842 ὅτι

159 878 416 948 γενητὸν,
450 879 547 933 καὶ
574 878 664 932 διὰ
696 877 857 932 τοῦτο
880 878 1096 949 κίνησιν
1127 877 1242 948 ἔχει
1266 877 1366 951 τὴν
1397 879 1490 931 ἐπὶ
1506 879 1742 948 γένεσιν,

163 973 260 1025 καὶ
289 971 397 1039 πρὸ
429 971 650 1026 πάντων
685 970 748 1026 τδ
774 972 874 1040 τῆς
914 972 1185 1042 κινήσεως
1217 968 1390 1024 αἴτιον
1449 971 1745 1042 (κινήσεως

161 1064 271 1136 γὰρ
306 1062 496 1136 οὔσης,
530 1067 748 1129 πάντως
806 1063 923 1118 ἔστι
953 1081 1008 1118 τι
1054 1064 1114 1118 τὸ
1145 1062 1378 1135 κινοῦν),
1403 1062 1579 1117 ταῦτα
1606 1064 1744 1118 πᾶσι

156 1159 275 1222 τοῖς
301 1158 465 1227 λόγου
493 1158 816 1230 μετέχουσιν
840 1157 1212 1230 ὡμολόγηται.
1254 1157 1450 1212 Τοίνυν
1472 1156 1618 1211 κατὰ
1643 1155 1742 1228 τὴν

160 1253 580 1323 προειρημένην
611 1253 909 1322 ἀναλογίαν
935 1252 1269 1322 ἀναλογείτω
1311 1253 1410 1323 μὲν
1440 1250 1519 1322 τῷ
1553 1250 1742 1322 χαλκῷ

161 1343 240 1414 τῷ
278 1345 507 1416 δυνάμει
551 1345 838 1416 ἀνδριάντι
895 1346 929 1416 ή
965 1344 1165 1415 πρώτη
1205 1344 1304 1399 καὶ
1337 1343 1582 1408 ἀνείδεος
1641 1342 1741 1413 ὕλη

161 1437 259 1489 καὶ
286 1435 556 1506 ἄμορφος,
591 1437 624 1506 ἡ
662 1437 824 1506 μόνον
855 1435 1052 1508 ἔχουσα
1101 1435 1163 1491 τὺ
1210 1435 1463 1506 δυνάμει,
1508 1437 1678 1507 ἧγουν
1705 1434 1742 1506 ἠ

157 1525 295 1585 οὖσα
323 1529 548 1601 δυνάμει
583 1531 760 1584 πάντα
787 1531 856 1584 τὰ
884 1529 1112 1600 φυσικὰ,
1143 1528 1339 1584 ταυτὸν
1372 1529 1417 1583 δ’
1456 1531 1652 1594 εἰπεῖν,
1675 1530 1743 1584 τὰ

159 1622 477 1685 σωματικά.
529 1620 620 1690 Τῷ
652 1621 783 1676 εῖδει
813 1622 872 1675 δὲ
908 1620 1008 1675 τοῦ
1039 1621 1362 1692 ἀνδριάντος
1386 1623 1450 1676 τὸ
1502 1626 1742 1694 φυσικὸν

157 1709 300 1777 είδος
345 1714 407 1767 τὸ
435 1715 535 1784 τῆς
563 1713 698 1783 ὕλης
754 1714 1107 1785 μορφωτικόν
1131 1729 1147 1745 ·
1197 1716 1230 1785 ἡ
1261 1714 1320 1769 δὲ
1350 1715 1446 1770 τοῦ
1506 1716 1739 1787 δυνάμει

154 1807 432 1876 ἐνέργεια,
466 1807 638 1877 ἤγουν
686 1807 719 1878 ἡ
768 1807 984 1874 κίνησις
1031 1806 1155 1862 καθ’
1194 1808 1261 1880 ἢν
1317 1809 1624 1878 ἐνεργεῖται
1675 1807 1737 1862 τδ

150 1902 384 1969 δυνάμει
421 1900 806 1971 προαγόμενον
841 1902 922 1966 είς
953 1901 1016 1956 τὺ
1045 1902 1322 1972 ἐνεργείᾳ,
1354 1904 1422 1975 τῇ
1456 1902 1550 1956 τοῦ
1604 1904 1738 1973 χαλ.

150 1991 414 2061 κοῦοπρὸς
435 1993 494 2046 τδ
517 1993 1110 2064 ἀνδριαντοποιηθῆναι
1137 1995 1354 2066 κινήσει
1381 1997 1739 2068 ἀναλογείτω,

149 2085 219 2156 τῇ
251 2069 520 2149 διαλύσει,
547 2087 614 2155 τῇ
641 2084 954 2152 διαπλάσει,
991 2089 1056 2158 τῇ
1091 2086 1352 2152 διαξέσει.
1379 2089 1539 2144 Κατά
1566 2090 1740 2148 ταῦτα

149 2174 317 2244 γάρὸ
354 2173 588 2243 δυνάμει
639 2173 888 2246 ἀνδριὰς,
917 2175 1089 2246 ἤγουν
1144 2177 1173 2229 ὁ
1227 2175 1450 2246 χαλκὸς,
1503 2179 1739 2233 κινεῖται

150 2268 288 2338 πρὸς
318 2266 381 2320 τδ
407 2266 665 2335 γενέσθαι
692 2269 761 2340 τῇ
795 2268 1054 2340 ἐνεργείᾳ,
1087 2268 1335 2340 ἀνδριάς.
1389 2270 1462 2323 Τὸ
1497 2270 1544 2323 δ’
1565 2269 1740 2326 αῐτιον

148 2363 250 2430 τῆς
278 2361 551 2431 κινήσεως
585 2363 652 2433 τῇ
704 2360 828 2434 ὕλῃ,
849 2361 992 2417 ’καθ’
1023 2361 1096 2433 ἢν
1145 2362 1371 2438 κίνησιν
1425 2362 1485 2416 τὸ
1508 2362 1741 2433 δυνάμει

149 2453 323 2524 αὐτῆς
356 2455 692 2526 ἐνεργεῖται,
725 2454 978 2510 τουτέστι
1019 2454 1144 2509 καθ’
1170 2455 1238 2528 ἢν
1291 2456 1514 2528 κίνησιν
1545 2456 1609 2509 ἐκ
1642 2454 1740 2510 τοῦ

145 2546 379 2618 δυνάμει
405 2542 545 2600 εἶναι
578 2545 740 2616 σῶμα
765 2546 1001 2616 φυσικὸν
1027 2546 1062 2617 ἡ
1091 2544 1192 2615 ῦλη
1227 2545 1536 2616 προάγεται
1562 2546 1644 2609 είς
1678 2543 1740 2598 τὸ

148 2640 410 2710 ἐνεργείᾳ
437 2631 580 2691 εἶναι
611 2637 774 2709 σῶμα
795 2637 1026 2707 φυσικὸν
1059 2637 1238 2707 (τοῦτο
1271 2638 1330 2691 δὲ
1358 2639 1418 2690 τὸ
1442 2637 1618 2691 αῐτιον
1640 2637 1741 2710 τὴν
1777 2649 1786 2660 ·

146 2731 316 2803 φύσιν
345 2730 657 2802 ἐλέγομεν),
689 2731 1030 2800 ἁναλογείτω
1064 2733 1133 2802 τῇ
1177 2729 1738 2802 ἀνδριαντοποιητικῇ

145 2825 334 2897 τέχνῃ.
370 2823 462 2895 Τῷ
494 2823 930 2896 ἀνδριαντοποιῷ
957 2823 1090 2894 γοῦν
1119 2822 1273 2893 αὐτῷ
1302 2824 1379 2894 τῷ
1416 2822 1642 2896 τεχνίτῃ
1685 2821 1741 2876 τί

145 2921 208 2975 τὸ
242 2919 564 2990 ἀναλογοῦν,
613 2920 647 2992 ἢ
705 2921 928 2985 πάντως
960 2920 990 2973 ὁ
1021 2917 1242 2990 πρῶτος
1294 2919 1389 2972 καὶ
1413 2919 1624 2988 ἀληθὴς
1651 2935 1739 2972 τεο

148 3014 341 3085 χνίτης
370 3015 464 3069 καὶ
520 3013 882 3087 δημιουργὸς,
912 3014 972 3078 ὅς
1026 3014 1178 3067 ἔστιν
1215 3013 1244 3066 ὁ
1276 3012 1446 3079 Θεός;
1503 3013 1740 3066 Δυνατδν

150 3105 244 3161 οῦν
272 3105 374 3175 τὴν
400 3106 600 3178 τέχνην
626 3106 786 3171 ἐκτὸς
825 3100 966 3161 εἶναι
1000 3105 1096 3160 τοῦ
1142 3106 1392 3176 τεχνίτου
1424 3121 1439 3171 ;
1467 3105 1579 3160 Καὶ
1624 3107 1740 3169 πῶς

1850 601 2058 670 spicere
2106 598 2254 653 licet.
2308 597 2462 664 Quod
2495 598 2662 667 igitur
2695 599 2946 653 naturale
2977 612 3180 668 corpus
3212 609 3267 654 et
3308 613 3429 653 ma-

1847 691 2039 746 teriam
2087 699 2142 747 et
2195 690 2424 746 formam
2478 689 2676 745 habeat
2741 691 2828 762 (ex
2863 689 2950 746 his
2983 691 3131 746 enim
3167 692 3426 762 constat),

1846 782 2100 853 quodque
2134 789 2451 854 generatum
2499 783 2595 848 sit,
2631 791 2685 837 et
2741 783 2888 854 quod
2923 792 3126 838 motum
3163 785 3318 854 101
3358 787 3427 839 ad

1846 872 2255 943 generationem
2285 871 2504 938 habeat,
2529 881 2584 926 et
2614 881 2744 927 ante
2769 872 2954 927 omnia
2986 873 3169 928 motus
3201 889 3426 930 causam

1850 963 2076 1036 (quippe
2116 966 2162 1021 si
2214 974 2395 1022 motus
2446 964 2560 1031 sit,
2610 964 2837 1020 omnino
2873 966 3150 1037 quippiam
3202 981 3428 1023 movens

1846 1070 1970 1112 esse
2005 1071 2234 1112 necesse
2278 1055 2390 1127 est)
2420 1074 2436 1123 ;
2482 1057 2598 1113 bzec
2627 1056 2772 1127 apud
2806 1071 2997 1114 omnes
3033 1058 3246 1116 ratione
3287 1076 3430 1130 prae-

1846 1150 1991 1205 ditos
2019 1149 2074 1205 in
2107 1151 2366 1207 confesso
2396 1161 2547 1208 sunt.
2573 1150 2919 1222 Quapropter
2951 1151 3255 1208 secundum
3287 1168 3430 1223 pne-

1844 1243 2046 1300 dietam
2077 1243 2492 1316 proportionem
2541 1244 2635 1300 arri
2679 1244 2824 1316 quod
2874 1253 3150 1316 potestate
3193 1255 3277 1302 est
3313 1259 3426 1303 sta-

1849 1341 1961 1400 tua,
1993 1334 2169 1406 prima
2201 1342 2256 1391 et
2287 1335 2491 1407 speciei
2525 1349 2748 1407 expers,
2780 1345 2836 1392 et
2878 1335 3137 1392 informis
3173 1337 3426 1402 materia,

1845 1441 1967 1498 quae
1999 1428 2105 1485 hoc
2135 1439 2346 1485 tantum
2379 1429 2577 1497 habet,
2616 1438 2676 1486 ut
2704 1438 2977 1501 potestate
3010 1430 3085 1486 sit
3112 1446 3128 1495 ;
3167 1431 3271 1486 hoc
3301 1439 3389 1486 est
3413 1471 3430 1496 ,

1843 1535 1965 1592 quae
1995 1529 2268 1593 potestate
2301 1530 2386 1580 est
2435 1537 2523 1578 res
2571 1524 2751 1579 omnis
2797 1523 3068 1580 naturalis
3116 1525 3234 1580 sive
3282 1526 3429 1596 quorl

1844 1615 1988 1670 idem
2020 1616 2174 1670 dictu
2205 1623 2316 1685 est,
2344 1631 2508 1673 omne
2539 1631 2766 1688 corpus,
2803 1618 3159 1688 proportione
3204 1631 3432 1685 respon-

1844 1709 1971 1765 deat
2003 1728 2019 1765 :
2052 1715 2108 1764 at
2134 1709 2325 1765 formae
2355 1719 2550 1766 statua:
2582 1709 2758 1766 forma
2790 1711 3065 1767 naturalis
3100 1727 3222 1782 quae
3251 1721 3428 1766 mate-

1843 1800 1983 1855 riam
2014 1798 2298 1856 informat.
2323 1799 2444 1856 Jam
2480 1815 2610 1856 vero
2639 1811 2799 1856 actus
2828 1801 2949 1872 ejus
2973 1801 3117 1872 quod
3151 1809 3428 1872 potestate

1843 1902 1967 1960 est,
2003 1894 2107 1951 hoc
2135 1903 2260 1963 est,
2294 1907 2476 1950 matus
2504 1910 2614 1966 quo
2641 1893 2872 1951 eiiicitur
2909 1894 2963 1951 id
2994 1893 3140 1966 quod
3176 1910 3242 1949 ex
3275 1903 3430 1964 pote-

1843 1996 1987 2045 state
2017 2002 2142 2044 esse
2178 1986 2248 2043 ad
2279 1997 2405 2044 actu
2439 2003 2561 2044 esse
2592 1989 2919 2059 producitur
2951 2008 2966 2046 :
2999 1989 3126 2044 aeris
3155 1989 3330 2058 motui
3359 1989 3425 2041 ad

1843 2081 1950 2138 hoc
1990 2089 2052 2136 ut
2093 2090 2277 2138 statua
2315 2081 2680 2148 conﬁciatur,
2718 2081 2826 2137 hoc
2857 2087 2986 2148 est,
3031 2081 3382 2138 dissolutioni
3410 2123 3423 2147 ,

1841 2173 2124 2243 eﬂictioui,
2158 2174 2483 2245 expolitioni
2520 2174 2806 2245 analogice
2824 2175 3176 2246 respondeat.
3217 2174 3429 2230 Secun-

1840 2265 1976 2323 dum
2005 2268 2114 2324 hoc
2161 2267 2310 2324 enim
2350 2267 2405 2322 id
2445 2265 2593 2338 quod
2638 2275 2908 2337 potestate
2945 2273 3028 2322 est
3057 2276 3238 2322 statua
3264 2305 3278 2330 ,
3322 2265 3430 2320 hoc

1842 2367 1928 2416 est
1992 2375 2091 2427 res,
2128 2360 2196 2416 ad
2232 2360 2286 2416 id
2328 2368 2582 2416 movetur
2643 2367 2704 2414 ut
2745 2368 2871 2414 actu
2904 2359 2997 2413 nat
3036 2366 3239 2414 statua.
3272 2357 3427 2424 Quod

1843 2454 2086 2525 denique
2115 2453 2358 2510 materiae
2391 2467 2562 2510 causa
2592 2460 2775 2508 motus
2807 2459 2913 2520 est,
2943 2465 3050 2523 quo
3082 2459 3234 2506 motu
3264 2450 3332 2505 ab
3362 2465 3427 2502 eo

1841 2549 1990 2619 quod
2023 2535 2294 2618 potestate
2327 2556 2416 2603 est
2448 2561 2650 2618 corpus
2681 2546 2937 2602 naturale
2979 2545 3044 2600 ad
3074 2545 3180 2600 hoc
3209 2552 3266 2598 ut
3300 2555 3425 2599 actu

1843 2642 1916 2699 sit
1937 2656 2138 2713 corpus
2160 2640 2689 2707 naturalegmateria
2718 2638 3046 2711 producitur
3081 2637 3254 2710 (atqui
3284 2638 3428 2694 hanc

1843 2751 2090 2804 causam,
2117 2745 2374 2792 naturam
2397 2734 2764 2806 dicebamus),
2792 2733 3072 2791 statuaric
3098 2733 3202 2789 arti
3233 2735 3427 2789 eadem

1843 2831 2206 2902 proportione
2241 2827 2592 2898 respondeat.
2619 2825 2898 2884 Statuario
2924 2826 3089 2899 igitur
3122 2827 3226 2899 ipsi
3254 2839 3308 2883 et
3330 2811 3426 2883 ar-

1843 2925 1980 2981 tiﬁci
2017 2926 2148 2998 quid
2179 2933 2266 2982 est
2297 2925 2446 2996 quod
2483 2925 2643 2995 102
2673 2925 3026 2996 proportione
3052 2925 3381 2996 respondeat
3406 2967 3424 2992 ,

1843 3035 2010 3090 quam
2050 3018 2282 3075 omnino
2320 3018 2532 3088 primus
2585 3016 2678 3072 ille
2720 3024 2774 3072 et
2824 3032 2990 3074 verus
3025 3017 3220 3073 artifex
3261 3026 3428 3089 atque

1843 3113 2096 3168 conditor
2125 3111 2219 3182 qui
2253 3119 2340 3169 est
2382 3110 2572 3167 Deus?
2612 3107 2838 3167 Fierine
2904 3111 3074 3182 igitur
3112 3119 3326 3182 potest,
3367 3121 3426 3167 nt

150 3197 308 3255 Istat
337 3199 589 3272 τεχνίτης
608 3193 769 3264 οὗτος
788 3199 888 3271 τὴν
911 3201 1108 3272 τέχνην
1133 3199 1237 3253 οὑκ
1271 3199 1411 3270 ἔχων
1437 3199 1496 3253 ὲν
1518 3197 1700 3270 ἑαυτῷ
1723 3215 1738 3266 ;

1846 3219 1939 3260 ars
1975 3203 2048 3259 sit
2079 3212 2238 3259 extra
2272 3201 2584 3259 artiﬁcem?
2619 3202 2687 3258 Et
2713 3217 2824 3273 quo
2872 3201 3092 3259 tandem
3130 3205 3295 3259 modo
3337 3203 3426 3258 hic

152 3292 227 3347 Ἦ
267 3291 401 3366 γοῦν
447 3294 496 3346 of
523 3294 591 3365 τῇ
625 3293 790 3365 τέχνῃ
827 3293 928 3364 τὴν
960 3292 1126 3361 φύσιν
1165 3289 1484 3355 εἰκάζοντες
1535 3289 1740 3346 δώσου-

149 3402 236 3440 σιν
273 3381 415 3443 εἶναι
437 3385 536 3457 τὴν
567 3385 731 3455 φύσιν
753 3385 904 3456 παρὰ
942 3385 1065 3458 (τῷ)
1093 3385 1215 3456 Θεῷ
1244 3387 1342 3440 καὶ
1373 3384 1510 3440 Θεοῦ
1545 3385 1739 3456 σοφίαν

141 3481 244 3534 καὶ
299 3479 506 3550 γνῶσιν
535 3479 744 3551 ταύτην
775 3480 1124 3546 καλέσουσιν,
1189 3479 1222 3552 ἢ
1259 3479 1308 3532 ol
1349 3477 1606 3548 λέγοντες
1637 3477 1738 3548 τὴν

141 3571 313 3642 φύσιν
350 3571 686 3644 ἐνυπάρχειν
738 3575 853 3637 τοῖς
883 3575 1136 3642 φυσικοῖς
1166 3575 1285 3637 τὸν,
1320 3572 1453 3626 Θεὸν
1485 3572 1586 3640 τῆς
1615 3573 1738 3626 ἐαυ-

141 3664 245 3719 τοῦ
273 3664 467 3733 σοφίας
489 3666 589 3720 καὶ
638 3664 898 3735 γνώσεως
959 3664 1412 3740 ἀλλοτριὼσουσι.
1474 3666 1568 3736 Μή
1606 3681 1736 3718 ποτε

139 3757 302 3828 γοῦν,
337 3758 576 3829 ἐπείπερ
629 3759 690 3814 ἐν
727 3760 849 3823 ταῖς
893 3758 1118 3829 τέχναις
1176 3758 1274 3812 καὶ
1326 3757 1539 3827 ὄργανά
1595 3759 1738 3811 είσιν

143 3851 478 3922 ὑπουργικὰ,
509 3851 724 3922 βέλτιον
755 3853 936 3906 εἰπεῖν
971 3851 1072 3921 τὴν
1117 3853 1282 3920 φύσιν
1319 3850 1542 3922 ὀργάνῳ
1599 3850 1737 3920 μᾶλ-

141 3945 240 3999 λσν
281 3946 570 4015 ἀναλογεῖν
623 3946 751 4018 θείᾳ
783 3947 928 4016 ῥοπῇ
995 3944 1353 4016 κινουμένην,
1418 3945 1512 4001 καὶ
1546 3943 1734 3998 ἄλλοτε

141 4038 324 4104 ἄλλως
353 4041 422 4094 τά
479 4041 690 4109 φυσικά
723 4038 1167 4110 μετατιθεμένην
1203 4040 1301 4093 καὶ
1348 4038 1730 4110 μετατρέπου-

138 4147 267 4199 σαν,
297 4127 379 4197 οἷς
407 4134 437 4187 ὀ
470 4134 809 4205 δημιουργὸς
833 4133 1136 4188 ἐπίσταται
1197 4132 1380 4202 λόγοις
1434 4135 1580 4188 κατὰ
1633 4122 1736 4204 τῆν

135 4224 388 4295 ἔμφυτον
420 4225 589 4280 αὑτοῦ
629 4225 828 4294 σοφίαν
866 4228 961 4284 καὶ
1019 4225 1434 4294 ἀκατάληπτον,
1491 4227 1591 4296 τὴν
1622 4224 1734 4280 τῶν

135 4317 280 4372 ὅλων
311 4317 605 4392 ποιητικὴν
659 4318 755 4374 καὶ
790 4319 1124 4391 συνεκτικὴν
1163 4319 1260 4375 καὶ
1307 4318 1732 4391 διακυϐερνητι-

145 4412 270 4477 κήν.

1843 3297 1950 3352 erit
1981 3295 2180 3352 artifex
2204 3335 2219 3362 ,
2254 3295 2347 3366 qui
2383 3305 2560 3352 artem
2594 3295 2650 3351 in
2683 3309 2741 3352 se
2773 3309 2886 3351 non
2921 3295 3163 3352 habeat?
3191 3295 3294 3362 Qui
3326 3296 3428 3369 igi—

1845 3377 1934 3444 tur
1973 3387 2076 3445 arti
2126 3397 2381 3445 naturam
2431 3397 2801 3460 comparant,
2851 3398 2948 3447 aut
2984 3397 3240 3446 naturam
3281 3392 3424 3458 apud

1843 3481 2013 3536 Deum
2040 3496 2164 3538 esse
2198 3486 2525 3546 concedent,
2555 3481 2763 3552 Deique
2793 3481 3120 3554 sapientiam
3151 3489 3206 3537 et
3239 3481 3430 3552 cogni-v

1842 3573 2046 3629 tionem
2075 3587 2195 3634 eam
2228 3573 2625 3644 appellabunt:
2664 3581 2761 3628 aut
2799 3573 2847 3629 si
2880 3582 3128 3630 naturam
3167 3573 3222 3627 in
3262 3573 3427 3632 rebus

1843 3668 2184 3724 naturalibus
2218 3667 2399 3724 inesse
2429 3667 2634 3734 dicent,
2668 3666 2838 3723 Deum
2874 3683 2905 3724 a
2937 3683 3036 3723 sua
3068 3667 3339 3737 sapientia
3373 3677 3426 3723 et

1839 3761 2154 3833 cognitione
2187 3758 2573 3816 removebunt.
2605 3758 2864 3830 Nunquid
2895 3760 3061 3831 igitur
3093 3775 3218 3815 cum
3251 3760 3306 3816 in
3338 3775 3426 3816 ar-

1843 3851 1992 3908 tibus
2024 3852 2192 3908 etiam
2227 3852 2597 3908 instrumenta
2651 3852 2981 3908 administra
3029 3852 3182 3920 sint,
3223 3854 3424 3914 melius

1838 3946 1943 4002 erit
1974 3945 2161 4002 dicere
2186 3985 2204 4012 ,
2252 3955 2508 4001 naturam
2549 3961 2677 4001 eum
2709 3947 3080 4004 instrumento
3108 3947 3294 4019 potius
3329 3949 3428 4004 ha.-

1839 4041 1969 4096 here
2001 4039 2440 4111 proportionem,
2475 4054 2599 4110 qua:
2627 4039 2816 4096 divino
2854 4051 2989 4098 nutu
3034 4052 3346 4110 moveatur,
3373 4055 3427 4097 ct

1837 4130 1974 4185 alias
2005 4129 2116 4186 alio
2152 4131 2319 4187 modo
2352 4145 2444 4188 res
2469 4130 2759 4188 naturales
2791 4141 3118 4202 transponat
3155 4143 3212 4188 et
3243 4134 3424 4190 inver-

1840 4231 1937 4290 tat,
1973 4224 2283 4282 rationibus
2315 4227 2577 4284 nimirum
2602 4227 2692 4294 iis,
2722 4243 2860 4299 quas
2893 4229 3011 4302 ipse
3038 4228 3295 4285 conditor
3323 4246 3424 4302 pro

1837 4329 1936 4370 sua
1981 4317 2085 4373 sibi
2135 4318 2302 4374 insita
2335 4329 2390 4376 et
2418 4321 2668 4376 omnium
2720 4320 3010 4377 hominum
3058 4323 3423 4393 comprehen-

1836 4407 2049 4466 sionem
2083 4410 2384 4482 eﬂ‘ugiente
2415 4413 2708 4484 sapientia,
2747 4429 2854 4484 qua
2893 4417 3153 4471 universa
3191 4416 3308 4472 haec
3342 4415 3425 4472 ef-

1837 4501 1969 4569 ﬁcit,
2007 4511 2195 4561 tuetur
2226 4515 2281 4562 et
2313 4510 2604 4579 gubernat,
2641 4508 2895 4579 cognitas
2934 4509 3142 4566 habet?

212 4588 277 4644 δ’.
312 4591 565 4647 Τοσαῦτα
590 4589 687 4645 καὶ
711 4589 843 4662 περὶ
867 4591 1110 4659 φύσεως,
1133 4589 1259 4661 ἥτις
1293 4590 1471 4657 ἐστὶν,
1489 4591 1564 4656 ὡς
1589 4593 1741 4664 εἴρη-

1917 4597 1974 4656 4.
2014 4598 2083 4653 Et
2111 4599 2228 4654 haec
2255 4601 2420 4655 etiam
2451 4600 2520 4656 de
2556 4611 2778 4668 natura,
2802 4616 2945 4672 quae,
2977 4610 3034 4656 ut
3057 4600 3284 4668 dictum,
3318 4601 3423 4657 illis

138 4699 259 4748 ται,
281 4685 392 4746 τοῖς
423 4684 524 4754 μὲν
573 4685 926 4754 κινουμένοις
980 4683 1166 4754 μόνον,
1227 4683 1374 4755 ἀρχὴ
1429 4685 1728 4756 κινήσεως,

138 4773 258 4837 τοῖς
286 4773 342 4826 δὲ
371 4775 718 4843 κινουμένοις
753 4773 850 4827 καὶ
887 4773 1214 4844 ἠρεμοῦσιν,
1243 4774 1390 4848 ἀρχὴ
1453 4777 1731 4845 κινήσεως

137 4867 236 4922 καὶ
266 4869 530 4939 ἠρεμίας,
575 4869 722 4941 ἀρχὴ
756 4869 854 4924 καὶ
903 4869 1054 4932 αίτία
1084 4872 1366 4942 προσεχής
1387 4885 1402 4900 ⁸
1465 4871 1527 4925 τὸ
1557 4873 1731 4925 κινεῖν

132 4960 336 5031 ἔχουσα
367 4963 461 5016 καὶ
497 4963 784 5034 ὴρεμίζειν
815 4962 885 5016 τὰ
918 4962 1023 5016 ὑπὸ
1043 4962 1144 5033 τὴν
1193 4963 1468 5034 αἴσθησιν,
1500 4964 1731 5031 τοιῶσδέ

133 5071 256 5118 πως
293 5054 551 5120 ἕκαστον,
586 5058 726 5111 κατὰ
749 5056 850 5126 τὴν
883 5055 1072 5110 νεῦσιν
1107 5055 1201 5110 τοῦ
1236 5057 1400 5128 μόνου
1427 5057 1594 5129 σοφοῦ
1627 5058 1726 5128 ἀρ-

134 5145 449 5217 χιτέκτονος
490 5150 586 5203 καὶ
609 5148 934 5204 πανταιτίου
957 5145 1118 5205 Θεοῦ.

1837 4704 1961 4764 qua:
1997 4690 2268 4747 duntaxat
2302 4700 2636 4758 moventur,
2691 4693 3024 4763 principium
3081 4703 3260 4749 motus
3299 4713 3314 4750 :
3355 4695 3422 4749 iis

1837 4800 1957 4856 qua:
1996 4793 2288 4839 moventur
2316 4793 2370 4838 et
2401 4783 2719 4853 quiescunt,
2747 4793 2931 4841 motus
2963 4793 3017 4840 et
3041 4785 3241 4855 quietis
3272 4785 3424 4853 prin-

1837 4877 2068 4948 cipium,
2099 4875 2432 4946 principium
2469 4875 2695 4944 inquam
2725 4886 2781 4931 et
2803 4891 2971 4934 causa
2997 4877 3245 4947 proxima
3275 4893 3290 4932 :
3320 4879 3423 4932 hoc

1835 4968 2071 5032 habens,
2109 4975 2169 5021 ut
2197 4975 2435 5033 moveat,
2469 4976 2523 5022 et
2557 4966 2623 5022 ad
2659 4966 2898 5037 quietem
2939 4968 3096 5040 103
3136 4969 3419 5037 perducat,

1834 5075 1899 5117 ea
1943 5077 2068 5130 qua:
2119 5060 2222 5116 sub
2268 5075 2492 5116 sensum
2526 5058 2772 5128 cadunt,
2809 5067 2961 5116 certo
3001 5062 3214 5132 singula
3259 5065 3421 5117 modo

1833 5169 1934 5225 pro
1965 5154 2126 5208 unius
2154 5154 2302 5210 illius
2331 5153 2596 5224 sapientis
2625 5153 2914 5210 architecti
2947 5157 3302 5228 omniumque
3335 5173 3420 5214 rev
3489 5217 3496 5224 _

1833 5263 1954 5302 rum
1988 5247 2232 5306 auctoris
2267 5246 2359 5302 Dei
2381 5255 2530 5314 nutu
2561 5254 2616 5303 et
2649 5246 2905 5307 arbitrio.

1385 5474 1722 5533 SYNOPSIS
1759 5475 2038 5534 CAPITIS
2079 5474 2148 5530 IX
2179 5518 2195 5544 ,

1284 5616 1423 5666 QUOD
1465 5615 1562 5655 EST
1602 5613 1671 5652 DE
1705 5614 1839 5655 ιοεο
1875 5616 1941 5655 ετ
1978 5613 2252 5656 τεκνοιιε.

126 5707 186 5762 Ι.
240 5700 323 5787 Εᾳ
349 5717 467 5787 qua!
495 5712 643 5768 ιυηι.
673 5706 1067 5787 quadrifariam
1102 5714 1315 5780 dividit,
1345 5717 1402 5769 in
1439 5723 1632 5779 malus,
1671 5726 1910 5768 motuum
1942 5716 2234 5784 principia,
2267 5731 2329 5771 ea
2361 5733 2478 5786 qua:
2511 5727 2810 5780 moventur,
2843 5727 2891 5783 et
2928 5716 3154 5787 denique
3185 5731 3249 5770 ea
3285 5732 3403 5784 qua:

200 5785 324 5828 sunt
353 5779 542 5832 horum
570 5779 784 5844 gratia;
823 5789 871 5831 ει

903 5791 1160 5860 prieterea
1197 5789 1456 5860 corporis,
1492 5789 1618 5849 ιοείν
1656 5803 1739 5838 ηιο

1842 5830 1852 5845 ,
1889 5797 1949 5860 ει
1973 5790 2225 5855 temporis
2275 5798 2517 5843 mutuam
2556 5790 2740 5860 σχέσιν
2783 5805 2874 5843 seu
2908 5789 3244 5860 aﬂ'ectionem
3278 5801 3404 5860 pro-

199 5846 370 5914 ponit.
392 5845 535 5900 —2.
567 5847 764 5900 Locum
791 5845 1038 5905 describit
1071 5863 1123 5907 et
1157 5845 1568 5930 descriptionem
1601 5845 2012 5928 paraphrastice
2048 5845 2303 5930 candicat,
2327 5870 2376 5916 et
2408 5845 2774 5934 primongenus
2805 5845 2970 5931 quare
2988 5845 3294 5928 superﬁcies
3322 5857 3404 5914 ai-

489 5945 762 6008 Pnaon.
802 5946 920 6008 Gn.
962 5947 1200 6015 CXLII.

3005 5954 3085 6022 35
