3868 6462
1273 331 1285 364 \

250 446 378 510 1101

1475 437 1810 505 EPITOME
1853 438 1950 498 PH
1963 439 2201 504 YSICA.

3345 442 3479 507 1102

216 565 438 626 ὅτόπος
472 560 589 616 ἐστὶ
643 560 734 615 καὶ
788 561 1077 626 sumam;
1128 561 1269 616 κατὰ
1302 561 1518 633 μέθεξιν
1575 559 1670 614 τοῦ
1732 559 1777 611 Et

1896 555 2131 609 Proinde
2163 557 2204 588 "
2236 556 2394 612 locus
2425 555 2673 625 corporis
2717 571 2914 624 expers
2949 566 3032 614 est
3084 569 3137 615 et
3169 565 3476 620 secundum

213 653 369 722 τόπῳ
394 667 410 685 ο
445 641 738 720 ἐπιφάνεια
778 653 887 723 γάρ
919 655 1068 706 ἐστιν
1097 669 1110 682 θ
1159 656 1190 723 ἡ
1227 653 1272 707 δ’
1337 654 1632 722 ιπιφὰνεια
1691 652 1787 706 καὶ

214 743 509 814 ἀσώματος
535 744 770 814 ὑπάρχει
806 745 902 799 καὶ
929 745 1065 800 κατὰ
1095 746 1267 816 μῆκος
1297 747 1393 800 καὶ
1441 746 1640 808 πλάτος
1665 745 1787 796 δια·

218 836 412 907 στατή.
813 826 839 842 ’

287 1087 359 1151 γ’.
390 1081 511 1136 Τῶν
553 1081 654 1152 μὶν
701 1080 795 1136 οὖν
853 1082 1006 1146 ἐντὸς
1057 1081 1156 1138 τοῦ
1219 1082 1453 1154 οὐρανοῦ
1515 1085 1787 1152 σωμάτων

215 1174 478 1227 ἁπάντων
523 1175 691 1236 τόπος
719 1174 868 1228 ἐστὶν
920 1177 954 1248 ἡ
987 1175 1144 1241 κοίλη
1175 1176 1269 1229 τοῦ
1323 1174 1555 1246 οὐρανοῦ
1589 1176 1790 1244 ἐπιφά-

212 1283 356 1321 νεια.
394 1267 456 1319 El
490 1267 602 1338 γὰρ
631 1269 730 1321 καὶ
755 1270 984 1322 κινεῖται
1014 1271 1042 1322 ό
1075 1268 1307 1340 οὐρανὸς
1357 1268 1502 1324 κατὰ
1528 1269 1624 1341 τὴν
1677 1271 1785 1324 τῶν

220 1360 428 1428 μορίων
483 1361 678 1431 φορὰν,
711 1361 827 1414 ἀλλ’
875 1361 1062 1433 ἕτερον
1118 1363 1320 1433 τρόπον
1363 1363 1618 1432 ἀκίνητός
1644 1364 1785 1429 ἐστι,

216 1453 356 1506 καθὸ
383 1455 458 1522 μὴ
492 1455 851 1522 μεταλλάσσει
905 1456 1073 1509 τόπον
1110 1456 1249 1520 ὅλως
1279 1455 1438 1526 ὁμοῦ.
1485 1456 1624 1514 Καθ’
1665 1456 1786 1510 ὅλον

220 1543 322 1613 μὲν
351 1539 445 1596 οὖν
478 1545 732 1612 ἀκίνητός
759 1547 900 1598 ἐστιν
927 1548 1068 1600 κατὰ
1103 1547 1242 1618 μέρη
1262 1545 1320 1599 δὲ
1349 1547 1564 1616 κινητός
1603 1563 1664 1600 τε
1695 1548 1787 1600 καὶ

214 1636 472 1705 ἀκίνητος
504 1638 599 1690 καὶ
630 1638 1006 1707 ὀμαλεστάτην
1058 1637 1158 1707 τὴν
1210 1643 1427 1708 κίνησιν
1457 1640 1553 1694 καὶ
1598 1639 1786 1709 ἄκρως

210 1732 555 1800 τεταγμένην
584 1731 931 1802 ποιούμενος.
960 1733 1132 1786 Πάλιν
1168 1737 1199 1802 ἡ
1229 1734 1372 1792 κατὰ
1402 1735 1501 1804 τὴν
1534 1733 1670 1805 πρὸς
1695 1733 1788 1787 τὸν

212 1821 351 1890 ἁᾶρα
383 1822 623 1895 συναφὴν
655 1825 946 1892 ἐπιφάνεια
968 1825 1061 1880 τοῦ
1090 1827 1306 1898 αἰθέρος
1337 1827 1501 1890 τόπος
1533 1826 1650 1882 ἐστὶ
1677 1826 1788 1884 τῶν

211 1913 319 1966 ὑπὸ
342 1916 572 1985 σελήνην
607 1917 888 1988 στοιχείων
943 1920 1039 1972 καὶ
1090 1919 1200 1974 τῶν
1253 1919 1460 1975 λοιπῶν
1511 1919 1782 1989 σωμάτων

208 2007 320 2058 τῶν
347 2009 664 2077 κατωτέρω,
695 2011 788 2062 καὶ
830 2011 957 2081 ἑξῆς
985 2013 1145 2082 μέχρι
1181 2014 1278 2066 καὶ
1305 2013 1413 2066 τῶν
1459 2013 1552 2066 ἐπὶ
1615 2013 1783 2082 μέρος

211 2101 484 2170 σωμάτιον
518 2103 944 2177 καθολικώτερον.
976 2106 1131 2160 τόποι
1167 2107 1261 2160 καὶ
1293 2105 1656 2177 μερικιίηεροι
1687 2106 1782 2159 εὑ·-

209 2193 558 2264 ρεθὴσονται.

280 2332 342 2387 δ’.
379 2335 488 2388 Καὶ
516 2335 544 2388 ὀ
573 2336 845 2408 προσεχὴς
872 2338 1058 2405 τόπος,
1101 2339 1306 2403 ἐκεῖνος
1333 2339 1429 2392 καὶ
1463 2338 1778 2409 ὶδιαῐτερος,

208 2424 267 2488 ὅς
308 2426 460 2480 ἔστιν
497 2429 530 2497 ἡ
573 2431 710 2482 κατὰ
735 2429 834 2499 τὴν
864 2433 1001 2500 πρὸς
1055 2430 1117 2485 τδ
1158 2431 1414 2504 περιέχον
1439 2434 1601 2501 σῶμα
1657 2451 1784 2485 συν⁴

206 2518 352 2588 αφὴν
376 2519 667 2587 ἐπιφάνεια
699 2521 793 2575 τοῦ
825 2523 1004 2594 ἀέρος,
1051 2523 1083 2594 ἢ
1114 2523 1207 2578 τοῦ
1236 2524 1486 2596 ὕδατοςῆ
1523 2527 1622 2595 τῆς
1651 2526 1781 2596 γῆς.

208 2607 285 2678 μὴ
329 2611 725 2682 μεταρρἐοντος
755 2611 996 2682 δηλονότι
1027 2614 1118 2668 τοῦ
1155 2615 1368 2684 ὓδατος,
1396 2616 1483 2670 ἵνα
1516 2617 1593 2688 μὴ
1617 2615 1692 2681 ὡς
1725 2617 1782 2669 ἐν

205 2699 414 2772 ἀγγείῳ
455 2705 717 2777 μᾶλλονῆ
760 2707 832 2772 ὡς
863 2708 920 2761 ὲν
968 2708 1118 2780 τόπῳ
1165 2709 1225 2762 τὸ
1269 2711 1328 2762 ἐν
1378 2709 1572 2781 ἐκείνῳ
1621 2710 1782 2781 σῶμα

207 2793 546 2869 ὑποληφθείη
603 2799 694 2853 διὰ
755 2800 816 2853 τὸ
868 2802 1245 2873 μεταφορητὸν
1306 2801 1402 2856 τοῦ
1455 2805 1621 2857 τόπου
1683 2801 1780 2857 τοῦ

205 2888 264 2938 ὲν
318 2889 394 2958 τῷ
427 2887 620 2944 ὖδατιο
654 2891 746 2944 καὶ
789 2892 1028 2960 μάλιστα
1069 2896 1116 2948 εἰ
1176 2895 1270 2949 καὶ
1321 2895 1380 2948 τὸ
1425 2895 1586 2968 σῶμα
1644 2913 1780 2966 συμ-

209 2981 589 3054 μεταφέροιτο.
637 2983 695 3037 '0
732 2985 831 3055 μὲν
879 2981 971 3041 οὖν
1026 2987 1318 3058 εἰρημένος
1364 2989 1578 3052 τόποςὸ
1638 2990 1781 3046 κατὰ

111 3131 116 3134 _
204 3071 304 3142 τὴν
334 3077 595 3144 περιοχὴν
624 3077 743 3129 ἐστι
775 3078 868 3132 καὶ
897 3078 1184 3150 ὑποδοχήν.
1224 3080 1336 3133 Καὶ
1387 3081 1497 3150 γὰρ
1545 3081 1780 3138 ἕκαστον

203 3164 312 3218 τῶν
339 3168 702 3237 περιεχόντων
719 3170 929 3239 γίνεται
957 3172 1122 3235 τόπος
1150 3172 1227 3240 τῷ
1257 3174 1662 3246 περιεχομένῳ,
1687 3173 1782 3228 καὶ

200 3257 278 3323 ὡς
312 3262 655 3332 περιεκτικδς
679 3263 864 3332 αὐτοῦ,
889 3267 984 3320 καὶ
1018 3266 1092 3330 ὠς
1119 3267 1495 3332 ὖποδεκτικός.

275 3486 337 3545 s'.
372 3491 480 3543 Καὶ
509 3483 662 3554 οὗτός
695 3493 840 3546 ἐστιν
871 3494 898 3546 ὅ
939 3493 1231 3557 πλατυκῶς
1280 3493 1574 3565 λεγόμενος
1607 3495 1774 3559 τόπος

207 3585 266 3648 ὃς
296 3587 388 3639 καὶ
418 3585 670 3654 ἀκίνητός
696 3589 812 3640 ἐστι
857 3587 950 3640 καὶ
977 3589 1244 3659 χωριστὸς
1275 3588 1465 3642 ἄλλοτε
1486 3588 1660 3650 ἄλλως
1690 3606 1777 3658 γι-

205 3675 432 3746 νόμενος
465 3677 608 3729 κατὰ
635 3677 734 3746 τὴν
755 3678 864 3730 τῶν
892 3679 1165 3748 σωμάτων
1196 3681 1552 3748 μετάστασιν.
1584 3681 1774 3736 Ἐοικε

203 3766 262 3820 δὲ
285 3768 424 3821 κατὰ
449 3767 608 3836 λόγον
634 3769 1033 3842 ἀκριϐέστερον
1059 3773 1090 3824 ό
1132 3773 1318 3836 τόπος,
1382 3773 1582 3844 μέτρον
1634 3772 1776 3829 εἶναι

205 3859 308 3929 τῆς
339 3861 447 3913 τῶν
468 3862 738 3931 κειμένων
776 3863 981 3927 θέσεως
1007 3881 1022 3897 ο
1055 3864 1247 3937 ὥσπερ
1285 3869 1378 3920 καὶ⁹
1408 3868 1643 3938 ὃχρόνος
1677 3869 1775 3938 μέν

205 3967 332 4023 τρον
364 3954 480 4006 ἐστὶ
510 3954 609 4022 τῆς
640 3954 754 4006 τῶν
801 3957 1140 4023 κινουμένων
1197 3961 1487 4028 κινήσεως.
1526 3963 1690 4024 Διττὴ
1715 3962 1774 4018 δὲ

206 4044 240 4110 ἡ
268 4043 495 4115 (listed)
554 4046 651 4116 μὲν
708 4047 994 4118 οὑσιώδης,
1027 4051 1060 4120 ἡ
1090 4049 1136 4103 δ’
1178 4053 1524 4118 ἐπείσακτος.
1586 4055 1775 4118 Διττὸς

203 4131 296 4190 οὖν
321 4138 413 4190 καὶ
447 4140 473 4190 ὀ
501 4137 690 4205 τόπος,
714 4141 743 4192 ὅ
772 4140 871 4209 μὲν
915 4145 1060 4196 κατὰ
1093 4141 1277 4209 φύσιν,
1302 4145 1330 4197 ὅ
1352 4145 1407 4204 δὲ
1431 4147 1573 4200 κατὰ
1632 4166 1776 4218 eust-

205 4228 460 4297 σεθηκὸς.
503 4231 664 4285 Ἀλλὰ
690 4235 783 4286 καὶ
822 4235 854 4306 ή
889 4235 1156 4304 οὐσιώδης
1185 4239 1332 4301 θέσις
1353 4240 1532 4311 διττὴ,
1593 4242 1626 4310 ὴ
1673 4242 1774 4309 μὲν

202 4323 345 4376 κατὰ
372 4324 463 4376 τὸν
489 4323 816 4396 εὐθετισμὸν
849 4329 944 4382 καὶ
975 4329 1074 4398 τὴν
1103 4331 1367 4396 εὐταξίαν
1412 4333 1522 4388 τῶν
1554 4334 1773 4388 οἰκείων

206 4413 407 4484 μορίων
441 4415 671 4472 ἑκάστου
714 4417 1062 4487 πράγματος,
1090 4419 1168 4483 ὡς
1212 4422 1334 4474 ὅλου
1366 4422 1770 4494 θεωρουμένου,

205 4504 322 4556 καθ’
349 4505 417 4575 ἢν
443 4507 654 4579 κεφαλὴ
716 4509 815 4579 μὲν
847 4514 937 4566 καὶ
973 4513 1154 4582 χεῖρες
1211 4517 1308 4568 καὶ
1351 4516 1513 4579 πόδες
1562 4518 1657 4570 καὶ
1701 4518 1769 4570 τα

1890 649 2358 719 participationem
2394 649 2512 720 ejus
2541 649 2688 722 quod
2719 651 2771 705 in
2803 651 2925 707 loco
2989 664 3094 720 εει,
3142 655 3471 711 dimensioul

1889 741 2215 812 subjicitur;
2242 742 2442 812 quippe
2469 745 2785 814 superﬁcies
2807 755 2913 808 est,
2937 747 3256 813 superficies
3284 757 3467 806 autem

1887 846 1942 913 et
1968 849 2198 904 corpore
2223 846 2402 900 vacat,
2442 845 2497 890 et
2525 837 2828 891 secundum
2869 837 3264 910 longitudinem
3307 850 3362 895 ct
3393 841 3467 894 la-

1890 930 2174 984 titudinem
2203 929 2534 986 dimensioni
2565 939 2646 985 εει
2679 930 2948 987 obnoxia.

1959 1069 2014 1122 3.
2053 1067 2253 1122 Eorum
2285 1068 2449 1139 igitur
2481 1070 2724 1123 omnium
2772 1086 2893 1140 qure
2937 1071 3076 1126 intra
3108 1073 3305 1128 crelum
3338 1083 3466 1129 sunt

1889 1174 2178 1229 corporum
2203 1163 2352 1216 locus
2377 1172 2457 1214 est
2483 1176 2720 1215 concava
2747 1162 2868 1216 coeli
2897 1165 3234 1234 superficies.
3263 1165 3395 1220 Nam
3421 1169 3464 1200 ¹⁸

1888 1253 1992 1308 etsi
2023 1254 2198 1324 quoad
2237 1256 2469 1322 partium
2511 1253 2770 1308 lationem
2803 1269 3053 1312 movetur
3079 1258 3274 1311 emtum
3297 1298 3312 1323 ,
3355 1259 3462 1311 alio

1890 1355 2067 1399 tamen
2101 1345 2258 1400 modo
2297 1354 2380 1400 est
2426 1345 2744 1414 immobile;
2785 1356 3051 1416 quatenus
3086 1348 3264 1404 locutu
3298 1349 3349 1402 in
3381 1359 3463 1402 to-

1891 1446 2003 1490 tum
2045 1435 2206 1492 simul
2248 1452 2361 1491 non
2394 1436 2670 1495 immutat.
2703 1436 2892 1509 itaque
2922 1442 3096 1510 quoad
3130 1450 3301 1495 totum
3327 1483 3341 1507 ,
3376 1453 3458 1496 est

1890 1529 2204 1598 immobile;
2234 1529 2414 1599 quoad
2462 1541 2644 1599 partes
2681 1544 2861 1587 autem
2886 1573 2900 1597 ,
2931 1535 3168 1610 inobile;
3204 1544 3466 1604 motuque

1888 1623 2316 1690 mquabilissimo
2362 1631 2416 1676 et
2457 1623 2874 1680 ordinatissimo
2920 1626 3116 1680 cietur.
3156 1627 3366 1682 Rursus
3398 1644 3460 1681 ea

1888 1713 2107 1768 aetheris
2151 1712 2312 1784 108
2337 1714 2688 1782 superficies,
2720 1731 2823 1784 qua
2859 1732 2981 1770 cum
3014 1733 3140 1772 aere
3176 1719 3466 1790 conjungi-

1889 1806 2034 1874 gitur
2057 1845 2072 1872 ,
2107 1805 2502 1860 elementorum
2538 1805 2684 1858 infra
2720 1806 2900 1860 iuuant
2932 1818 2984 1863 et
3013 1809 3347 1878 reliquorum
3384 1813 3465 1864 in-

1819 1906 1857 1957 Β
1890 1899 2152 1954 feriorum
2174 1912 2467 1967 corporum
2497 1897 2648 1952 locus
2675 1908 2778 1953 est.
2806 1897 2870 1953 Et
2896 1901 2976 1955 sic
3004 1903 3262 1972 deinceps
3292 1918 3464 1970 usque

1887 1994 1952 2047 ad
1980 1991 2326 2062 particularia
2353 2005 2604 2060 corpora,
2629 1993 2898 2063 amphora
2922 2004 2975 2048 et
3001 1997 3316 2068 angustiora
3344 1997 3461 2051 loca

1884 2086 2240 2157 reperientur.

1957 2316 2012 2372 4.
2052 2315 2119 2370 Ει
2146 2315 2488 2386 propinquus
2527 2314 2615 2368 ille
2667 2313 2820 2371 locus
2887 2314 3030 2372 idem
3069 2315 3234 2372 etiam
3280 2316 3458 2388 magis

1885 2417 1968 2465 est
1996 2408 2278 2478 proprius,
2301 2407 2396 2477 qui
2428 2407 2730 2462 secundum
2759 2406 3160 2476 copulationem
3185 2422 3308 2462 cum
3333 2424 3463 2464 con-

1887 2501 2094 2557 tinente
2122 2515 2353 2570 corpore
2380 2499 2696 2568 superﬁcies
2725 2507 2808 2554 est
2841 2499 3007 2565 aeris,
3034 2509 3129 2554 aut
3156 2515 3334 2570 aquas,
3368 2510 3464 2558 aut

1887 2603 2070 2658 teme,
2118 2609 2224 2648 non
2271 2591 2628 2648 transﬂuente
2670 2591 2924 2647 videlicet
2973 2607 3134 2662 aqua,
3181 2609 3250 2649 ne
3297 2604 3356 2650 ut
3398 2594 3455 2650 in

1886 2703 2014 2744 vase
2043 2687 2222 2759 potius
2253 2700 2416 2756 quam
2449 2693 2508 2738 ut
2540 2685 2592 2738 iu
2627 2683 2746 2739 loco
2783 2698 2982 2752 corpus
3009 2685 3155 2753 quod
3187 2685 3240 2740 in
3275 2699 3341 2740 εο
3373 2695 3458 2740 εει

1885 2781 2206 2851 accipiatur,
2239 2777 2362 2847 quia
2395 2774 2685 2830 transferri
2723 2782 2902 2846 potest
2929 2773 3082 2830 locus
3109 2775 3201 2844 qui
3232 2774 3288 2832 in
3314 2790 3456 2846 aqua

1883 2882 1968 2928 est
1995 2914 2009 2939 ,
2054 2887 2117 2927 ac
2148 2881 2264 2925 tum
2294 2869 2595 2941 presertim
2623 2907 2640 2931 ,
2682 2883 2805 2922 cum
2840 2867 3003 2924 etiam
3047 2881 3247 2937 corpus
3289 2867 3456 2926 simul

1887 2964 2236 3022 transfertur.
2287 2965 2466 3034 Atque
2509 2961 2598 3015 hic
2641 2959 2865 3030 quidem
2911 2962 3063 3016 locus
3093 2961 3457 3029 comprehen-

1883 3059 2056 3116 sionis
2077 3067 2129 3114 et
2149 3054 2520 3126 sttsccptionis
2547 3053 2763 3109 ratione
2786 3053 3027 3108 exsistit.
3045 3052 3447 3118 Quodvisenim

1883 3165 2074 3207 eorum
2110 3164 2233 3220 qua:
2260 3147 2547 3203 continent
2583 3148 2736 3202 locus
2771 3146 2828 3200 fit
2857 3145 2905 3200 ei
2943 3146 3092 3216 quod
3119 3144 3448 3210 continetur,

1808 3268 1851 3325 ο
1884 3262 2005 3301 cum
2038 3245 2181 3315 quod
2220 3245 2398 3314 ipsum
2438 3242 2900 3312 comprehendat,
2935 3251 3052 3296 tum
3083 3240 3229 3310 quod
3277 3241 3456 3296 susci-

1884 3337 2019 3408 piat.

1951 3492 2006 3546 5.
2048 3491 2225 3562 Atque
2270 3489 2357 3545 hic
2402 3489 2592 3545 latiore
2641 3489 3040 3562 Significatione
3074 3489 3252 3546 dictus
3294 3489 3449 3546 locus
3547 3489 3550 3491 ⁴

1879 3594 1983 3646 εει,
2009 3583 2101 3653 qui
2132 3583 2292 3637 etiam
2327 3590 2411 3636 est
2448 3583 2744 3636 immobilis
2771 3592 2824 3635 et
2856 3583 3202 3652 separabilis,
3231 3593 3286 3639 et
3313 3585 3449 3639 alias

1880 3676 2020 3730 alius
2069 3690 2168 3744 pro
2212 3689 2501 3743 corporum
2557 3673 2880 3742 migratione
2927 3674 3176 3730 eﬂicitur.
3214 3677 3281 3730 At
3320 3692 3452 3730 vero

1880 3769 2068 3833 locus,
2101 3767 2147 3821 si
2183 3767 2492 3821 at-curatius
2525 3766 2837 3836 loquamur,
2871 3766 3009 3820 situs
3039 3781 3218 3820 rerum
3254 3781 3444 3822 carum

1879 3868 1998 3930 quae
2031 3861 2222 3928 posita.-
2253 3869 2381 3914 sunt
2433 3873 2688 3913 mensura
2727 3873 2852 3915 esse
2885 3859 3142 3925 videtur,
3177 3861 3443 3928 quemad-

1883 3957 2098 4008 modum
2131 3954 2295 4006 ctiam
2331 3961 2545 4021 tempus
2579 3953 2843 4006 motionis
2873 3967 3065 4008 earum
3102 3968 3282 4008 rerum
3327 3967 3448 4022 quia

1881 4055 2170 4102 moventur
2202 4059 2462 4099 mensura
2494 4053 2600 4099 est.
2657 4045 2860 4114 Duplex
2905 4053 3089 4100 autem
3141 4045 3281 4100 situs
3314 4052 3400 4100 est
3432 4062 3448 4104 ς

1880 4156 2022 4195 ιιηιιε
2051 4138 2399 4203 essentialis,
2440 4138 2580 4192 alter
2621 4137 2780 4207 109
2813 4139 3169 4193 adventitius.
3213 4137 3449 4194 Proinde

1876 4237 2039 4286 etiam
2097 4232 2252 4286 locus
2295 4231 2495 4301 duplex
2545 4239 2627 4284 est
2666 4247 2679 4285 :
2723 4245 2865 4286 unus
2912 4231 2982 4285 ad
3026 4241 3276 4286 naturam
3322 4246 3452 4300 per"

1877 4325 2083 4388 tinens,
2117 4324 2256 4378 alter
2284 4339 2348 4378 ex
2384 4323 2684 4391 accidente.
2721 4322 2827 4379 Sed
2859 4332 2915 4378 et
2953 4322 3266 4380 essentiatis
3299 4323 3444 4378 situs

1873 4417 2074 4486 duplex
2120 4425 2225 4471 est.
2269 4415 2418 4472 Unus
2467 4415 2680 4472 ratione
2728 4415 3013 4469 concinna:
3067 4408 3123 4469 et
3169 4413 3447 4470 ordinata:

1875 4509 2252 4566 collocationis
2303 4510 2541 4578 partium
2597 4507 2888 4575 cujuslibet
2941 4507 3015 4561 rei
3065 4517 3337 4577 quatenus
3384 4515 3444 4562 ιιι

203 4595 365 4650 λοιπὰ
402 4599 508 4654 τῶν
549 4603 759 4671 μορίων
790 4603 884 4656 ἐπὶ
934 4602 1076 4666 ζώου
1126 4607 1362 4661 τοιῶσὸε·
1399 4611 1578 4663 κεῖται
1635 4610 1770 4681 πρὸς

1886 4613 2052 4658 totum
2091 4601 2506 4665 consideratur,
2545 4601 2698 4670 juxta
2730 4616 2894 4670 quam
2927 4608 3088 4669 caput
3132 4599 3349 4668 quidem
3388 4609 3445 4654 et

205 4688 409 4758 ἄλληλά
435 4709 494 4744 τε
514 4695 608 4745 καὶ
637 4694 774 4762 πρὸς
797 4695 857 4748 τδ
884 4697 1006 4750 ὅλον
1060 4697 1200 4761 ζῶον
1238 4701 1333 4753 καὶ
1366 4701 1428 4753 τὸ
1463 4700 1584 4755 ὅλον
1636 4703 1774 4772 πρὸς

199 4779 270 4832 τὰ
304 4783 488 4851 μέρη·
514 4785 662 4852 ῥίζαι
701 4783 758 4838 δὲ
793 4785 890 4839 καὶ
935 4789 1162 4858 στελέχη
1197 4790 1292 4844 καὶ
1337 4791 1524 4848 κλάδοι
1551 4795 1642 4847 ἐπὶ
1674 4811 1775 4862 φυ-

198 4871 310 4923 τῶν
340 4873 540 4941 ὁμοίως
565 4887 579 4904 ο
632 4877 667 4946 ἡ
691 4876 749 4930 δὲ
807 4878 952 4932 κατὰ
997 4881 1090 4933 τὸν
1122 4881 1215 4935 τοῦ
1269 4881 1394 4937 ὅλου
1427 4884 1504 4948 ὼς
1565 4887 1771 4958 μέρους

197 4964 332 5035 πρὸς
363 4965 424 5018 τὸ
464 4966 791 5036 ὁλικώτερον
823 4973 1122 5042 ἀναφοράν.
1164 4974 1253 5036 Ὠς
1302 4977 1410 5046 γὰρ
1443 4977 1551 5031 τῶν
1585 4981 1770 5050 μερῶν

193 5056 428 5113 ἕκαστον
464 5061 585 5113 καθ’
617 5063 777 5114 ἑαυτὸ
808 5065 907 5133 μὲν
935 5067 1052 5118 ὅλον
1073 5067 1123 5119 τί
1153 5069 1290 5134 ἐστι,
1328 5071 1461 5139 πρὸς
1483 5071 1540 5124 δὲ
1569 5073 1629 5126 τὸ
1645 5075 1766 5128 ὅλον

193 5148 412 5217 λέγεται
443 5151 642 5222 μέρος’
689 5149 802 5205 οἷον
830 5157 862 5222 ὴ
899 5156 1110 5226 κεφαλὴ
1140 5158 1266 5211 καθ’
1302 5159 1505 5232 ἑαυτὴν
1543 5165 1642 5233 μὲν
1665 5167 1760 5237 ὅλη

190 5241 472 5308 τυγχάνει,
507 5243 674 5310 μέρος
702 5243 759 5296 δὲ
790 5245 884 5296 τοῦ
922 5245 1174 5314 σώματος
1205 5248 1444 5318 λέγεταν
1475 5253 1567 5306 τὸν
1596 5257 1761 5310 αὑτὸν

191 5333 394 5398 τρόπον
449 5333 543 5385 καὶ
584 5331 647 5385 τὸ
688 5333 810 5386 ὅλον
860 5335 996 5404 πρὸς
1033 5338 1363 5409 ὀλικώτερον
1408 5342 1560 5412 ἄλλο,
1599 5348 1766 5419 μέρος

196 5419 370 5513 escu-
407 5419 521 5478 οἷον
549 5427 582 5496 ἡ
609 5427 679 5496 γῆ
709 5426 832 5480 καθ’
869 5429 1072 5499 ἑαυτὴν
1111 5433 1210 5502 μὲν
1230 5435 1325 5506 ὅλη
1373 5437 1509 5504 ἐστὶ,
1541 5444 1679 5513 πρὸς
1708 5443 1766 5501 δὲ

193 5508 255 5560 τὸ
307 5511 527 5576 σύμπαν
555 5516 650 5570 τοῦ
701 5518 909 5588 κόσμου
937 5519 1155 5588 λέγεται
1206 5527 1396 5594 μέρος.
1437 5508 1626 5595 Διττὸς
1676 5533 1768 5587 οὖν

195 5600 314 5651 ἐστι
342 5600 438 5694 καὶ
458 5599 486 5650 ὁ
512 5606 650 5656 κατὰ
682 5607 842 5676 φύσιν
873 5611 1056 5674 τόποςο
1085 5615 1114 5666 ὁ
1153 5616 1254 5684 μὲν
1281 5618 1389 5670 τῶν
1416 5622 1634 5675 οἰκείων
1669 5642 1768 5694 μο-

196 5695 330 5760 ρίων
363 5692 596 5748 ἑκάστου
625 5695 968 5770 εὐθετισμος,
1009 5709 1038 5760 ὅ
1062 5707 1120 5761 δὲ
1164 5710 1475 5783 ἀφορισμδς
1505 5719 1598 5769 καὶ
1630 5692 1764 5790 κλῆ-

266 5896 304 5925 "
347 5897 372 5950 .i
398 5898 558 5970 l‘hys.
590 5915 640 5955 c.
671 5903 723 5971 5,
765 5912 807 5960 ι.
853 5904 910 5973 8,
950 5907 1035 5964 lt).
1117 5912 1160 5944 ⁸⁸
1192 5913 1223 5968 4
1261 5917 1426 5990 Pbys.
1451 5937 1500 5979 c.
1536 5924 1587 5992 7,
1616 5935 1653 5980 t.
1697 5927 1788 5983 7i.

1877 4713 2072 4751 manus
2111 4703 2164 4752 et
2211 4695 2378 4764 pedes
2414 4705 2469 4750 et
2517 4705 2726 4749 caetera:
2778 4701 2958 4763 partes
3006 4693 3262 4748 animalis
3296 4702 3447 4748 certo

1873 4791 2132 4861 quopiam
2202 4788 2365 4843 modo
2405 4787 2522 4842 sita:
2557 4797 2686 4841 sunt
2719 4802 2846 4841 cum
2887 4787 2953 4839 ad
2997 4801 3058 4841 se
3092 4787 3360 4850 invicem,
3393 4797 3449 4840 et

1871 4886 1939 4938 ad
1977 4894 2150 4938 totum
2192 4880 2434 4946 animal,
2483 4889 2594 4934 tum
2639 4882 2818 4949 ipsum
2865 4887 3036 4934 totum
3086 4876 3339 4951 [animal]
3375 4878 3445 4932 ad

1870 4986 2090 5048 partes;
2130 4975 2344 5030 radices
2380 4974 2506 5029 item
2535 4983 2589 5027 et
2619 4973 2831 5042 stipites
2866 4980 2920 5026 et
2967 4973 3102 5025 rami
3153 4970 3207 5024 in
3245 4971 3446 5041 plantis

1875 5069 2110 5125 similem
2158 5067 2210 5120 in
2261 5067 2505 5120 modum.
2550 5065 2702 5118 Alter
2749 5073 2930 5118 autem
2984 5063 3192 5118 ratione
3239 5078 3301 5117 ea
3338 5079 3444 5133 qua

1877 5172 2050 5215 totum
2087 5170 2144 5213 ut
2189 5175 2316 5229 pars
2356 5157 2423 5211 ad
2474 5159 2525 5212 id
2573 5155 2719 5226 quod
2765 5157 2928 5210 latius
2961 5164 3141 5224 patet,
3182 5156 3440 5210 refertur.

1874 5251 2345 5320 Quemadmodum
2381 5250 2524 5305 enim
2558 5249 2793 5319 partium
2824 5247 3083 5318 qualibet
3111 5262 3206 5317 per
3237 5263 3296 5301 se
3318 5249 3442 5317 qui~
3494 5240 3505 5248 ’

1871 5349 1995 5401 dem
2025 5353 2199 5398 totum
2227 5351 2310 5397 est
2338 5341 2568 5414 aliquid,
2601 5341 2668 5396 ad
2699 5352 2874 5394 totum
2902 5351 3084 5402 autem
3121 5341 3288 5393 relata
3317 5354 3445 5409 pars

1867 5440 2072 5495 dicitur
2105 5435 2310 5491 :‘reluti
2345 5443 2511 5504 caput
2543 5449 2636 5503 per
2669 5449 2729 5489 se
2761 5433 2977 5503 quidem
3017 5445 3188 5488 totum
3208 5434 3444 5498 exsistit,

1871 5548 1996 5603 pars
2030 5541 2209 5585 autem
2275 5529 2521 5598 corporis
2552 5527 2756 5582 dicitur
2785 5545 2800 5583 :
2834 5527 3090 5582 eumdem
3122 5529 3189 5582 ad
3223 5528 3442 5580 modum

1871 5637 2048 5682 totum
2098 5626 2259 5681 etiam
2295 5625 2361 5678 ad
2394 5624 2597 5695 aliquid
2644 5624 2806 5678 latius
2836 5631 3028 5694 patens
3058 5622 3102 5678 si
3141 5621 3446 5686 referatur,

1875 5739 2002 5795 pars
2020 5731 2102 5778 est
2133 5737 2145 5777 :
2171 5719 2403 5790 exempli
2438 5719 2630 5792 gratia,
2687 5727 2830 5774 terra
2889 5731 2985 5789 per
3014 5732 3076 5773 se
3108 5715 3325 5786 quidem
3364 5723 3450 5769 ιον
