3832 6360
761 281 801 296 υ
823 287 826 289 .

214 336 348 400 1135

1516 351 1853 417 EPITOME
1896 353 2236 420 PHYSICA.

3337 304 3474 417 nos

209 446 404 538 τριάδα
438 462 546 517 προ
600 447 700 521 τῆς
734 453 1007 525 τετράδος
1032 471 1050 491 ο
1093 457 1190 513 καὶ
1220 461 1362 518 κατά
1393 464 1492 535 τὴν
1544 467 1790 537 τοιαύτηι

1916 469 2074 536 rium,
2098 479 2154 525 et
2184 467 2458 524 ternarius
2482 475 2611 524 ante
2652 464 3065 538 quaternarium
3093 463 3303 536 positus
3352 480 3475 519 esse

212 537 361 589 θέσιν
395 539 599 605 τόπους
660 544 887 615 οἴδαμεν
922 548 1193 620 ἀριθμῶν.
1242 554 1402 609 Ἐστι
1435 557 1492 610 δὲ
1537 559 1640 610 κάν
1671 562 1784 624 τοῖς

213 630 433 701 σώμασι
465 633 634 701 θέσις,
659 637 736 699 ὡς
766 637 1006 711 εἴρηται,
1034 645 1068 715 ἡ
1099 644 1360 718 οὐσιῶδης
1409 651 1557 720 καὶὴ
1604 652 1790 706 ὲπείσ·

209 739 377 788 ακτος
406 727 503 779 καὶ
537 728 570 796 ἡ
599 727 863 801 ούσιώδης
885 731 1062 806 διττή.
1096 737 1260 792 Ὥστε
1290 743 1432 794 κατὰ
1463 741 1523 795 τὸ
1569 745 1668 814 τῆς
1701 743 1789 798 θέ-

213 835 356 881 σεως
406 819 668 890 διάφορον
733 825 762 877 6
816 823 1212 900 ἀποδεόομένος
1263 833 1431 887 τόπου
1466 835 1627 903 λόγος
1675 839 1789 901 τοῖς

208 911 491 1020 όιαφόροις
511 915 816 987 ἐφαρμόζει
849 919 1059 987 τόποις.
1093 924 1159 976 Τί
1215 926 1317 998 μὲν
1349 926 1442 981 οὖν
1484 930 1599 983 ἐστι
1625 929 1790 998 τόπος

212 1018 650 1062 υποτετυπωται.

282 1193 348 1247 θ’.
383 1191 594 1263 Χρόνος
627 1196 686 1254 δέ
715 1197 864 1254 ἐστιν
901 1199 1138 1274 ἀριθμὸς
1180 1206 1470 1277 κινήσεως.
1522 1210 1785 1265 Καλεῖται

210 1281 257 1335 6‘
291 1284 526 1355 ἀριθμὸς
586 1289 682 1342 καὶ
733 1291 764 1344 6
814 1291 1068 1363 ἀριθμῶν
1130 1295 1227 1348 καὶ
1287 1298 1315 1350 6
1357 1298 1787 1372 ἀριθμούμενος,

210 1373 402 1449 ῶσπερ
429 1377 650 1444 λέγεται
682 1381 887 1454 μέτρον
911 1385 974 1438 τὸ
999 1387 1239 1456 μετροῦν
1259 1407 1320 1443 τε
1350 1393 1444 1444 καὶ
1470 1394 1530 1446 τὸ
1559 1396 1790 1465 μετρού-

215 1485 400 1532 μενονο
425 1467 539 1525 οἷον
569 1473 598 1524 6
629 1475 919 1543 μοναδικός
956 1479 1212 1551 ἀριθμὸς,
1258 1483 1428 1554 ἤγουν
1452 1486 1481 1537 6
1515 1487 1579 1539 ἐκ
1627 1488 1791 1556 μονάι

210 1561 318 1614 δων
346 1565 780 1635 συντεθειμένος,
806 1574 900 1626 καὶ
945 1574 1178 1644 ἀριθμὸς
1207 1577 1392 1632 ἵππων
1418 1579 1450 1650 ἢ
1484 1579 1789 1650 βοῶν.’Καὶ

213 1658 378 1713 πάλιν
415 1663 588 1731 χοῖνιξ
625 1667 658 1736 ἠ
689 1665 876 1739 ξυλίνη
908 1671 1006 1724 καὶ
1038 1673 1072 1740 ἡ
1117 1671 1214 1726 τοῦ
1251 1675 1426 1728 σίτουο
1481 1677 1575 1730 καὶ
1611 1677 1791 1746 ἀμφοο

1889 564 2110 619 dicitur.
2174 563 2352 633 Atque
2405 563 2569 631 hujus
2621 563 2761 618 situs
2825 560 3041 616 ratione
3113 573 3468 614 numerorum

1889 654 2042 712 locos
2080 657 2354 711 novimus.
2425 655 2524 710 Est
2581 665 2765 710 autem
2820 651 2987 709 etiam
3041 651 3096 707 in
3139 650 3466 720 corporibus

1889 746 2030 804 situs
2067 745 2524 819 quemadmodum
2573 745 2777 801 dictum
2823 755 2928 811 est,
2958 744 3266 801 essentialis
3295 753 3350 798 et
3375 743 3473 797 ad-

1890 841 2172 897 ventitius.
2233 838 2300 893 Et
2328 838 2636 895 essentialis
2661 837 2887 908 duplex.
2917 835 3024 893 Pro
3060 835 3365 892 diﬂ’ereutia
3388 850 3475 890 er-

1891 947 1959 1002 go
1993 934 2133 988 situs
2165 933 2444 1002 assignata
2474 930 2584 987 loci
2620 928 2868 986 deﬁnitio
2898 928 3137 985 diversis
3190 928 3327 984 locis
3386 943 3480 982 ac-

1891 1026 2294 1082 commodatur.
2352 1024 2494 1094 Quid
2520 1039 2652 1096 ergo
2687 1023 2847 1080 locus
2877 1024 2973 1091 sit,
3001 1023 3079 1079 ita
3138 1023 3482 1090 designatum

1895 1131 2003 1177 est.

1961 1213 2016 1270 9.
2054 1213 2295 1286 Tempus
2327 1221 2508 1269 autem
2536 1213 2583 1246 '°
2606 1220 2694 1270 est
2751 1227 3016 1270 numerus
3049 1218 3281 1266 motus-
3313 1207 3488 1263 Voca-

1895 1314 1986 1362 tur
2016 1317 2202 1363 autem
2233 1323 2498 1364 numerus
2529 1323 2655 1364 cum
2689 1306 2735 1361 is
2761 1306 2856 1378 qui
2917 1313 3192 1370 numerat,
3250 1313 3362 1360 tum
3397 1305 3488 1372 qui

1895 1401 2253 1469 numeratur’;
2279 1400 2736 1472 quemadmodum
2765 1413 3023 1454 mensura
3045 1397 3248 1453 dicitur
3271 1397 3340 1463 ⁸¹,
3377 1405 3486 1450 tam

1894 1505 2016 1562 quae
2044 1501 2344 1559 mensurat,
2377 1507 2538 1562 quam
2567 1506 2689 1562 quae
2715 1499 3064 1545 mensuratur
3090 1529 3104 1544 .
3151 1487 3334 1543 Veluti
3367 1503 3491 1541 mo-

1896 1583 2126 1640 nadicus
2147 1599 2426 1650 numerus,
2450 1584 2553 1640 hoc
2575 1591 2680 1650 est,
2711 1597 2777 1637 ex
2805 1581 3102 1636 uuitatibus
3120 1579 3484 1650 compositus;

1895 1686 1952 1735 et
1985 1693 2248 1735 numerus
2275 1693 2542 1748 equorum
2569 1685 2663 1732 aut
2689 1676 2876 1731 boum.
2910 1673 2980 1730 Et
3029 1690 3223 1731 rursus
3272 1673 3492 1728 ch’cenix

214 1754 392 1820 ρεῖιςό
422 1757 718 1828 κεράμειος
743 1762 838 1815 καὶ
891 1763 919 1815 6
963 1763 1059 1818 τοῦ
1109 1763 1321 1829 ὓδατος.
1365 1767 1528 1823 Ἀλλὰ
1585 1772 1680 1825 καὶ⁸
1729 1771 1790 1826 τὸ

1917 1772 2094 1841 ignea,
2111 1781 2165 1828 et
2187 1771 2314 1827 item
2331 1771 2494 1826 tritici
2514 1789 2529 1837 ;
2547 1778 2602 1824 et
2617 1769 2880 1840 amphora
2906 1768 3174 1838 ﬁglina,et
3189 1775 3316 1822 item
3337 1781 3494 1835 aqua:

211 1847 625 1919 ἀριθμούμενον
656 1853 838 1908 διττόν
861 1857 1000 1922 ἐστι,
1035 1859 1096 1911 τὸ
1135 1859 1235 1926 μὲν
1277 1863 1419 1916 κατὰ
1467 1864 1654 1930 ποσὸν,
1712 1867 1788 1931 ὡς

1916 1864 2052 1936 [13
2071 1865 2359 1935 amphora.
2409 1862 2517 1919 Sed
2545 1863 2597 1918 id
2617 1863 2760 1934 quod
2785 1869 3135 1924 numeratur,
3165 1858 3365 1928 duplex
3385 1866 3492 1912 cst:

209 1941 446 2010 λέγομεν
469 1943 563 1998 δύο
588 1946 837 2016 κινήσεις
873 1948 906 2019 ἢ
937 1952 1112 2022 τρεῖ;·
1147 1952 1209 2006 τὸ
1251 1952 1310 2006 δὲ
1336 1958 1476 2008 κατά
1504 1955 1694 2021 τάξιν..
1714 1959 1789 2020 ὡς

211 2033 446 2105 λέγομεν
474 2040 750 2109 προτέραν
785 2043 1005 2114 κίνησιν·
1028 2044 1117 2097 καῖ
1140 2045 1390 2116 ὑστέραν.
1427 2048 1615 2102 Ἔστιν
1647 2048 1740 2105 οὖν
1762 2052 1800 2104 ό

209 2127 406 2196 χρόνος
441 2129 678 2200 ἀριθμὸς
717 2135 990 2202 κινήσεως
1013 2136 1107 2189 καὶ
1157 2136 1232 2200 ὡς
1287 2139 1536 2209 ἀριθμῶν
1568 2142 1665 2194 καὶ
1717 2141 1791 2206 ῶς

211 2222 654 2296 ἀριθμούμενος’
686 2227 1094 2298 ἀριθμούμενος
1121 2230 1178 2284 δὲ
1233 2232 1375 2285 κατὰ
1433 2233 1533 2304 τὴν
1598 2233 1786 2300 τάξιν·

211 2316 333 2386 ἤτοι
385 2319 532 2372 κατὰ
578 2317 641 2373 τὸ
665 2321 930 2391 πρότερόν
962 2338 1020 2375 τε
1051 2326 1145 2377 καὶ
1171 2323 1400 2396 ὕστερον
1423 2340 1439 2357 ⁸
1471 2325 1565 2379 τοῦ
1598 2329 1793 2397 πρότε-

215 2425 310 2478 ρον
345 2411 436 2464 καὶ
470 2410 702 2483 ὕστερον
728 2415 1165 2487 λαμϐανομένων
1224 2418 1366 2472 κατά
1399 2419 1500 2488 τὴν
1530 2419 1625 2474 τοῦ
1653 2417 1794 2475 εἶναι

213 2503 558 2572 παράτασιν.
584 2506 928 2578 Ἀριθμεῖται
978 2511 1077 2580 μὲν
1103 2508 1198 2564 οὖν
1226 2513 1252 2565 ό
1308 2512 1500 2582 χρόνος
1547 2513 1652 2567 ὑπὸ
1695 2515 1794 2584 τῆς

218 2589 450 2662 πρώτης
501 2596 590 2648 καὶ
651 2596 829 2668 ἁπλῆς
883 2600 1157 2668 κινήσεως
1187 2602 1287 2672 τῆς
1338 2602 1746 2675 κυκλοφορικῆς
1775 2621 1793 2639 ⁸

214 2683 632 2756 ἀνταριθμεῖται
656 2689 713 2744 δὲ
747 2691 910 2745 πάλιν
938 2692 1128 2764 αὑτήν.
1166 2693 1226 2748 Εἰ
1256 2695 1333 2765 μὴ
1377 2696 1486 2766 γάρ
1519 2698 1623 2751 ὑπὸ
1667 2697 1798 2769 χρό-

214 2793 309 2830 νου
335 2780 366 2850 ή
394 2781 615 2855 τοιαύτη
653 2781 887 2854 κίνησις,
913 2783 1020 2838 ὑπὸ
1043 2783 1187 2846 τίνος
1221 2786 1556 2860 ἀριθμηθείη
1579 2788 1686 2857 av;

290 2972 345 3020 ι’.
381 2962 494 3036 Τὴν
517 2965 744 3039 πρώτην
771 2963 866 3024 οὖν
895 2971 989 3025 καὶ
1019 2975 1368 3047 κυριωτάτην
1391 2976 1502 3029 τῶν
1527 2977 1799 3048 κινήσεων

211 3057 314 3127 τὴν
339 3057 707 3130 κυκλοφορίαν
736 3063 766 3115 6
795 3063 987 3134 χρόνος
1015 3064 1254 3136 μετρῶν,
1285 3067 1416 3122 κατ’
1458 3069 1674 3141 ἐκείνην
1707 3069 1801 3123 καὶ

1891 1974 2062 2012 unum
2092 1957 2304 2012 ratione
2335 1956 2687 2027 quantitatis,
2765 1953 3046 2025 quomodo
3078 1952 3221 2007 duos
3252 1959 3346 2004 aut
3382 1959 3492 2002 tres

1893 2059 2082 2106 motus
2113 2050 2390 2116 dicimus;
2419 2049 2650 2103 alterum
2695 2047 2912 2102 ratione
2941 2043 3176 2112 ordinis,
3219 2041 3492 2113 quomodo

1894 2143 2131 2216 priorem
2169 2154 2224 2200 et
2257 2143 2613 2214 posteriorem
2652 2148 2864 2197 motum
2915 2139 3175 2195 dicimus.
3253 2134 3492 2202 Tempus

1892 2238 2057 2310 igitur
2100 2247 2282 2292 motus
2309 2251 2433 2292 cum
2465 2243 2524 2290 ιιι
2545 2248 2864 2298 numerans,
2919 2241 3032 2287 tum
3067 2239 3126 2285 ut
3169 2237 3491 2285 numeratus

1896 2343 2161 2385 numerus
2191 2337 2276 2385 est
2303 2348 2322 2396 ;
2351 2342 2646 2383 numerans
2680 2334 2861 2381 autem
2879 2325 3178 2380 secundum
3219 2322 3489 2377 ordinemv

1894 2424 2011 2480 sive
2043 2422 2345 2479 secundum
2398 2421 2550 2491 prius
2580 2427 2636 2476 et
2670 2418 2964 2489 posterius.
2989 2417 3160 2486 priori
3197 2424 3253 2469 et
3309 2421 3492 2484 poste‘

1896 2515 2030 2570 riori
2053 2512 2541 2582 secundumipsius
2569 2527 2693 2566 esse
2721 2510 3098 2566 exlensionem
3126 2505 3366 2573 acceptis
3414 2505 3484 2558 ".

1895 2604 2225 2661 Numeratur
2283 2619 2414 2674 ergo
2463 2611 2684 2674 tempus
2745 2616 2774 2654 a
2807 2601 2984 2671 primo
3016 2611 3068 2652 et
3093 2597 3325 2667 simplici
3344 2604 3494 2651 motu

1897 2699 2174 2763 circulari,
2230 2698 2584 2763 vicissimque
2631 2710 2756 2750 eum
2789 2701 3060 2748 numerat.
3102 2689 3216 2746 Nisi
3265 2691 3413 2745 enim
3459 2703 3490 2742 a

1897 2799 2149 2861 tempore
2168 2789 2440 2860 ejusmodi
2467 2794 2648 2841 motus
2674 2779 3131 2858 [muneraretur],
3166 2797 3195 2836 a
3230 2794 3342 2852 quo
3375 2787 3495 2834 tan-

1898 2885 2022 2942 dem
2057 2883 2438 2940 numerabitur
2463 2881 2510 2936 ι’

1976 2977 2060 3032 10.
2096 2977 2236 3032 Dum
2303 2991 2433 3044 ergo
2456 2975 2693 3046 primum
2726 2981 2797 3030 et”
2838 2971 3076 3027 maxime
3130 2964 3509 3038 principalem-

1900 3075 2134 3133 motum,
2191 3066 2610 3121 conversionem
2647 3067 2934 3128 nimirum,
2990 3071 3208 3132 tempus
3239 3061 3496 3120 metitur.

210 3150 315 3215 τάς
342 3151 508 3216 ἄλλας
537 3155 780 3226 κινήσεις
837 3159 1048 3227 μετρεῖ.
1117 3159 1258 3212 Ωστε
1295 3161 1398 3229 τῆς
1461 3162 1561 3231 μὲν
1596 3161 1790 3217 κυκλο-

1916 3159 2202 3214 secuudum
2255 3157 2404 3212 illam
2439 3158 2610 3213 etiam
2642 3157 2778 3212 alios
2820 3162 3008 3210 motus
3039 3153 3282 3209 metitur.
3341 3148 3498 3218 Qua-

211 3242 455 3312 φορικῆς
495 3248 766 3310 κινήσεως
818 3247 1058 3317 ἀριθμὸς
1106 3248 1262 3304 ἔσται
1295 3251 1324 3302 6
1354 3252 1546 3320 χρόνος
1593 3253 1687 3306 καὶ
1719 3251 1794 3316 ὡς

211 3331 471 3402 ἀριθμῶν
495 3336 590 3388 καὶ
615 3334 692 3399 ῶς
721 3336 1156 3408 ἀριθμούμενοςο
1184 3338 1293 3391 τῶν
1321 3339 1380 3393 δὲ
1409 3341 1614 3395 λοιπῶν
1646 3345 1798 3412 κινή-

211 3440 356 3478 σεων
379 3426 456 3490 ῶς
480 3427 731 3498 ἀριθμῶν
757 3428 939 3498 μόνον,
981 3429 1042 3482 ού
1078 3429 1188 3500 μὴν
1212 3431 1304 3485 καὶ
1342 3434 1416 3496 ὡς
1449 3433 1795 3504 ἀριθμούμε-

211 3533 327 3580 νος.
357 3517 432 3572 Ού
455 3517 565 3590 γὰρ
601 3518 740 3591 (καὶ)
776 3521 875 3589 τῆς
903 3521 1044 3591 ἐμῆς
1093 3522 1380 3592 βαδίσεως,
1418 3526 1514 3580 καὶ
1544 3526 1645 3596 τῆς
1696 3531 1797 3598 σῆς

211 3608 564 3674 λευκάνσεως
590 3611 824 3683 ἀριθμὸς
847 3613 1003 3666 ἔσται
1025 3615 1054 3667 6
1077 3616 1267 3686 χρόνος
1294 3616 1370 3680 ῶς
1394 3617 1797 3689 ἀριθμούμενος

210 3703 364 3773 (ἐπεὶ
390 3705 439 3754 ει
479 3703 636 3758 τοῦτό
661 3722 746 3775 γε,
805 3707 909 3759 ούκ
943 3707 1011 3760 ἂν
1065 3704 1136 3778 ἦν
1166 3708 1486 3780 ἀδιάφορος,
1535 3711 1645 3766 οὐδ’
1679 3713 1798 3783 ἅμα

209 3794 339 3848 καθ’
384 3796 443 3850 ἓν
483 3796 580 3850 νῦν
637 3796 1080 3871 ἀφοριζόμενος),
1105 3801 1244 3855 ἀλλά
1290 3801 1390 3871 τῆς
1434 3803 1659 3876 πρώτης
1705 3806 1799 3860 καὶ

212 3889 399 3960 ἁπλῆς
433 3891 530 3944 τοῦ
555 3891 789 3963 ούρανοῦ
821 3894 1098 3963 κινήσεως
1143 3893 1314 3965 μόνης
1338 3895 1646 3966 ἀριθμητὸν
1675 3898 1752 3952 ὢν
1771 3899 1800 3952 6

211 3983 411 4052 χρόνος
443 3982 586 4036 κατὰ
615 3984 677 4037 τὸ
719 3983 938 4054 ἐκείνης
971 3983 1241 4055 πρότερόν
1292 4003 1354 4039 τε
1416 3987 1516 4040 καὶ
1568 3985 1800 4060 ὕστερον

211 4075 302 4148 (τὸ
329 4076 443 4148 γὰρ
479 4077 751 4150 πρότερόν
779 4094 840 4132 τε
873 4081 969 4135 καὶ
1002 4078 1230 4150 ὕστερον
1279 4079 1380 4150 τῆς
1427 4081 1686 4154 τοιαύτης
1717 4101 1802 4138 κι-

209 4170 427 4242 νήσεως
455 4171 866 4242 ἀριθμούμενον
906 4173 934 4225 6
971 4171 1163 4244 χρόνος
1193 4171 1390 4242 ἐστίν).
1455 4173 1646 4239 Οὕτως
1678 4175 1801 4246 ἀρι.

210 4265 244 4317 0
255 4263 348 4334 μεῖ
372 4264 442 4318 τὰ
471 4265 531 4317 ὲν
563 4266 678 4328 τοῖς
701 4264 987 4338 διαφόροις
1022 4266 1278 4336 κινήσεσι
1339 4267 1590 4338 πρότερά
1617 4286 1679 4322 τε
1704 4272 1801 4324 καὶ

211 4355 426 4428 ὕστερα
455 4355 579 4410 καθ’
613 4354 674 4409 ἔν
693 4356 754 4410 τὸ
784 4356 984 4410 οἰκεῖον
1011 4355 1129 4412 νῦν.
1180 4357 1271 4410 Διὸ
1329 4360 1422 4413 καὶ
1453 4357 1574 4428 ἅμα
1596 4376 1803 4414 παντα-

212 4450 314 4518 χοῦ
336 4451 365 4502 6
394 4449 555 4512 αὐτός
584 4451 698 4504 ἐστι
731 4451 924 4525 χρόνος
958 4451 1157 4522 μέτρον
1198 4451 1462 4521 ὑπάρχων
1494 4453 1675 4525 πάσης
1718 4471 1801 4508 κι-

1897 3259 2124 3320 propter
2171 3260 2390 3318 tempus
2421 3250 2525 3304 erit
2550 3248 2842 3305 circularis
2896 3247 3112 3315 quidem
3158 3253 3341 3301 motus
3397 3258 3497 3296 nu-

1899 3356 2086 3396 merus
2167 3356 2292 3396 cum
2360 3349 2418 3394 ut
2474 3341 2827 3404 'numeraus,
2911 3346 3027 3392 tum
3107 3339 3164 3388 ut
3240 3347 3497 3388 numera-

1897 3441 2028 3499 tus;
2090 3441 2418 3488 caeterorum
2500 3441 2681 3487 autem
2771 3439 3019 3487 motuum
3084 3437 3142 3482 ut
3205 3441 3502 3480 numerans

1897 3525 2180 3585 duntaxat,
2232 3536 2341 3578 non
2408 3523 2540 3578 item
2579 3533 2637 3577 ut
2692 3528 3039 3576 numeratus.
3097 3517 3284 3588 Neque
3344 3518 3491 3570 enim

1897 3615 2286 3671 ambulationis
2363 3629 2520 3676 meae,
2590 3621 2647 3671 et
2710 3623 2820 3669 tua:
2896 3607 3264 3668 dealbatimiis
3355 3618 3496 3663 tem.

1898 3723 2001 3780 pus
2029 3691 2409 3764 est‘numerus
2441 3715 2499 3760 ut
2523 3714 2844 3760 numeratus
2903 3699 3389 3772 (quandoquidem
3451 3699 3499 3752 si

1899 3803 2004 3857 hoc
2038 3802 2109 3857 ita
2145 3809 2314 3865 esset,
2360 3815 2469 3855 non
2503 3805 2649 3854 esset
2677 3795 3017 3862 indifferens,
3048 3809 3223 3863 neque
3257 3791 3417 3847 simul
3449 3789 3517 3843 in“

1905 3909 2014 3950 uno
2047 3903 2253 3965 puncto
2303 3889 2706 3969 secerneretur)
2736 3906 2752 3955 ;
2790 3887 2886 3945 sed
2917 3903 3042 3942 cum
3095 3886 3254 3955 primi
3284 3891 3338 3938 et
3369 3883 3505 3936 sitn-

1901 3987 2061 4060 plicis
2107 3994 2292 4042 motus
2319 3985 2480 4059 ui.
2525 3983 2771 4040 cmlestis
2833 3981 3006 4037 solius
3058 3981 3131 4034 sit
3178 3987 3422 4048 tempus
3452 3975 3524 4028 id‘

1901 4081 2048 4152 quod
2081 4089 2409 4135 numeratur
2465 4077 2768 4134 secundum
2823 4075 2974 4130 illius
3027 4075 3180 4143 prius
3205 4081 3261 4125 et
3326 4079 3504 4139 poste-

1903 4173 2044 4229 rius.
2099 4172 2272 4245 (,Nam
2330 4171 2486 4243 prius
2511 4180 2565 4226 et
2614 4171 2891 4243 posterius
2950 4167 3114 4235 hujus
3163 4175 3345 4218 motus
3379 4179 3504 4218 cum

1903 4278 2226 4326 numeratur
2269 4278 2488 4338 tempus
2511 4265 2665 4336 est.)
2716 4263 2810 4320 Sic
2869 4261 3107 4331 denique
3173 4275 3238 4312 ea
3298 4273 3419 4326 quae
3450 4257 3504 4311 in

1903 4361 2281 4418 differentibus
2322 4360 2564 4416 motibus
2617 4358 2823 4429 priora-
2890 4365 2944 4410 et
2992 4352 3298 4425 pnsterinra
3355 4357 3506 4411 sunt,

1905 4455 2203 4512 secundum
2239 4469 2407 4509 unum
2440 4469 2599 4508 suum
2626 4467 2772 4506 nunc
2796 4458 3048 4506 numerat
3074 4446 3143 4500 ".
3168 4444 3510 4512 Quapropter

213 4540 452 4610 νήσεως.
508 4542 706 4614 Χρόνῳ
779 4543 889 4614 γὰρ
948 4544 1234 4618 μετρεῖται
1301 4541 1571 4614 σύμπασα
1643 4547 1790 4619 κίνη-

1916 4552 2082 4606 etiam
2113 4548 2281 4604 simul
2318 4547 2522 4615 ubique
2557 4545 2697 4598 idem
2762 4549 3098 4612 tempusvest
3137 4538 3281 4607 quod
3331 4537 3510 4590 Omnis

213 4651 324 4699 σις.

292 4825 382 4874 ια’.
427 4819 643 4889 Ὥσπερ
668 4819 724 4872 δὲ
757 4819 868 4872 τῶν
894 4817 1074 4873 ἄλλων
1105 4818 1376 4888 κινήσεων
1423 4819 1801 4892 ἐναργεστέρα

211 4913 366 4965 ἔστιν
392 4911 428 4982 ἡ
457 4910 597 4966 κατά
628 4911 762 4982 (τὸν)
788 4909 974 4964 τόπονο
1001 4908 1147 4962 οὕτω
1167 4910 1262 4964 καὶ
1286 4910 1315 4962 ό
1342 4909 1519 4980 ταύτῃ
1539 4911 1608 4981 τῇ
1640 4911 1800 4982 κινή-

213 5021 302 5058 σει
337 5003 514 5058 συνὼν
542 5005 735 5075 χρόνος
767 5003 1164 5075 ὲναργέστερός
1186 5002 1305 5056 ἔστι
1337 5002 1434 5056 τοῦ
1463 5004 1584 5068 ταῖς
1611 5004 1804 5070 ἄλλαις

1913 4653 2094 4699 motus
2120 4657 2376 4698 mensura
2406 4639 2646 4696 exsistit.
2672 4638 2944 4708 Tempore
2978 4633 3123 4688 enim
3175 4631 3358 4686 omnis
3395 4646 3514 4682 mo.

1912 4742 2006 4790 tus
2029 4739 2406 4788 mensuratur.

1984 4825 2075 4880 11.
2113 4822 2581 4891 Quemadmodum
2611 4828 2792 4875 autem
2825 4817 3084 4874 omuihus
3114 4815 3237 4870 aliis
3269 4811 3513 4868 motibus

1909 4919 2215 4977 evidentior
2267 4927 2353 4975 est
2399 4916 2447 4971 is
2488 4916 2583 4986 qui
2641 4915 2854 4970 ratione
2902 4911 3011 4966 loci
3043 4911 3140 4976 tit;
3205 4907 3284 4960 sic
3345 4903 3509 4959 etiam

1910 5020 2129 5082 tempus
2155 5011 2302 5082 quod
2337 5025 2461 5065 cum
2505 5012 2624 5077 ipso
2655 5017 2740 5062 est
2775 5003 3084 5061 evidentius
3113 5010 3199 5056 est
3239 5013 3309 5052 eo
3357 4996 3507 5068 quod

211 5097 472 5162 συνόντος
502 5099 772 5170 κινήσεσι.
795 5097 1022 5168 Μήποτε
1041 5097 1086 5151 δ’
1105 5097 1498 5168 ἀκριϐέστερον
1517 5095 1787 5153 σκοποῢντ

1916 5121 2032 5162 cum
2063 5104 2184 5159 aliis
2231 5101 2469 5158 motibus
2493 5101 2730 5156 exsistit.
2761 5098 2942 5166 Atque
2968 5095 3132 5150 etiam
3179 5089 3324 5146 haud
3365 5090 3508 5144 scio.

212 5190 314 5244 καὶ
348 5192 405 5246 αἱ
443 5190 602 5246 ἄλλαι
623 5193 796 5245 πᾶσαι
825 5191 1076 5261 κινήσεις
1099 5187 1212 5243 οἷον
1236 5195 1506 5258 γενέσεις,
1527 5191 1806 5260 αὐξήσεις,

213 5284 541 5350 ἀλλοιώσεις
568 5285 675 5339 61:6
706 5284 801 5338 τοῦ
828 5283 1029 5354 χρόνου
1065 5281 1398 5353 μετροῦνται
1441 5281 1684 5354 (τούτου)
1709 5281 1805 5337 τοῦ

216 5383 290 5452 τῇ
321 5383 522 5452 τοπικῇ
555 5375 808 5448 συνόντος
829 5379 1066 5450 κινήσει.
1097 5378 1294 5446 ’Ὥραις
1317 5377 1426 5448 γάρ
1450 5378 1545 5432 καὶ
1562 5377 1807 5448 ἡμέραις

217 5473 320 5529 καὶ
372 5471 509 5542 μησὶ
539 5474 639 5528 καὶ
679 5476 950 5535 ἐνιαυτοῖς
992 5472 1088 5525 καὶ
1133 5470 1245 5527 τῶν
1297 5471 1477 5527 ἄλλων
1535 5472 1806 5541 κινήσεων

217 5564 484 5637 ὁρίζομεν
521 5563 622 5635 τὴν
654 5564 989 5636 παράτασιν.

297 5777 344 5809 ⁸⁸
378 5771 1024 5857 4-ς1ιγδ..ςλ16,.ι..1ρ1.
1102 5770 1145 5802 ¹¹
1185 5768 1615 5857 431135.}..016,
1644 5779 1678 5826 ι.
1730 5773 1789 5829 10

1931 5775 1973 5806 ¹¹
1999 5773 2030 5829 «1
2065 5773 2228 5845 Phys.
2267 5773 2437 5857 culti,
2469 5780 2505 5826 t.

216 5860 351 5905 etc.
403 5847 491 5915 18,
527 5839 568 5902 ἱ.
600 5845 724 5902 110.
799 5843 846 5874 ’⁵
874 5845 907 5898 4
941 5845 1105 5914 Phys.
1134 5859 1183 5897 c.
1221 5841 1305 5909 l9,
1348 5848 1386 5894 ι.
1429 5839 1550 5894 118.

1906 5214 1974 5253 an
2023 5214 2132 5254 non
2171 5198 2214 5252 si
2248 5211 2358 5252 rem
2401 5194 2715 5252 accuratius
2773 5191 3342 5250 consideraverimus,
3401 5184 3510 5238 hoe

1907 5300 2119 5359 tempus
2168 5288 2311 5360 quod
2353 5304 2482 5343 cum
2552 5286 2717 5343 locali
2775 5295 2926 5339 motu
2979 5283 3333 5354 coniunctum
3398 5286 3508 5336 est.

1914 5391 2144 5436 caeteros
2171 5375 2334 5435 etiam
2358 5391 2562 5444 moms,
2597 5378 2746 5434 velut
2793 5373 3208 5446 generationes,
3240 5381 3510 5438 augmen-

1917 5474 2175 5540 taliones,
2203 5473 2553 5528 alterationes
2588 5471 2840 5526 metiatur
2869 5469 2892 5522 ?
2923 5467 3026 5522 Per
3061 5467 3225 5518 horas
3265 5460 3410 5516 enim
3453 5463 3508 5509 ct

1918 5567 2038 5622 dies
2064 5575 2119 5622 et
2155 5580 2367 5620 menses
2401 5574 2458 5619 et
2487 5577 2662 5618 annos
2736 5561 2971 5616 aliorum
3035 5558 3199 5611 etiam
3259 5561 3508 5604 mutuum

1919 5657 2300 5714 cxtensiouem
2355 5653 2748 5729 deﬁnimus“..

2737 5770 2780 5803 as
2825 5769 2856 5824 ,ι
2890 5767 3055 5836 Phys.
3090 5780 3138 5819 υ.
3178 5761 3257 5824 17,
3295 5757 3514 5823 ι.103ι
3599 5768 3601 5770 ’
