3832 6360
411 344 542 452 nit

1549 381 1976 448 NICEPHOBI
2011 379 2438 450 ΒιιιΜΜιΜι

3519 390 3660 459 1112

386 509 442 554 et
481 498 674 568 frigida
738 495 919 572 [terrm
958 497 1156 572 Zona].
1237 501 1374 569 Quia
1430 503 1577 558 enim
1647 501 1968 574 magnitudo

2124 506 2184 575 ip
2233 507 2473 578 ὡρίσθαι
2514 507 2578 562 τὸ
2625 507 2861 578 μέγεθος
2910 507 3113 578 αὐτῶν,
3165 509 3527 580 διαπορευταὶ
3563 511 3660 563 καὶ

391 593 634 659 ipsarum
667 590 894 646 deﬁnita
923 603 1027 660 est,
1055 593 1230 648 amhaa
1261 594 1425 649 etiam
1455 595 1680 650 transiri
1716 602 1969 665 possunt.

389 680 590 739 Verum
647 683 797 740 aeris
857 685 1212 758 intemperies
1281 687 1504 753 obstat,
1571 705 1637 744 ne
1691 687 1971 760 peragrari

382 794 413 846 q
424 785 608 832 ueattt.

458 869 511 923 5.
569 870 838 938 Quintum
870 869 911 906 "
947 881 1003 928 et
1029 873 1224 946 magis
1259 878 1536 950 proprium
1573 877 1768 934 inﬁniti
1803 879 1976 952 signi-

393 962 616 1018 ﬁcatnm
649 976 756 1031 est,
792 967 954 1037 cujus
979 985 1200 1039 semper
1231 971 1436 1042 aliquid
1475 972 1678 1028 Iicetut
1706 973 1968 1043 accipias,

388 1069 500 1109 non
561 1055 705 1112 idem
757 1066 940 1113 tamen
975 1059 1041 1115 ⁸¹.
1079 1058 1192 1115 Hoc
1226 1072 1406 1117 autem
1443 1063 1495 1116 in
1529 1078 1763 1118 numero
1794 1063 1974 1134 quoad

388 1143 767 1212 additionem;
827 1149 881 1204 in
942 1149 1344 1221 magnitudine,
1395 1153 1576 1223 quoad
1640 1153 1971 1210 divisionem

388 1245 688 1305 spectatur.
744 1235 878 1292 Nam
910 1249 965 1294 et
1011 1241 1160 1294 omni
1228 1257 1457 1298 numero
1505 1259 1725 1313 semper
1767 1245 1973 1315 aliquid

389 1327 591 1385 addere
633 1331 779 1397 licet,
815 1342 869 1386 et
905 1347 1068 1389 omne
1098 1335 1426 1390 continuum
1465 1337 1519 1390 in
1560 1337 1831 1394 inﬁnitum
1877 1355 1976 1409 po-

389 1434 496 1478 test
544 1424 733 1480 dividi.
779 1425 836 1480 ln
875 1435 1123 1499 tempore
1159 1438 1343 1486 autem
1398 1431 1557 1486 ambo
1598 1432 1974 1502 conveniunt;

396 1512 607 1568 additio
638 1515 900 1570 nimirum
957 1525 1011 1571 et
1062 1519 1285 1575 divisio.
1333 1519 1394 1575 Et
1447 1521 1726 1578 additione
1755 1521 1975 1592 quidem

394 1606 639 1662 futurum
683 1617 904 1674 tempus
935 1611 1102 1670 habet
1145 1623 1204 1669 ut
1244 1614 1520 1670 inﬁnitum
1564 1617 1674 1683 sit;
1704 1617 1976 1673 divisione

392 1708 573 1756 autem
607 1701 965 1770 praeteritum.

469 1793 523 1850 6.
559 1793 730 1851 Porro
757 1806 941 1854 autem
989 1807 1042 1856 et
1076 1799 1130 1855 in
1163 1801 1252 1858 his
1281 1817 1402 1873 quae
1435 1814 1701 1874 augentur
1731 1802 1795 1872 ³³,
1829 1817 1884 1861 et
1922 1805 1975 1859 in

2085 600 2256 670 ἄμφω
2281 603 2441 658 εἰσίν.
2506 602 2646 657 Ἀλλ’
2677 605 2710 676 ἡ
2743 605 2837 660 τοῦ
2873 605 3034 677 ἀέρος
3069 607 3426 678 ἀσυμμετρία
3460 604 3660 661 κωλύει

2081 697 2182 768 τὴν
2213 697 2396 754 αὐτῶν
2429 699 2781 768 διεξέλευσιν.
2856 715 2857 718 ‘

2153 901 2178 936 ε
2203 924 2216 938 .
2249 884 2509 954 Πέμπτον
2535 885 2942 956 σημαινόμενον
2962 885 3055 939 τοῦ
3077 884 3306 955 ἀπείρου
3341 883 3438 937 καὶ
3462 878 3664 952 κυριώ-

2080 989 2263 1046 τερον,
2295 976 2356 1030 οῦ
2384 979 2534 1032 ἐστιν
2578 978 3011 1050 ἀντιλαμϐάνειν
3038 979 3098 1031 οὐ
3135 977 3198 1030 τδ
3223 975 3381 1032 αὑτό.
3417 973 3592 1028 Τοῦτο
3618 973 3663 1026 δ’

2084 1069 2180 1122 ἐπὶ
2211 1069 2305 1122 τοῦ
2345 1069 2587 1142 ἀριθμοῦ
2617 1070 2907 1144 θεωρεῖται
2950 1074 3093 1128 κατά
3123 1072 3422 1144 πρόσθεσιν
3448 1085 3464 1102 ο
3495 1069 3589 1123 ἐπὶ
3608 1069 3666 1122 δὲ

2088 1161 2357 1230 μεγέθους
2414 1165 2558 1217 κατὰ
2609 1164 2902 1235 διαίρεσιν.
2952 1164 3126 1220 Παντί
3172 1181 3231 1218 τε
3277 1163 3387 1232 γάρ
3443 1158 3667 1231 ἀριθμῷ

2086 1254 2442 1324 προστιθέναι
2489 1255 2640 1311 ἐστιν
2692 1257 2801 1321 ἀεὶ,
2837 1257 2930 1311 καὶ
2961 1257 3071 1310 πᾶν
3115 1255 3341 1326 συνεχὲς
3379 1253 3468 1306 ἐπ’
3511 1251 3672 1306 ἄπει-

2088 1363 2180 1420 ρον
2231 1347 2471 1422 ὑπάρχει
2525 1347 2816 1420 διαιρετόν.
2879 1347 3005 1402 Ἐπὶ
3053 1347 3109 1402 δὲ
3159 1347 3254 1401 τοῦ
3311 1347 3507 1417 χρόνου
3574 1343 3670 1398 καὶ

2085 1440 2257 1511 ἄμφω
2310 1441 2686 1513 συνέρχονται,
2731 1441 3031 1515 πρόσθεσις
3077 1441 3278 1512 δηλαδὴ
3314 1440 3414 1495 καὶ
3461 1439 3673 1509 διαίρε-

2088 1550 2198 1597 σις.
2237 1534 2348 1588 Καὶ
2377 1535 2671 1610 προσθέσει
2707 1535 2807 1606 μὲν
2835 1536 2864 1589 δ
2902 1535 3115 1606 μέλλων
3157 1537 3269 1607 ἔχει
3293 1535 3354 1588 τὸ
3404 1533 3667 1604 ἄπειρονο

2084 1627 2116 1680 δ
2144 1627 2542 1698 παρεληλυθὼς
2570 1628 2627 1684 δὲ
2647 1628 2934 1700 διαιρέσει.

2160 1820 2235 1878 ς’.
2265 1813 2376 1867 Καὶ
2407 1815 2521 1878 τοῖς
2545 1813 2870 1884 αὐξομένοις
2897 1813 2955 1868 δὶ
2991 1813 3223 1879 καὶτοῖς
3269 1810 3678 1884 διαιρουμένοις

396 1889 483 1944 his
511 1906 630 1960 quae
649 1890 995 1962 dividuntur,
1030 1904 1304 1967 potestate
1337 1897 1608 1953 inﬁnitum
1643 1899 1781 1954 inest
1809 1914 1825 1967 ;
1849 1899 1976 1969 quia

2124 1865 2311 1974 δνσάμει
2335 1906 2396 1958 τὸ
2409 1865 2884 1976 ᾶπέιροννέζῖε-στινο
3234 1907 3263 1960 δ
3271 1865 3479 1977 ηλονότι
3490 1865 3559 1958 τὸ
3576 1865 3680 1972 ut;

280 2051 320 2080 Ἃ
395 1987 607 2044 scilicet
636 1988 728 2044 illa
784 1992 996 2062 augeri,
1058 1991 1173 2048 haec
1224 1992 1437 2062 dividi,
1480 2008 1695 2065 semper
1725 2003 1977 2062 possunt.

397 2081 587 2154 Neque
618 2083 765 2151 enim
796 2101 1062 2142 numerus
1097 2097 1221 2144 actu
1261 2089 1316 2144 in
1361 2087 1636 2144 inﬁnitum
1674 2097 1869 2144 auctus
1897 2095 1983 2143 est

399 2177 626 2248 (quippe
675 2179 858 2237 omnis
913 2180 1069 2249 121
1111 2192 1254 2243 actu
1310 2191 1588 2252 sumptus,
1655 2180 1984 2236 terminatus

398 2271 503 2336 est)
531 2287 548 2336 ;
585 2285 768 2340 neque
796 2272 1118 2342 magnitudo
1149 2273 1204 2328 in
1242 2273 1486 2330 inﬁnitas
1517 2283 1700 2345 partes
1732 2274 1837 2329 erit
1861 2281 1983 2328 actu

399 2360 601 2419 divisa.
637 2360 829 2420 Omnis
857 2365 1006 2421 enim
1052 2365 1254 2422 divisio
1283 2377 1411 2423 actu
1452 2366 1614 2432 facta,
1673 2365 1854 2423 ﬁnitas
1896 2382 1986 2422 se-

401 2458 617 2513 ctiones
645 2458 882 2528 reponit.
905 2457 999 2515 Sic
1021 2458 1188 2530 igitur
1203 2461 1370 2516 etiam
1398 2475 1563 2516 omne
1591 2469 1806 2531 tempus
1840 2459 1986 2529 quod

404 2559 532 2606 actu
569 2549 810 2608 divisum
833 2559 942 2620 est,
973 2562 1068 2610 aut
1101 2552 1440 2608 additionem
1477 2552 1723 2623 suscepit
1749 2592 1764 2617 ,
1794 2545 1995 2607 termi;

405 2652 597 2700 natum
647 2651 754 2700 est.
783 2643 1134 2717 Quapropter
1164 2645 1437 2702 inﬁnitum
1496 2645 1550 2700 in
1586 2645 1788 2716 quibus
1824 2645 1990 2700 rebus

404 2738 599 2806 inest,
665 2747 936 2808 potestate
989 2743 1368 2812 cognoscitur.
1428 2738 1490 2794 In
1527 2753 1593 2793 eo
1637 2740 1785 2792 enim
1843 2735 1992 2806 quod

405 2845 623 2898 semper
657 2830 829 2886 secari
871 2829 1090 2900 possit,
1128 2846 1229 2886 nec
1261 2843 1501 2900 unquam
1533 2828 1705 2884 sectio
1735 2826 1950 2884 desinat
1976 2846 1992 2895 ;

405 2933 462 2979 et
501 2939 721 2996 semper
744 2927 933 2996 augeri
975 2926 1187 2997 possit.
1221 2939 1323 2980 nec
1371 2937 1608 2994 unquam
1646 2921 1866 2979 desinat
1897 2937 1996 2978 au-

406 3017 540 3082 ctio,
574 3017 847 3073 inﬁnitum
877 3018 1289 3076 consideratur.

485 3111 538 3168 7.
578 3111 818 3168 Proinde
854 3112 1128 3169 inﬁnitum
1164 3112 1219 3169 in
1249 3127 1317 3168 eo
1342 3112 1489 3183 quod
1528 3110 1720 3178 dividi,
1761 3118 1817 3166 et
1849 3109 1905 3164 in
1931 3121 1997 3163 eo

2083 1996 2365 2066 αὔξεσθαι,
2387 1999 2446 2054 τδ
2463 1999 2518 2054 δὲ
2533 2000 2859 2071 διαιρεῖσθαι
2874 2000 2982 2060 άεί.
2999 2000 3141 2057 Οῦτε
3160 2000 3268 2072 γάρ
3282 1999 3520 2072 ἀριθμὸς
3532 2001 3682 2070 ἐνερ-

2083 2095 2375 2167 γείᾳέστὶν
2420 2097 2499 2160 είς
2517 2095 2748 2168 ἄπειρον
2789 2095 3047 2170 αὐξηθεὶς
3069 2097 3202 2169 (πᾶς
3218 2096 3325 2167 γάρ
3353 2095 3384 2149 6
3441 2095 3682 2164 ληφθεὶς

2085 2191 2339 2264 ἐνεργείᾳ
2363 2193 2760 2264 πεπέρασται),
2794 2191 2920 2247 οὔτε
2961 2193 3198 2264 μέγεθος
3232 2189 3490 2262 ἐνεργείᾳ
3520 2189 3681 2242 ἔσται

2085 2282 2415 2355 διῃρημένον
2439 2285 2518 2349 είς
2550 2284 2776 2356 ἄπειρα.
2803 2285 2962 2339 Πᾶσα
2991 2285 3102 2356 γὰρ
3129 2283 3398 2355 διαίρεσις
3425 2281 3685 2351 ἐνεργείᾳ

2087 2377 2372 2444 γεγονυῖα,
2405 2377 2799 2447 πεπερασμένα
2827 2377 2896 2433 τά
2928 2377 3199 2448 τμήματα
3228 2375 3466 2446 τίθησιν.
3519 2373 3684 2428 Οῦτω

2088 2469 2272 2523 τοίνυν
2297 2470 2393 2523 καὶ
2427 2470 2538 2534 πᾶς
2563 2470 2758 2541 χρόνος
2780 2471 3033 2543 ἐνεργείᾳ
3082 2469 3401 2540 διαιρεθεὶς,
3433 2467 3465 2536 ἢ
3503 2466 3685 2537 πρόσ-

2091 2563 2241 2619 θεσιν
2286 2563 2633 2634 δεδεγμένος,
2677 2565 3047 2634 πεπέρασται.
3114 2563 3280 2617 Ὥστε
3360 2560 3420 2614 τὸ
3450 2559 3687 2628 ἄπειρον

2093 2650 2300 2726 οἷσπερ
2325 2655 2530 2722 ἔνεστι,
2560 2655 2790 2728 δυνάμει
2819 2657 3155 2726 γινώσκεται
3185 2673 3200 2689 ·
3243 2657 3300 2709 ὲν
3331 2655 3440 2726 γάρ
3472 2654 3552 2723 τῷ
3587 2652 3688 2707 δῦ-

2097 2747 2298 2803 νασθαι
2334 2749 2572 2806 πάντοτε
2602 2737 2900 2820 τέμνεσθαι
2926 2750 3023 2804 καὶ
3062 2739 3318 2820 μηδαμοῦ
3343 2745 3689 2817 καταλήγειν

2097 2841 2201 2913 τὴν
2227 2842 2429 2914 τομὴν,
2466 2844 2559 2896 καὶ
2587 2843 2753 2898 πάλιν
2798 2843 3064 2911 αὔξεσθαι
3093 2843 3330 2899 πάντοτε
3375 2842 3470 2896 καὶ
3500 2839 3688 2911 μηδα-

2099 2933 2203 3006 μοῦ
2248 2933 2584 3004 καταλήγειν
2629 2935 2733 3006 τὴν
2778 2932 3033 3006 αὔξησιν,
3067 2933 3354 3006 θεωρεῖται
3407 2931 3470 2987 τδ
3522 2931 3690 2986 ἄπει·

2099 3042 2217 3098 ρον.

2172 3116 2236 3184 ζ’.
2281 3118 2371 3174 Ἐν
2418 3120 2495 3192 τῷ
2536 3119 2796 3192 διαιρετῷ
2824 3120 2944 3192 -ᾶρα
2970 3119 3031 3175 τδ
3084 3118 3336 3191 ἄπειρον,
3377 3117 3476 3172 καλ⁸
3515 3116 3575 3169 έν
3606 3131 3691 3185 τῳ

408 3211 560 3281 quod
613 3209 803 3278 augeri
838 3218 1046 3279 potest,
1099 3208 1284 3264 locum
1321 3207 1506 3263 habet.
1550 3205 1666 3261 Etsi
1699 3205 1842 3259 enim
1884 3217 1994 3258 non

2124 3212 2346 3283 ιύξητῷ.
2370 3213 2490 3268 Κᾶν
2514 3215 2624 3284 γὰρ
2656 3212 2734 3283 μὴ
2763 3213 3042 3282 διαιρῆται
3093 3212 3156 3266 τὸ
3197 3209 3490 3280 διαιρετὸν,
3522 3208 3556 3278 ἢ
3588 3206 3696 3260 αὖ·

407 3303 704 3370 dividatur,
748 3304 802 3359 id
853 3299 1237 3374 quoddividi
1292 3306 1511 3369 potest,
1568 3305 1665 3352 aut
1703 3303 1993 3363 augeatur,

409 3397 556 3469 quod
599 3396 786 3468 augeri
831 3402 1037 3466 potest,
1077 3404 1259 3449 tamen
1291 3392 1424 3447 illud
1453 3390 1676 3462 quidem
1728 3387 1783 3443 in
1817 3387 2002 3442 inﬁni-

412 3501 528 3548 tum
570 3490 769 3556 dividi,
811 3490 918 3546 hoc
966 3499 1152 3545 autem
1186 3488 1241 3542 in
1277 3486 1551 3541 inﬁnitum
1584 3482 1767 3554 augeri
1799 3486 2000 3552 potest.

417 3567 754 3656 Quanquam.
807 3591 991 3638 autem
1042 3581 1210 3637 etiam
1271 3579 1331 3633 in
1369 3592 1434 3633 eo
1477 3577 1622 3648 quod
1662 3573 1921 3630 dividitur
1950 3579 2007 3626 et

416 3678 564 3748 quod
599 3683 848 3751 augetur,
910 3673 1189 3728 inﬁnitum
1230 3668 1642 3737 consideratur,
1689 3667 1772 3722 sic
1821 3673 2004 3720 tamen

415 3768 635 3830 saltem,
670 3764 918 3836 quandiu
969 3762 1238 3819 dividitur
1268 3771 1324 3818 et
1355 3770 1612 3832 augetur.

496 3864 553 3920 8.
610 3862 817 3934 Estque
848 3862 1035 3917 auctio
1087 3868 1142 3915 et
1178 3859 1377 3914 divisio
1411 3859 1465 3913 in
1526 3857 1798 3912 inﬁnitum
1851 3863 2008 3910 artus

417 3959 540 4028 ejus
571 3957 718 4028 quod
755 3963 1032 4027 potestate
1061 3960 1168 4019 est,
1207 3962 1261 4008 et
1298 3949 1650 4023 Imperfectus
1685 3958 1863 4004 actus.
1923 3945 2012 4001 Fit

417 4052 565 4107 enim
598 4056 915 4106 remanente
953 4061 1020 4102 eo
1046 4045 1192 4116 quod
1245 4053 1515 4116 potestate
1561 4056 1684 4106 est,
1725 4051 1778 4097 et
1807 4041 1862 4096 in
1896 4040 2008 4095 ﬁeri

422 4159 584 4200 suum
631 4154 756 4198 esse
814 4139 1000 4195 habet.
1064 4137 1132 4194 Et
1164 4137 1628 4209 quemadmodum
1669 4134 1750 4190 rei
1791 4132 2014 4189 mobilis

425 4248 582 4292 actus
609 4233 700 4306 qui
736 4234 917 4303 ipsum
949 4239 1226 4301 potestate
1261 4238 1467 4296 servat,
1494 4238 1680 4283 motus
1707 4242 1828 4283 esse
1865 4226 2016 4280 dice-

430 4333 616 4392 batur,
651 4327 728 4382 ita
761 4324 929 4380 etiam
968 4323 1088 4391 ejus
1137 4322 1281 4392 quod
1315 4320 1486 4377 dividi
1535 4329 1588 4376 et
1628 4319 1820 4390 augeri
1854 4318 2015 4388 122

427 4431 610 4495 potest
636 4429 792 4476 actus
825 4420 918 4489 qui
962 4417 1139 4488 ipsum
1173 4423 1440 4485 potestate
1461 4414 1682 4478 retinet,
1736 4412 2014 4468 inﬁnitum

436 4501 672 4572 obtinet.
719 4510 855 4568 Nam
889 4510 1053 4568 simul
1087 4523 1153 4564 ac
1194 4523 1224 4562 a
1265 4514 1536 4578 potestate
1575 4523 1700 4563 esse
1731 4507 2016 4578 sejunctus

2104 3306 2267 3379 ξηται
2298 3306 2359 3360 τὸ
2390 3306 2624 3376 αὐξητόν
2649 3323 2665 3338 ο
2697 3305 2815 3359 ἀλλ’
2845 3305 2939 3360 οῦν
2984 3307 3046 3360 τὸ
3078 3305 3176 3372 μὲν
3204 3304 3293 3358 ἐπ’
3318 3301 3548 3372 ἄπειρόν
3571 3303 3694 3354 ἐστι

2102 3401 2406 3473 διαιρετὸν,
2435 3400 2497 3455 τὸ
2530 3400 2576 3453 δ’
2597 3397 2686 3454 ἐπ’
2723 3399 2950 3470 ἄπειρον
2983 3396 3240 3468 αὖξητόν.
3289 3396 3352 3449 Ei
3389 3395 3446 3449 δὲ
3475 3395 3580 3448 κάν
3607 3393 3694 3463 τῷ

2103 3494 2472 3565 διαιρουμένῳ
2513 3493 2612 3547 καὶ
2660 3491 2946 3562 αὐξομένῳ
2997 3489 3282 3560 θεωρεῖται
3341 3487 3401 3542 τὸ
3436 3485 3693 3558 ἄπειρον,

2104 3589 2222 3644 ἀλλ’
2253 3587 2362 3642 ἔστ’
2396 3587 2464 3643 ἂν
2489 3587 2767 3659 διαιρῆται
2800 3585 2833 3656 ἢ
2871 3584 3125 3654 αὔξηται.

2183 3859 2255 3934 η’.
2289 3862 2396 3915 Καὶ
2446 3859 2596 3914 ἐστιν
2641 3860 2674 3931 ἡ
2727 3859 2815 3912 ἐπ’
2853 3857 3082 3928 ἄπειρον
3111 3853 3341 3928 αὔξησις
3363 3855 3456 3909 καὶ
3485 3853 3703 3925 διαίρε-

2116 3971 2200 4018 σις
2225 3954 2476 4025 ινέργεια
2496 3951 2590 4006 τοῦ
2619 3950 2868 4022 δυνάμει,
2892 3953 2991 4005 καὶ
3021 3949 3221 4020 ἀτελὴς
3249 3949 3525 4018 ἐνέργεια.
3585 3948 3707 4000 Μέ-

2117 4064 2302 4111 νοντος
2354 4047 2465 4117 γάρ
2492 4044 2588 4100 τοῦ
2643 4045 2878 4114 δυνάμει
2911 4043 3148 4112 γίνεται,
3181 4047 3288 4097 κάν
3325 4041 3403 4111 τῷ
3448 4039 3704 4110 γίνεσθαι

2117 4141 2182 4194 τὺ
2213 4137 2355 4193 εἶναι
2396 4139 2533 4209 ἔχει.
2568 4137 2680 4193 Καὶ
2710 4136 2902 4208 ὥσπερ
2936 4139 2971 4208 ὴ
3002 4135 3094 4189 τοῦ
3132 4133 3358 4205 κινητοῦ
3390 4134 3703 4202 ἐντελέχεια

2119 4234 2468 4303 φυλάττουσα
2493 4233 2552 4285 τὸ
2587 4230 2840 4300 δυνάμει,
2875 4230 3094 4300 κίνησις
3111 4229 3331 4296 ἐλέγετο
3362 4227 3528 4281 εἶναι·
3557 4224 3706 4279 οῦτω

2119 4329 2217 4383 καὶ
2257 4327 2293 4399 ὴ
2345 4326 2440 4380 τοῦ
2482 4325 2760 4396 διαιρετοῦ
2798 4323 2898 4379 καὶ
2959 4322 3055 4378 τοῦ
3102 4319 3343 4392 αὐξητοῦ
3397 4321 3709 4390 ἐντελέχεια

2122 4421 2476 4492 φυλάττουσα
2508 4419 2572 4473 τὸ
2601 4418 2858 4488 δυνάμει,
2902 4417 2965 4470 τὸ
2989 4415 3221 4487 ἄπειρον
3253 4414 3386 4485 ἔχει.
3417 4413 3524 4466 Τοῦ
3548 4412 3711 4466 δυνά-

2125 4533 2218 4587 μει
2246 4514 2358 4584 γὰρ
2404 4509 2741 4585 χωρισθεῖσα
2790 4511 2966 4580 πέρας
3012 4506 3197 4572 ἔλασε,
3245 4508 3342 4561 καὶ
3373 4507 3432 4558 τὸ
3474 4504 3709 4574 ἄπειρον

430 4610 621 4673 fuerit,
657 4604 1067 4663 extremitatem
1099 4604 1334 4674 accepit,
1368 4611 1423 4658 et
1457 4577 1822 4656 inﬁnitionem
1852 4600 1992 4664 depo

2124 4577 2448 4662 dueldﬁsro‘.
2490 4577 2502 4584 -
2529 4603 2692 4657 Ὥστε
2760 4577 2877 4658 τοῦ-
2911 4602 3141 4675 δυνάμει
3199 4601 3260 4658 τὸ
3317 4603 3549 4672 ἄπειρον
3601 4601 3709 4653 οῦκ

429 4701 566 4757 suit.
594 4700 943 4770 Quapropter
967 4699 1248 4754 inﬁnitum
1286 4697 1357 4753 ah
1393 4697 1497 4753 hoc
1538 4705 1598 4752 ut
1623 4700 1899 4766 potestate
1924 4697 2013 4761 sit,

433 4808 542 4849 non
565 4791 784 4848 decedit
812 4790 878 4848 ³⁸.

506 4887 564 4942 9.
604 4883 696 4941 Sic
727 4884 892 4940 etiam
953 4885 1108 4940 Plato
1163 4899 1421 4954 magnum
1466 4892 1522 4940 et
1556 4899 1808 4955 parvum,
1842 4883 2023 4938 inﬁni-

435 4991 553 5036 tum
591 4978 845 5046 dicebat,
885 4979 1016 5049 quia
1078 4978 1132 5032 in
1159 4987 1397 5047 utroque
1444 4976 1714 5033 inﬁnitum
1757 4984 2022 5048 potestate

432 5081 520 5128 est
553 5072 622 5128 ³⁸.

509 5166 600 5222 10.
651 5168 721 5226 At
775 5175 903 5224 actu
945 5164 1194 5238 perfecto
1227 5163 1373 5221 nulla
1435 5178 1538 5220 nec
1575 5165 1892 5236 magnitudo
1923 5181 2025 5220 nec

438 5259 742 5316 multitudo
771 5258 988 5314 inﬁnita
1019 5259 1074 5314 in
1115 5259 1320 5313 mundo
1349 5244 1452 5312 est.
1483 5257 1621 5313 Cum
1665 5261 1814 5314 enim
1851 5260 2024 5328 major

439 5355 584 5413 etelo
627 5353 948 5424 magnitudo
1003 5367 1116 5408 non
1151 5351 1245 5417 sit,
1283 5351 1390 5406 hoc
1428 5361 1616 5408 tamen
1665 5351 2023 5407 terminatum

437 5458 570 5515 est;
593 5447 1047 5518 quandoquidem
1078 5447 1244 5502 etiam
1282 5453 1464 5502 motus
1499 5446 1651 5502 illius
1693 5446 2026 5501 terminatus

439 5550 546 5598 est.
577 5539 778 5596 Totum
796 5539 941 5595 enim
957 5538 1199 5594 breviori
1246 5553 1412 5610 quam
1447 5538 1612 5594 unius
1641 5538 2024 5608 nychthemcri

441 5649 542 5700 seu
570 5631 840 5686 naturalis
865 5631 974 5687 diei
999 5633 1178 5701 spatio
1213 5632 1282 5686 ab
1311 5631 1502 5688 eodem
1541 5639 1744 5700 puncto
1780 5630 1847 5686 ad
1880 5630 2020 5685 idem

444 5729 920 5788 circumvolvitur.
960 5728 1098 5785 Cum
1139 5737 1318 5783 autem
1380 5726 1583 5782 coelum
1637 5727 1785 5794 quod
1838 5726 2021 5779 omnia

521 5845 563 5876 ιι
595 5845 629 5898 5
649 5843 815 5912 Phys.
845 5860 895 5900 c.
915 5845 967 5908 6,
1009 5851 1046 5898 t.
1083 5843 1172 5898 65.

2120 4701 2422 4770 ἐξίσταται.

2197 4883 2264 4941 θ’.
2323 4881 2482 4938 Οῦτω
2532 4879 2633 4934 ’καὶ
2679 4876 2908 4932 Πλάτων
2943 4877 3008 4930 τὺ
3069 4875 3210 4946 μέγα
3261 4875 3452 4930 καὶτὸ
3511 4875 3716 4945 μικρὸν

2125 4983 2356 5052 ἄπειρον
2402 4977 2610 5043 ἔλεγεν,
2664 4973 2751 5027 ὅτι
2789 4971 2876 5041 ἐφ’
2928 4969 3168 5042 ἑκάτερά
3218 4971 3425 5040 έστινή
3482 4970 3720 5040 ἀπειρία

2127 5074 2382 5145 δυνάμει.
3552 5138 3618 5146 -Ω

2203 5173 2254 5222 ι’.
2301 5161 2588 5236 Ἐνεργείᾳ
2639 5160 2697 5212 δὲ
2749 5157 2932 5229 τελείᾳ
2975 5156 3076 5212 οὐκ
3122 5156 3273 5211 ἔστιν
3309 5155 3540 5234 ἄπειρον
3585 5153 3722 5208 οὔτε

2135 5257 2393 5330 μέγεθος,
2426 5253 2552 5309 οὕτε
2589 5250 2795 5323 πλῆθος
2831 5251 2888 5304 ὲν
2918 5248 2998 5321 τῷ
3026 5250 3216 5319 κόσμῳ
3242 5247 3418 5305 οὐδέν.
3466 5247 3725 5316 Μέγεθος

2131 5354 2240 5424 γὰρ
2271 5350 2373 5405 οὐκ
2404 5349 2524 5402 ἔστι
2579 5344 2768 5418 μεῖζον
2795 5343 2893 5398 τοῦ
2927 5341 3182 5414 οὐρανοῦ.
3214 5342 3308 5395 καὶ
3353 5339 3509 5403 οὗτος
3539 5339 3726 5410 ὑπάρ-

2133 5461 2218 5516 χει
2279 5437 2744 5510 πεπερασμένος·
2801 5435 2992 5506 ἐπειδὴ
3041 5434 3138 5487 καὶ
3176 5433 3209 5504 ἡ
3244 5430 3437 5485 τούτου
3495 5430 3724 5500 κίνησις

2133 5533 2554 5604 πεπερασμένη.
2627 5529 2737 5584 Καὶ
2765 5527 2880 5598 γάρ
2913 5527 3160 5581 ἐλάττονι
3182 5525 3360 5596 χρόνῳ
3388 5524 3482 5576 τοῦ
3510 5523 3722 5592 νυχθη-

2135 5630 2306 5701 μέρου
2342 5627 2564 5696 σύμπας
2608 5625 2673 5676 ὲκ
2723 5621 2818 5675 τοῦ
2849 5619 3016 5674 αὐτοῦ
3049 5621 3130 5681 είς
3157 5619 3216 5672 τὸ
3245 5617 3378 5671 αὐτὸ
3418 5617 3725 5687 περιστρέ-

2132 5741 2316 5794 φεται.
2340 5719 2448 5775 Τοῦ
2476 5717 2520 5771 δ’
2548 5715 2782 5787 οὐρανοῦ
2805 5712 2899 5767 τοῦ
2931 5713 2991 5766 τὸ
3018 5713 3129 5768 πᾶν
3154 5712 3508 5784 περιέχοντος
3538 5727 3729 5765 πεπε.

1279 5842 1325 5874 ³²
1349 5841 1384 5894 '5
1417 5840 1582 5912 Phys.
1615 5857 1664 5896 c.
1691 5838 1745 5906 6,
1787 5848 1847 5912 γι.
1876 5839 1964 5912 56.

2124 5840 2209 5901 .7,
2235 5848 2272 5894 ι.
2303 5837 2392 5896 68.
2477 5837 2522 5868 ³³
2549 5836 2583 5892 '5
2613 5834 2784 5905 I‘hys.
2815 5849 2863 5892 c.
2891 5833 2945 5904 6,
2969 5845 3004 5890 t.
3045 5831 3112 5890 b7
3135 5839 3188 5884 et
3241 5829 3330 5886 59.
3409 5827 3454 5861 ³⁸
3483 5827 3516 5883 3
3548 5826 3722 5900 Phys.

448 5914 576 5984 αι,
606 5924 644 5971 ι.
689 5909 782 5985 27,
809 5925 864 5972 et
897 5930 946 5972 ε.
987 5913 1040 5982 6,
1073 5922 1115 5970 t.
1153 5913 1241 5971 6|.
1321 5913 1364 5944 ³³
1393 5912 1424 5967 5
1455 5909 1619 5984 Phys.
1677 5927 1728 5968 c.
1765 5911 1817 5979 5,
1843 5921 1878 5968 ι.
1903 5909 1992 5980 59,
2055 5921 2164 5968 etc.
