3832 6360
249 387 388 456 1113

1487 389 1829 452 ΕΡΙΤΟΜΕ
1865 390 2210 452 PHYSICA.

3349 378 3489 446 11H

242 505 515 576 ρασμένου
568 502 946 586 τυγχάνοντος,
967 503 1178 574 πλῆθος
1223 503 1456 576 ἄπειρον
1483 505 1602 568 πῶς
1624 507 1692 561 ἂν
1725 508 1814 576 εἴη

1936 507 2167 562 :ontinet
2191 545 2209 571 ,
2243 504 2592 560 terminatum
2621 503 2714 569 sit,
2755 501 2849 574 qui
2885 501 3028 558 intra
3067 500 3243 570 ipsum
3281 498 3496 554 inﬁnita

239 597 435 650 τούτου
452 593 640 661 ὲντός;
668 593 878 658 Ἀλλως
913 595 970 649 δὲ
999 595 1164 651 πάλιν
1187 597 1309 650 ἐπεὶ
1338 597 1638 667 μείζονοῦκ
1668 599 1817 651 ἔστιν

241 687 474 758 ἀπείρου
525 685 710 741 λαϐεῖν
742 687 814 758 (εί
857 687 966 757 γάρ
997 687 1167 750 ἐστιν,
1225 688 1326 741 οὐκ
1358 687 1426 742 ἂν
1449 689 1533 759 εῑη
1575 690 1636 741 τὸ
1658 689 1818 743 ἄπει-

243 795 340 848 ρον
385 779 643 850 ἄπειρονο
678 778 802 848 ἔχον
853 777 1039 846 μεῖζόν
1095 795 1150 832 τι
1181 777 1375 833 ἑαυτοῦ
1421 781 1516 833 καὶ
1545 779 1634 834 διὰ
1664 779 1821 834 τοῦτο

245 870 677 940 πεπερασμένον
724 870 830 938 ὅν).
894 869 1306 942 Ύποκείσθωή
1355 872 1540 941 ἄμμος
1593 873 1822 942 ἄπειρος

241 956 383 1012 εἶναι
442 957 521 1028 τῷ
573 959 792 1028 πλήθει.
841 957 1294 1030 Προστιθεμὲνων
1347 955 1443 1013 οὖν
1507 957 1646 1029 αὐτῇ
1713 957 1822 1010 τῶν

241 1049 466 1120 ἀτόμων
503 1049 680 1116 ζώων,
729 1049 840 1103 τῶν
893 1049 1098 1118 φυτῶν,
1130 1048 1240 1103 τῶν
1272 1049 1543 1120 ἀστέρων,
1591 1049 1687 1101 καὶ
1711 1047 1822 1100 τῶν

244 1141 425 1196 ἄλλων
475 1141 734 1196 ἁπάντων
769 1141 1066 1210 σωμάτων,
1121 1139 1304 1210 μεῖζον
1338 1142 1558 1203 πάντως
1615 1139 1822 1209 πλῆθος

244 1235 584 1304 εὑρίσκεται.
621 1235 788 1290 Ὥστε
839 1235 931 1289 καὶ
983 1237 1017 1305 ἠ
1079 1235 1265 1305 ἄμμος
1301 1235 1664 1304 πεπέρασται,
1707 1229 1824 1301 είγε

250 1327 458 1398 πλῆθος
514 1328 836 1398 εὑρίσκεται
887 1329 1076 1398 μεῖζον
1108 1329 1299 1400 αὐτῆς.
1354 1329 1591 1398 Ὁμοίως
1621 1327 1679 1381 δὲ
1727 1327 1825 1382 καὶ

243 1421 317 1472 τὰ
350 1419 518 1473 λοιπὰ
543 1419 654 1473 τῶν
683 1420 958 1491 σωμάτων
993 1419 1101 1491 ἰδίᾳ
1127 1419 1483 1492 θεωρούμενα
1513 1422 1686 1491 χωρὶς
1711 1419 1823 1472 πεί⁹

252 1525 358 1579 σης
392 1510 728 1578 ἀμφιϐολίας
777 1513 1175 1583 πεπερασμένα
1229 1512 1665 1584 γνωσθήσονται.
1714 1512 1826 1566 Καὶ

250 1603 315 1656 τὸ
352 1602 579 1672 σύμπαν
613 1602 724 1673 ἄρα
770 1604 974 1674 πλῆθος
1023 1606 1134 1659 τῶν
1182 1606 1326 1660 ὅλων
1353 1606 1624 1676 σωμάτων
1651 1605 1826 1659 πεπέ-

255 1709 480 1763 ρασται.
532 1694 608 1749 Τὸ
654 1696 766 1767 γὰρ
849 1697 914 1750 ὲκ
976 1697 1415 1770 πεπερασμένων
1467 1699 1828 1768 συγκείμενον

248 1785 707 1858 ὁμολογουμένως
775 1789 1220 1859 πεπερασμένον.
1281 1790 1448 1845 Ὥστε
1511 1791 1614 1846 οὑκ
1681 1789 1829 1845 ἐστιν

1927 600 2224 677 multitudo
2257 597 2418 654 fuerit
2451 599 2472 651 2
2513 597 2575 651 Et
2605 612 2801 652 rursus
2823 635 2840 658 .
2878 596 2989 650 alio
3017 595 3181 650 modo
3203 633 3218 657 ,
3248 592 3500 662 quando-

1922 690 2153 760 quidem
2189 689 2404 744 inﬁnito
2439 689 2574 742 niltil
2608 688 2786 758 majus
2844 687 2973 742 licet
3027 699 3244 742 sumere
3277 683 3500 754 (quippe

1923 783 1970 838 si
2002 791 2207 853 posset,
2240 781 2353 851 jam
2411 781 2684 836 inﬁnitum
2746 795 2852 833 non
2908 786 3057 834 esset
3089 777 3387 840 inﬁnitum,
3439 783 3500 828 ut

1923 874 2067 942 quod
2132 872 2343 942 aliquid
2381 872 2566 942 seipse
2605 871 2782 940 majus
2831 871 3074 936 haberet,
3107 881 3162 924 et
3210 878 3499 940 propterea

1925 965 2138 1020 ﬁnitum
2173 965 2366 1033 esset);
2402 979 2567 1019 arena
2597 972 2942 1033 supponatur
2972 963 3182 1018 inﬁnita
3209 977 3334 1016 esse
3365 959 3502 1014 ntul-

1929 1057 2187 1113 titudine.
2245 1057 2399 1124 Quod
2432 1057 2476 1112 si
2535 1057 2719 1124 itaque
2773 1055 2823 1110 ei
2865 1054 3162 1124 singularia
3207 1052 3497 1117 animalia,

1925 1148 2130 1218 plantae
2159 1187 2174 1208 .
2239 1147 2433 1211 stellae,
2462 1157 2516 1200 et
2569 1146 2672 1200 alia
2711 1146 2764 1200 in
2800 1146 3116 1199 universum
3149 1159 3375 1212 corpora
3411 1141 3505 1196 ad-

1923 1239 2252 1308 iunguntur,
2299 1236 2477 1306 major
2510 1235 2758 1306 profecto
2799 1233 3094 1290 multitudo
3140 1229 3504 1300 deprehendi-

1928 1337 2039 1383 tur.
2075 1329 2235 1400 123
2267 1328 2449 1394 Quare
2475 1330 2642 1384 etiam
2671 1342 2835 1383 arena
2869 1325 3156 1395 terminata
3178 1324 3304 1383 erit.
3335 1321 3509 1390 siqui-

1927 1421 2049 1477 dem
2084 1421 2275 1491 major,
2305 1436 2470 1492 quam
2499 1428 2583 1476 est
2627 1420 2799 1490 ipsius
2837 1416 3156 1480 multitudo,
3213 1414 3507 1480 reperitur.
3546 1448 3549 1451 -

1929 1513 2106 1569 Simili
2140 1523 2323 1568 autem
2359 1513 2574 1568 ratione
2603 1521 2657 1567 et
2687 1511 2894 1580 reliqua
2930 1523 3163 1579 corpora
3204 1508 3250 1564 si
3280 1506 3506 1561 sect-situ

1930 1601 2380 1669 considerentur,
2418 1603 2629 1664 absque
2679 1602 2828 1656 oumi
2883 1600 3050 1656 dubio
3083 1598 3232 1653 ﬁnita
3264 1613 3387 1653 esse
3415 1597 3511 1650 tle-

1930 1692 2365 1763 prehendentur.
2427 1693 2696 1752 Unirersa
2751 1693 2984 1765 proinde
3034 1693 3196 1747 etiam
3265 1689 3507 1743 omnium

1932 1801 2225 1853 corporum
2260 1787 2558 1844 multitudo
2607 1787 2901 1842 terminata
2935 1791 3041 1839 est.
3076 1781 3233 1850 Quod
3267 1781 3409 1836 enim
3442 1795 3510 1834 ex

241 1873 480 1949 ἄπειρον
516 1879 576 1934 ὲν
603 1879 680 1952 τῷ
713 1879 908 1952 κόσμῳ
933 1880 1111 1937 οὐδέν.

1936 1878 2249 1934 terminatis
2280 1887 2364 1935 est
2390 1880 2782 1949 compositum,
2809 1876 2860 1932 id
2887 1875 3131 1932 omnium
3163 1872 3512 1929 confessione

1931 1969 2284 2022 terminatum
2343 1978 2449 2025 est.
2495 1967 2840 2040 Quapropter
2903 1967 2958 2022 in
3030 1965 3236 2020 mundo
3300 1963 3512 2018 nullum

1927 2057 2096 2131 (actu)
2130 2061 2402 2116 inllnitttm
2427 2070 2509 2117 est
2537 2063 2604 2117 ³⁸.

1487 2290 1825 2351 SYNOPSIS
1860 2292 2129 2353 CAPITIS
2163 2293 2253 2363 χι,
2308 2379 2311 2382 _

1491 2437 1629 2486 QUOD
1663 2439 1758 2480 EST
1789 2439 1853 2480 ηε
1888 2439 2216 2480 ειειιεητιε.

255 2525 312 2587 1.
350 2527 688 2588 Transitione
707 2529 974 2604 proponit,
999 2530 1064 2588 de
1092 2533 1282 2604 quibus
1314 2533 1410 2588 hoc
1441 2536 1611 2603 capite
1646 2537 1820 2589 dicere
1845 2537 1988 2604 uelit,
2040 2539 2105 2591 de
2139 2535 2472 2604 secundariis
2524 2535 2779 2589 nimirum
2808 2543 2858 2590 et
2896 2535 3158 2600 corporeis
3189 2535 3462 2603 principiis
3499 2554 3515 2576 ν

331 2618 450 2672 quc
470 2618 534 2656 eo:
557 2605 742 2671 primis
775 2601 883 2656 illis
912 2601 1136 2676 materia
1171 2612 1219 2658 et
1261 2604 1432 2676 [arma
1461 2601 1694 2672 conﬂata
1726 2618 1882 2668 sunt,
1913 2601 2128 2676 quaque
2160 2603 2371 2676 proprie
2405 2606 2661 2660 elementa
2701 2617 2748 2658 et
2781 2605 3042 2673 simplicia
3064 2601 3286 2671 corpora
3313 2605 3518 2657 diuerso

334 2685 568 2739 respectu
594 2685 866 2728 vocantur.
899 2703 971 2714 —
994 2672 1051 2727 2.
1081 2672 1212 2729 Cum
1246 2673 1431 2741 [armis
1466 2691 1638 2727 rerum
1669 2672 1995 2730 naturalium
2019 2672 2541 2732 insit'contrarietas
2580 2686 2628 2730 et
2659 2672 2923 2743 principia
2959 2677 3011 2729 in
3061 2676 3285 2729 materia
3315 2683 3363 2727 et
3397 2691 3518 2726 cnn-

340 2745 616 2814 trarietate
647 2746 962 2814 consistant,
991 2744 1469 2813 inquiritqua'nam
1503 2746 1570 2799 sit
1589 2745 1680 2798 illa
1713 2749 2089 2810 contrarietas,
2119 2761 2299 2814 nempe
2323 2745 2587 2800 sensibilis
2620 2747 2851 2813 quidem,
2878 2746 2968 2800 sed
2999 2756 3171 2798 tamen
3205 2762 3305 2798 non
3325 2745 3518 2811 quintis

340 2813 628 2876 sensibilis,
659 2829 836 2868 verum
866 2813 963 2868 illa
990 2815 1252 2886 duntaxat
1276 2830 1392 2882 quia
1420 2826 1562 2868 tactu
1597 2818 1910 2886 percipitur,
1947 2835 2066 2886 quae
2101 2821 2334 2872 omnium
2368 2829 2442 2871 est
2460 2817 2748 2870 latissima.
2784 2815 2933 2870 Sicut
2959 2827 3006 2870 et
3039 2817 3149 2883 ipse
3187 2825 3378 2870 tactus.
3403 2830 3520 2886 cum

342 2892 655 2959 ceterarum
681 2897 735 2937 ut
775 2885 1238 2959 contrarietatum,
1278 2886 1356 2938 ita
1399 2895 1448 2940 et
1480 2883 1797 2959 qualitatum
1834 2883 1979 2942 nulla
2003 2905 2094 2958 per
2128 2886 2288 2959 124
2321 2891 2499 2959 gmnia
2531 2886 2805 2959 sensibilia
2861 2902 3079 2959 corpora
3116 2897 3354 2959 vagetur,
3382 2883 3519 2948 quod

346 2955 649 3007 inductione
678 2953 866 3024 probat
901 2953 1160 3019 colorum,
1207 2953 1499 3017 sonorum,'
1534 2956 1774 3021 odorum,
1816 2953 2088 3026 saporum.
2129 2953 2278 3011 -——_3-.
2313 2957 2558 3023 Explicat
2598 2958 2719 3010 illos
2765 2957 3164 3009 contrarietates
3192 2954 3286 3007 sub
3322 2961 3520 3026 tactum

347 3026 591 3078 cadentes
613 3035 662 3079 et
685 3041 868 3078 earum
897 3033 1012 3078 octo
1044 3026 1287 3094 syzygias
1324 3037 1575 3090 recenset,
1607 3043 1671 3080 ex
1702 3024 1888 3094 quibus
1917 3039 2091 3082 tamen
2119 3030 2236 3082 dua:
2269 3036 2475 3081 tantum
2500 3028 2761 3095 principes
2797 3039 2940 3092 sunt,
2977 3043 3099 3094 quia
3127 3042 3244 3078 cum
3273 3033 3437 3093 agunt
3464 3024 3520 3075 in
3548 3082 3552 3088 δ

343 3110 400 3168 se
422 3096 661 3168 invii-em,
701 3105 814 3147 tum
844 3111 876 3148 α
915 3111 968 3168 se
998 3095 1217 3149 inuicem
1250 3112 1354 3149 non
1388 3098 1744 3168 continentur,
1775 3116 1895 3166 qua:
1916 3101 2125 3165 quidem
2151 3101 2255 3150 duo
2297 3099 2552 3168 requisita
2584 3098 2788 3151 steteris
2819 3112 2912 3148 sua:
2948 3113 3048 3150 non
3081 3095 3419 3168 conveniunt.
3453 3121 3523 3133 —-

346 3165 402 3238 ᾤ.
423 3164 622 3238 Probat
646 3174 882 3238 graue_et
918 3164 1048 3228 lere,
1085 3182 1332 3236 asperum
1355 3177 1404 3220 et
1429 3163 1556 3220 ιαιυὲ
1586 3208 1599 3231 ,
1630 3184 1720 3220 seu
1752 3163 1995 3222 scabrum
2030 3180 2077 3223 et
2127 3163 2375 3238 glabrum
2401 3184 2504 3222 non
2535 3184 2688 3235 agere
2719 3169 2839 3221 inse
2874 3168 3110 3238 invicem,
3142 3183 3235 3219 nec
3260 3166 3372 3238 pati
3402 3181 3434 3216 a
3468 3178 3524 3215 se

348 3235 592 3289 invicem.
625 3233 764 3290 4-5.
793 3233 1122 3289 therarum
1150 3233 1594 3290 contrarietatum
1628 3240 1914 3306 qualitates
1941 3241 2008 3293 ad
2037 3233 2310 3292 humidum
2331 3249 2379 3292 et
2415 3233 2613 3291 siccum
2659 3241 2830 3291 reduci
2865 3237 3118 3298 ostendit,
3168 3236 3306 3303 quod
3333 3233 3523 3306 lterum

347 3307 626 3375 utriusque
681 3305 1077 3374 deﬁnitionibus
1105 3306 1314 3374 probat.
1342 3336 1411 3346 —-
1451 3307 1504 3362 6.
1539 3305 1716 3362 Tenue
1780 3312 1874 3362 sub
1916 3312 2150 3373 humido,
2198 3318 2245 3361 et
2297 3324 2534 3362 crassum
2577 3310 2671 3360 sub
2732 3309 2869 3361 sicco
2917 3307 3174 3360 contineri
3225 3305 3524 3374 probat.—

341 3375 399 3431 7.
424 3374 665 3447 Densum
691 3376 786 3429 sub
813 3376 975 3447 sicco,
1008 3392 1190 3429 rarum
1228 3379 1322 3430 sub
1353 3376 1570 3430 humido
1592 3381 1960 3447 comprehendi
1991 3381 2314 3433 ostendit.—
2347 3379 2398 3432 8.
2423 3379 2869 3436 Occunatio.-!l.
2899 3376 3166 3431 l'iscosum
3197 3392 3289 3447 seu
3316 3375 3518 3428 lentum

343 3445 442 3500 sub
471 3448 708 3510 humido,
743 3446 954 3499 aridum
986 3462 1078 3500 seu
1109 3447 1324 3514 [riabile
1366 3448 1460 3500 sub
1505 3452 1644 3502 sicco
1683 3445 1927 3502 includit.
1957 3481 2024 3492 --
2054 3450 2142 3505 10.
2182 3449 2343 3504 Molle
2399 3449 2650 3511 humido,
2691 3452 2882 3502 durant
2941 3450 3082 3502 sicco
3145 3446 3361 3498 adducit
3398 3485 3410 3498 .
3445 3473 3516 3484 -—

346 3515 434 3569 11.
461 3514 757 3586 Epiphora,
789 3519 928 3586 quod
959 3519 1078 3570 dare
1110 3518 1300 3590 saltem
1338 3517 1446 3571 sint
1474 3520 1883 3590 contrarietates
1907 3521 2133 3585 tactiles,
2168 3537 2283 3590 quer
2314 3537 2430 3573 cum
2452 3529 2614 3590 agunt
2656 3519 2710 3572 in
2733 3535 2800 3590 se
2816 3521 3182 3581 invicem,tum
3219 3535 3249 3568 a
3282 3532 3342 3590 se
3390 3515 3526 3590 inui-

342 3601 457 3640 cem
485 3591 784 3659 patiuntur,
819 3603 1036 3659 quoique
1064 3588 1127 3640 ab
1157 3588 1279 3642 aliis
1301 3598 1345 3642 et
1379 3590 1475 3642 sub
1507 3589 1631 3643 aliis
1662 3606 1764 3643 non
1809 3587 2267 3645 continenturﬁ—
2295 3591 2382 3644 12.
2431 3589 2753 3659 Simpliciter
2781 3589 2985 3641 [tumidi
3018 3599 3120 3640 tres
3143 3587 3292 3655 quasi
3322 3587 3520 3654 species

343 3657 897 3730 recenset,_rnadens,4
947 3657 1269 3730 Itiumectum,
1329 3661 1542 3727 proprie
1593 3661 1987 3713 ltumidunt.—
2027 3663 2114 3715 13.
2148 3659 2474 3728 Simpliciter
2541 3657 2692 3730 quasi
2749 3661 2946 3727 species
3012 3665 3283 3730 recenset,_
3311 3659 3523 3730 proprie

343 3727 1016 3799 siccum,_ltumectationis
1057 3743 1263 3796 expers,
1294 3724 1341 3782 et
1372 3724 1698 3784 concretum.
1721 3759 1794 3770 —
1829 3730 1918 3785 H.
1943 3724 2273 3799 Simpliciter
2299 3724 2576 3784 humidum
2602 3741 2651 3784 et
2691 3724 3005 3797 simpliciter
3029 3729 3226 3782 siccum
3253 3724 3522 3799 describit.

341 3825 412 3837 -
440 3797 526 3871 15.
551 3796 826 3871 Conclusio
849 3807 947 3863 est,
974 3814 1078 3871 qua
1103 3799 1258 3866 infert
1281 3815 1399 3871 cum
1427 3801 1496 3854 ad
1525 3801 1658 3854 duas
1688 3803 1932 3870 syzygias
1961 3796 2116 3871 125
2139 3802 2299 3854 calidi
2318 3812 2364 3854 ct
2385 3801 2588 3870 frigidi,
2618 3796 2814 3871 humidi
2843 3807 2892 3851 et
2921 3799 3237 3871 sicciomnis
3261 3796 3371 3871 alia
3402 3811 3524 3871 con-

347 3870 598 3940 trarietas
631 3869 940 3940 reducatur,
972 3863 1078 3921 illis
1118 3863 1279 3921 etiam
1319 3869 1577 3923 elementa
1619 3863 1736 3939 qua?
1769 3863 2169 3936 pnoxima'sunt
2215 3863 2494 3940 corporum
2528 3869 2858 3923 naturalittm
2890 3869 3149 3937 principia
3189 3863 3439 3919 constitui
3471 3874 3522 3918 et

342 3938 654 4006 informari.
685 3941 864 4012 —lti_.
903 3938 1060 4012 [locet
1085 3940 1274 4008 quibus
1289 3938 1650 4012 qualitatibus
1681 3943 1912 3995 duarum
1944 3943 2286 4012 sysygiarum
2307 3938 2574 3996 elementa
2611 3941 2892 4008 sigillotim
2920 3940 3276 4006 informentur
3310 3945 3360 3988 et
3403 3950 3526 3988 con-

345 4012 664 4081 stituantur.
688 4039 762 4052 —-
793 4009 884 4063 17.
916 4009 1195 4074 Quatenus
1247 4011 1505 4081 elementa
1534 4027 1600 4064 ex
1634 4027 1689 4065 se
1716 4012 1934 4065 invicem
1968 4009 2280 4081 generentur
2311 4023 2360 4066 et
2413 4013 2469 4064 in
2503 4026 2562 4064 se
2585 4013 2805 4064 invicem
2845 4019 3277 4081 corrumpantur.
3322 4015 3371 4060 et
3403 4021 3521 4070 qua:

347 4080 568 4147 facilius
603 4081 684 4134 uel
708 4081 995 4150 difﬁcilius.
1031 4109 1104 4120 ——
1142 4081 1230 4135 18.
1267 4079 1630 4151 Qccupatione
1677 4079 2017 4151 objectionem
2057 4083 2212 4136 diluit
2258 4085 2478 4137 tacitam
2513 4083 2650 4150 quod
2683 4096 2874 4150 aquam
2907 4089 2954 4132 et
2986 4080 3180 4149 ignem,
3224 4086 3421 4130 terram
3462 4087 3511 4128 et

347 4165 525 4223 acrem
559 4153 832 4223 contraria
866 4151 1116 4204 dixit.—
1151 4151 1238 4223 19.
1276 4150 1526 4223 Declarat
1549 4150 1922 4223 substantiales
1945 4151 2318 4207 elementorum
2350 4152 2659 4223 qualitates,
2681 4161 2940 4223 quatenus
2977 4151 3164 4223 furmtB
3193 4157 3240 4202 et
3263 4155 3524 4223 quatenus

347 4221 648 4293 accidentia
681 4223 812 4285 sint,
846 4231 1108 4293 quatenus
1165 4221 1290 4275 item
1347 4222 1533 4286 forma:
1560 4231 1609 4276 et
1643 4221 1994 4293 informantes
2029 4225 2315 4293 qualitates
2347 4217 2616 4277 dicantur.
2747 4221 2836 4276 20.
2878 4219 3192 4293 occupatio,
3221 4233 3384 4293 quare
3414 4217 3526 4268 hac

349 4291 524 4360 forma
553 4288 936 4361 nonnunquam
964 4292 1267 4344 substantia
1297 4293 1533 4346 dicatur.
1562 4323 1632 4334 —
1663 4291 1754 4356 9-1.
1814 4293 1946 4357 Qua:
1971 4288 2146 4362 {arma
2198 4295 2514 4349 secundario
2561 4304 2608 4348 et
2642 4291 2817 4362 minus
2861 4292 3178 4350 substantia,
3209 4305 3333 4362 quia
3354 4288 3525 4362 [arma

345 4357 519 4430 primo
550 4372 598 4417 et
636 4357 999 4431 prppriissime
1043 4371 1091 4413 et
1125 4364 1358 4415 maxime
1405 4364 1706 4416 substantia
1735 4357 1983 4427 dicatur,'
2006 4373 2054 4417 et
2089 4367 2263 4431 qualis
2297 4366 2406 4422 hate
2444 4365 2534 4420 sit.
2568 4363 2752 4417 —‘2‘2.
2789 4361 3064 4428 Quomodo
3095 4357 3360 4431 elementis
3396 4357 3527 4431 insit

351 4426 706 4486 contrarietas
737 4426 787 4486 et
819 4431 1086 4500 cognatio,
1117 4448 1148 4484 a
1180 4448 1286 4502 qua
1320 4443 1429 4484 tum
1450 4436 1720 4502 generatio
1745 4443 1793 4486 et
1829 4426 2121 4502 corruptio,
2154 4444 2264 4489 tum
2297 4436 2524 4490 universi
2559 4426 2885 4488 conservatio
2927 4428 3362 4502 emistus—23.
3401 4426 3529 4502 Ele-

352 4513 529 4556 menta
550 4520 662 4576 non
694 4498 904 4576 tantum
956 4502 1168 4554 ratione
1192 4498 1541 4576 qualitatum,
1579 4505 1668 4557 sed
1713 4513 1762 4558 et
1795 4498 2113 4572 ponderum'
2139 4507 2344 4559 ratione
2394 4507 2634 4576 copulari
2687 4503 2986 4576 dirimique.
3021 4530 3091 4576 -_—
3114 4499 3204 4554 24.
3241 4498 3529 4576 Occupatio

348 4589 457 4696 ἕνα
489 4575 651 4626 etiam
678 4574 893 4627 docetur
921 4588 1024 4642 quo
1056 4569 1293 4640 respectu
1324 4573 1461 4642 ignis
1490 4583 1538 4627 et
1570 4590 1709 4642 aqua
1735 4614 1749 4637 ,
1781 4569 1883 4644 quo
1914 4578 2038 4628 item
2067 4589 2300 4643 respectu
2327 4569 2465 4646 ignis
2497 4586 2545 4630 et
2577 4585 2720 4630 terra
2774 4569 2944 4642 magis
2993 4572 3101 4625 sint
3138 4569 3430 4624 contraria.
3457 4597 3530 4610 -—

393 4644 444 4696 5.
483 4641 764 4696 Occupatio
797 4643 926 4696 alia.
962 4658 1065 4696 aua
1100 4643 1260 4695 etiam
1296 4643 1531 4696 docetur.
1561 4661 1662 4696 auo
1698 4645 1761 4696 de
1789 4647 1898 4696 iani
1928 4647 2014 4696 hic
2044 4661 2214 4696 sermo
2249 4647 2340 4696 sit.
2374 4663 2557 4696 nempe
2587 4647 2650 4696 de
2679 4642 3010 4696 elementari.
3041 4657 3143 4694 non
3176 4641 3240 4693 de
3274 4637 3450 4690 usuali
3481 4645 3530 4689 et

393 4644 444 4716 5.
483 4637 947 4716 Occupatioalia;
961 4658 1065 4716 qua
1100 4637 1260 4716 etiam
1278 4637 1531 4716 docetur,
1561 4637 1662 4712 quo
1698 4645 1761 4698 de
1789 4637 1898 4714 igni
1928 4647 2014 4699 hic
2044 4637 2214 4700 sermo
2249 4637 2557 4716 sit,'nempe
2587 4647 2656 4705 de
2679 4637 3010 4716 elementari,
3041 4657 3143 4694 non
3176 4641 3240 4693 de
3262 4637 3530 4716 usuali-et

352 4706 641 4768 culinaria.
673 4743 743 4753 —-
772 4713 862 4768 26.
901 4706 1179 4784 Elementa
1213 4713 1374 4782 126
1418 4706 1631 4783 quando
1662 4706 1830 4778 plane'
1864 4732 1897 4768 a
1933 4731 1988 4769 se
2036 4717 2254 4772 invicem
2289 4706 2577 4780 mutentur,
2628 4723 2676 4768 et
2711 4713 2923 4784 quando
2955 4727 3018 4784 ac
3047 4709 3307 4784 quomodo
3333 4723 3396 4761 ea:
3429 4706 3534 4761 ele-

351 4786 543 4838 mentis
572 4785 944 4856 complureset
975 4781 1721 4856 (li/ferentescompositorum
1745 4787 1940 4856 species
1973 4787 2289 4856 efﬁciantur.
2318 4818 2386 4828 —
2417 4787 2506 4841 27.
2543 4785 2674 4852 Qua:
2699 4781 2928 4856 physicis
2953 4783 3057 4856 sint
3088 4781 3363 4841 elementa,
3389 4793 3531 4848 qua:-

347 4869 446 4923 que
474 4851 994 4922 tantum-principia,
1029 4861 1080 4905 et
1110 4853 1237 4921 quid
1268 4855 1407 4907 inter
1438 4863 1659 4923 utraque
1692 4851 2144 4912 sit'discrim'inis.
2174 4887 2244 4898 —
2272 4857 2363 4912 28.
2395 4857 2544 4911 Pura
2566 4851 2642 4910 iet
2693 4851 2963 4923 simplicia
2993 4851 3270 4923 elementa,
3326 4857 3532 4923 tantum

352 4919 524 4979 mente
550 4919 768 4997 percipi,
795 4935 842 4997 et
875 4919 1255 4978 elementorum
1279 4934 1346 4997 _ut
1373 4925 1426 4997 in
1451 4919 1634 4978 sensus
1666 4927 1944 4997 incurrunt
1975 4927 2186 4997 nultum
2211 4929 2597 4997 impermistum
2627 4941 2740 4981 esse
2767 4919 2886 4997 cum
2921 4923 3173 4991 reliquis';
3203 4919 3524 4997 singulam-

354 5011 471 5048 men
501 5014 530 5048 a
550 4989 986 5064 ‘prwdominante
1013 5002 1206 5046 natura
1224 4995 1317 5064 isic
1352 4993 1710 5064 denominari.
1740 5026 1810 5038 —
1838 4995 1928 5050 29.
1963 4995 2218 5051 Probatio
2244 4989 2465 5052 a'sensu
2511 5000 2564 5051 in
2619 4989 3044 5064 exetnploterrte
3077 5007 3194 5045 cum
3224 4989 3534 5064 pra'_c_isi9_ne

355 5058 664 5120 ceterorum
688 5068 1088 5119 elementorum.
1115 5092 1188 5106 —
1217 5063 1309 5119 30.
1347 5061 1603 5118 Probatio
1636 5083 1668 5118 a
1704 5079 1898 5119 natura
1934 5066 2244 5121 elementari
2274 5079 2320 5122 et
2354 5067 2644 5122 declaratio
2676 5083 2706 5118 a
2733 5058 2896 5118 simili
2937 5064 3193 5130 partium.
3223 5058 3292 5100 '—
3319 5059 3405 5113 51.
3432 5058 3538 5111 Oc.

349 5138 568 5206 cupatio
599 5153 707 5205 qua
734 5138 1035 5191 ostenditur
1061 5135 1224 5207 etiam
1255 5138 1464 5207 plantas
1491 5144 1542 5190 et
1569 5135 1829 5207 animalia
1855 5136 1977 5207 plus
2007 5147 2159 5192 terra
2192 5139 2512 5207 participare
2539 5140 2662 5206 quia
2691 5137 2898 5207 suntin
2931 5138 3046 5189 loco
3073 5145 3231 5188 terra:
3261 5145 3280 5196 ,°
3321 5138 3539 5184 cwtero-

349 5205 469 5261 rum
498 5224 618 5264 vero
647 5207 1024 5262 elementorum
1048 5205 1171 5276 plus
1202 5206 1439 5262 minusve
1471 5222 1567 5276 pro
1589 5206 1792 5276 majore
1824 5205 1906 5262 uel
1939 5208 2140 5263 minore
2154 5205 2336 5264 eorum
2366 5205 2400 5263 a
2431 5205 2586 5264 terris
2616 5205 2901 5264 distantia.

869 5449 1124 5505 ΚΕΦΑΛ.
1157 5450 1256 5509 1Δ’.

2561 5446 2793 5506 CAPUT
2829 5446 2921 5505 Xl.

792 5543 930 5613 Περὶ
980 5547 1320 5616 στοιχείων.

360 5639 429 5690 α’.
460 5633 692 5706 Εἴρηται
738 5635 840 5707 μὲν
885 5643 1154 5712 πρότερον
1200 5642 1330 5714 περὶ
1367 5641 1476 5697 τῶν
1499 5645 1732 5716 πρῶτων
1760 5642 1854 5697 καὶ

289 5727 604 5798 ἀσωμάτων
655 5729 753 5782 καὶ
805 5728 1201 5789 ἁπλουστατων
1263 5735 1624 5807 στοιχειωδῶν
1673 5735 1858 5807 ἀρχῶν

365 5844 409 5876 ⁸⁸
449 5847 480 5902 5
507 5843 670 5918 Pltys.
713 5861 761 5904 c.
800 5846 854 5915 5,
887 5857 925 5903 t.
969 5849 1060 5905 56.

2521 5542 2601 5598 De
2655 5539 2947 5596 elementis.

2037 5640 2090 5696 1.
2134 5639 2210 5696 De
2241 5639 2432 5711 primis
2469 5647 2522 5694 et
2567 5650 2798 5704 corpore
2826 5631 3156 5688 vacantibus
3199 5623 3539 5697 simplicissi-

1969 5733 2184 5804 ntisque
2211 5730 2482 5789 naturalis
2511 5743 2760 5800 corporis
2796 5726 3065 5798 cujusque
3113 5717 3536 5781 elementaribus
