  <div class='ocr_page' id='page_1' title='image "/cluster/home/n/w/nwhite01/storage/ocr_20150623/142/hvd.32044012457388/563.png"; bbox 0 0 3832 6360; ppageno 0'>
   <div class='ocr_carea' id='block_1_1' title="bbox 405 375 538 438">
    <p class='ocr_par' dir='ltr' id='par_1_1' title="bbox 405 375 538 438">
     <span class='ocr_line' id='line_1_1' title="bbox 405 375 538 438; baseline 0 -2"><span class='ocrx_word' id='word_1_1' title='bbox 405 375 538 438; x_wconf 76' lang='lat' dir='ltr'><strong>illS</strong></span> 
     </span>
    </p>
   </div>
   <div class='ocr_carea' id='block_1_2' title="bbox 1598 367 2483 449">
    <p class='ocr_par' dir='ltr' id='par_1_2' title="bbox 1598 367 2483 449">
     <span class='ocr_line' id='line_1_2' title="bbox 1598 367 2483 449; baseline 0.009 -8"><span class='ocrx_word' id='word_1_2' title='bbox 1598 381 2018 444; x_wconf 79' lang='lat' dir='ltr'><strong>NICEPHORI</strong></span> <span class='ocrx_word' id='word_1_3' title='bbox 2062 367 2483 449; x_wconf 61' lang='lat' dir='ltr'><strong>eranturbe</strong></span> 
     </span>
    </p>
   </div>
   <div class='ocr_carea' id='block_1_3' title="bbox 3506 393 3640 461">
    <p class='ocr_par' dir='ltr' id='par_1_3' title="bbox 3506 393 3640 461">
     <span class='ocr_line' id='line_1_3' title="bbox 3506 393 3640 461; baseline -0.03 0"><span class='ocrx_word' id='word_1_4' title='bbox 3506 393 3640 461; x_wconf 74' lang='grc'><strong>1116</strong></span> 
     </span>
    </p>
   </div>
   <div class='ocr_carea' id='block_1_4' title="bbox 403 481 1986 576">
    <p class='ocr_par' dir='ltr' id='par_1_4' title="bbox 403 481 1985 565">
     <span class='ocr_line' id='line_1_4' title="bbox 403 481 1985 565; baseline 0.006 -19"><span class='ocrx_word' id='word_1_5' title='bbox 403 494 710 565; x_wconf 70' lang='lat' dir='ltr'><strong>principiis.</strong></span> <span class='ocrx_word' id='word_1_6' title='bbox 750 497 817 552; x_wconf 85' lang='lat' dir='ltr'><strong>de</strong></span> <span class='ocrx_word' id='word_1_7' title='bbox 865 497 1100 551; x_wconf 86' lang='lat' dir='ltr'><strong>materia</strong></span> <span class='ocrx_word' id='word_1_8' title='bbox 1143 496 1400 552; x_wconf 83' lang='lat' dir='ltr'><strong>videlicet</strong></span> <span class='ocrx_word' id='word_1_9' title='bbox 1448 507 1503 554; x_wconf 84' lang='lat' dir='ltr'><strong>et</strong></span> <span class='ocrx_word' id='word_1_10' title='bbox 1541 481 1738 565; x_wconf 71' lang='lat' dir='ltr'><strong>farina,</strong></span> <span class='ocrx_word' id='word_1_11' title='bbox 1781 503 1894 557; x_wconf 86' lang='lat' dir='ltr'><strong>sive</strong></span> <span class='ocrx_word' id='word_1_12' title='bbox 1920 504 1985 556; x_wconf 88' lang='lat' dir='ltr'><strong>de</strong></span> 
     </span>
    </p>
   </div>
   <div class='ocr_carea' id='block_1_5' title="bbox 2096 481 3653 576">
    <p class='ocr_par' dir='ltr' id='par_1_5' title="bbox 2096 503 3653 576">
     <span class='ocr_line' id='line_1_5' title="bbox 2096 503 3653 576; baseline 0.003 -19"><span class='ocrx_word' id='word_1_13' title='bbox 2096 504 2290 568; x_wconf 68' lang='lat' dir='ltr'><strong>naucb;</strong></span> <span class='ocrx_word' id='word_1_14' title='bbox 2333 507 2586 572; x_wconf 83' lang='grc' dir='ltr'>σώματος</span> <span class='ocrx_word' id='word_1_15' title='bbox 2622 505 2880 572; x_wconf 79' lang='grc' dir='ltr'>φυσικοῦ,</span> <span class='ocrx_word' id='word_1_16' title='bbox 2915 507 3012 575; x_wconf 74' lang='grc' dir='ltr'>τῆς</span> <span class='ocrx_word' id='word_1_17' title='bbox 3042 506 3175 574; x_wconf 79' lang='grc' dir='ltr'>ὕλης</span> <span class='ocrx_word' id='word_1_18' title='bbox 3211 505 3417 576; x_wconf 86' lang='grc' dir='ltr'>δηλαδὴ</span> <span class='ocrx_word' id='word_1_19' title='bbox 3453 510 3543 561; x_wconf 71' lang='grc' dir='ltr'><strong>καὶ</strong></span> <span class='ocrx_word' id='word_1_20' title='bbox 3566 503 3653 563; x_wconf 80' lang='grc' dir='ltr'>τοῦ</span> 
     </span>
    </p>
   </div>
   <div class='ocr_carea' id='block_1_6' title="bbox 407 587 1976 660">
    <p class='ocr_par' dir='ltr' id='par_1_6' title="bbox 407 587 1976 660">
     <span class='ocr_line' id='line_1_6' title="bbox 407 587 1976 660; baseline 0.007 -22"><span class='ocrx_word' id='word_1_21' title='bbox 407 589 638 644; x_wconf 84' lang='lat' dir='ltr'><strong>materia</strong></span> <span class='ocrx_word' id='word_1_22' title='bbox 669 587 958 658; x_wconf 71' lang='lat' dir='ltr'><strong>qualitatis</strong></span> <span class='ocrx_word' id='word_1_23' title='bbox 983 601 1225 658; x_wconf 86' lang='lat' dir='ltr'><strong>experte,</strong></span> <span class='ocrx_word' id='word_1_24' title='bbox 1253 601 1306 646; x_wconf 88' lang='lat' dir='ltr'><strong>et</strong></span> <span class='ocrx_word' id='word_1_25' title='bbox 1337 592 1976 660; x_wconf 75' lang='lat' dir='ltr'><strong>qualitateimmateriali</strong></span> 
     </span>
    </p>
   </div>
   <div class='ocr_carea' id='block_1_7' title="bbox 403 678 1980 754">
    <p class='ocr_par' dir='ltr' id='par_1_7' title="bbox 403 678 1980 754">
     <span class='ocr_line' id='line_1_7' title="bbox 403 678 1980 754; baseline 0.007 -25"><span class='ocrx_word' id='word_1_26' title='bbox 403 678 604 745; x_wconf 64' lang='lat' dir='ltr'><strong>(forma</strong></span> <span class='ocrx_word' id='word_1_27' title='bbox 647 680 791 732; x_wconf 89' lang='lat' dir='ltr'><strong>enim</strong></span> <span class='ocrx_word' id='word_1_28' title='bbox 825 680 1062 749; x_wconf 79' lang='lat' dir='ltr'><strong>qualitas</strong></span> <span class='ocrx_word' id='word_1_29' title='bbox 1114 689 1239 745; x_wconf 78' lang='lat' dir='ltr'><strong>est.</strong></span> <span class='ocrx_word' id='word_1_30' title='bbox 1293 683 1738 752; x_wconf 85' lang='lat' dir='ltr'><strong>quandoquidem</strong></span> <span class='ocrx_word' id='word_1_31' title='bbox 1779 701 1980 754; x_wconf 84' lang='lat' dir='ltr'><strong>corpus</strong></span> 
     </span>
    </p>
   </div>
   <div class='ocr_carea' id='block_1_8' title="bbox 404 769 1980 844">
    <p class='ocr_par' dir='ltr' id='par_1_8' title="bbox 404 769 1980 844">
     <span class='ocr_line' id='line_1_8' title="bbox 404 769 1980 844; baseline 0.004 -23"><span class='ocrx_word' id='word_1_32' title='bbox 404 770 672 838; x_wconf 83' lang='lat' dir='ltr'><strong>qualitate</strong></span> <span class='ocrx_word' id='word_1_33' title='bbox 690 769 942 824; x_wconf 74' lang='lat' dir='ltr'><strong>allectum</strong></span> <span class='ocrx_word' id='word_1_34' title='bbox 978 772 1293 842; x_wconf 75' lang='lat' dir='ltr'><strong>informat),</strong></span> <span class='ocrx_word' id='word_1_35' title='bbox 1325 773 1534 827; x_wconf 90' lang='lat' dir='ltr'><strong>dictum</strong></span> <span class='ocrx_word' id='word_1_36' title='bbox 1569 773 1786 844; x_wconf 79' lang='lat' dir='ltr'><strong>quidem</strong></span> <span class='ocrx_word' id='word_1_37' title='bbox 1819 786 1980 829; x_wconf 88' lang='lat' dir='ltr'><strong>antea</strong></span> 
     </span>
    </p>
   </div>
   <div class='ocr_carea' id='block_1_9' title="bbox 404 865 1980 937">
    <p class='ocr_par' dir='ltr' id='par_1_9' title="bbox 404 865 1980 937">
     <span class='ocr_line' id='line_1_9' title="bbox 404 865 1980 937; baseline 0.01 -27"><span class='ocrx_word' id='word_1_38' title='bbox 404 870 486 914; x_wconf 85' lang='lat' dir='ltr'><strong>est</strong></span> <span class='ocrx_word' id='word_1_39' title='bbox 509 877 524 926; x_wconf 85' lang='lat'><strong>;</strong></span> <span class='ocrx_word' id='word_1_40' title='bbox 547 876 694 915; x_wconf 90' lang='lat' dir='ltr'><strong>nunc</strong></span> <span class='ocrx_word' id='word_1_41' title='bbox 720 873 897 916; x_wconf 87' lang='lat' dir='ltr'><strong>autem</strong></span> <span class='ocrx_word' id='word_1_42' title='bbox 927 866 994 917; x_wconf 88' lang='lat' dir='ltr'><strong>de</strong></span> <span class='ocrx_word' id='word_1_43' title='bbox 1025 865 1147 920; x_wconf 87' lang='lat' dir='ltr'><strong>aliis</strong></span> <span class='ocrx_word' id='word_1_44' title='bbox 1171 865 1498 934; x_wconf 84' lang='lat' dir='ltr'><strong>quibusdam</strong></span> <span class='ocrx_word' id='word_1_45' title='bbox 1532 867 1781 922; x_wconf 87' lang='lat' dir='ltr'><strong>secundis</strong></span> <span class='ocrx_word' id='word_1_46' title='bbox 1823 868 1980 937; x_wconf 76' lang='lat'><strong>127</strong></span> 
     </span>
    </p>
   </div>
   <div class='ocr_carea' id='block_1_10' title="bbox 409 953 1981 1028">
    <p class='ocr_par' dir='ltr' id='par_1_10' title="bbox 409 953 1981 1028">
     <span class='ocr_line' id='line_1_10' title="bbox 409 953 1981 1028; baseline 0.006 -23"><span class='ocrx_word' id='word_1_47' title='bbox 409 953 696 1023; x_wconf 85' lang='lat' dir='ltr'><strong>principiis</strong></span> <span class='ocrx_word' id='word_1_48' title='bbox 735 957 1039 1022; x_wconf 78' lang='lat' dir='ltr'><strong>corporeis,</strong></span> <span class='ocrx_word' id='word_1_49' title='bbox 1079 972 1203 1025; x_wconf 73' lang='lat' dir='ltr'><strong>qua:</strong></span> <span class='ocrx_word' id='word_1_50' title='bbox 1242 972 1304 1011; x_wconf 83' lang='lat' dir='ltr'><strong>ex</strong></span> <span class='ocrx_word' id='word_1_51' title='bbox 1365 960 1558 1028; x_wconf 79' lang='lat' dir='ltr'><strong>primis</strong></span> <span class='ocrx_word' id='word_1_52' title='bbox 1612 959 1718 1012; x_wconf 87' lang='lat' dir='ltr'><strong>illis</strong></span> <span class='ocrx_word' id='word_1_53' title='bbox 1751 961 1981 1014; x_wconf 78' lang='lat' dir='ltr'><strong>conﬂata</strong></span> 
     </span>
    </p>
   </div>
   <div class='ocr_carea' id='block_1_11' title="bbox 405 1047 1983 1119">
    <p class='ocr_par' dir='ltr' id='par_1_11' title="bbox 405 1047 1983 1119">
     <span class='ocr_line' id='line_1_11' title="bbox 405 1047 1983 1119; baseline 0.006 -21"><span class='ocrx_word' id='word_1_54' title='bbox 405 1054 556 1110; x_wconf 89' lang='lat' dir='ltr'><strong>sunt,</strong></span> <span class='ocrx_word' id='word_1_55' title='bbox 583 1048 760 1101; x_wconf 89' lang='lat' dir='ltr'><strong>oratio</strong></span> <span class='ocrx_word' id='word_1_56' title='bbox 815 1047 1130 1103; x_wconf 87' lang='lat' dir='ltr'><strong>iustituetur</strong></span> <span class='ocrx_word' id='word_1_57' title='bbox 1152 1048 1190 1115; x_wconf 81' lang='lat'><strong>;‘</strong></span> <span class='ocrx_word' id='word_1_58' title='bbox 1219 1065 1342 1119; x_wconf 73' lang='lat' dir='ltr'><strong>qua:</strong></span> <span class='ocrx_word' id='word_1_59' title='bbox 1379 1052 1597 1119; x_wconf 87' lang='lat' dir='ltr'><strong>proprie</strong></span> <span class='ocrx_word' id='word_1_60' title='bbox 1628 1052 1897 1105; x_wconf 89' lang='lat' dir='ltr'><strong>elementa</strong></span> <span class='ocrx_word' id='word_1_61' title='bbox 1928 1060 1983 1107; x_wconf 89' lang='lat' dir='ltr'><strong>et</strong></span> 
     </span>
    </p>
   </div>
   <div class='ocr_carea' id='block_1_12' title="bbox 410 1139 1982 1214">
    <p class='ocr_par' dir='ltr' id='par_1_12' title="bbox 410 1139 1982 1214">
     <span class='ocr_line' id='line_1_12' title="bbox 410 1139 1982 1214; baseline 0.003 -20"><span class='ocrx_word' id='word_1_62' title='bbox 410 1139 677 1209; x_wconf 86' lang='lat' dir='ltr'><strong>simplicia</strong></span> <span class='ocrx_word' id='word_1_63' title='bbox 724 1155 955 1211; x_wconf 87' lang='lat' dir='ltr'><strong>corpora</strong></span> <span class='ocrx_word' id='word_1_64' title='bbox 1012 1143 1381 1212; x_wconf 87' lang='lat' dir='ltr'><strong>appellantur.</strong></span> <span class='ocrx_word' id='word_1_65' title='bbox 1426 1142 1708 1198; x_wconf 82' lang='lat' dir='ltr'><strong>Elementa</strong></span> <span class='ocrx_word' id='word_1_66' title='bbox 1739 1145 1982 1214; x_wconf 88' lang='lat' dir='ltr'><strong>quidem.</strong></span> 
     </span>
    </p>
   </div>
   <div class='ocr_carea' id='block_1_13' title="bbox 410 1234 1983 1306">
    <p class='ocr_par' dir='ltr' id='par_1_13' title="bbox 410 1234 1983 1306">
     <span class='ocr_line' id='line_1_13' title="bbox 410 1234 1983 1306; baseline 0.006 -23"><span class='ocrx_word' id='word_1_67' title='bbox 410 1234 553 1300; x_wconf 90' lang='lat' dir='ltr'><strong>quod</strong></span> <span class='ocrx_word' id='word_1_68' title='bbox 602 1241 802 1288; x_wconf 70' lang='lat' dir='ltr'><strong>cmtera</strong></span> <span class='ocrx_word' id='word_1_69' title='bbox 857 1236 1128 1290; x_wconf 85' lang='lat' dir='ltr'><strong>naturalia</strong></span> <span class='ocrx_word' id='word_1_70' title='bbox 1195 1251 1421 1306; x_wconf 89' lang='lat' dir='ltr'><strong>corpora</strong></span> <span class='ocrx_word' id='word_1_71' title='bbox 1483 1238 1734 1306; x_wconf 80' lang='lat' dir='ltr'><strong>proxime</strong></span> <span class='ocrx_word' id='word_1_72' title='bbox 1791 1251 1858 1291; x_wconf 79' lang='lat' dir='ltr'><strong>ex</strong></span> <span class='ocrx_word' id='word_1_73' title='bbox 1901 1235 1983 1292; x_wconf 90' lang='lat' dir='ltr'><strong>bis</strong></span> 
     </span>
    </p>
   </div>
   <div class='ocr_carea' id='block_1_14' title="bbox 405 1329 1984 1398">
    <p class='ocr_par' dir='ltr' id='par_1_14' title="bbox 405 1329 1984 1398">
     <span class='ocr_line' id='line_1_14' title="bbox 405 1329 1984 1398; baseline 0.003 -18"><span class='ocrx_word' id='word_1_74' title='bbox 405 1334 705 1392; x_wconf 85' lang='lat' dir='ltr'><strong>constant;</strong></span> <span class='ocrx_word' id='word_1_75' title='bbox 744 1329 1010 1397; x_wconf 79' lang='lat' dir='ltr'><strong>simplicia</strong></span> <span class='ocrx_word' id='word_1_76' title='bbox 1066 1337 1248 1383; x_wconf 89' lang='lat' dir='ltr'><strong>autem</strong></span> <span class='ocrx_word' id='word_1_77' title='bbox 1304 1345 1530 1398; x_wconf 84' lang='lat' dir='ltr'><strong>corpora</strong></span> <span class='ocrx_word' id='word_1_78' title='bbox 1557 1369 1570 1394; x_wconf 89' lang='lat'><strong>,</strong></span> <span class='ocrx_word' id='word_1_79' title='bbox 1607 1330 1667 1383; x_wconf 80' lang='lat' dir='ltr'><strong>‘si</strong></span> <span class='ocrx_word' id='word_1_80' title='bbox 1712 1345 1832 1384; x_wconf 91' lang='lat' dir='ltr'><strong>cum</strong></span> <span class='ocrx_word' id='word_1_81' title='bbox 1897 1331 1984 1385; x_wconf 89' lang='lat' dir='ltr'><strong>his</strong></span> 
     </span>
    </p>
   </div>
   <div class='ocr_carea' id='block_1_15' title="bbox 409 1420 1985 1489">
    <p class='ocr_par' dir='ltr' id='par_1_15' title="bbox 409 1420 1985 1489">
     <span class='ocr_line' id='line_1_15' title="bbox 409 1420 1985 1489; baseline 0.005 -21"><span class='ocrx_word' id='word_1_82' title='bbox 409 1435 530 1487; x_wconf 69' lang='lat' dir='ltr'><strong>quae</strong></span> <span class='ocrx_word' id='word_1_83' title='bbox 555 1420 867 1474; x_wconf 75' lang='lat' dir='ltr'><strong>conﬂantur</strong></span> <span class='ocrx_word' id='word_1_84' title='bbox 917 1435 981 1474; x_wconf 84' lang='lat' dir='ltr'><strong>ex</strong></span> <span class='ocrx_word' id='word_1_85' title='bbox 1017 1422 1176 1489; x_wconf 86' lang='lat' dir='ltr'><strong>ipsis,</strong></span> <span class='ocrx_word' id='word_1_86' title='bbox 1205 1421 1583 1476; x_wconf 77' lang='lat' dir='ltr'><strong>conferantur.</strong></span> <span class='ocrx_word' id='word_1_87' title='bbox 1617 1421 1812 1477; x_wconf 86' lang='lat' dir='ltr'><strong>Omnia</strong></span> <span class='ocrx_word' id='word_1_88' title='bbox 1839 1423 1985 1478; x_wconf 86' lang='lat' dir='ltr'><strong>enim</strong></span> 
     </span>
    </p>
   </div>
   <div class='ocr_carea' id='block_1_16' title="bbox 409 1513 1986 1586">
    <p class='ocr_par' dir='ltr' id='par_1_16' title="bbox 409 1513 1986 1586">
     <span class='ocr_line' id='line_1_16' title="bbox 409 1513 1986 1586; baseline 0.004 -23"><span class='ocrx_word' id='word_1_89' title='bbox 409 1524 476 1563; x_wconf 82' lang='lat' dir='ltr'><strong>ex</strong></span> <span class='ocrx_word' id='word_1_90' title='bbox 505 1513 708 1580; x_wconf 83' lang='lat' dir='ltr'><strong>quibus</strong></span> <span class='ocrx_word' id='word_1_91' title='bbox 753 1513 1080 1578; x_wconf 85' lang='lat' dir='ltr'><strong>compositio</strong></span> <span class='ocrx_word' id='word_1_92' title='bbox 1113 1513 1191 1579; x_wconf 82' lang='lat' dir='ltr'><strong>iit,</strong></span> <span class='ocrx_word' id='word_1_93' title='bbox 1235 1513 1318 1568; x_wconf 86' lang='lat' dir='ltr'><strong>bis</strong></span> <span class='ocrx_word' id='word_1_94' title='bbox 1342 1529 1461 1584; x_wconf 81' lang='lat' dir='ltr'><strong>quae</strong></span> <span class='ocrx_word' id='word_1_95' title='bbox 1493 1529 1558 1568; x_wconf 83' lang='lat' dir='ltr'><strong>ex</strong></span> <span class='ocrx_word' id='word_1_96' title='bbox 1597 1514 1731 1584; x_wconf 81' lang='lat' dir='ltr'><strong>ipsis</strong></span> <span class='ocrx_word' id='word_1_97' title='bbox 1761 1528 1986 1586; x_wconf 89' lang='lat' dir='ltr'><strong>compo-</strong></span> 
     </span>
    </p>
   </div>
   <div class='ocr_carea' id='block_1_17' title="bbox 411 1604 1188 1670">
    <p class='ocr_par' dir='ltr' id='par_1_17' title="bbox 411 1604 1188 1670">
     <span class='ocr_line' id='line_1_17' title="bbox 411 1604 1188 1670; baseline 0.005 -16"><span class='ocrx_word' id='word_1_98' title='bbox 411 1611 639 1666; x_wconf 85' lang='lat' dir='ltr'><strong>nuntur,</strong></span> <span class='ocrx_word' id='word_1_99' title='bbox 675 1604 1009 1670; x_wconf 83' lang='lat' dir='ltr'><strong>simpliciora</strong></span> <span class='ocrx_word' id='word_1_100' title='bbox 1042 1614 1188 1658; x_wconf 86' lang='lat' dir='ltr'><strong>sunt.</strong></span> 
     </span>
    </p>
   </div>
   <div class='ocr_carea' id='block_1_18' title="bbox 479 1694 1983 1772">
    <p class='ocr_par' dir='ltr' id='par_1_18' title="bbox 479 1694 1983 1772">
     <span class='ocr_line' id='line_1_18' title="bbox 479 1694 1983 1772; baseline 0.005 -24"><span class='ocrx_word' id='word_1_101' title='bbox 479 1694 535 1748; x_wconf 76' lang='lat'><strong>2.</strong></span> <span class='ocrx_word' id='word_1_102' title='bbox 559 1695 711 1761; x_wconf 86' lang='lat' dir='ltr'><strong>Quod</strong></span> <span class='ocrx_word' id='word_1_103' title='bbox 746 1697 908 1766; x_wconf 80' lang='lat' dir='ltr'><strong>igitur</strong></span> <span class='ocrx_word' id='word_1_104' title='bbox 947 1700 1000 1750; x_wconf 92' lang='lat' dir='ltr'><strong>in</strong></span> <span class='ocrx_word' id='word_1_105' title='bbox 1039 1697 1231 1752; x_wconf 82' lang='lat' dir='ltr'><strong>formis</strong></span> <span class='ocrx_word' id='word_1_106' title='bbox 1259 1702 1624 1756; x_wconf 86' lang='lat' dir='ltr'><strong>contrarietas</strong></span> <span class='ocrx_word' id='word_1_107' title='bbox 1667 1704 1744 1757; x_wconf 85' lang='lat' dir='ltr'><strong>sit</strong></span> <span class='ocrx_word' id='word_1_108' title='bbox 1773 1701 1983 1772; x_wconf 86' lang='lat' dir='ltr'><strong>(omnis</strong></span> 
     </span>
    </p>
   </div>
   <div class='ocr_carea' id='block_1_19' title="bbox 419 1785 1977 1856">
    <p class='ocr_par' dir='ltr' id='par_1_19' title="bbox 419 1785 1977 1856">
     <span class='ocr_line' id='line_1_19' title="bbox 419 1785 1977 1856; baseline 0.008 -20"><span class='ocrx_word' id='word_1_109' title='bbox 419 1785 562 1838; x_wconf 59' lang='lat' dir='ltr'><strong>enim</strong></span> <span class='ocrx_word' id='word_1_110' title='bbox 594 1788 871 1856; x_wconf 80' lang='lat' dir='ltr'><strong>generatio</strong></span> <span class='ocrx_word' id='word_1_111' title='bbox 886 1803 949 1842; x_wconf 85' lang='lat' dir='ltr'><strong>ex</strong></span> <span class='ocrx_word' id='word_1_112' title='bbox 969 1789 1266 1854; x_wconf 85' lang='lat' dir='ltr'><strong>contrario,</strong></span> <span class='ocrx_word' id='word_1_113' title='bbox 1285 1801 1338 1844; x_wconf 88' lang='lat' dir='ltr'><strong>et</strong></span> <span class='ocrx_word' id='word_1_114' title='bbox 1362 1808 1553 1846; x_wconf 83' lang='lat' dir='ltr'><strong>rursus</strong></span> <span class='ocrx_word' id='word_1_115' title='bbox 1576 1794 1754 1847; x_wconf 87' lang='lat' dir='ltr'><strong>omnis</strong></span> <span class='ocrx_word' id='word_1_116' title='bbox 1787 1808 1977 1848; x_wconf 86' lang='lat' dir='ltr'><strong>corru-</strong></span> 
     </span>
    </p>
   </div>
   <div class='ocr_carea' id='block_1_20' title="bbox 419 1879 1986 1950">
    <p class='ocr_par' dir='ltr' id='par_1_20' title="bbox 419 1879 1986 1950">
     <span class='ocr_line' id='line_1_20' title="bbox 419 1879 1986 1950; baseline 0.006 -22"><span class='ocrx_word' id='word_1_117' title='bbox 419 1880 532 1945; x_wconf 88' lang='lat' dir='ltr'><strong>ptio</strong></span> <span class='ocrx_word' id='word_1_118' title='bbox 553 1881 604 1931; x_wconf 92' lang='lat' dir='ltr'><strong>in</strong></span> <span class='ocrx_word' id='word_1_119' title='bbox 623 1880 953 1933; x_wconf 87' lang='lat' dir='ltr'><strong>contrarium</strong></span> <span class='ocrx_word' id='word_1_120' title='bbox 974 1879 1050 1950; x_wconf 84' lang='lat' dir='ltr'><strong>iit)</strong></span> <span class='ocrx_word' id='word_1_121' title='bbox 1073 1893 1194 1936; x_wconf 88' lang='lat' dir='ltr'><strong>ante</strong></span> <span class='ocrx_word' id='word_1_122' title='bbox 1208 1893 1690 1938; x_wconf 86' lang='lat' dir='ltr'><strong>commemoratum</strong></span> <span class='ocrx_word' id='word_1_123' title='bbox 1711 1894 1814 1939; x_wconf 86' lang='lat' dir='ltr'><strong>est.</strong></span> <span class='ocrx_word' id='word_1_124' title='bbox 1835 1884 1986 1950; x_wconf 87' lang='lat' dir='ltr'><strong>Quo-</strong></span> 
     </span>
    </p>
   </div>
   <div class='ocr_carea' id='block_1_21' title="bbox 410 1970 1983 2045">
    <p class='ocr_par' dir='ltr' id='par_1_21' title="bbox 410 1970 1983 2045">
     <span class='ocr_line' id='line_1_21' title="bbox 410 1970 1983 2045; baseline 0.005 -23"><span class='ocrx_word' id='word_1_125' title='bbox 410 1970 554 2024; x_wconf 89' lang='lat' dir='ltr'><strong>niam</strong></span> <span class='ocrx_word' id='word_1_126' title='bbox 587 1978 766 2024; x_wconf 89' lang='lat' dir='ltr'><strong>autem</strong></span> <span class='ocrx_word' id='word_1_127' title='bbox 803 1971 849 2002; x_wconf 84' lang='lat'><strong>&quot;&#39;</strong></span> <span class='ocrx_word' id='word_1_128' title='bbox 882 1973 1208 2027; x_wconf 80' lang='lat' dir='ltr'><strong>uaturatium</strong></span> <span class='ocrx_word' id='word_1_129' title='bbox 1239 1983 1293 2028; x_wconf 87' lang='lat' dir='ltr'><strong>et</strong></span> <span class='ocrx_word' id='word_1_130' title='bbox 1328 1975 1664 2028; x_wconf 78' lang='lat' dir='ltr'><strong>sensibilium</strong></span> <span class='ocrx_word' id='word_1_131' title='bbox 1692 1991 1983 2045; x_wconf 85' lang='lat' dir='ltr'><strong>corporum</strong></span> 
     </span>
    </p>
   </div>
   <div class='ocr_carea' id='block_1_22' title="bbox 408 2065 1985 2134">
    <p class='ocr_par' dir='ltr' id='par_1_22' title="bbox 408 2065 1985 2134">
     <span class='ocr_line' id='line_1_22' title="bbox 408 2065 1985 2134; baseline 0.002 -17"><span class='ocrx_word' id='word_1_132' title='bbox 408 2065 651 2117; x_wconf 90' lang='lat' dir='ltr'><strong>omnium</strong></span> <span class='ocrx_word' id='word_1_133' title='bbox 678 2065 1003 2134; x_wconf 84' lang='lat' dir='ltr'><strong>inquirendo</strong></span> <span class='ocrx_word' id='word_1_134' title='bbox 1031 2068 1318 2134; x_wconf 85' lang='lat' dir='ltr'><strong>principia,</strong></span> <span class='ocrx_word' id='word_1_135' title='bbox 1369 2070 1650 2122; x_wconf 85' lang='lat' dir='ltr'><strong>materiam</strong></span> <span class='ocrx_word' id='word_1_136' title='bbox 1685 2077 1739 2123; x_wconf 88' lang='lat' dir='ltr'><strong>et</strong></span> <span class='ocrx_word' id='word_1_137' title='bbox 1769 2076 1985 2123; x_wconf 83' lang='lat' dir='ltr'><strong>contra-</strong></span> 
     </span>
    </p>
   </div>
   <div class='ocr_carea' id='block_1_23' title="bbox 409 2157 1993 2231">
    <p class='ocr_par' dir='ltr' id='par_1_23' title="bbox 409 2157 1993 2231">
     <span class='ocr_line' id='line_1_23' title="bbox 409 2157 1993 2231; baseline 0.003 -22"><span class='ocrx_word' id='word_1_138' title='bbox 409 2157 654 2211; x_wconf 86' lang='lat' dir='ltr'><strong>rietatem</strong></span> <span class='ocrx_word' id='word_1_139' title='bbox 687 2159 996 2213; x_wconf 84' lang='lat' dir='ltr'><strong>invenimus</strong></span> <span class='ocrx_word' id='word_1_140' title='bbox 1025 2169 1079 2214; x_wconf 91' lang='lat' dir='ltr'><strong>et</strong></span> <span class='ocrx_word' id='word_1_141' title='bbox 1108 2161 1489 2215; x_wconf 86' lang='lat' dir='ltr'><strong>constituimus</strong></span> <span class='ocrx_word' id='word_1_142' title='bbox 1523 2178 1538 2229; x_wconf 88' lang='lat'><strong>;</strong></span> <span class='ocrx_word' id='word_1_143' title='bbox 1597 2162 1850 2231; x_wconf 89' lang='lat' dir='ltr'><strong>princeps</strong></span> <span class='ocrx_word' id='word_1_144' title='bbox 1874 2176 1993 2215; x_wconf 91' lang='lat' dir='ltr'><strong>om-</strong></span> 
     </span>
    </p>
   </div>
   <div class='ocr_carea' id='block_1_24' title="bbox 415 2250 1992 2322">
    <p class='ocr_par' dir='ltr' id='par_1_24' title="bbox 415 2250 1992 2322">
     <span class='ocr_line' id='line_1_24' title="bbox 415 2250 1992 2322; baseline 0.004 -20"><span class='ocrx_word' id='word_1_145' title='bbox 415 2250 498 2303; x_wconf 85' lang='lat' dir='ltr'><strong>nis</strong></span> <span class='ocrx_word' id='word_1_146' title='bbox 529 2252 904 2319; x_wconf 84' lang='lat' dir='ltr'><strong>contrarietas,</strong></span> <span class='ocrx_word' id='word_1_147' title='bbox 923 2251 1195 2306; x_wconf 82' lang='lat' dir='ltr'><strong>sensibilis</strong></span> <span class='ocrx_word' id='word_1_148' title='bbox 1216 2252 1322 2307; x_wconf 89' lang='lat' dir='ltr'><strong>erit</strong></span> <span class='ocrx_word' id='word_1_149' title='bbox 1349 2270 1364 2319; x_wconf 91' lang='lat'><strong>;</strong></span> <span class='ocrx_word' id='word_1_150' title='bbox 1390 2269 1488 2309; x_wconf 91' lang='lat' dir='ltr'><strong>nec</strong></span> <span class='ocrx_word' id='word_1_151' title='bbox 1520 2262 1701 2308; x_wconf 88' lang='lat' dir='ltr'><strong>tamen</strong></span> <span class='ocrx_word' id='word_1_152' title='bbox 1725 2269 1992 2322; x_wconf 75' lang='lat' dir='ltr'><strong>quaecun—</strong></span> 
     </span>
    </p>
   </div>
   <div class='ocr_carea' id='block_1_25' title="bbox 411 2342 1993 2415">
    <p class='ocr_par' dir='ltr' id='par_1_25' title="bbox 411 2342 1993 2415">
     <span class='ocr_line' id='line_1_25' title="bbox 411 2342 1993 2415; baseline 0.005 -21"><span class='ocrx_word' id='word_1_153' title='bbox 411 2359 516 2412; x_wconf 88' lang='lat' dir='ltr'><strong>que</strong></span> <span class='ocrx_word' id='word_1_154' title='bbox 563 2342 864 2408; x_wconf 86' lang='lat' dir='ltr'><strong>sensibilis,</strong></span> <span class='ocrx_word' id='word_1_155' title='bbox 899 2343 991 2398; x_wconf 86' lang='lat' dir='ltr'><strong>sed</strong></span> <span class='ocrx_word' id='word_1_156' title='bbox 1031 2359 1093 2397; x_wconf 89' lang='lat' dir='ltr'><strong>ea</strong></span> <span class='ocrx_word' id='word_1_157' title='bbox 1123 2343 1340 2398; x_wconf 88' lang='lat' dir='ltr'><strong>demum</strong></span> <span class='ocrx_word' id='word_1_158' title='bbox 1400 2361 1522 2414; x_wconf 68' lang='lat' dir='ltr'><strong>quae</strong></span> <span class='ocrx_word' id='word_1_159' title='bbox 1570 2349 1810 2402; x_wconf 70' lang='lat' dir='ltr'><strong>materiae</strong></span> <span class='ocrx_word' id='word_1_160' title='bbox 1871 2361 1993 2415; x_wconf 88' lang='lat' dir='ltr'><strong>pro-</strong></span> 
     </span>
    </p>
   </div>
   <div class='ocr_carea' id='block_1_26' title="bbox 409 2435 1994 2510">
    <p class='ocr_par' dir='ltr' id='par_1_26' title="bbox 409 2435 1994 2510">
     <span class='ocr_line' id='line_1_26' title="bbox 409 2435 1994 2510; baseline 0.004 -21"><span class='ocrx_word' id='word_1_161' title='bbox 409 2437 555 2489; x_wconf 80' lang='lat' dir='ltr'><strong>xime</strong></span> <span class='ocrx_word' id='word_1_162' title='bbox 587 2435 880 2504; x_wconf 82' lang='lat' dir='ltr'><strong>conjuncta</strong></span> <span class='ocrx_word' id='word_1_163' title='bbox 938 2445 994 2490; x_wconf 90' lang='lat' dir='ltr'><strong>et</strong></span> <span class='ocrx_word' id='word_1_164' title='bbox 1030 2438 1261 2491; x_wconf 79' lang='lat' dir='ltr'><strong>maxime</strong></span> <span class='ocrx_word' id='word_1_165' title='bbox 1315 2441 1625 2495; x_wconf 89' lang='lat' dir='ltr'><strong>communis</strong></span> <span class='ocrx_word' id='word_1_166' title='bbox 1677 2449 1787 2505; x_wconf 88' lang='lat' dir='ltr'><strong>est,</strong></span> <span class='ocrx_word' id='word_1_167' title='bbox 1825 2449 1877 2494; x_wconf 89' lang='lat' dir='ltr'><strong>et</strong></span> <span class='ocrx_word' id='word_1_168' title='bbox 1898 2456 1994 2510; x_wconf 89' lang='lat' dir='ltr'><strong>per</strong></span> 
     </span>
    </p>
   </div>
   <div class='ocr_carea' id='block_1_27' title="bbox 409 2529 1993 2600">
    <p class='ocr_par' dir='ltr' id='par_1_27' title="bbox 409 2529 1993 2600">
     <span class='ocr_line' id='line_1_27' title="bbox 409 2529 1993 2600; baseline 0.005 -20"><span class='ocrx_word' id='word_1_169' title='bbox 409 2529 592 2583; x_wconf 89' lang='lat' dir='ltr'><strong>omnia</strong></span> <span class='ocrx_word' id='word_1_170' title='bbox 653 2544 885 2597; x_wconf 89' lang='lat' dir='ltr'><strong>corpora</strong></span> <span class='ocrx_word' id='word_1_171' title='bbox 937 2541 1182 2595; x_wconf 79' lang='lat' dir='ltr'><strong>vagatur.</strong></span> <span class='ocrx_word' id='word_1_172' title='bbox 1246 2531 1524 2600; x_wconf 81' lang='lat' dir='ltr'><strong>Ejusmodi</strong></span> <span class='ocrx_word' id='word_1_173' title='bbox 1584 2541 1763 2586; x_wconf 89' lang='lat' dir='ltr'><strong>autem</strong></span> <span class='ocrx_word' id='word_1_174' title='bbox 1789 2542 1872 2588; x_wconf 83' lang='lat' dir='ltr'><strong>est</strong></span> <span class='ocrx_word' id='word_1_175' title='bbox 1928 2548 1993 2588; x_wconf 76' lang='lat' dir='ltr'><strong>ea</strong></span> 
     </span>
    </p>
   </div>
   <div class='ocr_carea' id='block_1_28' title="bbox 407 2623 1990 2695">
    <p class='ocr_par' dir='ltr' id='par_1_28' title="bbox 407 2623 1990 2695">
     <span class='ocr_line' id='line_1_28' title="bbox 407 2623 1990 2695; baseline 0.003 -19"><span class='ocrx_word' id='word_1_176' title='bbox 407 2639 528 2692; x_wconf 75' lang='lat' dir='ltr'><strong>qua:</strong></span> <span class='ocrx_word' id='word_1_177' title='bbox 563 2623 663 2676; x_wconf 87' lang='lat' dir='ltr'><strong>sub</strong></span> <span class='ocrx_word' id='word_1_178' title='bbox 703 2631 906 2677; x_wconf 90' lang='lat' dir='ltr'><strong>tactum</strong></span> <span class='ocrx_word' id='word_1_179' title='bbox 946 2623 1040 2677; x_wconf 78' lang='lat' dir='ltr'><strong>cad</strong></span> <span class='ocrx_word' id='word_1_180' title='bbox 1070 2634 1108 2678; x_wconf 94' lang='lat' dir='ltr'><strong>t.</strong></span> <span class='ocrx_word' id='word_1_181' title='bbox 1161 2626 1458 2679; x_wconf 81' lang='lat' dir='ltr'><strong>Cumenim</strong></span> <span class='ocrx_word' id='word_1_182' title='bbox 1487 2627 1692 2695; x_wconf 88' lang='lat' dir='ltr'><strong>primus</strong></span> <span class='ocrx_word' id='word_1_183' title='bbox 1742 2627 1990 2682; x_wconf 89' lang='lat' dir='ltr'><strong>omnium</strong></span> 
     </span>
    </p>
   </div>
   <div class='ocr_carea' id='block_1_29' title="bbox 407 2716 1989 2788">
    <p class='ocr_par' dir='ltr' id='par_1_29' title="bbox 407 2716 1989 2788">
     <span class='ocr_line' id='line_1_29' title="bbox 407 2716 1989 2788; baseline 0.004 -19"><span class='ocrx_word' id='word_1_184' title='bbox 407 2729 671 2770; x_wconf 84' lang='lat' dir='ltr'><strong>sensuum</strong></span> <span class='ocrx_word' id='word_1_185' title='bbox 729 2716 1032 2772; x_wconf 86' lang='lat' dir='ltr'><strong>secundum</strong></span> <span class='ocrx_word' id='word_1_186' title='bbox 1080 2727 1328 2770; x_wconf 90' lang='lat' dir='ltr'><strong>naturam</strong></span> <span class='ocrx_word' id='word_1_187' title='bbox 1395 2718 1468 2770; x_wconf 92' lang='lat' dir='ltr'><strong>sit</strong></span> <span class='ocrx_word' id='word_1_188' title='bbox 1492 2727 1740 2788; x_wconf 35' lang='lat' dir='ltr'><strong>glactus;</strong></span> <span class='ocrx_word' id='word_1_189' title='bbox 1793 2719 1989 2776; x_wconf 86' lang='lat' dir='ltr'><strong>merito</strong></span> 
     </span>
    </p>
   </div>
   <div class='ocr_carea' id='block_1_30' title="bbox 399 2809 1994 2870">
    <p class='ocr_par' dir='ltr' id='par_1_30' title="bbox 399 2809 1994 2870">
     <span class='ocr_line' id='line_1_30' title="bbox 399 2809 1994 2870; baseline 0.004 -6"><span class='ocrx_word' id='word_1_190' title='bbox 399 2809 572 2865; x_wconf 70' lang='lat' dir='ltr'><strong>etiam</strong></span> <span class='ocrx_word' id='word_1_191' title='bbox 597 2810 1040 2864; x_wconf 86' lang='lat' dir='ltr'><strong>communissima</strong></span> <span class='ocrx_word' id='word_1_192' title='bbox 1063 2811 1271 2866; x_wconf 85' lang='lat' dir='ltr'><strong>ratione</strong></span> <span class='ocrx_word' id='word_1_193' title='bbox 1299 2812 1464 2866; x_wconf 89' lang='lat' dir='ltr'><strong>rebus</strong></span> <span class='ocrx_word' id='word_1_194' title='bbox 1484 2813 1738 2870; x_wconf 88' lang='lat' dir='ltr'><strong>omnibus</strong></span> <span class='ocrx_word' id='word_1_195' title='bbox 1758 2816 1994 2870; x_wconf 78' lang='lat' dir='ltr'><strong>sensibi-</strong></span> 
     </span>
    </p>
   </div>
   <div class='ocr_carea' id='block_1_31' title="bbox 409 2905 1991 2974">
    <p class='ocr_par' dir='ltr' id='par_1_31' title="bbox 409 2905 1991 2974">
     <span class='ocr_line' id='line_1_31' title="bbox 409 2905 1991 2974; baseline 0.004 -17"><span class='ocrx_word' id='word_1_196' title='bbox 409 2905 554 2960; x_wconf 89' lang='lat' dir='ltr'><strong>libus</strong></span> <span class='ocrx_word' id='word_1_197' title='bbox 586 2906 687 2958; x_wconf 81' lang='lat' dir='ltr'><strong>hoc</strong></span> <span class='ocrx_word' id='word_1_198' title='bbox 739 2906 981 2974; x_wconf 89' lang='lat' dir='ltr'><strong>impertit</strong></span> <span class='ocrx_word' id='word_1_199' title='bbox 1037 2916 1095 2958; x_wconf 94' lang='lat' dir='ltr'><strong>ut</strong></span> <span class='ocrx_word' id='word_1_200' title='bbox 1123 2906 1264 2974; x_wconf 75' lang='lat' dir='ltr'><strong>tangi</strong></span> <span class='ocrx_word' id='word_1_201' title='bbox 1311 2907 1540 2974; x_wconf 81' lang='lat' dir='ltr'><strong>possint.</strong></span> <span class='ocrx_word' id='word_1_202' title='bbox 1596 2906 1797 2962; x_wconf 87' lang='lat' dir='ltr'><strong>Eorum</strong></span> <span class='ocrx_word' id='word_1_203' title='bbox 1845 2909 1991 2963; x_wconf 89' lang='lat' dir='ltr'><strong>enim</strong></span> 
     </span>
    </p>
   </div>
   <div class='ocr_carea' id='block_1_32' title="bbox 403 2997 1990 3070">
    <p class='ocr_par' dir='ltr' id='par_1_32' title="bbox 403 2997 1990 3070">
     <span class='ocr_line' id='line_1_32' title="bbox 403 2997 1990 3070; baseline 0.002 -18"><span class='ocrx_word' id='word_1_204' title='bbox 403 3013 531 3067; x_wconf 68' lang='lat' dir='ltr'><strong>qua:</strong></span> <span class='ocrx_word' id='word_1_205' title='bbox 560 2997 838 3052; x_wconf 87' lang='lat' dir='ltr'><strong>sensibilia</strong></span> <span class='ocrx_word' id='word_1_206' title='bbox 873 3009 1021 3060; x_wconf 84' lang='lat' dir='ltr'><strong>sunt,</strong></span> <span class='ocrx_word' id='word_1_207' title='bbox 1046 2998 1293 3066; x_wconf 63' lang='lat' dir='ltr'><strong>quadam</strong></span> <span class='ocrx_word' id='word_1_208' title='bbox 1323 2998 1494 3053; x_wconf 89' lang='lat' dir='ltr'><strong>videri</strong></span> <span class='ocrx_word' id='word_1_209' title='bbox 1525 3000 1686 3069; x_wconf 71' lang='lat'><strong>128</strong></span> <span class='ocrx_word' id='word_1_210' title='bbox 1730 3015 1837 3054; x_wconf 90' lang='lat' dir='ltr'><strong>non</strong></span> <span class='ocrx_word' id='word_1_211' title='bbox 1862 3015 1990 3070; x_wconf 79' lang='lat' dir='ltr'><strong>pos—</strong></span> 
     </span>
    </p>
   </div>
   <div class='ocr_carea' id='block_1_33' title="bbox 411 3089 1978 3160">
    <p class='ocr_par' dir='ltr' id='par_1_33' title="bbox 411 3089 1978 3160">
     <span class='ocr_line' id='line_1_33' title="bbox 411 3089 1978 3160; baseline 0.001 -16"><span class='ocrx_word' id='word_1_212' title='bbox 411 3096 558 3149; x_wconf 89' lang='lat' dir='ltr'><strong>sunt,</strong></span> <span class='ocrx_word' id='word_1_213' title='bbox 589 3098 878 3158; x_wconf 82' lang='lat' dir='ltr'><strong>propterea</strong></span> <span class='ocrx_word' id='word_1_214' title='bbox 903 3089 1048 3157; x_wconf 86' lang='lat' dir='ltr'><strong>quod</strong></span> <span class='ocrx_word' id='word_1_215' title='bbox 1075 3089 1256 3143; x_wconf 86' lang='lat' dir='ltr'><strong>colore</strong></span> <span class='ocrx_word' id='word_1_216' title='bbox 1284 3099 1494 3151; x_wconf 87' lang='lat' dir='ltr'><strong>carent,</strong></span> <span class='ocrx_word' id='word_1_217' title='bbox 1513 3091 1693 3160; x_wconf 86' lang='lat' dir='ltr'><strong>qualis</strong></span> <span class='ocrx_word' id='word_1_218' title='bbox 1727 3102 1813 3147; x_wconf 89' lang='lat' dir='ltr'><strong>est</strong></span> <span class='ocrx_word' id='word_1_219' title='bbox 1850 3107 1978 3157; x_wconf 87' lang='lat' dir='ltr'><strong>aer;</strong></span> 
     </span>
    </p>
   </div>
   <div class='ocr_carea' id='block_1_34' title="bbox 2084 594 3658 667">
    <p class='ocr_par' dir='ltr' id='par_1_34' title="bbox 2084 594 3658 667">
     <span class='ocr_line' id='line_1_34' title="bbox 2084 594 3658 667; baseline 0.003 -20"><span class='ocrx_word' id='word_1_220' title='bbox 2084 594 2283 660; x_wconf 73' lang='grc' dir='ltr'>εἴδους,</span> <span class='ocrx_word' id='word_1_221' title='bbox 2339 596 2457 665; x_wconf 77' lang='grc' dir='ltr'>ἦτοι</span> <span class='ocrx_word' id='word_1_222' title='bbox 2494 596 2598 665; x_wconf 86' lang='grc' dir='ltr'><strong>τῆς</strong></span> <span class='ocrx_word' id='word_1_223' title='bbox 2647 596 2844 648; x_wconf 78' lang='grc' dir='ltr'>ἀποίου</span> <span class='ocrx_word' id='word_1_224' title='bbox 2879 597 3010 665; x_wconf 73' lang='grc' dir='ltr'>ὕλης</span> <span class='ocrx_word' id='word_1_225' title='bbox 3044 599 3140 651; x_wconf 73' lang='grc' dir='ltr'><strong>καὶ</strong></span> <span class='ocrx_word' id='word_1_226' title='bbox 3174 598 3274 667; x_wconf 81' lang='grc' dir='ltr'>τῆς</span> <span class='ocrx_word' id='word_1_227' title='bbox 3320 599 3484 653; x_wconf 75' lang='grc' dir='ltr'>ἀΰλου</span> <span class='ocrx_word' id='word_1_228' title='bbox 3514 602 3658 655; x_wconf 83' lang='grc' dir='ltr'>ποιό-</span> 
     </span>
    </p>
   </div>
   <div class='ocr_carea' id='block_1_35' title="bbox 2081 685 3659 758">
    <p class='ocr_par' dir='ltr' id='par_1_35' title="bbox 2081 685 3659 758">
     <span class='ocr_line' id='line_1_35' title="bbox 2081 685 3659 758; baseline 0.003 -20"><span class='ocrx_word' id='word_1_229' title='bbox 2081 703 2242 754; x_wconf 82' lang='grc' dir='ltr'>τητος</span> <span class='ocrx_word' id='word_1_230' title='bbox 2270 703 2282 716; x_wconf 92' lang='grc'><strong>·</strong></span> <span class='ocrx_word' id='word_1_231' title='bbox 2335 688 2558 755; x_wconf 81' lang='grc' dir='ltr'><strong>ποιότης</strong></span> <span class='ocrx_word' id='word_1_232' title='bbox 2599 689 2714 754; x_wconf 69' lang='grc' dir='ltr'>γὰρ</span> <span class='ocrx_word' id='word_1_233' title='bbox 2765 688 2825 740; x_wconf 80' lang='grc' dir='ltr'>τὸ</span> <span class='ocrx_word' id='word_1_234' title='bbox 2859 685 3001 752; x_wconf 74' lang='grc' dir='ltr'>εἶδος</span> <span class='ocrx_word' id='word_1_235' title='bbox 3029 707 3042 720; x_wconf 89' lang='grc'><strong>·</strong></span> <span class='ocrx_word' id='word_1_236' title='bbox 3098 689 3221 742; x_wconf 79' lang='grc' dir='ltr'>ἐπεὶ</span> <span class='ocrx_word' id='word_1_237' title='bbox 3265 690 3518 758; x_wconf 81' lang='grc' dir='ltr'>σώματος</span> <span class='ocrx_word' id='word_1_238' title='bbox 3573 707 3659 742; x_wconf 84' lang='grc' dir='ltr'>πε-</span> 
     </span>
    </p>
   </div>
   <div class='ocr_carea' id='block_1_36' title="bbox 2085 775 3659 849">
    <p class='ocr_par' dir='ltr' id='par_1_36' title="bbox 2085 775 3659 849">
     <span class='ocr_line' id='line_1_36' title="bbox 2085 775 3659 849; baseline 0.003 -19"><span class='ocrx_word' id='word_1_239' title='bbox 2085 781 2394 844; x_wconf 83' lang='grc' dir='ltr'>ποιωμένου</span> <span class='ocrx_word' id='word_1_240' title='bbox 2437 775 2710 832; x_wconf 79' lang='grc' dir='ltr'>εἰδοποιόν</span> <span class='ocrx_word' id='word_1_241' title='bbox 2737 795 2750 810; x_wconf 92' lang='grc'><strong>·</strong></span> <span class='ocrx_word' id='word_1_242' title='bbox 2797 781 2890 832; x_wconf 79' lang='grc' dir='ltr'>νῦν</span> <span class='ocrx_word' id='word_1_243' title='bbox 2938 779 2996 832; x_wconf 81' lang='grc' dir='ltr'><strong>δὲ</strong></span> <span class='ocrx_word' id='word_1_244' title='bbox 3049 779 3178 849; x_wconf 79' lang='grc' dir='ltr'>περί</span> <span class='ocrx_word' id='word_1_245' title='bbox 3217 798 3380 832; x_wconf 90' lang='grc' dir='ltr'>τινων</span> <span class='ocrx_word' id='word_1_246' title='bbox 3424 780 3599 834; x_wconf 77' lang='grc' dir='ltr'>ἄλλων</span> <span class='ocrx_word' id='word_1_247' title='bbox 3632 782 3659 834; x_wconf 87' lang='grc'>6</span> 
     </span>
    </p>
   </div>
   <div class='ocr_carea' id='block_1_37' title="bbox 2089 871 3661 942">
    <p class='ocr_par' dir='ltr' id='par_1_37' title="bbox 2089 871 3661 942">
     <span class='ocr_line' id='line_1_37' title="bbox 2089 871 3661 942; baseline 0.001 -20"><span class='ocrx_word' id='word_1_248' title='bbox 2089 871 2244 938; x_wconf 82' lang='grc' dir='ltr'>λόγος</span> <span class='ocrx_word' id='word_1_249' title='bbox 2292 872 2478 942; x_wconf 83' lang='grc' dir='ltr'>ἀρχῶν</span> <span class='ocrx_word' id='word_1_250' title='bbox 2509 871 2782 940; x_wconf 84' lang='grc' dir='ltr'><strong>δευτέρων</strong></span> <span class='ocrx_word' id='word_1_251' title='bbox 2822 871 3230 941; x_wconf 85' lang='grc' dir='ltr'>σωματοειδῶν,</span> <span class='ocrx_word' id='word_1_252' title='bbox 3276 875 3341 926; x_wconf 82' lang='grc' dir='ltr'><strong>ἐκ</strong></span> <span class='ocrx_word' id='word_1_253' title='bbox 3372 873 3482 925; x_wconf 86' lang='grc' dir='ltr'><strong>τῶν</strong></span> <span class='ocrx_word' id='word_1_254' title='bbox 3511 872 3661 939; x_wconf 83' lang='grc' dir='ltr'><strong>πρώ-</strong></span> 
     </span>
    </p>
   </div>
   <div class='ocr_carea' id='block_1_38' title="bbox 2093 965 3661 1035">
    <p class='ocr_par' dir='ltr' id='par_1_38' title="bbox 2093 965 3661 1035">
     <span class='ocr_line' id='line_1_38' title="bbox 2093 965 3661 1035; baseline 0.001 -19"><span class='ocrx_word' id='word_1_255' title='bbox 2093 976 2202 1016; x_wconf 83' lang='grc' dir='ltr'><strong>των</strong></span> <span class='ocrx_word' id='word_1_256' title='bbox 2236 967 2612 1033; x_wconf 79' lang='grc' dir='ltr'><strong>συγκειμένων</strong></span> <span class='ocrx_word' id='word_1_257' title='bbox 2643 965 2850 1035; x_wconf 86' lang='grc' dir='ltr'>ἀρχῶν,</span> <span class='ocrx_word' id='word_1_258' title='bbox 2895 967 3099 1029; x_wconf 71' lang='grc' dir='ltr'>αἵτινες</span> <span class='ocrx_word' id='word_1_259' title='bbox 3131 966 3276 1028; x_wconf 80' lang='grc' dir='ltr'>ἰδίως</span> <span class='ocrx_word' id='word_1_260' title='bbox 3308 969 3548 1034; x_wconf 73' lang='grc' dir='ltr'>στοιχεῖα</span> <span class='ocrx_word' id='word_1_261' title='bbox 3573 965 3661 1018; x_wconf 82' lang='grc' dir='ltr'>καὶ</span> 
     </span>
    </p>
   </div>
   <div class='ocr_carea' id='block_1_39' title="bbox 2087 1055 3660 1127">
    <p class='ocr_par' dir='ltr' id='par_1_39' title="bbox 2087 1055 3660 1127">
     <span class='ocr_line' id='line_1_39' title="bbox 2087 1055 3660 1127; baseline -0.001 -19"><span class='ocrx_word' id='word_1_262' title='bbox 2087 1055 2234 1108; x_wconf 85' lang='grc' dir='ltr'>ἁπλᾶ</span> <span class='ocrx_word' id='word_1_263' title='bbox 2264 1055 2769 1124; x_wconf 76' lang='grc' dir='ltr'><strong>προσαγορεύονται</strong></span> <span class='ocrx_word' id='word_1_264' title='bbox 2834 1055 3101 1126; x_wconf 79' lang='grc' dir='ltr'>σώματα’</span> <span class='ocrx_word' id='word_1_265' title='bbox 3152 1058 3392 1127; x_wconf 81' lang='grc' dir='ltr'>στοιχεῖα</span> <span class='ocrx_word' id='word_1_266' title='bbox 3435 1055 3557 1125; x_wconf 79' lang='grc' dir='ltr'>μὲν,</span> <span class='ocrx_word' id='word_1_267' title='bbox 3585 1056 3660 1107; x_wconf 74' lang='grc' dir='ltr'><strong>ὅτι</strong></span> 
     </span>
    </p>
   </div>
   <div class='ocr_carea' id='block_1_40' title="bbox 2086 1148 3662 1220">
    <p class='ocr_par' dir='ltr' id='par_1_40' title="bbox 2086 1148 3662 1220">
     <span class='ocr_line' id='line_1_40' title="bbox 2086 1148 3662 1220; baseline -0.001 -20"><span class='ocrx_word' id='word_1_268' title='bbox 2086 1149 2158 1201; x_wconf 73' lang='grc' dir='ltr'><strong>τὰ</strong></span> <span class='ocrx_word' id='word_1_269' title='bbox 2218 1149 2383 1201; x_wconf 83' lang='grc' dir='ltr'>λοιπὰ</span> <span class='ocrx_word' id='word_1_270' title='bbox 2445 1149 2651 1218; x_wconf 81' lang='grc' dir='ltr'>φυσικὰ</span> <span class='ocrx_word' id='word_1_271' title='bbox 2713 1149 2942 1218; x_wconf 85' lang='grc' dir='ltr'>σώματα</span> <span class='ocrx_word' id='word_1_272' title='bbox 2999 1150 3283 1220; x_wconf 88' lang='grc' dir='ltr'>προσεχῶς</span> <span class='ocrx_word' id='word_1_273' title='bbox 3344 1150 3408 1203; x_wconf 84' lang='grc' dir='ltr'><strong>ἐκ</strong></span> <span class='ocrx_word' id='word_1_274' title='bbox 3460 1148 3662 1200; x_wconf 80' lang='grc' dir='ltr'>τούτων</span> 
     </span>
    </p>
   </div>
   <div class='ocr_carea' id='block_1_41' title="bbox 2089 1240 3662 1312">
    <p class='ocr_par' dir='ltr' id='par_1_41' title="bbox 2089 1240 3662 1312">
     <span class='ocr_line' id='line_1_41' title="bbox 2089 1240 3662 1312; baseline 0.001 -21"><span class='ocrx_word' id='word_1_275' title='bbox 2089 1240 2438 1294; x_wconf 79' lang='grc' dir='ltr'><strong>συνίστανται</strong></span> <span class='ocrx_word' id='word_1_276' title='bbox 2459 1253 2474 1268; x_wconf 84' lang='grc'><strong>’</strong></span> <span class='ocrx_word' id='word_1_277' title='bbox 2512 1241 2744 1312; x_wconf 80' lang='grc' dir='ltr'>σώματα</span> <span class='ocrx_word' id='word_1_278' title='bbox 2789 1243 2835 1296; x_wconf 78' lang='grc' dir='ltr'><strong>δ’</strong></span> <span class='ocrx_word' id='word_1_279' title='bbox 2863 1242 3031 1309; x_wconf 79' lang='grc' dir='ltr'>ἁπλᾶ,</span> <span class='ocrx_word' id='word_1_280' title='bbox 3068 1243 3205 1310; x_wconf 81' lang='grc' dir='ltr'>πρὸς</span> <span class='ocrx_word' id='word_1_281' title='bbox 3230 1243 3299 1296; x_wconf 76' lang='grc' dir='ltr'>τὰ</span> <span class='ocrx_word' id='word_1_282' title='bbox 3328 1240 3662 1310; x_wconf 77' lang='grc' dir='ltr'><strong>συγκείμενα</strong></span> 
     </span>
    </p>
   </div>
   <div class='ocr_carea' id='block_1_42' title="bbox 2089 1327 3663 1405">
    <p class='ocr_par' dir='ltr' id='par_1_42' title="bbox 2089 1327 3663 1405">
     <span class='ocr_line' id='line_1_42' title="bbox 2089 1327 3663 1405; baseline 0.001 -21"><span class='ocrx_word' id='word_1_283' title='bbox 2089 1333 2152 1384; x_wconf 90' lang='grc' dir='ltr'><strong>ἐκ</strong></span> <span class='ocrx_word' id='word_1_284' title='bbox 2209 1333 2416 1386; x_wconf 87' lang='grc' dir='ltr'>τούτων</span> <span class='ocrx_word' id='word_1_285' title='bbox 2479 1334 2968 1405; x_wconf 82' lang='grc' dir='ltr'>παραϐαλλόμενα.</span> <span class='ocrx_word' id='word_1_286' title='bbox 3038 1335 3222 1389; x_wconf 82' lang='grc' dir='ltr'>Πάντα</span> <span class='ocrx_word' id='word_1_287' title='bbox 3283 1336 3392 1405; x_wconf 67' lang='grc' dir='ltr'>γᾶρ</span> <span class='ocrx_word' id='word_1_288' title='bbox 3465 1334 3526 1397; x_wconf 78' lang='grc' dir='ltr'><strong>ἐξ</strong></span> <span class='ocrx_word' id='word_1_289' title='bbox 3593 1327 3663 1386; x_wconf 80' lang='grc' dir='ltr'>ὧν</span> 
     </span>
    </p>
   </div>
   <div class='ocr_carea' id='block_1_43' title="bbox 2086 1425 3661 1497">
    <p class='ocr_par' dir='ltr' id='par_1_43' title="bbox 2086 1425 3661 1497">
     <span class='ocr_line' id='line_1_43' title="bbox 2086 1425 3661 1497; baseline -0.001 -18"><span class='ocrx_word' id='word_1_290' title='bbox 2086 1426 2119 1495; x_wconf 80' lang='grc' dir='ltr'><strong>η</strong></span> <span class='ocrx_word' id='word_1_291' title='bbox 2172 1425 2422 1489; x_wconf 83' lang='grc' dir='ltr'>σύνθεσις</span> <span class='ocrx_word' id='word_1_292' title='bbox 2461 1427 2570 1480; x_wconf 82' lang='grc' dir='ltr'><strong>τῶν</strong></span> <span class='ocrx_word' id='word_1_293' title='bbox 2609 1427 2670 1492; x_wconf 82' lang='grc' dir='ltr'><strong>ἐξ</strong></span> <span class='ocrx_word' id='word_1_294' title='bbox 2703 1427 2931 1482; x_wconf 89' lang='grc' dir='ltr'>ἐκείνων</span> <span class='ocrx_word' id='word_1_295' title='bbox 2998 1427 3409 1497; x_wconf 79' lang='grc' dir='ltr'>συντιθεμένων</span> <span class='ocrx_word' id='word_1_296' title='bbox 3461 1425 3661 1480; x_wconf 80' lang='grc' dir='ltr'>ἁπλού-</span> 
     </span>
    </p>
   </div>
   <div class='ocr_carea' id='block_1_44' title="bbox 2091 1538 2275 1592">
    <p class='ocr_par' dir='ltr' id='par_1_44' title="bbox 2091 1538 2275 1592">
     <span class='ocr_line' id='line_1_44' title="bbox 2091 1538 2275 1592; baseline -0.016 -16"><span class='ocrx_word' id='word_1_297' title='bbox 2091 1538 2275 1592; x_wconf 86' lang='grc' dir='ltr'>στερα.</span> 
     </span>
    </p>
   </div>
   <div class='ocr_carea' id='block_1_45' title="bbox 2164 1701 3662 1781">
    <p class='ocr_par' dir='ltr' id='par_1_45' title="bbox 2164 1701 3662 1781">
     <span class='ocr_line' id='line_1_45' title="bbox 2164 1701 3662 1781; baseline -0.009 -14"><span class='ocrx_word' id='word_1_298' title='bbox 2164 1710 2228 1781; x_wconf 86' lang='grc' dir='ltr'><strong>β’.</strong></span> <span class='ocrx_word' id='word_1_299' title='bbox 2254 1711 2379 1765; x_wconf 84' lang='grc' dir='ltr'>Ὀτι</span> <span class='ocrx_word' id='word_1_300' title='bbox 2408 1711 2506 1780; x_wconf 81' lang='grc' dir='ltr'>μὲν</span> <span class='ocrx_word' id='word_1_301' title='bbox 2523 1703 2618 1764; x_wconf 73' lang='grc' dir='ltr'>οὖν</span> <span class='ocrx_word' id='word_1_302' title='bbox 2630 1707 2943 1777; x_wconf 68' lang='grc' dir='ltr'>ἐναντιότης</span> <span class='ocrx_word' id='word_1_303' title='bbox 2960 1707 3018 1761; x_wconf 89' lang='grc' dir='ltr'><strong>ἐν</strong></span> <span class='ocrx_word' id='word_1_304' title='bbox 3037 1708 3152 1769; x_wconf 88' lang='grc' dir='ltr'>τοῖς</span> <span class='ocrx_word' id='word_1_305' title='bbox 3179 1705 3344 1761; x_wconf 79' lang='grc' dir='ltr'>εῖδεσι</span> <span class='ocrx_word' id='word_1_306' title='bbox 3366 1703 3544 1775; x_wconf 77' lang='grc' dir='ltr'>(πᾶσα</span> <span class='ocrx_word' id='word_1_307' title='bbox 3565 1701 3662 1770; x_wconf 72' lang='grc' dir='ltr'><strong>γὰρ</strong></span> 
     </span>
    </p>
   </div>
   <div class='ocr_carea' id='block_1_46' title="bbox 2095 1795 3664 1870">
    <p class='ocr_par' dir='ltr' id='par_1_46' title="bbox 2095 1795 3664 1870">
     <span class='ocr_line' id='line_1_46' title="bbox 2095 1795 3664 1870; baseline -0.005 -16"><span class='ocrx_word' id='word_1_308' title='bbox 2095 1802 2314 1870; x_wconf 81' lang='grc' dir='ltr'>γένεσις</span> <span class='ocrx_word' id='word_1_309' title='bbox 2346 1802 2409 1854; x_wconf 82' lang='grc' dir='ltr'><strong>ἐκ</strong></span> <span class='ocrx_word' id='word_1_310' title='bbox 2436 1801 2531 1854; x_wconf 81' lang='grc' dir='ltr'><strong>τοῦ</strong></span> <span class='ocrx_word' id='word_1_311' title='bbox 2579 1799 2846 1862; x_wconf 83' lang='grc' dir='ltr'>ἐναντίου,</span> <span class='ocrx_word' id='word_1_312' title='bbox 2877 1800 2975 1853; x_wconf 54' lang='grc' dir='ltr'><strong>καὶ⁵</strong></span> <span class='ocrx_word' id='word_1_313' title='bbox 3007 1799 3170 1852; x_wconf 84' lang='grc' dir='ltr'>πάλιν</span> <span class='ocrx_word' id='word_1_314' title='bbox 3212 1800 3288 1859; x_wconf 84' lang='grc' dir='ltr'><strong>εἰς</strong></span> <span class='ocrx_word' id='word_1_315' title='bbox 3352 1795 3664 1850; x_wconf 77' lang='grc' dir='ltr'>τούναντίον</span> 
     </span>
    </p>
   </div>
   <div class='ocr_carea' id='block_1_47' title="bbox 2094 1888 3664 1965">
    <p class='ocr_par' dir='ltr' id='par_1_47' title="bbox 2094 1888 3664 1965">
     <span class='ocr_line' id='line_1_47' title="bbox 2094 1888 3664 1965; baseline -0.006 -17"><span class='ocrx_word' id='word_1_316' title='bbox 2094 1898 2244 1949; x_wconf 85' lang='grc' dir='ltr'>πᾶσα</span> <span class='ocrx_word' id='word_1_317' title='bbox 2307 1895 2505 1965; x_wconf 77' lang='grc' dir='ltr'>φθορὰ)</span> <span class='ocrx_word' id='word_1_318' title='bbox 2566 1893 3063 1964; x_wconf 82' lang='grc' dir='ltr'>προῡπὲμνησται·</span> <span class='ocrx_word' id='word_1_319' title='bbox 3141 1891 3225 1944; x_wconf 81' lang='grc' dir='ltr'><strong>ὅτι</strong></span> <span class='ocrx_word' id='word_1_320' title='bbox 3283 1890 3338 1942; x_wconf 72' lang='grc' dir='ltr'>δὲ</span> <span class='ocrx_word' id='word_1_321' title='bbox 3400 1888 3664 1958; x_wconf 78' lang='grc' dir='ltr'>σωμάτων</span> 
     </span>
    </p>
   </div>
   <div class='ocr_carea' id='block_1_48' title="bbox 2094 1979 3662 2057">
    <p class='ocr_par' dir='ltr' id='par_1_48' title="bbox 2094 1979 3662 2057">
     <span class='ocr_line' id='line_1_48' title="bbox 2094 1979 3662 2057; baseline -0.007 -17"><span class='ocrx_word' id='word_1_322' title='bbox 2094 1987 2340 2055; x_wconf 84' lang='grc' dir='ltr'>φυσικῶν</span> <span class='ocrx_word' id='word_1_323' title='bbox 2371 1988 2462 2040; x_wconf 83' lang='grc' dir='ltr'><strong>καὶ</strong></span> <span class='ocrx_word' id='word_1_324' title='bbox 2488 1984 2763 2057; x_wconf 80' lang='grc' dir='ltr'>αἰσθητῶν</span> <span class='ocrx_word' id='word_1_325' title='bbox 2804 1984 3061 2038; x_wconf 86' lang='grc' dir='ltr'>ἁπάντων</span> <span class='ocrx_word' id='word_1_326' title='bbox 3107 1980 3421 2050; x_wconf 69' lang='grc' dir='ltr'>ίζητοῦντες</span> <span class='ocrx_word' id='word_1_327' title='bbox 3469 1979 3662 2048; x_wconf 76' lang='grc' dir='ltr'>ἀρχὰς,</span> 
     </span>
    </p>
   </div>
   <div class='ocr_carea' id='block_1_49' title="bbox 2092 2069 3663 2149">
    <p class='ocr_par' dir='ltr' id='par_1_49' title="bbox 2092 2069 3663 2149">
     <span class='ocr_line' id='line_1_49' title="bbox 2092 2069 3663 2149; baseline -0.007 -18"><span class='ocrx_word' id='word_1_328' title='bbox 2092 2078 2192 2149; x_wconf 81' lang='grc' dir='ltr'>τὴν</span> <span class='ocrx_word' id='word_1_329' title='bbox 2227 2077 2360 2147; x_wconf 85' lang='grc' dir='ltr'>ὓλην</span> <span class='ocrx_word' id='word_1_330' title='bbox 2389 2077 2482 2131; x_wconf 76' lang='grc' dir='ltr'>καὶ</span> <span class='ocrx_word' id='word_1_331' title='bbox 2514 2076 2613 2146; x_wconf 81' lang='grc' dir='ltr'>τὴν</span> <span class='ocrx_word' id='word_1_332' title='bbox 2640 2076 2962 2130; x_wconf 85' lang='grc' dir='ltr'>ἐναντίωσιν</span> <span class='ocrx_word' id='word_1_333' title='bbox 3004 2075 3277 2144; x_wconf 75' lang='grc' dir='ltr'>ἔγνωμεν,</span> <span class='ocrx_word' id='word_1_334' title='bbox 3328 2069 3571 2141; x_wconf 80' lang='grc' dir='ltr'>αἰσθητὴ</span> <span class='ocrx_word' id='word_1_335' title='bbox 3603 2069 3663 2121; x_wconf 80' lang='grc' dir='ltr'><strong>ἂν</strong></span> 
     </span>
    </p>
   </div>
   <div class='ocr_carea' id='block_1_50' title="bbox 2094 2159 3664 2239">
    <p class='ocr_par' dir='ltr' id='par_1_50' title="bbox 2094 2159 3664 2239">
     <span class='ocr_line' id='line_1_50' title="bbox 2094 2159 3664 2239; baseline -0.007 -16"><span class='ocrx_word' id='word_1_336' title='bbox 2094 2171 2179 2239; x_wconf 89' lang='grc' dir='ltr'><strong>εῐη</strong></span> <span class='ocrx_word' id='word_1_337' title='bbox 2237 2171 2388 2224; x_wconf 83' lang='grc' dir='ltr'>πᾶσα</span> <span class='ocrx_word' id='word_1_338' title='bbox 2435 2168 2759 2230; x_wconf 80' lang='grc' dir='ltr'>ἐναντίωσις</span> <span class='ocrx_word' id='word_1_339' title='bbox 2816 2167 3040 2239; x_wconf 81' lang='grc' dir='ltr'>ἀρχικὴ,</span> <span class='ocrx_word' id='word_1_340' title='bbox 3091 2167 3184 2220; x_wconf 73' lang='grc' dir='ltr'><strong>καὶ</strong></span> <span class='ocrx_word' id='word_1_341' title='bbox 3225 2165 3320 2233; x_wconf 72' lang='grc' dir='ltr'><strong>οὐχ</strong></span> <span class='ocrx_word' id='word_1_342' title='bbox 3362 2166 3395 2233; x_wconf 78' lang='grc' dir='ltr'><strong>ἡ</strong></span> <span class='ocrx_word' id='word_1_343' title='bbox 3430 2159 3664 2232; x_wconf 77' lang='grc' dir='ltr'>τυχοῦσα</span> 
     </span>
    </p>
   </div>
   <div class='ocr_carea' id='block_1_51' title="bbox 2097 2256 3665 2332">
    <p class='ocr_par' dir='ltr' id='par_1_51' title="bbox 2097 2256 3665 2332">
     <span class='ocr_line' id='line_1_51' title="bbox 2097 2256 3665 2332; baseline -0.006 -18"><span class='ocrx_word' id='word_1_344' title='bbox 2097 2261 2354 2332; x_wconf 77' lang='grc' dir='ltr'>αἰσθητὴ,</span> <span class='ocrx_word' id='word_1_345' title='bbox 2415 2260 2595 2332; x_wconf 68' lang='grc' dir='ltr'>ἀλλ’ἢ</span> <span class='ocrx_word' id='word_1_346' title='bbox 2644 2263 2709 2330; x_wconf 82' lang='grc' dir='ltr'>τῇ</span> <span class='ocrx_word' id='word_1_347' title='bbox 2744 2258 2842 2330; x_wconf 74' lang='grc' dir='ltr'>ὕλῃ</span> <span class='ocrx_word' id='word_1_348' title='bbox 2903 2259 3320 2329; x_wconf 84' lang='grc' dir='ltr'>προσεχεστάτη</span> <span class='ocrx_word' id='word_1_349' title='bbox 3351 2256 3446 2310; x_wconf 81' lang='grc' dir='ltr'>καὶ</span> <span class='ocrx_word' id='word_1_350' title='bbox 3498 2271 3665 2307; x_wconf 74' lang='grc' dir='ltr'>κοινο-</span> 
     </span>
    </p>
   </div>
   <div class='ocr_carea' id='block_1_52' title="bbox 2094 2346 3667 2438">
    <p class='ocr_par' dir='ltr' id='par_1_52' title="bbox 2094 2346 3667 2438">
     <span class='ocr_line' id='line_1_52' title="bbox 2094 2346 3667 2438; baseline -0.007 -31"><span class='ocrx_word' id='word_1_351' title='bbox 2094 2354 2230 2424; x_wconf 84' lang='grc' dir='ltr'>τάτη</span> <span class='ocrx_word' id='word_1_352' title='bbox 2259 2354 2353 2438; x_wconf 67' lang='grc' dir='ltr'><strong>καὶ</strong></span> <span class='ocrx_word' id='word_1_353' title='bbox 2381 2353 2468 2406; x_wconf 71' lang='grc' dir='ltr'>διὰ</span> <span class='ocrx_word' id='word_1_354' title='bbox 2517 2353 2739 2407; x_wconf 82' lang='grc' dir='ltr'>πάντων</span> <span class='ocrx_word' id='word_1_355' title='bbox 2773 2350 2882 2402; x_wconf 90' lang='grc' dir='ltr'><strong>τῶν</strong></span> <span class='ocrx_word' id='word_1_356' title='bbox 2915 2352 3185 2420; x_wconf 83' lang='grc' dir='ltr'>σωμάτων</span> <span class='ocrx_word' id='word_1_357' title='bbox 3212 2349 3523 2438; x_wconf 18' lang='grc' dir='ltr'>γδιήκουσα.</span> <span class='ocrx_word' id='word_1_358' title='bbox 3551 2346 3667 2398; x_wconf 84' lang='lat' dir='ltr'><strong>To:-</strong></span> 
     </span>
    </p>
   </div>
   <div class='ocr_carea' id='block_1_53' title="bbox 2097 2437 3666 2516">
    <p class='ocr_par' dir='ltr' id='par_1_53' title="bbox 2097 2437 3666 2516">
     <span class='ocr_line' id='line_1_53' title="bbox 2097 2437 3666 2516; baseline -0.006 -16"><span class='ocrx_word' id='word_1_359' title='bbox 2097 2447 2236 2516; x_wconf 85' lang='grc' dir='ltr'>αύτη</span> <span class='ocrx_word' id='word_1_360' title='bbox 2270 2437 2324 2499; x_wconf 78' lang='grc' dir='ltr'><strong>δέ</strong></span> <span class='ocrx_word' id='word_1_361' title='bbox 2354 2447 2503 2498; x_wconf 86' lang='grc' dir='ltr'>ἐστιν</span> <span class='ocrx_word' id='word_1_362' title='bbox 2531 2446 2563 2516; x_wconf 82' lang='grc' dir='ltr'>ὴ</span> <span class='ocrx_word' id='word_1_363' title='bbox 2599 2446 2765 2514; x_wconf 82' lang='grc' dir='ltr'>ἁπτή.</span> <span class='ocrx_word' id='word_1_364' title='bbox 2801 2443 2999 2512; x_wconf 81' lang='grc' dir='ltr'><strong>Πρώτη</strong></span> <span class='ocrx_word' id='word_1_365' title='bbox 3033 2443 3142 2512; x_wconf 74' lang='grc' dir='ltr'><strong>γὰρ</strong></span> <span class='ocrx_word' id='word_1_366' title='bbox 3177 2437 3309 2495; x_wconf 82' lang='grc' dir='ltr'>οὖσα</span> <span class='ocrx_word' id='word_1_367' title='bbox 3336 2441 3476 2493; x_wconf 80' lang='grc' dir='ltr'>κατὰ</span> <span class='ocrx_word' id='word_1_368' title='bbox 3509 2439 3666 2509; x_wconf 75' lang='grc' dir='ltr'>φύσιν</span> 
     </span>
    </p>
   </div>
   <div class='ocr_carea' id='block_1_54' title="bbox 2095 2529 3665 2609">
    <p class='ocr_par' dir='ltr' id='par_1_54' title="bbox 2095 2529 3665 2609">
     <span class='ocr_line' id='line_1_54' title="bbox 2095 2529 3665 2609; baseline -0.006 -16"><span class='ocrx_word' id='word_1_369' title='bbox 2095 2541 2128 2609; x_wconf 76' lang='grc' dir='ltr'><strong>ἡ</strong></span> <span class='ocrx_word' id='word_1_370' title='bbox 2183 2539 2296 2609; x_wconf 73' lang='grc' dir='ltr'><strong>ἁφὴ</strong></span> <span class='ocrx_word' id='word_1_371' title='bbox 2339 2539 2530 2592; x_wconf 83' lang='grc' dir='ltr'>πασῶν</span> <span class='ocrx_word' id='word_1_372' title='bbox 2581 2539 2689 2591; x_wconf 84' lang='grc' dir='ltr'><strong>τῶν</strong></span> <span class='ocrx_word' id='word_1_373' title='bbox 2749 2535 3080 2607; x_wconf 82' lang='grc' dir='ltr'>αἰσθήσεων,</span> <span class='ocrx_word' id='word_1_374' title='bbox 3150 2535 3382 2596; x_wconf 75' lang='grc' dir='ltr'>εἰκότως</span> <span class='ocrx_word' id='word_1_375' title='bbox 3434 2533 3532 2584; x_wconf 82' lang='grc' dir='ltr'>καὶ</span> <span class='ocrx_word' id='word_1_376' title='bbox 3578 2529 3665 2584; x_wconf 77' lang='grc' dir='ltr'><strong>τοῦ</strong></span> 
     </span>
    </p>
   </div>
   <div class='ocr_carea' id='block_1_55' title="bbox 2098 2625 3664 2701">
    <p class='ocr_par' dir='ltr' id='par_1_55' title="bbox 2098 2625 3664 2701">
     <span class='ocr_line' id='line_1_55' title="bbox 2098 2625 3664 2701; baseline -0.005 -15"><span class='ocrx_word' id='word_1_377' title='bbox 2098 2632 2271 2686; x_wconf 81' lang='grc' dir='ltr'>ἁτττοῦ</span> <span class='ocrx_word' id='word_1_378' title='bbox 2321 2631 2643 2701; x_wconf 85' lang='grc' dir='ltr'>μεταδίδωσι</span> <span class='ocrx_word' id='word_1_379' title='bbox 2693 2629 3028 2692; x_wconf 71' lang='grc' dir='ltr'>κοινοτάτους</span> <span class='ocrx_word' id='word_1_380' title='bbox 3065 2630 3199 2681; x_wconf 79' lang='grc' dir='ltr'>πᾶσι</span> <span class='ocrx_word' id='word_1_381' title='bbox 3226 2629 3341 2690; x_wconf 84' lang='grc' dir='ltr'>τοῖς</span> <span class='ocrx_word' id='word_1_382' title='bbox 3368 2625 3664 2694; x_wconf 77' lang='grc' dir='ltr'><strong>αἰσθητοῖς.</strong></span> 
     </span>
    </p>
   </div>
   <div class='ocr_carea' id='block_1_56' title="bbox 2099 2717 3668 2793">
    <p class='ocr_par' dir='ltr' id='par_1_56' title="bbox 2099 2717 3668 2793">
     <span class='ocr_line' id='line_1_56' title="bbox 2099 2717 3668 2793; baseline -0.006 -15"><span class='ocrx_word' id='word_1_383' title='bbox 2099 2724 2234 2778; x_wconf 79' lang='grc' dir='ltr'>Τινὰ</span> <span class='ocrx_word' id='word_1_384' title='bbox 2276 2724 2377 2793; x_wconf 77' lang='grc' dir='ltr'>μὲν</span> <span class='ocrx_word' id='word_1_385' title='bbox 2411 2723 2520 2791; x_wconf 77' lang='grc' dir='ltr'><strong>γὰρ</strong></span> <span class='ocrx_word' id='word_1_386' title='bbox 2556 2724 2663 2776; x_wconf 85' lang='grc' dir='ltr'><strong>τῶν</strong></span> <span class='ocrx_word' id='word_1_387' title='bbox 2699 2723 2980 2791; x_wconf 83' lang='grc' dir='ltr'>αἰσθητῶν</span> <span class='ocrx_word' id='word_1_388' title='bbox 3014 2722 3222 2790; x_wconf 77' lang='grc' dir='ltr'>ἀόρατα</span> <span class='ocrx_word' id='word_1_389' title='bbox 3258 2718 3346 2772; x_wconf 82' lang='grc' dir='ltr'><strong>διὰ</strong></span> <span class='ocrx_word' id='word_1_390' title='bbox 3401 2717 3463 2771; x_wconf 79' lang='grc' dir='ltr'><strong>τὸ</strong></span> <span class='ocrx_word' id='word_1_391' title='bbox 3495 2718 3668 2786; x_wconf 77' lang='grc' dir='ltr'>ἀχρω·</span> 
     </span>
    </p>
   </div>
   <div class='ocr_carea' id='block_1_57' title="bbox 2101 2807 3668 2888">
    <p class='ocr_par' dir='ltr' id='par_1_57' title="bbox 2101 2807 3668 2888">
     <span class='ocr_line' id='line_1_57' title="bbox 2101 2807 3668 2888; baseline -0.008 -17"><span class='ocrx_word' id='word_1_392' title='bbox 2101 2818 2382 2888; x_wconf 76' lang='grc' dir='ltr'>μάτιστον,</span> <span class='ocrx_word' id='word_1_393' title='bbox 2438 2810 2552 2875; x_wconf 82' lang='grc' dir='ltr'>οἷος</span> <span class='ocrx_word' id='word_1_394' title='bbox 2582 2817 2610 2867; x_wconf 86' lang='grc' dir='ltr'>ό</span> <span class='ocrx_word' id='word_1_395' title='bbox 2649 2815 2760 2884; x_wconf 75' lang='grc' dir='ltr'>ἀήρ</span> <span class='ocrx_word' id='word_1_396' title='bbox 2793 2828 2807 2846; x_wconf 78' lang='grc'><strong>⁸</strong></span> <span class='ocrx_word' id='word_1_397' title='bbox 2833 2813 2958 2865; x_wconf 79' lang='grc' dir='ltr'>τινὰ</span> <span class='ocrx_word' id='word_1_398' title='bbox 2983 2811 3039 2864; x_wconf 84' lang='grc' dir='ltr'><strong>δὲ</strong></span> <span class='ocrx_word' id='word_1_399' title='bbox 3073 2812 3405 2880; x_wconf 71' lang='grc' dir='ltr'>ἀνήκουστα.</span> <span class='ocrx_word' id='word_1_400' title='bbox 3437 2808 3517 2870; x_wconf 83' lang='grc' dir='ltr'>ὡς</span> <span class='ocrx_word' id='word_1_401' title='bbox 3544 2807 3668 2875; x_wconf 71' lang='grc' dir='ltr'>ἁψό-</span> 
     </span>
    </p>
   </div>
   <div class='ocr_carea' id='block_1_58' title="bbox 2098 2901 3668 2978">
    <p class='ocr_par' dir='ltr' id='par_1_58' title="bbox 2098 2901 3668 2978">
     <span class='ocr_line' id='line_1_58' title="bbox 2098 2901 3668 2978; baseline -0.008 -15"><span class='ocrx_word' id='word_1_402' title='bbox 2098 2926 2247 2978; x_wconf 79' lang='grc' dir='ltr'>φητα</span> <span class='ocrx_word' id='word_1_403' title='bbox 2277 2903 2389 2969; x_wconf 73' lang='grc' dir='ltr'>οἷος</span> <span class='ocrx_word' id='word_1_404' title='bbox 2411 2910 2437 2961; x_wconf 85' lang='grc' dir='ltr'>ό</span> <span class='ocrx_word' id='word_1_405' title='bbox 2463 2908 2704 2976; x_wconf 87' lang='grc' dir='ltr'><strong>σπόγγος</strong></span> <span class='ocrx_word' id='word_1_406' title='bbox 2737 2906 2830 2960; x_wconf 72' lang='grc' dir='ltr'>καὶ</span> <span class='ocrx_word' id='word_1_407' title='bbox 2860 2906 2918 2959; x_wconf 73' lang='grc' dir='ltr'>τὸ</span> <span class='ocrx_word' id='word_1_408' title='bbox 2949 2905 3094 2974; x_wconf 79' lang='grc' dir='ltr'>ἔριον</span> <span class='ocrx_word' id='word_1_409' title='bbox 3115 2921 3128 2934; x_wconf 88' lang='grc'><strong>·</strong></span> <span class='ocrx_word' id='word_1_410' title='bbox 3167 2905 3301 2957; x_wconf 78' lang='grc' dir='ltr'>ὅπου</span> <span class='ocrx_word' id='word_1_411' title='bbox 3351 2920 3415 2972; x_wconf 85' lang='grc' dir='ltr'>γε</span> <span class='ocrx_word' id='word_1_412' title='bbox 3442 2901 3542 2954; x_wconf 68' lang='grc' dir='ltr'>καὶ</span> <span class='ocrx_word' id='word_1_413' title='bbox 3563 2902 3668 2961; x_wconf 81' lang='grc' dir='ltr'>τοῖς</span> 
     </span>
    </p>
   </div>
   <div class='ocr_carea' id='block_1_59' title="bbox 2095 2988 3668 3063">
    <p class='ocr_par' dir='ltr' id='par_1_59' title="bbox 2095 2988 3668 3063">
     <span class='ocr_line' id='line_1_59' title="bbox 2095 2988 3668 3063; baseline -0.01 -9"><span class='ocrx_word' id='word_1_414' title='bbox 2095 3003 2204 3054; x_wconf 85' lang='grc' dir='ltr'><strong>τῶν</strong></span> <span class='ocrx_word' id='word_1_415' title='bbox 2237 2999 2505 3063; x_wconf 83' lang='grc' dir='ltr'>σωμάτων</span> <span class='ocrx_word' id='word_1_416' title='bbox 2531 2997 2844 3060; x_wconf 77' lang='grc' dir='ltr'>ἀντιτύποις</span> <span class='ocrx_word' id='word_1_417' title='bbox 2869 2995 2929 3050; x_wconf 76' lang='grc' dir='ltr'>οὐ</span> <span class='ocrx_word' id='word_1_418' title='bbox 2965 2995 3092 3048; x_wconf 81' lang='grc' dir='ltr'>καθ’</span> <span class='ocrx_word' id='word_1_419' title='bbox 3153 2993 3316 3059; x_wconf 78' lang='grc' dir='ltr'>αὐτὰ,</span> <span class='ocrx_word' id='word_1_420' title='bbox 3346 2993 3408 3060; x_wconf 81' lang='grc' dir='ltr'>τῇ</span> <span class='ocrx_word' id='word_1_421' title='bbox 3451 2991 3510 3043; x_wconf 83' lang='grc' dir='ltr'><strong>δέ</strong></span> <span class='ocrx_word' id='word_1_422' title='bbox 3542 2988 3668 3058; x_wconf 67' lang='grc' dir='ltr'>πρὸς</span> 
     </span>
    </p>
   </div>
   <div class='ocr_carea' id='block_1_60' title="bbox 2097 3081 3665 3164">
    <p class='ocr_par' dir='ltr' id='par_1_60' title="bbox 2097 3081 3665 3164">
     <span class='ocr_line' id='line_1_60' title="bbox 2097 3081 3665 3164; baseline -0.011 -16"><span class='ocrx_word' id='word_1_423' title='bbox 2097 3095 2188 3148; x_wconf 73' lang='grc' dir='ltr'><strong>τὸν</strong></span> <span class='ocrx_word' id='word_1_424' title='bbox 2215 3096 2354 3164; x_wconf 80' lang='grc' dir='ltr'>ἀέρα</span> <span class='ocrx_word' id='word_1_425' title='bbox 2405 3090 2728 3160; x_wconf 78' lang='grc' dir='ltr'>προσρήξει,</span> <span class='ocrx_word' id='word_1_426' title='bbox 2759 3090 2973 3156; x_wconf 76' lang='grc' dir='ltr'>πέφυκε</span> <span class='ocrx_word' id='word_1_427' title='bbox 3013 3087 3073 3142; x_wconf 79' lang='grc' dir='ltr'>τὸ</span> <span class='ocrx_word' id='word_1_428' title='bbox 3103 3088 3321 3154; x_wconf 77' lang='grc' dir='ltr'>ψοφεῖν.</span> <span class='ocrx_word' id='word_1_429' title='bbox 3365 3082 3515 3135; x_wconf 82' lang='grc' dir='ltr'>Ἀλλ’</span> <span class='ocrx_word' id='word_1_430' title='bbox 3552 3081 3665 3133; x_wconf 79' lang='grc' dir='ltr'><strong>οὐδὲ</strong></span> 
     </span>
    </p>
   </div>
   <div class='ocr_carea' id='block_1_61' title="bbox 406 3173 1986 3258">
    <p class='ocr_par' dir='ltr' id='par_1_61' title="bbox 406 3180 1978 3250">
     <span class='ocr_line' id='line_1_61' title="bbox 406 3180 1978 3250; baseline 0.003 -17"><span class='ocrx_word' id='word_1_431' title='bbox 406 3180 653 3250; x_wconf 64' lang='lat' dir='ltr'><strong>qumdam</strong></span> <span class='ocrx_word' id='word_1_432' title='bbox 673 3180 848 3234; x_wconf 82' lang='lat' dir='ltr'><strong>audiri</strong></span> <span class='ocrx_word' id='word_1_433' title='bbox 875 3187 1169 3250; x_wconf 90' lang='lat' dir='ltr'><strong>nequeunt,</strong></span> <span class='ocrx_word' id='word_1_434' title='bbox 1199 3180 1323 3248; x_wconf 88' lang='lat' dir='ltr'><strong>quia</strong></span> <span class='ocrx_word' id='word_1_435' title='bbox 1348 3182 1632 3250; x_wconf 88' lang='lat' dir='ltr'><strong>strepitum</strong></span> <span class='ocrx_word' id='word_1_436' title='bbox 1655 3197 1757 3236; x_wconf 92' lang='lat' dir='ltr'><strong>non</strong></span> <span class='ocrx_word' id='word_1_437' title='bbox 1789 3183 1978 3250; x_wconf 92' lang='lat' dir='ltr'><strong>edunt,</strong></span> 
     </span>
    </p>
   </div>
   <div class='ocr_carea' id='block_1_62' title="bbox 2096 3173 3668 3258">
    <p class='ocr_par' dir='ltr' id='par_1_62' title="bbox 2096 3173 3668 3255">
     <span class='ocr_line' id='line_1_62' title="bbox 2096 3173 3668 3255; baseline -0.01 -14"><span class='ocrx_word' id='word_1_438' title='bbox 2096 3190 2152 3242; x_wconf 88' lang='grc' dir='ltr'><strong>αἰ</strong></span> <span class='ocrx_word' id='word_1_439' title='bbox 2197 3187 2364 3255; x_wconf 66' lang='grc' dir='ltr'>ὀσμαὶ</span> <span class='ocrx_word' id='word_1_440' title='bbox 2419 3186 2508 3238; x_wconf 74' lang='grc' dir='ltr'>διὰ.</span> <span class='ocrx_word' id='word_1_441' title='bbox 2551 3185 2768 3236; x_wconf 77' lang='grc' dir='ltr'>πάντων</span> <span class='ocrx_word' id='word_1_442' title='bbox 2806 3181 2914 3234; x_wconf 88' lang='grc' dir='ltr'><strong>τῶν</strong></span> <span class='ocrx_word' id='word_1_443' title='bbox 2967 3178 3262 3250; x_wconf 87' lang='grc' dir='ltr'>αἰσθητῶν.</span> <span class='ocrx_word' id='word_1_444' title='bbox 3321 3175 3454 3230; x_wconf 76' lang='grc' dir='ltr'><strong>Ἰδοὺ</strong></span> <span class='ocrx_word' id='word_1_445' title='bbox 3505 3174 3611 3243; x_wconf 77' lang='grc' dir='ltr'><strong>γὰρ</strong></span> <span class='ocrx_word' id='word_1_446' title='bbox 3640 3173 3668 3226; x_wconf 79' lang='grc' dir='ltr'><strong>ὃ</strong></span> 
     </span>
    </p>
   </div>
   <div class='ocr_carea' id='block_1_63' title="bbox 409 3269 1978 3343">
    <p class='ocr_par' dir='ltr' id='par_1_63' title="bbox 409 3269 1978 3343">
     <span class='ocr_line' id='line_1_63' title="bbox 409 3269 1978 3343; baseline 0.001 -14"><span class='ocrx_word' id='word_1_447' title='bbox 409 3284 468 3332; x_wconf 82' lang='grc' dir='ltr'><strong>ιιι</strong></span> <span class='ocrx_word' id='word_1_448' title='bbox 499 3272 722 3343; x_wconf 78' lang='lat' dir='ltr'><strong>spongia</strong></span> <span class='ocrx_word' id='word_1_449' title='bbox 747 3281 801 3326; x_wconf 90' lang='lat' dir='ltr'><strong>et</strong></span> <span class='ocrx_word' id='word_1_450' title='bbox 836 3272 959 3326; x_wconf 82' lang='lat' dir='ltr'><strong>lana</strong></span> <span class='ocrx_word' id='word_1_451' title='bbox 997 3285 1013 3338; x_wconf 86' lang='lat'><strong>;</strong></span> <span class='ocrx_word' id='word_1_452' title='bbox 1044 3269 1487 3340; x_wconf 82' lang='lat' dir='ltr'><strong>quandoquidem</strong></span> <span class='ocrx_word' id='word_1_453' title='bbox 1511 3273 1672 3326; x_wconf 85' lang='lat' dir='ltr'><strong>etiam</strong></span> <span class='ocrx_word' id='word_1_454' title='bbox 1709 3273 1899 3329; x_wconf 81' lang='lat' dir='ltr'><strong>solidis</strong></span> <span class='ocrx_word' id='word_1_455' title='bbox 1924 3288 1978 3330; x_wconf 90' lang='lat' dir='ltr'><strong>et</strong></span> 
     </span>
    </p>
   </div>
   <div class='ocr_carea' id='block_1_64' title="bbox 405 3363 1979 3432">
    <p class='ocr_par' dir='ltr' id='par_1_64' title="bbox 405 3363 1979 3432">
     <span class='ocr_line' id='line_1_64' title="bbox 405 3363 1979 3432; baseline -0.003 -8"><span class='ocrx_word' id='word_1_456' title='bbox 405 3365 768 3424; x_wconf 81' lang='lat' dir='ltr'><strong>renitentibus</strong></span> <span class='ocrx_word' id='word_1_457' title='bbox 789 3363 1112 3432; x_wconf 88' lang='lat' dir='ltr'><strong>corporibus</strong></span> <span class='ocrx_word' id='word_1_458' title='bbox 1146 3377 1252 3417; x_wconf 88' lang='lat' dir='ltr'><strong>non</strong></span> <span class='ocrx_word' id='word_1_459' title='bbox 1279 3378 1374 3430; x_wconf 91' lang='lat' dir='ltr'><strong>per</strong></span> <span class='ocrx_word' id='word_1_460' title='bbox 1401 3377 1478 3425; x_wconf 92' lang='lat' dir='ltr'><strong>se,</strong></span> <span class='ocrx_word' id='word_1_461' title='bbox 1508 3364 1600 3418; x_wconf 87' lang='lat' dir='ltr'><strong>sed</strong></span> <span class='ocrx_word' id='word_1_462' title='bbox 1622 3375 1838 3432; x_wconf 89' lang='lat' dir='ltr'><strong>pr0pter</strong></span> <span class='ocrx_word' id='word_1_463' title='bbox 1859 3367 1979 3420; x_wconf 88' lang='lat' dir='ltr'><strong>col-</strong></span> 
     </span>
    </p>
   </div>
   <div class='ocr_carea' id='block_1_65' title="bbox 408 3455 1990 3526">
    <p class='ocr_par' dir='ltr' id='par_1_65' title="bbox 408 3455 1990 3526">
     <span class='ocr_line' id='line_1_65' title="bbox 408 3455 1990 3526; baseline -0.003 -11"><span class='ocrx_word' id='word_1_464' title='bbox 408 3461 661 3515; x_wconf 88' lang='lat' dir='ltr'><strong>lisionem</strong></span> <span class='ocrx_word' id='word_1_465' title='bbox 694 3473 815 3512; x_wconf 89' lang='lat' dir='ltr'><strong>cum</strong></span> <span class='ocrx_word' id='word_1_466' title='bbox 843 3470 966 3510; x_wconf 88' lang='lat' dir='ltr'><strong>aere</strong></span> <span class='ocrx_word' id='word_1_467' title='bbox 1006 3455 1258 3520; x_wconf 89' lang='lat' dir='ltr'><strong>convenit</strong></span> <span class='ocrx_word' id='word_1_468' title='bbox 1288 3455 1606 3510; x_wconf 87' lang='lat' dir='ltr'><strong>naturaliter</strong></span> <span class='ocrx_word' id='word_1_469' title='bbox 1642 3498 1657 3517; x_wconf 87' lang='lat'><strong>,</strong></span> <span class='ocrx_word' id='word_1_470' title='bbox 1691 3466 1750 3511; x_wconf 91' lang='lat' dir='ltr'><strong>ut</strong></span> <span class='ocrx_word' id='word_1_471' title='bbox 1787 3457 1990 3526; x_wconf 85' lang='lat' dir='ltr'><strong>strepi-</strong></span> 
     </span>
    </p>
   </div>
   <div class='ocr_carea' id='block_1_66' title="bbox 407 3545 1992 3615">
    <p class='ocr_par' dir='ltr' id='par_1_66' title="bbox 407 3545 1992 3615">
     <span class='ocr_line' id='line_1_66' title="bbox 407 3545 1992 3615; baseline -0.001 -9"><span class='ocrx_word' id='word_1_472' title='bbox 407 3563 520 3607; x_wconf 91' lang='lat' dir='ltr'><strong>tum</strong></span> <span class='ocrx_word' id='word_1_473' title='bbox 567 3553 749 3604; x_wconf 89' lang='lat' dir='ltr'><strong>edant.</strong></span> <span class='ocrx_word' id='word_1_474' title='bbox 791 3547 894 3602; x_wconf 85' lang='lat' dir='ltr'><strong>Sed</strong></span> <span class='ocrx_word' id='word_1_475' title='bbox 931 3561 1031 3602; x_wconf 91' lang='lat' dir='ltr'><strong>uec</strong></span> <span class='ocrx_word' id='word_1_476' title='bbox 1066 3545 1230 3601; x_wconf 84' lang='lat' dir='ltr'><strong>etiam</strong></span> <span class='ocrx_word' id='word_1_477' title='bbox 1265 3547 1460 3601; x_wconf 87' lang='lat' dir='ltr'><strong>odores</strong></span> <span class='ocrx_word' id='word_1_478' title='bbox 1492 3563 1588 3615; x_wconf 92' lang='lat' dir='ltr'><strong>per</strong></span> <span class='ocrx_word' id='word_1_479' title='bbox 1622 3550 1806 3604; x_wconf 87' lang='lat' dir='ltr'><strong>omnia</strong></span> <span class='ocrx_word' id='word_1_480' title='bbox 1867 3566 1992 3604; x_wconf 87' lang='lat' dir='ltr'><strong>scu-</strong></span> 
     </span>
    </p>
   </div>
   <div class='ocr_carea' id='block_1_67' title="bbox 406 3639 2000 3714">
    <p class='ocr_par' dir='ltr' id='par_1_67' title="bbox 406 3639 2000 3714">
     <span class='ocr_line' id='line_1_67' title="bbox 406 3639 2000 3714; baseline -0.001 -14"><span class='ocrx_word' id='word_1_481' title='bbox 406 3644 584 3700; x_wconf 84' lang='lat' dir='ltr'><strong>sibilia</strong></span> <span class='ocrx_word' id='word_1_482' title='bbox 616 3641 902 3714; x_wconf 76' lang='lat' dir='ltr'><strong>[vagantur</strong></span> <span class='ocrx_word' id='word_1_483' title='bbox 933 3639 978 3711; x_wconf 70' lang='lat'><strong>1.</strong></span> <span class='ocrx_word' id='word_1_484' title='bbox 1013 3639 1227 3695; x_wconf 84' lang='lat' dir='ltr'><strong>Videsis</strong></span> <span class='ocrx_word' id='word_1_485' title='bbox 1253 3641 1395 3694; x_wconf 84' lang='lat' dir='ltr'><strong>enim</strong></span> <span class='ocrx_word' id='word_1_486' title='bbox 1434 3657 1611 3696; x_wconf 85' lang='lat' dir='ltr'><strong>aerem</strong></span> <span class='ocrx_word' id='word_1_487' title='bbox 1645 3661 1659 3708; x_wconf 87' lang='lat'><strong>;</strong></span> <span class='ocrx_word' id='word_1_488' title='bbox 1691 3642 1739 3696; x_wconf 83' lang='lat' dir='ltr'><strong>is</strong></span> <span class='ocrx_word' id='word_1_489' title='bbox 1763 3655 1822 3700; x_wconf 87' lang='lat' dir='ltr'><strong>ut</strong></span> <span class='ocrx_word' id='word_1_490' title='bbox 1847 3645 2000 3704; x_wconf 84' lang='lat' dir='ltr'><strong>colo-</strong></span> 
     </span>
    </p>
   </div>
   <div class='ocr_carea' id='block_1_68' title="bbox 409 3732 1999 3803">
    <p class='ocr_par' dir='ltr' id='par_1_68' title="bbox 409 3732 1999 3803">
     <span class='ocr_line' id='line_1_68' title="bbox 409 3732 1999 3803; baseline -0.001 -12"><span class='ocrx_word' id='word_1_491' title='bbox 409 3737 503 3803; x_wconf 87' lang='lat' dir='ltr'><strong>ris,</strong></span> <span class='ocrx_word' id='word_1_492' title='bbox 531 3737 605 3790; x_wconf 85' lang='lat' dir='ltr'><strong>ita</strong></span> <span class='ocrx_word' id='word_1_493' title='bbox 640 3734 799 3788; x_wconf 88' lang='lat' dir='ltr'><strong>etiam</strong></span> <span class='ocrx_word' id='word_1_494' title='bbox 834 3732 1036 3801; x_wconf 86' lang='lat' dir='ltr'><strong>proprii</strong></span> <span class='ocrx_word' id='word_1_495' title='bbox 1069 3733 1254 3787; x_wconf 87' lang='lat' dir='ltr'><strong>odoris</strong></span> <span class='ocrx_word' id='word_1_496' title='bbox 1275 3747 1466 3801; x_wconf 81' lang='lat' dir='ltr'><strong>expers</strong></span> <span class='ocrx_word' id='word_1_497' title='bbox 1484 3743 1612 3799; x_wconf 91' lang='lat' dir='ltr'><strong>est;</strong></span> <span class='ocrx_word' id='word_1_498' title='bbox 1650 3743 1704 3788; x_wconf 82' lang='lat' dir='ltr'><strong>et</strong></span> <span class='ocrx_word' id='word_1_499' title='bbox 1728 3734 1999 3790; x_wconf 85' lang='lat' dir='ltr'><strong>hactenus</strong></span> 
     </span>
    </p>
   </div>
   <div class='ocr_carea' id='block_1_69' title="bbox 412 3825 1994 3898">
    <p class='ocr_par' dir='ltr' id='par_1_69' title="bbox 412 3825 1994 3898">
     <span class='ocr_line' id='line_1_69' title="bbox 412 3825 1994 3898; baseline 0.001 -15"><span class='ocrx_word' id='word_1_500' title='bbox 412 3825 952 3898; x_wconf 87' lang='lat' dir='ltr'><strong>transportandorum</strong></span> <span class='ocrx_word' id='word_1_501' title='bbox 984 3825 1227 3880; x_wconf 86' lang='lat' dir='ltr'><strong>colorum</strong></span> <span class='ocrx_word' id='word_1_502' title='bbox 1282 3832 1335 3878; x_wconf 91' lang='lat' dir='ltr'><strong>et</strong></span> <span class='ocrx_word' id='word_1_503' title='bbox 1370 3825 1603 3879; x_wconf 86' lang='lat' dir='ltr'><strong>odorum</strong></span> <span class='ocrx_word' id='word_1_504' title='bbox 1677 3827 1994 3884; x_wconf 76' lang='lat' dir='ltr'><strong>facultatem</strong></span> 
     </span>
    </p>
   </div>
   <div class='ocr_carea' id='block_1_70' title="bbox 411 3916 1990 3990">
    <p class='ocr_par' dir='ltr' id='par_1_70' title="bbox 411 3916 1990 3990">
     <span class='ocr_line' id='line_1_70' title="bbox 411 3916 1990 3990; baseline 0.001 -15"><span class='ocrx_word' id='word_1_505' title='bbox 411 3921 590 3975; x_wconf 81' lang='lat' dir='ltr'><strong>habet.</strong></span> <span class='ocrx_word' id='word_1_506' title='bbox 648 3918 789 3986; x_wconf 85' lang='lat' dir='ltr'><strong>Quin</strong></span> <span class='ocrx_word' id='word_1_507' title='bbox 823 3934 888 3971; x_wconf 88' lang='lat' dir='ltr'><strong>ne</strong></span> <span class='ocrx_word' id='word_1_508' title='bbox 910 3916 1130 3986; x_wconf 83' lang='lat' dir='ltr'><strong>quidem</strong></span> <span class='ocrx_word' id='word_1_509' title='bbox 1159 3917 1324 3972; x_wconf 83' lang='lat' dir='ltr'><strong>etiam</strong></span> <span class='ocrx_word' id='word_1_510' title='bbox 1381 3917 1677 3986; x_wconf 81' lang='lat' dir='ltr'><strong>qualitates</strong></span> <span class='ocrx_word' id='word_1_511' title='bbox 1733 3937 1858 3990; x_wconf 72' lang='lat' dir='ltr'><strong>quae</strong></span> <span class='ocrx_word' id='word_1_512' title='bbox 1889 3923 1990 3976; x_wconf 83' lang='lat' dir='ltr'><strong>sub</strong></span> 
     </span>
    </p>
   </div>
   <div class='ocr_carea' id='block_1_71' title="bbox 408 4009 1991 4081">
    <p class='ocr_par' dir='ltr' id='par_1_71' title="bbox 408 4009 1991 4081">
     <span class='ocr_line' id='line_1_71' title="bbox 408 4009 1991 4081; baseline 0.001 -15"><span class='ocrx_word' id='word_1_513' title='bbox 408 4019 623 4081; x_wconf 79' lang='lat' dir='ltr'><strong>gustum</strong></span> <span class='ocrx_word' id='word_1_514' title='bbox 659 4011 883 4074; x_wconf 87' lang='lat' dir='ltr'><strong>cadunt,</strong></span> <span class='ocrx_word' id='word_1_515' title='bbox 917 4019 1043 4064; x_wconf 86' lang='lat' dir='ltr'><strong>sunt</strong></span> <span class='ocrx_word' id='word_1_516' title='bbox 1085 4011 1135 4063; x_wconf 89' lang='lat' dir='ltr'><strong>in</strong></span> <span class='ocrx_word' id='word_1_517' title='bbox 1176 4009 1450 4064; x_wconf 83' lang='lat' dir='ltr'><strong>omnibus.</strong></span> <span class='ocrx_word' id='word_1_518' title='bbox 1510 4011 1664 4078; x_wconf 83' lang='lat' dir='ltr'><strong>Aqua</strong></span> <span class='ocrx_word' id='word_1_519' title='bbox 1695 4013 1838 4065; x_wconf 90' lang='lat' dir='ltr'><strong>enim</strong></span> <span class='ocrx_word' id='word_1_520' title='bbox 1871 4029 1991 4081; x_wconf 70' lang='lat' dir='ltr'><strong>quae</strong></span> 
     </span>
    </p>
   </div>
   <div class='ocr_carea' id='block_1_72' title="bbox 2095 3263 3666 3348">
    <p class='ocr_par' dir='ltr' id='par_1_72' title="bbox 2095 3263 3666 3348">
     <span class='ocr_line' id='line_1_72' title="bbox 2095 3263 3666 3348; baseline -0.01 -16"><span class='ocrx_word' id='word_1_521' title='bbox 2095 3280 2204 3348; x_wconf 77' lang='grc' dir='ltr'>ἀὴρ</span> <span class='ocrx_word' id='word_1_522' title='bbox 2251 3277 2441 3346; x_wconf 77' lang='grc' dir='ltr'>ὥσπερ</span> <span class='ocrx_word' id='word_1_523' title='bbox 2498 3276 2813 3345; x_wconf 76' lang='grc' dir='ltr'>χρώματος,</span> <span class='ocrx_word' id='word_1_524' title='bbox 2841 3272 2984 3327; x_wconf 73' lang='grc' dir='ltr'>οὕτω</span> <span class='ocrx_word' id='word_1_525' title='bbox 3015 3273 3110 3325; x_wconf 66' lang='grc' dir='ltr'><strong>καὶ</strong></span> <span class='ocrx_word' id='word_1_526' title='bbox 3142 3271 3323 3341; x_wconf 78' lang='grc' dir='ltr'>ὀσμῆς</span> <span class='ocrx_word' id='word_1_527' title='bbox 3369 3269 3511 3332; x_wconf 78' lang='grc' dir='ltr'>ἰδίας</span> <span class='ocrx_word' id='word_1_528' title='bbox 3537 3263 3666 3333; x_wconf 77' lang='grc' dir='ltr'>ἁμέ-</span> 
     </span>
    </p>
   </div>
   <div class='ocr_carea' id='block_1_73' title="bbox 2093 3356 3667 3436">
    <p class='ocr_par' dir='ltr' id='par_1_73' title="bbox 2093 3356 3667 3436">
     <span class='ocr_line' id='line_1_73' title="bbox 2093 3356 3667 3436; baseline -0.01 -12"><span class='ocrx_word' id='word_1_529' title='bbox 2093 3371 2305 3432; x_wconf 83' lang='grc' dir='ltr'>θεκτος·</span> <span class='ocrx_word' id='word_1_530' title='bbox 2335 3371 2435 3423; x_wconf 77' lang='grc' dir='ltr'>καὶ</span> <span class='ocrx_word' id='word_1_531' title='bbox 2470 3367 2642 3436; x_wconf 84' lang='grc' dir='ltr'>ταύτῃ</span> <span class='ocrx_word' id='word_1_532' title='bbox 2667 3363 3159 3434; x_wconf 80' lang='grc' dir='ltr'>διαπορθμευτικὺς</span> <span class='ocrx_word' id='word_1_533' title='bbox 3205 3363 3415 3430; x_wconf 86' lang='grc' dir='ltr'>γίνεται</span> <span class='ocrx_word' id='word_1_534' title='bbox 3445 3356 3667 3430; x_wconf 77' lang='grc' dir='ltr'>χρωμά-</span> 
     </span>
    </p>
   </div>
   <div class='ocr_carea' id='block_1_74' title="bbox 2096 3449 3668 3525">
    <p class='ocr_par' dir='ltr' id='par_1_74' title="bbox 2096 3449 3668 3525">
     <span class='ocr_line' id='line_1_74' title="bbox 2096 3449 3668 3525; baseline -0.008 -13"><span class='ocrx_word' id='word_1_535' title='bbox 2096 3479 2205 3514; x_wconf 87' lang='grc' dir='ltr'><strong>των</strong></span> <span class='ocrx_word' id='word_1_536' title='bbox 2242 3477 2300 3513; x_wconf 87' lang='grc' dir='ltr'><strong>τε</strong></span> <span class='ocrx_word' id='word_1_537' title='bbox 2342 3459 2438 3511; x_wconf 76' lang='grc' dir='ltr'><strong>καὶ</strong></span> <span class='ocrx_word' id='word_1_538' title='bbox 2465 3456 2678 3525; x_wconf 84' lang='grc' dir='ltr'>ὀσμῶν.</span> <span class='ocrx_word' id='word_1_539' title='bbox 2722 3456 2864 3508; x_wconf 78' lang='grc' dir='ltr'>Ἀλλ’</span> <span class='ocrx_word' id='word_1_540' title='bbox 2891 3455 3014 3508; x_wconf 82' lang='grc' dir='ltr'><strong>οὐδὲ</strong></span> <span class='ocrx_word' id='word_1_541' title='bbox 3043 3455 3268 3525; x_wconf 75' lang='grc' dir='ltr'>γευσταὶ</span> <span class='ocrx_word' id='word_1_542' title='bbox 3312 3451 3594 3516; x_wconf 82' lang='grc' dir='ltr'>ποιότητες</span> <span class='ocrx_word' id='word_1_543' title='bbox 3616 3449 3668 3500; x_wconf 82' lang='grc' dir='ltr'><strong>ἐν</strong></span> 
     </span>
    </p>
   </div>
   <div class='ocr_carea' id='block_1_75' title="bbox 2099 3543 3665 3618">
    <p class='ocr_par' dir='ltr' id='par_1_75' title="bbox 2099 3543 3665 3618">
     <span class='ocr_line' id='line_1_75' title="bbox 2099 3543 3665 3618; baseline -0.01 -11"><span class='ocrx_word' id='word_1_544' title='bbox 2099 3553 2266 3607; x_wconf 75' lang='grc' dir='ltr'>πᾶσιν</span> <span class='ocrx_word' id='word_1_545' title='bbox 2295 3553 2424 3604; x_wconf 89' lang='grc' dir='ltr'>εἰσι.</span> <span class='ocrx_word' id='word_1_546' title='bbox 2453 3550 2525 3602; x_wconf 87' lang='grc' dir='ltr'>Τὸ</span> <span class='ocrx_word' id='word_1_547' title='bbox 2566 3549 2698 3616; x_wconf 78' lang='grc' dir='ltr'>γοῦν</span> <span class='ocrx_word' id='word_1_548' title='bbox 2730 3548 2872 3618; x_wconf 74' lang='grc' dir='ltr'>ὕδωρ</span> <span class='ocrx_word' id='word_1_549' title='bbox 2900 3551 3012 3612; x_wconf 83' lang='grc' dir='ltr'>τοῖς</span> <span class='ocrx_word' id='word_1_550' title='bbox 3053 3549 3256 3617; x_wconf 82' lang='grc' dir='ltr'>χυμοῖς</span> <span class='ocrx_word' id='word_1_551' title='bbox 3285 3543 3665 3611; x_wconf 81' lang='grc' dir='ltr'>ὑποκείμενον,</span> 
     </span>
    </p>
   </div>
   <div class='ocr_carea' id='block_1_76' title="bbox 2101 3633 3666 3715">
    <p class='ocr_par' dir='ltr' id='par_1_76' title="bbox 2101 3633 3666 3715">
     <span class='ocr_line' id='line_1_76' title="bbox 2101 3633 3666 3715; baseline -0.01 -16"><span class='ocrx_word' id='word_1_552' title='bbox 2101 3645 2311 3715; x_wconf 76' lang='grc' dir='ltr'>ἄχυμόν</span> <span class='ocrx_word' id='word_1_553' title='bbox 2343 3645 2457 3697; x_wconf 86' lang='grc' dir='ltr'>ἐστι</span> <span class='ocrx_word' id='word_1_554' title='bbox 2485 3639 2607 3696; x_wconf 84' lang='grc' dir='ltr'>καθ’</span> <span class='ocrx_word' id='word_1_555' title='bbox 2641 3639 2776 3694; x_wconf 84' lang='grc' dir='ltr'>αὐτό</span> <span class='ocrx_word' id='word_1_556' title='bbox 2802 3656 2817 3672; x_wconf 77' lang='grc' dir='ltr'><strong>ο</strong></span> <span class='ocrx_word' id='word_1_557' title='bbox 2874 3639 3042 3708; x_wconf 85' lang='grc' dir='ltr'>μόνας</span> <span class='ocrx_word' id='word_1_558' title='bbox 3075 3638 3132 3692; x_wconf 72' lang='grc' dir='ltr'><strong>δὲ</strong></span> <span class='ocrx_word' id='word_1_559' title='bbox 3179 3638 3266 3692; x_wconf 76' lang='grc' dir='ltr'><strong>διὰ</strong></span> <span class='ocrx_word' id='word_1_560' title='bbox 3313 3637 3537 3690; x_wconf 82' lang='grc' dir='ltr'>πάντων</span> <span class='ocrx_word' id='word_1_561' title='bbox 3567 3633 3666 3692; x_wconf 83' lang='grc' dir='ltr'><strong>τῶν</strong></span> 
     </span>
    </p>
   </div>
   <div class='ocr_carea' id='block_1_77' title="bbox 2100 3728 3668 3804">
    <p class='ocr_par' dir='ltr' id='par_1_77' title="bbox 2100 3728 3668 3804">
     <span class='ocr_line' id='line_1_77' title="bbox 2100 3728 3668 3804; baseline -0.009 -14"><span class='ocrx_word' id='word_1_562' title='bbox 2100 3738 2368 3804; x_wconf 72' lang='grc' dir='ltr'>σωμάτων</span> <span class='ocrx_word' id='word_1_563' title='bbox 2401 3733 2893 3802; x_wconf 80' lang='grc' dir='ltr'>διαπεφοιτηκυίας</span> <span class='ocrx_word' id='word_1_564' title='bbox 2927 3731 3027 3792; x_wconf 81' lang='grc' dir='ltr'>τὰς</span> <span class='ocrx_word' id='word_1_565' title='bbox 3071 3730 3250 3792; x_wconf 76' lang='grc' dir='ltr'><strong>ἅπτὰς</strong></span> <span class='ocrx_word' id='word_1_566' title='bbox 3281 3728 3508 3799; x_wconf 82' lang='grc' dir='ltr'>ὁρῶμεν</span> <span class='ocrx_word' id='word_1_567' title='bbox 3531 3728 3668 3778; x_wconf 84' lang='grc' dir='ltr'>ποιό-</span> 
     </span>
    </p>
   </div>
   <div class='ocr_carea' id='block_1_78' title="bbox 2097 3819 3668 3899">
    <p class='ocr_par' dir='ltr' id='par_1_78' title="bbox 2097 3819 3668 3899">
     <span class='ocr_line' id='line_1_78' title="bbox 2097 3819 3668 3899; baseline -0.008 -18"><span class='ocrx_word' id='word_1_568' title='bbox 2097 3845 2290 3899; x_wconf 84' lang='grc' dir='ltr'>τητας.</span> <span class='ocrx_word' id='word_1_569' title='bbox 2326 3826 2527 3884; x_wconf 73' lang='grc' dir='ltr'><strong>,Ἄπταί¹</strong></span> <span class='ocrx_word' id='word_1_570' title='bbox 2562 3827 2672 3896; x_wconf 80' lang='grc' dir='ltr'>ἄρα</span> <span class='ocrx_word' id='word_1_571' title='bbox 2705 3819 2821 3876; x_wconf 81' lang='grc' dir='ltr'>εἷεν</span> <span class='ocrx_word' id='word_1_572' title='bbox 2853 3823 2918 3876; x_wconf 81' lang='grc' dir='ltr'><strong>ἂν</strong></span> <span class='ocrx_word' id='word_1_573' title='bbox 2952 3821 3299 3884; x_wconf 74' lang='grc' dir='ltr'>ἐναντιώσεις</span> <span class='ocrx_word' id='word_1_574' title='bbox 3344 3822 3399 3873; x_wconf 88' lang='grc' dir='ltr'>αἱ</span> <span class='ocrx_word' id='word_1_575' title='bbox 3421 3819 3511 3872; x_wconf 73' lang='grc' dir='ltr'><strong>διὰ</strong></span> <span class='ocrx_word' id='word_1_576' title='bbox 3541 3819 3668 3870; x_wconf 75' lang='grc' dir='ltr'>πάν-</span> 
     </span>
    </p>
   </div>
   <div class='ocr_carea' id='block_1_79' title="bbox 2099 3911 3666 3986">
    <p class='ocr_par' dir='ltr' id='par_1_79' title="bbox 2099 3911 3666 3986">
     <span class='ocr_line' id='line_1_79' title="bbox 2099 3911 3666 3986; baseline -0.007 -15"><span class='ocrx_word' id='word_1_577' title='bbox 2099 3937 2208 3972; x_wconf 86' lang='grc' dir='ltr'><strong>των</strong></span> <span class='ocrx_word' id='word_1_578' title='bbox 2247 3917 2356 3970; x_wconf 84' lang='grc' dir='ltr'><strong>τῶν</strong></span> <span class='ocrx_word' id='word_1_579' title='bbox 2388 3917 2662 3986; x_wconf 80' lang='grc' dir='ltr'>σωμάτων</span> <span class='ocrx_word' id='word_1_580' title='bbox 2696 3915 2907 3984; x_wconf 84' lang='grc' dir='ltr'>διήκειν</span> <span class='ocrx_word' id='word_1_581' title='bbox 2931 3913 3250 3983; x_wconf 80' lang='grc' dir='ltr'>δυνάμεναι,</span> <span class='ocrx_word' id='word_1_582' title='bbox 3278 3911 3374 3964; x_wconf 80' lang='grc' dir='ltr'>καὶ</span> <span class='ocrx_word' id='word_1_583' title='bbox 3413 3913 3666 3962; x_wconf 82' lang='grc' dir='ltr'>καινότα-</span> 
     </span>
    </p>
   </div>
   <div class='ocr_carea' id='block_1_80' title="bbox 2100 4007 2649 4080">
    <p class='ocr_par' dir='ltr' id='par_1_80' title="bbox 2100 4007 2649 4080">
     <span class='ocr_line' id='line_1_80' title="bbox 2100 4007 2649 4080; baseline -0.009 -13"><span class='ocrx_word' id='word_1_584' title='bbox 2100 4023 2258 4067; x_wconf 86' lang='grc' dir='ltr'>ταται</span> <span class='ocrx_word' id='word_1_585' title='bbox 2287 4007 2426 4064; x_wconf 72' lang='grc' dir='ltr'>εἶναι</span> <span class='ocrx_word' id='word_1_586' title='bbox 2457 4007 2649 4080; x_wconf 83' lang='grc' dir='ltr'>ἀρχαί.</span> 
     </span>
    </p>
   </div>
   <div class='ocr_carea' id='block_1_81' title="bbox 407 4083 3666 4173">
    <p class='ocr_par' dir='ltr' id='par_1_81' title="bbox 407 4083 3666 4173">
     <span class='ocr_line' id='line_1_81' title="bbox 407 4083 3666 4173; baseline -0.004 -14"><span class='ocrx_word' id='word_1_587' title='bbox 407 4103 694 4173; x_wconf 79' lang='lat' dir='ltr'><strong>saporibus</strong></span> <span class='ocrx_word' id='word_1_588' title='bbox 720 4100 963 4170; x_wconf 73' lang='lat' dir='ltr'><strong>subjecta</strong></span> <span class='ocrx_word' id='word_1_589' title='bbox 999 4111 1104 4162; x_wconf 91' lang='lat' dir='ltr'><strong>est,</strong></span> <span class='ocrx_word' id='word_1_590' title='bbox 1135 4115 1226 4168; x_wconf 88' lang='lat' dir='ltr'><strong>per</strong></span> <span class='ocrx_word' id='word_1_591' title='bbox 1252 4116 1310 4154; x_wconf 88' lang='lat' dir='ltr'><strong>se</strong></span> <span class='ocrx_word' id='word_1_592' title='bbox 1342 4104 1556 4170; x_wconf 88' lang='lat' dir='ltr'><strong>saporis</strong></span> <span class='ocrx_word' id='word_1_593' title='bbox 1613 4118 1807 4172; x_wconf 73' lang='lat' dir='ltr'><strong>expers</strong></span> <span class='ocrx_word' id='word_1_594' title='bbox 1879 4114 1982 4158; x_wconf 90' lang='lat' dir='ltr'><strong>est.</strong></span> <span class='ocrx_word' id='word_1_595' title='bbox 2029 4105 2185 4160; x_wconf 78' lang='lat' dir='ltr'><strong>Solas</strong></span> <span class='ocrx_word' id='word_1_596' title='bbox 2213 4111 2392 4158; x_wconf 83' lang='lat' dir='ltr'><strong>autem</strong></span> <span class='ocrx_word' id='word_1_597' title='bbox 2423 4117 2517 4156; x_wconf 86' lang='lat' dir='ltr'><strong>eas</strong></span> <span class='ocrx_word' id='word_1_598' title='bbox 2545 4100 2834 4169; x_wconf 88' lang='lat' dir='ltr'><strong>qualitates</strong></span> <span class='ocrx_word' id='word_1_599' title='bbox 2858 4112 2978 4167; x_wconf 69' lang='lat' dir='ltr'><strong>quae</strong></span> <span class='ocrx_word' id='word_1_600' title='bbox 3023 4083 3149 4150; x_wconf 54' lang='lat' dir='ltr'><strong>sub.</strong></span> <span class='ocrx_word' id='word_1_601' title='bbox 3192 4107 3392 4150; x_wconf 72' lang='lat' dir='ltr'><strong>tat-tum</strong></span> <span class='ocrx_word' id='word_1_602' title='bbox 3437 4095 3666 4149; x_wconf 72' lang='lat' dir='ltr'><strong>cadunh</strong></span> 
     </span>
    </p>
   </div>
   <div class='ocr_carea' id='block_1_82' title="bbox 407 4190 3669 4264">
    <p class='ocr_par' dir='ltr' id='par_1_82' title="bbox 407 4190 3669 4264">
     <span class='ocr_line' id='line_1_82' title="bbox 407 4190 3669 4264; baseline -0.002 -13"><span class='ocrx_word' id='word_1_603' title='bbox 407 4197 589 4251; x_wconf 85' lang='lat' dir='ltr'><strong>omnia</strong></span> <span class='ocrx_word' id='word_1_604' title='bbox 628 4208 857 4263; x_wconf 87' lang='lat' dir='ltr'><strong>corpora</strong></span> <span class='ocrx_word' id='word_1_605' title='bbox 899 4191 1470 4261; x_wconf 67' lang='lat' dir='ltr'><strong>peragrarcvitlemus.</strong></span> <span class='ocrx_word' id='word_1_606' title='bbox 1525 4193 1632 4248; x_wconf 67' lang='lat' dir='ltr'><strong>Illae</strong></span> <span class='ocrx_word' id='word_1_607' title='bbox 1671 4195 1836 4264; x_wconf 78' lang='lat' dir='ltr'><strong>igitur</strong></span> <span class='ocrx_word' id='word_1_608' title='bbox 1897 4200 2320 4252; x_wconf 82' lang='lat' dir='ltr'><strong>contrarietates</strong></span> <span class='ocrx_word' id='word_1_609' title='bbox 2378 4195 2483 4251; x_wconf 87' lang='lat' dir='ltr'><strong>sub</strong></span> <span class='ocrx_word' id='word_1_610' title='bbox 2541 4202 2744 4250; x_wconf 87' lang='lat' dir='ltr'><strong>tactum</strong></span> <span class='ocrx_word' id='word_1_611' title='bbox 2838 4193 3083 4256; x_wconf 83' lang='lat' dir='ltr'><strong>veniunt,</strong></span> <span class='ocrx_word' id='word_1_612' title='bbox 3149 4208 3270 4261; x_wconf 73' lang='lat' dir='ltr'><strong>qua:</strong></span> <span class='ocrx_word' id='word_1_613' title='bbox 3320 4206 3413 4260; x_wconf 89' lang='lat' dir='ltr'><strong>per</strong></span> <span class='ocrx_word' id='word_1_614' title='bbox 3489 4190 3669 4244; x_wconf 74' lang='lat' dir='ltr'><strong>omnia</strong></span> 
     </span>
    </p>
   </div>
   <div class='ocr_carea' id='block_1_83' title="bbox 411 4287 2266 4364">
    <p class='ocr_par' dir='ltr' id='par_1_83' title="bbox 411 4287 2266 4364">
     <span class='ocr_line' id='line_1_83' title="bbox 411 4287 2266 4364; baseline 0.002 -18"><span class='ocrx_word' id='word_1_615' title='bbox 411 4306 636 4360; x_wconf 65' lang='lat' dir='ltr'><strong>corpora</strong></span> <span class='ocrx_word' id='word_1_616' title='bbox 660 4287 922 4359; x_wconf 82' lang='lat' dir='ltr'><strong>grassari,</strong></span> <span class='ocrx_word' id='word_1_617' title='bbox 967 4295 1020 4341; x_wconf 89' lang='lat' dir='ltr'><strong>et</strong></span> <span class='ocrx_word' id='word_1_618' title='bbox 1051 4291 1499 4344; x_wconf 86' lang='lat' dir='ltr'><strong>communissitna</strong></span> <span class='ocrx_word' id='word_1_619' title='bbox 1549 4290 1817 4360; x_wconf 87' lang='lat' dir='ltr'><strong>principia</strong></span> <span class='ocrx_word' id='word_1_620' title='bbox 1851 4306 1976 4348; x_wconf 87' lang='lat' dir='ltr'><strong>esse</strong></span> <span class='ocrx_word' id='word_1_621' title='bbox 2017 4305 2266 4364; x_wconf 83' lang='lat' dir='ltr'><strong>possunt.</strong></span> 
     </span>
    </p>
   </div>
   <div class='ocr_carea' id='block_1_84' title="bbox 478 4382 1986 4463">
    <p class='ocr_par' dir='ltr' id='par_1_84' title="bbox 478 4387 1982 4458">
     <span class='ocr_line' id='line_1_84' title="bbox 478 4387 1982 4458; baseline 0.003 -17"><span class='ocrx_word' id='word_1_622' title='bbox 478 4388 530 4441; x_wconf 74' lang='grc' dir='ltr'>ὅ.</span> <span class='ocrx_word' id='word_1_623' title='bbox 570 4387 828 4452; x_wconf 78' lang='lat' dir='ltr'><strong>Quaenam</strong></span> <span class='ocrx_word' id='word_1_624' title='bbox 869 4403 998 4456; x_wconf 79' lang='lat' dir='ltr'><strong>ergo</strong></span> <span class='ocrx_word' id='word_1_625' title='bbox 1027 4396 1152 4442; x_wconf 86' lang='lat' dir='ltr'><strong>sunt</strong></span> <span class='ocrx_word' id='word_1_626' title='bbox 1182 4405 1258 4443; x_wconf 73' lang='lat' dir='ltr'><strong>eze</strong></span> <span class='ocrx_word' id='word_1_627' title='bbox 1276 4390 1695 4444; x_wconf 84' lang='lat' dir='ltr'><strong>contrarietates</strong></span> <span class='ocrx_word' id='word_1_628' title='bbox 1733 4404 1855 4458; x_wconf 67' lang='lat' dir='ltr'><strong>quae</strong></span> <span class='ocrx_word' id='word_1_629' title='bbox 1877 4389 1982 4446; x_wconf 87' lang='lat' dir='ltr'><strong>sub</strong></span> 
     </span>
    </p>
   </div>
   <div class='ocr_carea' id='block_1_85' title="bbox 2096 4382 3671 4463">
    <p class='ocr_par' dir='ltr' id='par_1_85' title="bbox 2161 4382 3671 4463">
     <span class='ocr_line' id='line_1_85' title="bbox 2161 4382 3671 4463; baseline -0.007 -18"><span class='ocrx_word' id='word_1_630' title='bbox 2161 4388 2230 4458; x_wconf 87' lang='grc' dir='ltr'><strong>γ’.</strong></span> <span class='ocrx_word' id='word_1_631' title='bbox 2264 4389 2419 4453; x_wconf 83' lang='grc' dir='ltr'>Τίνες</span> <span class='ocrx_word' id='word_1_632' title='bbox 2460 4384 2550 4443; x_wconf 79' lang='grc' dir='ltr'>οὖν</span> <span class='ocrx_word' id='word_1_633' title='bbox 2602 4385 2958 4447; x_wconf 77' lang='grc' dir='ltr'>ἐναντιώσεις</span> <span class='ocrx_word' id='word_1_634' title='bbox 2989 4383 3191 4449; x_wconf 59' lang='lat' dir='ltr'><strong>iurati;</strong></span> <span class='ocrx_word' id='word_1_635' title='bbox 3264 4382 3548 4463; x_wconf 81' lang='grc' dir='ltr'>Θερμότης</span> <span class='ocrx_word' id='word_1_636' title='bbox 3579 4382 3671 4435; x_wconf 49' lang='grc' dir='ltr'>καὶ</span> 
     </span>
    </p>
   </div>
   <div class='ocr_carea' id='block_1_86' title="bbox 411 4473 1986 4554">
    <p class='ocr_par' dir='ltr' id='par_1_86' title="bbox 411 4481 1986 4553">
     <span class='ocr_line' id='line_1_86' title="bbox 411 4481 1986 4553; baseline 0.004 -21"><span class='ocrx_word' id='word_1_637' title='bbox 411 4491 612 4534; x_wconf 80' lang='lat' dir='ltr'><strong>tactum</strong></span> <span class='ocrx_word' id='word_1_638' title='bbox 643 4481 841 4534; x_wconf 86' lang='lat' dir='ltr'><strong>cadunt</strong></span> <span class='ocrx_word' id='word_1_639' title='bbox 875 4481 922 4512; x_wconf 81' lang='grc'><strong>⁸⁸</strong></span> <span class='ocrx_word' id='word_1_640' title='bbox 949 4482 972 4535; x_wconf 82' lang='lat' dir='ltr'><strong>‘l</strong></span> <span class='ocrx_word' id='word_1_641' title='bbox 1009 4482 1257 4535; x_wconf 84' lang='lat' dir='ltr'><strong>caliditas</strong></span> <span class='ocrx_word' id='word_1_642' title='bbox 1284 4491 1339 4538; x_wconf 90' lang='lat' dir='ltr'><strong>et</strong></span> <span class='ocrx_word' id='word_1_643' title='bbox 1366 4481 1656 4553; x_wconf 78' lang='lat' dir='ltr'><strong>irigiditas,</strong></span> <span class='ocrx_word' id='word_1_644' title='bbox 1688 4484 1986 4538; x_wconf 83' lang='lat' dir='ltr'><strong>ltumiditas</strong></span> 
     </span>
    </p>
   </div>
   <div class='ocr_carea' id='block_1_87' title="bbox 2096 4473 3669 4554">
    <p class='ocr_par' dir='ltr' id='par_1_87' title="bbox 2096 4473 3669 4554">
     <span class='ocr_line' id='line_1_87' title="bbox 2096 4473 3669 4554; baseline -0.01 -17"><span class='ocrx_word' id='word_1_645' title='bbox 2096 4483 2391 4554; x_wconf 72' lang='grc' dir='ltr'>ψυχρότης.</span> <span class='ocrx_word' id='word_1_646' title='bbox 2458 4481 2695 4551; x_wconf 77' lang='grc' dir='ltr'>ὑγρότης</span> <span class='ocrx_word' id='word_1_647' title='bbox 2755 4482 2850 4533; x_wconf 80' lang='grc' dir='ltr'>καὶ</span> <span class='ocrx_word' id='word_1_648' title='bbox 2908 4477 3166 4545; x_wconf 76' lang='grc' dir='ltr'>ξηρότης,</span> <span class='ocrx_word' id='word_1_649' title='bbox 3235 4475 3512 4543; x_wconf 79' lang='grc' dir='ltr'>κουφότης</span> <span class='ocrx_word' id='word_1_650' title='bbox 3578 4473 3669 4525; x_wconf 71' lang='grc' dir='ltr'>καὶ</span> 
     </span>
    </p>
   </div>
   <div class='ocr_carea' id='block_1_88' title="bbox 410 4554 1986 4645">
    <p class='ocr_par' dir='ltr' id='par_1_88' title="bbox 410 4568 1986 4640">
     <span class='ocr_line' id='line_1_88' title="bbox 410 4568 1986 4640; baseline 0.005 -17"><span class='ocrx_word' id='word_1_651' title='bbox 410 4579 464 4623; x_wconf 86' lang='lat' dir='ltr'><strong>et</strong></span> <span class='ocrx_word' id='word_1_652' title='bbox 482 4568 723 4634; x_wconf 78' lang='lat' dir='ltr'><strong>siccitas,</strong></span> <span class='ocrx_word' id='word_1_653' title='bbox 761 4570 954 4625; x_wconf 79' lang='lat' dir='ltr'><strong>levitas</strong></span> <span class='ocrx_word' id='word_1_654' title='bbox 972 4579 1025 4624; x_wconf 89' lang='lat' dir='ltr'><strong>et</strong></span> <span class='ocrx_word' id='word_1_655' title='bbox 1057 4572 1318 4640; x_wconf 78' lang='lat' dir='ltr'><strong>gravitas,</strong></span> <span class='ocrx_word' id='word_1_656' title='bbox 1375 4573 1633 4627; x_wconf 81' lang='lat' dir='ltr'><strong>mollities</strong></span> <span class='ocrx_word' id='word_1_657' title='bbox 1662 4583 1714 4627; x_wconf 93' lang='lat' dir='ltr'><strong>et</strong></span> <span class='ocrx_word' id='word_1_658' title='bbox 1739 4575 1986 4631; x_wconf 57' lang='lat' dir='ltr'><strong>durities.</strong></span> 
     </span>
    </p>
   </div>
   <div class='ocr_carea' id='block_1_89' title="bbox 2096 4554 3667 4645">
    <p class='ocr_par' dir='ltr' id='par_1_89' title="bbox 2105 4561 3667 4645">
     <span class='ocr_line' id='line_1_89' title="bbox 2105 4561 3667 4645; baseline -0.009 -19"><span class='ocrx_word' id='word_1_659' title='bbox 2105 4574 2364 4645; x_wconf 83' lang='grc' dir='ltr'>βαρύτης,</span> <span class='ocrx_word' id='word_1_660' title='bbox 2389 4571 2706 4642; x_wconf 84' lang='grc' dir='ltr'>μαλακότης</span> <span class='ocrx_word' id='word_1_661' title='bbox 2730 4571 2826 4621; x_wconf 73' lang='grc' dir='ltr'>καὶ</span> <span class='ocrx_word' id='word_1_662' title='bbox 2855 4566 3186 4636; x_wconf 83' lang='grc' dir='ltr'>σκληρότης,</span> <span class='ocrx_word' id='word_1_663' title='bbox 3217 4563 3553 4634; x_wconf 79' lang='grc' dir='ltr'>γλισχρότης</span> <span class='ocrx_word' id='word_1_664' title='bbox 3582 4561 3667 4613; x_wconf 69' lang='grc' dir='ltr'><strong>καὶ</strong></span> 
     </span>
    </p>
   </div>
   <div class='ocr_carea' id='block_1_90' title="bbox 411 4661 1990 4734">
    <p class='ocr_par' dir='ltr' id='par_1_90' title="bbox 411 4661 1990 4734">
     <span class='ocr_line' id='line_1_90' title="bbox 411 4661 1990 4734; baseline 0.004 -21"><span class='ocrx_word' id='word_1_665' title='bbox 411 4661 698 4716; x_wconf 81' lang='lat' dir='ltr'><strong>viscositas</strong></span> <span class='ocrx_word' id='word_1_666' title='bbox 734 4673 785 4716; x_wconf 85' lang='lat' dir='ltr'><strong>et</strong></span> <span class='ocrx_word' id='word_1_667' title='bbox 815 4664 1279 4725; x_wconf 85' lang='lat' dir='ltr'><strong>ariditas,‘levitas</strong></span> <span class='ocrx_word' id='word_1_668' title='bbox 1323 4671 1376 4716; x_wconf 90' lang='lat' dir='ltr'><strong>et</strong></span> <span class='ocrx_word' id='word_1_669' title='bbox 1407 4665 1697 4734; x_wconf 82' lang='lat' dir='ltr'><strong>asperitas,</strong></span> <span class='ocrx_word' id='word_1_670' title='bbox 1752 4666 1990 4720; x_wconf 87' lang='lat' dir='ltr'><strong>tenuitas</strong></span> 
     </span>
    </p>
   </div>
   <div class='ocr_carea' id='block_1_91' title="bbox 407 4754 1992 4828">
    <p class='ocr_par' dir='ltr' id='par_1_91' title="bbox 407 4754 1992 4828">
     <span class='ocr_line' id='line_1_91' title="bbox 407 4754 1992 4828; baseline 0.004 -20"><span class='ocrx_word' id='word_1_671' title='bbox 407 4760 464 4808; x_wconf 89' lang='lat' dir='ltr'><strong>ct</strong></span> <span class='ocrx_word' id='word_1_672' title='bbox 493 4754 794 4818; x_wconf 86' lang='lat' dir='ltr'><strong>crassities,</strong></span> <span class='ocrx_word' id='word_1_673' title='bbox 829 4755 1028 4809; x_wconf 86' lang='lat' dir='ltr'><strong>raritas</strong></span> <span class='ocrx_word' id='word_1_674' title='bbox 1052 4765 1107 4808; x_wconf 90' lang='lat' dir='ltr'><strong>et</strong></span> <span class='ocrx_word' id='word_1_675' title='bbox 1132 4758 1400 4814; x_wconf 65' lang='lat' dir='ltr'><strong>densitas.</strong></span> <span class='ocrx_word' id='word_1_676' title='bbox 1435 4774 1554 4826; x_wconf 81' lang='lat' dir='ltr'><strong>quae</strong></span> <span class='ocrx_word' id='word_1_677' title='bbox 1574 4773 1764 4813; x_wconf 86' lang='lat' dir='ltr'><strong>omnes</strong></span> <span class='ocrx_word' id='word_1_678' title='bbox 1802 4761 1992 4828; x_wconf 85' lang='lat' dir='ltr'><strong>conju-</strong></span> 
     </span>
    </p>
   </div>
   <div class='ocr_carea' id='block_1_92' title="bbox 408 4846 1987 4921">
    <p class='ocr_par' dir='ltr' id='par_1_92' title="bbox 408 4846 1987 4921">
     <span class='ocr_line' id='line_1_92' title="bbox 408 4846 1987 4921; baseline 0.004 -24"><span class='ocrx_word' id='word_1_679' title='bbox 408 4846 656 4913; x_wconf 80' lang='lat' dir='ltr'><strong>gationes</strong></span> <span class='ocrx_word' id='word_1_680' title='bbox 683 4861 912 4902; x_wconf 87' lang='lat' dir='ltr'><strong>numero</strong></span> <span class='ocrx_word' id='word_1_681' title='bbox 951 4847 1109 4917; x_wconf 78' lang='lat'><strong>129</strong></span> <span class='ocrx_word' id='word_1_682' title='bbox 1135 4856 1260 4902; x_wconf 90' lang='lat' dir='ltr'><strong>octo</strong></span> <span class='ocrx_word' id='word_1_683' title='bbox 1287 4858 1441 4903; x_wconf 88' lang='lat' dir='ltr'><strong>sunt.</strong></span> <span class='ocrx_word' id='word_1_684' title='bbox 1518 4846 1718 4904; x_wconf 81' lang='lat' dir='ltr'><strong>Harum</strong></span> <span class='ocrx_word' id='word_1_685' title='bbox 1767 4853 1987 4921; x_wconf 89' lang='lat' dir='ltr'><strong>quidem</strong></span> 
     </span>
    </p>
   </div>
   <div class='ocr_carea' id='block_1_93' title="bbox 411 4941 1992 5012">
    <p class='ocr_par' dir='ltr' id='par_1_93' title="bbox 411 4941 1992 5012">
     <span class='ocr_line' id='line_1_93' title="bbox 411 4941 1992 5012; baseline 0.001 -17"><span class='ocrx_word' id='word_1_686' title='bbox 411 4943 606 5011; x_wconf 68' lang='lat' dir='ltr'><strong>aliqua:</strong></span> <span class='ocrx_word' id='word_1_687' title='bbox 641 4943 692 4995; x_wconf 92' lang='lat' dir='ltr'><strong>in</strong></span> <span class='ocrx_word' id='word_1_688' title='bbox 722 4956 779 4996; x_wconf 90' lang='lat' dir='ltr'><strong>se</strong></span> <span class='ocrx_word' id='word_1_689' title='bbox 813 4941 1043 4996; x_wconf 88' lang='lat' dir='ltr'><strong>invicem</strong></span> <span class='ocrx_word' id='word_1_690' title='bbox 1073 4955 1234 5010; x_wconf 82' lang='lat' dir='ltr'><strong>agere</strong></span> <span class='ocrx_word' id='word_1_691' title='bbox 1278 4949 1573 5010; x_wconf 87' lang='lat' dir='ltr'><strong>nequeunt,</strong></span> <span class='ocrx_word' id='word_1_692' title='bbox 1607 4943 1802 5012; x_wconf 72' lang='lat' dir='ltr'><strong>aliqua:</strong></span> <span class='ocrx_word' id='word_1_693' title='bbox 1861 4956 1992 4996; x_wconf 89' lang='lat' dir='ltr'><strong>vero</strong></span> 
     </span>
    </p>
   </div>
   <div class='ocr_carea' id='block_1_94' title="bbox 409 5033 1986 5103">
    <p class='ocr_par' dir='ltr' id='par_1_94' title="bbox 409 5033 1986 5103">
     <span class='ocr_line' id='line_1_94' title="bbox 409 5033 1986 5103; baseline 0 -15"><span class='ocrx_word' id='word_1_694' title='bbox 409 5035 462 5088; x_wconf 88' lang='lat' dir='ltr'><strong>iu</strong></span> <span class='ocrx_word' id='word_1_695' title='bbox 498 5035 622 5091; x_wconf 88' lang='lat' dir='ltr'><strong>aliis</strong></span> <span class='ocrx_word' id='word_1_696' title='bbox 651 5035 1028 5088; x_wconf 87' lang='lat' dir='ltr'><strong>continentur.</strong></span> <span class='ocrx_word' id='word_1_697' title='bbox 1055 5035 1124 5087; x_wconf 83' lang='lat' dir='ltr'><strong>At</strong></span> <span class='ocrx_word' id='word_1_698' title='bbox 1153 5033 1490 5103; x_wconf 79' lang='lat' dir='ltr'><strong>principibus</strong></span> <span class='ocrx_word' id='word_1_699' title='bbox 1508 5034 1986 5089; x_wconf 88' lang='lat' dir='ltr'><strong>contrarietatibus</strong></span> 
     </span>
    </p>
   </div>
   <div class='ocr_carea' id='block_1_95' title="bbox 408 5126 1983 5194">
    <p class='ocr_par' dir='ltr' id='par_1_95' title="bbox 408 5126 1983 5194">
     <span class='ocr_line' id='line_1_95' title="bbox 408 5126 1983 5194; baseline 0 -16"><span class='ocrx_word' id='word_1_700' title='bbox 408 5127 684 5190; x_wconf 86' lang='lat' dir='ltr'><strong>convenit,</strong></span> <span class='ocrx_word' id='word_1_701' title='bbox 718 5133 778 5178; x_wconf 91' lang='lat' dir='ltr'><strong>ut</strong></span> <span class='ocrx_word' id='word_1_702' title='bbox 805 5133 860 5179; x_wconf 90' lang='lat' dir='ltr'><strong>et</strong></span> <span class='ocrx_word' id='word_1_703' title='bbox 891 5133 1018 5178; x_wconf 78' lang='lat' dir='ltr'><strong>tota:</strong></span> <span class='ocrx_word' id='word_1_704' title='bbox 1052 5139 1152 5193; x_wconf 89' lang='lat' dir='ltr'><strong>per</strong></span> <span class='ocrx_word' id='word_1_705' title='bbox 1195 5135 1334 5181; x_wconf 83' lang='lat' dir='ltr'><strong>totas</strong></span> <span class='ocrx_word' id='word_1_706' title='bbox 1365 5129 1418 5180; x_wconf 89' lang='lat' dir='ltr'><strong>in</strong></span> <span class='ocrx_word' id='word_1_707' title='bbox 1444 5141 1502 5180; x_wconf 88' lang='lat' dir='ltr'><strong>se</strong></span> <span class='ocrx_word' id='word_1_708' title='bbox 1533 5136 1696 5194; x_wconf 79' lang='lat' dir='ltr'><strong>agant</strong></span> <span class='ocrx_word' id='word_1_709' title='bbox 1728 5126 1983 5189; x_wconf 88' lang='lat' dir='ltr'><strong>invicem,</strong></span> 
     </span>
    </p>
   </div>
   <div class='ocr_carea' id='block_1_96' title="bbox 407 5215 1984 5286">
    <p class='ocr_par' dir='ltr' id='par_1_96' title="bbox 407 5215 1984 5286">
     <span class='ocr_line' id='line_1_96' title="bbox 407 5215 1984 5286; baseline -0.001 -18"><span class='ocrx_word' id='word_1_710' title='bbox 407 5217 552 5284; x_wconf 84' lang='lat' dir='ltr'><strong>quod</strong></span> <span class='ocrx_word' id='word_1_711' title='bbox 588 5232 686 5285; x_wconf 85' lang='lat' dir='ltr'><strong>per</strong></span> <span class='ocrx_word' id='word_1_712' title='bbox 725 5230 819 5269; x_wconf 86' lang='lat' dir='ltr'><strong>eas</strong></span> <span class='ocrx_word' id='word_1_713' title='bbox 853 5215 1132 5284; x_wconf 83' lang='lat' dir='ltr'><strong>generatio</strong></span> <span class='ocrx_word' id='word_1_714' title='bbox 1155 5223 1208 5268; x_wconf 91' lang='lat' dir='ltr'><strong>et</strong></span> <span class='ocrx_word' id='word_1_715' title='bbox 1261 5219 1541 5286; x_wconf 86' lang='lat' dir='ltr'><strong>corruptio</strong></span> <span class='ocrx_word' id='word_1_716' title='bbox 1606 5215 1932 5285; x_wconf 77' lang='lat' dir='ltr'><strong>perﬁciatur</strong></span> <span class='ocrx_word' id='word_1_717' title='bbox 1969 5231 1984 5279; x_wconf 91' lang='lat'><strong>;</strong></span> 
     </span>
    </p>
   </div>
   <div class='ocr_carea' id='block_1_97' title="bbox 411 5292 1987 5374">
    <p class='ocr_par' dir='ltr' id='par_1_97' title="bbox 411 5292 1987 5374">
     <span class='ocr_line' id='line_1_97' title="bbox 411 5292 1987 5374; baseline 0.001 -14"><span class='ocrx_word' id='word_1_718' title='bbox 411 5323 507 5360; x_wconf 85' lang='lat' dir='ltr'><strong>nec</strong></span> <span class='ocrx_word' id='word_1_719' title='bbox 565 5310 684 5361; x_wconf 64' lang='lat' dir='ltr'><strong>alim</strong></span> <span class='ocrx_word' id='word_1_720' title='bbox 717 5307 819 5361; x_wconf 80' lang='lat' dir='ltr'><strong>sub</strong></span> <span class='ocrx_word' id='word_1_721' title='bbox 868 5306 986 5360; x_wconf 83' lang='lat' dir='ltr'><strong>aliis</strong></span> <span class='ocrx_word' id='word_1_722' title='bbox 1047 5307 1401 5363; x_wconf 81' lang='lat' dir='ltr'><strong>Collocentur.</strong></span> <span class='ocrx_word' id='word_1_723' title='bbox 1440 5309 1542 5374; x_wconf 81' lang='lat' dir='ltr'><strong>Qui</strong></span> <span class='ocrx_word' id='word_1_724' title='bbox 1607 5292 1987 5374; x_wconf 49' lang='lat' dir='ltr'><strong>enint&#39;wquali</strong></span> 
     </span>
    </p>
   </div>
   <div class='ocr_carea' id='block_1_98' title="bbox 411 5398 1388 5470">
    <p class='ocr_par' dir='ltr' id='par_1_98' title="bbox 411 5398 1388 5470">
     <span class='ocr_line' id='line_1_98' title="bbox 411 5398 1388 5470; baseline 0.001 -18"><span class='ocrx_word' id='word_1_725' title='bbox 411 5401 618 5453; x_wconf 85' lang='lat' dir='ltr'><strong>honore</strong></span> <span class='ocrx_word' id='word_1_726' title='bbox 651 5398 920 5468; x_wconf 79' lang='lat' dir='ltr'><strong>principia</strong></span> <span class='ocrx_word' id='word_1_727' title='bbox 953 5415 1076 5454; x_wconf 88' lang='lat' dir='ltr'><strong>esse</strong></span> <span class='ocrx_word' id='word_1_728' title='bbox 1114 5401 1388 5470; x_wconf 85' lang='lat' dir='ltr'><strong>possent?</strong></span> 
     </span>
    </p>
   </div>
   <div class='ocr_carea' id='block_1_99' title="bbox 475 5483 1986 5562">
    <p class='ocr_par' dir='ltr' id='par_1_99' title="bbox 475 5483 1986 5562">
     <span class='ocr_line' id='line_1_99' title="bbox 475 5483 1986 5562; baseline 0.003 -18"><span class='ocrx_word' id='word_1_729' title='bbox 475 5491 530 5544; x_wconf 72' lang='grc' dir='ltr'><strong>ι.</strong></span> <span class='ocrx_word' id='word_1_730' title='bbox 555 5492 732 5546; x_wconf 81' lang='lat' dir='ltr'><strong>Grave</strong></span> <span class='ocrx_word' id='word_1_731' title='bbox 766 5491 930 5560; x_wconf 81' lang='lat' dir='ltr'><strong>igitur</strong></span> <span class='ocrx_word' id='word_1_732' title='bbox 964 5483 1018 5546; x_wconf 84' lang='lat' dir='ltr'><strong>et</strong></span> <span class='ocrx_word' id='word_1_733' title='bbox 1043 5489 1181 5556; x_wconf 82' lang='lat' dir='ltr'><strong>leve,</strong></span> <span class='ocrx_word' id='word_1_734' title='bbox 1233 5508 1596 5562; x_wconf 88' lang='lat' dir='ltr'><strong>asperumque</strong></span> <span class='ocrx_word' id='word_1_735' title='bbox 1623 5501 1676 5546; x_wconf 90' lang='lat' dir='ltr'><strong>et</strong></span> <span class='ocrx_word' id='word_1_736' title='bbox 1711 5493 1856 5558; x_wconf 66' lang='lat' dir='ltr'><strong>laeve,</strong></span> <span class='ocrx_word' id='word_1_737' title='bbox 1888 5510 1986 5549; x_wconf 83' lang='lat' dir='ltr'><strong>nec</strong></span> 
     </span>
    </p>
   </div>
   <div class='ocr_carea' id='block_1_100' title="bbox 410 5582 1986 5654">
    <p class='ocr_par' dir='ltr' id='par_1_100' title="bbox 410 5582 1986 5654">
     <span class='ocr_line' id='line_1_100' title="bbox 410 5582 1986 5654; baseline 0.004 -20"><span class='ocrx_word' id='word_1_738' title='bbox 410 5596 571 5651; x_wconf 82' lang='lat' dir='ltr'><strong>agere</strong></span> <span class='ocrx_word' id='word_1_739' title='bbox 605 5596 705 5637; x_wconf 88' lang='lat' dir='ltr'><strong>nec</strong></span> <span class='ocrx_word' id='word_1_740' title='bbox 767 5582 876 5652; x_wconf 89' lang='lat' dir='ltr'><strong>pati</strong></span> <span class='ocrx_word' id='word_1_741' title='bbox 926 5594 1180 5652; x_wconf 83' lang='lat' dir='ltr'><strong>possunt.</strong></span> <span class='ocrx_word' id='word_1_742' title='bbox 1255 5583 1440 5653; x_wconf 86' lang='lat' dir='ltr'><strong>Neque</strong></span> <span class='ocrx_word' id='word_1_743' title='bbox 1480 5582 1623 5637; x_wconf 91' lang='lat' dir='ltr'><strong>enim</strong></span> <span class='ocrx_word' id='word_1_744' title='bbox 1675 5585 1759 5638; x_wconf 91' lang='lat' dir='ltr'><strong>vel</strong></span> <span class='ocrx_word' id='word_1_745' title='bbox 1821 5600 1986 5654; x_wconf 69' lang='lat' dir='ltr'><strong>grave</strong></span> 
     </span>
    </p>
   </div>
   <div class='ocr_carea' id='block_1_101' title="bbox 408 5672 1988 5746">
    <p class='ocr_par' dir='ltr' id='par_1_101' title="bbox 408 5672 1988 5746">
     <span class='ocr_line' id='line_1_101' title="bbox 408 5672 1988 5746; baseline 0.004 -22"><span class='ocrx_word' id='word_1_746' title='bbox 408 5672 748 5741; x_wconf 82' lang='lat' dir='ltr'><strong>gravitatem,</strong></span> <span class='ocrx_word' id='word_1_747' title='bbox 806 5673 885 5730; x_wconf 82' lang='lat' dir='ltr'><strong>vel</strong></span> <span class='ocrx_word' id='word_1_748' title='bbox 918 5673 1033 5730; x_wconf 90' lang='lat' dir='ltr'><strong>leve</strong></span> <span class='ocrx_word' id='word_1_749' title='bbox 1085 5675 1358 5730; x_wconf 84' lang='lat' dir='ltr'><strong>levitatem</strong></span> <span class='ocrx_word' id='word_1_750' title='bbox 1394 5674 1573 5729; x_wconf 90' lang='lat' dir='ltr'><strong>vicino</strong></span> <span class='ocrx_word' id='word_1_751' title='bbox 1630 5675 1851 5746; x_wconf 88' lang='lat' dir='ltr'><strong>corpori</strong></span> <span class='ocrx_word' id='word_1_752' title='bbox 1887 5677 1988 5730; x_wconf 86' lang='lat' dir='ltr'><strong>im-</strong></span> 
     </span>
    </p>
   </div>
   <div class='ocr_carea' id='block_1_102' title="bbox 479 5850 1838 5912">
    <p class='ocr_par' dir='ltr' id='par_1_102' title="bbox 479 5850 1838 5912">
     <span class='ocr_line' id='line_1_102' title="bbox 479 5850 1838 5912; baseline 0.004 -8"><span class='ocrx_word' id='word_1_753' title='bbox 479 5851 521 5884; x_wconf 81' lang='lat'><strong>&quot;</strong></span> <span class='ocrx_word' id='word_1_754' title='bbox 555 5850 588 5904; x_wconf 72' lang='grc'><strong>2</strong></span> <span class='ocrx_word' id='word_1_755' title='bbox 615 5853 689 5906; x_wconf 89' lang='lat' dir='ltr'><strong>De</strong></span> <span class='ocrx_word' id='word_1_756' title='bbox 717 5860 838 5907; x_wconf 78' lang='lat' dir='ltr'><strong>ortu</strong></span> <span class='ocrx_word' id='word_1_757' title='bbox 872 5861 925 5906; x_wconf 86' lang='lat' dir='ltr'><strong>et</strong></span> <span class='ocrx_word' id='word_1_758' title='bbox 959 5854 1179 5909; x_wconf 89' lang='lat' dir='ltr'><strong>interitu</strong></span> <span class='ocrx_word' id='word_1_759' title='bbox 1215 5870 1265 5910; x_wconf 92' lang='lat' dir='ltr'><strong>c.</strong></span> <span class='ocrx_word' id='word_1_760' title='bbox 1305 5857 1356 5910; x_wconf 77' lang='grc' dir='ltr'>Ι.</span> <span class='ocrx_word' id='word_1_761' title='bbox 1434 5856 1476 5890; x_wconf 79' lang='grc'>³⁸</span> <span class='ocrx_word' id='word_1_762' title='bbox 1517 5854 1656 5912; x_wconf 89' lang='lat' dir='ltr'><strong>Ibid.</strong></span> <span class='ocrx_word' id='word_1_763' title='bbox 1696 5868 1746 5909; x_wconf 90' lang='lat' dir='ltr'><strong>c.</strong></span> <span class='ocrx_word' id='word_1_764' title='bbox 1780 5855 1838 5909; x_wconf 74' lang='grc'>2.</span> 
     </span>
    </p>
   </div>
   <div class='ocr_carea' id='block_1_103' title="bbox 2099 4655 3669 4738">
    <p class='ocr_par' dir='ltr' id='par_1_103' title="bbox 2099 4655 3669 4738">
     <span class='ocr_line' id='line_1_103' title="bbox 2099 4655 3669 4738; baseline -0.01 -18"><span class='ocrx_word' id='word_1_765' title='bbox 2099 4666 2432 4738; x_wconf 83' lang='grc' dir='ltr'>κραυρότης,</span> <span class='ocrx_word' id='word_1_766' title='bbox 2499 4665 2714 4732; x_wconf 84' lang='grc' dir='ltr'>λειότης</span> <span class='ocrx_word' id='word_1_767' title='bbox 2772 4662 2865 4714; x_wconf 77' lang='grc' dir='ltr'>καὶ</span> <span class='ocrx_word' id='word_1_768' title='bbox 2918 4659 3212 4730; x_wconf 72' lang='grc' dir='ltr'>τραχύτης,</span> <span class='ocrx_word' id='word_1_769' title='bbox 3267 4659 3533 4726; x_wconf 80' lang='grc' dir='ltr'>λεπτότης</span> <span class='ocrx_word' id='word_1_770' title='bbox 3578 4655 3669 4707; x_wconf 76' lang='grc' dir='ltr'>καὶ</span> 
     </span>
    </p>
   </div>
   <div class='ocr_carea' id='block_1_104' title="bbox 2097 4749 3667 4829">
    <p class='ocr_par' dir='ltr' id='par_1_104' title="bbox 2097 4749 3667 4829">
     <span class='ocr_line' id='line_1_104' title="bbox 2097 4749 3667 4829; baseline -0.009 -16"><span class='ocrx_word' id='word_1_771' title='bbox 2097 4761 2371 4829; x_wconf 78' lang='grc' dir='ltr'>παχύτης,</span> <span class='ocrx_word' id='word_1_772' title='bbox 2412 4757 2657 4826; x_wconf 85' lang='grc' dir='ltr'>μανότης</span> <span class='ocrx_word' id='word_1_773' title='bbox 2714 4756 2807 4808; x_wconf 78' lang='grc' dir='ltr'><strong>καὶ</strong></span> <span class='ocrx_word' id='word_1_774' title='bbox 2849 4755 3148 4822; x_wconf 82' lang='grc' dir='ltr'>πυκνότης,</span> <span class='ocrx_word' id='word_1_775' title='bbox 3197 4753 3287 4805; x_wconf 71' lang='grc' dir='ltr'>τὸν</span> <span class='ocrx_word' id='word_1_776' title='bbox 3340 4750 3581 4819; x_wconf 82' lang='grc' dir='ltr'>ἀριθμὸν</span> <span class='ocrx_word' id='word_1_777' title='bbox 3615 4749 3667 4800; x_wconf 84' lang='grc' dir='ltr'><strong>αἰ</strong></span> 
     </span>
    </p>
   </div>
   <div class='ocr_carea' id='block_1_105' title="bbox 2099 4844 3670 4916">
    <p class='ocr_par' dir='ltr' id='par_1_105' title="bbox 2099 4844 3670 4916">
     <span class='ocr_line' id='line_1_105' title="bbox 2099 4844 3670 4916; baseline -0.008 -10"><span class='ocrx_word' id='word_1_778' title='bbox 2099 4855 2272 4906; x_wconf 77' lang='grc' dir='ltr'>πᾶσαι</span> <span class='ocrx_word' id='word_1_779' title='bbox 2299 4850 2554 4916; x_wconf 79' lang='grc' dir='ltr'>συζυγίαι</span> <span class='ocrx_word' id='word_1_780' title='bbox 2585 4848 2752 4903; x_wconf 84' lang='grc' dir='ltr'>ὀκτώ.</span> <span class='ocrx_word' id='word_1_781' title='bbox 2778 4847 2996 4900; x_wconf 76' lang='grc' dir='ltr'>Τούτων</span> <span class='ocrx_word' id='word_1_782' title='bbox 3025 4848 3168 4907; x_wconf 78' lang='grc' dir='ltr'>τινὲς</span> <span class='ocrx_word' id='word_1_783' title='bbox 3200 4845 3386 4910; x_wconf 75' lang='grc' dir='ltr'>μὲνού</span> <span class='ocrx_word' id='word_1_784' title='bbox 3411 4844 3670 4896; x_wconf 82' lang='grc' dir='ltr'>δύνανται</span> 
     </span>
    </p>
   </div>
   <div class='ocr_carea' id='block_1_106' title="bbox 2095 4934 3669 5017">
    <p class='ocr_par' dir='ltr' id='par_1_106' title="bbox 2095 4934 3669 5017">
     <span class='ocr_line' id='line_1_106' title="bbox 2095 4934 3669 5017; baseline -0.009 -18"><span class='ocrx_word' id='word_1_785' title='bbox 2095 4947 2227 5017; x_wconf 73' lang='grc' dir='ltr'>δρᾷν</span> <span class='ocrx_word' id='word_1_786' title='bbox 2285 4947 2364 5008; x_wconf 86' lang='grc' dir='ltr'><strong>εἰς</strong></span> <span class='ocrx_word' id='word_1_787' title='bbox 2400 4943 2662 5012; x_wconf 84' lang='grc' dir='ltr'>ἀλλήλας,</span> <span class='ocrx_word' id='word_1_788' title='bbox 2697 4942 2843 5004; x_wconf 82' lang='grc' dir='ltr'>τινὲς</span> <span class='ocrx_word' id='word_1_789' title='bbox 2885 4940 2940 4992; x_wconf 68' lang='grc' dir='ltr'><strong>δὲ</strong></span> <span class='ocrx_word' id='word_1_790' title='bbox 2993 4942 3114 5002; x_wconf 82' lang='grc' dir='ltr'>ταῖς</span> <span class='ocrx_word' id='word_1_791' title='bbox 3167 4939 3352 4999; x_wconf 74' lang='grc' dir='ltr'>ἄλλαις</span> <span class='ocrx_word' id='word_1_792' title='bbox 3407 4934 3669 5005; x_wconf 61' lang='lat' dir='ltr'><strong>surrepti-</strong></span> 
     </span>
    </p>
   </div>
   <div class='ocr_carea' id='block_1_107' title="bbox 2092 5029 3664 5108">
    <p class='ocr_par' dir='ltr' id='par_1_107' title="bbox 2092 5029 3664 5108">
     <span class='ocr_line' id='line_1_107' title="bbox 2092 5029 3664 5108; baseline -0.005 -18"><span class='ocrx_word' id='word_1_793' title='bbox 2092 5055 2302 5108; x_wconf 89' lang='grc' dir='ltr'>χονται.</span> <span class='ocrx_word' id='word_1_794' title='bbox 2352 5036 2627 5106; x_wconf 72' lang='grc' dir='ltr'>Προτήκει</span> <span class='ocrx_word' id='word_1_795' title='bbox 2651 5035 2710 5088; x_wconf 83' lang='grc' dir='ltr'><strong>δέ</strong></span> <span class='ocrx_word' id='word_1_796' title='bbox 2744 5038 2864 5098; x_wconf 84' lang='grc' dir='ltr'>ταῖς</span> <span class='ocrx_word' id='word_1_797' title='bbox 2896 5035 3154 5104; x_wconf 82' lang='grc' dir='ltr'>ἀρχικαῖς</span> <span class='ocrx_word' id='word_1_798' title='bbox 3190 5033 3531 5096; x_wconf 75' lang='grc' dir='ltr'>ἐναντιότησι</span> <span class='ocrx_word' id='word_1_799' title='bbox 3573 5029 3664 5082; x_wconf 86' lang='grc' dir='ltr'>καὶ</span> 
     </span>
    </p>
   </div>
   <div class='ocr_carea' id='block_1_108' title="bbox 2088 5123 3669 5204">
    <p class='ocr_par' dir='ltr' id='par_1_108' title="bbox 2088 5123 3669 5204">
     <span class='ocr_line' id='line_1_108' title="bbox 2088 5123 3669 5204; baseline -0.007 -19"><span class='ocrx_word' id='word_1_800' title='bbox 2088 5133 2221 5204; x_wconf 76' lang='grc' dir='ltr'>δρᾷν</span> <span class='ocrx_word' id='word_1_801' title='bbox 2267 5134 2343 5192; x_wconf 77' lang='grc' dir='ltr'><strong>εἰς</strong></span> <span class='ocrx_word' id='word_1_802' title='bbox 2389 5131 2629 5199; x_wconf 79' lang='grc' dir='ltr'>ἀλλήλας</span> <span class='ocrx_word' id='word_1_803' title='bbox 2679 5129 2808 5190; x_wconf 74' lang='grc' dir='ltr'>ὔλας</span> <span class='ocrx_word' id='word_1_804' title='bbox 2851 5127 2919 5179; x_wconf 84' lang='grc' dir='ltr'><strong>δι’</strong></span> <span class='ocrx_word' id='word_1_805' title='bbox 2954 5129 3118 5193; x_wconf 84' lang='grc' dir='ltr'>ὅλων,</span> <span class='ocrx_word' id='word_1_806' title='bbox 3157 5123 3335 5188; x_wconf 79' lang='grc' dir='ltr'><strong>ὠςᾶν</strong></span> <span class='ocrx_word' id='word_1_807' title='bbox 3385 5125 3453 5177; x_wconf 81' lang='grc' dir='ltr'><strong>δι’</strong></span> <span class='ocrx_word' id='word_1_808' title='bbox 3485 5123 3669 5177; x_wconf 81' lang='grc' dir='ltr'>αὐτῶν</span> 
     </span>
    </p>
   </div>
   <div class='ocr_carea' id='block_1_109' title="bbox 2092 5211 3666 5288">
    <p class='ocr_par' dir='ltr' id='par_1_109' title="bbox 2092 5211 3666 5288">
     <span class='ocr_line' id='line_1_109' title="bbox 2092 5211 3666 5288; baseline -0.006 -14"><span class='ocrx_word' id='word_1_809' title='bbox 2092 5223 2393 5276; x_wconf 82' lang='grc' dir='ltr'>ἐπιτελοῖτο</span> <span class='ocrx_word' id='word_1_810' title='bbox 2441 5219 2656 5288; x_wconf 83' lang='grc' dir='ltr'>γένεσις</span> <span class='ocrx_word' id='word_1_811' title='bbox 2690 5220 2784 5272; x_wconf 76' lang='grc' dir='ltr'>καὶ</span> <span class='ocrx_word' id='word_1_812' title='bbox 2819 5217 3015 5286; x_wconf 72' lang='grc' dir='ltr'>φθορὰ,</span> <span class='ocrx_word' id='word_1_813' title='bbox 3075 5218 3172 5270; x_wconf 68' lang='grc' dir='ltr'>καὶ</span> <span class='ocrx_word' id='word_1_814' title='bbox 3213 5215 3336 5286; x_wconf 81' lang='grc' dir='ltr'>μηδ’</span> <span class='ocrx_word' id='word_1_815' title='bbox 3367 5216 3536 5278; x_wconf 71' lang='grc' dir='ltr'>ἄλλας</span> <span class='ocrx_word' id='word_1_816' title='bbox 3579 5211 3666 5266; x_wconf 81' lang='grc' dir='ltr'><strong>ὑπ’</strong></span> 
     </span>
    </p>
   </div>
   <div class='ocr_carea' id='block_1_110' title="bbox 2091 5305 3666 5383">
    <p class='ocr_par' dir='ltr' id='par_1_110' title="bbox 2091 5305 3666 5383">
     <span class='ocr_line' id='line_1_110' title="bbox 2091 5305 3666 5383; baseline -0.009 -13"><span class='ocrx_word' id='word_1_817' title='bbox 2091 5315 2256 5376; x_wconf 82' lang='grc' dir='ltr'>ἄλλας</span> <span class='ocrx_word' id='word_1_818' title='bbox 2290 5313 2570 5383; x_wconf 79' lang='grc' dir='ltr'>τετάχθαι.</span> <span class='ocrx_word' id='word_1_819' title='bbox 2598 5311 2721 5375; x_wconf 85' lang='grc' dir='ltr'>Πῶς</span> <span class='ocrx_word' id='word_1_820' title='bbox 2751 5313 2857 5380; x_wconf 76' lang='grc' dir='ltr'><strong>γὰρ</strong></span> <span class='ocrx_word' id='word_1_821' title='bbox 2890 5313 2956 5364; x_wconf 83' lang='grc' dir='ltr'><strong>ἂν</strong></span> <span class='ocrx_word' id='word_1_822' title='bbox 3003 5306 3112 5362; x_wconf 78' lang='grc' dir='ltr'>εἷεν</span> <span class='ocrx_word' id='word_1_823' title='bbox 3149 5309 3430 5379; x_wconf 78' lang='grc' dir='ltr'>ὁμοτίμως</span> <span class='ocrx_word' id='word_1_824' title='bbox 3455 5305 3624 5376; x_wconf 82' lang='grc' dir='ltr'>ἀρχαί</span> <span class='ocrx_word' id='word_1_825' title='bbox 3651 5320 3666 5367; x_wconf 85' lang='lat'><strong>;</strong></span> 
     </span>
    </p>
   </div>
   <div class='ocr_carea' id='block_1_111' title="bbox 2163 5481 3666 5558">
    <p class='ocr_par' dir='ltr' id='par_1_111' title="bbox 2163 5481 3666 5558">
     <span class='ocr_line' id='line_1_111' title="bbox 2163 5481 3666 5558; baseline -0.006 -16"><span class='ocrx_word' id='word_1_826' title='bbox 2163 5490 2227 5545; x_wconf 81' lang='grc' dir='ltr'><strong>δ’.</strong></span> <span class='ocrx_word' id='word_1_827' title='bbox 2260 5489 2332 5542; x_wconf 82' lang='grc' dir='ltr'><strong>Τὸ</strong></span> <span class='ocrx_word' id='word_1_828' title='bbox 2368 5489 2467 5557; x_wconf 83' lang='grc' dir='ltr'>μὲν</span> <span class='ocrx_word' id='word_1_829' title='bbox 2505 5485 2597 5539; x_wconf 75' lang='grc' dir='ltr'>οὖν</span> <span class='ocrx_word' id='word_1_830' title='bbox 2628 5486 2765 5558; x_wconf 78' lang='grc' dir='ltr'>βαρὺ</span> <span class='ocrx_word' id='word_1_831' title='bbox 2799 5486 2890 5538; x_wconf 74' lang='grc' dir='ltr'>καὶ</span> <span class='ocrx_word' id='word_1_832' title='bbox 2917 5485 2977 5540; x_wconf 75' lang='grc' dir='ltr'>τὸ</span> <span class='ocrx_word' id='word_1_833' title='bbox 3006 5484 3233 5553; x_wconf 74' lang='grc' dir='ltr'>κοῦφον,</span> <span class='ocrx_word' id='word_1_834' title='bbox 3273 5483 3334 5537; x_wconf 78' lang='grc' dir='ltr'>τὸ</span> <span class='ocrx_word' id='word_1_835' title='bbox 3385 5481 3559 5552; x_wconf 77' lang='grc' dir='ltr'>τραχύ</span> <span class='ocrx_word' id='word_1_836' title='bbox 3609 5497 3666 5533; x_wconf 80' lang='grc' dir='ltr'><strong>τε</strong></span> 
     </span>
    </p>
   </div>
   <div class='ocr_carea' id='block_1_112' title="bbox 2094 5575 3657 5661">
    <p class='ocr_par' dir='ltr' id='par_1_112' title="bbox 2094 5575 3657 5647">
     <span class='ocr_line' id='line_1_112' title="bbox 2094 5575 3657 5647; baseline -0.004 -12"><span class='ocrx_word' id='word_1_837' title='bbox 2094 5583 2188 5636; x_wconf 70' lang='grc' dir='ltr'>καὶ</span> <span class='ocrx_word' id='word_1_838' title='bbox 2226 5584 2286 5634; x_wconf 75' lang='grc' dir='ltr'>τὸ</span> <span class='ocrx_word' id='word_1_839' title='bbox 2319 5581 2484 5646; x_wconf 83' lang='grc' dir='ltr'>λεῖον,</span> <span class='ocrx_word' id='word_1_840' title='bbox 2532 5578 2659 5632; x_wconf 71' lang='grc' dir='ltr'>οὔτε</span> <span class='ocrx_word' id='word_1_841' title='bbox 2699 5581 2876 5632; x_wconf 87' lang='grc' dir='ltr'>ποιεῖν</span> <span class='ocrx_word' id='word_1_842' title='bbox 2910 5577 3036 5632; x_wconf 74' lang='grc' dir='ltr'>οὔτε</span> <span class='ocrx_word' id='word_1_843' title='bbox 3073 5578 3305 5647; x_wconf 79' lang='grc' dir='ltr'>πάσχειν</span> <span class='ocrx_word' id='word_1_844' title='bbox 3360 5575 3657 5644; x_wconf 75' lang='grc' dir='ltr'>ἰσχύουσιν.</span> 
     </span>
    </p>
   </div>
   <div class='ocr_carea' id='block_1_113' title="bbox 2097 5666 3663 5748">
    <p class='ocr_par' dir='ltr' id='par_1_113' title="bbox 2097 5666 3663 5748">
     <span class='ocr_line' id='line_1_113' title="bbox 2097 5666 3663 5748; baseline -0.01 -17"><span class='ocrx_word' id='word_1_845' title='bbox 2097 5674 2239 5732; x_wconf 70' lang='grc' dir='ltr'>Οὔτε</span> <span class='ocrx_word' id='word_1_846' title='bbox 2281 5676 2386 5748; x_wconf 80' lang='grc' dir='ltr'><strong>γὰρ</strong></span> <span class='ocrx_word' id='word_1_847' title='bbox 2429 5673 2486 5726; x_wconf 77' lang='grc' dir='ltr'>τὸ</span> <span class='ocrx_word' id='word_1_848' title='bbox 2535 5673 2673 5744; x_wconf 73' lang='grc' dir='ltr'>βαρὺ</span> <span class='ocrx_word' id='word_1_849' title='bbox 2733 5670 2992 5743; x_wconf 84' lang='grc' dir='ltr'>μεταδοίη</span> <span class='ocrx_word' id='word_1_850' title='bbox 3044 5669 3108 5724; x_wconf 81' lang='grc' dir='ltr'><strong>ἂν</strong></span> <span class='ocrx_word' id='word_1_851' title='bbox 3150 5668 3227 5739; x_wconf 79' lang='grc' dir='ltr'><strong>τῷ</strong></span> <span class='ocrx_word' id='word_1_852' title='bbox 3275 5666 3663 5738; x_wconf 61' lang='grc' dir='ltr'>παρακειμένῳ</span> 
     </span>
    </p>
   </div>
  </div>
