3832 6360
172 358 310 422 iii?

1357 383 1362 388 '
1427 369 1771 432 EPITOME
1809 373 2150 444 PHYSICA.

3202 378 3209 384 ’
3264 393 3402 459 1118

142 469 476 540 βχρύτητος,
519 471 642 528 οὔτε
683 477 744 531 τὸ
774 478 977 545 κοῦφον
1019 485 1391 555 κουφότητοςσ
1439 486 1553 542 οὔτ’
1587 491 1721 546 αὐτὸ

1857 495 2027 552 ηεηίιε
2057 507 2224 568 queat
2255 515 2394 566 ;nec
2447 517 2644 562 rursus
2689 521 2974 577 asperum,
3043 509 3422 580 asperitatem,

139 566 317 634 τραχὺ
338 565 698 640 τραχύτητος,
723 570 848 626 οὕτε
875 575 937 630 τὸ
969 575 1110 630 λεῖον
1134 577 1409 650 λειότητος

209 659 272 714 ε’.
318 660 391 714 Τὸ
426 663 671 732 μαλακὸν
704 665 761 720 δὲ
804 669 898 736 καὶ
941 669 1004 723 τὸ
1040 671 1300 742 σκληρὸν,
1345 675 1405 728 τὸ
1459 674 1717 747 γλίσχρον

144 751 238 805 καὶ
263 752 331 805 τὸ
367 755 634 826 κραῦρον,
666 758 726 811 τὸ
765 758 962 814 λεπτὸν
998 769 1094 818 καὶ
1139 765 1198 818 τὸ
1224 768 1392 836 παχὺ,
1425 769 1488 822 τὸ
1549 770 1720 838 μανὸν

142 845 236 897 καὶ
287 847 349 900 τὸ
397 851 627 914 πυκνὸν,
676 851 854 906 ταῦτα
904 856 1083 910 πάντα
1146 858 1225 926 τῷ
1284 861 1436 932 ὑγρῷ
1492 862 1586 914 καὶ
1639 862 1718 931 τῷ

143 938 295 1012 ξηρῷ
324 945 724 1012 συνυπάγεται.
763 948 836 1002 Τὸ
881 949 982 1017 μὲν
1036 953 1146 1019 γὰρ
1196 953 1366 1022 ὑγρὸν
1416 955 1528 1023 ὅρῳ
1561 954 1718 1007 ἁλλο-

141 1033 282 1106 τρίῳ
309 1037 587 1108 εὐόριστόν
619 1043 744 1096 ἐστι
785 1047 882 1096 καὶ
915 1044 1025 1099 τῶν
1059 1047 1243 1116 πόρων
1289 1048 1720 1117 ἀναπληστικόν.

216 1127 294 1195 ς’.
345 1131 601 1186 Τοιοῦτον
649 1137 745 1189 καὶ
791 1138 854 1191 τὸ
893 1141 1256 1210 λεπτομερὲς,
1305 1141 1722 1212 εὐπεριόριστον

141 1224 254 1293 ⁵Σρῳ
292 1227 456 1281 παντὶ
486 1228 578 1280 καὶ
605 1227 715 1282 τῶν
745 1232 1056 1300 κενοτήτων
1094 1232 1588 1302 ἀναπληρωτικόν.
1629 1232 1727 1293 El;

144 1319 410 1390 μέδιμνον
445 1321 555 1394 γὰρ
599 1324 824 1395 καρύων
863 1325 1251 1419 ἐμϐαλλομένη
1303 1325 1608 1395 σεμίδαλις,
1631 1325 1724 1379 δύο

142 1428 306 1467 ναται
333 1414 653 1472 διεισδύνειν
690 1419 829 1489 (καὶ)
875 1422 954 1484 εἰς
994 1420 1094 1483 τὰς
1128 1414 1332 1490 μεταξὺ
1363 1421 1472 1474 τῶν
1499 1419 1724 1490 καρύων

143 1503 310 1568 κενὰς
369 1507 466 1560 τοῦ
523 1510 749 1580 στερεοῦ
812 1510 1068 1582 σώματος
1126 1511 1312 1582 χώρας
1357 1512 1452 1566 καὶ
1518 1512 1724 1574 ταύτας

141 1596 523 1668 ἀναπληροῦν.
559 1602 632 1654 Τὸ
663 1603 796 1657 αὐτὸ
823 1603 880 1656 δὲ
909 1607 1004 1658 καὶ
1028 1606 1091 1660 τὸ
1117 1607 1290 1677 ὑγρὸν
1315 1608 1479 1660 ποιεῖ.
1512 1606 1585 1658 Τὸ
1609 1607 1722 1676 γὰρ

145 1686 293 1758 ὕδωρ
333 1693 497 1744 παντὶ
531 1692 820 1748 ἀκολουθεί
850 1698 960 1767 ὅρῳ
993 1698 1067 1768 τῷ
1095 1699 1393 1768 ἁπτομένῳ
1412 1697 1509 1775 καὶ
1536 1697 1725 1764 ,περιέ-

143 1801 315 1854 χοντι.
354 1787 453 1840 Διὰ
483 1786 658 1841 ταῦτα
689 1789 871 1843 τοίνυν
911 1791 1017 1844 ὑπὸ
1067 1791 1127 1845 τὸ
1159 1792 1328 1862 ὑγρὸν
1375 1792 1632 1846 τάττουσι
1663 1791 1726 1844 τὸ

143 1879 365 1934 λεπτόν.
433 1879 665 1951 Ὁμοίως
712 1883 770 1936 δὲ
817 1886 913 1940 καὶ
961 1884 1066 1939 ὑπὸ
1119 1884 1178 1939 τὸ
1233 1885 1398 1955 ξηρὸν
1445 1884 1507 1938 τὺ
1555 1884 1726 1954 παχύ.
1764 1875 1804 1929 Β

145 1972 419 2043 Καθάπερ
447 1975 559 2046 γὰρ
589 1977 651 2030 τὸ
675 1977 839 2048 ξηρὸν
889 1977 968 2048 τῷ
1011 1979 1111 2048 μὲν
1159 1979 1351 2049 οέκείῳ
1383 1979 1496 2049 ὅρῳ
1548 1977 1727 2048 εὐόρι-

145 2080 297 2129 στον,
347 2065 428 2136 τῷ
463 2067 510 2120 δ’
549 2068 820 2140 ἀλλοτρίῳ
852 2069 1172 2142 δυσόριστον
1216 2071 1589 2140 (ἀντιϐατικδν
1617 2071 1728 2141 γάρ

145 2159 284 2215 ἐστι.
341 2161 434 2214 καὶ
507 2164 622 2225 τοῖς
677 2164 1051 2234 περιέχουσιν,
1083 2163 1184 2218 οὐκ
1233 2164 1575 2233 ἀκολουοεί)ο
1639 2164 1731 2217 τὸν

142 2253 314 2307 αὑτὸν
354 2255 559 2324 τρόπον
599 2258 777 2310 καὶτὸ
809 2258 957 2329 παχὺ
998 2258 1384 2328 μεγαλομερὶς
1412 2257 1474 2311 ὃν
1505 2259 1606 2311 οὐκ
1649 2261 1732 2323 είς

147 2346 339 2417 χώραν
376 2347 574 2404 δίεισιν
601 2350 843 2406 ἃπασαν.
1234 2330 1237 2332 ’

220 2445 290 2508 ζ’.
339 2445 618 2510 Ὡσαύτως
666 2447 766 2500 καὶ
811 2447 874 2500 τὸ
915 2447 1126 2502 πυκνὸν
1167 2449 1264 2501 καὶ
1315 2449 1378 2501 τὸ
1422 2445 1636 2515 ἀραιὸν,
1671 2445 1732 2499 τδ

55 2544 64 2557 ⁵
151 2538 254 2607 μὲν
284 2536 392 2592 ὑπὸ
421 2539 484 2592 τὺ
516 2539 682 2610 ξηρὸν
711 2540 948 2604 τιθέασι,
983 2540 1048 2594 τὸ
1071 2541 1117 2593 δ’
1150 2541 1258 2594 ὑπὸ
1277 2540 1338 2594 τὸ
1363 2540 1553 2609 ὑγρόν.

217 2627 294 2700 η’.
335 2633 566 2702 Μήποτε
609 2634 668 2687 δὲ
719 2637 816 2689 καὶ
867 2635 930 2690 τὺ
965 2634 1162 2690 λεπτὸν
1210 2635 1307 2688 καὶ
1337 2633 1396 2687 τὸ
1445 2634 1614 2704 παχὺ,
1671 2631 1734 2686 τὸ

154 2725 327 2795 μανόν
366 2743 425 2780 τε
464 2727 651 2782 καὶτὸ
691 2727 900 2782 πυκνὸν
932 2727 1048 2780 τῶν
1077 2727 1382 2798 ποιητικῶν
1414 2727 1512 2780 καὶ
1553 2726 1731 2794 παθηο

146 2818 324 2872 τικῶν
361 2820 855 2888 ἀποδοκιμασθεῐεν
903 2819 1302 2876 ἐναντιώσεων.
1343 2819 1433 2873 διὰ
1483 2817 1546 2872 τὺ
1608 2818 1735 2888 μηδ’

149 2908 292 2963 αὐτὰ
319 2908 580 2963 δύνασθαι
603 2909 736 2982 δρᾷν
757 2910 856 2965 ὅλα
878 2911 947 2964 δι’
967 2910 1106 2964 ὅλων
1135 2911 1218 2972 είς
1239 2908 1449 2977 ἄλληλα
1471 2925 1485 2940 ·
1511 2909 1608 2962 καὶ
1634 2910 1734 2962 οὐκ

151 3005 220 3054 ἂν
252 3001 356 3072 τὴν
397 3000 584 3072 ἄμμον
624 3002 658 3074 ἢ
698 3003 796 3072 τὴν
833 3002 1040 3072 τέφραν
1074 3001 1448 3073 ἀναγκασθείη
1474 3018 1560 3065 τις
1590 3002 1734 3070 ὑγρὰ

150 3094 388 3147 καλέσαι
413 3095 500 3148 διὰ
525 3097 628 3164 τὴν
654 3094 882 3148 ἐνοῦσαν
913 3094 1100 3158 αὐτοῖς
1137 3095 1562 3165 λεπτομέρειαν,
1594 3093 1736 3164 ξηρὰ

151 3186 438 3256 προδήλως
457 3186 796 3257 ὑπάρχοντα.

224 3278 293 3332 θ’.
341 3277 416 3334 Τὸ
474 3279 736 3349 γλίσχρον
785 3280 846 3334 δὲ
895 3281 1153 3352 φανερῶς
1206 3280 1379 3351 ὑγρόν
1423 3283 1540 3337 ἐστι
1598 3284 1736 3353 μετὰ

154 3371 364 3435 πάθους
408 3373 576 3435 τινός.
613 3371 676 3426 El
719 3372 777 3426 δὲ
805 3373 868 3430 τὸ
916 3375 1179 3444 γλίσχρον
1207 3375 1398 3444 ὑγρὸν,
1427 3375 1740 3429 τούναντίον

151 3464 328 3533 αὐτῷ,
363 3467 613 3517 τουτέστι
641 3464 705 3517 τὸ
752 3465 1018 3535 κραῦρον,
1073 3465 1237 3520 εσται-
1269 3465 1458 3536 ξηρόν.
1507 3464 1550 3518 Τ
1553 3465 1589 3519 ὰ
1627 3467 1738 3537 γὰρ

155 3555 378 3609 ἐναντία
403 3557 518 3617 τοῖς
551 3557 820 3618 ἐναντίοις
852 3557 1212 3625 ὑπάρχουσιν.

229 3655 285 3704 ι’.
324 3648 574 3702 ’Υπείκει
605 3649 664 3702 δὲ
692 3650 753 3702 τὸ
807 3649 1052 3719 μαλακὸν
1079 3653 1147 3720 τῇ
1193 3651 1308 3722 ἁφῇ
1344 3651 1482 3705 καθὸ
1521 3651 1740 3721 μετέχει

157 3740 482 3811 ὑγρότητος.
529 3741 602 3794 Τὸ
645 3741 757 3810 γὰρ
783 3739 1036 3795 ὑπείκειν
1068 3742 1208 3795 ίδιόν
1247 3744 1368 3795 ὲστι
1398 3742 1493 3795 τοῦ
1541 3739 1738 3811 ὑγροῦ.

155 3835 248 3886 Διὸ
279 3836 378 3890 καὶ
406 3832 464 3887 τὸ
493 3833 740 3903 μαλακὸν
774 3832 1256 3904 περιληφθήσεται
1279 3834 1356 3905 τῷ
1384 3833 1560 3905 ὑγρῷ.

230 4019 323 4075 ια’.
351 4019 520 4091 Δῆλον
548 4018 593 4070 δ’
617 4019 701 4072 ὅτι
724 4019 821 4072 καὶ
841 4018 901 4071 τὸ
933 4017 1173 4088 σκληρὸν
1197 4018 1272 4089 τῷ
1299 4017 1361 4088 ξη
1373 4017 1470 4089 ρῷ.
1502 4017 1742 4087 Φανερὸν

157 4110 253 4168 οὖν
265 4112 621 4178 ιντεῦθενμῢς
637 4111 731 4164 δύο
743 4111 1121 4180 ἐναντιότητες
1139 4112 1308 4165 ἁπταὶ
1323 4128 1393 4165 πε
1401 4110 1740 4181 ριλείπονται

159 4211 464 4277 πεφυκυῖαι
495 4211 673 4260 ποιεῖν
702 4224 759 4261 τε
801 4207 896 4259 καὶ
926 4208 1157 4278 πάσχειν
1184 4207 1306 4262 ὅλαι
1338 4207 1407 4261 δι’
1435 4208 1595 4273 ὅλων,
1645 4207 1743 4262 καὶ

163 4301 432 4372 μηδαμῶς
452 4318 598 4355 τισιν
629 4299 1107 4371 ἑμπεριεχόμεναι
1129 4315 1144 4330 ο
1175 4302 1450 4372 θερμότης
1477 4297 1643 4355 αὗται
1673 4301 1740 4373 δὴ

160 4398 254 4446 καὶ
279 4395 576 4464 ψυχρότης,
635 4392 874 4462 ὑγρότης
923 4410 982 4446 τε
1019 4396 1112 4448 καὶ
1142 4394 1403 4466 ξηρότης,
1456 4395 1514 4448 αἱ
1561 4396 1742 4449 κοιναὶ

159 4490 383 4549 πάντως
413 4484 524 4540 εἷεν
575 4487 642 4541 ἂν
695 4488 955 4541 εἰδοποιοὶ
988 4489 1161 4559 ἁρχαὶ
1196 4489 1417 4546 πάντων
1467 4491 1739 4560 σωμάτων

159 4583 271 4635 τῶν
305 4581 603 4648 αἰσθητῶν.

237 4672 328 4745 ιβ’.
362 4677 477 4731 Καὶ
521 4678 615 4731 τοῦ
649 4679 829 4750 διεροῦ
861 4679 917 4732 δὲ
969 4676 1186 4732 καὶτοῦ
1223 4676 1596 4748 βεϐρεγμένου
1643 4680 1740 4730 καὶ

161 4767 256 4821 τοῦ
311 4769 457 4833 ἰδίως
505 4773 700 4844 ὑγροῦ,
738 4774 875 4827 καθὸ
915 4771 1167 4836 τοιαῦτα,
1222 4771 1286 4824 τὸ
1337 4771 1528 4833 ἁπλῶς
1574 4770 1742 4841 ὑγρὸν

165 4863 518 4930 περιεκτικόν
552 4866 694 4920 ἐστι.
725 4867 914 4937 Διερδν
951 4864 1053 4935 μὲν
1069 4863 1162 4918 οὖν
1192 4863 1410 4931 λέγεται
1441 4863 1503 4916 τὸ
1547 4864 1743 4916 ἐπιπο-

161 4954 262 5025 λῆς
301 4953 424 5023 ἔχον
475 4955 768 5027 ἀλλοτρίαν
823 4957 1139 5027 ὑγρότηταο
1197 4954 1274 5018 ὡς
1329 4954 1386 5007 cf
1439 4972 1525 5019 τις
1595 4954 1742 5024 ὕδωρ

163 5047 374 5115 ἐπιχέοι
405 5048 536 5118 λίθῳ
567 5050 782 5120 τυχδνῆ
810 5049 1010 5123 ξύλῳῆ
1046 5048 1192 5113 ζώου
1224 5047 1440 5115 σώματι
1470 5050 1504 5117 ἦ
1538 5047 1744 5120 ίματίῳ

168 5140 428 5210 μετρίως.
461 5142 534 5195 Τὸ
562 5143 673 5213 γὰρ
707 5144 765 5196 ὲν
794 5143 949 5213 βάθει
981 5143 1082 5214 τὴν
1103 5143 1396 5212 ἀλλοτρίαν
1428 5142 1554 5213 ἔχον
1583 5145 1750 5214 ὑγρό-

164 5248 305 5300 τητα
333 5232 703 5306 βεσρεγμὲνον
741 5235 1202 5303 κατονομάζεται,
1237 5228 1348 5296 οἷος
1380 5234 1620 5305 ὑπάρχει
1650 5236 1745 5289 καὶ

164 5323 194 5373 ὸ
222 5321 415 5391 πηλός.
481 5323 648 5386 ’ἰδίως
681 5323 736 5376 δὲ
797 5323 1044 5377 καλεῖται
1071 5324 1239 5393 ὑγρὸν
1282 5325 1342 5376 τὸ
1377 5323 1501 5394 ἔχον
1529 5325 1744 5380 οἰκείαν

168 5417 226 5465 ὲν
261 5415 342 5483 τῷ
393 5415 548 5486 βάθει
599 5418 1000 5489 κεκρυμμένην
1053 5418 1331 5488 ὑγρότητα
1369 5419 1465 5470 καὶ
1495 5416 1747 5472 δεικνύον

167 5505 378 5577 αὐτήν·
445 5509 700 5579 καθάπερ
742 5511 771 5561 ό
808 5508 980 5578 κηρὸς
1036 5510 1128 5561 καὶ
1166 5510 1195 5562 ό
1231 5507 1506 5579 μόλιϐδος,
1549 5508 1648 5561 καὶ
1678 5509 1748 5560 τὰ

170 5599 337 5653 λοιπά
360 5601 473 5654 τῶν
495 5603 712 5672 τηκτῶν
738 5603 827 5656 ὅτε
854 5601 1138 5673 τήκονται.

244 5887 288 5918 ⁸⁸
327 5885 360 5940 2
394 5885 466 5942 De
490 5896 614 5944 ortu
647 5896 704 5945 et
739 5885 967 5946 interitu
991 5901 1112 5949 can.
1138 5887 1196 5944 9..
1284 5884 1329 5917 ⁸⁸
1364 5882 1502 5940 Ibid.

1832 595 1926 641 aut
1955 589 2104 654 laeve,
2153 591 2463 650 laevitatem.

1904 683 1956 738 ὅ.
1992 685 2062 740 At
2091 686 2254 741 molle
2277 702 2408 744 vero
2475 700 2530 746 et
2550 691 2769 758 durum,
2803 692 3080 749 viscosum
3105 703 3160 750 et
3185 698 3421 762 aridum,

1835 783 2000 831 tenue
2035 786 2091 832 et
2124 793 2399 846 crassum,
2431 797 2617 838 rarum
2642 793 2695 839 et
2717 787 2976 850 densum,
3001 788 3185 842 omnia
3213 790 3329 843 haec
3357 793 3422 841 ad

1837 867 2121 924 humidum
2145 878 2198 925 et
2253 873 2461 928 siccum
2496 875 2858 932 reducuntur.
2888 877 3182 932 Humidum
3215 881 3359 934 enim
3377 880 3426 914 ³⁸

1839 960 2018 1016 alieno
2047 963 2282 1019 termino
2329 967 2489 1022 iacile
2527 967 2712 1022 linitur
2754 975 2809 1024 et
2871 981 3148 1026 meatuum
3205 971 3424 1042 replen-

1837 1054 2032 1110 dorum
2076 1058 2332 1114 facultate
2370 1071 2452 1116 est
2488 1062 2802 1132 praeditum.

1909 1148 1965 1203 6.
1992 1148 2311 1220 Cujusmodi
2334 1153 2496 1208 etiam
2515 1162 2599 1210 est
2623 1155 2764 1224 quod
2796 1164 2976 1224 partes
2997 1156 3161 1211 habet
3199 1167 3422 1222 tenues;

1839 1247 1897 1293 ut
1930 1245 2076 1310 quod
2097 1242 2523 1300 omnitermino
2558 1244 2718 1300 facile
2747 1247 3120 1312 contineatur,
3147 1257 3202 1300 et
3239 1247 3423 1300 inania
3501 1241 3508 1248 ’

1841 1333 2022 1400 spatia
2057 1335 2296 1404 expleat.
2358 1334 2415 1390 Si
2440 1335 2587 1391 enim
2653 1336 2705 1390 in
2731 1352 2933 1392 nucum
2990 1337 3235 1392 modium
3267 1337 3427 1406 siligo

1839 1424 2146 1491 injiciatur,
2166 1427 2219 1482 in
2243 1428 2600 1484 intermedias
2633 1428 2793 1484 solidi
2821 1429 3070 1498 corporis
3119 1444 3320 1484 nucum
3343 1443 3428 1482 rec

1842 1517 2035 1586 giones
2085 1535 2291 1576 vacuas
2349 1532 2643 1589 penetrare
2698 1537 2903 1591 easque
2967 1523 3178 1592 replere
3227 1529 3424 1592 potest.

1848 1610 2006 1678 Quod
2033 1613 2177 1667 idem
2207 1630 2342 1670 sane
2375 1615 2541 1670 etiam
2573 1617 2858 1670 humidum
2880 1617 3046 1670 eliicit
3067 1656 3083 1671 .
3104 1618 3256 1683 Aqua
3277 1617 3426 1672 enim

1844 1719 2065 1758 omnem
2096 1707 2391 1760 terminum
2425 1707 2722 1761 comitatur
2757 1706 2846 1775 qui
2882 1706 3040 1776 13o
3065 1705 3284 1774 quidem
3339 1715 3426 1758 at-

1839 1797 1999 1866 tingit
2015 1807 2070 1852 et
2089 1798 2332 1852 cominet
2351 1836 2366 1852 .
2397 1797 2696 1868 Eapropter
2712 1800 2991 1869 igitursub
3013 1798 3240 1852 humido
3266 1808 3428 1852 tenue

1835 1887 2148 1948 collocant;
2189 1895 2247 1942 et
2303 1887 2472 1941 simili
2535 1889 2747 1945 ratione
2806 1902 3054 1941 crassum
3102 1885 3206 1939 sub
3257 1884 3425 1938 sicco.

1835 1980 2306 2047 Quemadmodum
2359 1981 2506 2036 enim
2543 1981 2750 2036 siccum
2781 1995 2884 2035 suo
2916 1978 3134 2048 quidem
3190 1976 3426 2032 termino

1835 2075 2017 2142 facile,
2042 2075 2223 2130 alieno
2251 2085 2434 2130 autern
2466 2073 2755 2130 dilliculter
2783 2082 3070 2127 coercetur
3102 2074 3316 2139 (contra
3345 2071 3426 2124 ni-

1833 2169 1980 2222 tendi
2011 2168 2158 2223 enim
2191 2168 2299 2221 vim
2335 2167 2522 2232 habet,
2553 2181 2655 2222 nec
2685 2165 2757 2220 iis
2785 2180 2908 2235 quae
2938 2164 3222 2219 continent
3268 2163 3428 2216 obse-

1833 2256 2042 2326 quitur)
2076 2273 2090 2311 :
2122 2255 2317 2311 eodem
2352 2255 2516 2311 modo
2538 2255 2703 2310 etiam
2738 2269 2989 2328 crassum
3028 2269 3152 2308 cum
3187 2253 3425 2318 grandes

1836 2359 2020 2420 partes
2058 2349 2276 2413 habent,
2311 2348 2366 2403 in
2399 2363 2617 2403 omnem
2653 2348 2929 2418 regionem
2983 2361 3094 2400 non
3151 2351 3421 2412 penetrat.

1904 2443 1955 2497 7.
1988 2439 2143 2495 Haud
2172 2457 2334 2496 secus
2365 2441 2530 2494 etiam
2585 2439 2814 2495 densum
2843 2448 2898 2494 et
2928 2452 3143 2502 rarum,
3188 2436 3423 2490 alterum

1835 2535 1939 2591 sub
1960 2536 2128 2599 sicco,
2163 2534 2393 2588 alterum
2426 2534 2530 2588 sub
2559 2531 2786 2587 humido
2837 2530 3202 2586 constituunt.

1906 2628 1961 2682 8.
1994 2627 2286 2696 Nunquam
2319 2641 2450 2680 vero
2479 2625 2643 2680 etiam
2670 2633 2829 2678 tenue
2845 2633 2902 2678 et
2937 2636 3210 2680 crassum,
3237 2632 3424 2678 rarum

1836 2730 1889 2776 et
1913 2720 2244 2776 densunrab
2268 2717 2646 2774 efﬁcientibus
2673 2725 2734 2771 et
2769 2714 3100 2786 patientibus
3123 2710 3428 2768 contrarie-

1837 2813 2040 2868 tatibus
2096 2810 2221 2865 ideo
2277 2808 2737 2878 repudiabuntur,
2781 2815 3070 2876 propterea
3101 2801 3248 2871 quod
3313 2815 3446 2856 nec'

1837 2905 1954 2976 ipsa
1980 2913 2088 2960 tota
2116 2920 2214 2975 per
2247 2911 2362 2958 tota
2385 2903 2441 2958 in
2467 2917 2526 2958 se
2554 2901 2785 2956 invicem
2822 2913 2984 2967 agere
3011 2902 3265 2966 possunt.
3305 2893 3422 2950 Nec

1839 3011 2060 3052 arenam
2112 3003 2207 3049 aut
2253 2995 2493 3048 cinerem
2523 2991 2592 3046 ob
2616 3005 2736 3046 eam
2790 2988 3023 3058 partium
3081 2985 3410 3042 tenuitatem

1840 3104 1960 3158 quae
1998 3087 2144 3144 inest
2175 3087 2331 3152 ipsis,
2376 3085 2599 3140 humida
2653 3097 2849 3139 vocare
2897 3089 3125 3152 cogetur
3166 3080 3371 3149 aliquis
3403 3115 3424 3147 ,

1845 3195 1972 3235 cum
2006 3180 2295 3234 manifesto
2321 3179 2464 3234 sicca
2499 3178 2628 3233 sint.

1913 3275 1967 3330 9.
1997 3271 2165 3328 Porro
2198 3271 2492 3336 viscosum,
2548 3268 2840 3324 manifesto
2890 3264 3176 3321 humidum
3193 3272 3279 3318 est
3301 3277 3428 3318 cum

1842 3366 2130 3423 alioctione
2155 3365 2435 3436 quapiam.
2518 3361 2675 3430 Quod
2717 3363 2764 3418 si
2803 3360 3079 3415 viscosum
3111 3365 3197 3411 est
3243 3353 3429 3410 humi-

1841 3458 2356 3527 dum,contrarium
2387 3456 2527 3526 ejus,
2553 3456 2660 3510 hoc
2685 3461 2776 3510 est
2797 3451 3038 3520 aridum,
3067 3449 3274 3508 siccum
3297 3447 3428 3515 erit;

1841 3553 2116 3609 conn-aria
2145 3550 2348 3619 quippe
2381 3548 2563 3608 insunt
2591 3546 2908 3601 contrariis.

1853 3699 1860 3705 .
1924 3645 2014 3700 10.
2055 3644 2217 3700 Molle
2251 3642 2488 3708 denique
2515 3640 2702 3700 tactui
2730 3638 2896 3700 cedit,
2937 3644 3214 3706 quatenus
3242 3631 3429 3688 humi-

1843 3739 2030 3793 ditatis
2049 3746 2133 3791 est
2181 3736 2476 3805 particeps.
2534 3734 2742 3789 Cedere
2801 3746 3036 3800 namque
3077 3728 3292 3782 humidi
3345 3732 3431 3778 est

1843 3831 2146 3902 proprium.
2187 3830 2532 3896 Quapropter
2559 3826 2725 3881 etiam
2754 3823 2906 3893 131
2933 3823 3096 3878 molle
3117 3820 3219 3875 sub
3251 3818 3432 3873 humi-

1843 3923 1914 3978 do
1945 3920 2449 3989 comprehendetur
2479 3929 2570 3984 ;et
2605 3926 2663 3970 ut
2687 3916 2852 3984 liquet
2877 3915 3075 3976 durum
3104 3910 3210 3966 sub
3227 3911 3398 3966 sicco.

1915 4015 2104 4070 H.121
2133 4014 2218 4068 his
2237 4013 2403 4082 igitur
2439 4019 2605 4079 patet,
2632 4011 2770 4063 duas
2799 4005 3037 4075 relinqui
3059 4000 3431 4060 contrarieta-

1843 4116 1927 4164 tes
1959 4106 2198 4167 tactiles,
2233 4118 2354 4173 quae
2387 4103 2458 4156 ita
2486 4113 2680 4156 natura
2701 4104 3028 4166 comparatae
3055 4094 3184 4158 sint,
3219 4098 3276 4144 ut
3309 4099 3433 4145 tota:

1843 4215 1941 4270 per
1969 4207 2114 4254 totas
2151 4203 2318 4265 agant
2350 4203 2404 4249 et
2434 4195 2799 4263 patiantur,et
2830 4186 3153 4255 neutiquam
3179 4183 3284 4238 sub
3310 4181 3432 4236 aliis

1845 4292 2121 4362 aliquibus
2151 4288 2553 4346 contineantur
2590 4299 2604 4337 :
2640 4299 2762 4352 qua:
2787 4277 3204 4336 sunt-caliditas
3247 4283 3302 4332 et
3337 4273 3433 4330 fri-

1843 4386 2059 4454 giditas,
2082 4381 2379 4436 humiditas
2415 4377 2728 4439 etsici-itas,
2761 4372 3094 4444 quantique
3117 4367 3431 4425 communia

1844 4488 1972 4532 sunt
1993 4474 2242 4531 omnium
2266 4470 2552 4528 sensilium
2575 4483 2870 4538 corporum
2901 4461 3255 4528 informantia
3282 4461 3434 4530 prin-

1771 4592 1816 4648 ι)
1847 4568 2014 4638 cipia.

1922 4657 2010 4713 12.
2046 4656 2316 4712 Caeterum
2351 4659 2405 4706 ct
2429 4649 2629 4719 διερόν,
2656 4648 2764 4704 hoc
2793 4655 2897 4710 est,
2962 4646 3189 4701 madens
3237 4653 3294 4699 et
3336 4646 3435 4698 hu-

1853 4762 2115 4814 mectum,
2141 4757 2198 4803 et
2244 4743 2387 4816 quod
2423 4743 2641 4810 proprie
2675 4741 2954 4798 humidum
3011 4750 3116 4804 est,
3166 4747 3436 4806 quatenus

1851 4839 2119 4913 ejusmodi
2143 4845 2296 4900 sunt,
2329 4834 2397 4888 ab
2418 4847 2485 4887 eo
2501 4831 2646 4901 quod
2665 4829 2990 4898 simpliciter
3017 4829 3304 4884 humidum
3325 4836 3433 4891 est,

1856 4928 2346 5000 comprehenditur
2380 4925 2448 4978 ⁸ο.
2487 4921 2944 4991 Madensquidem
2979 4919 3208 4988 proinde
3237 4919 3438 4974 dicitur

1853 5028 2000 5098 quod
2029 5021 2318 5093 superﬁcie
2353 5029 2514 5073 tenus
2536 5018 2773 5071 alienam
2804 5015 2966 5069 habet
3004 5013 3388 5070 humiditatem
3415 5026 3435 5076 ;

1846 5131 1908 5177 ut
1938 5120 1984 5175 si
2017 5116 2142 5188 quis
2181 5117 2236 5170 in
2266 5113 2500 5182 lapidem
2534 5109 2768 5179 exempli
2824 5111 3026 5180 gratia,
3055 5115 3149 5162 aut
3197 5106 3437 5176 lignum,

1845 5223 1940 5268 aut
1970 5228 2170 5279 corpus
2189 5208 2445 5264 animalis
2470 5213 2567 5262 aut
2601 5217 2827 5270 vestem,
2858 5219 3020 5274 parce
3045 5188 3243 5272 aquam
3264 5198 3440 5256 eﬁ‘un-

1845 5307 1960 5361 dat.
2026 5304 2084 5359 Id
2110 5305 2262 5359 enim
2297 5303 2445 5374 quod
2489 5304 2542 5358 in
2609 5300 2968 5358 interioribus
2997 5297 3246 5366 partibus
3307 5293 3440 5348 alie-

1849 5417 1976 5454 nam
2011 5399 2398 5454 humiditatem
2457 5396 2648 5463 habet,
2684 5395 3002 5450 humectum
3036 5398 3383 5459 nuncupatur
3419 5402 3436 5450 ;

1849 5492 2012 5561 quale
2040 5491 2217 5546 lutum
2274 5498 2378 5545 est.
2408 5488 2636 5559 Proprie
2666 5496 2851 5542 autem
2882 5483 3163 5539 humidum
3192 5489 3438 5544 vocatur,

1856 5587 2001 5654 quod
2035 5583 2364 5656 peculiarem
2387 5583 2440 5637 in
2472 5585 2580 5654 imo
2609 5579 2991 5636 absconditam
3017 5578 3172 5632 habet
3201 5572 3443 5630 humidi-

1859 5688 2024 5734 tatem
2047 5692 2286 5748 eamque
2311 5675 2573 5741 ostendit,
2612 5683 2670 5730 ut
2694 5688 2843 5734 cera.
2863 5680 2920 5727 et
2951 5669 3316 5741 plumbum,et
3343 5680 3446 5720 ea-

1859 5783 1974 5828 tera
2005 5786 2128 5844 quae
2161 5771 2466 5844 liquescere
2500 5777 2752 5840 possunt,
2789 5781 2912 5824 cum
2941 5765 3272 5834 liquescunt.
