3832 6360
398 362 536 430 1119

1529 369 1958 462 NiCEPHORI
2005 375 2431 442 BLEMMtDa

3495 381 3640 447 fliO’

468 479 555 538 15.
591 480 744 546 Quod
771 481 816 536 si
879 479 1204 550 simpliciter
1237 479 1522 536 humidum
1557 497 1621 537 ea
1652 496 1772 552 quae
1819 482 1963 538 dicta

2139 496 2229 557 ιγ’.
2284 491 2345 542 El
2397 491 2452 543 δὲ
2500 489 2609 541 τῶν
2645 490 2920 560 ῥηθέντων
2974 492 3372 564 περιληπτικόν
3419 496 3535 547 ἐστι
3585 497 3646 548 τὸ

393 581 542 636 sunt,
572 575 1004 643 comprehendit,
1041 574 1196 644 132
1231 574 1401 639 liquet
1447 573 1500 628 id
1533 573 1675 643 quod
1711 573 1975 646 simplici7

396 674 479 718 ter
511 664 719 719 siccum
747 674 854 730 est,
895 676 1167 721 contraria
1202 668 1365 722 etiam
1391 665 1700 721 continere.
1732 663 1973 735 Opponi-

395 766 484 810 tur
511 765 692 810 autem
729 757 970 812 madenti
1000 757 1223 827 quidem
1259 758 1310 812 id
1337 756 1482 828 quod
1523 757 1737 827 proprie
1763 757 1968 810 siccum

391 854 500 908 est,
533 847 676 915 quod
701 863 768 901 ne
786 848 1076 916 superﬁcie
1100 857 1258 903 tenus
1279 851 1497 918 quidem
1528 847 1760 902 alienam
1789 845 1971 899 humi-

391 937 616 992 ditatem
643 940 871 1008 recipit-;
914 941 1168 996 humecta
1189 941 1384 997 deinde
1423 943 1474 995 id
1505 943 1654 1009 quod
1685 939 1970 992 humecta-

393 1031 560 1084 tionis
589 1045 784 1100 expers
805 1044 906 1100 est;
927 1035 975 1088 ei
994 1035 1233 1106 denique
1250 1035 1394 1106 quod
1417 1034 1636 1104 proprie
1659 1033 1970 1086 humectqu

390 1131 496 1185 est,
530 1123 677 1192 quod
731 1136 1047 1182 concretum
1084 1135 1168 1184 est
1201 1137 1257 1184 et
1305 1126 1562 1198 rigidum,
1619 1135 1680 1179 ut
1711 1134 1890 1180 ostrea
1919 1130 1974 1176 et

387 1213 634 1281 metalla,
671 1231 795 1272 cum
842 1235 966 1289 qua:
1011 1221 1315 1290 liquem-ere
1375 1237 1484 1278 nou
1546 1225 1801 1290 possum.
1850 1223 1964 1269 lum

2077 573 2263 638 ἁπλῶς
2292 575 2480 645 ὑγρὸν,
2514 576 2674 644 δῆλον
2704 579 2785 630 ὅτι
2834 580 2929 634 καὶ
2977 580 3088 635 τῶν
3139 582 3535 652 ἀντικειμένων
3587 587 3648 637 τὸ

2077 665 2264 728 ἁπλῶς
2291 666 2475 737 ξηρόν.
2527 667 2856 724 ’Δντίκειται
2889 671 2945 724 δὲ
2977 672 3056 744 τῷ
3086 674 3187 744 μὲν
3212 674 3376 745 διερῷ
3407 677 3467 729 τὸ
3500 676 3648 739 ίδίως

2079 754 2266 822 ξηρὸν,
2329 758 2466 828 ὅπερ
2525 760 2635 812 οὐδ’
2690 762 2968 833 ἐπιπολῆς
3015 764 3306 836 ἀλλοτρίαν
3368 766 3649 836 ὑγρότητα

2077 845 2322 900 δέδεκται
2345 863 2359 879 ⁶
2411 850 2490 919 τῷ
2519 850 2577 904 δὲ
2619 851 2978 927 βεϐρεγμένῳ
3005 857 3066 910 τὸ
3091 857 3324 929 ἄϐροχον
3342 873 3361 890 ⁶
3392 858 3473 929 τῷ
3505 858 3651 922 ἰδίως

2078 937 2230 1008 ὑγρῷ
2268 941 2320 994 δὲ
2350 942 2409 996 es
2445 947 2734 1016 πεπηγόςο
2795 943 2886 1003 οἷά
2941 952 3050 1003 sict
3100 952 3161 1004 τὸ
3213 951 3505 1021 ὄστρακον,
3555 951 3655 1004 καὶ

2081 1030 2192 1086 τῶν
2221 1032 2501 1099 μετάλλων
2539 1039 2607 1092 τά
2645 1055 2703 1091 τε
2743 1038 2820 1111 μὴ
2855 1043 3033 1113 τηκτὰ
3063 1047 3159 1097 xal
3194 1045 3266 1098 τὰ
3297 1043 3475 1114 τηκτὰ
3520 1045 3655 1114 πρὶν

2078 1125 2244 1193 τακῇ.
2305 1126 2430 1182 Τῶν
2479 1131 2587 1202 γὰρ
2645 1134 2980 1204 πεπηγότων
3013 1137 3082 1190 τά
3131 1137 3230 1207 μὲν
3259 1136 3460 1209 τηκτὰ,
3495 1137 3566 1191 τὰ
3612 1138 3657 1192 δ’

2076 1210 2310 1283 ἄτηκτα.

393 1322 512 1376 qua:
561 1324 792 1379 possunt
847 1314 1172 1384 liquescere,
1210 1317 1304 1372 sed
1341 1324 1629 1385 antequam
1682 1311 2006 1380 liquescant.
2030 1301 2423 1368 Concretorum
2462 1315 2610 1372 enim
2645 1325 2702 1374 et
2732 1317 3038 1391 rigidorum
3067 1323 3315 1395 quedam
3340 1325 3654 1394 liquescere

395 1420 664 1477 possunt;
698 1413 946 1481 quaedam
985 1429 1092 1468 non
1127 1424 1358 1484 possunt
1387 1415 1720 1483 liquescere.

466 1508 553 1562 14.
575 1509 692 1564 1am
727 1524 856 1563 vero
873 1510 1194 1578 simpliciter
1247 1515 1528 1566 humidum
1551 1521 1656 1575 est,
1679 1505 1821 1578 quod
1887 1511 1975 1558 ιο·

395 1606 510 1652 tum
544 1614 641 1668 per
673 1601 855 1654 omnia
887 1603 1233 1658 manifestam
1275 1603 1659 1658 humiditatem
1695 1598 1972 1668 propriam

397 1703 616 1758 semper
646 1691 856 1748 obtinet
887 1708 902 1749 :
932 1702 987 1748 et
1015 1696 1221 1749 siccum
1253 1696 1601 1766 simpliciter,
1637 1693 1779 1764 quod
1805 1687 1972 1748 simili

396 1783 612 1837 ratione
655 1793 826 1839 totum
853 1802 949 1856 per
975 1790 1158 1844 omnia
1207 1790 1506 1845 siccitatem
1535 1789 1697 1843 habet
1722 1788 1963 1842 insitam.

471 1872 557 1926 15.
581 1875 710 1938 Quae
741 1891 864 1930 cum
892 1879 966 1932 ita
987 1893 1106 1935 sese
1125 1881 1380 1946 habeant,
1399 1881 1656 1950 quoniam
1679 1882 1732 1935 in
1757 1879 1975 1934 univer-

397 1979 516 2018 sum
545 1967 726 2022 omnis
759 1971 1125 2027 contrarietas
1156 1988 1277 2042 quae
1310 1973 1480 2029 tactui
1519 1972 1813 2038 subjicitur
1848 1985 1973 2026 cum

396 2058 590 2126 agendi
627 2069 742 2114 tum
802 2060 1037 2131 patiendi
1103 2067 1414 2121 facultatem
1474 2067 1682 2122 habens
1708 2066 1774 2118 ad
1835 2064 1974 2118 duas

397 2148 518 2216 illas
578 2165 1039 2210 commemoratas
1105 2157 1355 2231 syzygias
1405 2157 1702 2227 colligitur,
1778 2166 1974 2212 neutra

398 2250 576 2294 autem
629 2242 822 2298 harum
893 2247 997 2301 sub
1047 2247 1218 2301 altera
1277 2251 1554 2305 invenitur
1585 2251 1784 2320 (neque
1829 2251 1973 2305 enim

397 2332 566 2388 ullum
619 2337 858 2392 calidum
895 2343 1001 2405 faut
1034 2342 1241 2397 siccum
1273 2345 1376 2399 sub
1407 2345 1581 2398 altero
1626 2345 1926 2400 collocatur
1956 2361 1973 2410 ;

395 2426 596 2496 quippe
624 2429 771 2497 alias
798 2447 963 2488 omne
996 2437 1232 2490 calidum
1263 2439 1426 2492 etiam
1469 2439 1698 2504 siccum,
1725 2449 1782 2494 et
1813 2455 1977 2495 omne

397 2519 603 2574 siccum
637 2524 803 2578 etiam
855 2528 1089 2582 calidum
1122 2531 1311 2598 foret;
1369 2548 1544 2602 neque
1600 2533 1754 2603 133
1819 2532 1976 2603 frigi-

397 2609 525 2666 dum
557 2623 612 2667 et
635 2614 916 2674 humidum
937 2621 1107 2674 ullum
1144 2625 1247 2677 sub
1270 2626 1447 2679 altero
1471 2625 1658 2680 eadem
1690 2627 1757 2680 de
1771 2641 1971 2691 causa;

398 2704 570 2758 multo
594 2716 773 2761 autem
817 2711 997 2766 minus
1036 2717 1308 2770 contraria
1359 2718 1462 2771 sub
1515 2716 1848 2784 contrariis;
1883 2718 1977 2786 qui

395 2797 541 2850 enim
585 2791 1008 2872 repugnantium
1046 2807 1150 2860 alia
1206 2808 1311 2863 sub
1344 2809 1468 2864 aliis
1490 2823 1613 2864 esse
1646 2808 1887 2879 possint?
1913 2811 1970 2878 );

398 2889 530 2944 satis
561 2892 809 2960 profecto
843 2907 1057 2952 constat
1091 2914 1153 2954 ea
1201 2915 1435 2971 corpora
1471 2918 1594 2972 qua:
1629 2917 1659 2957 a
1701 2902 1980 2972 praedictis

401 2983 889 3042 contrarietatibus
955 2989 1134 3057 primo
1192 2989 1581 3059 informantur,
1651 2993 1978 3049 naturalium

398 3087 690 3142 corporum
717 3079 965 3134 onmium
1001 3083 1250 3150 proxima
1283 3084 1550 3140 elementa
1580 3100 1723 3141 esse.

471 3163 557 3220 16.
605 3166 936 3225 informatur
968 3173 1152 3242 itaque
1188 3175 1370 3243 primo
1394 3176 1535 3246 ignis
1568 3177 1784 3246 quidem
1838 3179 1972 3234 cali-
1997 3168 2044 3227 α

399 3252 569 3310 ditate
597 3266 654 3312 et
682 3260 928 3318 siccitate
972 3264 1040 3329 εί,
1099 3275 1154 3320 et
1185 3282 1315 3322 vero
1368 3270 1649 3326 caliditate
1702 3272 1977 3328 maxime:

405 3363 504 3405 aer
537 3353 816 3412 caliditatc
849 3367 902 3412 et
931 3358 1278 3429 bumiditate,
1309 3366 1478 3435 magis
1526 3374 1708 3423 tamen
1743 3367 1982 3424 humidi-

402 3452 554 3511 tate;
610 3461 749 3516 aqua
817 3450 1146 3509 homiditate
1192 3466 1248 3510 et
1301 3455 1618 3527 irigiditate,
1663 3461 1761 3515 sed
1808 3461 1982 3532 magis

404 3533 745 3605 frigiditate;
806 3547 950 3595 terra
1004 3543 1303 3613 frigiditate
1357 3555 1411 3602 et
1463 3549 1730 3616 siccitate,
1779 3553 1874 3624 sed
1922 3562 1980 3608 ut

401 3626 696 3695 plurimum
751 3633 996 3688 siccitate
1047 3634 1134 3690 ⁸³.
1180 3636 1327 3709 Ignis
1382 3640 1610 3710 proinde
1667 3652 1722 3698 et
1784 3659 1880 3699 aer
1927 3653 1981 3700 et

403 3725 550 3771 terra
579 3723 1007 3792 compositorum
1043 3729 1382 3785 naturalium
1411 3746 1702 3804 corporum
1733 3735 1980 3805 proxima

401 3809 670 3868 elementa
697 3824 848 3871 sunt.

475 3903 568 3958 17.
609 3904 742 3972 Quae
791 3910 1051 3966 nimirum
1085 3913 1376 3983 elementa,
1425 3932 1534 3972 non
1566 3927 1837 3989 quatenus
1865 3921 1980 3979 ele-

403 4005 585 4050 menta
614 4009 760 4066 sunt,
785 4003 880 4056 sed
904 4013 1175 4072 quatenus
1196 4022 1427 4078 corpora
1450 4011 1710 4081 qualitate
1731 4013 1977 4084 praedita,

403 4102 528 4142 cum
566 4106 630 4143 ex
665 4107 724 4146 se
754 4094 988 4150 invicem
1021 4113 1374 4166 generantur,
1409 4111 1520 4158 tum
1562 4104 1614 4158 iu
1647 4119 1707 4161 se
1741 4106 1974 4163 invicem

403 4195 870 4250 corrumpuntur;
895 4188 974 4244 Ac
1008 4205 1200 4246 eorum
1234 4194 1453 4263 quidem
1487 4212 1608 4267 quae
1633 4213 1978 4256 communem

404 4272 728 4340 qualitatem
761 4277 1014 4335 obtinent
1050 4281 1118 4346 ",
1152 4294 1211 4339 ut
1243 4284 1382 4354 ignis
1413 4295 1466 4340 et
1496 4301 1592 4342 aer
1621 4289 1976 4358 caliditatem,

405 4365 643 4434 itemque
675 4381 816 4438 aqua
848 4379 904 4425 et
953 4379 1101 4427 terra
1150 4374 1526 4445 frigiditatem,
1563 4378 1723 4435 facile
1764 4383 1869 4436 alia
1921 4382 1976 4436 in

403 4457 508 4511 alia
569 4468 867 4526 mutantur,
918 4471 977 4518 ut
1030 4479 1150 4533 qua.
1185 4467 1347 4522 unius
1397 4469 1662 4525 duntaxat
1697 4474 1977 4543 qualitatis

405 4548 621 4606 ratione
662 4562 962 4608 mutentur.
996 4554 1127 4621 Qua:
1158 4568 1337 4613 autem
1374 4561 1662 4632 utriusque
1694 4565 1975 4634 qualitatis

404 4642 614 4698 ratione
643 4657 1015 4715 opponuntur,
1050 4649 1258 4706 tardius
1311 4652 1471 4726 134
1502 4656 1554 4709 in
1604 4671 1663 4711 se
1695 4665 1978 4712 mutantur

406 4733 666 4803 invicem,
703 4745 760 4791 ut
807 4752 949 4809 aqua
1005 4747 1060 4796 et
1117 4743 1278 4814 ignis,
1329 4747 1570 4816 itemque
1596 4757 1741 4802 terra
1775 4757 1829 4803 et
1860 4763 1975 4815 aer,

403 4841 526 4893 qua:
547 4843 676 4883 sane
703 4831 868 4885 etiam
889 4833 1135 4889 absolute
1164 4845 1290 4890 sunt
1324 4839 1622 4894 contraria.

477 4921 568 4976 18.
631 4923 752 4977 Etsi
804 4939 934 4980 vero
983 4924 1030 4958 “
1079 4927 1197 4984 haec
1246 4930 1575 4986 substantia:
1633 4939 1781 4997 sunt,
1837 4931 1976 4987 nihil

403 5022 588 5069 autem
609 5016 932 5073 substantiae
965 5029 1049 5076 est
1080 5021 1418 5076 contrarium
1445 5039 1459 5087 ;
1494 5037 1602 5076 non
1637 5033 1818 5078 tamen
1847 5039 1978 5094 qua-

409 5113 568 5164 tenus
599 5110 921 5167 substantiae
943 5122 995 5168 et
1025 5113 1273 5184 subjecta
1309 5123 1461 5178 sunt,
1491 5125 1718 5169 eatenus
1752 5115 1894 5170 inter
1919 5131 1978 5172 se

404 5201 684 5256 contraria
723 5214 851 5258 sunt
883 5205 1025 5275 ignis
1057 5214 1111 5261 et
1134 5220 1296 5274 aqua,
1327 5205 1568 5276 itemque
1595 5220 1692 5262 acr
1719 5216 1777 5262 et
1809 5217 1976 5272 terra,

407 5293 504 5349 sed
556 5296 736 5366 quoad
787 5299 1078 5368 qualitates
1127 5299 1329 5369 quibus
1387 5299 1774 5356 informantur.
1839 5299 1976 5358 Nam

406 5385 550 5457 ignis
587 5387 840 5445 caliditas
866 5389 1146 5458 frigiditati
1181 5406 1333 5462 aquae
1365 5401 1664 5463 repugnat,
1703 5393 1976 5448 vicissim-

2155 1497 2237 1554 ιδ’.
2307 1501 2510 1574 ’Υγρδν
2573 1505 2621 1560 δ’
2679 1508 2891 1578 ἁπλῶς,
2928 1511 3066 1583 ὅπερ
3118 1513 3240 1568 όλον
3287 1514 3357 1568 δι’
3401 1514 3528 1569 ὅλου
3569 1516 3657 1570 ἀεὶ

2080 1595 2324 1662 φανερὰν
2373 1597 2586 1652 οίκείαν
2641 1599 2920 1674 ὑγρότητα
2976 1606 3273 1677 κέκτηται·
3326 1609 3423 1663 καὶ
3489 1609 3658 1680 ξηρὸν

2079 1684 2292 1751 ἁπλῶς,
2353 1686 2489 1758 ὅπερ
2545 1687 2666 1743 ὅλον
2701 1690 2772 1744 δι’
2816 1692 2942 1747 ὅλου
3002 1695 3208 1767 ὁμοίως
3245 1697 3488 1769 ἔμφυτον
3538 1698 3658 1770 ἔχει

2000 1832 2046 1889 Β
2075 1776 2371 1889 incf“)?-

2147 1869 2229 1926 ιε’.
2283 1871 2502 1928 Τούτων
2551 1876 2727 1942 οὕτως
2764 1879 3020 1949 ἐχόντων,
3063 1881 3190 1938 ιπιὶ
3223 1883 3456 1939 καθόλου
3501 1885 3657 1939 πᾶσα

2075 1957 2388 2031 ἐναντιότης
2419 1963 2572 2034 ἀπτὴ
2595 1969 2854 2040 ποιητικὴ
2890 1971 2984 2024 καὶ
3016 1972 3316 2045 παθητικὴ,
3350 1975 3472 2039 ταῖς
3497 1977 3654 2046 είρη-

2079 2052 2274 2118 μὲναις
2303 2052 2400 2108 δύο
2427 2055 2721 2126 συζυγίαις
2747 2061 3068 2132 συνάγεται,
3093 2065 3321 2137 οὐδεμία
3349 2066 3406 2120 δὲ
3443 2070 3657 2122 τούτων

2077 2143 2186 2197 ὑπὸ
2217 2143 2315 2216 τὴν
2345 2147 2543 2219 ἑτέραν
2567 2149 2885 2221 εὑρίσκεται
2910 2155 3052 2225 (οὐδὲ
3081 2155 3186 2228 γάρ
3217 2159 3278 2212 τὸ
3309 2158 3516 2231 θερμὸν
3553 2161 3654 2214 καὶ

2076 2235 2140 2289 τὸ
2203 2237 2368 2308 ξηρὸν
2420 2240 2574 2294 οὐδὲν
2629 2243 2734 2296 ὑπὸ
2790 2244 3022 2317 θάτερον
3072 2249 3350 2306 τάττεται.
3397 2253 3510 2306 Kal
3543 2255 3656 2324 γὰρ

2076 2325 2248 2391 οὕτως
2280 2328 2346 2384 ἂν
2368 2325 2438 2400 ἦν
2468 2333 2578 2387 πᾶν
2607 2331 2812 2403 θερμὸν
2837 2338 2928 2390 καὶ
2953 2337 3140 2406 ξηρὸν,
3164 2339 3196 2402 ’ἢ
3221 2341 3330 2394 πᾶν
3355 2341 3525 2411 ξηρὸν
3555 2346 3654 2396 καὶ

2077 2421 2282 2492 θερμόν
2301 2438 2316 2454 θ
2343 2421 2468 2479 οὕτε
2495 2425 2559 2478 τὸ
2604 2425 2818 2498 ψυχρὸν
2847 2429 2941 2484 καὶ
2969 2431 3031 2484 τὸ
3067 2432 3234 2502 ὑγρὸν
3274 2433 3425 2487 οὐδὲν
3458 2434 3566 2488 ὑπὸ
3591 2436 3656 2488 τὸ

2077 2513 2265 2568 λοιπὸν
2292 2516 2385 2572 διὰ
2414 2517 2592 2574 ταυτα
2616 2534 2631 2551 ·
2681 2520 2864 2592 πολλῷ
2892 2539 2956 2591 γε
2985 2525 3191 2594 μᾶλλον
3220 2525 3344 2580 οὐδὲ
3389 2528 3660 2580 τάναντία
3747 2528 3758 2540 ’

2077 2607 2182 2662 ὑπὸ
2224 2609 2482 2664 τάναντία
2505 2628 2522 2645 ·
2552 2612 2672 2678 πῶς
2727 2615 2838 2686 γὰρ
2873 2615 3076 2671 ἔσοιντ⁹
3141 2620 3210 2673 ἂν
3265 2621 3554 2690 ὑπάλληλα
3585 2624 3660 2676 τά

2081 2699 2366 2770 μαχόμενα
2383 2701 2450 2772 ς),
2465 2703 2685 2768 πάντως
2707 2705 2951 2778 εὔδηλον,
2972 2711 3054 2762 ὄτι
3074 2709 3144 2764 τὰ
3165 2714 3396 2782 πρώτως
3421 2714 3527 2766 ὑπὸ
3546 2715 3660 2766 τῶν

2081 2791 2388 2861 είρημένων
2467 2794 2842 2851 ἐναντιώσεων
2902 2799 3314 2868 είδοποιούμενα
3397 2803 3658 2874 σώματα,

2077 2883 2232 2936 ταῦτ’
2262 2884 2330 2940 ἂν
2361 2881 2474 2941 εἷεν
2511 2892 2752 2962 στοιχεῖα
2810 2893 3061 2965 προσεχῆ
3097 2896 3318 2952 πάντων
3379 2901 3660 2969 σωμάτων

2079 2977 2190 3032 τῶν
2210 2979 2482 3048 φυσικῶν.

2147 3162 2244 3229 ις’.
2279 3164 2644 3222 Είδοποιεῖται
2697 3169 2797 3240 μὲν
2825 3165 2919 3225 οὖν
2956 3171 3190 3240 πρώτως
3218 3174 3278 3228 ta
3308 3175 3419 3245 πῦρ
3453 3176 3662 3247 θερμό-

2082 3273 2208 3326 τητι
2248 3260 2341 3312 καὶ
2365 3261 2626 3332 ξηρότητι
2647 3278 2664 3296 ο
2695 3264 2792 3318 καὶ
2825 3265 3063 3334 μάλιστά
3091 3283 3154 3335 γε
3185 3267 3517 3339 θερμότητι“
3546 3272 3577 3324 ό
3610 3271 3660 3324 δ’

2082 3346 2193 3420 ἀὴρ
2224 3348 2650 3422 θερμότητι,καὶ
2700 3353 2990 3425 ὑγρότητι,
3025 3358 3122 3411 καὶ
3159 3357 3324 3414 πλέον
3351 3359 3621 3431 ὑγρότητι
3641 3378 3658 3392 ο

2082 3442 2143 3496 τὸ
2189 3442 2236 3496 δ’
2292 3440 2440 3515 ὕδωρ
2493 3444 2755 3517 ὑγρότητι
2811 3449 2905 3502 καὶ
2940 3449 3268 3522 ψυχρότητι,
3319 3452 3413 3504 καὶ
3451 3452 3661 3522 μᾶλλον

2081 3534 2428 3607 ψυχρότητι·
2461 3537 2495 3607 ἡ
2532 3537 2592 3592 δὲ
2629 3537 2700 3608 γῆ
2726 3539 3033 3612 ψυχρότητι
3081 3543 3179 3596 καὶ
3233 3543 3510 3614 ξηρότητι,
3551 3547 3658 3598 καὶ

2081 3627 2354 3681 τοὺπίπαν
2385 3627 2671 3701 ξηρότητι.
2699 3631 2818 3703 Πῦρ
2845 3632 2954 3701 άρα
2975 3633 3069 3687 καὶ
3107 3635 3218 3705 ἀὴρ
3249 3636 3343 3688 καὶ
3377 3635 3520 3706 ὕδωρ
3553 3638 3660 3690 καὶ

2081 3719 2152 3789 γῆ
2186 3722 2427 3791 στοιχεῖα
2470 3724 2713 3795 προσεχῆ
2748 3723 2856 3778 τῶν
2893 3726 3168 3780 συνθέτων
3221 3729 3493 3798 σωμάτων
3537 3729 3660 3784 τῶν

2083 3829 2352 3880 φυσικων.

2158 3905 2246 3969 ιζ’.
2301 3906 2370 3960 ’Δ
2400 3907 2464 3978 δὴ
2495 3910 2758 3980 στοιχεῖα,
2790 3910 2853 3964 οὗ
2911 3911 3047 3966 καθὸ
3103 3915 3361 3985 στοιχεῖα,
3397 3914 3531 3967 καθὸ
3557 3916 3660 3969 καὶ

2083 3994 2318 4065 σώματα
2355 4001 2740 4070 πεποιωμένα,
2765 4001 2826 4068 ἐξ
2849 4002 3099 4073 ἀλλήλων
3121 4021 3179 4058 τε
3206 4004 3420 4074 γίνεται
3449 4007 3541 4058 καὶ
3573 4009 3661 4069 εἰς

2082 4085 2292 4157 ἄλληλα
2320 4089 2631 4162 φθείρεται.
2680 4092 2794 4146 Kal
2827 4095 2896 4148 τὰ
2944 4094 3045 4163 μὲν
3099 4097 3287 4166 κοινὴν
3337 4097 3662 4167 κεκτημένα

2083 4180 2364 4253 ποιότητα,
2393 4182 2645 4252 καθάπερ
2668 4184 2730 4238 τὸ
2755 4185 2866 4256 πῦρ
2885 4187 2980 4240 καὶ
3001 4185 3030 4238 ὁ
3059 4187 3169 4258 ἀὴρ
3194 4190 3295 4258 τὴν
3317 4188 3660 4258 θερμότητα,

2081 4272 2179 4324 καὶ
2213 4272 2272 4324 τὸ
2305 4270 2449 4342 ὕδωρ
2473 4274 2568 4326 κα)⁸
2596 4274 2629 4344 η
2659 4275 2729 4344 γῆ
2757 4274 2854 4344 τὴν
2879 4274 3223 4346 ψυχρότητα,
3257 4277 3455 4347 ῥᾳδίως
3479 4277 3664 4331 ταῦτα

2087 4363 2419 4434 μεταϐάλλει
2445 4365 2524 4428 είς
2548 4365 2776 4437 ἄλληλα,
2809 4370 2952 4422 κατὰ
2985 4368 3114 4438 μίαν
3142 4370 3406 4440 ποιότητα
3424 4371 3666 4438 πάμπαν

2082 4456 2148 4527 δὴ
2185 4457 2597 4528 μεταϐάλλοντα
2621 4476 2635 4490 ’
2672 4461 2742 4514 τὰ
2767 4460 2824 4514 δὲ
2868 4461 2961 4514 καὶ
2994 4462 3115 4515 κατ’
3147 4461 3315 4531 ἄμφω
3362 4464 3459 4525 τὰς
3509 4465 3665 4516 ποιό-

2082 4564 2255 4617 τητας
2323 4549 2703 4619 ἀντικείμενα,
2779 4552 3120 4622 βραδυτέραν
3200 4556 3438 4606 ποιεῖται
3521 4554 3665 4622 πρὸς

2083 4640 2289 4711 ἄλληλα
2319 4643 2417 4711 τὴν
2462 4642 2792 4714 μεταϐολήν·
2843 4647 2916 4707 ὼς
2950 4645 3011 4696 τὸ
3045 4646 3191 4716 ὕδωρ
3239 4647 3336 4700 καὶ
3364 4649 3422 4698 τὸ
3453 4645 3596 4714 πῦρ,
3632 4648 3666 4716 η

2083 4736 2156 4806 γῆ
2190 4751 2249 4788 τε
2290 4737 2385 4788 καὶ
2412 4736 2441 4788 ό
2477 4736 2607 4805 ἀὴρ,
2638 4735 2673 4789 ὃ.
2695 4737 2761 4806 δὴ
2791 4736 2884 4790 καὶ
2917 4737 3106 4800 ἁπλῶς
3138 4737 3358 4791 ἐναντία
3385 4737 3545 4791 εἰσίν.

2157 4920 2252 4993 ιη’.
2281 4921 2343 4975 Εἰ
2366 4920 2411 4973 δ’
2433 4917 2617 4974 οὐσίαι
2640 4919 2834 4984 ταῦτα,
2863 4921 2930 4990 τῇ
2951 4919 3112 4991 οὐσία
3134 4920 3180 4973 δ’
3203 4921 3451 4976 ἐναντίον
3478 4919 3667 4988 οὐδὲν,

2087 5013 2203 5069 ἀλλ’
2234 5013 2294 5065 οὑ
2331 5009 2503 5066 καθ’ὑ
2528 5009 2712 5065 οὐσίαι
2764 5010 2861 5064 καὶ
2913 5010 3280 5080 ὑποκείμενα,
3313 5012 3457 5066 κατὰ
3501 5013 3672 5067 τοῦτο

2087 5106 2458 5161 ἐναντιοῦνται
2486 5105 2624 5176 πρὸς
2651 5104 2860 5173 ἄλληλα
2894 5103 3001 5174 πῦρ
3044 5104 3138 5157 καὶ
3174 5103 3340 5175 ὕδωρ,
3369 5104 3463 5159 καὶ
3498 5106 3669 5160 πάλιν

2087 5185 2196 5272 ἀὴρ
2231 5199 2325 5256 καὶ
2353 5201 2449 5270 γῆ,
2482 5197 2620 5253 ἀλλὰ
2653 5197 2780 5252 καθ’
2805 5197 2872 5262 ἃς
2906 5196 3301 5257 εἰδοποιοῦνται
3337 5199 3661 5269 ποιότητας.

2083 5302 2152 5358 Ἦ
2195 5297 2304 5367 γὰρ
2332 5296 2390 5348 tv
2435 5293 2574 5364 πυρὶ
2623 5291 2894 5360 θερμότης
2938 5293 3006 5362 τῇ
3055 5292 3112 5344 ὲν
3155 5289 3308 5345 ὕδατι
3354 5291 3669 5363 ψυχρότητι

2081 5399 2338 5473 μάχεται,
2365 5387 2462 5443 καὶ
2490 5389 2524 5457 η
2553 5385 2788 5456 ξηρότης
2831 5383 2899 5438 αὖ
2929 5387 2995 5456 τῇ
3029 5385 3311 5456 ὑγρότητι.
3346 5386 3456 5438 Kal
3493 5386 3664 5440 πάλιν

405 5493 514 5548 que
546 5478 771 5535 siccitas
809 5480 1141 5538 humiditati.
1178 5482 1246 5538 Et
1283 5499 1474 5540 rursus
1508 5486 1652 5540 aeris
1682 5485 1976 5543 humiditas

2088 5494 2111 5563 ἰ
2146 5492 2203 5543 ἐν
2234 5483 2360 5554 ἀέρι
2395 5480 2629 5549 ὑγρότης
2657 5480 2728 5546 τῇ
2760 5479 2819 5528 ὲν
2865 5477 2936 5546 γῇ
2985 5475 3274 5546 ξηρότητιο
3322 5476 3417 5531 καὶ
3458 5478 3490 5546 ἠ
3524 5477 3630 5544 οερ

407 5570 641 5626 siccitati
667 5580 850 5636 terrae.
875 5580 931 5627 et
953 5573 1204 5631 caliditas
1226 5575 1533 5647 irigiditati.
1559 5575 1635 5630 Ac
1661 5578 1984 5649 simpliciter

408 5660 465 5715 in
492 5661 747 5717 omnibus
777 5661 1067 5720 elementis
1111 5669 1397 5722 contrariae
1430 5659 1726 5738 qualitates
1755 5678 1981 5723 contra-

409 5751 506 5807 riis
527 5759 900 5821 opponuntur.

2085 5581 2257 5652 μότης
2316 5575 2383 5645 τῇ
2432 5569 2757 5641 ψυχρότητι.
2804 5568 2916 5622 Kal
2952 5568 3141 5631 ἁπλῶς
3167 5569 3264 5622 ἐπὶ
3302 5568 3519 5622 πάντων
3552 5570 3668 5622 τῶν

2084 5667 2367 5738 στοιχείων
2427 5663 2486 5716 al
2548 5661 2789 5714 ἐναντίαι
2854 5662 3139 5732 ποιότητες
3205 5661 3327 5724 ταῖς
3383 5661 3668 5724 ἐναντίαις

2090 5763 2450 5818 άντίκεινται.

479 5864 521 5897 ι·
550 5863 584 5916 2
607 5863 681 5920 De
709 5878 832 5926 ortu
864 5879 920 5927 et
940 5869 1159 5930 interitu
1187 5887 1237 5930 c.
1260 5877 1311 5932 ι.
1391 5876 1434 5908 δ’
1469 5839 1678 5934 tum.
1713 5875 1766 5931 δ.
1845 5876 1890 5908 ιι
1915 5876 1970 5931 lb

2088 5893 2128 5934 c.
2156 5878 2210 5940 4.
2370 5872 2412 5904 ⁸³
2448 5867 2580 5928 Ibid.
2614 5885 2661 5924 ς.
2695 5869 2726 5925 3
2764 5880 2816 5925 ct
2849 5869 2904 5925 8.
