3832 6360
177 393 316 460 1121

1471 390 1812 455 ΕΡΙἸὉΜΕ
1851 391 2197 453 PHYSICA.

3279 402 3419 469 1122

243 507 335 564 tO’.
383 505 563 560 Πᾶσαι
587 502 635 559 δ’
667 503 945 568 οὖσιώδεις
974 504 1286 576 ποιότητες,
1319 503 1428 560 κάν
1466 499 1604 560 ὦσιν
1638 504 1753 575 είδη

1930 503 2020 558 19.
2061 504 2230 558 Porro
2261 516 2570 573 quanquam
2603 517 2795 562 omnes
2827 505 3218 564 substantiales
3247 515 3428 582 quali-

169 601 296 654 τινὰ
333 598 497 668 (μετά
527 598 636 670 γὰρ
687 597 782 651 τοῦ
825 595 1044 666 πρώτου
1100 596 1466 668 ὑποκειμένου
1503 597 1748 666 δηλονότι

171 691 273 761 τῆς
319 689 454 761 ὕλης
478 687 808 743 ἀποτελοῦσι
836 689 898 741 τὸ
926 687 1184 758 δεύτερον
1237 689 1602 758 ὑποκείμενον
1630 687 1749 758 ἦτοι

169 783 233 834 τὸ
263 780 468 850 σῶμα)⁶
503 780 645 853 πλὴν
679 778 804 834 καθ’
828 781 1000 843 αὑτὰς
1041 780 1413 852 θεωρούμεναι
1452 779 1619 848 χωρὶς
1651 777 1747 832 τοῦ

173 874 566 945 ὑποκειμένου,
612 874 998 945 συμϐεϐηκότα
1055 874 1185 930 είσί.
1219 875 1312 928 Διὸ
1365 875 1458 930 καὶ
1493 874 1607 944 εῐδη
1649 873 1744 927 καὶ

171 967 432 1020 είδοποιοὶ
462 965 754 1020 καλοῦνται
806 967 1092 1037 ποιότητες
1120 968 1194 1031 ὡς
1240 970 1430 1041 ἑτέρου
1461 968 1616 1031 ὄντος
1650 967 1744 1021 τοῦ

172 1060 347 1122 είδους
371 1057 400 1112 δ
435 1059 652 1112 ποιοῦσι
682 1059 834 1132 παρά
861 1060 922 1114 τὸ
957 1056 1095 1122 εἶδος
1128 1059 1255 1114 καθ’
1286 1059 1314 1113 δ
1354 1059 1516 1113 αὗται
1558 1059 1747 1127 λέγον-

171 1169 268 1204 ται
316 1151 454 1223 εῐδη.
496 1151 570 1206 Τὸ
605 1152 706 1224 μὲν
757 1153 866 1224 γὰρ
920 1152 1059 1223 μετὰ
1097 1152 1197 1222 τῆς
1247 1152 1383 1222 ὕλης
1419 1153 1625 1205 νοεῖται
1654 1150 1750 1204 καὶ

173 1245 334 1299 οὐσία
361 1246 452 1298 καὶ
476 1245 839 1316 ὑποκείμενόν
873 1248 1025 1298 ἐστιν
1045 1261 1060 1279 ⁸
1094 1244 1171 1308 ὡς
1199 1244 1260 1297 τὸ
1290 1244 1405 1315 πῦρ
1435 1243 1570 1298 καθὸ
1613 1242 1748 1313 πῦρ,

173 1337 324 1409 καὶὴ
349 1338 422 1409 γῆ
455 1339 592 1391 καθὸ
621 1339 713 1407 γῆ,
740 1337 836 1391 καὶ
869 1339 938 1391 τά
959 1339 1127 1392 λοιπά
1154 1336 1272 1390 τῶν.
1298 1333 1752 1405 ἀποτελουμένων

175 1427 358 1482 είδῶν.
397 1428 606 1481 Ἐκεῖνο
622 1429 678 1481 δὲ
698 1428 761 1481 τὸ
793 1425 930 1491 εῐδος
952 1429 1090 1482 καθὸ
1112 1430 1167 1482 αῖ
1195 1428 1479 1497 ποιότητες
1503 1427 1752 1495 λέγονται

175 1524 295 1592 ειῖδη
326 1522 494 1594 χωρίς
541 1539 602 1576 τε
664 1523 765 1593 τῆς
807 1523 941 1592 ὕλης
988 1525 1282 1577 ἐπινοεῖται
1321 1523 1462 1594 (πῶς
1519 1522 1630 1593 γὰρ
1683 1521 1753 1576 ἂν

172 1614 351 1678 ἄλλως
376 1615 435 1680 ἐξ
469 1611 602 1683 ὕλης
623 1613 718 1666 καὶ
749 1612 924 1675 εἴδους
961 1612 1206 1682 λεχθεῖεν
1236 1611 1305 1666 τά
1331 1613 1562 1682 σώματα
1585 1612 1626 1678 ;)
1657 1611 1750 1664 καὶ

173 1708 277 1760 οὐκ
321 1706 471 1761 εστιν
516 1706 625 1760 οὐδ’
667 1706 827 1761 οὐσία
859 1705 970 1760 οὐδ’
1006 1705 1390 1776 ὑποκείμενον,
1426 1706 1484 1760 ἐν
1531 1705 1752 1758 ὑποκει-

177 1799 326 1870 μένῳ
344 1799 403 1855 δέ
431 1800 687 1870 μάλιστα.

247 1891 319 1946 κ’.
375 1892 492 1947 Κάν
527 1909 657 1946 ποτε
703 1892 864 1946 οὐσία
911 1891 1155 1962 λεχθείη,
1203 1889 1292 1946 διὰ
1319 1888 1481 1945 τοῦτο
1525 1890 1748 1958 λέγεται

174 1984 356 2048 οὐσία,
387 1985 475 2038 διὰ
506 1985 565 2038 τὸ
602 1987 742 2056 μετά
782 1984 877 2039 τοῦ
921 1983 1292 2050 ὑποκειμόνου
1323 1983 1585 2037 δύνασθαι
1619 1983 1749 2054 μίαν

175 2081 364 2134 οὐσίαν
394 2078 696 2144 ἀποτελεῖν,
753 2079 849 2130 καὶ
885 2076 962 2148 μὴ.
992 2074 1352 2146 ἀπογίνεσθαι
1396 2074 1492 2128 τοῦ
1549 2075 1749 2130 ἀποτε-

175 2171 456 2233 λεσθέντος
511 2170 685 2240 χωρὶς
746 2169 844 2238 τῆς
896 2167 1086 2222 τούτου
1148 2167 1381 2238 φθορᾶς,
1443 2166 1643 2222 ταυτὸν
1701 2166 1748 2220 δ’

177 2266 358 2317 εἰπεῖν
380 2263 702 2325 διαλύσεως.

249 2356 358 2410 κα’.
386 2357 487 2410 Διά
517 2355 693 2410 ταῦτά
731 2373 814 2409 τοι
855 2355 917 2410 τὸ
945 2351 1087 2420 εἶδος
1134 2355 1228 2410 καὶ
1254 2355 1484 2426 δευτέρα
1526 2355 1749 2422 λέγεται

175 2451 271 2504 καὶ
298 2451 474 2521 ἥττων
502 2449 683 2514 οὐσία,
713 2449 910 2518 μᾶλλον
939 2448 994 2502 δὲ
1016 2449 1274 2512 οὐσιῶδες
1311 2449 1404 2504 καὶ
1437 2449 1538 2502 οὐκ
1564 2448 1743 2502 οὐσία.

175 2544 290 2596 Καὶ
321 2537 388 2595 αὖ
419 2542 582 2596 πάλιν
633 2541 946 2612 κυριώτατα
972 2541 1066 2596 καὶ
1119 2539 1353 2611 πρώτως
1385 2541 1478 2594 καὶ
1513 2539 1748 2609 μάλιστα

175 2636 337 2690 οὐσία
364 2635 734 2705 φιλοσοφεῖται
771 2635 921 2704 παρά
966 2633 1074 2687 τῶν
1108 2633 1280 2696 ὅντως
1315 2633 1624 2702 φιλοσόφων
1653 2633 1748 2686 καὶ

176 2728 582 2798 δογματίζεται.
611 2727 684 2780 Τὸ
718 2725 818 2796 μὲν
869 2726 976 2796 γὰρ
1009 2726 1138 2780 ἄνευ
1167 2726 1264 2792 τῆς
1324 2724 1454 2796 ὓλης
1503 2723 1748 2782 ἐπινοούσ-

179 2839 342 2892 μενον
365 2821 440 2886 ὡς
462 2823 518 2875 ἐν
555 2819 903 2889 ὑποκειμένῳ
925 2822 990 2890 τῇ
1019 2816 1120 2889 ὕλῃ
1160 2818 1465 2888 δυνάμενον
1484 2816 1626 2888 ἐχειν
1647 2817 1749 2888 τὴν

179 2914 415 2983 ὓπαρξιν
449 2914 675 2987 εἰκότως
711 2912 868 2965 οὐσία
918 2912 978 2966 o6
1032 2911 1238 2981 κυρίως
1291 2911 1545 2980 λέγεταιο
1599 2911 1660 2964 τὸ
1689 2910 1747 2962 δέ

179 3008 322 3078 μετά
349 3007 450 3077 τῆς
483 3006 614 3076 ὕλης
647 3005 708 3060 ὃν
740 3003 993 3077 ἐνεργείᾳ
1024 3006 1120 3058 καὶ
1155 3006 1276 3074 μετ⁹
1329 3005 1500 3074 αὐτῆς
1526 3021 1747 3076 χρημα-

177 3103 325 3167 τίζον
364 3100 423 3153 ἓν
459 3099 839 3169 ὑποκείμενον,
859 3099 936 3162 ὡς
961 3100 1103 3153 κατὰ
1131 3097 1458 3168 συνεκδοχὴν
1487 3099 1552 3151 ἐκ
1590 3098 1750 3151 θατέ-

1854 603 1996 650 tates
2055 603 2182 650 sunt
2213 594 2404 650 formae
2441 597 2690 664 quaedam
2726 598 2875 667 (cum
2911 601 3090 669 primo
3122 605 3269 658 enim
3298 607 3430 662 sub-

1849 687 2017 758 jecto,
2050 687 2280 742 materia
2329 688 2610 755 nimirum,
2661 693 3047 749 secundarium
3099 697 3426 766 subjectum,

1852 783 1968 836 sive
1997 796 2193 852 corpus
2223 781 2572 848 absolvunt);
2610 797 2708 853 per
2726 799 2786 840 se
2819 796 2997 842 tamen
3027 790 3148 844 sine
3177 791 3428 861 subjecto

1853 874 2231 942 considerate,
2259 875 2560 930 accidentia
2592 886 2738 933 sunt.
2770 877 3118 950 Quapropter
3136 891 3190 936 et
3239 882 3426 937 forma:

1853 975 1912 1021 et
1957 964 2316 1022 informantes
2373 967 2666 1036 qualitates
2702 980 2984 1036 vocantur,
3029 975 3173 1043 quod
3210 953 3425 1030 diversa

1853 1059 1926 1115 sit
1969 1059 2144 1114 forma
2191 1075 2355 1130 quam
2404 1061 2649 1117 eﬂiciunt
2693 1062 2763 1117 ab
2816 1077 2880 1119 ea
2927 1066 3229 1122 secundum
3262 1084 3424 1138 quam

1853 1153 1984 1223 ipsae
2037 1151 2223 1209 formae
2273 1164 2562 1210 vocantur.
2613 1155 2798 1212 Altera
2839 1156 2984 1214 enim
3031 1173 3153 1213 cum
3201 1162 3426 1216 materia

1856 1247 2193 1317 intelligitur,
2209 1255 2263 1302 et
2284 1247 2525 1304 essentia
2543 1260 2707 1319 atque
2726 1250 3030 1320 subjectum
3053 1260 3136 1306 est
3164 1268 3179 1318 ;
3201 1261 3263 1307 ut
3287 1253 3428 1323 ignis

1853 1348 2124 1408 quatenus
2150 1339 2318 1409 ignis,
2348 1349 2403 1395 et
2433 1350 2576 1396 terra
2609 1351 2882 1411 quatenus
2913 1351 3082 1410 terra,
3113 1355 3168 1399 et
3206 1346 3430 1414 reliqua:

1855 1431 2044 1488 forma:
2093 1447 2218 1502 qua:
2265 1433 2638 1489 absolvuntur.
2675 1434 2769 1489 illa
2798 1444 2980 1491 autem
3017 1436 3175 1507 135
3221 1435 3426 1497 forma.

1849 1525 2002 1594 juxta
2049 1540 2212 1596 quam
2263 1528 2554 1597 qualitates
2580 1529 2838 1584 dicuntur
2869 1529 3078 1597 formae,
3121 1547 3248 1586 cum
3303 1534 3425 1588 sine

1855 1616 2082 1672 materia
2105 1618 2375 1684 cogitatur
2409 1621 2669 1688 (quonam
2699 1620 2844 1674 enim
2879 1619 3012 1676 alias
3033 1630 3196 1691 pacto
3221 1637 3287 1678 ex
3312 1638 3431 1677 ma-

1855 1709 1991 1764 teria
2009 1719 2064 1764 et
2079 1709 2253 1764 forma
2271 1709 2379 1765 dici
2399 1724 2628 1780 corpora
2651 1712 2912 1782 possent?)
2925 1723 3036 1767 tum
3055 1703 3430 1769 nec'substan-

1855 1803 1952 1869 tia,
2019 1817 2122 1858 nec
2169 1802 2480 1871 subjectum
2509 1815 2635 1872 est;
2685 1806 2781 1860 sed
2825 1805 2878 1859 in
2897 1805 3143 1875 subjecto
3172 1809 3429 1865 maxime.

1921 1894 2015 1950 20.
2069 1894 2135 1950 Et
2197 1909 2509 1964 quanquam
2564 1897 2858 1966 aliquando
2922 1899 3230 1956 substantia
3282 1903 3428 1957 dicta

1849 1988 2038 2054 fuerit,
2091 1997 2378 2057 prapterea
2433 1997 2612 2048 tamen
2663 1989 2968 2046 substantia
3024 1994 3249 2058 dicitur,
3301 1995 3429 2064 quia

1849 2095 1976 2134 cum
2007 2079 2252 2148 subjecto
2283 2095 2444 2133 unam
2497 2081 2865 2136 substantiam
2915 2083 3195 2140 absolvere
3229 2095 3426 2153 potest,

1851 2188 1953 2228 nec
1995 2174 2066 2228 ab
2093 2187 2159 2228 eo
2191 2172 2334 2242 quod
2387 2173 2706 2228 absolutum
2741 2183 2825 2229 est
2857 2175 2995 2231 citra
3034 2178 3208 2247 ipsius
3237 2179 3430 2235 interi-

1851 2275 1990 2328 tum,
2033 2266 2148 2322 sive
2181 2265 2328 2336 quod
2353 2266 2494 2320 idem
2529 2276 2638 2330 est,
2674 2267 3094 2323 dissolutionem
3127 2269 3303 2326 abest.

1917 2357 2010 2414 2L
2053 2358 2225 2424 Quam
2267 2375 2401 2414 sane
2434 2359 2504 2414 ob
2534 2374 2760 2414 causam
2798 2359 2968 2414 forma
3011 2370 3065 2416 et
3104 2363 3344 2421 secunda
3376 2374 3431 2418 et

1805 2451 2032 2534 _minus
2079 2451 2383 2530 substantia
2438 2449 2663 2514 dicitur,
2706 2449 2837 2520 quin
2891 2451 3002 2505 imo
3059 2455 3240 2522 potius
3294 2456 3429 2509 sub-

1852 2540 2117 2598 stantiale
2167 2527 2394 2608 aliquid,
2435 2547 2490 2594 et
2538 2554 2644 2593 non
2694 2539 3027 2594 substantia.
3078 2541 3430 2612 Rursumque

1849 2639 2016 2694 etiam
2045 2634 2424 2705 propriissime
2467 2643 2521 2689 et
2555 2634 2734 2703 primo
2764 2642 2818 2689 et
2853 2634 3090 2688 maxime
3123 2635 3430 2690 substantia

1851 2745 1882 2784 a
1949 2730 2094 2786 veris
2150 2726 2491 2798 philosophis
2545 2727 2783 2781 traditur
2850 2736 2906 2780 et
2968 2728 3248 2781 statuitur.
3304 2727 3436 2794 Quae

1849 2825 1994 2880 enim
2023 2823 2246 2893 quidem
2286 2822 2406 2878 sine
2443 2821 2671 2876 materia
2719 2821 3050 2889 concipitur,
3089 2831 3346 2889 tanquam
3381 2823 3433 2876 in

1851 2915 2119 2986 subiecto,
2164 2913 2390 2970 materia
2435 2913 2642 2968 scilicet
2675 2913 3046 2969 exsistentiam
3079 2914 3277 2969 habere
3316 2929 3438 2983 pos-

1850 3010 1945 3074 sit,
2002 3007 2200 3064 merito
2252 3006 2555 3060 substantia
2615 3006 2829 3075 proprie
2875 3021 2984 3060 non
3037 3006 3252 3060 dicitur.
3306 3007 3436 3072 Quae

1851 3112 2034 3156 autem
2063 3115 2189 3155 cum
2229 3098 2457 3154 materia
2488 3109 2609 3151 actu
2641 3105 2742 3162 est,
2775 3107 2829 3152 et
2863 3113 2988 3152 cum
3012 3113 3074 3152 ea
3103 3113 3272 3153 unum
3309 3099 3439 3154 sub-

171 3213 280 3267 ρου
312 3195 420 3249 τῶν
457 3193 819 3248 συνελθόντων
845 3193 925 3256 είς
971 3193 1064 3246 τὸν
1109 3193 1202 3245 τοῦ
1245 3192 1506 3246 συνθέτου
1568 3193 1749 3262 ἀπαρ-

1861 3193 2056 3264 iectum
2092 3190 2430 3248 nominatur.
2463 3196 2726 3258 tanquam
2783 3205 2877 3257 per
2913 3190 3296 3260 synecdochen
3355 3191 3424 3246 ab

174 3286 375 3356 τισμὸν
390 3285 937 3356 προσαγορευομένου
956 3283 1051 3338 τοῦ
1075 3284 1410 3353 σύμπαντος,
1432 3285 1495 3338 τὸ
1514 3283 1755 3337 τοιοῦτον

181 3377 322 3442 suo;
355 3379 576 3440 δικαίως
608 3376 676 3431 ἂν
708 3377 867 3431 οὐσία
918 3376 1238 3446 κυριώτατά
1286 3394 1347 3430 τε
1389 3376 1484 3431 καὶ
1522 3376 1756 3446 πρώτως

176 3470 278 3523 καὶ
312 3467 551 3537 μάλιστα
601 3467 838 3536 λέγοιτο.
872 3467 1051 3528 Τοῦτο,
1076 3467 1134 3521 δέ
1161 3469 1280 3522 ἐστι
1315 3467 1376 3521 τὸ
1405 3468 1756 3522 εἰδικώτατον

180 3561 373 3616 πασῶν
399 3561 508 3614 τῶν
562 3561 657 3614 ἐπὶ
715 3559 918 3630 μόρους
971 3561 1172 3615 οὐσιῶν
1219 3561 1620 3632 περιληπτικὸν
1659 3561 1756 3616 καὶ

184 3653 556 3726 συλληπτικὸν
615 3655 710 3710 καὶ
766 3654 926 3724 λόγον
975 3655 1100 3725 ἔχον
1145 3654 1282 3722 πρὸς
1335 3654 1544 3722 αὐτὰς,
1602 3653 1664 3708 δν
1719 3653 1755 3725 ἡ

169 3747 372 3818 όλότης
410 3745 548 3819 πρὸς
592 3745 692 3809 τὰς
725 3745 1107 3816 ὁμοιομερείας
1139 3744 1329 3814 αὐτῆς.
1362 3745 1522 3799 Οὕτω
1569 3743 1633 3814 δὴ
1663 3743 1759 3797 καὶ

185 3843 414 3898 Πλάτων
470 3841 594 3904 τοὺς
644 3839 788 3892 κατά
841 3841 1009 3909 μέρος
1065 3839 1389 3910 ἀνθρώπους
1457 3837 1756 3909 ἀνθρώπου

175 3935 440 4007 κέρματα
467 3934 942 4006 προσηγόρευσεν.

255 4119 364 4190 κβ⁹.
407 4119 614 4174 Ὸὺσῶν
659 4117 1021 4191 δέτεσσάρων
1068 4120 1369 4190 ποιοτήτων
1425 4120 1757 4188 καθολικῶν,

183 4215 412 4279 είκότως
438 4215 536 4268 καὶ
575 4214 648 4267 .τά
681 4214 921 4283 στοιχεῖα
940 4213 1186 4285 τέσσαρα
1205 4215 1420 4284 γέγονε,
1447 4216 1542 4269 καὶ⁵
1573 4215 1760 4280 διττὰς

183 4308 245 4362 ιν
294 4308 526 4363 ἕκαστον
576 4308 759 4362 αὐτῶν
808 4308 1102 4377 ποιότητας
1145 4308 1519 4379 ἐκληρώσατο.
1564 4310 1760 4374 Μόνως

184 4401 297 4470 γὰρ
323 4399 496 4464 οὕτως
514 4403 627 4464 τοῖς
658 4399 945 4468 στοιχείοις
978 4398 1293 4470 ἐναντιότης
1339 4416 1399 4452 τε
1428 4401 1522 4454 καὶ
1555 4401 1753 4469 συγγέ-

1858 3286 2030 3342 altero
2049 3299 2239 3340 eorum
2267 3296 2389 3353 quae
2422 3282 2489 3336 ad
2520 3280 2878 3350 compositum
2905 3282 3162 3338 omnibus
3193 3282 3436 3338 numeris

1857 3379 2254 3435 absolvendum
2331 3386 2676 3432 concurrunt
2741 3377 2999 3430 universo
3080 3385 3435 3444 nuncupato;

1859 3470 2176 3542 huiusmodi
2213 3468 2531 3539 formajure
2582 3469 2791 3539 optimo
2833 3468 3138 3524 substantia
3165 3467 3432 3538 pr0prtis-

1858 3564 1997 3620 sime
2025 3573 2079 3618 et
2101 3564 2334 3633 primum
2369 3571 2425 3616 et
2452 3561 2690 3615 maxime
2729 3561 2888 3630 136
2930 3561 3036 3615 dici
3069 3569 3254 3630 queat.
3309 3558 3433 3614 Haec

1858 3666 2040 3714 autem
2061 3656 2295 3711 maxime
2325 3654 2580 3725 specialis
2607 3663 2692 3708 est
2713 3693 2726 3714 .
2780 3669 2902 3723 quae
2935 3653 3292 3722 particulares
3311 3667 3431 3707 om-

1859 3761 1958 3804 nes
1984 3745 2322 3803 substantias
2359 3743 2826 3814 circumplectitur
2851 3752 2906 3800 et
2925 3745 3354 3814 comprehcndit,
3381 3755 3436 3799 et

1860 3841 2106 3896 eamdem
2139 3840 2206 3895 ad
2230 3840 2398 3910 ipsas,
2427 3853 2593 3911 quam
2633 3836 3146 3911 integrnm‘aliquod
3182 3837 3246 3891 ad
3283 3839 3435 3892 simi-

1859 3931 2004 3986 lares
2023 3943 2152 3986 suas
2187 3939 2372 4000 partes
2414 3928 2682 3983 rationem
2721 3928 2885 3984 habet
2911 3929 2975 3983 ".
3015 3927 3104 3984 Sic
3129 3927 3285 3985 Plato
3323 3930 3439 3986 sin-

1860 4023 2019 4095 gulos
2047 4021 2324 4088 homines,
2357 4021 2598 4078 hominis
2631 4020 2934 4090 fragmenta
2973 4022 3325 4092 nuncupavit.

1933 4117 2028 4173 22.
2064 4117 2240 4173 Porro
2275 4129 2400 4172 cum
2434 4114 2776 4170 universales
2804 4115 3100 4185 qualitates
3142 4115 3254 4170 sint
3303 4130 3436 4184 qua-

1861 4223 2011 4277 tuor,
2042 4226 2152 4266 non
2181 4210 2454 4265 immerito
2483 4189 2648 4264 etiam
2692 4215 2933 4280 quatuor
2979 4209 3248 4264 elementa
3285 4219 3438 4272 sunt,

1861 4313 1918 4360 et
1943 4303 2218 4373 duplicem
2248 4301 2566 4371 qualitatem
2595 4314 2788 4356 eorum
2822 4299 3039 4370 singula
3081 4311 3437 4370 acceperunt.

1865 4396 1958 4454 Sic
1989 4397 2136 4452 enim
2176 4395 2443 4450 duntaxat
2469 4394 2757 4450 elementis
2789 4403 2898 4448 tum
2931 4394 3294 4450 contrarietas
3323 4403 3438 4448 tum

185 4508 304 4546 νεια
352 4493 652 4562 πρόσεστι’
708 4490 776 4545 δι’
824 4490 892 4554 ἃς
939 4490 1155 4559 γένεσις
1199 4492 1294 4544 καὶ
1348 4489 1528 4561 φθορά
1580 4493 1672 4544 καὶ
1724 4491 1753 4559 ἡ

1865 4488 2116 4560 cognatio
2159 4489 2322 4552 inest,
2361 4501 2592 4556 quarum
2633 4501 2796 4540 causa
2831 4486 3119 4556 generatio
3153 4497 3208 4540 et
3238 4501 3438 4540 corru-

183 4558 418 4657 διαμονῆ
451 4586 544 4639 τοῦ
601 4585 828 4648 παντός.
860 4558 960 4639 Διά
994 4586 1092 4656 μὲν
1133 4585 1242 4655 γὰρ
1285 4558 1385 4655 τὴν
1441 4558 1753 4639 ἐναντίωσιν

1865 4558 1984 4652 ptio
2008 4591 2064 4636 et
2085 4581 2258 4634 totius
2283 4577 2526 4633 universi
2563 4578 2908 4634 conservatio
2936 4577 3173 4632 exsistit.
3209 4575 3442 4630 Contra-

184 4677 518 4733 ἐπιτελεῖται
543 4676 757 4745 γένεσις
793 4678 892 4730 καὶ
924 4675 1138 4745 φθορά·
1185 4677 1338 4730 πᾶσα
1394 4677 1502 4747 γὰρ
1548 4677 1761 4744 γένεσις

185 4773 252 4826 ἐκ
285 4756 380 4825 τοῧ
412 4773 658 4826 ἐναντίου
697 4770 802 4824 ὑπὸ
835 4771 930 4825 τοῦ
958 4769 1201 4823 ἐναντίου
1223 4785 1238 4802 ·
1280 4771 1375 4824 καὶ
1402 4771 1554 4824 πᾶσα
1585 4770 1764 4841 φθορὰ

184 4866 264 4931 είς
292 4865 604 4918 τούναντίον
627 4862 732 4916 ὑπὸ
763 4861 856 4916 τοῦ
885 4862 1126 4916 ἐναντίου
1174 4863 1354 4916 πάλιν.
1378 4864 1490 4933 Οὐχ
1534 4863 1638 4917 ὑπὸ
1668 4861 1761 4917 τοῦ

183 4959 442 5028 τυχόντος
475 4957 582 5028 γὰρ
615 4956 814 5025 πάσχει
845 4954 906 5008 τὸ
935 4954 1166 5025 πάσχον,
1199 4952 1314 5006 ἀλλ’
1362 4953 1467 5006 ὑπὸ
1494 4953 1588 5007 τοῦ
1613 4955 1764 5008 ἐναν-

183 5051 302 5106 τίου
327 5066 344 5081 ο
378 5046 488 5104 οἷον
529 5050 590 5103 τὸ
618 5049 830 5120 ψυχρὸν
878 5049 986 5102 ὑπὸ
1020 5038 1370 5119 τοῦθερμοῦ
1419 5049 1618 5120 πάσχει
1663 5051 1762 5117 τὴν

185 5145 484 5215 θέρμανσιν
502 5182 520 5198 .
550 5144 666 5196 Κᾶν
686 5144 713 5195 ὁ
739 5143 931 5213 λύχνος
965 5143 1045 5206 είς
1080 5142 1356 5210 πυρκαϊὰν
1381 5140 1764 5212 προσενεχθεὶς

185 5238 370 5308 πάσχῃ
428 5236 526 5306 τὴν
576 5236 780 5300 σϐέσιν,
811 5233 928 5288 ἀλλ’
979 5235 1078 5305 οὐχ
1124 5233 1216 5304 ὑφ’
1250 5235 1435 5303 όμοίου
1494 5235 1690 5303 πάσχει
1734 5235 1763 5288 ό

183 5330 399 5398 λύχνος,
431 5329 536 5382 ὑπὸ
586 5329 630 5382 δ’
666 5329 930 5382 ἐναντίου.
959 5329 1072 5381 Καὶ
1123 5328 1235 5395 γὰρ
1277 5329 1309 5399 ἡ
1343 5327 1582 5381 ἐλάττων
1631 5327 1761 5396 φλὸξ

185 5422 560 5476 ἐκδαπανᾶται
611 5422 718 5475 ὑπὸ
752 5422 848 5488 τῆς
897 5421 1166 5492 μείζονι-ις’
1223 5420 1567 5474 ἐναντιοῦται
1615 5421 1672 5474 δὲ
1702 5420 1762 5473 τὸ

189 5516 375 5586 μεῖζον
403 5515 480 5584 τῷ
515 5516 719 5585 ἥττονι.
755 5514 856 5567 Διὰ
910 5514 1007 5582 μὲν
1035 5509 1128 5567 οὖν
1159 5514 1258 5582 τὴν
1288 5514 1606 5567 ἐναντίωσιν
1644 5515 1764 5566 ἐπι-

184 5606 424 5660 τελεῖται
453 5607 667 5675 γένεσις
697 5609 789 5660 καὶ
818 5607 997 5677 φοορά
1023 5622 1037 5637 ’
1073 5608 1161 5660 διὰ
1191 5607 1249 5660 δὲ
1279 5607 1375 5677 τὴν
1414 5607 1761 5675 συγγένειαν,

185 5699 438 5769 διαμένει
475 5699 535 5751 τὸ
570 5701 703 5753 πᾶν.
736 5700 1073 5754 Συνάπτεται
1121 5701 1229 5770 γὰρ
1273 5701 1305 5771 ἡ
1350 5699 1423 5770 γῆ
1471 5700 1550 5772 τῷ
1605 5700 1762 5752 ὕδατι

187 5793 329 5848 κατὰ
353 5792 414 5844 τὸ
433 5791 660 5863 ψυχρὸν,
697 5793 789 5844 καὶ
817 5790 876 5844 τὸ
921 5790 1068 5861 ὕδωρ
1094 5792 1171 5862 τῷ
1209 5792 1358 5862 ἀέρι,
1383 5793 1442 5845 τὸ
1471 5791 1639 5862 ὑγρὸν
1670 5792 1797 5871 καὶ,

259 5906 309 5942 ⁸⁸
353 5906 388 5959 2
450 5906 526 5963 De
547 5916 669 5963 ortu
697 5915 750 5962 et
777 5907 1001 5962 interitu
1027 5921 1077 5962 c.
1109 5905 1164 5962 5.

1859 4672 2071 4728 rietatis
2107 4673 2254 4727 enim
2287 4683 2450 4725 causa
2477 4670 2758 4739 generatio
2788 4681 2843 4724 et
2897 4667 3172 4737 corruptio
3205 4667 3442 4722 absolvi—

1861 4774 1984 4832 tur;
2023 4765 2227 4834 quippe
2260 4765 2440 4819 omnis
2496 4763 2776 4831 generatio
2834 4777 2898 4816 ex
2955 4758 3240 4815 contrario
3295 4767 3375 4812 est
3409 4772 3439 4810 a

1859 4855 2157 4922 contrario;
2181 4866 2235 4910 et
2260 4864 2450 4910 contra
2469 4856 2648 4910 omnis
2668 4853 2947 4922 corruptio
2967 4851 3021 4906 in
3045 4849 3380 4906 contrarium
3411 4861 3443 4901 a

1861 4952 2177 5006 contrario.
2245 4948 2363 5003 Non
2418 4949 2563 5002 enim
2621 4960 2672 5002 a'
2706 4947 2902 5016 quovis
2954 4945 3165 5014 patitur
3214 4943 3266 4998 id
3298 4943 3443 5012 quod

1869 5044 2094 5114 patitur,
2133 5042 2226 5097 sed
2256 5057 2288 5095 a
2335 5041 2654 5107 contrario;
2691 5039 2858 5094 veluti
2907 5037 3165 5106 frigidum
3200 5051 3229 5090 a
3263 5036 3447 5090 calido

1871 5134 2286 5190 calefactionem
2329 5133 2586 5190 sustinet.
2620 5135 2697 5187 Ac
2741 5145 3056 5201 quanquam
3122 5129 3340 5183 lucerna
3391 5130 3444 5181 in

1871 5231 2148 5297 ingentem
2177 5242 2364 5296 rogum
2399 5228 2646 5292 conjecta
2677 5223 3097 5279 exsliuctionem
3135 5221 3303 5286 subit,
3339 5235 3445 5273 non

1872 5328 2052 5374 tamen
2085 5332 2125 5382 1a
2157 5319 2320 5375 simili
2371 5318 2576 5387 patitur
2631 5317 2875 5380 lucerna,
2926 5314 3024 5369 sed
3077 5328 3118 5366 a.
3147 5311 3447 5368 contrario.

1871 5413 2081 5482 Quippe
2113 5413 2292 5465 minor
2316 5410 2531 5464 ﬂamma
2557 5424 2586 5464 a
2625 5409 2834 5479 majore
2871 5407 3237 5470 consumitur,
3274 5403 3447 5473 majus

1871 5513 2054 5560 autem
2085 5505 2282 5560 minori
2313 5514 2396 5559 est
2427 5502 2784 5559 contrarium.
2824 5500 3005 5568 Quare
3039 5497 3448 5552 contrarietatis

1870 5615 2037 5656 causa
2067 5599 2350 5670 generatio
2371 5606 2428 5652 et
2467 5597 2752 5667 corruptio
2805 5593 3109 5665 perﬁcitur.
3156 5593 3226 5644 At
3248 5605 3441 5658 cogna-

1873 5697 2037 5751 tionis
2101 5693 2276 5764 gratia
2338 5691 2670 5746 universitas
2745 5694 3045 5757 permanet.
3104 5684 3241 5736 Nam
3310 5690 3449 5735 terra

1873 5805 2024 5859 aqua:
2059 5787 2214 5858 137
2253 5786 2434 5856 quoad
2468 5785 2846 5855 irigiditatem,
2880 5789 2934 5836 ct
2963 5794 3105 5848 aqua
3136 5777 3246 5832 aeri
3273 5776 3451 5844 quoad
