3832 6360
158 388 310 458 “25

1394 388 1732 454 EPITOME
1775 389 2134 457 PHYSICA:

3299 391 3440 455 1Γῦ

148 510 284 566 ἄλλα
314 509 532 582 πολλὰ),
565 510 654 564 διὰ
692 511 852 565 τοῦτο
907 511 1002 565 καὶ
1055 511 1124 564 τὰ
1168 511 1284 582 εἴδη
1322 511 1430 567 τῶν
1464 511 1740 568 συνθέτων

1878 511 2058 582 ιιιίρρο
2113 509 2381 581 pallidum
2427 520 2482 568 et
2531 510 2716 569 rufum
2776 519 2832 568 et
2886 511 3107 570 fuscum
3165 521 3219 568 et
3271 514 3440 573 millia

151 603 379 656 πλείονά
411 605 471 656 τέ
519 603 626 657 εισι
683 605 777 657 καὶ
807 604 1055 674 ἀλλήλων
1101 605 1398 669 διοίσοντα,
1425 604 1523 669 τὰς
1555 605 1744 674 διαφό-

156 712 287 766 ρους
319 696 598 760 οὑσιὼδεις
636 713 697 750 τε
742 698 836 750 καὶ
867 697 1225 760 έπουσιώδεις
1263 698 1568 767 ποιότητας
1601 696 1744 751 κτώ-

155 805 295 858 μενα
319 803 334 818 ⁸
363 789 505 842 κατὰ
535 789 634 860 τὴν
669 791 834 844 ποιὰν
866 791 976 845 τῶν
1011 793 1294 861 στοιχείων
1328 792 1530 860 κρᾶσίν
1559 808 1618 845 τε
1649 791 1745 845 καὶ

151 879 445 934 ἀλλοίωσιν
471 880 566 935 τοῦ
593 883 784 952 πυρὸς,
807 882 903 936 τοῦ
936 883 1122 948 ἀέρος,
1156 880 1252 935 τοῦ
1285 881 1498 949 ὕδατος,
1519 883 1612 938 καὶ
1643 881 1742 954 τῆς

151 990 255 1043 γης
262 1012 277 1026 ο

223 1156 328 1224 κζ’.
357 1160 544 1213 Ταῦτα
583 1162 692 1232 γὰρ
717 1160 864 1231 μόνα
900 1163 1146 1233 στοιχεῖα
1178 1161 1290 1216 τῶν
1325 1162 1596 1230 σωμάτων
1644 1178 1746 1214 κα-

150 1251 266 1304 λεῖν
301 1251 547 1317 ἀξιοῦσιν
585 1255 634 1306 oi
667 1255 908 1308 πλεῖστοι
941 1254 1049 1308 τῶν
1084 1253 1368 1325 φυσικῶν·
1398 1246 1473 1308 ὧν
1509 1254 1628 1308 ἐστι
1654 1252 1747 1305 καὶ

150 1345 180 1396 δ
211 1345 270 1396 ὲν
301 1346 508 1416 ἰατροῖς
539 1346 762 1415 δόκιμος
791 1345 1034 1416 Γαληνός
1061 1361 1075 1376 ο
1126 1345 1228 1415 τὴν
1270 1344 1404 1414 ὓλην
1435 1344 1492 1397 δὲ
1522 1343 1621 1396 καὶ
1647 1341 1748 1413 τὴν

158 1435 444 1506 ποιότητα,
479 1439 598 1508 ἦτοι
626 1438 686 1490 τὸ
715 1433 879 1504 εἶδος,
911 1438 1091 1509 μόνως
1118 1437 1318 1508 ἀρχὰς,
1337 1435 1524 1506 ἀρχῶν
1553 1435 1744 1504 διαιροο

153 1528 257 1597 ρὰν
287 1533 376 1582 καὶ
414 1531 695 1600 στοιχείων
717 1531 999 1601 τιθέμενοι
1023 1546 1039 1564 ο
1074 1532 1134 1584 τὸ
1163 1535 1263 1594 τὰς
1298 1531 1398 1600 μὲν
1424 1531 1604 1600 ἀρχὰς
1643 1530 1745 1582 οὐκ

151 1621 214 1686 ἐξ
243 1621 489 1691 ἀνάγκης
519 1625 809 1691 ὁμογενεῖς
832 1622 971 1677 εἶναι
1001 1627 1116 1688 τοῖς
1145 1624 1470 1695 πράγμασιν
1497 1618 1571 1676 ὦν
1605 1625 1747 1677 εἰσιν

151 1713 346 1782 ἁρχαὶ,
375 1712 445 1765 τὰ
479 1712 534 1765 δὲ
565 1715 806 1783 στοιχεῖα
840 1713 1061 1776 πάντως
1095 1711 1355 1784 ὁμογενῆ.
1386 1716 1481 1768 Διὸ
1516 1716 1614 1786 τὴν
1645 1717 1746 1783 μὲν

151 1805 333 1874 ἁπλῆν
364 1806 648 1874 ποιότητα,
703 1802 818 1860 οἷον
862 1805 965 1878 τὴν
1011 1807 1326 1878 θερμότητα
1371 1808 1404 1878 ἢ
1454 1809 1553 1880 τὴν
1582 1809 1746 1878 ξηρό-

151 1912 310 1966 τητα,
346 1896 378 1966 ἢ
412 1895 510 1968 την
539 1897 878 1969 ψυχρότητα,
914 1898 948 1969 ἢ
996 1899 1095 1971 τὴν
1126 1900 1430 1971 ὑγρότητα,
1479 1901 1746 1971 στοιχεῖόν

151 2006 286 2060 φασι
317 1991 414 2059 τῆς
445 1989 706 2044 συνθέτου
737 1992 1021 2061 ποιότητος
1048 1991 1147 2062 τῆς
1175 1992 1508 2064 θερμότητος
1536 1992 1654 2064 ἅμα
1678 1993 1744 2063 δὴ

153 2085 250 2135 καὶ
287 2081 605 2154 ξηρότητος,
643 2085 741 2137 καὶ
795 2086 962 2140 πάλιν
1013 2087 1114 2157 τῆς
1159 2086 1500 2159 ψυχρότητος
1537 2087 1654 2158 ἅμα
1683 2088 1748 2158 δὴ

153 2175 252 2229 καὶ
287 2176 623 2248 ὑγρότητοςο
667 2175 728 2229 τὸ
769 2175 814 2229 δ’
849 2175 1058 2231 ἁπλοῦν
1095 2178 1256 2248 σῶμα
1293 2177 1551 2246 σώματος
1602 2195 1748 2232 στοι-

154 2269 302 2337 χεῖον
355 2269 448 2320 τοῦ
483 2266 560 2338 μὴ
591 2266 790 2337 ἁπλοῦ,
822 2263 932 2322 οἷον
975 2269 1036 2324 τὸ
1087 2269 1200 2342 πῦρ
1241 2270 1272 2340 ἢ
1309 2270 1398 2325 τὸν
1447 2272 1586 2340 ἀέρα
1631 2271 1749 2342 ῆτὸ

155 2359 301 2430 ὕδωρ
359 2361 393 2431 ἢ
450 2363 550 2430 τὴν
615 2361 762 2430 γῆν,
822 2365 1088 2434 στοιχεῖον
1144 2364 1400 2434 σώματος
1456 2364 1556 2418 τοῦ
1621 2381 1750 2419 συν-

156 2452 336 2508 θέτου.
376 2453 544 2524 Σῶμα
573 2454 685 2526 γὰρ
715 2455 924 2510 ἁπλοῦν
961 2455 1062 2528 ὕλη
1103 2458 1244 2528 μετὰ
1271 2459 1591 2527 ποιότητοςο
1623 2457 1750 2528 θερ-

160 2545 393 2616 μότητος
446 2546 609 2620 τυχὸν
644 2548 677 2622 ἢ
712 2548 1053 2622 ψυχρότητος
1113 2550 1466 2624 ἢξηρότητος
1513 2551 1547 2622 ἢ
1590 2551 1752 2622 ὑγρό-

157 2655 347 2711 τητος.

232 2922 342 2986 κη’.
409 2915 490 2971 Τὰ
561 2916 663 2987 μὲν
733 2913 827 2968 οὖν
891 2915 1160 2986 εἰρημένα
1211 2916 1454 2986 τέσσαρα
1509 2920 1752 2989 στοιχεῖα

163 3010 384 3080 καθαρὰ
429 3009 526 3062 καὶ
557 3008 834 3079 εἰλικρινῆ
893 3009 1021 3072 νοῦς
1074 3012 1234 3078 μόνος
1291 3004 1400 3062 οῐδε
1453 3009 1752 3078 διακρίνων

163 3102 317 3172 όρᾷν.
351 3101 484 3154 Οὐδὶ
514 3101 622 3172 γάρ
655 3103 806 3153 ἐστιν
850 3101 1003 3153 οὐδὲν
1037 3101 1218 3154 αὐτῶν
1257 3101 1460 3170 ἀμιγὲς
1507 3103 1615 3155 τῶν
1646 3103 1752 3155 λοι-

1847 604 1980 672 alia)
2014 641 2030 665 ,
2083 613 2371 671 propterea
2432 603 2596 658 etiam
2635 603 3069 674 compositorum
3123 603 3334 674 species
3387 612 3444 660 et

1844 695 2033 766 plures
2062 702 2190 752 sunt
2219 704 2383 764 atque
2409 694 2728 750 diﬂerentes
2754 711 2786 750 a
2815 712 2874 752 se
2905 696 3162 762 invicem,
3200 696 3442 753 diversis

1845 801 1971 840 cum
2027 785 2492 842 substantialibus
2524 795 2641 848 tum
2670 789 3042 844 substantiam
3093 803 3443 858 consequen-

1862 881 2010 934 tibus
2066 879 2310 949 praedita:
2362 879 2766 949 qualitatibus;
2825 897 2923 950 pro
2999 881 3438 944 elementorum,

1858 971 2024 1042 ignis,
2055 973 2222 1038 aeris,
2253 988 2410 1042 aquae
2463 982 2516 1028 et
2573 984 2732 1028 terra:
2766 973 3043 1032 mistionis
3074 974 3444 1030 alterationis-

1849 1080 1957 1134 que
1990 1068 2231 1120 ratione.

1919 1159 2012 1213 97.
2056 1158 2182 1214 Sola
2231 1159 2376 1214 enim
2421 1159 2535 1214 hac
2585 1158 2806 1228 plurimi
2840 1173 2906 1214 ex
2941 1158 3184 1230 physicis
3239 1173 3440 1228 corpo-

1849 1263 1970 1305 rum
1990 1252 2260 1306 elementa
2285 1267 2482 1306 vocare
2512 1252 2839 1320 dignantur;
2872 1265 3109 1320 quorum
3141 1265 3172 1306 e
3201 1265 3436 1304 numero
3529 1297 3533 1302 .

1850 1362 2062 1416 magna:
2112 1346 2256 1400 inter
2309 1347 2554 1402 medicos
2608 1351 2962 1401 auctoritatis
3019 1344 3262 1400 Galenus
3319 1353 3440 1410 est;

1849 1442 2140 1495 materiam
2178 1449 2362 1493 autem
2393 1450 2448 1493 et
2474 1441 2800 1509 qualitatem
2839 1438 2954 1494 sive
2999 1437 3257 1498 formam.
3293 1435 3444 1503 prin-

1848 1530 1992 1600 cipia
2027 1529 2315 1593 duntaxat,
2371 1529 2737 1584 differentiam
2794 1529 2937 1582 inter
2975 1527 3245 1598 principia
3283 1525 3444 1597 140

1849 1633 1903 1677 et
1934 1622 2205 1676 elementa
2239 1622 2668 1685 constituentes,
2705 1622 2852 1692 quod
2885 1621 3156 1689 principia
3187 1621 3440 1690 ejusdem

1849 1727 1974 1767 cum
2014 1712 2098 1768 his
2130 1714 2296 1769 rebus
2325 1728 2559 1783 quarum
2591 1721 2720 1768 sunt
2753 1711 3024 1782 principia
3059 1711 3278 1778 generis
3325 1724 3446 1764 esse

1850 1807 2078 1860 minime
2123 1819 2346 1862 necesse
2394 1807 2500 1874 sit;
2538 1821 2661 1861 cum
2697 1807 2972 1860 elementa
3035 1803 3283 1870 ejusdem
3330 1817 3448 1858 om:

1781 1886 1821 1940 Β
1855 1900 1984 1952 uino
2021 1901 2133 1953 sint
2163 1899 2404 1969 generis.
2455 1898 2574 1965 Qua
2616 1899 2684 1952 tle
2735 1913 2900 1952 causa
2945 1897 3263 1966 qualitatem
3314 1896 3446 1948 sitn-

1852 1995 2074 2065 plicem,
2129 1995 2280 2049 verbi
2320 1993 2517 2064 gratia.
2573 1993 2936 2060 caliditatem,
2973 2000 3068 2045 aut
3119 1991 3446 2054 siccitatem,

1853 2099 1945 2142 aut
1975 2087 2358 2158 (rigiditatem.
2393 2095 2488 2142 aut
2536 2086 2918 2141 humiditatem
2954 2085 3276 2154 compositae
3305 2099 3447 2153 qua-

1852 2183 2020 2237 litatis
2056 2181 2391 2236 elementum
2425 2195 2546 2235 esse
2594 2181 2772 2244 aiunt,
2832 2179 3130 2235 caliditalis
3181 2178 3444 2233 nimirum

1852 2285 1907 2332 et
1947 2274 2218 2332 siccitatis
2272 2276 2460 2342 simul,
2499 2289 2804 2342 rursusque
2837 2271 3154 2340 l‘rigiditatis
3194 2271 3359 2327 simul
3391 2279 3447 2325 et

1856 2370 2245 2434 butniditatis;
2279 2368 2508 2436 simplex
2561 2367 2687 2422 item
2741 2381 2969 2432 corpus,
3015 2365 3266 2434 corporis
3323 2378 3436 2416 nun

1867 2461 2140 2532 simplicis
2198 2462 2530 2516 elementum
2561 2477 2575 2517 :
2608 2460 2841 2528 exempli
2877 2459 3070 2529 gratia,
3098 2458 3276 2528 ignem
3301 2497 3316 2521 ,
3353 2463 3450 2510 aut

1855 2570 2070 2615 acrem,
2103 2564 2196 2608 aut
2226 2566 2449 2622 aquam,
2490 2560 2585 2604 aut
2618 2561 2841 2613 terram,
2879 2549 3166 2620 compositi
3193 2549 3445 2619 corporis

1857 2651 2220 2705 elementum.
2289 2647 2535 2710 Simplex
2587 2645 2736 2700 enim
2791 2658 2989 2713 corpus
3047 2650 3154 2706 est,
3214 2642 3448 2698 materia

1855 2759 1982 2798 cum
2036 2743 2306 2812 qualitate
2358 2740 2676 2810 conjuncta,
2712 2753 2838 2793 cum
2893 2737 3180 2792 caliditate
3233 2734 3450 2792 scilicet

1855 2846 1950 2891 aut
1983 2836 2314 2906 frigiditate,
2350 2844 2442 2889 aut
2472 2835 2746 2898 siccitate,
2778 2843 2870 2886 aut
2901 2832 3246 2886 humiditate.

1924 2931 2020 2986 28.
2057 2930 2293 2984 Proinde
2343 2927 2489 2982 dicta
2549 2927 2664 2981 [nec
2709 2937 2949 2994 quatuor
3008 2925 3278 2978 elementa
3331 2922 3449 2977 sola

1857 3045 2015 3084 mens
2073 3029 2396 3083 discernens
2451 3024 2654 3079 intueri
2707 3031 2887 3092 potest
2937 3021 3006 3077 ".
3065 3022 3253 3090 Neque
3301 3022 3448 3075 enim

1857 3120 2031 3175 ullum
2061 3135 2250 3174 eorum
2305 3136 2333 3170 a
2383 3128 2706 3172 caeterurum
2761 3113 3144 3170 Commistioue
3204 3114 3454 3168 immune

165 3191 320 3246 πῶνο
377 3191 513 3245 διότι
575 3191 756 3244 πάντα
810 3190 1122 3245 νενόθευται
1189 3195 1302 3256 τοῖς
1350 3194 1748 3264 ἑτερογενέσιν,

1878 3222 1942 3270 :st
1970 3229 1986 3281 ;
2020 3223 2309 3282 propterea
2342 3212 2487 3282 quod
2515 3210 2700 3266 omnia
2734 3211 2801 3263 ab
2825 3209 2907 3263 eis
2939 3224 3060 3276 qua:
3092 3207 3238 3262 aliud
3278 3223 3452 3278 genus

165 3284 344 3337 εἵτουν
379 3283 705 3355 ὲτεροειδέσι
754 3284 852 3336 καὶ
889 3283 1286 3354 ἀναμέμικται.
1335 3286 1424 3338 καὶ
1462 3284 1667 3356 μᾶλλον
1717 3286 1749 3354 ἢ

166 3372 329 3450 ἦττον
355 3377 602 3447 ἀλλήλων
653 3377 1017 3447 μετείληφεν
1071 3375 1210 3428 ὥστε
1244 3379 1386 3429 κατὰ
1433 3379 1493 3430 τὸ
1522 3379 1752 3450 ἐπικρα-

167 3472 294 3524 τοῦν
333 3470 393 3524 τὸ
429 3473 529 3541 μὲν
583 3469 694 3541 πῦρ
742 3471 1130 3544 ὀνομάζεσθαι,
1155 3472 1215 3525 τὸ
1249 3471 1292 3524 δ’
1319 3470 1463 3543 ὕδωρ
1489 3490 1503 3506 ·
1553 3479 1648 3528 καὶ
1690 3474 1753 3528 τὸ

173 3565 272 3636 μὲν
309 3567 468 3635 ἀέρα,
498 3565 559 3617 τὸ
590 3565 646 3618 δὲ
671 3565 802 3634 γῆν.

241 3750 346 3809 κθ’.
378 3751 546 3808 Τοῦτο
571 3752 618 3808 δ’
647 3754 984 3827 ὑπαγορεύει
1006 3757 1102 3809 καὶ
1131 3755 1268 3828 αὕτη
1304 3759 1334 3828 ἡ
1366 3757 1644 3832 αἴσθησις.
1689 3758 1755 3815 Ἦ

173 3850 282 3919 γὰρ
317 3847 390 3916 γῆ
417 3849 703 3918 συνέχεται
764 3848 864 3916 μὲν
904 3851 1000 3903 καὶ
1047 3850 1106 3902 οὐ
1164 3851 1638 3920 κατατέθραυσται
1683 3855 1752 3926 τῇ

177 3943 472 4014 συμπλοκῇ
497 3939 588 3994 τοῦ
623 3942 818 4006 ὓδατος
847 3943 1013 3996 οἱονεί
1038 3960 1145 3996 τινι
1176 3945 1342 4017 κόλλῃ
1371 3946 1752 4018 συνδεδεμένη.

175 4036 498 4106 Κέχρωσται
531 4035 588 4088 δὲ
651 4039 744 4088 καὶ
812 4035 1242 4107 ἀνεζωπύρηται
1303 4038 1379 4109 τῷ
1407 4039 1581 4110 πυρίσ
1613 4039 1757 4110 πλὴ·

177 4147 274 4200 ρης
335 4131 392 4183 δέ
445 4133 594 4182 ἐστιν
641 4129 732 4183 ἀεὶ
778 4128 857 4199 τῷ
888 4128 1031 4198 κενῷ
1064 4130 1252 4200 χώραν
1289 4131 1364 4204 μὴ
1386 4132 1622 4198 διδοῦσα,
1650 4133 1756 4188 κᾶν

173 4223 426 4294 ἀπορρέῃ
477 4223 565 4275 διὰ
623 4223 721 4292 τὴν
774 4222 869 4275 τοῦ
918 4224 1082 4294 ἀέρος
1125 4224 1502 4294 παρείσδυσιν.
1535 4225 1628 4278 Διὸ
1663 4227 1758 4279 καὶ

173 4315 406 4386 ἔστηκεν
427 4316 607 4386 ὄρθιος
634 4319 728 4368 καὶ
751 4315 1003 4385 ἀνέχεται
1035 4317 1110 4387 μὴ
1141 4320 1485 4373 πεπτωκυῖα.
1509 4319 1669 4372 Οὕτω
1695 4318 1756 4373 δὲ

175 4411 313 4463 κάπὶ
340 4411 448 4463 τῶν
488 4409 665 4462 ἄλλων
698 4409 981 4478 στοιχείων
1014 4407 1162 4461 ἔστιν
1195 4411 1395 4479 εὑρεῖν.

250 4501 316 4559 λ’.
356 4504 517 4557 Ἀλλὰ
551 4506 646 4557 καὶ
695 4503 790 4555 ἀπ’
823 4503 995 4572 αὐτῆς
1056 4505 1152 4573 τῆς
1215 4503 1596 4573 στοιχειώδους
1651 4507 1755 4576 φό.

1853 3321 1948 3360 seu
1978 3306 2142 3358 aliam
2195 3306 2432 3371 Speciem
2501 3303 2724 3368 habent,
2765 3302 3075 3356 adulterata
3125 3310 3178 3356 et
3211 3317 3333 3354 cum
3367 3302 3451 3355 eis

1853 3399 2114 3470 permista
2165 3407 2317 3461 sunt,
2355 3406 2408 3453 et
2442 3413 2500 3452 se
2541 3398 2676 3466 ipsis
2709 3396 2942 3450 invicem
3008 3396 3184 3465 magis
3231 3398 3452 3451 autmi-

1855 3508 1959 3548 nus
2017 3493 2449 3553 communicant,
2511 3501 2568 3544 ut
2613 3490 2734 3556 ejus
2778 3490 2954 3558 gratia
3009 3490 3161 3559 quod
3241 3490 3453 3558 praedo-

1854 3584 2105 3639 minatur
2135 3585 2281 3638 aliud
2335 3583 2502 3655 ignis,
2545 3581 2691 3635 aliud
2735 3596 2901 3650 aqua,
2967 3581 3119 3636 aliud
3155 3596 3267 3650 aer,
3302 3581 3452 3636 aliud

1855 3686 1999 3734 terra
2036 3688 2410 3748 nuncupetur.

1922 3770 2013 3826 29.
2051 3771 2104 3823 Id
2127 3772 2267 3839 quod
2305 3768 2459 3841 ια]
2494 3769 2656 3824 etiam
2692 3769 2807 3839 ipse
2869 3784 3063 3825 sensus
3111 3768 3447 3826 subindicat.

1869 3862 2044 3920 Terra
2073 3866 2216 3918 enim
2248 3879 2344 3934 per
2369 3880 2523 3934 aqua:
2542 3864 2882 3934 complexum
2900 3865 3291 3934 t't'ltttifglutine
3315 3881 3452 3934 quo-

1856 3957 1981 4012 dam
2019 3957 2270 4012 devincta
2303 3958 2627 4012 continetur
2658 3967 2712 4012 et
2751 3973 2857 4012 non
2893 3957 3170 4013 confracta
3193 3968 3312 4025 est;
3361 3968 3454 4025 per

1856 4054 2033 4125 ignem
2063 4053 2242 4106 colore
2262 4051 2457 4106 infecta
2478 4061 2529 4107 et
2554 4052 2814 4106 suscitata
2839 4060 2942 4118 est;
2975 4052 3130 4121 plena
3158 4053 3280 4105 item
3309 4067 3455 4106 sem-

1856 4159 1950 4214 per
1978 4153 2062 4198 est
2086 4143 2261 4199 locum
2285 4157 2460 4197 vacuo
2487 4158 2592 4197 non
2621 4142 2952 4208 concedens,
2971 4144 3186 4200 tametsi
3222 4156 3450 4214 prapter

1858 4237 2000 4291 aeris
2033 4235 2536 4306 subingressionem
2565 4236 2794 4291 dimuat.
2824 4235 2936 4304 Qua
2956 4236 3024 4291 de
3079 4252 3242 4292 causa
3285 4240 3448 4291 etiam

1857 4340 2040 4386 erecta
2085 4330 2277 4397 stat",
2318 4336 2375 4384 et
2425 4330 2598 4383 ruinze
2639 4345 2838 4398 expers
2886 4338 3244 4385 sustentatur.
3296 4328 3450 4395 Quod

1859 4419 2002 4476 idem
2035 4419 2202 4474 etiam
2238 4419 2291 4472 in
2325 4419 2540 4474 caeteris
2576 4418 2862 4473 elementis
2901 4417 3120 4486 perinde
3159 4418 3450 4486 reperitur.

1929 4511 2021 4567 '50.
2059 4510 2162 4566 Sed
2210 4519 2263 4566 et
2297 4512 2364 4564 ab
2414 4511 2532 4580 ipsa
2583 4509 2910 4566 elementari
2947 4517 3143 4563 natura
3187 4509 3240 4562 id
3303 4511 3453 4578 quod

180 4615 321 4660 σεως
365 4597 480 4650 ἔστι
528 4597 588 4648 τὺ
633 4596 926 4665 λεγόμενον
974 4597 1323 4665 κατανοῆσαι.
1368 4597 1448 4651 Τὰ
1480 4599 1588 4671 γὰρ
1613 4617 1755 4654 στοις

1878 4607 2068 4663 iicitur
2097 4605 2501 4660 animadvertas
2537 4603 2684 4659 licet.
2726 4603 3004 4658 Elementa
3039 4603 3184 4657 enim
3241 4613 3299 4655 ut
3333 4604 3450 4656 ele-

178 4693 324 4763 χεϊα,
353 4690 490 4742 καθὸ
522 4693 784 4760 στοιχεῖα,
828 4687 951 4742 καθ’
985 4690 1125 4743 αὑτὰ
1158 4690 1256 4758 μὲν
1290 4689 1526 4760 οὐδαμοῦ
1573 4694 1759 4746 ἐστιν·

180 4785 372 4850 ὥσπερ
420 4782 543 4836 οὐδὲ
581 4781 650 4836 τὰ
706 4783 802 4835 τοῦ
853 4783 1012 4849 λόγου
1048 4786 1290 4852 στοιχεῖα
1336 4784 1408 4838 τὰ
1438 4786 1612 4838 εἴκοσι
1643 4787 1764 4839 τέσ-

181 4892 325 4944 σαρα
351 4891 365 4904 ο
401 4875 469 4928 δι’
508 4875 757 4942 ἀλλήλων
798 4873 844 4926 δ’
875 4874 963 4927 ἀεὶ
1009 4876 1370 4944 κεχωρηκότα
1410 4876 1472 4929 τὸ
1507 4876 1762 4932 σύνθετον

182 4965 519 5032 ἀποδιδόασι.
547 4967 653 5020 Καὶ
687 4967 796 5036 γὰρ
841 4966 1030 5036 ὥσπερ
1058 4968 1128 5019 τὰ
1169 4968 1315 5038 μέρη
1351 4970 1445 5022 τοῦ
1473 4970 1597 5023 ὅλου
1630 4987 1763 5040 τυγο

182 5058 335 5127 χάνει
384 5059 552 5128 μέρη,
591 5061 684 5113 καὶ
741 5060 864 5111 καθ’
903 5058 1043 5114 αὐτὰ
1077 5057 1218 5112 εἶναι
1257 5063 1318 5114 οὐ
1349 5062 1574 5116 δύναται
1620 5064 1760 5136 μέρη

182 5152 314 5204 ὅντα
334 5167 352 5182 ο
381 5150 527 5204 οὓτω
557 5152 652 5204 καὶ
683 5151 752 5202 τὰ
783 5154 1026 5221 στοιχεῖα
1053 5152 1146 5206 τοῦ
1182 5154 1441 5208 συνθέτου
1472 5158 1586 5208 ἔστί
1619 5173 1761 5210 στοι-

185 5246 328 5315 χεῖα,
355 5247 448 5298 καὶ
495 5243 563 5297 δι’
589 5245 836 5314 ἀλλήλων
891 5246 980 5298 ἀεὶ
1024 5247 1333 5318 κεχώρηκε,
1379 5251 1476 5303 καὶ
1505 5250 1762 5304 οὐδέποτε

184 5335 306 5386 καθ’
334 5333 476 5386 αὐτὰ
509 5334 818 5403 ὑφέστηκεν
846 5351 862 5366 ’
901 5335 1155 5406 ἀλλήλοις
1184 5337 1243 5391 δὲ
1284 5339 1502 5410 πρῶτον
1531 5358 1765 5396 συνανα-

185 5429 462 5498 κραθέντα
490 5429 587 5481 καὶ
616 5427 739 5480 κατ’
773 5429 1134 5499 ἐπικράτειαν
1162 5431 1283 5496 ἐνὸς
1313 5433 1724 5506 εἰδοποιηθέντα
1746 5450 1762 5468 ·

185 5523 361 5587 οὕτως
395 5522 470 5585 ὡς
499 5523 558 5587 ἐξ
592 5523 776 5576 ἁπλῶν
798 5525 906 5578 τῶν
936 5525 1056 5576 κατ’
1080 5528 1444 5598 ἐπικράτειαν
1475 5530 1617 5584 κατὰ
1644 5529 1761 5584 δευ-

183 5613 353 5680 τέραν
386 5612 640 5665 σύνθεσιν
688 5613 762 5666 τά
799 5631 857 5668 τε
902 5613 1020 5678 ζῶα
1061 5617 1360 5672 συνιστῶσι
1392 5621 1487 5674 καὶ
1523 5621 1593 5675 τὰ
1621 5622 1763 5692 φυτά

187 5708 281 5758 καὶ
306 5704 376 5758 τὰ
410 5706 554 5776 μέρη
585 5706 788 5762 αὐτῶν.

1862 4711 2045 4756 menta
2079 4717 2174 4772 per
2202 4715 2261 4755 se
2297 4713 2569 4768 nusquam
2605 4707 2771 4762 sunt;
2836 4695 3304 4766 quemadmodum
3350 4709 3452 4749 nec

1861 4794 2125 4849 orationis
2157 4793 2424 4848 elementa
2473 4791 2661 4861 viginti
2708 4799 2977 4860 quatuor;
3043 4787 3134 4841 sed
3195 4789 3335 4841 inter
3391 4805 3454 4840 se

1862 4897 2054 4941 mutuo
2080 4885 2441 4942 commeantia
2493 4885 2857 4954 compositum
2922 4897 3126 4950 corpus
3180 4881 3450 4936 etl'iciunt.

1863 4979 2340 5046 Quemadmodum
2399 4977 2544 5032 enim
2599 4987 2783 5047 partes
2843 4975 3012 5030 totius
3066 4983 3193 5029 sunt
3246 4983 3450 5043 partes,

1867 5088 1966 5127 nec
1997 5071 2288 5141 separatim
2330 5079 2382 5126 et
2409 5085 2502 5140 per
2538 5087 2597 5124 se
2629 5085 2751 5125 esse
2783 5077 3039 5138 possunt,
3075 5081 3199 5120 cum
3263 5079 3450 5136 partes

1867 5163 1998 5229 sint,
2061 5165 2141 5219 sic
2171 5164 2337 5219 etiam
2375 5165 2643 5219 elementa
2685 5162 2972 5232 compositi
3008 5160 3452 5226 suntelementa,

1867 5265 1921 5312 et
1954 5272 2054 5327 per
2083 5273 2142 5313 se
2170 5257 2402 5312 invicem
2433 5268 2763 5320 commeant,
2796 5271 2896 5310 nec
2929 5271 3170 5326 unquam
3222 5271 3451 5326 separa-

1865 5349 1962 5403 tim
1999 5349 2310 5404 subsistunt
2344 5367 2358 5417 ;
2396 5365 2582 5405 rerum
2616 5350 2759 5403 inter
2803 5365 2862 5405 se
2919 5350 3152 5403 invicem
3209 5352 3448 5416 primum

1867 5441 2161 5496 commista
2217 5451 2271 5496 et
2313 5460 2409 5514 per
2441 5444 2608 5498 unius
2660 5442 3078 5513 praepotentiam
3129 5439 3450 5505 informata,

1871 5535 1947 5588 ita
2014 5531 2235 5588 demum
2294 5551 2361 5590 ex
2415 5536 2498 5590 bis
2541 5551 2660 5606 qua:
2713 5536 3012 5606 praevalent
3083 5541 3144 5588 ut
3199 5550 3264 5587 ex
3320 5534 3454 5586 sim-

1871 5625 2129 5696 plicibus,
2194 5627 2525 5683 secundaria
2572 5627 2973 5698 compositione
3018 5642 3140 5680 cum
3193 5625 3449 5680 animalia

1873 5727 1988 5774 tum
2027 5721 2244 5790 plantas
2263 5722 2698 5793 earumdemque
2725 5733 2906 5791 partes
2938 5719 3201 5776 cilicium.

258 5819 304 5904 ff
340 5820 377 5873 2
402 5821 478 5876 De
505 5831 648 5904 ortu”
687 5823 983 5904 et‘interitu
1011 5838 1055 5877 e.
1119 5825 1173 5878 ‘5.
1199 5823 1410 5904 Fernel.
1440 5830 1533 5886 lib.
1566 5833 1601 5887 2
1636 5833 1710 5888 De
1728 5833 2038 5893 elementis.
2060 5835 2201 5893 .Jov.
2224 5835 2505 5894 Pontanus
2537 5839 2631 5893 lib.
2678 5837 2735 5904 4,
2783 5839 2856 5894 De
2891 5835 3054 5892 rebus
3113 5833 3450 5889 coelestibus.

189 5889 340 5946 tsl's.
397 5907 589 5966 cm}.
619 5892 685 5960 5;
723 5893 1068 5973 Ecclesiaste:
1095 5908 1134 5959 ι,
1168 5910 1219 5950 γ.
1249 5895 1304 5961 4,

296 6055 306 6080 ί
