3832 6360
405 358 543 423 H31

1567 359 1983 422 NlCEPHOiil
2029 360 2445 424 BLEMMlDdi

3515 374 3649 442 1U!

403 485 638 542 nuntur,
673 485 835 546 atque
876 483 1168 544 utrumque
1204 473 1394 543 quaerit
1444 474 1494 528 id
1537 476 1681 543 quod
1738 476 1843 529 sibi
1881 490 1966 527 co-

2085 494 2172 531 σαι
2200 479 2253 532 δέ
2287 482 2656 552 διακρίνονται
2695 488 2785 540 καὶ
2813 486 2872 539 τὸ
2904 487 3166 556 συγγενές
3197 491 3437 560 ἐκατέρα
3466 494 3645 560 ζητεῖ·

409 581 632 640 gnatum
667 578 751 624 est
781 587 798 632 ;
861 569 1108 638 adeoque
1172 580 1340 635 vapor
1374 565 1593 635 quidem
1628 567 1856 620 inferius
1894 583 1975 618 rv-

410 664 712 732 linqultur,
797 662 1072 716 exhalatio
1161 669 1344 715 autem
1413 676 1534 713 cum
1619 662 1975 715 succensione

409 755 794 826 conjungitur.-
841 754 1026 824 Neque
1079 754 1224 808 enim
1289 755 1580 808 succensio
1622 755 1798 822 quoad
1853 757 1976 808 sub-

407 849 668 902 stantiam
737 846 880 900 aliud
932 845 1228 916 quidquam
1269 855 1372 910 est,
1401 861 1562 916 quam
1614 847 1891 900 exhalatio
1943 862 1972 900 a

407 953 605 1009 vapore
633 946 906 1010 separata,
934 953 1034 992 nec
1062 937 1320 1003 permista
1348 952 1472 991 cum
1505 951 1590 990 eo.

476 1031 531 1086 5.
583 1028 814 1095 Quando
869 1028 1032 1098 igitur
1055 1027 1105 1060 "
1172 1029 1455 1082 succensio
1520 1026 1772 1082 circulari
1824 1038 1972 1081 motu

406 1131 674 1186 movetur,
707 1137 812 1188 qua
845 1129 997 1188 parte
1019 1118 1088 1174 ad
1117 1117 1599 1188 inﬂammationem
1628 1119 1969 1174 subeundam

405 1223 528 1284 apta
569 1223 624 1269 et
674 1206 1066 1278 concreta'est,
1121 1209 1223 1264 hac
1268 1209 1656 1264 inﬂammatur.
1719 1207 1871 1274 Quod
1927 1207 1973 1262 si

404 1307 572 1377 igitur
641 1303 1036 1374 longitudinem
1113 1303 1277 1357 habet
1353 1312 1406 1356 et
1496 1301 1836 1356 latitudinem
1919 1299 1973 1353 id

401 1395 546 1466 quod
608 1396 951 1461 accenditur,
1009 1394 1229 1448 ﬂamma
1286 1393 1484 1449 ardens
1541 1402 1806 1463 apparet.
1870 1393 1973 1448 sti-

403 1490 546 1560 pulis
605 1489 715 1542 illis
771 1503 892 1558 quas
947 1487 998 1541 in
1035 1487 1183 1542 arvis
1241 1485 1630 1551 incenduntur,
1682 1503 1792 1544 non
1826 1486 1975 1542 absi-

471 1673 526 1728 6.
557 1671 712 1738 Quod
763 1671 808 1726 si
833 1671 1230 1738 longitudinem
1263 1670 1451 1736 habet,
1507 1670 1598 1727 sed
1645 1684 1754 1724 non
1806 1671 1970 1725 etiam

2080 574 2382 626 κάντεῦθεν
2414 578 2443 644 ἡ
2479 576 2579 646 μέν
2604 580 2764 648 ἀτμὶς
2791 580 3289 649 ἐναπυλιμπάνεται
3325 585 3646 651 κατωτέρω,

2078 666 2110 734 ἡ
2146 665 2191 716 δ’
2220 666 2586 736 ἀναθυμίασις
2622 673 2758 740 μετά
2798 671 2894 724 τοὺ
2944 673 3370 743 ὑπεκκαύματος
3412 677 3648 745 γίνεται.

2079 754 2246 806 υύδέν
2293 757 2400 824 γάρ
2447 760 2593 811 ἐστιν
2641 760 2765 814 ἄλλο
2815 762 3003 830 (κατὰ)
3052 767 3152 834 τὴν
3199 767 3392 819 οὐσίαν
3447 767 3509 818 τὸ
3550 769 3652 820 ὑπ-

2075 845 2332 916 έκκαυμα
2381 848 2411 900 il
2448 849 2815 920 ἀναθυμίασις
2859 851 3079 922 ἀτμίδος
3123 859 3513 928 κεχωρισμένη
3557 861 3652 912 καὶ

2077 935 2306 1004 ἀμιγὴς.

2146 1033 2204 1083 ε’.
2235 1029 2305 1080 Tb
2337 1030 2516 1082 τοίνυν
2551 1030 2883 1100 ὑπέκκαυμα
2917 1033 3232 1102 κινούμενον
3284 1037 3388 1089 ὑπὸ
3414 1038 3514 1105 τῆς
3553 1037 3649 1092 τοῦ

2085 1119 2483 1190 κυκλοφορικοῢ
2505 1123 2793 1193 κινήσεως,
2826 1122 2950 1177 καθ’
2972 1125 3000 1178 δ
3023 1124 3089 1178 ἂν
3120 1127 3356 1192 μάλιστα
3381 1130 3482 1199 τὴν
3513 1128 3650 1198 πρὸς

2073 1208 2136 1262 τὸ
2159 1209 2466 1278 ἐξαφθῆναι
2493 1213 2909 1283 ἐπιτηδειότητα
2934 1216 3027 1268 καὶ
3050 1216 3312 1273 σύστασιν
3343 1220 3480 1290 ἔχει,
3507 1221 3652 1273 κατά

2077 1301 2240 1355 τοῦτο
2274 1303 2593 1366 ἐξάπτεται.
2625 1305 2722 1359 "Av
2757 1303 2859 1372 μέν
2900 1301 2996 1361 οὑν
3033 1307 3208 1377 μῆκος
3247 1309 3346 1382 ἔχῃ
3385 1310 3482 1363 καὶ
3515 1310 3649 1364 πλάο

2074 1411 2167 1458 τος
2203 1394 2263 1447 τδ
2294 1395 2690 1464 ἐξαπτόμενον,
2728 1397 2979 1464 φαίνεται
3007 1399 3270 1468 καιομένη
3291 1401 3444 1468 φλὸξ,
3473 1418 3628 1474 παρα

2075 1485 2322 1556 πλησίως
2350 1489 2471 1551 ταῖς
2518 1491 2576 1568 ἐν
2601 1489 2864 1560 ἀρούραις
2912 1491 3310 1560 ἐξαπτομέναις
3362 1494 3649 1564 καλάμαις

2075 1581 2192 1656 γινδ
2199 1595 2380 1648 μενον,

2147 1657 2222 1736 ςδ-
2253 1673 2352 1725 "AV
2389 1672 2446 1726 δὲ
2469 1670 2644 1742 μῆκος
2682 1671 2780 1743 μὲν
2808 1673 2932 1743 ἔχῃ,
2980 1673 3183 1744 μηκέτι
3224 1675 3282 1730 δέ
3318 1678 3414 1730 καὶ
3449 1678 3652 1741 πλάτος

401 1768 818 1838 respondentem
855 1755 1014 1838 148
1044 1766 1408 1832 latitudinem,
1441 1776 1553 1820 tum
1589 1780 1752 1834 capra
1783 1765 1840 1820 tit
1879 1772 1966 1819 aut

2076 1765 2359 1833 ἀνάλογον,
2394 1766 2513 1819 τότε
2546 1764 2755 1833 γίνεται
2783 1765 2872 1830 αίξ
2905 1765 2936 1835 ἢ
2969 1767 3126 1830 δαλὸς
3152 1767 3184 1835 ἦ
3214 1768 3442 1822 διαθέων
3467 1772 3651 1823 είτουν

402 1861 488 1916 fax
516 1859 957 1916 autdiscurrens
981 1862 1096 1915 sive
1139 1859 1428 1928 prosiliens
1489 1859 1666 1914 stella.
1717 1858 1773 1914 Si
1823 1857 1966 1913 enim

2076 1857 2307 1927 διᾴττων
2347 1860 2545 1929 ἀστήρ.
2593 1859 2691 1912 “Av
2741 1858 2842 1928 μὲν
2886 1859 2998 1928 γὰρ
3097 1859 3255 1915 πλέον
3299 1863 3442 1915 κατὰ
3474 1865 3651 1933 μῆκος

397 1953 541 2022 quod
573 1951 958 2006 accenditurin
992 1951 1383 2022 longitudinem
1403 1952 1574 2020 magis
1597 1961 1778 2021 pateat
1804 1965 1966 2015 quam

2076 1949 2130 2002 τὸ
2146 1949 2478 2018 ἀπτόμενον,
2529 1947 2751 2002 ἐλαττον
2786 1948 2842 2000 δέ
2875 1949 3018 2002 κατά
3052 1949 3278 2017 πλάτος,
3317 1954 3458 2007 κατά
3489 1953 3547 2006 δέ
3579 1954 3653 2006 τὰ

399 2047 453 2100 in
484 2043 856 2110 latitudinem,
889 2053 1052 2114 atque
1088 2044 1141 2098 in
1209 2044 1491 2114 obliquum
1548 2043 1748 2098 ardens
1803 2041 1966 2098 deﬂa-

2076 2041 2276 2109 πλάγια
2320 2041 2630 2110 καιόμενον,
2665 2042 2900 2094 ποιεῖταί
2951 2058 3105 2106 τινας
3153 2043 3505 2114 ἐκπυρῶσεις
3553 2047 3653 2100 καὶ

399 2135 683 2206 grationes
717 2135 980 2204 quasdam
1017 2140 1071 2188 et
1119 2136 1472 2190 excursiones
1529 2133 1966 2188 inﬂammationis

2076 2133 2345 2203 ἐκδρομὰς
2407 2135 2505 2203 τῆς
2571 2131 2820 2202 ἐξάψεως
2906 2134 2982 2204 μὴ
3046 2134 3171 2190 καθ’
3231 2137 3442 2202 αὑτὰς,
3511 2139 3654 2193 ἀλλά

351 2225 359 2232 ’
398 2229 599 2286 eﬂlciat
627 2243 734 2284 non
767 2236 1072 2296 separatas.
1097 2229 1192 2282 sed
1225 2241 1348 2281 cum
1369 2227 1582 2281 ardenti
1612 2242 1838 2296 corpore
1856 2235 1966 2281 toto

2076 2231 2415 2298 συνηρμένας
2471 2229 2578 2300 ὅλῳ
2623 2228 2701 2296 τῷ
2749 2229 3031 2298 καιομένῳ
3079 2228 3318 2300 σώματι,
3365 2234 3440 2296 ὡς
3470 2234 3654 2288 δοκεῖν

399 2322 703 2392 copulatas,
732 2330 790 2376 ut
821 2319 1120 2376 scintillare
1171 2319 1458 2386 videatur;
1498 2320 1600 2375 hoc
1647 2333 1812 2389 capra
1871 2335 1966 2373 no-

2076 2319 2582 2390 ἀποσπινθηρίζειν,
2606 2320 2667 2373 τὺ
2689 2319 2931 2374 τοιοῦτον
2958 2320 3049 2386 αἲξ
3079 2321 3430 2392 ὀνομάζεται.

398 2415 664 2471 minatur.

469 2509 521 2562 7.
555 2506 648 2561 Sin
671 2515 852 2560 autem
894 2505 946 2558 in
980 2504 1374 2573 longitudinem
1428 2512 1637 2556 tantum
1681 2502 1966 2556 incensum

401 2596 676 2686 fuerint“
738 2613 846 2652 non
877 2597 1041 2651 etiam
1097 2597 1377 2663 scintillet,
1421 2597 1525 2650 tale
1578 2594 1707 2665 quid
1744 2594 1833 2648 fax
1871 2609 1968 2648 vo-

393 2697 574 2745 catur.
626 2679 642 2686 “
696 2714 700 2718 -

2076 2679 2247 2740 δαλὸς.

469 2782 524 2835 8.
555 2781 784 2847 Quando
824 2781 1059 2850 denique
1095 2776 1213 2834 non
1244 2795 1348 2833 una
1376 2789 1429 2835 et
1489 2780 1744 2833 continua
1803 2777 1966 2831 fuerit

2145 2770 2214 2841 η’.
2258 2773 2356 2826 Ἀν
2401 2771 2457 2825 δέ
2508 2771 2583 2841 μὴ
2641 2772 2699 2825 ἓν
2749 2773 2972 2846 ὑπάρχῃ
3026 2776 3120 2830 καὶ
3181 2779 3401 2848 συνεχὲς
3447 2780 3508 2832 τὸ
3548 2781 3650 2834 τοῦ

392 2870 745 2927 inﬂammatae
778 2872 1161 2926 succensionis
1195 2871 1534 2941 magnitudo,
1565 2873 1656 2925 sed
1683 2870 1965 2924 intervalla

2076 2863 2446 2929 ἐξαπτομένου
2502 2861 2930 2931 ὑπεκκαύματος
2977 2868 3174 2934 μῆκος,
3230 2867 3366 2921 ἀλλά
3423 2869 3653 2940 διαστέν

398 2967 559 3019 habet
587 2964 846 3034 (utquasi
875 2965 1046 3032 ipsius
1083 2973 1264 3033 partes
1319 2978 1350 3018 a
1394 2978 1450 3018 se
1511 2963 1744 3019 invicem
1780 2961 1966 3031 sejun-

2076 2968 2222 3022 ματα
2251 2951 2372 3020 ἕχον
2410 2950 2503 3021 (ὡς
2549 2954 2980 3022 κεχωρισμένων
3041 2956 3212 3009 ὄντων
3256 2959 3351 3012 ἀπ’
3397 2960 3651 3031 ἀλλήλων

391 3065 494 3110 cta:
532 3055 666 3121 sint,
734 3054 959 3124 singula:
1009 3070 1163 3110 suam
1196 3055 1599 3109 concretionem
1661 3053 1960 3122 habeant);

2076 3044 2178 3097 τῶν
2219 3043 2411 3097 τούτου
2450 3045 2655 3114 μερῶν,
2695 3046 2835 3099 ἰδίαν
2865 3047 3124 3100 σύστασιν
3153 3050 3370 3118 ἔχοντος
3406 3053 3645 3106 ἑκάστου

393 3147 512 3215 ipsa
549 3155 731 3199 autem
781 3143 1065 3198 intervalla
1131 3151 1347 3198 tenuem
1405 3143 1697 3210 quamdam
1747 3144 1966 3197 exhala-

2076 3136 2299 3205 αὑτῶν),
2335 3137 2431 3190 καὶ
2461 3139 2527 3191 τὰ
2555 3137 2902 3208 διαστήματα
2945 3139 3002 3193 δὲ
3048 3141 3252 3210 λεπτὴν
3273 3144 3646 3214 ἀναθυμίασιν

2142 2501 2211 2564 ζ’.
2244 2501 2412 2552 Ὅταν
2461 2499 2516 2552 δὲ
2565 2497 2727 2568 μόνον
2773 2497 2864 2552 ἐπλ⁵
2919 2501 2981 2552 τὸ
3029 2501 3204 2570 μῆκος
3311 2504 3650 2575 ἐξημμένον,

2073 2592 2270 2661 μηκέτι
2300 2592 2356 2646 δὲ
2383 2591 2478 2646 καὶ
2503 2591 3011 2661 ἀποσπινθηρίξων,
3040 2593 3100 2646 τὸ
3129 2594 3369 2648 τοιοῦτον
3395 2597 3650 2652 καλεῖται

394 3238 603 3293 tionem
673 3235 974 3292 subeundae
1048 3235 1457 3290 inﬂammationi
1564 3236 1734 3306 ipsam
1806 3236 1966 3290 etiam

2076 3230 2171 3300 ἔχη
2202 3230 2343 3296 τινά,
2373 3231 2510 3300 πρὸς
2538 3232 2596 3284 τὸ
2622 3233 2960 3302 ἐκκαυθῆναι
2992 3235 3089 3287 καὶ
3111 3237 3279 3306 αὑτὴν
3312 3239 3646 3308 ἐπιτήδειον,

311 3389 336 3414 ἡ,
395 3339 581 3399 aptam
610 3328 870 3392 habeant,
899 3328 1169 3383 distantes
1194 3338 1371 3382 autem
1404 3344 1434 3382 a
1492 3343 1552 3383 se
1601 3328 1832 3382 invicem
1887 3329 1966 3382 ba!

2076 3324 2362 3393 ἀφεστῶτα
2415 3324 2458 3376 δ’
2507 3324 2603 3378 ἀπ’
2634 3323 2882 3394 ἀλλήλων
2917 3325 2984 3378 τά
3017 3327 3156 3396 μέρη
3206 3329 3300 3381 τοῦ
3343 3329 3646 3383 τοιοιούτου

397 3418 553 3472 istius
579 3417 961 3472 succensionis
991 3426 1179 3486 partes
1214 3415 1647 3486 profunditatem
1681 3426 1733 3471 et
1778 3417 1970 3471 latitu-

395 3510 576 3564 dinem
640 3508 965 3579 longitudini
1025 3523 1209 3577 parem
1249 3507 1552 3573 obtineant,
1617 3517 1747 3564 tunc
1801 3511 1969 3565 stella

393 3598 724 3663 eﬂiciuntur,
765 3616 887 3668 quae
941 3599 1193 3668 prosilire
1242 3598 1517 3655 videntur.
1561 3598 1697 3654 Cum
1743 3602 1888 3656 enim
1923 3602 1967 3634 ⁸⁸

395 3705 459 3746 ex
496 3690 807 3760 hujusmodi
839 3691 1286 3746 concretionibus
1309 3706 1372 3745 ea
1404 3706 1525 3760 quae
1575 3691 1749 3762 prima
1805 3699 1889 3747 est
1937 3709 1967 3748 a

396 3791 544 3840 motu
609 3783 945 3838 inﬂammata
993 3783 1180 3850 fuerit,
1233 3799 1359 3838 mox
1419 3785 1561 3854 ignis
1605 3800 1702 3854 per
1750 3792 1965 3840 tenuem

393 3874 793 3930 exhalationem
828 3889 948 3930 eam
978 3889 1099 3943 quae
1128 3874 1420 3944 interiecta
1459 3885 1542 3930 est
1590 3875 1657 3929 ad
1687 3890 1806 3929 eam
1843 3891 1970 3929 con-

393 3965 687 4020 cretionem
731 3962 892 4036 159
942 3977 1064 4032 quae
1102 3961 1362 4033 deinceps
1405 3963 1506 4018 sita
1533 3971 1638 4030 est,
1688 3964 1968 4019 distribui-

395 4069 505 4125 tur,
538 4060 905 4128 eumdemque
939 4057 992 4112 in
1030 4057 1252 4113 inodum
1291 4058 1358 4112 ab
1386 4058 1488 4112 hae
1527 4058 1592 4112 ad
1633 4061 1960 4128 proximam,-

395 4151 558 4220 idque
593 4151 862 4218 tantisper
904 4147 1053 4214 facit,
1078 4147 1252 4203 donec
1280 4163 1472 4203 omnes
1507 4147 1571 4202 ad
1598 4147 1802 4202 dictum
1844 4165 1965 4204 mo-

394 4241 523 4296 dum
586 4238 690 4294 sibi
753 4237 984 4292 invicem
1055 4235 1314 4305 deinceps
1369 4236 1575 4306 positas
1651 4237 1962 4293 istiusmodi

394 4333 775 4390 succensionis
834 4331 1215 4388 concretiones
1277 4332 1622 4402 peragrarit;
1709 4333 1992 4419 idemque.

397 4427 538 4497 ignis
572 4427 714 4498 quia
752 4424 1022 4496 principio
1080 4433 1302 4492 propter
1356 4424 1585 4477 celerem
1620 4424 1964 4479 distributio-

333 4565 337 4568 .
405 4535 526 4572 nem
560 4532 798 4590 superne
825 4517 1148 4570 movebatur
1179 4523 1272 4568 aut
1307 4515 1699 4585 projiciebatur
1725 4515 1962 4570 videtur.

395 4607 866 4674 Quemadmodum
895 4606 1039 4661 enim
1082 4607 1134 4659 in
1163 4606 1400 4660 lucernis
1435 4622 1558 4660 cum
1591 4621 1698 4659 una
1731 4606 1960 4672 ardet“,

395 4701 564 4754 altera
607 4708 788 4753 autem
825 4699 1099 4754 exstincta
1126 4699 1310 4752 statim
1346 4698 1420 4752 illi
1455 4699 1739 4768 supposita
1777 4699 1960 4766 fuerit,

393 4792 669 4845 exhalatio
709 4806 830 4860 quae
879 4806 945 4845 ex
1008 4804 1198 4846 recens
1247 4791 1514 4845 exstincta
1592 4791 1656 4844 ad
1721 4791 1966 4847 ardentis

392 4881 663 4934 ﬂammam
687 4879 908 4934 eﬂ'ertur
944 4880 1488 4948 incensa,quatenus
1539 4879 1607 4934 ad
1659 4880 1808 4936 illam
1868 4883 1966 4938 ad-

395 4981 538 5027 mota
563 4981 670 5038 est,
697 4972 1037 5042 suppositam
1079 4974 1360 5027 lucernam
1406 4971 1745 5040 inﬂammat;
1781 4983 1837 5028 ut
1867 4990 1962 5029 ex-

395 5065 596 5119 halatio
625 5080 686 5118 ea
707 5079 826 5135 quae
865 5065 1126 5134 deinceps
1173 5067 1422 5135 sequitur
1451 5067 1519 5120 ab
1552 5082 1613 5121 ea
1659 5083 1778 5136 qua:
1815 5069 1964 5136 prius

394 5158 461 5210 ab
485 5155 728 5210 ardentis
763 5156 996 5210 lucernae
1053 5156 1264 5209 ﬂamma
1323 5154 1555 5212 accensa
1590 5166 1696 5221 est,
1751 5157 1964 5212 inﬂam-

393 5256 590 5316 metnr,
625 5249 798 5304 donec
828 5251 892 5301 ad
919 5247 1050 5303 illud
1116 5249 1351 5302 lucerna:
1404 5249 1734 5320 ellychnium
1781 5269 1808 5304 a
1851 5268 1961 5321 quo

389 5340 664 5396 exhalatio
703 5349 823 5396 orta
863 5349 968 5406 est,
1021 5350 1345 5410 perventum
1404 5339 1608 5410 fuerit;
1665 5357 1764 5397 nec
1815 5343 1958 5414 ignis

391 5448 513 5489 sese
550 5433 873 5498 diﬂ‘undere,
907 5435 1034 5487 dum
1073 5432 1220 5486 aliud
1250 5448 1318 5488 ex
1349 5432 1457 5488 alio
1493 5422 1823 5500 incenditur,
1861 5435 1954 5492 sed

391 5526 443 5579 id
467 5527 609 5596 quod
633 5525 809 5596 primo
837 5525 1124 5582 incensum
1155 5535 1236 5581 est
1299 5525 1507 5580 moveri
1554 5527 1771 5580 videtur
1803 5544 1816 5580 :
1874 5527 1951 5580 ita

389 5617 956 5674 ﬂericristimandum
979 5627 1068 5673 est
1123 5622 1285 5674 etiam
1336 5619 1388 5672 in
1448 5619 1557 5675 illis
1607 5619 1781 5675 stellis
1833 5634 1956 5690 quae

2071 3415 2500 3482 ὑπεκκαύματος
2531 3416 2628 3487 ἔχῃ
2657 3419 2752 3470 καὶ
2787 3416 2949 3485 βάθος
2979 3419 3072 3472 καὶ
3097 3417 3299 3484 πλάτος
3330 3421 3531 3490 ὁμοίως
3564 3420 3647 3491 τῷ

2073 3507 2258 3577 μήκει,
2285 3507 2408 3560 τότε
2446 3507 2687 3574 γίνονται
2731 3509 2781 3560 oi
2811 3507 3092 3572 δοκοῦντες
3121 3509 3356 3581 διᾴττειν
3387 3511 3644 3582 ἀστέρες.

2071 3601 2244 3654 Ὀταν
2291 3601 2397 3669 γάρ
2431 3601 2463 3669 ἡ
2500 3599 2688 3670 πρώτη
2732 3601 2960 3669 κειμένη
3004 3601 3110 3654 τῶν
3141 3602 3404 3656 τοιούτων
3438 3605 3646 3658 συστά-

2069 3709 2207 3746 σεων
2237 3692 2342 3744 ὑπὸ
2368 3692 2466 3762 τῆς
2499 3692 2766 3761 κινήσεως
2802 3691 3072 3762 ἐκκαυθῇ,
3097 3692 3308 3762 ταχέως
3327 3694 3388 3748 τὸ
3412 3694 3522 3764 πῠρ
3556 3698 3644 3753 διά

2066 3785 2169 3856 τῆς
2213 3784 2414 3854 μεταξὺ
2474 3783 2681 3853 λεπτῆς
2727 3784 3147 3854 ἀναθυμιάσεως
3191 3787 3282 3839 ἐπὶ
3314 3787 3412 3857 τὴν
3442 3791 3646 3861 ἐφεξῆς

2069 3878 2329 3946 κειμένην
2362 3876 2622 3928 σύστασιν
2645 3875 2956 3942 διαδίδοται,
2989 3877 3081 3930 καὶ
3116 3876 3224 3930 ἀπὸ
3244 3878 3448 3948 ταύτης
3478 3883 3644 3936 πάλιν

2068 3971 2270 4039 ὁμοίως
2300 3970 2394 4022 ἐπὶ
2432 3968 2530 4036 τὴν
2565 3969 2682 4038 μετ’
2710 3968 2911 4039 αὑτήν·
2942 3969 3218 4026 καὶτοῦτο
3253 3975 3401 4026 ποιεῖ
3437 3974 3546 4037 ἕως
3576 3975 3644 4029 ἂν

2067 4059 2267 4131 ἐπέλθῃ
2294 4059 2472 4122 πάσας
2502 4060 2601 4124 τὰς
2619 4062 2763 4112 κατὰ
2778 4060 2870 4113 τὸν
2894 4062 3186 4130 εἰρημένον
3213 4062 3414 4133 τρόπον
3439 4064 3645 4134 ἐφεξῆς

2067 4149 2316 4220 ἀλλήλων
2349 4147 2516 4211 οὑσας
2549 4149 2840 4212 συστάσεις
2870 4149 2968 4203 τοῦ
2997 4149 3238 4205 τοιούτου
3275 4151 3648 4223 ὑπεκκαύμα-

2066 4258 2188 4304 τοςο
2219 4241 2311 4294 καὶ
2355 4241 2600 4308 φαίνεται
2630 4239 2691 4292 τὸ
2721 4233 2830 4312 πὺρ
2861 4241 2922 4293 τὸ
2949 4242 3077 4295 αὑτό
3101 4243 3200 4314 την
3233 4244 3407 4314 ἀρχὴν
3432 4246 3644 4300 ἄνωθεν

2069 4331 2374 4402 φερόμενον
2409 4332 2441 4401 ἢ
2478 4331 2838 4400 ῥιπτούμενον
2885 4331 2973 4385 διά
3007 4333 3106 4402 τὴν
3136 4337 3357 4404 ταχείαν
3381 4335 3643 4391 διάδοσιν.

2085 4421 2176 4482 Ὠς
2209 4419 2316 4488 γάρ
2353 4420 2572 4474 ἐπὶτῶν
2599 4420 2830 4491 λύχνων,
2863 4422 2991 4475 ὅταν
3015 4425 3044 4476 ὀ
3085 4423 3185 4493 μέν
3215 4426 3456 4495 καίηται,
3482 4428 3646 4486 ἄλλος

2073 4511 2119 4564 δ’
2170 4511 2529 4576 ἀποσϐεσθεὶς
2583 4512 2746 4575 εὐθὺς
2799 4513 3032 4584 ὑποτεθῇ
3087 4516 3272 4586 αὑτῷ,
3319 4517 3352 4588 ἡ
3396 4517 3505 4569 ἀπὸ
3547 4521 3644 4571 τοῦ

2066 4602 2260 4655 νεωστὶ
2314 4602 2644 4670 ἐσδεσμένού
2697 4605 3077 4674 ἀναφερομένη
3135 4606 3505 4676 ἀναθυμίασις
3549 4609 3643 4658 ἐπὶ

2063 4692 2162 4761 τὴν
2193 4692 2286 4745 τοῦ
2319 4695 2613 4762 καιομένου
2648 4694 2820 4763 φλόγα
2845 4695 3104 4766 ἀφθεῖσα,
3134 4697 3270 4750 καθὸ
3300 4698 3643 4766 ἐπλησίασεν

2065 4783 2227 4854 αὑτῇ,
2255 4783 2480 4848 ἐξάπτει
2502 4784 2591 4837 τὸν
2621 4785 2982 4855 ὑποκείμενον
3011 4787 3227 4855 λύχνον,
3255 4788 3643 4857 ἐξαπτομένης

2065 4877 2166 4946 τῆς
2197 4876 2393 4946 ἐφεξῆς
2425 4875 2846 4946 ἀναθυμιάσεως
2879 4879 2943 4948 τῇ
2973 4878 3164 4948 πρώτῃ
3196 4878 3493 4949 ἐξαφθείσῃ
3531 4880 3642 4932 ὑπὸ

2063 4969 2162 5038 τῆς
2215 4966 2309 5020 τοῦ
2363 4969 2656 5037 καιομένου
2712 4968 2906 5040 λύχνου
2961 4968 3159 5036 φλογὸς
3210 4969 3315 5031 ἕως
3369 4969 3474 5038 τῆς
3542 4967 3641 5022 τοῦ

2063 5060 2258 5130 λύχνου
2297 5059 2611 5128 θρυαλλίδος
2651 5060 2746 5130 ἀφ’
2786 5057 2851 5133 ἦς
2898 5062 2930 5132 ή
2963 5044 3363 5130 ἀναθυμίασις·
3393 5061 3645 5126 φαίνεται

2059 5153 2115 5205 δὲ
2146 5154 2205 5205 ού
2224 5152 2588 5222 διαδιδόμενον
2619 5153 2677 5206 τὸ
2703 5153 2814 5224 πῦρ
2841 5155 2998 5209 ἄλλου
3031 5155 3087 5221 ἐξ
3113 5155 3273 5208 ἄλλου
3302 5155 3645 5221 ἁπτομένου,

2060 5246 2196 5300 ἀλλὰ
2229 5247 2290 5298 τὸ
2335 5245 2551 5316 πρῶτον
2596 5246 2767 5314 ἁφθὲν
2817 5248 3150 5315 φερόμενονο
3188 5245 3362 5306 οὑτως
3393 5245 3646 5313 ὑπολαμ-

2072 5337 2258 5391 ϐάνειν
2287 5338 2393 5408 χρὴ
2435 5337 2573 5391 κάπὶ
2605 5339 2712 5390 τῶν
2738 5338 2977 5408 διᾴττειν
3009 5338 3104 5391 καὶ
3133 5335 3398 5406 φέρεσθαι
3421 5335 3646 5387 δοκούν-

2069 5447 2177 5482 των
2237 5417 2485 5501 ἀστέρων
2537 5431 2822 5500 γίνεσθαιο
2872 5429 3034 5485 ἄλλου
3094 5427 3214 5499 μετ’
3261 5428 3392 5482 ἄλλο
3430 5428 3643 5497 ταχέως

2068 5521 2442 5592 ἐξαπτομένου
2479 5523 2569 5576 διὰ
2605 5523 2704 5594 τὴν
2735 5523 2872 5595 πρὸς
2899 5522 3056 5577 τοῦτο
3084 5520 3507 5592 ἐπιτηδειότητα
3538 5518 3642 5588 τῆς

2069 5615 2441 5686 ὑποκειμένης
2476 5614 2642 5686 ὕλης.

461 5793 508 5825 ⁸⁸
540 5791 808 5849 lMeteor.
835 5809 887 5849 c.
915 5793 968 5849 4.
1049 5793 1070 5824 ⁸
1143 5794 1165 5827 ⁸
1195 5792 1221 5847 1
1247 5789 1473 5848 Meteor.
1510 5805 1563 5847 c.
1599 5789 1654 5844 4.
1735 5789 1779 5824 ⁸ο
1804 5787 1940 5845 Ibid.
1975 5803 2026 5844 c.
2054 5787 2107 5845 4.
