3844 6466
305 390 444 458 1133

1547 399 1884 467 EPITOME
1920 401 2265 462 PHYSICA.

3407 401 3542 462 1135a

299 513 552 580 prosilire
581 517 835 586 ctvagari
867 516 1137 586 videntur,
1169 529 1231 576 ut
1262 521 1366 577 alia
1399 529 1520 590 post
1536 519 1695 575 aliam
1727 530 1944 590 propter
1973 518 2274 588 subjectum
2345 517 2649 578 materiam,
2697 531 2820 587 qua:
2875 519 2938 572 ad
2981 517 3087 573 hoc
3143 517 3321 588 ipsum
3404 529 3529 587 apta

296 617 379 660 est
410 609 764 666 accendatur.

366 702 432 754 θ’.
479 701 602 756 Ὀτδ
634 707 732 773 μὲν
752 705 926 770 οὕτως
957 708 1004 760 οἱ
1029 708 1336 778 διᾴττοντες
1363 710 1601 774 γίνονται
1625 709 1728 762 ὑπὸ
1757 709 1824 777 τῆ

2033 705 2086 760 9.
2128 702 2403 758 Interdum
2435 670 2603 771 ἠξιω-
2628 702 2775 758 hunc
2806 702 2859 755 in
2912 701 3136 754 modum
3172 700 3307 752 fiunt
3359 693 3539 766 prosi!

296 791 564 860 κινήσεως
601 794 709 846 τῶν
737 797 1000 864 οὐρανίων
1037 801 1310 868 σωμάτιον
1343 799 1714 870 ὲξαπτομένου
1768 801 1863 854 τοῦ

295 883 664 952 ὑποκειμένου
731 887 915 952 αὐτοῖς
969 889 1033 960 δὴ
1097 895 1210 953 τοῖς
1272 892 1548 962 οὐρανίοις
1612 892 1864 962 σώμασιν

292 975 599 1041 ἐπιτηδείου
631 979 766 1048 πρὸς
793 979 984 1050 ἔξαψιν
1008 983 1430 1047 ὑπεκκαύματος
1463 987 1555 1037 καὶ
1580 986 1639 1038 τὸ
1661 985 1863 1076 ἐφεξῆς

293 1064 640 1133 ἐξάπτοντες,
672 1068 855 1141 ὥσπερ
889 1073 1123 1143 εἴρηται.
1165 1071 1286 1127 Ὀτὲ
1311 1075 1354 1127 δ’
1378 1078 1439 1129 ἐκ
1481 1074 1576 1128 τοῦ
1613 1064 1862 1130 συνιστὶ

295 1159 460 1226 μένου
515 1159 602 1212 διὰ
652 1160 812 1229 ψύξιν
843 1163 1002 1234 ἀέρος
1057 1165 1116 1230 ὃς
1145 1166 1353 1233 ὑπὸ-τὺ
1382 1167 1715 1236 ὑπέκκαυμα
1761 1169 1861 1235 τὴν

285 1249 445 1305 ’θέσιν
468 1252 582 1323 ἔχει
608 1255 669 1307 τὸ
699 1257 1176 1328 ιναπειλημμένον
1206 1261 1264 1312 ἐν
1293 1260 1441 1329 αύτῴ
1471 1260 1672 1331 θερμὸν
1697 1278 1859 1330 περι-

291 1343 669 1416 στελλόμενον,
717 1351 812 1403 καὶ
841 1348 946 1403 ὑπὸ
990 1350 1082 1403 τοῦ
1115 1354 1467 1423 περιέχοντος
1510 1354 1642 1406 αὐτὸ
1693 1355 1858 1424 ἀέρος

285 1430 600 1508 ψυχόμενον
633 1442 728 1494 καὶ
759 1444 841 1505 είς
867 1442 926 1496 ἓν
956 1443 1364 1516 ἀθροιζόμενον,
1399 1447 1630 1514 ἐξαφθὲν
1676 1448 1858 1503 ἐκθλί-

287 1528 440 1582 ϐεται
469 1532 607 1600 μετά
636 1534 758 1604 βίας
787 1536 881 1588 καὶ
919 1537 1168 1607 φέρεται,
1217 1537 1405 1611 ὥσπερ
1443 1545 1513 1594 τὰ
1550 1543 1848 1612 ἓκπυρηνι-

285 1620 488 1688 ζόμενα
547 1627 906 1697 ῥιπτούμενον
962 1625 1094 1700 (οἷον
1139 1631 1212 1694 ὡς
1275 1635 1472 1686 ὁπόταν
1515 1635 1673 1704 ήμῶν
1727 1639 1852 1700 τοὺς

281 1713 579 1780 δακτύλους
622 1721 1032 1789 συσφιγγόντων
1063 1725 1160 1776 καὶ
1188 1725 1421 1793 μάλιστα
1457 1727 1549 1780 τδν
1582 1728 1756 1797 μέγαν
1790 1747 1850 1782 τε

279 1809 375 1860 καὶ
434 1809 525 1862 τδν
589 1812 806 1882 λιχανὸν
869 1815 1008 1890 ὑπὲρ
1073 1817 1136 1871 τὸ
1201 1821 1369 1889 μέσον
1432 1821 1523 1874 τοῦ
1585 1823 1847 1892 πυρῆνος,

279 1899 637 1965 ὲξολισθαίνει
692 1911 722 1962 ό
779 1913 958 1984 πυρὴν
1005 1916 1097 1967 καὶ
1141 1917 1353 1986 ἐκπηδᾷ
1402 1917 1495 1968 καὶ
1559 1917 1757 1985 μᾶλλον
1800 1919 1848 1968 εί

284 1997 500 2064 μετέχει
566 1999 841 2072 λειότητος
889 2008 985 2060 καὶ
1026 2007 1446 2078 γλισχρότητος,
1499 2000 1573 2072 ὣς
1628 2009 1677 2059 οἱ
1739 2009 1847 2060 τῶν

1967 797 2162 853 lientes
2190 795 2388 860 stellze,
2421 794 2546 847 dum
2589 793 2797 862 150a
2833 802 2984 848 motu
3016 809 3307 862 corporum
3366 794 3531 848 etule—

1966 891 2156 952 stium,
2188 887 2282 957 qui
2317 886 2448 955 ipsis
2481 886 2692 940 scilicet
2717 885 3034 940 coelestibus
3091 884 3418 952 corporibus
3465 886 3533 937 ad

1965 980 2336 1036 incensionem
2364 989 2524 1047 aptus
2556 976 2731 1034 fomes
2761 979 3042 1049 subjectus
3074 987 3160 1036 est
3187 979 3531 1040 accenditur,

1964 1082 2019 1130 et
2049 1089 2172 1129 eum
2206 1073 2299 1142 qui
2334 1073 2594 1143 deinceps
2633 1081 2734 1137 est,
2783 1072 2946 1127 sicuti
2979 1072 3206 1136 dictum,
3259 1071 3527 1126 incendit.

1961 1165 2237 1221 interdum
2275 1173 2482 1231 autem~
2513 1180 2578 1219 ex
2627 1171 3017 1219 concrescente
3073 1174 3292 1232 propter
3357 1164 3529 1234 frigus

1960 1275 2084 1315 aere
2107 1260 2202 1329 qui
2231 1259 2382 1327 juxta
2423 1257 2838 1314 succensionem
2891 1257 3102 1326 positus
3159 1266 3264 1320 est,
3297 1257 3441 1325 quod
3472 1256 3525 1309 in

1959 1369 2025 1409 eo
2077 1354 2278 1408 caloris
2329 1351 2581 1406 relictum
2623 1360 2709 1406 est
2758 1348 3144 1421 confringitur,
3190 1357 3248 1404 et
3291 1350 3359 1402 ab
3399 1363 3525 1404 aere

1957 1461 2064 1516 quo
2085 1446 2393 1500 continetur
2422 1445 2722 1514 frigescens
2759 1453 2816 1498 et
2867 1444 2923 1498 in
2979 1460 3145 1497 unum
3201 1457 3261 1496 se
3295 1457 3520 1511 cogens,
3601 1528 3610 1544 ‘

1953 1537 2152 1592 deinde
2181 1538 2464 1592 incensum
2499 1536 2787 1592 rieliditur
2815 1545 2870 1591 et
2898 1542 3146 1590 movetur
3185 1533 3359 1615 veluti
3409 1549 3518 1587 nu-
3600 1533 3608 1564 ³

1953 1631 2057 1685 clei
2094 1630 2280 1696 digitis
2323 1628 2626 1698 projectum
2662 1628 2765 1689 (uti
2801 1643 2925 1682 cum
2955 1643 3119 1697 super
3145 1628 3386 1682 medium
3419 1643 3522 1680 nu«

1951 1723 2132 1777 oleum
2168 1723 2366 1789 digitos
2395 1721 2667 1790 imprimis
2700 1736 2953 1789 maguum
2978 1728 3032 1774 et
3091 1720 3326 1775 indicem
3358 1733 3522 1774 com-

1953 1812 2265 1881 primintus,
2299 1811 2532 1866 elabitur
2558 1823 2611 1866 et
2641 1813 2818 1866 exsilit
2845 1812 3090 1874 nucleus,
3142 1826 3317 1880 eoque
3347 1812 3518 1878 magis

1951 1905 1997 1956 si
2029 1901 2264 1956 lzevitate
2311 1909 2364 1954 et
2426 1902 2743 1955 viscositate
2791 1902 2863 1955 sit
2913 1901 3197 1969 praeditus,
3250 1903 3511 1969 quemad-

1951 1994 2172 2048 modum
2202 1994 2470 2049 olivarum
2498 1994 2641 2048 acini
2673 1994 2767 2062 qui
2825 1995 2988 2048 tritici
3049 1994 3276 2064 figuram
3311 2009 3420 2063 pra:
3454 2009 3514 2048 se

279 2087 477 2141 ἐλαιῶν
514 2095 703 2155 -κᾴκκοι
752 2098 926 2165 πυροῦ
971 2101 1157 2169 σχῆμα
1193 2102 1448 2170 φέροντες
1490 2101 1584 2154 καὶ
1621 2102 1692 2154 τὰ
1723 2101 1830 2154 τούι

1946 2087 2152 2152 ferunt,
2186 2095 2240 2140 et
2266 2088 2371 2140 alia
2409 2086 2493 2141 his
2551 2085 2795 2153 similia),
2846 2094 2974 2139 tunc
3022 2100 3153 2140 sane
3200 2086 3339 2139 idem
3373 2085 3514 2155 ignis

277 2195 391 2241 τοις
417 2185 734 2257 παρόμοια).
765 2189 898 2242 Τότε
927 2193 992 2260 δὴ
1014 2192 1074 2244 τὸ
1106 2193 1237 2244 αὐτὸ
1262 2195 1412 2263 μένει
1443 2193 1572 2264 πῦρ,
1599 2194 1713 2248 ἀλλ’
1742 2196 1841 2248 οὐκ

273 2270 501 2334 ἐξάπτει
549 2278 608 2328 τὸ
667 2281 883 2350 ἐφεξῆς.
939 2283 1292 2356 Ἀμφοτέρως
1355 2287 1448 2342 οῦν
1498 2288 1746 2343 δοκοῦσιν
1790 2289 1839 2343 οί

266 2363 579 2433 διᾴττοντες
602 2371 867 2437 γίνεσθαι.

345 2461 393 2508 ι’.
432 2456 599 2511 Τοῦτο
625 2464 806 2529 μέντοι
837 2464 1164 2537 τδνέκκρίσει
1194 2472 1529 2541 γεννώμενον
1571 2475 1679 2546 πῦρ
1714 2479 1840 2532 πο).-

268 2546 426 2611 λάκις
454 2553 532 2612 si;
566 2553 625 2606 τὸ
682 2556 828 2609 κάτω
873 2559 1038 2629 μέρος
1084 2562 1418 2632 θλιϐόμενον,
1453 2568 1547 2622 καὶ
1600 2573 1682 2634 είς
1733 2575 1836 2641 γῆν

267 2643 365 2694 καὶ
401 2645 482 2706 είς
509 2643 786 2702 θάλασσαν
812 2654 1182 2723 καταφέρεται
1219 2658 1312 2710 καὶ
1353 2660 1569 2733 νύκτωρ
1601 2665 1696 2718 καὶ
1735 2683 1834 2735 με-

240 2733 513 2804 ,θημίραν
544 2739 755 2808 αἰθρίας
783 2742 971 2815 οὔσης.
1004 2749 1136 2800 Τότε
1167 2750 1222 2803 δὲ
1254 2753 1478 2825 φέρεται
1510 2757 1679 2824 κάτω,
1705 2759 1834 2812 ὅταν

265 2825 374 2876 ἀπὸ
405 2826 498 2879 τοῦ
540 2828 653 2882 ἀνω
688 2833 885 2900 μέρους
930 2837 962 2906 ή
1009 2839 1099 2892 τοῦ
1131 2841 1292 2913 ἀέρος
1338 2845 1611 2912 πύκνωσις
1636 2867 1692 2903 τε
1741 2852 1834 2905 καὶ

263 2914 424 3012 ψύξις
455 2920 750 2992 ἀρξαμένη,
785 2926 844 2978 τὸ
867 2931 1333 3003 ἑναπειλημμένον
1361 2939 1498 3009 αὐτῇ
1531 2940 1732 3012 θερμὸν
1752 2945 1831 3008 είς

259 3006 324 3059 τὸ
349 3007 499 3061 κάτω
527 3013 687 3082 μέρος
714 3018 1014 3076 ἀπώσεται.
1049 3024 1147 3077 Διά
1192 3027 1349 3080 τοῦτο
1385 3006 1493 3085 καί
1521 3034 1546 3084 ό
1571 3006 1832 3104 κεραυνὸς

261 3097 374 3192 πῦρ
405 3100 479 3154 ὢν
525 3106 603 3167 εἴς
636 3107 694 3158 τὸ
742 3110 888 3164 κάτω
922 3114 1145 3185 φέρεται
1188 3117 1274 3172 διὰ
1320 3121 1417 3192 τὴν
1452 3097 1826 3191 βίιιιονγέκθλιζ

257 3189 374 3259 ψιν,
408 3195 531 3248 ἐπεὶ
577 3199 654 3269 τῷ
686 3203 818 3272 πυρὶ
851 3207 992 3259 κατά
1030 3191 1208 3278 ’φύσιν
1245 3213 1279 3281 ἡ
1324 3189 1400 3276 εἰς
1421 3189 1480 3267 τό
1525 3217 1636 3270 ἄνω
1667 3223 1825 3292 φορά.

335 3455 424 3512 ια’.
461 3461 601 3515 Ὅσα
636 3463 736 3532 μὲν
765 3465 858 3520 οὖν
884 3469 940 3523 ἐν
963 3471 1039 3539 τῷ
1073 3473 1329 3547 ἀνωτέρῳ
1355 3477 1562 3548 σώματι
1600 3477 1658 3536 ἐν
1689 3477 1732 3552 ᾧ
1763 3487 1822 3540 τὸ

259 3547 614 3622 ὑπέκκαυμα,
649 3555 970 3625 διᾳττόντων
993 3561 1254 3632 φάσματα
1307 3547 1534 3637 γίνεται,
1576 3573 1653 3644 τῷ
1695 3547 1822 3640 έξᾶ-

260 3644 488 3696 πτεσθαι
515 3647 743 3716 γίνεται,
775 3651 874 3720 τῆς
902 3655 1314 3724 ἀναθυμιάσεως
1337 3663 1694 3736 ἐκκαιομένης
1729 3671 1822 3723 καὶ

254 3737 398 3821 κατά
428 3737 488 3788 τὸ
531 3739 655 3807 ἑξῆς
700 3742 1088 3817 διαδιδομένης,
1120 3749 1194 3812 ὡς
1240 3753 1490 3821 εἴρηταιο
1526 3759 1626 3810 ὅσα
1676 3759 1719 3811 δ’
1760 3765 1820 3813 ἐν

250 3819 330 3888 τῷ
361 3833 673 3896 κατωτέρω,
699 3829 830 3886 ἔνθα
855 3835 882 3886 ὀ
906 3835 1032 3906 ἀήρ,
1077 3841 1139 3909 τῇ
1168 3819 1412 3911 ἐπικρίσει
1434 3861 1449 3878 ο
1481 3831 1557 3916 τῷ
1581 3849 1816 3918 ψυχομὲι

251 3929 352 3981 νης
380 3916 475 3981 τῆς
502 3918 672 3988 ὑγρᾶς
697 3923 1114 3995 ἀναθυμιάσεως
1159 3932 1217 3996 ἐξ
1245 3934 1408 4003 αὐτῆς
1444 3937 1543 4008 τὴν
1569 3940 1816 4010 ἔκκρισιν

249 4007 515 4072 γίνεσθαι.

317 4187 406 4257 ιβ’.
450 4191 534 4255 Ὠς
565 4192 608 4246 δ’
639 4195 708 4249 ἂν
740 4195 837 4268 ἔχῃ
869 4198 1068 4266 θέσεως
1096 4205 1128 4275 ἡ
1192 4210 1535 4281 πυκνουμένη
1574 4216 1664 4268 καὶ
1710 4215 1811 4285 ψυ-

244 4283 446 4381 χρμένη
501 4287 882 4358 ἀναθυμίασις,
942 4296 1035 4346 καὶ
1088 4296 1175 4364 ἐφ’
1223 4299 1257 4352 ἃ
1303 4305 1654 4377 τετραμμένη
1702 4283 1808 4381 εἴη,

241 4370 415 4436 οὕτως
450 4380 595 4440 εἰκὸς
638 4382 730 4434 καὶ
761 4384 854 4436 ἐπὶ
887 4385 1056 4439 ταῦτα
1095 4388 1154 4440 τὸ
1193 4392 1250 4456 ἑξ
1287 4393 1455 4464 αὐτῆς
1492 4400 1813 4472 ἐκκρινόμε-

241 4481 335 4516 νον
365 4469 622 4539 φέρεσθαι
655 4473 786 4543 πῦρ.
827 4475 894 4529 Ἢ
939 4480 1045 4548 γὰρ
1075 4481 1154 4543 είς
1201 4484 1261 4535 τὸ
1289 4484 1400 4538 ἄνω
1429 4488 1672 4555 γίνεσθαι

239 4557 511 4626 ἔκκρισιν,
547 4563 612 4615 ἂν
642 4566 884 4619 κάτωθεν
936 4571 968 4639 η
1019 4571 1293 4638 πύκνωσις
1318 4592 1331 4606 ⁸
1361 4577 1392 4647 ἢ
1445 4580 1524 4643 είς
1557 4584 1805 4654 πλάγιον,

237 4646 308 4700 ἂν
337 4652 511 4704 ἐκεῖσε
542 4655 740 4725 συνέϐη
774 4659 806 4728 ἡ
843 4659 1119 4726 πύκνωσις·
1140 4679 1154 4694 ⁶
1188 4666 1219 4736 ἢ
1247 4646 1416 4734 κάτω,
1454 4671 1518 4724 ἂν
1547 4646 1806 4751 ἄνωθενῆ

236 4738 383 4811 ἀρχὴ
415 4741 510 4813 τῆς
540 4746 868 4813 πυκνώσεως
898 4751 1132 4824 ⁴πίνηται.

157 4843 266 4973 ἳξ

309 5023 397 5093 ιγ’.
431 5027 512 5081 Τά
539 5029 708 5083 πολλὰ
728 5033 910 5102 μέντοι
938 5037 1044 5090 τῶν
1065 5040 1141 5105 είς
1173 5043 1232 5095 τὸ
1260 5043 1408 5098 κάτω
1429 5047 1806 5120 ῥιπτουμένων

234 5117 314 5181 τίς
342 5119 404 5172 τὸ
445 5121 668 5190 πλάγιον
710 5127 952 5198 φέρεται,
988 5130 1077 5189 διὰ
1121 5133 1181 5186 τὸ
1226 5133 1319 5189 δύο
1363 5137 1481 5207 ἅμα
1533 5117 1804 5198 ποιεῖσθαι

231 5211 405 5264 ταῦτα
449 5216 651 5284 φορὰςο
685 5219 784 5288 τὴν
822 5220 922 5289 μὲν
967 5225 1053 5288 εἰς
1085 5226 1146 5277 τὸ
1193 5227 1304 5281 ἄνω
1334 5229 1426 5282 καὶ
1464 5231 1604 5286 κατὰ
1645 5236 1806 5303 φύσιν

232 5303 380 5371 (ἐπεὶ
410 5306 486 5374 τῷ
514 5307 646 5376 πυρὶ
693 5311 834 5362 κατὰ
867 5311 1028 5380 φύσιν
1055 5315 1114 5367 τὸ
1143 5318 1254 5370 ἄνω
1287 5321 1598 5394 φέρεσθαι),
1633 5328 1732 5398 τὴν
1757 5329 1805 5384 δ’

229 5395 310 5454 είς
344 5395 402 5446 τὸ
433 5397 581 5451 κάτω
620 5397 808 5469 βιαίως
863 5403 949 5457 διὰ
1004 5404 1100 5476 τὴν
1147 5407 1415 5488 ἔκθλιψιν.
1452 5416 1562 5468 Καὶ
1593 5395 1736 5472 ἐστιν
1767 5421 1799 5490 ἠ

225 5485 306 5546 είς
352 5484 412 5537 τὸ
459 5487 687 5556 πλάγιον
741 5495 883 5563 φορὰ
920 5495 981 5549 ἐκ
1007 5513 1066 5549 τε
1103 5484 1211 5567 τῆς.
1235 5504 1345 5555 ἄνω
1392 5507 1482 5557 καὶ
1521 5507 1620 5577 τῆς
1653 5484 1801 5564 κάτω

226 5579 422 5646 μικτή.
458 5579 626 5634 Τοῦτο
680 5585 736 5636 δὲ
792 5585 1020 5653 γίνεται,
1075 5590 1204 5646 ὅταν
1250 5594 1372 5664 μηδ’
1410 5597 1572 5668 ἑτέρα
1611 5601 1790 5673 πάντη

223 5671 522 5742 ἐπικρατῇ.

299 5868 341 5899 ⁸³
373 5871 394 5924 ι
431 5871 649 5929 Meteor.
683 5893 731 5932 c.
765 5877 818 5932 4.

357 5987 384 6005 ο

898 5882 1094 5937 "ibid.
1140 5897 1190 5939 c.
1228 5885 1275 5939 ι.
1335 5886 1553 5951 ,"ibid.
1600 5906 1648 5949 ε.
1692 5895 1742 5950 tl.

1946 2186 2151 2242 manet,
2181 2177 2274 2231 sed
2335 2176 2387 2230 id
2433 2175 2576 2246 quod
2610 2176 2869 2245 deinceps
2923 2186 3009 2231 est
3061 2192 3170 2230 non
3237 2177 3507 2230 accendit.

1946 2268 2190 2340 Utroque
2230 2269 2399 2338 igitur
2453 2267 2614 2323 modo
2665 2269 2836 2326 stella:
2889 2281 3212 2340 proruentes
3272 2270 3402 2324 fieriv
3431 2271 3532 2324 vi-‘

1942 2364 2162 2423 dentur.

2015 2461 2100 2516 lo.
2136 2461 2461 2530 Quanquam
2497 2463 2583 2518 hic
2607 2463 2750 2532 ignis
2799 2460 2895 2532 qui
2931 2459 3242 2515 excretione
3273 2471 3506 2527 genera-

1941 2565 2050 2619 tur,
2083 2569 2224 2622 δεῖρε
2259 2555 2312 2610 in
2363 2555 2675 2610 inferiorem
2737 2564 2942 2623 partem
2971 2553 3193 2608 eliditur
3223 2550 3291 2617 ",
3342 2550 3508 2619 inque

1940 2658 2140 2702 terram
2171 2659 2226 2703 et
2283 2662 2607 2712 mare.cum
2642 2657 2804 2703 noctu
2845 2657 2958 2702 tum
3008 2647 3270 2714 interdiu,
3312 2660 3506 2700 sereno

1937 2740 2078 2795 caelo
2121 2740 2387 2794 defertur.
2430 2739 2566 2794 Tum
2599 2752 2776 2796 autem
2814 2742 3068 2796 deorsum
3125 2742 3322 2805 fertur,
3377 2754 3504 2793 cum

1935 2845 1965 2886 a
2001 2833 2282 2900 superiore
2303 2842 2457 2903 parte
2495 2835 2853 2890 condensatio
2887 2843 2942 2888 et
2975 2833 3325 2901 refrigeratio
3355 2832 3504 2887 aeris

1934 2924 2174 2992 incepta,
2213 2926 2481 2995 quicquid
2509 2927 2561 2979 in
2601 2927 2717 2997 ipsa
2740 2927 2942 2982 caloris
2969 2926 3217 2980 relictum
3247 2923 3400 2996 151
3451 2933 3504 2976 ct

1932 3016 2205 3073 inclusum
2233 3029 2336 3083 est,
2363 3020 2416 3072 in
2451 3021 2759 3075 inferiorem
2793 3033 2994 3091 partem
3029 3019 3504 3089 propulerit.Qua-

1929 3119 2150 3181 promer
2173 3111 2219 3145 ⁸⁸
2245 3113 2410 3167 etiam
2449 3110 2678 3180 fulmen,
2705 3115 2807 3168 etsi
2842 3114 2984 3182 ignis
3008 3124 3110 3177 est,
3150 3115 3214 3166 ad
3239 3113 3499 3166 inferiora

1931 3214 2112 3258 tamen
2162 3213 2385 3274 propter
2455 3206 2746 3260 violentam
2803 3207 3213 3275 expressionem
3275 3206 3494 3268 fertur;

1897 3288 1902 3294 ’
1929 3297 2372 3366 quandoquidem
2399 3297 2508 3368 igni
2545 3288 2848 3354 secundum
2872 3311 3126 3354 naturam
3168 3310 3349 3356 motus
3371 3314 3497 3355 sur-

1847 3405 1897 3468 ς
1931 3403 2052 3444 sum
2079 3393 2357 3444 convenit.

2002 3480 2088 3533 ll.
2121 3479 2476 3552 Qurecunque
2508 3484 2676 3556 igitur
2711 3487 2767 3541 in
2821 3488 3105 3560 superiore
3157 3506 3387 3563 corpore
3437 3494 3490 3548 in

1927 3586 2035 3640 quo
2061 3581 2142 3626 est
2177 3568 2486 3643 succensio,
2513 3579 2914 3644 prosilientium
2942 3567 3239 3640 stellarum
3277 3599 3492 3658 spectra

1926 3663 2086 3726 fiunt,
2125 3682 2220 3736 per
2244 3667 2724 3727 inflammationem
2752 3675 2910 3742 fiunt,
2943 3687 3001 3732 ut
3025 3681 3283 3735 nimirum
3321 3685 3492 3738 exha-

1925 3755 2058 3810 latio
2094 3761 2442 3827 accendatur,
2476 3775 2529 3817 et
2564 3766 2629 3819 ad
2665 3767 2714 3822 id
2740 3770 2883 3838 quod
2919 3772 3176 3844 deinceps
3217 3777 3488 3846 sequitur,

1925 3859 1983 3902 ut
2013 3849 2220 3905 dictum
2251 3862 2355 3919 est,
2390 3855 2778 3915 distribuatur.
2801 3861 3082 3934 Quotquot
3111 3879 3292 3924 autem
3331 3872 3385 3926 in
3411 3874 3493 3928 in-

1923 3941 2124 3998 feriore
2161 3944 2318 4011 fiunt,
2356 3947 2448 4002 ulti
2474 3963 2566 4004 aer
2592 3961 2696 4018 est,
2730 3970 2828 4024 per
2887 3961 3256 4018 excretionem
3304 3968 3442 4023 liunt
3472 3986 3488 4022 :

1920 4035 2062 4104 quod
2106 4037 2307 4108 frigore
2325 4055 2713 4103 concrescente
2765 4050 2986 4108 humida
3026 4055 3368 4116 exhalatione
3409 4063 3490 4118 sic

1918 4140 1982 4181 ex
2007 4127 2117 4197 ipsa
2158 4131 2247 4185 fiat
2271 4137 2514 4190 cxcretio
2543 4137 2612 4195 ".

1990 4220 2272 4278 l2.Prout
2330 4243 2460 4284 vero
2509 4231 2614 4286 sita
2656 4233 2820 4289 fuerit
2886 4237 2972 4293 illa
3029 4244 3362 4302 densescens
3424 4265 3489 4306 ac

1917 4311 2114 4382 frigore
2150 4331 2515 4376 concrescens
2543 4323 2838 4393 exhalatio,
2878 4331 3014 4385 acin
3042 4351 3205 4404 quam
3248 4355 3306 4394 se
3363 4355 3488 4410 par-

1917 4412 2022 4458 tem
2055 4409 2420 4477 converterit;
2470 4414 2552 4469 sic
2605 4432 2825 4489 quoque
2876 4422 2930 4476 in
2986 4430 3230 4484 eamdem
3274 4409 3481 4502 partem

1914 4493 2089 4562 ignem
2137 4497 2292 4553 illum
2320 4503 2413 4571 qui
2449 4517 2516 4559 ex
2551 4505 2668 4576 ipsa
2700 4515 3036 4582 excernitur,
3091 4518 3217 4574 ferri
3249 4539 3481 4580 consen-

1914 4591 2132 4642 taneum
2175 4601 2275 4647 est.
2333 4595 2468 4651 Nam
2521 4601 2604 4655 vel
2657 4618 2874 4660 sursum
2931 4614 3299 4669 exrrelionem
3362 4617 3478 4673 fieri

1913 4695 2010 4749 par
2057 4693 2183 4749 est,
2240 4687 2285 4741 si
2347 4691 2707 4750 condensatio
2751 4697 2804 4751 in
2875 4700 3133 4761 inferiore
3177 4706 3298 4763 loco
3359 4710 3479 4767 fue-

1908 4771 2016 4837 rit;
2056 4773 2140 4827 νει
2191 4775 2246 4829 in
2293 4777 2596 4848 obliquum,
2645 4784 2690 4838 si
2734 4785 2860 4840 illuc
2909 4801 3145 4859 vergat;
3201 4797 3284 4850 vel
3320 4796 3480 4854 deor-

1908 4877 2066 4928 um,
2152 4865 2202 4920 al
2261 4880 2498 4938 superne
2569 4872 2664 4928 fiat
2745 4879 3190 4941 condensationis
3272 4889 3477 4958 princi-

1908 4960 2075 5024 pium.

1981 5047 2068 5102 l5.
2105 5049 2430 5124 Quanquam
2485 5058 2655 5116 multa
2697 5077 2888 5121 eorum
2921 5083 3044 5138 quae
3079 5074 3331 5128 deorsum
3394 5078 3478 5146 ja-

1908 5141 2151 5208 ciuntur,
2187 5145 2239 5200 in
2301 5156 2676 5210 transversum
2739 5156 3013 5229 feruntur,
3069 5167 3213 5234 quod
3271 5167 3475 5238 duplici

1902 5230 1991 5286 illa
2018 5242 2165 5289 motu
2193 5237 2495 5310 cieantur;
2542 5261 2650 5302 uno
2695 5264 2912 5306 sursum
2949 5263 3001 5309 et
3034 5258 3334 5316 secundum
3379 5279 3478 5316 na-

1905 5332 2080 5378 turam
2119 5326 2276 5400 152
2318 5330 2541 5404 (quippe
2598 5337 2708 5408 igni
2747 5355 2970 5396 sursum
3027 5349 3229 5402 moreri
3279 5365 3477 5406 secuno

1901 5417 2026 5470 dum
2067 5432 2317 5477 naturam
2381 5431 2683 5502 convenit),
2718 5433 2890 5500 altero
2929 5435 3184 5496 deorsum
3237 5458 3334 5514 per
3366 5446 3470 5500 ιὶιιι

1898 5507 2144 5566 clisionis
2177 5529 2343 5570 causa
2392 5518 2456 5574 “.
2510 5521 2715 5594 Estque
2772 5526 2862 5582 hic
2904 5530 3160 5602 obliquus
3207 5507 3387 5596 motus
3413 5554 3472 5598 et

1901 5615 1962 5654 ex
1997 5617 2062 5656 eo
2093 5605 2184 5672 qui
2221 5622 2440 5665 sursum
2489 5623 2556 5690 ⁶ει
2599 5631 2662 5671 ex
2697 5634 2764 5675 eo
2801 5623 2894 5692 qui
2951 5625 3205 5684 deorsum
3257 5631 3316 5684 lit
3366 5634 3472 5686 tui-

1899 5703 2039 5795 stus.
2068 5697 2222 5760 Quod
2253 5703 2474 5770 quidem
2511 5706 2588 5779 lit,
2621 5726 2745 5768 cum
2775 5724 2968 5773 neuter
2989 5734 3086 5791 per
3111 5725 3291 5779 omnia
3328 5738 3469 5795 pta-

1901 5787 2062 5840 valet.

1825 5899 1868 5932 (⁵
1897 5901 2030 5958 ibid.
2059 5922 2086 5960 c
2134 5909 2177 5962 ί.
