3832 6360
256 339 388 398 ῐ13Ἱ

1498 340 1778 403 ΕΡΙΤΟΜ
1797 341 1844 400 Ε
1875 337 2210 401 ΡΙΙῩΒΙΕᾹ.
2277 341 2280 344 ’

3341 339 3486 402 1138

319 447 387 514 γ’.
421 446 478 499 Εί
519 445 617 516 μὲν
643 446 749 517 γὰρ
780 450 955 519 πάντη
989 451 1148 520 όμοία
1175 453 1207 522 ἡ
1233 450 1417 524 ἔξαψις
1446 456 1529 524 εἴη
1561 455 1660 521 τῆς
1689 457 1819 508 ἀνα-

1994 458 2046 511 5.
2086 457 2141 511 Si
2170 455 2313 510 enim
2347 469 2441 525 per
2471 453 2653 509 omnia
2695 455 2892 509 similis
2923 453 3086 509 fuerit
3117 453 3484 508 exhalationis

252 541 556 607 φερομένης
589 539 1006 610 ἀναθυμιάσεως
1036 543 1132 596 καὶ
1169 540 1279 596 οἷον
1323 547 1692 617 σφαιροειδὴς,
1725 564 1820 598 κο-

255 630 430 699 μήτης
455 629 779 700 ὀνομάζεται
797 647 810 662 ⁶
837 634 884 686 εί
907 632 952 686 δ’
993 634 1297 707 ἐπιμήκης,
1333 639 1621 704 πωγωνίας
1651 657 1818 708 προσ-

253 719 592 790 αγορεύεται.

325 896 390 954 δ”.
427 900 538 954 Καὶ
567 901 732 972 ἄμφω
774 905 830 959 δὲ
884 907 1050 978 κοινῷ
1100 909 1242 978 λόγῳ
1280 911 1518 980 κομῆται
1549 913 1820 980 λέγονται.

257 989 509 1044 Συντελεί
532 991 577 1045 δ’
601 994 634 1064 ἡ
659 993 905 1048 κάτωθεν
930 998 1308 1071 ἀναφερομένη
1338 1003 1473 1070 πρὸς
1503 1003 1694 1074 ἔξαψιν
1731 1005 1823 1057 sG—

255 1098 453 1149 κρατος
490 1085 849 1155 ἀναθυμίασις
894 1092 1005 1153 τοῖς
1047 1094 1317 1163 κομήταις
1347 1094 1426 1158 είς
1458 1113 1518 1149 τε
1565 1097 1826 1168 διαμονὴν

257 1175 523 1244 χορηγίαν
546 1177 862 1250 παρέχουσα
889 1182 969 1249 τῷ
995 1187 1148 1256 πυρὶ,
1177 1189 1272 1240 καὶ⁵
1303 1190 1380 1249 είς
1403 1189 1500 1260 τὴν
1527 1190 1623 1259 τῆς
1649 1191 1826 1261 κόμης

257 1267 583 1331 φαντασίαν.
615 1270 687 1322 Ού
725 1274 833 1353 γὰρ
867 1277 1301 1346 περιωρισμένον
1342 1281 1436 1333 καὶ
1481 1283 1828 1351 ὲπιτετορευο

262 1358 422 1424 μένον
448 1361 564 1414 ἐστὶ
607 1363 667 1415 τὸ
723 1365 1030 1435 καιόμενον,
1063 1369 1178 1420 ἀλλ’
1207 1369 1478 1441 ὲκόρομάς
1509 1390 1661 1435 τινας
1702 1374 1827 1445 ἕχον

258 1451 350 1502 καὶ
407 1451 617 1524 ἐξοχὰς,
669 1454 737 1509 δι’
786 1455 853 1519 ἀς
901 1460 933 1527 ἡ
984 1463 1255 1528 φαντασία
1303 1465 1402 1535 τῆς
1452 1467 1628 1536 κόμης
1681 1469 1828 1537 γίνε-

256 1559 366 1595 ται.

330 1731 393 1781 ε’.
431 1726 598 1781 Ὅταν
632 1727 733 1799 μὲν
762 1728 855 1784 οὖν
883 1731 916 1802 ἡ
943 1733 1164 1802 τοιαύτη
1209 1735 1354 1805 ἀρχὴ
1393 1737 1490 1806 τῆς
1519 1738 1830 1803 συστάσεώς

261 1833 320 1870 τε
354 1817 446 1871 καὶ
481 1818 722 1890 ἐξάψεως
753 1823 812 1875 έιν
839 1822 915 1893 τῷ
948 1825 1244 1896 κατωτέρω
1274 1827 1496 1899 γένηται
1539 1830 1706 1901 τόπῳ,
1735 1832 1828 1884 καὶ

265 1909 341 1979 μὴ
393 1909 620 1982 πλησίον
676 1913 782 1966 τῶν
813 1913 1082 1985 ἀστέρων,
1138 1917 1262 1970 καθ’
1285 1918 1477 1972 ἑαυτὸν
1507 1922 1534 1972 ό
1581 1921 1829 1991 κομήτης

260 2001 529 2068 φαίνεται.
566 2003 733 2058 Ὅταν
761 2006 808 2060 δ’
837 2009 1005 2076 ἐγγὺς
1033 2007 1126 2061 τοῦ
1173 2009 1388 2081 αἰθέρος
1426 2011 1530 2065 ὗπό
1559 2030 1678 2066 τινα
1723 2014 1828 2067 τῶν

260 2095 504 2166 ἀστέρων
524 2095 558 2164 ἦ
580 2096 688 2151 τῶν
712 2097 1076 2170 πλανωμένων
1097 2102 1130 2172 ἢ
1151 2102 1257 2155 τῶν
1273 2105 1526 2158 ἀπλανῶν
1550 2106 1580 2175 ἡ
1605 2105 1828 2178 τοιαύτη

259 2186 628 2256 ἀναθυμίασις
682 2193 876 2260 συστῇ,
921 2191 1024 2245 ὑπὸ
1070 2193 1172 2263 τῆς
1217 2194 1311 2248 τοῦ
1357 2196 1584 2267 ἀστέρος
1619 2198 1828 2252 ἐκείνου

260 2278 534 2349 κινήσεως
563 2280 662 2351 τὴν
686 2281 862 2336 αἰτίαν
883 2281 981 2352 τῆς
1013 2285 1327 2350 συστάσεως
1347 2289 1441 2341 καὶ
1462 2290 1558 2357 τῆς
1589 2289 1831 2360 ἐξάψεως

259 2372 459 2443 ἔχουσα
491 2365 600 2446 [ς’]
635 2375 751 2448 (καὶ
779 2376 889 2447 γὰρ
933 2377 994 2430 ού
1029 2377 1187 2448 μόνον
1218 2381 1246 2432 ό
1284 2379 1456 2450 ἥλιος,
1489 2382 1624 2437 ἀλλά
1658 2383 1750 2437 καὶ
1781 2385 1830 2437 οι

261 2466 496 2536 ἀστέρες
539 2465 628 2521 διά
676 2467 778 2537 τῆς
818 2469 1088 2540 κινήσεως
1138 2470 1520 2543 θερμαίνοντες
1560 2475 1658 2546 τὴν
1701 2467 1828 2545 γῆν,

261 2558 658 2630 ἀναθυμιάσεις
685 2560 1000 2615 ἀνέλκουσιν
1019 2564 1076 2629 ἐξ
1107 2564 1278 2633 αὐτῆς
1306 2566 1399 2619 καὶ
1428 2567 1627 2636 μᾶλλον
1649 2570 1715 2623 ἐκ
1734 2568 1829 2624 τοῦ

261 2649 445 2722 ἀέρος)
469 2667 484 2683 ⁶
517 2651 638 2705 τότε
667 2652 735 2723 δὴ
761 2653 888 2706 τότε
917 2652 1024 2707 τῶν
1053 2655 1518 2727 προῦπαρχόντων
1550 2676 1636 2724 τις
1668 2661 1830 2716 ἀστέ-

265 2759 374 2812 ρων
403 2744 652 2815 κομήτης
683 2743 953 2814 φαίνεται.

333 2836 400 2901 ζ’.
430 2834 504 2891 Οὐ
547 2838 658 2908 γὰρ
705 2839 740 2909 ἠ
775 2841 1076 2911 φαινομένη
1109 2839 1254 2912 κόμη
1287 2843 1390 2896 τῶν
1419 2845 1662 2917 ἀστέρων
1696 2847 1831 2918 πρὸς

267 2929 450 2994 αὐτοῖς
489 2930 750 3002 ’ὑπάρχει
803 2935 913 2994 τοῖς
971 2935 1256 3003 ἀστράσιν,
1314 2936 1430 2988 ἀλλ’
1491 2936 1584 2989 ὑπ’
1635 2938 1833 3001 αὐτοὺς

266 3014 402 3074 οὖσα
429 3020 682 3075 φαίνεται
722 3021 859 3091 πρδς
899 3023 1102 3089 αὐτοῖς,
1127 3027 1222 3078 καὶ
1272 3028 1705 3096 συμπεριάγεται
1739 3031 1834 3082 αύ-

267 3111 400 3171 τοῖς.
1299 3113 1301 3116 ⁴

337 3207 407 3273 η’.
440 3202 610 3256 Ὅταν
632 3204 732 3272 μὲν
758 3192 855 3258 οὖν
879 3205 1134 3278 ἀνωτέρω
1166 3207 1261 3261 καὶ
1294 3208 1521 3279 πλησίον
1551 3211 1644 3264 τοῦ
1696 3211 1842 3265 αίθέο

272 3310 364 3362 ρος
408 3287 514 3347 ὗπό
540 3311 660 3349 τινα
683 3297 794 3351 τῶν
826 3296 1069 3366 ἀστέρων
1103 3301 1135 3369 ἡ
1183 3300 1327 3371 κόμη
1371 3301 1616 3372 γένηται,
1649 3303 1843 3372 ἐκείνῳ

271 3388 628 3453 συγκινεῖται,
677 3388 754 3451 ὡς
807 3388 1016 3441 ἐκείνου
1065 3393 1130 3460 τῇ
1183 3391 1405 3464 τοιαύτῃ
1456 3394 1713 3448 συστάσει
1744 3396 1842 3464 τὴν

272 3479 449 3532 αἰτίαν
506 3481 856 3552 παρέχοντος.
888 3481 1058 3536 Ὅταν
1111 3483 1166 3536 δὲ
1224 3486 1516 3556 κατωτέρω
1571 3488 1667 3539 καὶ
1719 3485 1844 3540 καθ’

273 3571 464 3626 ἑαυτὸν
493 3575 521 3626 ό
564 3575 810 3642 κομήτης
858 3578 1050 3646 συστῇ,
1097 3577 1282 3630 οὐκέτι
1314 3580 1420 3630 τινὶ
1461 3577 1570 3632 τῶν
1598 3578 1845 3649 ἀστέρων

276 3664 565 3734 ἰσοδρομεῑ,
605 3665 720 3718 ἀλλ’
753 3667 1119 3738 ὲφυστερίζων
1147 3669 1242 3721 καὶ
1273 3669 1698 3740 ὑπολειπόμενος
1722 3671 1848 3740 φαί-

277 3772 440 3808 νεται.
498 3755 732 3827 Τοιαύτη
793 3759 900 3827 γὰρ
962 3761 994 3830 ἡ
1064 3759 1280 3830 κίνησίς
1316 3778 1374 3813 τε
1417 3761 1511 3813 καὶ
1575 3766 1848 3832 περιφορά

281 3846 368 3900 τοῦ
409 3848 614 3918 κόσμου
683 3848 780 3903 τοῦ
815 3850 944 3920 περὶ
1003 3851 1126 3920 γῆν,
1182 3851 1280 3905 οὐκ
1321 3851 1683 3922 ίσοδρομοῠσα
1734 3855 1847 3914 τοῖς

278 3938 581 4009 οὐρανίοιςο
617 3941 734 3994 ἀλλ’
788 3942 898 3995 οὐδ’
947 3943 1166 4012 ὁμαλῶς
1198 3943 1383 4004 αὐτοῖς
1421 3944 1684 4014 ἑπομένη,
1737 3943 1848 3998 οὐδ’

280 4029 520 4099 ἀκριϐῶς
567 4033 870 4102 σφαιρική·
915 4033 1010 4086 ἆτε
1066 4033 1141 4104 μὴ
1197 4031 1338 4086 κατά
1386 4032 1548 4101 φύσιν
1585 4033 1727 4086 οὕτω
1785 4033 1850 4104 δὴ

282 4120 590 4188 σφαιρικῶς
642 4121 977 4190 κινουμένων
1023 4121 1135 4174 τῶν
1187 4122 1505 4191 περιγείων,
1546 4121 1661 4175 ιίιλλ⁹
1719 4121 1852 4175 ὑπο-

282 4211 597 4280 συρομένων
657 4211 832 4280 μόνων
891 4213 997 4265 ὑπὸ
1052 4211 1150 4283 τῆς
1205 4212 1316 4267 τῶν
1373 4211 1638 4284 οὐρανίων
1697 4212 1851 4282 κινή-

283 4323 442 4369 σεως.

1923 543 2044 618 quae
2103 547 2352 602 evehitur
2404 545 2778 610 inﬂammatio,
2833 560 2896 600 ac
2935 545 3102 599 veluti
3165 544 3304 613 globi
3363 561 3489 614 spe-

1925 641 2062 694 ciem
2097 652 2208 708 prte
2252 650 2310 690 se
2343 635 2501 698 ferat,
2541 644 2776 698 cometa,
2810 634 2860 689 id
2927 643 3030 698 est,
3073 636 3268 689 crinita
3335 634 3488 688 stella

1925 733 2178 797 dicitur;
2241 729 2322 784 sin
2390 735 2570 781 autem
2638 726 2892 794 oblonga,
2988 726 3214 782 barbata
3277 742 3492 781 nuncu-

1924 835 2106 894 patur.

1996 918 2051 972 4.
2083 913 2186 970 Sed
2221 912 2594 968 amhze’etiam
2635 909 2912 966 communi
2954 910 3221 966 vocabulo
3265 917 3494 966 cometae

1927 1011 2186 1065 diruntur
2213 1008 2279 1063 ".
2320 1007 2586 1062 Caeterum
2636 1003 2726 1058 illa
2756 1002 2893 1058 bene
2934 1011 3234 1073 temperata
3286 1002 3354 1056 ad
3409 1003 3495 1057 in-

1925 1099 2352 1155 ﬂammationem
2385 1095 2659 1152 exhalatio
2686 1110 2810 1164 quae
2856 1092 3066 1148 inferne
3117 1108 3334 1148 sursum
3387 1092 3495 1147 fer-

1930 1206 2040 1259 tur,
2072 1207 2195 1246 eum
2224 1191 2288 1244 ad
2320 1190 2665 1244 durationcm
2691 1187 2924 1243 cometis
2973 1184 3249 1248 conducit,
3287 1184 3494 1240 fomen-

1929 1297 2039 1340 tum
2070 1284 2180 1353 igni
2208 1282 2562 1351 suppeditans
2586 1321 2599 1347 ,
2653 1289 2766 1335 tum
2803 1279 2875 1334 ad
2903 1294 3076 1333 comae
3109 1278 3335 1348 liguram
3386 1275 3499 1331 eiii,

1930 1377 2178 1431 ciendam
2223 1376 2371 1451 utilis
2411 1382 2518 1430 est.
2579 1371 2766 1443 Neque
2813 1372 2965 1427 enim.
3013 1368 3369 1427 circumcirca
3403 1368 3501 1424 de-

1932 1470 2144 1524 finitum
2208 1476 2262 1522 et
2303 1470 2642 1522 detornatum
2685 1473 2769 1520 est
2835 1462 2890 1517 id
2944 1462 3088 1532 quod
3145 1462 3354 1532 ﬂagrat,
3405 1462 3499 1517 sed

1929 1575 2228 1632 procursus
2255 1559 2524 1628 quosdam
2576 1556 2740 1611 habet
2786 1564 2840 1609 et
2883 1554 3222 1609 eminentias
3283 1562 3502 1624 propter

1931 1667 2070 1722 quas
2099 1667 2267 1706 coma:
2294 1651 2464 1718 ﬁgura
2493 1649 2692 1704 oritur.

2004 1744 2060 1800 5.
2091 1742 2226 1798 Cum
2259 1743 2423 1812 igitur
2457 1742 2767 1798 istiusmodi
2799 1740 3165 1797 concretionis
3211 1749 3263 1794 et
3294 1737 3504 1793 inﬂam-

1937 1835 2196 1891 mationis
2253 1833 2583 1904 principium
2622 1836 2676 1889 in
2739 1833 3000 1889 inferiore
3065 1833 3184 1886 loco
3252 1831 3330 1896 lit,
3393 1844 3503 1886 non

1935 1943 2106 1998 prope
2135 1927 2344 1992 stellas,
2386 1941 2484 1996 per
2510 1941 2571 1982 se
2600 1934 2809 1981 cometa
2844 1923 3112 1982 cernitur.
3145 1923 3280 1978 Cum
3319 1929 3503 1975 autem

1937 2037 2106 2092 prope
2133 2020 2534 2086 wtberem,sub
2567 2020 2748 2088 aliqua
2781 2018 3064 2074 stellarum
3088 2023 3181 2070 aut
3202 2015 3504 2070 errantium

1936 2121 2032 2166 aut
2097 2111 2460 2167 inerrantium
2519 2111 2680 2182 (quas
2742 2111 2878 2165 lixas
2936 2107 3178 2178 vocant),
3237 2104 3508 2163 exhalatio

1937 2203 2210 2272 ejusmodi
2243 2203 2577 2267 constiterit,
2605 2202 2673 2257 ab
2707 2201 2854 2256 illius
2879 2199 3048 2256 stella:
3077 2207 3226 2254 motu
3280 2212 3506 2252 concre-

1938 2292 2102 2346 tionis
2140 2292 2298 2362 156
2322 2301 2374 2346 et
2408 2290 2856 2346 inﬂammationis
2885 2304 2998 2344 suae
3027 2302 3248 2343 causam
3267 2287 3503 2354 habens,

1939 2379 2044 2454 ([6]
2079 2396 2185 2436 non
2216 2383 2360 2436 enim
2381 2381 2464 2436 sol
2503 2382 2786 2443 duntaxat,
2816 2380 2910 2434 sed
2947 2377 3172 2434 etstella
3206 2385 3351 2430 motu
3396 2386 3508 2431 ter-

1938 2486 2056 2527 ram
2089 2470 2498 2534 calefacientes,
2530 2454 2910 2526 exhalationes
2967 2483 3032 2522 ex
3062 2482 3125 2523 ea
3157 2466 3241 2522 vel
3273 2481 3339 2521 ex
3382 2481 3508 2521 aere

1935 2564 2121 2636 potius
2154 2562 2488 2633 attrahunt),
2520 2572 2654 2618 tunc
2683 2575 2835 2626 sane,
2871 2567 3016 2624 tunc,
3043 2558 3286 2629 inquam,
3315 2571 3502 2612 earum

1939 2656 2225 2714 stellarum
2261 2671 2381 2726 quae
2405 2655 2518 2726 jam
2548 2662 2674 2711 ante
2695 2661 2899 2726 praesto
2923 2657 3069 2717 sunt,
3097 2650 3279 2720 aliqua
3311 2649 3511 2705 crinita

1937 2759 2193 2820 apparet.

2009 2843 2061 2896 7.
2107 2842 2296 2912 Neque
2323 2840 2469 2896 enim
2507 2839 2679 2896 crinis
2736 2839 2826 2895 ille
2875 2839 3159 2895 stellarum
3215 2839 3308 2909 qui
3346 2852 3512 2908 appa-

1939 2944 2043 3003 ret,
2073 2935 2207 3005 ipsis
2236 2935 2381 2990 inest
2411 2934 2622 2998 stellis;
2663 2932 2756 2988 sed
2784 2946 2910 2986 eum
2944 2931 3083 2986 intra
3129 2932 3277 2999 ipsas
3319 2929 3412 2995 sit,
3443 2929 3511 2984 ad

1940 3027 2089 3096 ipsas
2112 3031 2294 3083 tamen
2329 3034 2554 3096 apparet
2605 3031 2660 3079 et
2709 3039 2833 3080 cum
2884 3023 3020 3094 ipsis
3073 3023 3126 3077 in
3167 3023 3353 3079 orbem
3389 3037 3515 3078 ver-

1857 3139 1901 3199 α
1941 3130 2113 3177 satur.

2014 3212 2068 3266 8.
2127 3213 2258 3267 Cum
2295 3214 2459 3283 igitur
2507 3211 2760 3281 superius
2795 3223 2849 3266 et
2893 3225 3062 3280 prope
3105 3195 3367 3264 aetherem
3413 3206 3518 3263 sub

1945 3303 2130 3374 aliqua
2161 3305 2440 3359 stellarum
2481 3319 2638 3358 coma
2678 3317 2772 3358 seu
2824 3301 2996 3357 crinis
3029 3298 3325 3361 exstiterit,
3353 3297 3518 3352 simul

1945 3404 2194 3450 movetur
2223 3409 2346 3449 eum
2412 3394 2526 3461 illa,
2594 3396 2710 3463 ipsa
2761 3392 3075 3464 hujusmodi
3141 3390 3518 3448 constitutioni

1946 3501 2167 3541 causam
2203 3489 2500 3554 praebente.
2529 3484 2668 3538 Cum
2703 3493 2885 3537 autem
2929 3481 3162 3536 inferius
3212 3489 3266 3535 et
3319 3493 3412 3549 per
3461 3493 3520 3532 se

1947 3586 2166 3632 cometa
2191 3575 2506 3632 constiterit
2538 3576 2606 3640 ⁸⁷,
2635 3590 2746 3630 non
2777 3574 3012 3642 amplius
3043 3573 3156 3643 pari
3186 3587 3310 3627 cum
3336 3571 3521 3640 aliqua

1949 3669 2230 3724 stellarum
2265 3683 2429 3724 cursu
2461 3655 2654 3732 fertur,
2696 3666 2792 3721 sed
2862 3653 3072 3720 tardius
3107 3664 3371 3734 subsequi
3405 3671 3462 3718 et
3490 3679 3522 3717 a

1951 3769 2104 3831 tergo
2139 3759 2374 3828 relinqui
2411 3757 2648 3812 videtur.
2685 3755 2835 3811 Talis
2877 3756 3022 3810 enim
3054 3765 3136 3810 est
3159 3753 3344 3809 mundi
3375 3750 3520 3809 circa

1950 3861 2154 3906 terram
2187 3857 2368 3905 motus
2397 3858 2454 3904 et
2480 3852 2798 3915 conversio,
2831 3859 2891 3903 ut
2922 3847 3182 3918 qualem
3210 3846 3524 3902 ctelestibus

1950 3941 2328 4016 [corporibus]
2384 3950 2593 3996 motum
2623 3958 2730 3995 non
2765 3942 3046 4019 observet,
3091 3941 3186 3996 sed
3219 3955 3317 3994 nec
3340 3954 3524 4008 aequae

1952 4038 2134 4094 biliter
2163 4049 2224 4089 ea
2255 4035 2565 4098 comitetur,
2598 4048 2695 4088 nec
2727 4034 2955 4102 splttcrte
2985 4032 3220 4102 speciem
3255 4031 3524 4102 exquisite

1952 4128 2238 4192 imitetur;
2268 4127 2468 4196 quippe
2497 4141 2620 4180 cum
2647 4139 2882 4193 corpora
2920 4133 3076 4178 terra:
3109 4124 3353 4192 proxima
3416 4139 3521 4175 non

1955 4219 2030 4274 ita
2070 4220 2371 4274 secundum
2409 4224 2665 4271 naturam
2693 4216 2746 4269 in
2805 4214 2995 4268 orbem
3038 4223 3380 4276 moveantur,
3430 4212 3522 4264 sed

1958 4319 2168 4365 tantum
2203 4325 2232 4364 a
2264 4309 2572 4365 caelestium
2610 4303 2952 4379 [corporum]
2985 4314 3131 4360 motu
3181 4305 3335 4373 juxta
3401 4317 3526 4369 pro-

1896 4420 1898 4422 '
1958 4405 2266 4459 trahantur.

353 4484 417 4538 θ’.
454 4487 516 4538 El.
549 4484 604 4537 δὲ
635 4485 727 4537 καλ⁴
785 4485 835 4538 oi
889 4483 1155 4555 πλάνητες
1211 4485 1401 4554 βιαίως
1437 4459 1714 4540 κινοῦνται

2039 4493 2095 4548 9.
2118 4491 2439 4564 Quanquam
2477 4509 2605 4546 vero
2655 4493 2815 4546 etiam
2855 4490 3010 4560 157
3067 4489 3311 4543 erratica:
3355 4488 3530 4542 stella:

287 4576 378 4629 ἀπ’
426 4577 702 4630 ἀνατολῶν
759 4577 842 4640 είς
899 4577 1132 4647 δυσμάς,
1184 4577 1319 4630 ἀλλὰ
1368 4576 1504 4640 τέως
1557 4579 1590 4648 ἠ
1643 4578 1856 4648 κίνησις

287 4667 467 4720 αότῶν
508 4667 774 4737 σφαιρικὴ
796 4683 810 4697 ·
848 4665 955 4720 τῶν
987 4666 1046 4719 δὲ
1076 4664 1368 4737 περιγείων
1397 4668 1458 4718 οὑ
1500 4667 1746 4739 τοιαύτη.

357 4873 410 4922 ι’.
442 4867 564 4919 Ὅτι
598 4864 652 4918 δὲ
698 4862 945 4933 πυρώδης
990 4862 1025 4932 ἡ
1053 4861 1161 4915 τῶν
1201 4863 1456 4932 κομητῶν
1498 4865 1615 4917 ἐστι
1647 4864 1852 4919 σύστα-

291 4976 396 5022 σις,
429 4956 491 5008 τὸ
530 4955 818 5024 σημαίνειν
851 4952 1093 5024 αυχμούς
1120 4969 1180 5004 τε
1211 4953 1305 5005 καὶ
1335 4953 1622 5023 πνεύματα
1644 4956 1863 5021 πλείους

288 5049 486 5108 αὐτοὺς
523 5046 842 5117 γινομένους
885 5045 1200 5116 τεκμήριον.
1237 5045 1405 5098 Ὅταν
1461 5047 1634 5114 γάρή
1686 5048 1868 5118 θερμὴ

289 5142 382 5192 καὶ
429 5139 685 5211 πυρώδης
714 5139 1076 5208 ἀναθυμίασις
1107 5139 1397 5210 πλεονάζῃ,
1437 5131 1583 5191 οὗτοί
1618 5155 1676 5190 τε
1720 5139 1867 5190 συνί-

294 5249 537 5297 στανται,
575 5233 668 5284 καὶ
693 5231 799 5283 ὑπὸ
825 5230 922 5300 τῆς
958 5229 1212 5299 τοιαύτης
1241 5227 1658 5297 ἀναθυμιάσεως
1693 5231 1721 5280 ὁ
1762 5229 1867 5296 ἀὴρ

295 5324 586 5394 ξηρότερος
625 5322 828 5389 γίνεται
852 5337 867 5351 ⁸
897 5322 994 5374 καὶ
1027 5321 1362 5389 διακρίνεται
1390 5321 1484 5373 κα)⁵
1505 5319 1780 5373 διαλύεται
1807 5319 1866 5370 τὸ

294 5416 578 5482 ἐξατμίζον
607 5415 714 5469 ἀπὸ
746 5414 840 5466 τοῦ
875 5416 1001 5482 περὶ
1051 5415 1150 5481 τὴν
1205 5414 1306 5481 γῆν
1333 5399 1503 5464 ’τόπου
1539 5414 1632 5465 καὶ
1663 5415 1863 5481 ἀναφε-

299 5508 525 5577 ρόμενον
574 5505 761 5574 ὑγρὸν,
793 5504 930 5557 ῶστε
984 5505 1059 5574 μὴ
1118 5505 1465 5558 συνίστασθαι
1523 5504 1718 5575 ῥαδίως
1771 5507 1865 5559 καὶ

302 5596 655 5666 μεταϐάλλειν
687 5596 765 5659 εἰς
795 5594 956 5664 ὕδωρ.

379 5774 420 5802 ⁵⁸
470 5775 487 5827 l
529 5771 747 5826 hlcteor.
783 5787 830 5826 c.
859 5771 909 5826 7.
989 5774 1029 5802 ⁸⁷
1073 5771 1208 5825 tbid.
1288 5771 1332 5802 "‘
1367 5769 1502 5824 Ibid.

1963 4587 2231 4643 violenter
2264 4587 2329 4640 ab
2368 4594 2491 4642 ortu
2525 4585 2578 4638 in
2613 4599 2866 4638 occasum
2900 4589 3208 4644 moventur,
3241 4590 3420 4635 motus
3447 4586 3531 4630 ta~

1965 4695 2090 4734 men
2117 4693 2305 4734 earum
2334 4680 2386 4732 in
2419 4677 2608 4732 orbem
2671 4690 2778 4740 εει,
2848 4689 2970 4728 cum
3024 4688 3318 4743 corporum
3371 4678 3532 4724 terra:

1965 4771 2272 4824 vicinorum
2307 4778 2490 4823 motus
2526 4783 2634 4823 non
2676 4766 2746 4820 sit
2779 4764 3073 4832 ejusmodi.
3507 4783 3510 4786 ί

2042 4861 2130 4916 10.
2163 4862 2329 4916 Porro
2353 4875 2482 4916 vero
2530 4867 2868 4914 cometarum
2914 4852 3363 4909 constitutionem
3412 4865 3534 4906 esse

1965 4956 2190 5024 igneam.
2214 4953 2267 5007 id
2325 4951 2633 5008 estindicio
2666 4987 2682 5014 ,
2724 4948 2870 5018 quod
2904 4946 2950 5001 si
2989 4945 3171 5014 plhres
3226 4943 3432 4998 fuerint
3464 4943 3531 5006 ⁸⁸,

1967 5058 2022 5102 et
2051 5055 2221 5100 aestus
2254 5053 2307 5099 et
2335 5051 2529 5098 ventos
2562 5043 2867 5113 designent.
2894 5039 3028 5094 Cum
3069 5037 3214 5091 enim
3261 5034 3435 5089 calida
3481 5042 3535 5087 et

1970 5140 2125 5208 ignea
2156 5126 2430 5192 exhalatio
2466 5133 2729 5196 abundat,
2788 5125 2982 5201 partim
3043 5129 3144 5198 ipsi
3201 5127 3534 5189 conﬂantur,

1971 5231 2170 5299 partim
2202 5228 2268 5282 ab
2291 5225 2627 5296 ejuseemodi
2665 5224 3013 5278 exhalatione
3043 5220 3247 5277 siccior
3280 5234 3378 5273 aer
3420 5215 3534 5271 elli-

1975 5325 2140 5383 citur,
2176 5321 2481 5388 humorque
2510 5318 2598 5373 ille
2627 5317 2719 5388 qui
2747 5331 2810 5371 ex
2851 5318 2969 5370 loco
2999 5324 3158 5370 terra:
3188 5312 3368 5366 vicino
3404 5325 3533 5364 eva-
3598 5300 3606 5324 ⁷

1977 5421 2137 5481 porat
2171 5409 2588 5477 etsubvebitur,
2637 5408 2939 5478 dissipatur
2968 5415 3021 5461 et
3079 5403 3424 5466 dissolvitur,
3477 5410 3538 5453 ut

1977 5506 2117 5561 haud
2160 5504 2232 5559 ita
2281 5501 2442 5558 facile
2493 5509 2807 5559 concrescat
2852 5499 2993 5555 etin
3045 5511 3241 5568 aquam
3290 5506 3537 5548 commu-

1977 5608 2136 5652 tctur.
